  <div class='ocr_page' id='page_1' title='image "/cluster/home/n/w/nwhite01/storage/ocr_20150623/94/hvd.32044052838174/811.png"; bbox 0 0 3904 6358; ppageno 0'>
   <div class='ocr_carea' id='block_1_1' title="bbox 467 349 604 422">
    <p class='ocr_par' dir='ltr' id='par_1_1' title="bbox 467 349 604 422">
     <span class='ocr_line' id='line_1_1' title="bbox 467 349 604 422; baseline 0.022 -4"><span class='ocrx_word' id='word_1_1' title='bbox 467 349 604 422; x_wconf 71' lang='lat'><strong>1323</strong></span> 
     </span>
    </p>
   </div>
   <div class='ocr_carea' id='block_1_2' title="bbox 1662 344 2546 411">
    <p class='ocr_par' dir='ltr' id='par_1_2' title="bbox 1662 344 2546 411">
     <span class='ocr_line' id='line_1_2' title="bbox 1662 344 2546 411; baseline -0.007 -1"><span class='ocrx_word' id='word_1_2' title='bbox 1662 351 1722 411; x_wconf 90' lang='lat' dir='ltr'><strong>S.</strong></span> <span class='ocrx_word' id='word_1_3' title='bbox 1762 345 2080 411; x_wconf 79' lang='lat' dir='ltr'><strong>JOANNIS</strong></span> <span class='ocrx_word' id='word_1_4' title='bbox 2117 344 2546 407; x_wconf 83' lang='lat' dir='ltr'><strong>DAMASCENI</strong></span> 
     </span>
    </p>
   </div>
   <div class='ocr_carea' id='block_1_3' title="bbox 3585 353 3752 417">
    <p class='ocr_par' dir='ltr' id='par_1_3' title="bbox 3585 353 3752 417">
     <span class='ocr_line' id='line_1_3' title="bbox 3585 353 3752 417; baseline -0.006 0"><span class='ocrx_word' id='word_1_5' title='bbox 3585 353 3752 417; x_wconf 66' lang='lat'><strong>1324</strong></span> 
     </span>
    </p>
   </div>
   <div class='ocr_carea' id='block_1_4' title="bbox 461 454 2035 540">
    <p class='ocr_par' dir='ltr' id='par_1_4' title="bbox 461 458 2029 540">
     <span class='ocr_line' id='line_1_4' title="bbox 461 458 2029 540; baseline -0.01 -15"><span class='ocrx_word' id='word_1_6' title='bbox 461 469 698 540; x_wconf 89' lang='lat' dir='ltr'><strong>imagine</strong></span> <span class='ocrx_word' id='word_1_7' title='bbox 721 465 1050 537; x_wconf 76' lang='lat' dir='ltr'><strong>eﬂingatur?</strong></span> <span class='ocrx_word' id='word_1_8' title='bbox 1082 483 1100 515; x_wconf 82' lang='grc' dir='ltr'><strong>ι</strong></span> <span class='ocrx_word' id='word_1_9' title='bbox 1139 462 1307 518; x_wconf 89' lang='lat' dir='ltr'><strong>Deum</strong></span> <span class='ocrx_word' id='word_1_10' title='bbox 1341 467 1524 516; x_wconf 90' lang='lat' dir='ltr'><strong>autem</strong></span> <span class='ocrx_word' id='word_1_11' title='bbox 1558 475 1722 515; x_wconf 88' lang='lat' dir='ltr'><strong>nemo</strong></span> <span class='ocrx_word' id='word_1_12' title='bbox 1761 458 1893 513; x_wconf 87' lang='lat' dir='ltr'><strong>vidit</strong></span> <span class='ocrx_word' id='word_1_13' title='bbox 1923 473 2029 513; x_wconf 88' lang='lat' dir='ltr'><strong>un-</strong></span> 
     </span>
    </p>
   </div>
   <div class='ocr_carea' id='block_1_5' title="bbox 2140 454 3745 540">
    <p class='ocr_par' dir='ltr' id='par_1_5' title="bbox 2140 454 3745 530">
     <span class='ocr_line' id='line_1_5' title="bbox 2140 454 3745 530; baseline 0.002 -22"><span class='ocrx_word' id='word_1_14' title='bbox 2140 473 2259 519; x_wconf 83' lang='grc' dir='ltr'><strong>ποις</strong></span> <span class='ocrx_word' id='word_1_15' title='bbox 2293 455 2386 509; x_wconf 82' lang='grc' dir='ltr'><strong>τοῦ</strong></span> <span class='ocrx_word' id='word_1_16' title='bbox 2416 454 2652 524; x_wconf 83' lang='grc' dir='ltr'><strong>Πατρδς,</strong></span> <span class='ocrx_word' id='word_1_17' title='bbox 2681 454 2847 517; x_wconf 73' lang='grc' dir='ltr'><strong>αὐτὸς</strong></span> <span class='ocrx_word' id='word_1_18' title='bbox 2875 454 3212 524; x_wconf 74' lang='grc' dir='ltr'><strong>ἐξηγήσατο·</strong></span> <span class='ocrx_word' id='word_1_19' title='bbox 3244 475 3264 510; x_wconf 76' lang='grc' dir='ltr'><strong>ι</strong></span> <span class='ocrx_word' id='word_1_20' title='bbox 3298 461 3418 514; x_wconf 85' lang='grc' dir='ltr'><strong>καί·</strong></span> <span class='ocrx_word' id='word_1_21' title='bbox 3460 481 3481 515; x_wconf 74' lang='grc' dir='ltr'><strong>ε</strong></span> <span class='ocrx_word' id='word_1_22' title='bbox 3520 466 3745 530; x_wconf 73' lang='grc' dir='ltr'><strong>Οὐδεὶς</strong></span> 
     </span>
    </p>
   </div>
   <div class='ocr_carea' id='block_1_6' title="bbox 365 548 2031 632">
    <p class='ocr_par' dir='ltr' id='par_1_6' title="bbox 365 548 2031 632">
     <span class='ocr_line' id='line_1_6' title="bbox 365 548 2031 632; baseline -0.009 -15"><span class='ocrx_word' id='word_1_23' title='bbox 365 591 378 607; x_wconf 83' lang='lat'><strong><em>-</em></strong></span> <span class='ocrx_word' id='word_1_24' title='bbox 460 577 623 632; x_wconf 89' lang='lat' dir='ltr'><strong>quam</strong></span> <span class='ocrx_word' id='word_1_25' title='bbox 653 578 668 614; x_wconf 92' lang='lat'><strong>:</strong></span> <span class='ocrx_word' id='word_1_26' title='bbox 697 558 1015 629; x_wconf 89' lang='lat' dir='ltr'><strong>unigenitus</strong></span> <span class='ocrx_word' id='word_1_27' title='bbox 1045 555 1242 619; x_wconf 87' lang='lat' dir='ltr'><strong>Filius,</strong></span> <span class='ocrx_word' id='word_1_28' title='bbox 1286 554 1381 624; x_wconf 89' lang='lat' dir='ltr'><strong>qui</strong></span> <span class='ocrx_word' id='word_1_29' title='bbox 1436 561 1522 608; x_wconf 90' lang='lat' dir='ltr'><strong>est</strong></span> <span class='ocrx_word' id='word_1_30' title='bbox 1569 552 1622 606; x_wconf 89' lang='lat' dir='ltr'><strong>in</strong></span> <span class='ocrx_word' id='word_1_31' title='bbox 1664 551 1790 606; x_wconf 91' lang='lat' dir='ltr'><strong>sinu</strong></span> <span class='ocrx_word' id='word_1_32' title='bbox 1827 548 2031 612; x_wconf 86' lang='lat' dir='ltr'><strong>Patris,</strong></span> 
     </span>
    </p>
   </div>
   <div class='ocr_carea' id='block_1_7' title="bbox 459 636 2034 718">
    <p class='ocr_par' dir='ltr' id='par_1_7' title="bbox 459 636 2034 718">
     <span class='ocr_line' id='line_1_7' title="bbox 459 636 2034 718; baseline -0.008 -17"><span class='ocrx_word' id='word_1_33' title='bbox 459 649 579 718; x_wconf 90' lang='lat' dir='ltr'><strong>ipse</strong></span> <span class='ocrx_word' id='word_1_34' title='bbox 619 645 899 703; x_wconf 85' lang='lat' dir='ltr'><strong>enarravit</strong></span> <span class='ocrx_word' id='word_1_35' title='bbox 932 647 974 678; x_wconf 75' lang='grc' dir='ltr'><strong><em>η</em></strong></span> <span class='ocrx_word' id='word_1_36' title='bbox 1002 662 1016 712; x_wconf 91' lang='grc'><strong>;</strong></span> <span class='ocrx_word' id='word_1_37' title='bbox 1047 662 1066 696; x_wconf 75' lang='grc' dir='ltr'><strong>ι</strong></span> <span class='ocrx_word' id='word_1_38' title='bbox 1120 644 1303 712; x_wconf 89' lang='lat' dir='ltr'><strong>aitque</strong></span> <span class='ocrx_word' id='word_1_39' title='bbox 1335 640 1520 696; x_wconf 85' lang='lat' dir='ltr'><strong>Deus:</strong></span> <span class='ocrx_word' id='word_1_40' title='bbox 1559 658 1578 692; x_wconf 86' lang='grc' dir='ltr'><strong>ι</strong></span> <span class='ocrx_word' id='word_1_41' title='bbox 1617 638 1789 694; x_wconf 86' lang='lat' dir='ltr'><strong>Nemo</strong></span> <span class='ocrx_word' id='word_1_42' title='bbox 1825 636 2034 693; x_wconf 80' lang='lat' dir='ltr'><strong>videbit</strong></span> 
     </span>
    </p>
   </div>
   <div class='ocr_carea' id='block_1_8' title="bbox 461 734 1291 802">
    <p class='ocr_par' dir='ltr' id='par_1_8' title="bbox 461 734 1291 802">
     <span class='ocr_line' id='line_1_8' title="bbox 461 734 1291 802; baseline -0.011 -9"><span class='ocrx_word' id='word_1_43' title='bbox 461 739 657 794; x_wconf 78' lang='lat' dir='ltr'><strong>faciem</strong></span> <span class='ocrx_word' id='word_1_44' title='bbox 685 751 886 802; x_wconf 88' lang='lat' dir='ltr'><strong>meam,</strong></span> <span class='ocrx_word' id='word_1_45' title='bbox 912 744 965 791; x_wconf 90' lang='lat' dir='ltr'><strong>et</strong></span> <span class='ocrx_word' id='word_1_46' title='bbox 990 735 1137 790; x_wconf 86' lang='lat' dir='ltr'><strong>vivet</strong></span> <span class='ocrx_word' id='word_1_47' title='bbox 1164 734 1232 787; x_wconf 75' lang='grc' dir='ltr'><strong>ὀ.</strong></span> <span class='ocrx_word' id='word_1_48' title='bbox 1273 753 1291 784; x_wconf 74' lang='grc' dir='ltr'><strong>ι</strong></span> 
     </span>
    </p>
   </div>
   <div class='ocr_carea' id='block_1_9' title="bbox 530 841 2034 919">
    <p class='ocr_par' dir='ltr' id='par_1_9' title="bbox 530 841 2034 919">
     <span class='ocr_line' id='line_1_9' title="bbox 530 841 2034 919; baseline -0.011 -10"><span class='ocrx_word' id='word_1_49' title='bbox 530 855 583 910; x_wconf 81' lang='lat'><strong>5.</strong></span> <span class='ocrx_word' id='word_1_50' title='bbox 620 853 773 919; x_wconf 86' lang='lat' dir='ltr'><strong>Quod</strong></span> <span class='ocrx_word' id='word_1_51' title='bbox 806 860 989 908; x_wconf 91' lang='lat' dir='ltr'><strong>autem</strong></span> <span class='ocrx_word' id='word_1_52' title='bbox 1026 849 1329 906; x_wconf 85' lang='lat' dir='ltr'><strong>simulacra</strong></span> <span class='ocrx_word' id='word_1_53' title='bbox 1370 855 1632 916; x_wconf 89' lang='lat' dir='ltr'><strong>tanquam</strong></span> <span class='ocrx_word' id='word_1_54' title='bbox 1664 844 1797 900; x_wconf 87' lang='lat' dir='ltr'><strong>deos</strong></span> <span class='ocrx_word' id='word_1_55' title='bbox 1836 841 2034 896; x_wconf 87' lang='lat' dir='ltr'><strong>adora-</strong></span> 
     </span>
    </p>
   </div>
   <div class='ocr_carea' id='block_1_10' title="bbox 468 919 2033 1014">
    <p class='ocr_par' dir='ltr' id='par_1_10' title="bbox 468 919 2033 1014">
     <span class='ocr_line' id='line_1_10' title="bbox 468 919 2033 1014; baseline -0.009 -16"><span class='ocrx_word' id='word_1_56' title='bbox 468 945 676 1011; x_wconf 88' lang='lat' dir='ltr'><strong>verint,</strong></span> <span class='ocrx_word' id='word_1_57' title='bbox 715 943 842 1000; x_wconf 88' lang='lat' dir='ltr'><strong>audi</strong></span> <span class='ocrx_word' id='word_1_58' title='bbox 904 941 1038 1014; x_wconf 90' lang='lat' dir='ltr'><strong>quid</strong></span> <span class='ocrx_word' id='word_1_59' title='bbox 1087 949 1274 996; x_wconf 88' lang='lat' dir='ltr'><strong>narret</strong></span> <span class='ocrx_word' id='word_1_60' title='bbox 1320 919 1612 1008; x_wconf 75' lang='lat' dir='ltr'><strong>Scriptura</strong></span> <span class='ocrx_word' id='word_1_61' title='bbox 1645 935 1699 990; x_wconf 91' lang='lat' dir='ltr'><strong>in</strong></span> <span class='ocrx_word' id='word_1_62' title='bbox 1737 931 1927 988; x_wconf 78' lang='lat' dir='ltr'><strong>Exodo</strong></span> <span class='ocrx_word' id='word_1_63' title='bbox 1958 930 2033 1001; x_wconf 89' lang='lat' dir='ltr'><strong>(id</strong></span> 
     </span>
    </p>
   </div>
   <div class='ocr_carea' id='block_1_11' title="bbox 455 1023 2032 1104">
    <p class='ocr_par' dir='ltr' id='par_1_11' title="bbox 455 1023 2032 1104">
     <span class='ocr_line' id='line_1_11' title="bbox 455 1023 2032 1104; baseline -0.009 -13"><span class='ocrx_word' id='word_1_64' title='bbox 455 1045 544 1092; x_wconf 88' lang='lat' dir='ltr'><strong>est</strong></span> <span class='ocrx_word' id='word_1_65' title='bbox 587 1036 640 1088; x_wconf 89' lang='lat' dir='ltr'><strong>in</strong></span> <span class='ocrx_word' id='word_1_66' title='bbox 685 1033 880 1104; x_wconf 82' lang='lat' dir='ltr'><strong>exitu)</strong></span> <span class='ocrx_word' id='word_1_67' title='bbox 919 1031 1155 1087; x_wconf 81' lang='lat' dir='ltr'><strong>ﬁliorum</strong></span> <span class='ocrx_word' id='word_1_68' title='bbox 1199 1028 1389 1092; x_wconf 89' lang='lat' dir='ltr'><strong>Israel,</strong></span> <span class='ocrx_word' id='word_1_69' title='bbox 1433 1025 1655 1099; x_wconf 87' lang='lat' dir='ltr'><strong>quando</strong></span> <span class='ocrx_word' id='word_1_70' title='bbox 1709 1023 1928 1096; x_wconf 82' lang='lat' dir='ltr'><strong>Moyses</strong></span> <span class='ocrx_word' id='word_1_71' title='bbox 1979 1023 2032 1077; x_wconf 91' lang='lat' dir='ltr'><strong>in</strong></span> 
     </span>
    </p>
   </div>
   <div class='ocr_carea' id='block_1_12' title="bbox 461 1112 2034 1188">
    <p class='ocr_par' dir='ltr' id='par_1_12' title="bbox 461 1112 2034 1188">
     <span class='ocr_line' id='line_1_12' title="bbox 461 1112 2034 1188; baseline -0.008 -8"><span class='ocrx_word' id='word_1_72' title='bbox 461 1133 704 1180; x_wconf 87' lang='lat' dir='ltr'><strong>montem</strong></span> <span class='ocrx_word' id='word_1_73' title='bbox 739 1123 896 1178; x_wconf 86' lang='lat' dir='ltr'><strong>Sinai</strong></span> <span class='ocrx_word' id='word_1_74' title='bbox 921 1120 1266 1184; x_wconf 88' lang='lat' dir='ltr'><strong>conscendit,</strong></span> <span class='ocrx_word' id='word_1_75' title='bbox 1297 1119 1484 1188; x_wconf 90' lang='lat' dir='ltr'><strong>ibique</strong></span> <span class='ocrx_word' id='word_1_76' title='bbox 1509 1130 1634 1171; x_wconf 88' lang='lat' dir='ltr'><strong>cum</strong></span> <span class='ocrx_word' id='word_1_77' title='bbox 1673 1113 1786 1169; x_wconf 92' lang='lat' dir='ltr'><strong>Deo</strong></span> <span class='ocrx_word' id='word_1_78' title='bbox 1813 1112 2034 1178; x_wconf 88' lang='lat' dir='ltr'><strong>sedens,</strong></span> 
     </span>
    </p>
   </div>
   <div class='ocr_carea' id='block_1_13' title="bbox 461 1204 2036 1283">
    <p class='ocr_par' dir='ltr' id='par_1_13' title="bbox 461 1204 2036 1283">
     <span class='ocr_line' id='line_1_13' title="bbox 461 1204 2036 1283; baseline -0.008 -12"><span class='ocrx_word' id='word_1_79' title='bbox 461 1222 837 1271; x_wconf 84' lang='lat' dir='ltr'><strong>commoratus</strong></span> <span class='ocrx_word' id='word_1_80' title='bbox 867 1221 975 1280; x_wconf 89' lang='lat' dir='ltr'><strong>est,</strong></span> <span class='ocrx_word' id='word_1_81' title='bbox 1007 1219 1068 1268; x_wconf 91' lang='lat' dir='ltr'><strong>ut</strong></span> <span class='ocrx_word' id='word_1_82' title='bbox 1107 1213 1280 1283; x_wconf 81' lang='lat' dir='ltr'><strong>legem</strong></span> <span class='ocrx_word' id='word_1_83' title='bbox 1331 1210 1607 1279; x_wconf 90' lang='lat' dir='ltr'><strong>acciperet</strong></span> <span class='ocrx_word' id='word_1_84' title='bbox 1633 1225 1647 1262; x_wconf 92' lang='lat'><strong>:</strong></span> <span class='ocrx_word' id='word_1_85' title='bbox 1678 1205 1923 1276; x_wconf 86' lang='lat' dir='ltr'><strong>quando,</strong></span> <span class='ocrx_word' id='word_1_86' title='bbox 1953 1204 2036 1260; x_wconf 84' lang='lat' dir='ltr'><strong>in—</strong></span> 
     </span>
    </p>
   </div>
   <div class='ocr_carea' id='block_1_14' title="bbox 463 1298 2037 1379">
    <p class='ocr_par' dir='ltr' id='par_1_14' title="bbox 463 1298 2037 1379">
     <span class='ocr_line' id='line_1_14' title="bbox 463 1298 2037 1379; baseline -0.008 -16"><span class='ocrx_word' id='word_1_87' title='bbox 463 1322 653 1378; x_wconf 88' lang='lat' dir='ltr'><strong>quam,</strong></span> <span class='ocrx_word' id='word_1_88' title='bbox 684 1306 1102 1379; x_wconf 82' lang='lat' dir='ltr'><strong>ingratissimus</strong></span> <span class='ocrx_word' id='word_1_89' title='bbox 1156 1303 1398 1373; x_wconf 91' lang='lat' dir='ltr'><strong>populus</strong></span> <span class='ocrx_word' id='word_1_90' title='bbox 1446 1301 1714 1355; x_wconf 88' lang='lat' dir='ltr'><strong>adversus</strong></span> <span class='ocrx_word' id='word_1_91' title='bbox 1764 1298 2037 1351; x_wconf 81' lang='lat' dir='ltr'><strong>Aaronem</strong></span> 
     </span>
    </p>
   </div>
   <div class='ocr_carea' id='block_1_15' title="bbox 464 1390 2037 1472">
    <p class='ocr_par' dir='ltr' id='par_1_15' title="bbox 464 1390 2037 1472">
     <span class='ocr_line' id='line_1_15' title="bbox 464 1390 2037 1472; baseline -0.009 -16"><span class='ocrx_word' id='word_1_92' title='bbox 464 1402 779 1472; x_wconf 74' lang='lat' dir='ltr'><strong>insurgens,</strong></span> <span class='ocrx_word' id='word_1_93' title='bbox 815 1399 998 1454; x_wconf 79' lang='lat' dir='ltr'><strong>dixit:</strong></span> <span class='ocrx_word' id='word_1_94' title='bbox 1027 1415 1046 1449; x_wconf 82' lang='grc' dir='ltr'><strong>ι</strong></span> <span class='ocrx_word' id='word_1_95' title='bbox 1079 1395 1189 1450; x_wconf 87' lang='lat' dir='ltr'><strong>Fac</strong></span> <span class='ocrx_word' id='word_1_96' title='bbox 1220 1395 1381 1451; x_wconf 86' lang='lat' dir='ltr'><strong>nobis</strong></span> <span class='ocrx_word' id='word_1_97' title='bbox 1427 1395 1582 1456; x_wconf 86' lang='lat' dir='ltr'><strong>deos,</strong></span> <span class='ocrx_word' id='word_1_98' title='bbox 1623 1390 1718 1462; x_wconf 86' lang='lat' dir='ltr'><strong>qui</strong></span> <span class='ocrx_word' id='word_1_99' title='bbox 1757 1404 1857 1446; x_wconf 88' lang='lat' dir='ltr'><strong>nos</strong></span> <span class='ocrx_word' id='word_1_100' title='bbox 1896 1402 2037 1459; x_wconf 72' lang='lat' dir='ltr'><strong>pra:-</strong></span> 
     </span>
    </p>
   </div>
   <div class='ocr_carea' id='block_1_16' title="bbox 465 1477 2038 1562">
    <p class='ocr_par' dir='ltr' id='par_1_16' title="bbox 465 1477 2038 1562">
     <span class='ocr_line' id='line_1_16' title="bbox 465 1477 2038 1562; baseline -0.009 -15"><span class='ocrx_word' id='word_1_101' title='bbox 465 1492 684 1548; x_wconf 90' lang='lat' dir='ltr'><strong>cedant.</strong></span> <span class='ocrx_word' id='word_1_102' title='bbox 748 1489 920 1562; x_wconf 78' lang='lat' dir='ltr'><strong>Moysi</strong></span> <span class='ocrx_word' id='word_1_103' title='bbox 972 1489 1121 1544; x_wconf 90' lang='lat' dir='ltr'><strong>enim</strong></span> <span class='ocrx_word' id='word_1_104' title='bbox 1187 1487 1316 1542; x_wconf 89' lang='lat' dir='ltr'><strong>huic</strong></span> <span class='ocrx_word' id='word_1_105' title='bbox 1366 1484 1492 1540; x_wconf 82' lang='lat' dir='ltr'><strong>viro</strong></span> <span class='ocrx_word' id='word_1_106' title='bbox 1545 1484 1870 1554; x_wconf 82' lang='lat' dir='ltr'><strong>ignoramus</strong></span> <span class='ocrx_word' id='word_1_107' title='bbox 1903 1477 2038 1551; x_wconf 89' lang='lat' dir='ltr'><strong>quid</strong></span> 
     </span>
    </p>
   </div>
   <div class='ocr_carea' id='block_1_17' title="bbox 465 1569 2039 1640">
    <p class='ocr_par' dir='ltr' id='par_1_17' title="bbox 465 1569 2039 1640">
     <span class='ocr_line' id='line_1_17' title="bbox 465 1569 2039 1640; baseline -0.01 0"><span class='ocrx_word' id='word_1_108' title='bbox 465 1583 728 1640; x_wconf 86' lang='lat' dir='ltr'><strong>acciderit</strong></span> <span class='ocrx_word' id='word_1_109' title='bbox 754 1582 822 1636; x_wconf 77' lang='lat'><strong>&quot;.</strong></span> <span class='ocrx_word' id='word_1_110' title='bbox 851 1601 869 1634; x_wconf 77' lang='grc' dir='ltr'><strong>ι</strong></span> <span class='ocrx_word' id='word_1_111' title='bbox 901 1579 1106 1636; x_wconf 91' lang='lat' dir='ltr'><strong>Deinde</strong></span> <span class='ocrx_word' id='word_1_112' title='bbox 1131 1593 1254 1633; x_wconf 93' lang='lat' dir='ltr'><strong>cum</strong></span> <span class='ocrx_word' id='word_1_113' title='bbox 1301 1591 1532 1632; x_wconf 82' lang='lat' dir='ltr'><strong>uxorum</strong></span> <span class='ocrx_word' id='word_1_114' title='bbox 1567 1587 1795 1630; x_wconf 89' lang='lat' dir='ltr'><strong>suarum</strong></span> <span class='ocrx_word' id='word_1_115' title='bbox 1832 1569 2039 1626; x_wconf 89' lang='lat' dir='ltr'><strong>mundo</strong></span> 
     </span>
    </p>
   </div>
   <div class='ocr_carea' id='block_1_18' title="bbox 465 1665 2040 1743">
    <p class='ocr_par' dir='ltr' id='par_1_18' title="bbox 465 1665 2040 1743">
     <span class='ocr_line' id='line_1_18' title="bbox 465 1665 2040 1743; baseline -0.008 -12"><span class='ocrx_word' id='word_1_116' title='bbox 465 1683 520 1731; x_wconf 91' lang='lat' dir='ltr'><strong>et</strong></span> <span class='ocrx_word' id='word_1_117' title='bbox 551 1682 745 1730; x_wconf 89' lang='lat' dir='ltr'><strong>ornatu</strong></span> <span class='ocrx_word' id='word_1_118' title='bbox 777 1673 1059 1743; x_wconf 88' lang='lat' dir='ltr'><strong>adempto,</strong></span> <span class='ocrx_word' id='word_1_119' title='bbox 1105 1669 1385 1726; x_wconf 80' lang='lat' dir='ltr'><strong>conﬂatile</strong></span> <span class='ocrx_word' id='word_1_120' title='bbox 1425 1665 1820 1730; x_wconf 85' lang='lat' dir='ltr'><strong>fabricasseut,</strong></span> <span class='ocrx_word' id='word_1_121' title='bbox 1853 1676 2040 1718; x_wconf 88' lang='lat' dir='ltr'><strong>come-</strong></span> 
     </span>
    </p>
   </div>
   <div class='ocr_carea' id='block_1_19' title="bbox 2134 544 3744 627">
    <p class='ocr_par' dir='ltr' id='par_1_19' title="bbox 2134 544 3744 627">
     <span class='ocr_line' id='line_1_19' title="bbox 2134 544 3744 627; baseline 0.008 -30"><span class='ocrx_word' id='word_1_122' title='bbox 2134 545 2322 614; x_wconf 75' lang='grc' dir='ltr'><strong>ὄψεται</strong></span> <span class='ocrx_word' id='word_1_123' title='bbox 2371 545 2433 599; x_wconf 82' lang='grc' dir='ltr'><strong>τὸ</strong></span> <span class='ocrx_word' id='word_1_124' title='bbox 2475 544 2766 616; x_wconf 80' lang='grc' dir='ltr'><strong>πρόσωπόν</strong></span> <span class='ocrx_word' id='word_1_125' title='bbox 2818 561 2920 614; x_wconf 87' lang='grc' dir='ltr'><strong>μου</strong></span> <span class='ocrx_word' id='word_1_126' title='bbox 2947 587 2962 612; x_wconf 96' lang='grc'><strong>,</strong></span> <span class='ocrx_word' id='word_1_127' title='bbox 3017 546 3112 599; x_wconf 78' lang='grc' dir='ltr'><strong>καὶ</strong></span> <span class='ocrx_word' id='word_1_128' title='bbox 3167 546 3432 620; x_wconf 76' lang='grc' dir='ltr'><strong>ζήσεται,</strong></span> <span class='ocrx_word' id='word_1_129' title='bbox 3476 571 3497 606; x_wconf 76' lang='grc' dir='ltr'><strong>ι</strong></span> <span class='ocrx_word' id='word_1_130' title='bbox 3534 554 3662 627; x_wconf 61' lang='grc' dir='ltr'><strong>ἔφη</strong></span> <span class='ocrx_word' id='word_1_131' title='bbox 3711 561 3744 610; x_wconf 78' lang='grc' dir='ltr'>ὁ</span> 
     </span>
    </p>
   </div>
   <div class='ocr_carea' id='block_1_20' title="bbox 2136 637 2290 701">
    <p class='ocr_par' dir='ltr' id='par_1_20' title="bbox 2136 637 2290 701">
     <span class='ocr_line' id='line_1_20' title="bbox 2136 637 2290 701; baseline 0.013 -13"><span class='ocrx_word' id='word_1_132' title='bbox 2136 637 2290 701; x_wconf 83' lang='grc' dir='ltr'><strong>Θεός,</strong></span> 
     </span>
    </p>
   </div>
   <div class='ocr_carea' id='block_1_21' title="bbox 2207 838 3726 916">
    <p class='ocr_par' dir='ltr' id='par_1_21' title="bbox 2207 838 3726 916">
     <span class='ocr_line' id='line_1_21' title="bbox 2207 838 3726 916; baseline 0.008 -25"><span class='ocrx_word' id='word_1_133' title='bbox 2207 845 2269 891; x_wconf 83' lang='grc' dir='ltr'><strong>ε’.</strong></span> <span class='ocrx_word' id='word_1_134' title='bbox 2308 838 2431 892; x_wconf 74' lang='grc' dir='ltr'><strong>ὀτι</strong></span> <span class='ocrx_word' id='word_1_135' title='bbox 2474 839 2529 892; x_wconf 78' lang='grc' dir='ltr'><strong>δὲ</strong></span> <span class='ocrx_word' id='word_1_136' title='bbox 2563 840 2676 903; x_wconf 81' lang='grc' dir='ltr'><strong>τοῖς</strong></span> <span class='ocrx_word' id='word_1_137' title='bbox 2717 838 2959 903; x_wconf 74' lang='grc' dir='ltr'><strong>εἰδώλοις</strong></span> <span class='ocrx_word' id='word_1_138' title='bbox 3009 841 3086 904; x_wconf 85' lang='grc' dir='ltr'><strong>ὡς</strong></span> <span class='ocrx_word' id='word_1_139' title='bbox 3137 840 3281 906; x_wconf 77' lang='grc' dir='ltr'><strong>θεοῖς</strong></span> <span class='ocrx_word' id='word_1_140' title='bbox 3317 846 3726 916; x_wconf 77' lang='grc' dir='ltr'><strong>προσεκύνουν,</strong></span> 
     </span>
    </p>
   </div>
   <div class='ocr_carea' id='block_1_22' title="bbox 2135 931 3725 1012">
    <p class='ocr_par' dir='ltr' id='par_1_22' title="bbox 2135 931 3725 1012">
     <span class='ocr_line' id='line_1_22' title="bbox 2135 931 3725 1012; baseline 0.005 -27"><span class='ocrx_word' id='word_1_141' title='bbox 2135 932 2300 986; x_wconf 78' lang='grc' dir='ltr'><strong>ἄκουε</strong></span> <span class='ocrx_word' id='word_1_142' title='bbox 2341 931 2394 984; x_wconf 81' lang='grc' dir='ltr'><strong>τι</strong></span> <span class='ocrx_word' id='word_1_143' title='bbox 2431 933 2466 1002; x_wconf 82' lang='grc' dir='ltr'><strong>ἡ</strong></span> <span class='ocrx_word' id='word_1_144' title='bbox 2495 931 2687 1003; x_wconf 77' lang='grc' dir='ltr'><strong>Γραφὴ</strong></span> <span class='ocrx_word' id='word_1_145' title='bbox 2732 933 2790 986; x_wconf 81' lang='grc' dir='ltr'><strong>ὲν</strong></span> <span class='ocrx_word' id='word_1_146' title='bbox 2823 934 2891 1004; x_wconf 76' lang='grc' dir='ltr'><strong>τῇ</strong></span> <span class='ocrx_word' id='word_1_147' title='bbox 2935 932 3103 1003; x_wconf 73' lang='grc' dir='ltr'><strong>ἐξόδῳ</strong></span> <span class='ocrx_word' id='word_1_148' title='bbox 3133 933 3244 989; x_wconf 89' lang='grc' dir='ltr'><strong>τῶν</strong></span> <span class='ocrx_word' id='word_1_149' title='bbox 3286 936 3418 990; x_wconf 89' lang='grc' dir='ltr'><strong>υίῶν</strong></span> <span class='ocrx_word' id='word_1_150' title='bbox 3470 940 3725 1012; x_wconf 77' lang='grc' dir='ltr'><strong>Ἰσραὴλ,</strong></span> 
     </span>
    </p>
   </div>
   <div class='ocr_carea' id='block_1_23' title="bbox 2135 1020 3726 1098">
    <p class='ocr_par' dir='ltr' id='par_1_23' title="bbox 2135 1020 3726 1098">
     <span class='ocr_line' id='line_1_23' title="bbox 2135 1020 3726 1098; baseline 0.004 -22"><span class='ocrx_word' id='word_1_151' title='bbox 2135 1023 2226 1076; x_wconf 78' lang='grc' dir='ltr'><strong>ὅτε</strong></span> <span class='ocrx_word' id='word_1_152' title='bbox 2256 1020 2457 1093; x_wconf 72' lang='grc' dir='ltr'><strong>ἀνῆλθε</strong></span> <span class='ocrx_word' id='word_1_153' title='bbox 2486 1020 2730 1092; x_wconf 81' lang='grc' dir='ltr'><strong>Μωῦσῆς</strong></span> <span class='ocrx_word' id='word_1_154' title='bbox 2768 1021 2850 1086; x_wconf 90' lang='grc' dir='ltr'><strong>είς</strong></span> <span class='ocrx_word' id='word_1_155' title='bbox 2879 1021 2941 1076; x_wconf 80' lang='grc' dir='ltr'><strong>τὺ</strong></span> <span class='ocrx_word' id='word_1_156' title='bbox 2981 1022 3110 1093; x_wconf 76' lang='grc' dir='ltr'><strong>ὄρος</strong></span> <span class='ocrx_word' id='word_1_157' title='bbox 3138 1023 3271 1078; x_wconf 79' lang='grc' dir='ltr'><strong>Σινᾶ</strong></span> <span class='ocrx_word' id='word_1_158' title='bbox 3293 1062 3308 1092; x_wconf 87' lang='grc'><strong>,</strong></span> <span class='ocrx_word' id='word_1_159' title='bbox 3339 1027 3432 1080; x_wconf 77' lang='grc' dir='ltr'><strong>καὶ</strong></span> <span class='ocrx_word' id='word_1_160' title='bbox 3463 1030 3726 1098; x_wconf 74' lang='grc' dir='ltr'><strong>ἑχρὸνισε</strong></span> 
     </span>
    </p>
   </div>
   <div class='ocr_carea' id='block_1_24' title="bbox 2137 1111 3725 1188">
    <p class='ocr_par' dir='ltr' id='par_1_24' title="bbox 2137 1111 3725 1188">
     <span class='ocr_line' id='line_1_24' title="bbox 2137 1111 3725 1188; baseline 0.005 -24"><span class='ocrx_word' id='word_1_161' title='bbox 2137 1111 2522 1184; x_wconf 77' lang='grc' dir='ltr'><strong>προσεδρεύων</strong></span> <span class='ocrx_word' id='word_1_162' title='bbox 2572 1112 2652 1184; x_wconf 87' lang='grc' dir='ltr'><strong>τῷ</strong></span> <span class='ocrx_word' id='word_1_163' title='bbox 2684 1112 2807 1184; x_wconf 87' lang='grc' dir='ltr'><strong>Θεῷ</strong></span> <span class='ocrx_word' id='word_1_164' title='bbox 2832 1153 2846 1178; x_wconf 96' lang='grc'><strong>,</strong></span> <span class='ocrx_word' id='word_1_165' title='bbox 2882 1114 3074 1168; x_wconf 74' lang='grc' dir='ltr'><strong>λαϐεῖν</strong></span> <span class='ocrx_word' id='word_1_166' title='bbox 3119 1116 3211 1170; x_wconf 77' lang='grc' dir='ltr'><strong>τὸν</strong></span> <span class='ocrx_word' id='word_1_167' title='bbox 3244 1118 3441 1188; x_wconf 89' lang='grc' dir='ltr'><strong>νόμον,</strong></span> <span class='ocrx_word' id='word_1_168' title='bbox 3494 1121 3588 1174; x_wconf 77' lang='grc' dir='ltr'><strong>ὅτε</strong></span> <span class='ocrx_word' id='word_1_169' title='bbox 3621 1123 3725 1173; x_wconf 70' lang='grc' dir='ltr'><strong>ἑπ-</strong></span> 
     </span>
    </p>
   </div>
   <div class='ocr_carea' id='block_1_25' title="bbox 2136 1202 3726 1284">
    <p class='ocr_par' dir='ltr' id='par_1_25' title="bbox 2136 1202 3726 1284">
     <span class='ocr_line' id='line_1_25' title="bbox 2136 1202 3726 1284; baseline 0.006 -28"><span class='ocrx_word' id='word_1_170' title='bbox 2136 1203 2336 1273; x_wconf 78' lang='grc' dir='ltr'><strong>ανέστη</strong></span> <span class='ocrx_word' id='word_1_171' title='bbox 2368 1205 2398 1257; x_wconf 87' lang='grc' dir='ltr'><strong>ό</strong></span> <span class='ocrx_word' id='word_1_172' title='bbox 2426 1202 2700 1276; x_wconf 81' lang='grc' dir='ltr'><strong>ἀγνώμων</strong></span> <span class='ocrx_word' id='word_1_173' title='bbox 2735 1204 2862 1268; x_wconf 78' lang='grc' dir='ltr'><strong>λαὸς</strong></span> <span class='ocrx_word' id='word_1_174' title='bbox 2904 1205 3116 1278; x_wconf 81' lang='grc' dir='ltr'><strong>Ἀαρὼν</strong></span> <span class='ocrx_word' id='word_1_175' title='bbox 3143 1207 3220 1278; x_wconf 85' lang='grc' dir='ltr'><strong>τῷ</strong></span> <span class='ocrx_word' id='word_1_176' title='bbox 3260 1208 3355 1262; x_wconf 83' lang='grc' dir='ltr'><strong>τοῦ</strong></span> <span class='ocrx_word' id='word_1_177' title='bbox 3385 1211 3525 1264; x_wconf 84' lang='grc' dir='ltr'><strong>Θεοῦ</strong></span> <span class='ocrx_word' id='word_1_178' title='bbox 3557 1212 3726 1284; x_wconf 66' lang='lat' dir='ltr'><strong>aspa-</strong></span> 
     </span>
    </p>
   </div>
   <div class='ocr_carea' id='block_1_26' title="bbox 2137 1293 3722 1372">
    <p class='ocr_par' dir='ltr' id='par_1_26' title="bbox 2137 1293 3722 1372">
     <span class='ocr_line' id='line_1_26' title="bbox 2137 1293 3722 1372; baseline 0.005 -25"><span class='ocrx_word' id='word_1_179' title='bbox 2137 1311 2328 1360; x_wconf 83' lang='grc' dir='ltr'><strong>ποντι,</strong></span> <span class='ocrx_word' id='word_1_180' title='bbox 2359 1293 2610 1362; x_wconf 86' lang='grc' dir='ltr'><strong>λέγοντες</strong></span> <span class='ocrx_word' id='word_1_181' title='bbox 2635 1311 2648 1324; x_wconf 88' lang='grc'><strong>·</strong></span> <span class='ocrx_word' id='word_1_182' title='bbox 2681 1312 2699 1345; x_wconf 85' lang='grc' dir='ltr'><strong>ι</strong></span> <span class='ocrx_word' id='word_1_183' title='bbox 2737 1294 2970 1364; x_wconf 81' lang='grc' dir='ltr'><strong>Ποίησον</strong></span> <span class='ocrx_word' id='word_1_184' title='bbox 3020 1298 3153 1366; x_wconf 73' lang='grc' dir='ltr'><strong>ἡμῖν</strong></span> <span class='ocrx_word' id='word_1_185' title='bbox 3195 1297 3378 1364; x_wconf 80' lang='grc' dir='ltr'><strong>θεοὺς,</strong></span> <span class='ocrx_word' id='word_1_186' title='bbox 3424 1300 3478 1352; x_wconf 82' lang='grc' dir='ltr'><strong>οἶ</strong></span> <span class='ocrx_word' id='word_1_187' title='bbox 3509 1319 3722 1372; x_wconf 81' lang='grc' dir='ltr'><strong>προπο-</strong></span> 
     </span>
    </p>
   </div>
   <div class='ocr_carea' id='block_1_27' title="bbox 2142 1384 3720 1462">
    <p class='ocr_par' dir='ltr' id='par_1_27' title="bbox 2142 1384 3720 1462">
     <span class='ocr_line' id='line_1_27' title="bbox 2142 1384 3720 1462; baseline 0.006 -24"><span class='ocrx_word' id='word_1_188' title='bbox 2142 1384 2426 1457; x_wconf 88' lang='grc' dir='ltr'><strong>ρεύσονται</strong></span> <span class='ocrx_word' id='word_1_189' title='bbox 2449 1385 2631 1457; x_wconf 79' lang='grc' dir='ltr'><strong>ἡμῶν.</strong></span> <span class='ocrx_word' id='word_1_190' title='bbox 2675 1384 2734 1438; x_wconf 78' lang='lat'><strong>&#39;0</strong></span> <span class='ocrx_word' id='word_1_191' title='bbox 2757 1384 2866 1456; x_wconf 83' lang='grc' dir='ltr'><strong>γὰρ</strong></span> <span class='ocrx_word' id='word_1_192' title='bbox 2895 1385 3184 1458; x_wconf 72' lang='grc' dir='ltr'><strong>ἄνθρωπος</strong></span> <span class='ocrx_word' id='word_1_193' title='bbox 3211 1384 3366 1455; x_wconf 76' lang='grc' dir='ltr'><strong>οὗτος</strong></span> <span class='ocrx_word' id='word_1_194' title='bbox 3391 1391 3419 1444; x_wconf 85' lang='grc' dir='ltr'><strong>ό</strong></span> <span class='ocrx_word' id='word_1_195' title='bbox 3443 1392 3720 1462; x_wconf 74' lang='grc' dir='ltr'><strong>Μωῦσῆς,</strong></span> 
     </span>
    </p>
   </div>
   <div class='ocr_carea' id='block_1_28' title="bbox 2137 1475 3722 1556">
    <p class='ocr_par' dir='ltr' id='par_1_28' title="bbox 2137 1475 3722 1556">
     <span class='ocr_line' id='line_1_28' title="bbox 2137 1475 3722 1556; baseline 0.006 -27"><span class='ocrx_word' id='word_1_196' title='bbox 2137 1475 2236 1530; x_wconf 68' lang='grc' dir='ltr'><strong>οὐκ</strong></span> <span class='ocrx_word' id='word_1_197' title='bbox 2266 1475 2494 1548; x_wconf 74' lang='grc' dir='ltr'><strong>οἴδαμεν</strong></span> <span class='ocrx_word' id='word_1_198' title='bbox 2517 1517 2533 1543; x_wconf 93' lang='grc'><strong>,</strong></span> <span class='ocrx_word' id='word_1_199' title='bbox 2583 1476 2638 1529; x_wconf 87' lang='grc' dir='ltr'><strong>τί</strong></span> <span class='ocrx_word' id='word_1_200' title='bbox 2677 1475 2906 1546; x_wconf 77' lang='grc' dir='ltr'><strong>γέγονεν</strong></span> <span class='ocrx_word' id='word_1_201' title='bbox 2954 1478 3134 1550; x_wconf 76' lang='grc' dir='ltr'><strong>αὐτῷ’</strong></span> <span class='ocrx_word' id='word_1_202' title='bbox 3182 1497 3202 1532; x_wconf 75' lang='grc' dir='ltr'><strong>ι</strong></span> <span class='ocrx_word' id='word_1_203' title='bbox 3239 1476 3359 1535; x_wconf 70' lang='grc' dir='ltr'><strong>εἶτα</strong></span> <span class='ocrx_word' id='word_1_204' title='bbox 3383 1523 3398 1550; x_wconf 95' lang='grc'><strong>,</strong></span> <span class='ocrx_word' id='word_1_205' title='bbox 3429 1484 3524 1538; x_wconf 79' lang='grc' dir='ltr'><strong>ὅτε</strong></span> <span class='ocrx_word' id='word_1_206' title='bbox 3554 1501 3722 1556; x_wconf 82' lang='grc' dir='ltr'><strong>περι-</strong></span> 
     </span>
    </p>
   </div>
   <div class='ocr_carea' id='block_1_29' title="bbox 2139 1566 3721 1649">
    <p class='ocr_par' dir='ltr' id='par_1_29' title="bbox 2139 1566 3721 1649">
     <span class='ocr_line' id='line_1_29' title="bbox 2139 1566 3721 1649; baseline 0.006 -27"><span class='ocrx_word' id='word_1_207' title='bbox 2139 1566 2347 1622; x_wconf 88' lang='grc' dir='ltr'><strong>είλοντο</strong></span> <span class='ocrx_word' id='word_1_208' title='bbox 2376 1567 2467 1622; x_wconf 81' lang='grc' dir='ltr'><strong>τὸν</strong></span> <span class='ocrx_word' id='word_1_209' title='bbox 2495 1569 2704 1640; x_wconf 81' lang='grc' dir='ltr'><strong>κόσμον</strong></span> <span class='ocrx_word' id='word_1_210' title='bbox 2745 1569 2855 1623; x_wconf 85' lang='grc' dir='ltr'><strong>τῶν</strong></span> <span class='ocrx_word' id='word_1_211' title='bbox 2884 1570 3162 1638; x_wconf 89' lang='grc' dir='ltr'><strong>γυναικῶν</strong></span> <span class='ocrx_word' id='word_1_212' title='bbox 3191 1573 3373 1628; x_wconf 81' lang='grc' dir='ltr'><strong>αὐτῶν</strong></span> <span class='ocrx_word' id='word_1_213' title='bbox 3393 1615 3410 1641; x_wconf 93' lang='grc'><strong>,</strong></span> <span class='ocrx_word' id='word_1_214' title='bbox 3439 1577 3542 1630; x_wconf 78' lang='grc' dir='ltr'><strong>καὶ</strong></span> <span class='ocrx_word' id='word_1_215' title='bbox 3573 1578 3721 1649; x_wconf 76' lang='grc' dir='ltr'><strong>ἐχώ-</strong></span> 
     </span>
    </p>
   </div>
   <div class='ocr_carea' id='block_1_30' title="bbox 2139 1660 3716 1743">
    <p class='ocr_par' dir='ltr' id='par_1_30' title="bbox 2139 1660 3716 1743">
     <span class='ocr_line' id='line_1_30' title="bbox 2139 1660 3716 1743; baseline 0.007 -30"><span class='ocrx_word' id='word_1_216' title='bbox 2139 1676 2338 1714; x_wconf 87' lang='grc' dir='ltr'><strong>νευσαν</strong></span> <span class='ocrx_word' id='word_1_217' title='bbox 2365 1698 2380 1725; x_wconf 93' lang='grc'><strong>,</strong></span> <span class='ocrx_word' id='word_1_218' title='bbox 2431 1661 2525 1715; x_wconf 86' lang='grc' dir='ltr'><strong>καὶ</strong></span> <span class='ocrx_word' id='word_1_219' title='bbox 2553 1660 2759 1731; x_wconf 71' lang='grc' dir='ltr'><strong>ἔφαγον</strong></span> <span class='ocrx_word' id='word_1_220' title='bbox 2787 1700 2802 1728; x_wconf 87' lang='grc'><strong>,</strong></span> <span class='ocrx_word' id='word_1_221' title='bbox 2841 1662 2936 1717; x_wconf 77' lang='grc' dir='ltr'><strong>καὶ</strong></span> <span class='ocrx_word' id='word_1_222' title='bbox 2965 1661 3118 1718; x_wconf 71' lang='grc' dir='ltr'><strong>ἔπιον</strong></span> <span class='ocrx_word' id='word_1_223' title='bbox 3137 1706 3153 1732; x_wconf 94' lang='grc'><strong>,</strong></span> <span class='ocrx_word' id='word_1_224' title='bbox 3200 1665 3295 1720; x_wconf 78' lang='grc' dir='ltr'><strong>καὶ</strong></span> <span class='ocrx_word' id='word_1_225' title='bbox 3323 1667 3716 1743; x_wconf 77' lang='grc' dir='ltr'><strong>ἐμεθύσθησαν</strong></span> 
     </span>
    </p>
   </div>
   <div class='ocr_carea' id='block_1_31' title="bbox 465 1750 2035 1847">
    <p class='ocr_par' dir='ltr' id='par_1_31' title="bbox 465 1752 2035 1831">
     <span class='ocr_line' id='line_1_31' title="bbox 465 1752 2035 1831; baseline -0.008 -11"><span class='ocrx_word' id='word_1_226' title='bbox 465 1767 664 1823; x_wconf 88' lang='lat' dir='ltr'><strong>derunt</strong></span> <span class='ocrx_word' id='word_1_227' title='bbox 695 1774 750 1821; x_wconf 91' lang='lat' dir='ltr'><strong>et</strong></span> <span class='ocrx_word' id='word_1_228' title='bbox 801 1763 1084 1828; x_wconf 86' lang='lat' dir='ltr'><strong>biberunt,</strong></span> <span class='ocrx_word' id='word_1_229' title='bbox 1141 1767 1306 1831; x_wconf 88' lang='lat' dir='ltr'><strong>atque</strong></span> <span class='ocrx_word' id='word_1_230' title='bbox 1357 1772 1548 1814; x_wconf 90' lang='lat' dir='ltr'><strong>errore</strong></span> <span class='ocrx_word' id='word_1_231' title='bbox 1589 1769 1693 1813; x_wconf 79' lang='lat' dir='ltr'><strong>suo</strong></span> <span class='ocrx_word' id='word_1_232' title='bbox 1721 1752 1949 1825; x_wconf 89' lang='lat' dir='ltr'><strong>perinde</strong></span> <span class='ocrx_word' id='word_1_233' title='bbox 1974 1765 2035 1808; x_wconf 89' lang='lat' dir='ltr'><strong>ac</strong></span> 
     </span>
    </p>
   </div>
   <div class='ocr_carea' id='block_1_32' title="bbox 2140 1750 3720 1847">
    <p class='ocr_par' dir='ltr' id='par_1_32' title="bbox 2143 1750 3720 1830">
     <span class='ocr_line' id='line_1_32' title="bbox 2143 1750 3720 1830; baseline 0.008 -24"><span class='ocrx_word' id='word_1_234' title='bbox 2143 1754 2249 1806; x_wconf 81' lang='grc' dir='ltr'><strong>υπό</strong></span> <span class='ocrx_word' id='word_1_235' title='bbox 2276 1769 2337 1806; x_wconf 88' lang='grc' dir='ltr'><strong>τε</strong></span> <span class='ocrx_word' id='word_1_236' title='bbox 2367 1750 2462 1806; x_wconf 81' lang='grc' dir='ltr'><strong>τοῦ</strong></span> <span class='ocrx_word' id='word_1_237' title='bbox 2492 1751 2636 1806; x_wconf 87' lang='grc' dir='ltr'><strong>οῐνου</strong></span> <span class='ocrx_word' id='word_1_238' title='bbox 2677 1752 2775 1807; x_wconf 74' lang='grc' dir='ltr'><strong>καὶ</strong></span> <span class='ocrx_word' id='word_1_239' title='bbox 2801 1752 2903 1824; x_wconf 83' lang='grc' dir='ltr'><strong>τῆς</strong></span> <span class='ocrx_word' id='word_1_240' title='bbox 2931 1753 3164 1826; x_wconf 84' lang='grc' dir='ltr'><strong>πλάνης,</strong></span> <span class='ocrx_word' id='word_1_241' title='bbox 3196 1758 3292 1812; x_wconf 82' lang='grc' dir='ltr'><strong>καὶ</strong></span> <span class='ocrx_word' id='word_1_242' title='bbox 3320 1758 3558 1830; x_wconf 74' lang='grc' dir='ltr'><strong>ἤρξαντο</strong></span> <span class='ocrx_word' id='word_1_243' title='bbox 3587 1765 3720 1818; x_wconf 72' lang='lat' dir='ltr'><strong>mt-</strong></span> 
     </span>
    </p>
   </div>
   <div class='ocr_carea' id='block_1_33' title="bbox 463 1841 2035 1921">
    <p class='ocr_par' dir='ltr' id='par_1_33' title="bbox 463 1843 2035 1921">
     <span class='ocr_line' id='line_1_33' title="bbox 463 1843 2035 1921; baseline -0.008 -10"><span class='ocrx_word' id='word_1_244' title='bbox 463 1856 594 1912; x_wconf 82' lang='lat' dir='ltr'><strong>vino</strong></span> <span class='ocrx_word' id='word_1_245' title='bbox 632 1855 915 1921; x_wconf 87' lang='lat' dir='ltr'><strong>inebriati,</strong></span> <span class='ocrx_word' id='word_1_246' title='bbox 959 1854 1154 1910; x_wconf 90' lang='lat' dir='ltr'><strong>ludere</strong></span> <span class='ocrx_word' id='word_1_247' title='bbox 1194 1855 1504 1921; x_wconf 78' lang='lat' dir='ltr'><strong>cmperunt,</strong></span> <span class='ocrx_word' id='word_1_248' title='bbox 1540 1853 1596 1903; x_wconf 91' lang='lat' dir='ltr'><strong>et</strong></span> <span class='ocrx_word' id='word_1_249' title='bbox 1635 1860 1749 1916; x_wconf 72' lang='lat' dir='ltr'><strong>pra:</strong></span> <span class='ocrx_word' id='word_1_250' title='bbox 1803 1843 2035 1900; x_wconf 87' lang='lat' dir='ltr'><strong>amentia</strong></span> 
     </span>
    </p>
   </div>
   <div class='ocr_carea' id='block_1_34' title="bbox 2140 1841 3720 1921">
    <p class='ocr_par' dir='ltr' id='par_1_34' title="bbox 2143 1841 3720 1915">
     <span class='ocr_line' id='line_1_34' title="bbox 2143 1841 3720 1915; baseline 0.006 -17"><span class='ocrx_word' id='word_1_251' title='bbox 2143 1843 2293 1911; x_wconf 76' lang='grc' dir='ltr'><strong>ζειν,</strong></span> <span class='ocrx_word' id='word_1_252' title='bbox 2337 1842 2398 1899; x_wconf 84' lang='grc' dir='ltr'><strong>ὲν</strong></span> <span class='ocrx_word' id='word_1_253' title='bbox 2443 1841 2727 1915; x_wconf 79' lang='grc' dir='ltr'><strong>ἀφροσύνῃ</strong></span> <span class='ocrx_word' id='word_1_254' title='bbox 2783 1843 3071 1912; x_wconf 68' lang='grc' dir='ltr'><strong>λέγοντες⁸</strong></span> <span class='ocrx_word' id='word_1_255' title='bbox 3110 1864 3130 1898; x_wconf 79' lang='grc' dir='ltr'><strong>ι</strong></span> <span class='ocrx_word' id='word_1_256' title='bbox 3163 1841 3324 1902; x_wconf 78' lang='grc' dir='ltr'><strong>Οὗτοι</strong></span> <span class='ocrx_word' id='word_1_257' title='bbox 3362 1849 3413 1902; x_wconf 84' lang='grc' dir='ltr'><strong>οἱ</strong></span> <span class='ocrx_word' id='word_1_258' title='bbox 3462 1850 3580 1904; x_wconf 81' lang='grc' dir='ltr'><strong>θεοί</strong></span> <span class='ocrx_word' id='word_1_259' title='bbox 3621 1871 3720 1907; x_wconf 76' lang='grc' dir='ltr'><strong>σου</strong></span> 
     </span>
    </p>
   </div>
   <div class='ocr_carea' id='block_1_35' title="bbox 465 1933 2038 2004">
    <p class='ocr_par' dir='ltr' id='par_1_35' title="bbox 465 1933 2038 2004">
     <span class='ocr_line' id='line_1_35' title="bbox 465 1933 2038 2004; baseline -0.004 -7"><span class='ocrx_word' id='word_1_260' title='bbox 465 1943 689 1999; x_wconf 87' lang='lat' dir='ltr'><strong>dicere:</strong></span> <span class='ocrx_word' id='word_1_261' title='bbox 731 1961 749 1995; x_wconf 83' lang='grc' dir='ltr'><strong>ι</strong></span> <span class='ocrx_word' id='word_1_262' title='bbox 784 1941 852 1997; x_wconf 79' lang='lat' dir='ltr'><strong>Ili</strong></span> <span class='ocrx_word' id='word_1_263' title='bbox 897 1949 1031 1999; x_wconf 89' lang='lat' dir='ltr'><strong>sunt</strong></span> <span class='ocrx_word' id='word_1_264' title='bbox 1066 1939 1144 1995; x_wconf 95' lang='lat' dir='ltr'><strong>dii</strong></span> <span class='ocrx_word' id='word_1_265' title='bbox 1179 1938 1283 2004; x_wconf 91' lang='lat' dir='ltr'><strong>tui,</strong></span> <span class='ocrx_word' id='word_1_266' title='bbox 1323 1937 1514 1993; x_wconf 89' lang='lat' dir='ltr'><strong>Israel.</strong></span> <span class='ocrx_word' id='word_1_267' title='bbox 1549 1952 1568 1986; x_wconf 73' lang='grc' dir='ltr'><strong>ι</strong></span> <span class='ocrx_word' id='word_1_268' title='bbox 1609 1935 1812 1990; x_wconf 84' lang='lat' dir='ltr'><strong>Annon</strong></span> <span class='ocrx_word' id='word_1_269' title='bbox 1859 1933 2038 2000; x_wconf 83' lang='lat' dir='ltr'><strong>vides,</strong></span> 
     </span>
    </p>
   </div>
   <div class='ocr_carea' id='block_1_36' title="bbox 467 2026 2043 2104">
    <p class='ocr_par' dir='ltr' id='par_1_36' title="bbox 467 2026 2043 2104">
     <span class='ocr_line' id='line_1_36' title="bbox 467 2026 2043 2104; baseline -0.004 -15"><span class='ocrx_word' id='word_1_270' title='bbox 467 2033 616 2104; x_wconf 90' lang='lat' dir='ltr'><strong>quod</strong></span> <span class='ocrx_word' id='word_1_271' title='bbox 649 2034 949 2090; x_wconf 89' lang='lat' dir='ltr'><strong>simulacra</strong></span> <span class='ocrx_word' id='word_1_272' title='bbox 1003 2033 1060 2088; x_wconf 91' lang='lat' dir='ltr'><strong>in</strong></span> <span class='ocrx_word' id='word_1_273' title='bbox 1083 2031 1219 2087; x_wconf 88' lang='lat' dir='ltr'><strong>deos</strong></span> <span class='ocrx_word' id='word_1_274' title='bbox 1268 2028 1373 2087; x_wconf 85' lang='lat' dir='ltr'><strong>sibi</strong></span> <span class='ocrx_word' id='word_1_275' title='bbox 1426 2027 1788 2085; x_wconf 81' lang='lat' dir='ltr'><strong>statuerunt?</strong></span> <span class='ocrx_word' id='word_1_276' title='bbox 1849 2026 2043 2096; x_wconf 86' lang='lat' dir='ltr'><strong>Neque</strong></span> 
     </span>
    </p>
   </div>
   <div class='ocr_carea' id='block_1_37' title="bbox 467 2117 2042 2190">
    <p class='ocr_par' dir='ltr' id='par_1_37' title="bbox 467 2117 2042 2190">
     <span class='ocr_line' id='line_1_37' title="bbox 467 2117 2042 2190; baseline -0.005 -10"><span class='ocrx_word' id='word_1_277' title='bbox 467 2125 615 2180; x_wconf 88' lang='lat' dir='ltr'><strong>enim</strong></span> <span class='ocrx_word' id='word_1_278' title='bbox 649 2125 827 2190; x_wconf 81' lang='lat' dir='ltr'><strong>Jovis,</strong></span> <span class='ocrx_word' id='word_1_279' title='bbox 861 2132 955 2180; x_wconf 92' lang='lat' dir='ltr'><strong>aut</strong></span> <span class='ocrx_word' id='word_1_280' title='bbox 984 2124 1135 2180; x_wconf 88' lang='lat' dir='ltr'><strong>illius</strong></span> <span class='ocrx_word' id='word_1_281' title='bbox 1179 2121 1481 2178; x_wconf 83' lang='lat' dir='ltr'><strong>alteriusve</strong></span> <span class='ocrx_word' id='word_1_282' title='bbox 1512 2118 1874 2174; x_wconf 89' lang='lat' dir='ltr'><strong>simulacrum</strong></span> <span class='ocrx_word' id='word_1_283' title='bbox 1904 2117 2042 2173; x_wconf 55' lang='lat' dir='ltr'><strong>fecec</strong></span> 
     </span>
    </p>
   </div>
   <div class='ocr_carea' id='block_1_38' title="bbox 470 2209 2038 2281">
    <p class='ocr_par' dir='ltr' id='par_1_38' title="bbox 470 2209 2038 2281">
     <span class='ocr_line' id='line_1_38' title="bbox 470 2209 2038 2281; baseline -0.002 -13"><span class='ocrx_word' id='word_1_284' title='bbox 470 2223 634 2281; x_wconf 89' lang='lat' dir='ltr'><strong>runt;</strong></span> <span class='ocrx_word' id='word_1_285' title='bbox 669 2215 764 2271; x_wconf 90' lang='lat' dir='ltr'><strong>sed</strong></span> <span class='ocrx_word' id='word_1_286' title='bbox 805 2225 866 2270; x_wconf 92' lang='lat' dir='ltr'><strong>ut</strong></span> <span class='ocrx_word' id='word_1_287' title='bbox 917 2213 1030 2269; x_wconf 78' lang='lat' dir='ltr'><strong>fors</strong></span> <span class='ocrx_word' id='word_1_288' title='bbox 1085 2213 1247 2278; x_wconf 90' lang='lat' dir='ltr'><strong>tulit,</strong></span> <span class='ocrx_word' id='word_1_289' title='bbox 1301 2225 1497 2266; x_wconf 90' lang='lat' dir='ltr'><strong>aurum</strong></span> <span class='ocrx_word' id='word_1_290' title='bbox 1546 2209 1926 2280; x_wconf 71' lang='lat' dir='ltr'><strong>praebuerunt,</strong></span> <span class='ocrx_word' id='word_1_291' title='bbox 1975 2223 2038 2265; x_wconf 75' lang='lat' dir='ltr'><strong>ex</strong></span> 
     </span>
    </p>
   </div>
   <div class='ocr_carea' id='block_1_39' title="bbox 472 2297 2040 2373">
    <p class='ocr_par' dir='ltr' id='par_1_39' title="bbox 472 2297 2040 2373">
     <span class='ocr_line' id='line_1_39' title="bbox 472 2297 2040 2373; baseline -0.004 -15"><span class='ocrx_word' id='word_1_292' title='bbox 472 2320 580 2373; x_wconf 90' lang='lat' dir='ltr'><strong>quo</strong></span> <span class='ocrx_word' id='word_1_293' title='bbox 615 2305 821 2360; x_wconf 86' lang='lat' dir='ltr'><strong>idolum</strong></span> <span class='ocrx_word' id='word_1_294' title='bbox 857 2302 1180 2367; x_wconf 74' lang='lat' dir='ltr'><strong>conﬁerent,</strong></span> <span class='ocrx_word' id='word_1_295' title='bbox 1219 2299 1593 2372; x_wconf 91' lang='lat' dir='ltr'><strong>quodcunque</strong></span> <span class='ocrx_word' id='word_1_296' title='bbox 1639 2297 1857 2354; x_wconf 88' lang='lat' dir='ltr'><strong>tandem</strong></span> <span class='ocrx_word' id='word_1_297' title='bbox 1904 2297 2040 2352; x_wconf 87' lang='lat' dir='ltr'><strong>illud</strong></span> 
     </span>
    </p>
   </div>
   <div class='ocr_carea' id='block_1_40' title="bbox 469 2387 2041 2464">
    <p class='ocr_par' dir='ltr' id='par_1_40' title="bbox 469 2387 2041 2464">
     <span class='ocr_line' id='line_1_40' title="bbox 469 2387 2041 2464; baseline -0.003 -16"><span class='ocrx_word' id='word_1_298' title='bbox 469 2394 632 2461; x_wconf 77' lang='lat' dir='ltr'><strong>foret,</strong></span> <span class='ocrx_word' id='word_1_299' title='bbox 683 2394 995 2464; x_wconf 87' lang='lat' dir='ltr'><strong>prodiitque</strong></span> <span class='ocrx_word' id='word_1_300' title='bbox 1056 2393 1246 2449; x_wconf 80' lang='lat' dir='ltr'><strong>bovini</strong></span> <span class='ocrx_word' id='word_1_301' title='bbox 1298 2390 1504 2462; x_wconf 87' lang='lat' dir='ltr'><strong>capitis</strong></span> <span class='ocrx_word' id='word_1_302' title='bbox 1567 2387 1796 2460; x_wconf 79' lang='lat' dir='ltr'><strong>eﬂigies.</strong></span> <span class='ocrx_word' id='word_1_303' title='bbox 1848 2389 2041 2458; x_wconf 86' lang='lat' dir='ltr'><strong>Itaque</strong></span> 
     </span>
    </p>
   </div>
   <div class='ocr_carea' id='block_1_41' title="bbox 463 2480 2042 2554">
    <p class='ocr_par' dir='ltr' id='par_1_41' title="bbox 463 2480 2042 2554">
     <span class='ocr_line' id='line_1_41' title="bbox 463 2480 2042 2554; baseline -0.001 -15"><span class='ocrx_word' id='word_1_304' title='bbox 463 2484 741 2554; x_wconf 85' lang='lat' dir='ltr'><strong>ejusmodi</strong></span> <span class='ocrx_word' id='word_1_305' title='bbox 787 2482 1091 2538; x_wconf 85' lang='lat' dir='ltr'><strong>conﬂatilia</strong></span> <span class='ocrx_word' id='word_1_306' title='bbox 1149 2483 1204 2537; x_wconf 91' lang='lat' dir='ltr'><strong>in</strong></span> <span class='ocrx_word' id='word_1_307' title='bbox 1257 2484 1396 2537; x_wconf 90' lang='lat' dir='ltr'><strong>deos</strong></span> <span class='ocrx_word' id='word_1_308' title='bbox 1449 2480 1746 2546; x_wconf 88' lang='lat' dir='ltr'><strong>habebant,</strong></span> <span class='ocrx_word' id='word_1_309' title='bbox 1811 2481 2042 2551; x_wconf 88' lang='lat' dir='ltr'><strong>ipsaque</strong></span> 
     </span>
    </p>
   </div>
   <div class='ocr_carea' id='block_1_42' title="bbox 467 2572 2037 2646">
    <p class='ocr_par' dir='ltr' id='par_1_42' title="bbox 467 2572 2037 2646">
     <span class='ocr_line' id='line_1_42' title="bbox 467 2572 2037 2646; baseline -0.001 -17"><span class='ocrx_word' id='word_1_310' title='bbox 467 2585 728 2646; x_wconf 84' lang='lat' dir='ltr'><strong>tanquam</strong></span> <span class='ocrx_word' id='word_1_311' title='bbox 768 2575 900 2632; x_wconf 89' lang='lat' dir='ltr'><strong>deos</strong></span> <span class='ocrx_word' id='word_1_312' title='bbox 941 2574 1247 2634; x_wconf 85' lang='lat' dir='ltr'><strong>adorabant</strong></span> <span class='ocrx_word' id='word_1_313' title='bbox 1279 2593 1292 2629; x_wconf 93' lang='lat'><strong>:</strong></span> <span class='ocrx_word' id='word_1_314' title='bbox 1321 2589 1445 2646; x_wconf 72' lang='lat' dir='ltr'><strong>qua:</strong></span> <span class='ocrx_word' id='word_1_315' title='bbox 1473 2572 1696 2646; x_wconf 84' lang='lat' dir='ltr'><strong>quidem</strong></span> <span class='ocrx_word' id='word_1_316' title='bbox 1729 2572 2037 2628; x_wconf 68' lang='lat' dir='ltr'><strong>daemonum</strong></span> 
     </span>
    </p>
   </div>
   <div class='ocr_carea' id='block_1_43' title="bbox 467 2664 2038 2737">
    <p class='ocr_par' dir='ltr' id='par_1_43' title="bbox 467 2664 2038 2737">
     <span class='ocr_line' id='line_1_43' title="bbox 467 2664 2038 2737; baseline -0.003 -14"><span class='ocrx_word' id='word_1_317' title='bbox 467 2668 742 2723; x_wconf 85' lang='lat' dir='ltr'><strong>domicilia</strong></span> <span class='ocrx_word' id='word_1_318' title='bbox 801 2676 979 2722; x_wconf 85' lang='lat' dir='ltr'><strong>erant.</strong></span> <span class='ocrx_word' id='word_1_319' title='bbox 1025 2664 1171 2732; x_wconf 85' lang='lat' dir='ltr'><strong>Quin</strong></span> <span class='ocrx_word' id='word_1_320' title='bbox 1220 2674 1274 2722; x_wconf 94' lang='lat' dir='ltr'><strong>et</strong></span> <span class='ocrx_word' id='word_1_321' title='bbox 1319 2674 1594 2721; x_wconf 67' lang='lat' dir='ltr'><strong>creaturae</strong></span> <span class='ocrx_word' id='word_1_322' title='bbox 1645 2664 1828 2737; x_wconf 85' lang='lat' dir='ltr'><strong>potius</strong></span> <span class='ocrx_word' id='word_1_323' title='bbox 1873 2679 2038 2734; x_wconf 89' lang='lat' dir='ltr'><strong>quam</strong></span> 
     </span>
    </p>
   </div>
   <div class='ocr_carea' id='block_1_44' title="bbox 465 2755 2034 2826">
    <p class='ocr_par' dir='ltr' id='par_1_44' title="bbox 465 2755 2034 2826">
     <span class='ocr_line' id='line_1_44' title="bbox 465 2755 2034 2826; baseline -0.003 -12"><span class='ocrx_word' id='word_1_324' title='bbox 465 2758 713 2814; x_wconf 81' lang='lat' dir='ltr'><strong>Creatori</strong></span> <span class='ocrx_word' id='word_1_325' title='bbox 749 2773 844 2814; x_wconf 90' lang='lat' dir='ltr'><strong>eos</strong></span> <span class='ocrx_word' id='word_1_326' title='bbox 873 2758 1153 2824; x_wconf 82' lang='lat' dir='ltr'><strong>serviisse,</strong></span> <span class='ocrx_word' id='word_1_327' title='bbox 1189 2757 1412 2814; x_wconf 89' lang='lat' dir='ltr'><strong>divinus</strong></span> <span class='ocrx_word' id='word_1_328' title='bbox 1437 2765 1671 2813; x_wconf 84' lang='lat' dir='ltr'><strong>testatur</strong></span> <span class='ocrx_word' id='word_1_329' title='bbox 1705 2755 2034 2826; x_wconf 83' lang='lat' dir='ltr'><strong>Apostolus:</strong></span> 
     </span>
    </p>
   </div>
   <div class='ocr_carea' id='block_1_45' title="bbox 473 2847 2040 2921">
    <p class='ocr_par' dir='ltr' id='par_1_45' title="bbox 473 2847 2040 2921">
     <span class='ocr_line' id='line_1_45' title="bbox 473 2847 2040 2921; baseline 0.001 -19"><span class='ocrx_word' id='word_1_330' title='bbox 473 2870 490 2902; x_wconf 86' lang='grc' dir='ltr'><strong>ι</strong></span> <span class='ocrx_word' id='word_1_331' title='bbox 532 2849 639 2917; x_wconf 88' lang='lat' dir='ltr'><strong>Qui</strong></span> <span class='ocrx_word' id='word_1_332' title='bbox 675 2859 1052 2913; x_wconf 84' lang='lat' dir='ltr'><strong>mutaverunt,</strong></span> <span class='ocrx_word' id='word_1_333' title='bbox 1081 2850 1288 2920; x_wconf 90' lang='lat' dir='ltr'><strong>inquit.</strong></span> <span class='ocrx_word' id='word_1_334' title='bbox 1331 2850 1562 2921; x_wconf 86' lang='lat' dir='ltr'><strong>gloriam</strong></span> <span class='ocrx_word' id='word_1_335' title='bbox 1599 2847 2040 2918; x_wconf 78' lang='lat' dir='ltr'><strong>incorruptibilis</strong></span> 
     </span>
    </p>
   </div>
   <div class='ocr_carea' id='block_1_46' title="bbox 469 2939 2040 3011">
    <p class='ocr_par' dir='ltr' id='par_1_46' title="bbox 469 2939 2040 3011">
     <span class='ocr_line' id='line_1_46' title="bbox 469 2939 2040 3011; baseline -0.003 -15"><span class='ocrx_word' id='word_1_336' title='bbox 469 2943 562 2996; x_wconf 90' lang='lat' dir='ltr'><strong>Dei</strong></span> <span class='ocrx_word' id='word_1_337' title='bbox 597 2943 650 2996; x_wconf 92' lang='lat' dir='ltr'><strong>in</strong></span> <span class='ocrx_word' id='word_1_338' title='bbox 681 2941 1106 2996; x_wconf 87' lang='lat' dir='ltr'><strong>similitudinem</strong></span> <span class='ocrx_word' id='word_1_339' title='bbox 1157 2940 1538 3011; x_wconf 81' lang='lat' dir='ltr'><strong>corruptibilis</strong></span> <span class='ocrx_word' id='word_1_340' title='bbox 1581 2939 1826 2996; x_wconf 80' lang='lat' dir='ltr'><strong>hominis</strong></span> <span class='ocrx_word' id='word_1_341' title='bbox 1865 2946 1920 2994; x_wconf 88' lang='lat' dir='ltr'><strong>et</strong></span> <span class='ocrx_word' id='word_1_342' title='bbox 1951 2953 2040 2993; x_wconf 83' lang='lat' dir='ltr'><strong>vo-</strong></span> 
     </span>
    </p>
   </div>
   <div class='ocr_carea' id='block_1_47' title="bbox 467 3031 2040 3101">
    <p class='ocr_par' dir='ltr' id='par_1_47' title="bbox 467 3031 2040 3101">
     <span class='ocr_line' id='line_1_47' title="bbox 467 3031 2040 3101; baseline -0.003 -13"><span class='ocrx_word' id='word_1_343' title='bbox 467 3035 706 3098; x_wconf 88' lang='lat' dir='ltr'><strong>lucrum,</strong></span> <span class='ocrx_word' id='word_1_344' title='bbox 737 3041 789 3087; x_wconf 88' lang='lat' dir='ltr'><strong>et</strong></span> <span class='ocrx_word' id='word_1_345' title='bbox 825 3031 1267 3101; x_wconf 84' lang='lat' dir='ltr'><strong>quadrupedum,</strong></span> <span class='ocrx_word' id='word_1_346' title='bbox 1303 3039 1361 3085; x_wconf 90' lang='lat' dir='ltr'><strong>et</strong></span> <span class='ocrx_word' id='word_1_347' title='bbox 1402 3033 1748 3101; x_wconf 84' lang='lat' dir='ltr'><strong>serpentium</strong></span> <span class='ocrx_word' id='word_1_348' title='bbox 1770 3069 1785 3091; x_wconf 88' lang='lat'><strong>,</strong></span> <span class='ocrx_word' id='word_1_349' title='bbox 1839 3040 1893 3084; x_wconf 90' lang='lat' dir='ltr'><strong>et</strong></span> <span class='ocrx_word' id='word_1_350' title='bbox 1933 3045 2040 3086; x_wconf 85' lang='lat' dir='ltr'><strong>ser-</strong></span> 
     </span>
    </p>
   </div>
   <div class='ocr_carea' id='block_1_48' title="bbox 2153 1932 3719 2008">
    <p class='ocr_par' dir='ltr' id='par_1_48' title="bbox 2153 1932 3719 2008">
     <span class='ocr_line' id='line_1_48' title="bbox 2153 1932 3719 2008; baseline 0.006 -20"><span class='ocrx_word' id='word_1_351' title='bbox 2153 1933 2391 2007; x_wconf 80' lang='grc' dir='ltr'><strong>’1σραήλ.</strong></span> <span class='ocrx_word' id='word_1_352' title='bbox 2431 1951 2450 1986; x_wconf 68' lang='grc' dir='ltr'><strong>ι</strong></span> <span class='ocrx_word' id='word_1_353' title='bbox 2488 1934 2688 2007; x_wconf 78' lang='grc' dir='ltr'><strong>Ὁρᾷς,</strong></span> <span class='ocrx_word' id='word_1_354' title='bbox 2738 1935 2822 1988; x_wconf 84' lang='grc' dir='ltr'><strong>ὅτι</strong></span> <span class='ocrx_word' id='word_1_355' title='bbox 2860 1935 3019 2001; x_wconf 79' lang='grc' dir='ltr'><strong>θεοὺς</strong></span> <span class='ocrx_word' id='word_1_356' title='bbox 3057 1932 3205 2008; x_wconf 80' lang='grc' dir='ltr'><strong>εῖχον</strong></span> <span class='ocrx_word' id='word_1_357' title='bbox 3254 1939 3323 1992; x_wconf 87' lang='grc' dir='ltr'><strong>τά</strong></span> <span class='ocrx_word' id='word_1_358' title='bbox 3366 1940 3602 1996; x_wconf 79' lang='grc' dir='ltr'><strong>ετόωλα·</strong></span> <span class='ocrx_word' id='word_1_359' title='bbox 3655 1946 3719 1998; x_wconf 80' lang='grc' dir='ltr'><strong>οὐ</strong></span> 
     </span>
    </p>
   </div>
   <div class='ocr_carea' id='block_1_49' title="bbox 2139 2025 3722 2101">
    <p class='ocr_par' dir='ltr' id='par_1_49' title="bbox 2139 2025 3722 2101">
     <span class='ocr_line' id='line_1_49' title="bbox 2139 2025 3722 2101; baseline 0.006 -21"><span class='ocrx_word' id='word_1_360' title='bbox 2139 2026 2248 2098; x_wconf 86' lang='grc' dir='ltr'><strong>γὰρ</strong></span> <span class='ocrx_word' id='word_1_361' title='bbox 2277 2027 2539 2096; x_wconf 75' lang='grc' dir='ltr'><strong>ἐποίησαν</strong></span> <span class='ocrx_word' id='word_1_362' title='bbox 2569 2025 2690 2090; x_wconf 80' lang='grc' dir='ltr'><strong>Διὸς</strong></span> <span class='ocrx_word' id='word_1_363' title='bbox 2719 2025 2936 2081; x_wconf 87' lang='grc' dir='ltr'><strong>εῐδωλον</strong></span> <span class='ocrx_word' id='word_1_364' title='bbox 2959 2067 2975 2092; x_wconf 91' lang='grc'><strong>,</strong></span> <span class='ocrx_word' id='word_1_365' title='bbox 3009 2027 3042 2097; x_wconf 71' lang='grc' dir='ltr'>ἦ</span> <span class='ocrx_word' id='word_1_366' title='bbox 3073 2027 3230 2082; x_wconf 78' lang='grc' dir='ltr'><strong>τοῦδε</strong></span> <span class='ocrx_word' id='word_1_367' title='bbox 3253 2068 3270 2094; x_wconf 91' lang='grc'><strong>,</strong></span> <span class='ocrx_word' id='word_1_368' title='bbox 3299 2030 3333 2101; x_wconf 75' lang='grc' dir='ltr'><strong>ἢ</strong></span> <span class='ocrx_word' id='word_1_369' title='bbox 3371 2029 3529 2086; x_wconf 82' lang='grc' dir='ltr'><strong>τοῦδε</strong></span> <span class='ocrx_word' id='word_1_370' title='bbox 3549 2075 3565 2099; x_wconf 92' lang='grc'><strong>,</strong></span> <span class='ocrx_word' id='word_1_371' title='bbox 3599 2036 3722 2088; x_wconf 81' lang='grc' dir='ltr'><strong>ἀλλ’</strong></span> 
     </span>
    </p>
   </div>
   <div class='ocr_carea' id='block_1_50' title="bbox 2140 2103 3710 2194">
    <p class='ocr_par' dir='ltr' id='par_1_50' title="bbox 2140 2103 3710 2194">
     <span class='ocr_line' id='line_1_50' title="bbox 2140 2103 3710 2194; baseline 0.005 -22"><span class='ocrx_word' id='word_1_372' title='bbox 2140 2120 2215 2185; x_wconf 83' lang='grc' dir='ltr'><strong>ὡς</strong></span> <span class='ocrx_word' id='word_1_373' title='bbox 2241 2119 2430 2190; x_wconf 76' lang='grc' dir='ltr'><strong>ἔτυχεν</strong></span> <span class='ocrx_word' id='word_1_374' title='bbox 2449 2117 2656 2172; x_wconf 75' lang='grc' dir='ltr'><strong>ἔδωκαν</strong></span> <span class='ocrx_word' id='word_1_375' title='bbox 2678 2117 2772 2172; x_wconf 80' lang='grc' dir='ltr'><strong>τὸν</strong></span> <span class='ocrx_word' id='word_1_376' title='bbox 2797 2119 2995 2190; x_wconf 80' lang='grc' dir='ltr'><strong>χρυσὸν</strong></span> <span class='ocrx_word' id='word_1_377' title='bbox 3021 2119 3112 2172; x_wconf 75' lang='grc' dir='ltr'><strong>ἐπὶ</strong></span> <span class='ocrx_word' id='word_1_378' title='bbox 3135 2120 3198 2174; x_wconf 82' lang='grc' dir='ltr'><strong>τὸ</strong></span> <span class='ocrx_word' id='word_1_379' title='bbox 3222 2123 3442 2194; x_wconf 82' lang='grc' dir='ltr'><strong>ποιῆσαι</strong></span> <span class='ocrx_word' id='word_1_380' title='bbox 3457 2103 3710 2190; x_wconf 65' lang='grc' dir='ltr'><strong>εἴδωλον,</strong></span> 
     </span>
    </p>
   </div>
   <div class='ocr_carea' id='block_1_51' title="bbox 2139 2207 3712 2286">
    <p class='ocr_par' dir='ltr' id='par_1_51' title="bbox 2139 2207 3712 2286">
     <span class='ocr_line' id='line_1_51' title="bbox 2139 2207 3712 2286; baseline 0.004 -22"><span class='ocrx_word' id='word_1_381' title='bbox 2139 2211 2275 2282; x_wconf 80' lang='grc' dir='ltr'><strong>ὅπερ</strong></span> <span class='ocrx_word' id='word_1_382' title='bbox 2315 2210 2382 2264; x_wconf 81' lang='grc' dir='ltr'><strong>ἀν</strong></span> <span class='ocrx_word' id='word_1_383' title='bbox 2424 2207 2584 2282; x_wconf 82' lang='grc' dir='ltr'><strong>τύχῃ,</strong></span> <span class='ocrx_word' id='word_1_384' title='bbox 2629 2208 2725 2263; x_wconf 70' lang='grc' dir='ltr'><strong>καὶ</strong></span> <span class='ocrx_word' id='word_1_385' title='bbox 2769 2208 3000 2279; x_wconf 78' lang='grc' dir='ltr'><strong>ἀνῆλθεν</strong></span> <span class='ocrx_word' id='word_1_386' title='bbox 3045 2211 3347 2283; x_wconf 80' lang='grc' dir='ltr'><strong>ὲκτύπωμα</strong></span> <span class='ocrx_word' id='word_1_387' title='bbox 3377 2213 3712 2286; x_wconf 71' lang='grc' dir='ltr'><strong>βουκράνου.</strong></span> 
     </span>
    </p>
   </div>
   <div class='ocr_carea' id='block_1_52' title="bbox 2142 2297 3725 2372">
    <p class='ocr_par' dir='ltr' id='par_1_52' title="bbox 2142 2297 3725 2372">
     <span class='ocr_line' id='line_1_52' title="bbox 2142 2297 3725 2372; baseline 0.004 -18"><span class='ocrx_word' id='word_1_388' title='bbox 2142 2302 2307 2355; x_wconf 83' lang='grc' dir='ltr'><strong>Ὥστε</strong></span> <span class='ocrx_word' id='word_1_389' title='bbox 2339 2300 2479 2356; x_wconf 80' lang='grc' dir='ltr'><strong>αύτά</strong></span> <span class='ocrx_word' id='word_1_390' title='bbox 2505 2301 2575 2354; x_wconf 83' lang='grc' dir='ltr'><strong>τὰ</strong></span> <span class='ocrx_word' id='word_1_391' title='bbox 2605 2301 2851 2371; x_wconf 89' lang='grc' dir='ltr'><strong>χωνευτά</strong></span> <span class='ocrx_word' id='word_1_392' title='bbox 2881 2300 3041 2365; x_wconf 77' lang='grc' dir='ltr'><strong>θεοὺς</strong></span> <span class='ocrx_word' id='word_1_393' title='bbox 3071 2297 3237 2372; x_wconf 76' lang='grc' dir='ltr'><strong>εἶχον,</strong></span> <span class='ocrx_word' id='word_1_394' title='bbox 3271 2306 3364 2358; x_wconf 79' lang='grc' dir='ltr'><strong>καὶ</strong></span> <span class='ocrx_word' id='word_1_395' title='bbox 3397 2307 3614 2371; x_wconf 79' lang='grc' dir='ltr'><strong>τούτοις</strong></span> <span class='ocrx_word' id='word_1_396' title='bbox 3643 2309 3725 2372; x_wconf 83' lang='grc' dir='ltr'><strong>ὡς</strong></span> 
     </span>
    </p>
   </div>
   <div class='ocr_carea' id='block_1_53' title="bbox 2142 2391 3723 2470">
    <p class='ocr_par' dir='ltr' id='par_1_53' title="bbox 2142 2391 3723 2470">
     <span class='ocr_line' id='line_1_53' title="bbox 2142 2391 3723 2470; baseline 0.004 -24"><span class='ocrx_word' id='word_1_397' title='bbox 2142 2392 2284 2456; x_wconf 81' lang='grc' dir='ltr'><strong>θεοῖς</strong></span> <span class='ocrx_word' id='word_1_398' title='bbox 2325 2393 2716 2464; x_wconf 79' lang='grc' dir='ltr'><strong>προσεκύνουν,</strong></span> <span class='ocrx_word' id='word_1_399' title='bbox 2758 2391 2918 2446; x_wconf 73' lang='grc' dir='ltr'><strong>ἅτινα</strong></span> <span class='ocrx_word' id='word_1_400' title='bbox 2959 2392 3235 2464; x_wconf 83' lang='grc' dir='ltr'><strong>δαιμόνων</strong></span> <span class='ocrx_word' id='word_1_401' title='bbox 3273 2391 3416 2467; x_wconf 77' lang='grc' dir='ltr'><strong>ἦσαν</strong></span> <span class='ocrx_word' id='word_1_402' title='bbox 3452 2415 3723 2470; x_wconf 82' lang='grc' dir='ltr'><strong>κατοικη-</strong></span> 
     </span>
    </p>
   </div>
   <div class='ocr_carea' id='block_1_54' title="bbox 2139 2483 3720 2560">
    <p class='ocr_par' dir='ltr' id='par_1_54' title="bbox 2139 2483 3720 2560">
     <span class='ocr_line' id='line_1_54' title="bbox 2139 2483 3720 2560; baseline 0.004 -22"><span class='ocrx_word' id='word_1_403' title='bbox 2139 2487 2328 2556; x_wconf 81' lang='grc' dir='ltr'><strong>τήρια.</strong></span> <span class='ocrx_word' id='word_1_404' title='bbox 2366 2486 2475 2538; x_wconf 82' lang='lat' dir='ltr'><strong>Kal</strong></span> <span class='ocrx_word' id='word_1_405' title='bbox 2503 2485 2584 2538; x_wconf 81' lang='grc' dir='ltr'><strong>ὅτι</strong></span> <span class='ocrx_word' id='word_1_406' title='bbox 2633 2487 2699 2556; x_wconf 76' lang='grc' dir='ltr'><strong>τῇ</strong></span> <span class='ocrx_word' id='word_1_407' title='bbox 2733 2483 2909 2538; x_wconf 85' lang='grc' dir='ltr'><strong>κτίσει</strong></span> <span class='ocrx_word' id='word_1_408' title='bbox 2940 2484 3229 2556; x_wconf 85' lang='grc' dir='ltr'><strong>ὲλάτρευον</strong></span> <span class='ocrx_word' id='word_1_409' title='bbox 3258 2489 3412 2560; x_wconf 86' lang='grc' dir='ltr'><strong>παρά</strong></span> <span class='ocrx_word' id='word_1_410' title='bbox 3451 2491 3548 2543; x_wconf 74' lang='grc' dir='ltr'><strong>τὸν</strong></span> <span class='ocrx_word' id='word_1_411' title='bbox 3578 2493 3720 2545; x_wconf 77' lang='grc' dir='ltr'><strong>Κτί-</strong></span> 
     </span>
    </p>
   </div>
   <div class='ocr_carea' id='block_1_55' title="bbox 2143 2575 3720 2654">
    <p class='ocr_par' dir='ltr' id='par_1_55' title="bbox 2143 2575 3720 2654">
     <span class='ocr_line' id='line_1_55' title="bbox 2143 2575 3720 2654; baseline 0.006 -23"><span class='ocrx_word' id='word_1_412' title='bbox 2143 2593 2332 2641; x_wconf 87' lang='grc' dir='ltr'><strong>σαντα,</strong></span> <span class='ocrx_word' id='word_1_413' title='bbox 2366 2575 2533 2648; x_wconf 73' lang='grc' dir='ltr'><strong>φησὶν</strong></span> <span class='ocrx_word' id='word_1_414' title='bbox 2560 2577 2589 2629; x_wconf 85' lang='grc' dir='ltr'><strong>ό</strong></span> <span class='ocrx_word' id='word_1_415' title='bbox 2620 2576 2762 2640; x_wconf 89' lang='grc' dir='ltr'><strong>θεῖος</strong></span> <span class='ocrx_word' id='word_1_416' title='bbox 2797 2578 3150 2642; x_wconf 83' lang='grc' dir='ltr'><strong>Ἀπόστολος·</strong></span> <span class='ocrx_word' id='word_1_417' title='bbox 3190 2599 3208 2631; x_wconf 82' lang='grc' dir='ltr'><strong>ι</strong></span> <span class='ocrx_word' id='word_1_418' title='bbox 3232 2581 3446 2646; x_wconf 79' lang='grc' dir='ltr'><strong>Οἰτινες</strong></span> <span class='ocrx_word' id='word_1_419' title='bbox 3472 2583 3720 2654; x_wconf 70' lang='grc' dir='ltr'><strong>ἤλλαξαν</strong></span> 
     </span>
    </p>
   </div>
   <div class='ocr_carea' id='block_1_56' title="bbox 2140 2666 3719 2748">
    <p class='ocr_par' dir='ltr' id='par_1_56' title="bbox 2140 2666 3719 2748">
     <span class='ocr_line' id='line_1_56' title="bbox 2140 2666 3719 2748; baseline 0.004 -26"><span class='ocrx_word' id='word_1_420' title='bbox 2140 2668 2238 2740; x_wconf 80' lang='grc' dir='ltr'><strong>τὴν</strong></span> <span class='ocrx_word' id='word_1_421' title='bbox 2270 2667 2428 2732; x_wconf 83' lang='grc' dir='ltr'><strong>δόξαν</strong></span> <span class='ocrx_word' id='word_1_422' title='bbox 2457 2666 2550 2721; x_wconf 77' lang='grc' dir='ltr'><strong>τοῦ</strong></span> <span class='ocrx_word' id='word_1_423' title='bbox 2592 2667 2872 2740; x_wconf 82' lang='grc' dir='ltr'><strong>ἀφθάρτου</strong></span> <span class='ocrx_word' id='word_1_424' title='bbox 2900 2667 3036 2722; x_wconf 80' lang='grc' dir='ltr'><strong>Θεοῦ</strong></span> <span class='ocrx_word' id='word_1_425' title='bbox 3087 2671 3146 2723; x_wconf 69' lang='grc' dir='ltr'><strong>ἐν</strong></span> <span class='ocrx_word' id='word_1_426' title='bbox 3195 2672 3504 2744; x_wconf 81' lang='grc' dir='ltr'><strong>ὁμοιώματι</strong></span> <span class='ocrx_word' id='word_1_427' title='bbox 3537 2677 3719 2748; x_wconf 73' lang='grc' dir='ltr'><strong>φθαρο</strong></span> 
     </span>
    </p>
   </div>
   <div class='ocr_carea' id='block_1_57' title="bbox 2140 2757 3722 2837">
    <p class='ocr_par' dir='ltr' id='par_1_57' title="bbox 2140 2757 3722 2837">
     <span class='ocr_line' id='line_1_57' title="bbox 2140 2757 3722 2837; baseline 0.006 -23"><span class='ocrx_word' id='word_1_428' title='bbox 2140 2759 2234 2814; x_wconf 79' lang='grc' dir='ltr'><strong>τοῦ</strong></span> <span class='ocrx_word' id='word_1_429' title='bbox 2269 2757 2558 2831; x_wconf 81' lang='grc' dir='ltr'><strong>ἀνθρώπου</strong></span> <span class='ocrx_word' id='word_1_430' title='bbox 2579 2801 2593 2826; x_wconf 96' lang='grc'><strong>,</strong></span> <span class='ocrx_word' id='word_1_431' title='bbox 2625 2760 2721 2812; x_wconf 78' lang='grc' dir='ltr'><strong>καὶ</strong></span> <span class='ocrx_word' id='word_1_432' title='bbox 2751 2759 3017 2814; x_wconf 87' lang='grc' dir='ltr'><strong>πετεινῶν</strong></span> <span class='ocrx_word' id='word_1_433' title='bbox 3041 2803 3054 2824; x_wconf 93' lang='grc'><strong>,</strong></span> <span class='ocrx_word' id='word_1_434' title='bbox 3086 2762 3183 2815; x_wconf 73' lang='grc' dir='ltr'><strong>καί</strong></span> <span class='ocrx_word' id='word_1_435' title='bbox 3210 2766 3591 2837; x_wconf 81' lang='grc' dir='ltr'><strong>τετραπόδων,</strong></span> <span class='ocrx_word' id='word_1_436' title='bbox 3625 2771 3722 2822; x_wconf 77' lang='grc' dir='ltr'><strong>καὶ</strong></span> 
     </span>
    </p>
   </div>
   <div class='ocr_carea' id='block_1_58' title="bbox 2142 2847 3722 2924">
    <p class='ocr_par' dir='ltr' id='par_1_58' title="bbox 2142 2847 3722 2924">
     <span class='ocr_line' id='line_1_58' title="bbox 2142 2847 3722 2924; baseline 0.003 -20"><span class='ocrx_word' id='word_1_437' title='bbox 2142 2850 2386 2922; x_wconf 76' lang='grc' dir='ltr'><strong>ἑρπετῶν</strong></span> <span class='ocrx_word' id='word_1_438' title='bbox 2412 2867 2425 2881; x_wconf 88' lang='grc'><strong>·</strong></span> <span class='ocrx_word' id='word_1_439' title='bbox 2477 2849 2574 2903; x_wconf 80' lang='grc' dir='ltr'><strong>καὶ</strong></span> <span class='ocrx_word' id='word_1_440' title='bbox 2622 2847 2956 2920; x_wconf 75' lang='grc' dir='ltr'><strong>ἐλάτρευσαν</strong></span> <span class='ocrx_word' id='word_1_441' title='bbox 2983 2853 3050 2921; x_wconf 78' lang='grc' dir='ltr'><strong>τῇ</strong></span> <span class='ocrx_word' id='word_1_442' title='bbox 3081 2850 3258 2904; x_wconf 77' lang='grc' dir='ltr'><strong>κτίσει</strong></span> <span class='ocrx_word' id='word_1_443' title='bbox 3288 2852 3440 2924; x_wconf 80' lang='grc' dir='ltr'><strong>παρὰ</strong></span> <span class='ocrx_word' id='word_1_444' title='bbox 3465 2854 3563 2908; x_wconf 74' lang='grc' dir='ltr'><strong>τὸν</strong></span> <span class='ocrx_word' id='word_1_445' title='bbox 3595 2857 3722 2909; x_wconf 79' lang='grc' dir='ltr'><strong>Κτίο</strong></span> 
     </span>
    </p>
   </div>
   <div class='ocr_carea' id='block_1_59' title="bbox 2144 2941 3721 3015">
    <p class='ocr_par' dir='ltr' id='par_1_59' title="bbox 2144 2941 3721 3015">
     <span class='ocr_line' id='line_1_59' title="bbox 2144 2941 3721 3015; baseline 0.002 -16"><span class='ocrx_word' id='word_1_446' title='bbox 2144 2960 2331 2999; x_wconf 87' lang='grc' dir='ltr'><strong>σαντα.</strong></span> <span class='ocrx_word' id='word_1_447' title='bbox 2369 2961 2387 2993; x_wconf 76' lang='grc' dir='ltr'><strong>ι</strong></span> <span class='ocrx_word' id='word_1_448' title='bbox 2424 2941 2626 2996; x_wconf 87' lang='grc' dir='ltr'><strong>Τούτου</strong></span> <span class='ocrx_word' id='word_1_449' title='bbox 2665 2941 2826 3014; x_wconf 77' lang='grc' dir='ltr'><strong>χάριν</strong></span> <span class='ocrx_word' id='word_1_450' title='bbox 2874 2942 3257 3015; x_wconf 73' lang='grc' dir='ltr'><strong>ἀπηγόρευσεν</strong></span> <span class='ocrx_word' id='word_1_451' title='bbox 3298 2946 3327 2998; x_wconf 92' lang='grc' dir='ltr'><strong>ό</strong></span> <span class='ocrx_word' id='word_1_452' title='bbox 3373 2945 3511 3010; x_wconf 81' lang='grc' dir='ltr'><strong>Θεὸς</strong></span> <span class='ocrx_word' id='word_1_453' title='bbox 3541 2951 3721 3003; x_wconf 73' lang='grc' dir='ltr'><strong>ποιεῖν</strong></span> 
     </span>
    </p>
   </div>
   <div class='ocr_carea' id='block_1_60' title="bbox 2144 3032 2554 3104">
    <p class='ocr_par' dir='ltr' id='par_1_60' title="bbox 2144 3032 2554 3104">
     <span class='ocr_line' id='line_1_60' title="bbox 2144 3032 2554 3104; baseline -0.007 -17"><span class='ocrx_word' id='word_1_454' title='bbox 2144 3035 2250 3087; x_wconf 78' lang='grc' dir='ltr'><strong>πᾶν</strong></span> <span class='ocrx_word' id='word_1_455' title='bbox 2285 3032 2554 3104; x_wconf 84' lang='grc' dir='ltr'><strong>ὁμοίωμα.</strong></span> 
     </span>
    </p>
   </div>
   <div class='ocr_carea' id='block_1_61' title="bbox 465 3119 3724 3212">
    <p class='ocr_par' dir='ltr' id='par_1_61' title="bbox 465 3119 3724 3212">
     <span class='ocr_line' id='line_1_61' title="bbox 465 3119 3724 3212; baseline 0.003 -36"><span class='ocrx_word' id='word_1_456' title='bbox 465 3122 688 3177; x_wconf 88' lang='lat' dir='ltr'><strong>viebant</strong></span> <span class='ocrx_word' id='word_1_457' title='bbox 716 3129 987 3176; x_wconf 75' lang='lat' dir='ltr'><strong>creaturae</strong></span> <span class='ocrx_word' id='word_1_458' title='bbox 1025 3119 1210 3191; x_wconf 86' lang='lat' dir='ltr'><strong>potius</strong></span> <span class='ocrx_word' id='word_1_459' title='bbox 1247 3134 1412 3190; x_wconf 88' lang='lat' dir='ltr'><strong>quam</strong></span> <span class='ocrx_word' id='word_1_460' title='bbox 1481 3119 1730 3175; x_wconf 85' lang='lat' dir='ltr'><strong>Creatori</strong></span> <span class='ocrx_word' id='word_1_461' title='bbox 1766 3119 1833 3171; x_wconf 83' lang='lat'><strong>“.</strong></span> <span class='ocrx_word' id='word_1_462' title='bbox 1865 3138 1911 3212; x_wconf 34' lang='grc' dir='ltr'><strong>,ι</strong></span> <span class='ocrx_word' id='word_1_463' title='bbox 1974 3119 2344 3186; x_wconf 83' lang='lat' dir='ltr'><strong>Quamobrem</strong></span> <span class='ocrx_word' id='word_1_464' title='bbox 2403 3121 2568 3185; x_wconf 88' lang='lat' dir='ltr'><strong>Deus,</strong></span> <span class='ocrx_word' id='word_1_465' title='bbox 2629 3134 2698 3175; x_wconf 89' lang='lat' dir='ltr'><strong>ne</strong></span> <span class='ocrx_word' id='word_1_466' title='bbox 2771 3134 2880 3190; x_wconf 83' lang='lat' dir='ltr'><strong>qua</strong></span> <span class='ocrx_word' id='word_1_467' title='bbox 2936 3120 3245 3179; x_wconf 86' lang='lat' dir='ltr'><strong>similitudo</strong></span> <span class='ocrx_word' id='word_1_468' title='bbox 3292 3123 3480 3196; x_wconf 79' lang='lat' dir='ltr'><strong>ﬁeret,</strong></span> <span class='ocrx_word' id='word_1_469' title='bbox 3533 3130 3724 3200; x_wconf 83' lang='lat' dir='ltr'><strong>prohi-</strong></span> 
     </span>
    </p>
   </div>
   <div class='ocr_carea' id='block_1_62' title="bbox 465 3213 607 3269">
    <p class='ocr_par' dir='ltr' id='par_1_62' title="bbox 465 3213 607 3269">
     <span class='ocr_line' id='line_1_62' title="bbox 465 3213 607 3269; baseline -0.007 0"><span class='ocrx_word' id='word_1_470' title='bbox 465 3213 607 3269; x_wconf 87' lang='lat' dir='ltr'><strong>buit.</strong></span> 
     </span>
    </p>
   </div>
   <div class='ocr_carea' id='block_1_63' title="bbox 536 3321 2035 3402">
    <p class='ocr_par' dir='ltr' id='par_1_63' title="bbox 536 3324 2035 3396">
     <span class='ocr_line' id='line_1_63' title="bbox 536 3324 2035 3396; baseline -0.002 -12"><span class='ocrx_word' id='word_1_471' title='bbox 536 3330 588 3384; x_wconf 87' lang='lat'><strong>6.</strong></span> <span class='ocrx_word' id='word_1_472' title='bbox 627 3327 780 3382; x_wconf 90' lang='lat' dir='ltr'><strong>Illum</strong></span> <span class='ocrx_word' id='word_1_473' title='bbox 816 3327 964 3392; x_wconf 87' lang='lat' dir='ltr'><strong>novi,</strong></span> <span class='ocrx_word' id='word_1_474' title='bbox 1001 3327 1094 3396; x_wconf 90' lang='lat' dir='ltr'><strong>qui</strong></span> <span class='ocrx_word' id='word_1_475' title='bbox 1127 3326 1263 3381; x_wconf 85' lang='lat' dir='ltr'><strong>citra</strong></span> <span class='ocrx_word' id='word_1_476' title='bbox 1299 3325 1650 3381; x_wconf 88' lang='lat' dir='ltr'><strong>mendacium</strong></span> <span class='ocrx_word' id='word_1_477' title='bbox 1681 3324 1855 3379; x_wconf 81' lang='lat' dir='ltr'><strong>dixit:</strong></span> <span class='ocrx_word' id='word_1_478' title='bbox 1889 3343 1907 3375; x_wconf 82' lang='grc' dir='ltr'><strong>ι</strong></span> <span class='ocrx_word' id='word_1_479' title='bbox 1943 3324 2035 3381; x_wconf 86' lang='lat' dir='ltr'><strong>Do-</strong></span> 
     </span>
    </p>
   </div>
   <div class='ocr_carea' id='block_1_64' title="bbox 2140 3321 3721 3402">
    <p class='ocr_par' dir='ltr' id='par_1_64' title="bbox 2215 3321 3721 3402">
     <span class='ocr_line' id='line_1_64' title="bbox 2215 3321 3721 3402; baseline 0.027 -13"><span class='ocrx_word' id='word_1_480' title='bbox 2215 3323 2289 3390; x_wconf 83' lang='grc' dir='ltr'><strong>ς’.</strong></span> <span class='ocrx_word' id='word_1_481' title='bbox 2322 3321 2454 3379; x_wconf 75' lang='grc' dir='ltr'><strong>Οἶδα</strong></span> <span class='ocrx_word' id='word_1_482' title='bbox 2495 3325 2586 3378; x_wconf 87' lang='grc' dir='ltr'><strong>τὸν</strong></span> <span class='ocrx_word' id='word_1_483' title='bbox 2627 3325 2876 3396; x_wconf 82' lang='grc' dir='ltr'><strong>ἀψευδῶς</strong></span> <span class='ocrx_word' id='word_1_484' title='bbox 2919 3327 3143 3382; x_wconf 66' lang='grc' dir='ltr'><strong>εἶπόντα</strong></span> <span class='ocrx_word' id='word_1_485' title='bbox 3169 3343 3186 3360; x_wconf 69' lang='grc'>⁸</span> <span class='ocrx_word' id='word_1_486' title='bbox 3241 3349 3260 3382; x_wconf 66' lang='grc' dir='ltr'><strong>ί</strong></span> <span class='ocrx_word' id='word_1_487' title='bbox 3300 3330 3505 3401; x_wconf 67' lang='grc' dir='ltr'><strong>Κύριος</strong></span> <span class='ocrx_word' id='word_1_488' title='bbox 3533 3337 3562 3388; x_wconf 63' lang='grc' dir='ltr'><strong>ὁ</strong></span> <span class='ocrx_word' id='word_1_489' title='bbox 3588 3335 3721 3402; x_wconf 62' lang='grc' dir='ltr'>θεός</span> 
     </span>
    </p>
   </div>
   <div class='ocr_carea' id='block_1_65' title="bbox 465 3416 2036 3483">
    <p class='ocr_par' dir='ltr' id='par_1_65' title="bbox 465 3416 2036 3483">
     <span class='ocr_line' id='line_1_65' title="bbox 465 3416 2036 3483; baseline -0.004 -7"><span class='ocrx_word' id='word_1_490' title='bbox 465 3422 648 3476; x_wconf 91' lang='lat' dir='ltr'><strong>minus</strong></span> <span class='ocrx_word' id='word_1_491' title='bbox 678 3420 818 3476; x_wconf 87' lang='lat' dir='ltr'><strong>Deus</strong></span> <span class='ocrx_word' id='word_1_492' title='bbox 845 3430 992 3483; x_wconf 89' lang='lat' dir='ltr'><strong>tuus,</strong></span> <span class='ocrx_word' id='word_1_493' title='bbox 1028 3419 1170 3475; x_wconf 87' lang='lat' dir='ltr'><strong>Deus</strong></span> <span class='ocrx_word' id='word_1_494' title='bbox 1204 3434 1349 3474; x_wconf 92' lang='lat' dir='ltr'><strong>unus</strong></span> <span class='ocrx_word' id='word_1_495' title='bbox 1375 3427 1459 3474; x_wconf 91' lang='lat' dir='ltr'><strong>est</strong></span> <span class='ocrx_word' id='word_1_496' title='bbox 1480 3417 1546 3470; x_wconf 82' lang='lat'><strong>”.</strong></span> <span class='ocrx_word' id='word_1_497' title='bbox 1585 3436 1603 3469; x_wconf 75' lang='grc' dir='ltr'><strong>ι</strong></span> <span class='ocrx_word' id='word_1_498' title='bbox 1643 3416 1706 3470; x_wconf 83' lang='grc' dir='ltr'><strong>Ει</strong></span> <span class='ocrx_word' id='word_1_499' title='bbox 1742 3435 1754 3471; x_wconf 95' lang='lat'><strong>:</strong></span> <span class='ocrx_word' id='word_1_500' title='bbox 1792 3434 1811 3468; x_wconf 83' lang='grc' dir='ltr'><strong>ι</strong></span> <span class='ocrx_word' id='word_1_501' title='bbox 1849 3416 2036 3472; x_wconf 83' lang='grc' dir='ltr'><strong>1)οωὶ-</strong></span> 
     </span>
    </p>
   </div>
   <div class='ocr_carea' id='block_1_66' title="bbox 465 3511 2036 3576">
    <p class='ocr_par' dir='ltr' id='par_1_66' title="bbox 465 3511 2036 3576">
     <span class='ocr_line' id='line_1_66' title="bbox 465 3511 2036 3576; baseline -0.003 -5"><span class='ocrx_word' id='word_1_502' title='bbox 465 3532 594 3571; x_wconf 88' lang='lat' dir='ltr'><strong>num</strong></span> <span class='ocrx_word' id='word_1_503' title='bbox 626 3513 796 3570; x_wconf 94' lang='lat' dir='ltr'><strong>Deum</strong></span> <span class='ocrx_word' id='word_1_504' title='bbox 833 3522 988 3568; x_wconf 92' lang='lat' dir='ltr'><strong>tuum</strong></span> <span class='ocrx_word' id='word_1_505' title='bbox 1022 3513 1306 3576; x_wconf 88' lang='lat' dir='ltr'><strong>adorabis,</strong></span> <span class='ocrx_word' id='word_1_506' title='bbox 1358 3519 1413 3567; x_wconf 88' lang='lat' dir='ltr'><strong>et</strong></span> <span class='ocrx_word' id='word_1_507' title='bbox 1463 3511 1541 3565; x_wconf 92' lang='lat' dir='ltr'><strong>illi</strong></span> <span class='ocrx_word' id='word_1_508' title='bbox 1590 3511 1694 3566; x_wconf 91' lang='lat' dir='ltr'><strong>soli</strong></span> <span class='ocrx_word' id='word_1_509' title='bbox 1725 3511 1935 3566; x_wconf 78' lang='lat' dir='ltr'><strong>servies</strong></span> <span class='ocrx_word' id='word_1_510' title='bbox 1967 3511 2036 3565; x_wconf 74' lang='lat'><strong>“.</strong></span> 
     </span>
    </p>
   </div>
   <div class='ocr_carea' id='block_1_67' title="bbox 462 3599 2040 3672">
    <p class='ocr_par' dir='ltr' id='par_1_67' title="bbox 462 3599 2040 3672">
     <span class='ocr_line' id='line_1_67' title="bbox 462 3599 2040 3672; baseline -0.005 -11"><span class='ocrx_word' id='word_1_511' title='bbox 462 3605 582 3661; x_wconf 83' lang='lat' dir='ltr'><strong>Non</strong></span> <span class='ocrx_word' id='word_1_512' title='bbox 610 3613 773 3661; x_wconf 90' lang='lat' dir='ltr'><strong>erunt</strong></span> <span class='ocrx_word' id='word_1_513' title='bbox 810 3604 908 3659; x_wconf 90' lang='lat' dir='ltr'><strong>tibi</strong></span> <span class='ocrx_word' id='word_1_514' title='bbox 938 3602 1017 3658; x_wconf 89' lang='lat' dir='ltr'><strong>dii</strong></span> <span class='ocrx_word' id='word_1_515' title='bbox 1063 3602 1231 3658; x_wconf 85' lang='lat' dir='ltr'><strong>alieni</strong></span> <span class='ocrx_word' id='word_1_516' title='bbox 1261 3604 1328 3657; x_wconf 80' lang='lat'><strong>&quot;.</strong></span> <span class='ocrx_word' id='word_1_517' title='bbox 1365 3621 1384 3655; x_wconf 72' lang='grc' dir='ltr'><strong>ι</strong></span> <span class='ocrx_word' id='word_1_518' title='bbox 1423 3603 1701 3672; x_wconf 87' lang='lat' dir='ltr'><strong>Itemque:</strong></span> <span class='ocrx_word' id='word_1_519' title='bbox 1752 3619 1770 3653; x_wconf 87' lang='grc' dir='ltr'><strong>ι</strong></span> <span class='ocrx_word' id='word_1_520' title='bbox 1805 3600 1926 3654; x_wconf 84' lang='lat' dir='ltr'><strong>Non</strong></span> <span class='ocrx_word' id='word_1_521' title='bbox 1961 3599 2040 3654; x_wconf 84' lang='lat' dir='ltr'><strong>fa-</strong></span> 
     </span>
    </p>
   </div>
   <div class='ocr_carea' id='block_1_68' title="bbox 465 3691 2034 3766">
    <p class='ocr_par' dir='ltr' id='par_1_68' title="bbox 465 3691 2034 3766">
     <span class='ocr_line' id='line_1_68' title="bbox 465 3691 2034 3766; baseline -0.005 -14"><span class='ocrx_word' id='word_1_522' title='bbox 465 3699 578 3753; x_wconf 88' lang='lat' dir='ltr'><strong>cies</strong></span> <span class='ocrx_word' id='word_1_523' title='bbox 630 3697 726 3752; x_wconf 91' lang='lat' dir='ltr'><strong>tibi</strong></span> <span class='ocrx_word' id='word_1_524' title='bbox 774 3695 1052 3766; x_wconf 91' lang='lat' dir='ltr'><strong>sculptile,</strong></span> <span class='ocrx_word' id='word_1_525' title='bbox 1109 3708 1330 3748; x_wconf 90' lang='lat' dir='ltr'><strong>omnem</strong></span> <span class='ocrx_word' id='word_1_526' title='bbox 1364 3691 1787 3748; x_wconf 89' lang='lat' dir='ltr'><strong>similitudinem</strong></span> <span class='ocrx_word' id='word_1_527' title='bbox 1821 3705 2034 3756; x_wconf 90' lang='lat' dir='ltr'><strong>eorum,</strong></span> 
     </span>
    </p>
   </div>
   <div class='ocr_carea' id='block_1_69' title="bbox 463 3781 2036 3859">
    <p class='ocr_par' dir='ltr' id='par_1_69' title="bbox 463 3781 2036 3859">
     <span class='ocr_line' id='line_1_69' title="bbox 463 3781 2036 3859; baseline -0.004 -16"><span class='ocrx_word' id='word_1_528' title='bbox 463 3803 588 3859; x_wconf 70' lang='lat' dir='ltr'><strong>qua:</strong></span> <span class='ocrx_word' id='word_1_529' title='bbox 615 3787 672 3842; x_wconf 90' lang='lat' dir='ltr'><strong>in</strong></span> <span class='ocrx_word' id='word_1_530' title='bbox 706 3787 846 3842; x_wconf 77' lang='lat' dir='ltr'><strong>cmlo</strong></span> <span class='ocrx_word' id='word_1_531' title='bbox 877 3793 1009 3843; x_wconf 87' lang='lat' dir='ltr'><strong>sunt</strong></span> <span class='ocrx_word' id='word_1_532' title='bbox 1042 3800 1291 3850; x_wconf 87' lang='lat' dir='ltr'><strong>sursum,</strong></span> <span class='ocrx_word' id='word_1_533' title='bbox 1333 3791 1389 3840; x_wconf 91' lang='lat' dir='ltr'><strong>et</strong></span> <span class='ocrx_word' id='word_1_534' title='bbox 1428 3798 1551 3854; x_wconf 72' lang='lat' dir='ltr'><strong>quae</strong></span> <span class='ocrx_word' id='word_1_535' title='bbox 1592 3783 1651 3837; x_wconf 82' lang='lat' dir='ltr'><strong>in</strong></span> <span class='ocrx_word' id='word_1_536' title='bbox 1688 3789 1839 3838; x_wconf 87' lang='lat' dir='ltr'><strong>terra</strong></span> <span class='ocrx_word' id='word_1_537' title='bbox 1873 3781 2036 3837; x_wconf 91' lang='lat' dir='ltr'><strong>deor-</strong></span> 
     </span>
    </p>
   </div>
   <div class='ocr_carea' id='block_1_70' title="bbox 465 3876 2037 3946">
    <p class='ocr_par' dir='ltr' id='par_1_70' title="bbox 465 3876 2037 3946">
     <span class='ocr_line' id='line_1_70' title="bbox 465 3876 2037 3946; baseline -0.004 -9"><span class='ocrx_word' id='word_1_538' title='bbox 465 3897 586 3939; x_wconf 82' lang='lat' dir='ltr'><strong>sum</strong></span> <span class='ocrx_word' id='word_1_539' title='bbox 617 3881 682 3936; x_wconf 77' lang='lat'><strong>&quot;.</strong></span> <span class='ocrx_word' id='word_1_540' title='bbox 723 3900 742 3934; x_wconf 74' lang='grc' dir='ltr'><strong>ι</strong></span> <span class='ocrx_word' id='word_1_541' title='bbox 776 3880 843 3934; x_wconf 83' lang='grc' dir='ltr'><strong>Ει</strong></span> <span class='ocrx_word' id='word_1_542' title='bbox 872 3894 1089 3935; x_wconf 89' lang='lat' dir='ltr'><strong>rursum</strong></span> <span class='ocrx_word' id='word_1_543' title='bbox 1119 3898 1132 3934; x_wconf 91' lang='lat'><strong>:</strong></span> <span class='ocrx_word' id='word_1_544' title='bbox 1185 3895 1204 3930; x_wconf 85' lang='grc' dir='ltr'><strong>ι</strong></span> <span class='ocrx_word' id='word_1_545' title='bbox 1255 3876 1685 3933; x_wconf 82' lang='lat' dir='ltr'><strong>Confundantur</strong></span> <span class='ocrx_word' id='word_1_546' title='bbox 1712 3891 1912 3932; x_wconf 92' lang='lat' dir='ltr'><strong>omnes</strong></span> <span class='ocrx_word' id='word_1_547' title='bbox 1941 3877 2037 3946; x_wconf 91' lang='lat' dir='ltr'><strong>qui</strong></span> 
     </span>
    </p>
   </div>
   <div class='ocr_carea' id='block_1_71' title="bbox 465 3967 2036 4042">
    <p class='ocr_par' dir='ltr' id='par_1_71' title="bbox 465 3967 2036 4042">
     <span class='ocr_line' id='line_1_71' title="bbox 465 3967 2036 4042; baseline -0.004 -13"><span class='ocrx_word' id='word_1_548' title='bbox 465 3975 698 4030; x_wconf 81' lang='lat' dir='ltr'><strong>adorant</strong></span> <span class='ocrx_word' id='word_1_549' title='bbox 755 3972 1052 4042; x_wconf 84' lang='lat' dir='ltr'><strong>sculptilia.</strong></span> <span class='ocrx_word' id='word_1_550' title='bbox 1088 3989 1107 4022; x_wconf 77' lang='grc' dir='ltr'><strong>ι</strong></span> <span class='ocrx_word' id='word_1_551' title='bbox 1166 3969 1235 4024; x_wconf 83' lang='grc' dir='ltr'><strong>Ει</strong></span> <span class='ocrx_word' id='word_1_552' title='bbox 1268 3987 1282 4025; x_wconf 91' lang='lat'><strong>:</strong></span> <span class='ocrx_word' id='word_1_553' title='bbox 1321 3987 1341 4020; x_wconf 87' lang='grc'><em>‹</em></span> <span class='ocrx_word' id='word_1_554' title='bbox 1393 3968 1622 4024; x_wconf 84' lang='lat' dir='ltr'><strong>Pereant</strong></span> <span class='ocrx_word' id='word_1_555' title='bbox 1677 3967 1754 4022; x_wconf 91' lang='lat' dir='ltr'><strong>dii</strong></span> <span class='ocrx_word' id='word_1_556' title='bbox 1787 3968 1882 4040; x_wconf 93' lang='lat' dir='ltr'><strong>qui</strong></span> <span class='ocrx_word' id='word_1_557' title='bbox 1923 3982 2036 4022; x_wconf 91' lang='lat' dir='ltr'><strong>non</strong></span> 
     </span>
    </p>
   </div>
   <div class='ocr_carea' id='block_1_72' title="bbox 463 4059 2038 4130">
    <p class='ocr_par' dir='ltr' id='par_1_72' title="bbox 463 4059 2038 4130">
     <span class='ocr_line' id='line_1_72' title="bbox 463 4059 2038 4130; baseline -0.003 -10"><span class='ocrx_word' id='word_1_558' title='bbox 463 4066 720 4122; x_wconf 76' lang='lat' dir='ltr'><strong>fecerunt</strong></span> <span class='ocrx_word' id='word_1_559' title='bbox 778 4065 980 4120; x_wconf 79' lang='lat' dir='ltr'><strong>ccelum</strong></span> <span class='ocrx_word' id='word_1_560' title='bbox 1017 4071 1072 4117; x_wconf 90' lang='lat' dir='ltr'><strong>et</strong></span> <span class='ocrx_word' id='word_1_561' title='bbox 1112 4069 1317 4118; x_wconf 90' lang='lat' dir='ltr'><strong>terram</strong></span> <span class='ocrx_word' id='word_1_562' title='bbox 1347 4061 1430 4116; x_wconf 74' lang='grc' dir='ltr'><strong>’τι</strong></span> <span class='ocrx_word' id='word_1_563' title='bbox 1470 4079 1488 4114; x_wconf 78' lang='grc' dir='ltr'><strong>ι</strong></span> <span class='ocrx_word' id='word_1_564' title='bbox 1543 4069 1597 4116; x_wconf 92' lang='lat' dir='ltr'><strong>et</strong></span> <span class='ocrx_word' id='word_1_565' title='bbox 1629 4060 1736 4114; x_wconf 87' lang='lat' dir='ltr'><strong>alia</strong></span> <span class='ocrx_word' id='word_1_566' title='bbox 1797 4059 2038 4130; x_wconf 86' lang='lat' dir='ltr'><strong>denique</strong></span> 
     </span>
    </p>
   </div>
   <div class='ocr_carea' id='block_1_73' title="bbox 465 4152 2036 4226">
    <p class='ocr_par' dir='ltr' id='par_1_73' title="bbox 465 4152 2036 4226">
     <span class='ocr_line' id='line_1_73' title="bbox 465 4152 2036 4226; baseline -0.005 -14"><span class='ocrx_word' id='word_1_567' title='bbox 465 4157 710 4226; x_wconf 88' lang='lat' dir='ltr'><strong>ejusdem</strong></span> <span class='ocrx_word' id='word_1_568' title='bbox 742 4155 978 4226; x_wconf 84' lang='lat' dir='ltr'><strong>generis,</strong></span> <span class='ocrx_word' id='word_1_569' title='bbox 1013 4169 1136 4226; x_wconf 64' lang='lat' dir='ltr'><strong>quae</strong></span> <span class='ocrx_word' id='word_1_570' title='bbox 1169 4154 1391 4210; x_wconf 90' lang='lat' dir='ltr'><strong>locutus</strong></span> <span class='ocrx_word' id='word_1_571' title='bbox 1424 4167 1550 4208; x_wconf 87' lang='lat' dir='ltr'><strong>cum</strong></span> <span class='ocrx_word' id='word_1_572' title='bbox 1595 4161 1740 4208; x_wconf 89' lang='lat' dir='ltr'><strong>esset</strong></span> <span class='ocrx_word' id='word_1_573' title='bbox 1769 4152 1912 4206; x_wconf 87' lang='lat' dir='ltr'><strong>Deus</strong></span> <span class='ocrx_word' id='word_1_574' title='bbox 1935 4165 2036 4220; x_wconf 93' lang='lat' dir='ltr'><strong>pa-</strong></span> 
     </span>
    </p>
   </div>
   <div class='ocr_carea' id='block_1_74' title="bbox 461 4242 2035 4318">
    <p class='ocr_par' dir='ltr' id='par_1_74' title="bbox 461 4242 2035 4318">
     <span class='ocr_line' id='line_1_74' title="bbox 461 4242 2035 4318; baseline -0.004 -14"><span class='ocrx_word' id='word_1_575' title='bbox 461 4250 644 4305; x_wconf 89' lang='lat' dir='ltr'><strong>tribus</strong></span> <span class='ocrx_word' id='word_1_576' title='bbox 691 4249 744 4304; x_wconf 94' lang='lat' dir='ltr'><strong>in</strong></span> <span class='ocrx_word' id='word_1_577' title='bbox 779 4247 1084 4318; x_wconf 85' lang='lat' dir='ltr'><strong>prophetis,</strong></span> <span class='ocrx_word' id='word_1_578' title='bbox 1116 4247 1169 4302; x_wconf 92' lang='lat' dir='ltr'><strong>in</strong></span> <span class='ocrx_word' id='word_1_579' title='bbox 1221 4245 1542 4302; x_wconf 83' lang='lat' dir='ltr'><strong>novissimis</strong></span> <span class='ocrx_word' id='word_1_580' title='bbox 1581 4242 1773 4299; x_wconf 89' lang='lat' dir='ltr'><strong>diebus</strong></span> <span class='ocrx_word' id='word_1_581' title='bbox 1815 4243 2035 4298; x_wconf 89' lang='lat' dir='ltr'><strong>locutus</strong></span> 
     </span>
    </p>
   </div>
   <div class='ocr_carea' id='block_1_75' title="bbox 461 4334 2036 4412">
    <p class='ocr_par' dir='ltr' id='par_1_75' title="bbox 461 4334 2036 4412">
     <span class='ocr_line' id='line_1_75' title="bbox 461 4334 2036 4412; baseline -0.006 -14"><span class='ocrx_word' id='word_1_582' title='bbox 461 4350 547 4398; x_wconf 90' lang='lat' dir='ltr'><strong>est</strong></span> <span class='ocrx_word' id='word_1_583' title='bbox 577 4342 734 4398; x_wconf 87' lang='lat' dir='ltr'><strong>nobis</strong></span> <span class='ocrx_word' id='word_1_584' title='bbox 765 4341 818 4396; x_wconf 89' lang='lat' dir='ltr'><strong>in</strong></span> <span class='ocrx_word' id='word_1_585' title='bbox 851 4339 1135 4412; x_wconf 81' lang='lat' dir='ltr'><strong>unigenito</strong></span> <span class='ocrx_word' id='word_1_586' title='bbox 1175 4337 1312 4394; x_wconf 82' lang='lat' dir='ltr'><strong>Filio</strong></span> <span class='ocrx_word' id='word_1_587' title='bbox 1354 4352 1485 4401; x_wconf 84' lang='lat' dir='ltr'><strong>suo,</strong></span> <span class='ocrx_word' id='word_1_588' title='bbox 1539 4349 1637 4408; x_wconf 90' lang='lat' dir='ltr'><strong>per</strong></span> <span class='ocrx_word' id='word_1_589' title='bbox 1688 4349 1852 4404; x_wconf 89' lang='lat' dir='ltr'><strong>quem</strong></span> <span class='ocrx_word' id='word_1_590' title='bbox 1905 4334 2036 4389; x_wconf 79' lang='lat' dir='ltr'><strong>fecit</strong></span> 
     </span>
    </p>
   </div>
   <div class='ocr_carea' id='block_1_76' title="bbox 463 4425 2032 4502">
    <p class='ocr_par' dir='ltr' id='par_1_76' title="bbox 463 4425 2032 4502">
     <span class='ocr_line' id='line_1_76' title="bbox 463 4425 2032 4502; baseline -0.007 -9"><span class='ocrx_word' id='word_1_591' title='bbox 463 4446 518 4492; x_wconf 90' lang='lat' dir='ltr'><strong>et</strong></span> <span class='ocrx_word' id='word_1_592' title='bbox 556 4436 756 4492; x_wconf 71' lang='lat' dir='ltr'><strong>smcula</strong></span> <span class='ocrx_word' id='word_1_593' title='bbox 783 4436 848 4490; x_wconf 79' lang='grc'><strong>³⁸.</strong></span> <span class='ocrx_word' id='word_1_594' title='bbox 879 4432 1035 4490; x_wconf 88' lang='lat' dir='ltr'><strong>Illum</strong></span> <span class='ocrx_word' id='word_1_595' title='bbox 1077 4433 1226 4498; x_wconf 90' lang='lat' dir='ltr'><strong>novi,</strong></span> <span class='ocrx_word' id='word_1_596' title='bbox 1266 4431 1360 4502; x_wconf 91' lang='lat' dir='ltr'><strong>qui</strong></span> <span class='ocrx_word' id='word_1_597' title='bbox 1410 4429 1530 4484; x_wconf 87' lang='lat' dir='ltr'><strong>ait:</strong></span> <span class='ocrx_word' id='word_1_598' title='bbox 1583 4446 1602 4480; x_wconf 83' lang='grc' dir='ltr'><strong>ι</strong></span> <span class='ocrx_word' id='word_1_599' title='bbox 1637 4425 1765 4484; x_wconf 64' lang='lat' dir='ltr'><strong>Haec</strong></span> <span class='ocrx_word' id='word_1_600' title='bbox 1796 4436 1882 4484; x_wconf 91' lang='lat' dir='ltr'><strong>est</strong></span> <span class='ocrx_word' id='word_1_601' title='bbox 1923 4428 2032 4483; x_wconf 88' lang='lat' dir='ltr'><strong>vita</strong></span> 
     </span>
    </p>
   </div>
   <div class='ocr_carea' id='block_1_77' title="bbox 463 4520 2036 4600">
    <p class='ocr_par' dir='ltr' id='par_1_77' title="bbox 463 4520 2036 4600">
     <span class='ocr_line' id='line_1_77' title="bbox 463 4520 2036 4600; baseline -0.006 -15"><span class='ocrx_word' id='word_1_602' title='bbox 463 4538 689 4594; x_wconf 71' lang='lat' dir='ltr'><strong>aeterna,</strong></span> <span class='ocrx_word' id='word_1_603' title='bbox 717 4533 776 4582; x_wconf 89' lang='lat' dir='ltr'><strong>ut</strong></span> <span class='ocrx_word' id='word_1_604' title='bbox 810 4533 1148 4600; x_wconf 82' lang='lat' dir='ltr'><strong>cognoscant</strong></span> <span class='ocrx_word' id='word_1_605' title='bbox 1182 4533 1236 4580; x_wconf 86' lang='lat' dir='ltr'><strong>te</strong></span> <span class='ocrx_word' id='word_1_606' title='bbox 1271 4525 1452 4580; x_wconf 90' lang='lat' dir='ltr'><strong>solum</strong></span> <span class='ocrx_word' id='word_1_607' title='bbox 1501 4520 1675 4578; x_wconf 88' lang='lat' dir='ltr'><strong>Dettm</strong></span> <span class='ocrx_word' id='word_1_608' title='bbox 1726 4535 1943 4584; x_wconf 89' lang='lat' dir='ltr'><strong>verum,</strong></span> <span class='ocrx_word' id='word_1_609' title='bbox 1979 4529 2036 4575; x_wconf 90' lang='lat' dir='ltr'><strong>et</strong></span> 
     </span>
    </p>
   </div>
   <div class='ocr_carea' id='block_1_78' title="bbox 463 4612 2029 4693">
    <p class='ocr_par' dir='ltr' id='par_1_78' title="bbox 463 4612 2029 4693">
     <span class='ocr_line' id='line_1_78' title="bbox 463 4612 2029 4693; baseline -0.006 -16"><span class='ocrx_word' id='word_1_610' title='bbox 463 4637 623 4693; x_wconf 90' lang='lat' dir='ltr'><strong>quem</strong></span> <span class='ocrx_word' id='word_1_611' title='bbox 676 4621 872 4676; x_wconf 86' lang='lat' dir='ltr'><strong>misisti</strong></span> <span class='ocrx_word' id='word_1_612' title='bbox 928 4618 1114 4675; x_wconf 69' lang='lat' dir='ltr'><strong>Iesum</strong></span> <span class='ocrx_word' id='word_1_613' title='bbox 1172 4616 1457 4672; x_wconf 88' lang='lat' dir='ltr'><strong>Christum</strong></span> <span class='ocrx_word' id='word_1_614' title='bbox 1480 4613 1548 4666; x_wconf 83' lang='lat'><strong>”.</strong></span> <span class='ocrx_word' id='word_1_615' title='bbox 1611 4631 1632 4666; x_wconf 69' lang='grc' dir='ltr'><strong>ι</strong></span> <span class='ocrx_word' id='word_1_616' title='bbox 1666 4612 1810 4680; x_wconf 88' lang='lat' dir='ltr'><strong>Quin</strong></span> <span class='ocrx_word' id='word_1_617' title='bbox 1863 4614 2029 4669; x_wconf 87' lang='lat' dir='ltr'><strong>etiam</strong></span> 
     </span>
    </p>
   </div>
   <div class='ocr_carea' id='block_1_79' title="bbox 463 4702 2030 4773">
    <p class='ocr_par' dir='ltr' id='par_1_79' title="bbox 463 4702 2030 4773">
     <span class='ocr_line' id='line_1_79' title="bbox 463 4702 2030 4773; baseline -0.008 -6"><span class='ocrx_word' id='word_1_618' title='bbox 463 4710 626 4768; x_wconf 86' lang='lat' dir='ltr'><strong>credo</strong></span> <span class='ocrx_word' id='word_1_619' title='bbox 667 4711 721 4765; x_wconf 88' lang='lat' dir='ltr'><strong>in</strong></span> <span class='ocrx_word' id='word_1_620' title='bbox 755 4725 920 4765; x_wconf 92' lang='lat' dir='ltr'><strong>unum</strong></span> <span class='ocrx_word' id='word_1_621' title='bbox 943 4708 1136 4773; x_wconf 91' lang='lat' dir='ltr'><strong>Deum,</strong></span> <span class='ocrx_word' id='word_1_622' title='bbox 1169 4720 1342 4762; x_wconf 90' lang='lat' dir='ltr'><strong>unum</strong></span> <span class='ocrx_word' id='word_1_623' title='bbox 1381 4717 1568 4760; x_wconf 91' lang='lat' dir='ltr'><strong>rerum</strong></span> <span class='ocrx_word' id='word_1_624' title='bbox 1599 4702 1846 4759; x_wconf 90' lang='lat' dir='ltr'><strong>omnium</strong></span> <span class='ocrx_word' id='word_1_625' title='bbox 1879 4702 2030 4772; x_wconf 83' lang='lat' dir='ltr'><strong>prin-</strong></span> 
     </span>
    </p>
   </div>
   <div class='ocr_carea' id='block_1_80' title="bbox 461 4793 2035 4875">
    <p class='ocr_par' dir='ltr' id='par_1_80' title="bbox 461 4793 2035 4875">
     <span class='ocr_line' id='line_1_80' title="bbox 461 4793 2035 4875; baseline -0.006 -16"><span class='ocrx_word' id='word_1_626' title='bbox 461 4805 684 4875; x_wconf 91' lang='lat' dir='ltr'><strong>cipium,</strong></span> <span class='ocrx_word' id='word_1_627' title='bbox 737 4803 856 4858; x_wconf 88' lang='lat' dir='ltr'><strong>sine</strong></span> <span class='ocrx_word' id='word_1_628' title='bbox 911 4799 1216 4872; x_wconf 91' lang='lat' dir='ltr'><strong>principio,</strong></span> <span class='ocrx_word' id='word_1_629' title='bbox 1249 4799 1579 4862; x_wconf 89' lang='lat' dir='ltr'><strong>lncreatum,</strong></span> <span class='ocrx_word' id='word_1_630' title='bbox 1628 4793 1886 4850; x_wconf 88' lang='lat' dir='ltr'><strong>interitus</strong></span> <span class='ocrx_word' id='word_1_631' title='bbox 1936 4809 2035 4850; x_wconf 89' lang='lat' dir='ltr'><strong>ne-</strong></span> 
     </span>
    </p>
   </div>
   <div class='ocr_carea' id='block_1_81' title="bbox 463 4886 2033 4961">
    <p class='ocr_par' dir='ltr' id='par_1_81' title="bbox 463 4886 2033 4961">
     <span class='ocr_line' id='line_1_81' title="bbox 463 4886 2033 4961; baseline -0.006 -11"><span class='ocrx_word' id='word_1_632' title='bbox 463 4897 663 4961; x_wconf 88' lang='lat' dir='ltr'><strong>scium,</strong></span> <span class='ocrx_word' id='word_1_633' title='bbox 702 4902 756 4949; x_wconf 92' lang='lat' dir='ltr'><strong>et</strong></span> <span class='ocrx_word' id='word_1_634' title='bbox 811 4889 1200 4955; x_wconf 88' lang='lat' dir='ltr'><strong>immortalem,</strong></span> <span class='ocrx_word' id='word_1_635' title='bbox 1258 4886 1678 4958; x_wconf 91' lang='lat' dir='ltr'><strong>sempiternum,</strong></span> <span class='ocrx_word' id='word_1_636' title='bbox 1734 4893 1790 4945; x_wconf 90' lang='lat' dir='ltr'><strong>et</strong></span> <span class='ocrx_word' id='word_1_637' title='bbox 1837 4900 2033 4956; x_wconf 86' lang='lat' dir='ltr'><strong>perpe-</strong></span> 
     </span>
    </p>
   </div>
   <div class='ocr_carea' id='block_1_82' title="bbox 459 4977 2034 5054">
    <p class='ocr_par' dir='ltr' id='par_1_82' title="bbox 459 4977 2034 5054">
     <span class='ocr_line' id='line_1_82' title="bbox 459 4977 2034 5054; baseline -0.007 -13"><span class='ocrx_word' id='word_1_638' title='bbox 459 4996 642 5052; x_wconf 91' lang='lat' dir='ltr'><strong>tuum,</strong></span> <span class='ocrx_word' id='word_1_639' title='bbox 703 4979 1338 5054; x_wconf 80' lang='lat' dir='ltr'><strong>incomprehensibilem,</strong></span> <span class='ocrx_word' id='word_1_640' title='bbox 1399 4980 1816 5050; x_wconf 90' lang='lat' dir='ltr'><strong>incorporeum,</strong></span> <span class='ocrx_word' id='word_1_641' title='bbox 1889 4977 2034 5031; x_wconf 87' lang='lat' dir='ltr'><strong>invi-</strong></span> 
     </span>
    </p>
   </div>
   <div class='ocr_carea' id='block_1_83' title="bbox 461 5070 2032 5143">
    <p class='ocr_par' dir='ltr' id='par_1_83' title="bbox 461 5070 2032 5143">
     <span class='ocr_line' id='line_1_83' title="bbox 461 5070 2032 5143; baseline -0.006 -9"><span class='ocrx_word' id='word_1_642' title='bbox 461 5079 698 5140; x_wconf 90' lang='lat' dir='ltr'><strong>sibilem,</strong></span> <span class='ocrx_word' id='word_1_643' title='bbox 733 5071 1295 5143; x_wconf 86' lang='lat' dir='ltr'><strong>incircumscriptum,</strong></span> <span class='ocrx_word' id='word_1_644' title='bbox 1340 5070 1526 5143; x_wconf 75' lang='lat' dir='ltr'><strong>ﬁgurae</strong></span> <span class='ocrx_word' id='word_1_645' title='bbox 1557 5079 1858 5141; x_wconf 84' lang='lat' dir='ltr'><strong>expertem,</strong></span> <span class='ocrx_word' id='word_1_646' title='bbox 1900 5070 2032 5126; x_wconf 87' lang='lat' dir='ltr'><strong>sub-</strong></span> 
     </span>
    </p>
   </div>
   <div class='ocr_carea' id='block_1_84' title="bbox 429 5161 2026 5234">
    <p class='ocr_par' dir='ltr' id='par_1_84' title="bbox 429 5161 2026 5234">
     <span class='ocr_line' id='line_1_84' title="bbox 429 5161 2026 5234; baseline -0.006 -9"><span class='ocrx_word' id='word_1_647' title='bbox 429 5169 717 5234; x_wconf 79' lang='lat' dir='ltr'><strong>stantiam</strong></span> <span class='ocrx_word' id='word_1_648' title='bbox 778 5179 943 5221; x_wconf 90' lang='lat' dir='ltr'><strong>unam</strong></span> <span class='ocrx_word' id='word_1_649' title='bbox 1003 5163 1152 5219; x_wconf 93' lang='lat' dir='ltr'><strong>omni</strong></span> <span class='ocrx_word' id='word_1_650' title='bbox 1220 5163 1526 5218; x_wconf 88' lang='lat' dir='ltr'><strong>substantia</strong></span> <span class='ocrx_word' id='word_1_651' title='bbox 1583 5161 2026 5227; x_wconf 87' lang='lat' dir='ltr'><strong>eminentiorem,</strong></span> 
     </span>
    </p>
   </div>
   <div class='ocr_carea' id='block_1_85' title="bbox 433 5250 2027 5328">
    <p class='ocr_par' dir='ltr' id='par_1_85' title="bbox 433 5250 2027 5328">
     <span class='ocr_line' id='line_1_85' title="bbox 433 5250 2027 5328; baseline -0.005 -16"><span class='ocrx_word' id='word_1_652' title='bbox 433 5260 723 5316; x_wconf 55' lang='lat' dir='ltr'><strong>&#39;Deitatem</strong></span> <span class='ocrx_word' id='word_1_653' title='bbox 756 5257 950 5328; x_wconf 86' lang='lat' dir='ltr'><strong>quavis</strong></span> <span class='ocrx_word' id='word_1_654' title='bbox 979 5254 1283 5310; x_wconf 86' lang='lat' dir='ltr'><strong>divinitatis</strong></span> <span class='ocrx_word' id='word_1_655' title='bbox 1329 5253 1688 5323; x_wconf 81' lang='lat' dir='ltr'><strong>intelligentia</strong></span> <span class='ocrx_word' id='word_1_656' title='bbox 1736 5250 2027 5308; x_wconf 87' lang='lat' dir='ltr'><strong>sublimio-</strong></span> 
     </span>
    </p>
   </div>
   <div class='ocr_carea' id='block_1_86' title="bbox 459 5342 2029 5421">
    <p class='ocr_par' dir='ltr' id='par_1_86' title="bbox 459 5342 2029 5421">
     <span class='ocr_line' id='line_1_86' title="bbox 459 5342 2029 5421; baseline -0.007 -15"><span class='ocrx_word' id='word_1_657' title='bbox 459 5368 596 5416; x_wconf 86' lang='lat' dir='ltr'><strong>rem,</strong></span> <span class='ocrx_word' id='word_1_658' title='bbox 653 5353 706 5406; x_wconf 93' lang='lat' dir='ltr'><strong>in</strong></span> <span class='ocrx_word' id='word_1_659' title='bbox 761 5350 1012 5421; x_wconf 84' lang='lat' dir='ltr'><strong>personis</strong></span> <span class='ocrx_word' id='word_1_660' title='bbox 1060 5347 1226 5420; x_wconf 56' lang='lat'><strong>3&amp;8</strong></span> <span class='ocrx_word' id='word_1_661' title='bbox 1255 5365 1258 5370; x_wconf 93' lang='grc'><strong>·</strong></span> <span class='ocrx_word' id='word_1_662' title='bbox 1284 5345 1481 5410; x_wconf 89' lang='lat' dir='ltr'><strong>tribus,</strong></span> <span class='ocrx_word' id='word_1_663' title='bbox 1531 5343 1694 5398; x_wconf 82' lang='lat' dir='ltr'><strong>Patre</strong></span> <span class='ocrx_word' id='word_1_664' title='bbox 1724 5351 1778 5399; x_wconf 91' lang='lat' dir='ltr'><strong>et</strong></span> <span class='ocrx_word' id='word_1_665' title='bbox 1803 5342 1945 5398; x_wconf 82' lang='lat' dir='ltr'><strong>Filio</strong></span> <span class='ocrx_word' id='word_1_666' title='bbox 1974 5352 2029 5396; x_wconf 93' lang='lat' dir='ltr'><strong>et</strong></span> 
     </span>
    </p>
   </div>
   <div class='ocr_carea' id='block_1_87' title="bbox 462 5432 2028 5514">
    <p class='ocr_par' dir='ltr' id='par_1_87' title="bbox 462 5432 2028 5514">
     <span class='ocr_line' id='line_1_87' title="bbox 462 5432 2028 5514; baseline -0.004 -18"><span class='ocrx_word' id='word_1_667' title='bbox 462 5443 665 5514; x_wconf 81' lang='lat' dir='ltr'><strong>Spiritu</strong></span> <span class='ocrx_word' id='word_1_668' title='bbox 695 5451 920 5506; x_wconf 89' lang='lat' dir='ltr'><strong>sancto,</strong></span> <span class='ocrx_word' id='word_1_669' title='bbox 953 5439 1139 5509; x_wconf 80' lang='lat' dir='ltr'><strong>illique</strong></span> <span class='ocrx_word' id='word_1_670' title='bbox 1175 5438 1276 5494; x_wconf 92' lang='lat' dir='ltr'><strong>soli</strong></span> <span class='ocrx_word' id='word_1_671' title='bbox 1322 5437 1540 5504; x_wconf 89' lang='lat' dir='ltr'><strong>servio;</strong></span> <span class='ocrx_word' id='word_1_672' title='bbox 1572 5437 1678 5507; x_wconf 87' lang='lat' dir='ltr'><strong>ipsi</strong></span> <span class='ocrx_word' id='word_1_673' title='bbox 1713 5432 1818 5492; x_wconf 88' lang='lat' dir='ltr'><strong>soli</strong></span> <span class='ocrx_word' id='word_1_674' title='bbox 1853 5435 2028 5490; x_wconf 77' lang='lat' dir='ltr'><strong>Iatria:</strong></span> 
     </span>
    </p>
   </div>
   <div class='ocr_carea' id='block_1_88' title="bbox 529 5594 2599 5731">
    <p class='ocr_par' dir='ltr' id='par_1_88' title="bbox 529 5594 2599 5731">
     <span class='ocr_line' id='line_1_88' title="bbox 529 5594 2599 5666; baseline -0.002 -11"><span class='ocrx_word' id='word_1_675' title='bbox 529 5601 572 5632; x_wconf 79' lang='lat'><strong>”</strong></span> <span class='ocrx_word' id='word_1_676' title='bbox 591 5599 752 5655; x_wconf 83' lang='lat' dir='ltr'><strong>Joan.</strong></span> <span class='ocrx_word' id='word_1_677' title='bbox 781 5615 821 5662; x_wconf 85' lang='grc' dir='ltr'><strong>ι,</strong></span> <span class='ocrx_word' id='word_1_678' title='bbox 858 5599 943 5653; x_wconf 82' lang='grc'><strong>18.</strong></span> <span class='ocrx_word' id='word_1_679' title='bbox 1021 5601 1066 5631; x_wconf 87' lang='grc'>²⁰</span> <span class='ocrx_word' id='word_1_680' title='bbox 1099 5598 1267 5653; x_wconf 79' lang='lat' dir='ltr'><strong>Exod.</strong></span> <span class='ocrx_word' id='word_1_681' title='bbox 1313 5613 1507 5662; x_wconf 78' lang='lat' dir='ltr'><strong>xxxtn,</strong></span> <span class='ocrx_word' id='word_1_682' title='bbox 1543 5596 1600 5659; x_wconf 76' lang='grc'><strong>2,</strong></span> <span class='ocrx_word' id='word_1_683' title='bbox 1633 5603 1686 5649; x_wconf 90' lang='lat' dir='ltr'><strong>et</strong></span> <span class='ocrx_word' id='word_1_684' title='bbox 1717 5594 1811 5648; x_wconf 69' lang='lat'><strong>22.</strong></span> <span class='ocrx_word' id='word_1_685' title='bbox 1886 5597 1928 5628; x_wconf 83' lang='grc'>¹¹</span> <span class='ocrx_word' id='word_1_686' title='bbox 1973 5594 2139 5650; x_wconf 77' lang='lat' dir='ltr'><strong>Exod.</strong></span> <span class='ocrx_word' id='word_1_687' title='bbox 2174 5612 2345 5658; x_wconf 66' lang='grc' dir='ltr'><strong>χχχιι,</strong></span> <span class='ocrx_word' id='word_1_688' title='bbox 2381 5598 2400 5650; x_wconf 86' lang='lat' dir='ltr'><strong>I</strong></span> <span class='ocrx_word' id='word_1_689' title='bbox 2445 5613 2599 5666; x_wconf 89' lang='lat' dir='ltr'><strong>seqq.</strong></span> 
     </span>
     <span class='ocr_line' id='line_1_89' title="bbox 529 5666 2599 5731; baseline -0.001 -9"><span class='ocrx_word' id='word_1_690' title='bbox 529 5669 662 5727; x_wconf 84' lang='lat' dir='ltr'><strong>ibid.</strong></span> <span class='ocrx_word' id='word_1_691' title='bbox 701 5669 794 5731; x_wconf 73' lang='lat'><strong>15;</strong></span> <span class='ocrx_word' id='word_1_692' title='bbox 839 5669 1026 5723; x_wconf 83' lang='lat' dir='ltr'><strong>Matth.</strong></span> <span class='ocrx_word' id='word_1_693' title='bbox 1079 5685 1151 5730; x_wconf 84' lang='lat' dir='ltr'><strong>tv,</strong></span> <span class='ocrx_word' id='word_1_694' title='bbox 1197 5667 1282 5721; x_wconf 77' lang='lat'><strong>10.</strong></span> <span class='ocrx_word' id='word_1_695' title='bbox 1359 5668 1402 5699; x_wconf 71' lang='grc'><strong>’³</strong></span> <span class='ocrx_word' id='word_1_696' title='bbox 1439 5667 1610 5721; x_wconf 73' lang='lat' dir='ltr'><strong>Exod.</strong></span> <span class='ocrx_word' id='word_1_697' title='bbox 1653 5682 1748 5730; x_wconf 81' lang='lat' dir='ltr'><strong>xx,</strong></span> <span class='ocrx_word' id='word_1_698' title='bbox 1779 5667 1842 5731; x_wconf 79' lang='lat'><strong>5;</strong></span> <span class='ocrx_word' id='word_1_699' title='bbox 1879 5666 2036 5720; x_wconf 83' lang='lat' dir='ltr'><strong>Deut.</strong></span> <span class='ocrx_word' id='word_1_700' title='bbox 2078 5681 2129 5731; x_wconf 72' lang='grc' dir='ltr'><strong>ν,</strong></span> <span class='ocrx_word' id='word_1_701' title='bbox 2175 5666 2223 5719; x_wconf 92' lang='lat'><strong>&#39;7.</strong></span> <span class='ocrx_word' id='word_1_702' title='bbox 2306 5670 2350 5698; x_wconf 83' lang='lat'>“</span> <span class='ocrx_word' id='word_1_703' title='bbox 2382 5666 2551 5722; x_wconf 76' lang='lat' dir='ltr'><strong>Exod.</strong></span> <span class='ocrx_word' id='word_1_704' title='bbox 2592 5685 2599 5720; x_wconf 72' lang='grc' dir='ltr'><strong>ι</strong></span> 
     </span>
    </p>
   </div>
   <div class='ocr_carea' id='block_1_89' title="bbox 455 5667 1282 5731">
    <p class='ocr_par' dir='ltr' id='par_1_89' title="bbox 455 5667 1282 5731">
     <span class='ocr_line' id='line_1_90' title="bbox 455 5667 1282 5731; baseline -0.006 -9"><span class='ocrx_word' id='word_1_705' title='bbox 455 5670 504 5701; x_wconf 76' lang='lat'>“</span> <span class='ocrx_word' id='word_1_706' title='bbox 526 5669 662 5727; x_wconf 84' lang='lat' dir='ltr'><strong>ibid.</strong></span> <span class='ocrx_word' id='word_1_707' title='bbox 701 5669 794 5731; x_wconf 74' lang='lat'><strong>15;</strong></span> <span class='ocrx_word' id='word_1_708' title='bbox 839 5669 1026 5723; x_wconf 84' lang='lat' dir='ltr'><strong>Matth.</strong></span> <span class='ocrx_word' id='word_1_709' title='bbox 1079 5685 1151 5730; x_wconf 82' lang='lat' dir='ltr'><strong>tv,</strong></span> <span class='ocrx_word' id='word_1_710' title='bbox 1197 5667 1282 5721; x_wconf 78' lang='lat'><strong>10.</strong></span> 
     </span>
    </p>
   </div>
   <div class='ocr_carea' id='block_1_90' title="bbox 441 5736 1809 5806">
    <p class='ocr_par' dir='ltr' id='par_1_90' title="bbox 441 5736 1809 5806">
     <span class='ocr_line' id='line_1_91' title="bbox 441 5736 1809 5806; baseline 0.001 -17"><span class='ocrx_word' id='word_1_711' title='bbox 441 5751 496 5798; x_wconf 74' lang='grc' dir='ltr'><strong>ι,</strong></span> <span class='ocrx_word' id='word_1_712' title='bbox 538 5741 621 5802; x_wconf 74' lang='grc'><strong>11,</strong></span> <span class='ocrx_word' id='word_1_713' title='bbox 723 5738 766 5768; x_wconf 77' lang='grc'>⁸⁸</span> <span class='ocrx_word' id='word_1_714' title='bbox 796 5737 953 5792; x_wconf 75' lang='lat' dir='ltr'><strong>Hebr.</strong></span> <span class='ocrx_word' id='word_1_715' title='bbox 1001 5756 1038 5806; x_wconf 89' lang='grc' dir='ltr'><strong>ι,</strong></span> <span class='ocrx_word' id='word_1_716' title='bbox 1075 5739 1212 5806; x_wconf 55' lang='lat'><strong>1,2.</strong></span> <span class='ocrx_word' id='word_1_717' title='bbox 1322 5738 1366 5769; x_wconf 79' lang='lat'>”</span> <span class='ocrx_word' id='word_1_718' title='bbox 1403 5736 1560 5791; x_wconf 80' lang='lat' dir='ltr'><strong>Joan.</strong></span> <span class='ocrx_word' id='word_1_719' title='bbox 1587 5745 1720 5798; x_wconf 79' lang='lat' dir='ltr'><strong>x‘vu,</strong></span> <span class='ocrx_word' id='word_1_720' title='bbox 1757 5737 1809 5790; x_wconf 76' lang='grc'><strong>5.</strong></span> 
     </span>
    </p>
   </div>
   <div class='ocr_carea' id='block_1_91' title="bbox 2143 3411 3718 3490">
    <p class='ocr_par' dir='ltr' id='par_1_91' title="bbox 2143 3411 3718 3490">
     <span class='ocr_line' id='line_1_92' title="bbox 2143 3411 3718 3490; baseline 0.008 -21"><span class='ocrx_word' id='word_1_721' title='bbox 2143 3434 2258 3481; x_wconf 85' lang='grc' dir='ltr'><strong>σου,</strong></span> <span class='ocrx_word' id='word_1_722' title='bbox 2290 3417 2492 3488; x_wconf 82' lang='grc' dir='ltr'><strong>Κύριος</strong></span> <span class='ocrx_word' id='word_1_723' title='bbox 2521 3411 2602 3480; x_wconf 74' lang='grc' dir='ltr'><strong>εἷς</strong></span> <span class='ocrx_word' id='word_1_724' title='bbox 2633 3417 2771 3472; x_wconf 79' lang='grc' dir='ltr'><strong>ἐστι.</strong></span> <span class='ocrx_word' id='word_1_725' title='bbox 2812 3437 2830 3470; x_wconf 79' lang='grc' dir='ltr'><strong>ι</strong></span> <span class='ocrx_word' id='word_1_726' title='bbox 2860 3417 2994 3483; x_wconf 81' lang='grc' dir='ltr'><strong>Καὶ,</strong></span> <span class='ocrx_word' id='word_1_727' title='bbox 3033 3439 3053 3471; x_wconf 81' lang='grc' dir='ltr'><strong>ι</strong></span> <span class='ocrx_word' id='word_1_728' title='bbox 3083 3418 3291 3490; x_wconf 80' lang='grc' dir='ltr'><strong>Κύριον</strong></span> <span class='ocrx_word' id='word_1_729' title='bbox 3329 3424 3419 3476; x_wconf 86' lang='grc' dir='ltr'><strong>τὸν</strong></span> <span class='ocrx_word' id='word_1_730' title='bbox 3451 3425 3588 3480; x_wconf 88' lang='grc' dir='ltr'><strong>Θεόν</strong></span> <span class='ocrx_word' id='word_1_731' title='bbox 3621 3446 3718 3482; x_wconf 84' lang='grc' dir='ltr'><strong>σου</strong></span> 
     </span>
    </p>
   </div>
   <div class='ocr_carea' id='block_1_92' title="bbox 2140 3507 3722 3585">
    <p class='ocr_par' dir='ltr' id='par_1_92' title="bbox 2140 3507 3722 3585">
     <span class='ocr_line' id='line_1_93' title="bbox 2140 3507 3722 3585; baseline 0.006 -25"><span class='ocrx_word' id='word_1_732' title='bbox 2140 3507 2570 3578; x_wconf 75' lang='grc' dir='ltr'><strong>προσκυνήσεις,</strong></span> <span class='ocrx_word' id='word_1_733' title='bbox 2615 3509 2711 3560; x_wconf 77' lang='grc' dir='ltr'><strong>καὶ</strong></span> <span class='ocrx_word' id='word_1_734' title='bbox 2751 3508 2905 3580; x_wconf 85' lang='grc' dir='ltr'><strong>αύτῷ</strong></span> <span class='ocrx_word' id='word_1_735' title='bbox 2950 3510 3097 3581; x_wconf 84' lang='grc' dir='ltr'><strong>μόνῳ</strong></span> <span class='ocrx_word' id='word_1_736' title='bbox 3140 3511 3478 3585; x_wconf 86' lang='grc' dir='ltr'><strong>λατρεύσεις.</strong></span> <span class='ocrx_word' id='word_1_737' title='bbox 3522 3535 3543 3568; x_wconf 71' lang='grc' dir='ltr'><strong>ι</strong></span> <span class='ocrx_word' id='word_1_738' title='bbox 3583 3519 3722 3584; x_wconf 81' lang='lat' dir='ltr'><strong>Kal,</strong></span> 
     </span>
    </p>
   </div>
   <div class='ocr_carea' id='block_1_93' title="bbox 2145 3597 3722 3680">
    <p class='ocr_par' dir='ltr' id='par_1_93' title="bbox 2145 3597 3722 3680">
     <span class='ocr_line' id='line_1_94' title="bbox 2145 3597 3722 3680; baseline 0.01 -30"><span class='ocrx_word' id='word_1_739' title='bbox 2145 3617 2162 3650; x_wconf 84' lang='grc' dir='ltr'><strong>ι</strong></span> <span class='ocrx_word' id='word_1_740' title='bbox 2194 3599 2309 3652; x_wconf 85' lang='grc' dir='ltr'><strong>Οὐκ</strong></span> <span class='ocrx_word' id='word_1_741' title='bbox 2329 3597 2546 3652; x_wconf 71' lang='grc' dir='ltr'><strong>ἔσονταί</strong></span> <span class='ocrx_word' id='word_1_742' title='bbox 2579 3616 2663 3652; x_wconf 91' lang='grc' dir='ltr'><strong>σοι</strong></span> <span class='ocrx_word' id='word_1_743' title='bbox 2689 3598 2802 3653; x_wconf 79' lang='grc' dir='ltr'><strong>θεοὶ</strong></span> <span class='ocrx_word' id='word_1_744' title='bbox 2841 3601 3044 3673; x_wconf 74' lang='grc' dir='ltr'><strong>ἕτεροι.</strong></span> <span class='ocrx_word' id='word_1_745' title='bbox 3085 3622 3104 3654; x_wconf 76' lang='grc' dir='ltr'><strong>ι</strong></span> <span class='ocrx_word' id='word_1_746' title='bbox 3136 3605 3267 3671; x_wconf 80' lang='grc' dir='ltr'><strong>Καὶ,</strong></span> <span class='ocrx_word' id='word_1_747' title='bbox 3308 3625 3327 3657; x_wconf 78' lang='grc' dir='ltr'><strong>ι</strong></span> <span class='ocrx_word' id='word_1_748' title='bbox 3364 3608 3440 3660; x_wconf 86' lang='grc' dir='ltr'><strong>Οὐ</strong></span> <span class='ocrx_word' id='word_1_749' title='bbox 3466 3611 3722 3680; x_wconf 79' lang='grc' dir='ltr'><strong>ποιήσεις</strong></span> 
     </span>
    </p>
   </div>
   <div class='ocr_carea' id='block_1_94' title="bbox 2139 3689 3724 3768">
    <p class='ocr_par' dir='ltr' id='par_1_94' title="bbox 2139 3689 3724 3768">
     <span class='ocr_line' id='line_1_95' title="bbox 2139 3689 3724 3768; baseline 0.009 -26"><span class='ocrx_word' id='word_1_750' title='bbox 2139 3689 2378 3759; x_wconf 83' lang='grc' dir='ltr'><strong>γλυπτδν</strong></span> <span class='ocrx_word' id='word_1_751' title='bbox 2411 3692 2519 3744; x_wconf 78' lang='grc' dir='ltr'><strong>πᾶν</strong></span> <span class='ocrx_word' id='word_1_752' title='bbox 2552 3690 2806 3762; x_wconf 85' lang='grc' dir='ltr'><strong>ὁμοίωμα</strong></span> <span class='ocrx_word' id='word_1_753' title='bbox 2827 3731 2843 3757; x_wconf 94' lang='grc'><strong>,</strong></span> <span class='ocrx_word' id='word_1_754' title='bbox 2872 3693 2975 3748; x_wconf 80' lang='grc' dir='ltr'><strong>ὅσα</strong></span> <span class='ocrx_word' id='word_1_755' title='bbox 3005 3694 3064 3749; x_wconf 73' lang='grc' dir='ltr'><strong>ὲν</strong></span> <span class='ocrx_word' id='word_1_756' title='bbox 3088 3694 3166 3767; x_wconf 85' lang='grc' dir='ltr'><strong>τῷ</strong></span> <span class='ocrx_word' id='word_1_757' title='bbox 3205 3697 3418 3768; x_wconf 81' lang='grc' dir='ltr'><strong>οὐρανῷ</strong></span> <span class='ocrx_word' id='word_1_758' title='bbox 3441 3739 3456 3764; x_wconf 87' lang='grc'><strong>,</strong></span> <span class='ocrx_word' id='word_1_759' title='bbox 3491 3702 3589 3753; x_wconf 82' lang='grc' dir='ltr'><strong>καὶ</strong></span> <span class='ocrx_word' id='word_1_760' title='bbox 3619 3703 3724 3757; x_wconf 78' lang='grc' dir='ltr'><strong>ὅσα</strong></span> 
     </span>
    </p>
   </div>
   <div class='ocr_carea' id='block_1_95' title="bbox 2138 3782 3721 3862">
    <p class='ocr_par' dir='ltr' id='par_1_95' title="bbox 2138 3782 3721 3862">
     <span class='ocr_line' id='line_1_96' title="bbox 2138 3782 3721 3862; baseline 0.007 -28"><span class='ocrx_word' id='word_1_761' title='bbox 2138 3783 2196 3834; x_wconf 84' lang='grc' dir='ltr'><strong>ὲν</strong></span> <span class='ocrx_word' id='word_1_762' title='bbox 2219 3784 2284 3854; x_wconf 76' lang='grc' dir='ltr'><strong>τῇ</strong></span> <span class='ocrx_word' id='word_1_763' title='bbox 2313 3783 2406 3853; x_wconf 78' lang='grc' dir='ltr'><strong>γῇ.</strong></span> <span class='ocrx_word' id='word_1_764' title='bbox 2446 3799 2466 3833; x_wconf 71' lang='grc' dir='ltr'><strong>ι</strong></span> <span class='ocrx_word' id='word_1_765' title='bbox 2508 3782 2640 3849; x_wconf 88' lang='lat' dir='ltr'><strong>Kal,</strong></span> <span class='ocrx_word' id='word_1_766' title='bbox 2683 3799 2702 3833; x_wconf 80' lang='grc' dir='ltr'><strong>ι</strong></span> <span class='ocrx_word' id='word_1_767' title='bbox 2737 3783 3199 3855; x_wconf 81' lang='grc' dir='ltr'><strong>Δίσχυνθήτωσαν</strong></span> <span class='ocrx_word' id='word_1_768' title='bbox 3224 3788 3426 3854; x_wconf 79' lang='grc' dir='ltr'><strong>πάντες</strong></span> <span class='ocrx_word' id='word_1_769' title='bbox 3453 3792 3505 3843; x_wconf 80' lang='lat' dir='ltr'><strong>ot</strong></span> <span class='ocrx_word' id='word_1_770' title='bbox 3543 3809 3721 3862; x_wconf 77' lang='grc' dir='ltr'><strong>προσ-</strong></span> 
     </span>
    </p>
   </div>
   <div class='ocr_carea' id='block_1_96' title="bbox 2138 3871 3725 3945">
    <p class='ocr_par' dir='ltr' id='par_1_96' title="bbox 2138 3871 3725 3945">
     <span class='ocr_line' id='line_1_97' title="bbox 2138 3871 3725 3945; baseline 0.009 -20"><span class='ocrx_word' id='word_1_771' title='bbox 2138 3871 2429 3935; x_wconf 82' lang='grc' dir='ltr'><strong>κυνοῦντες</strong></span> <span class='ocrx_word' id='word_1_772' title='bbox 2463 3873 2577 3937; x_wconf 80' lang='grc' dir='ltr'><strong>τοῖς</strong></span> <span class='ocrx_word' id='word_1_773' title='bbox 2609 3873 2892 3944; x_wconf 82' lang='grc' dir='ltr'><strong>γλυπτοῖς.</strong></span> <span class='ocrx_word' id='word_1_774' title='bbox 2939 3894 2958 3928; x_wconf 73' lang='grc' dir='ltr'><strong>ι</strong></span> <span class='ocrx_word' id='word_1_775' title='bbox 2993 3877 3126 3944; x_wconf 91' lang='lat' dir='ltr'><strong>Kal,</strong></span> <span class='ocrx_word' id='word_1_776' title='bbox 3163 3897 3182 3931; x_wconf 87' lang='grc' dir='ltr'><strong>ι</strong></span> <span class='ocrx_word' id='word_1_777' title='bbox 3228 3879 3387 3945; x_wconf 69' lang='grc' dir='ltr'><strong>Θεοί,</strong></span> <span class='ocrx_word' id='word_1_778' title='bbox 3416 3881 3466 3935; x_wconf 86' lang='grc' dir='ltr'><strong>οἶ</strong></span> <span class='ocrx_word' id='word_1_779' title='bbox 3504 3884 3596 3937; x_wconf 83' lang='grc' dir='ltr'><strong>τὸν</strong></span> <span class='ocrx_word' id='word_1_780' title='bbox 3629 3885 3725 3938; x_wconf 74' lang='grc' dir='ltr'><strong>ούο</strong></span> 
     </span>
    </p>
   </div>
   <div class='ocr_carea' id='block_1_97' title="bbox 2141 3962 3719 4040">
    <p class='ocr_par' dir='ltr' id='par_1_97' title="bbox 2141 3962 3719 4040">
     <span class='ocr_line' id='line_1_98' title="bbox 2141 3962 3719 4040; baseline 0.008 -24"><span class='ocrx_word' id='word_1_781' title='bbox 2141 3962 2304 4034; x_wconf 81' lang='grc' dir='ltr'><strong>ρανδν</strong></span> <span class='ocrx_word' id='word_1_782' title='bbox 2347 3963 2442 4017; x_wconf 76' lang='grc' dir='ltr'><strong>καὶ</strong></span> <span class='ocrx_word' id='word_1_783' title='bbox 2476 3963 2578 4035; x_wconf 79' lang='grc' dir='ltr'><strong>τὴν</strong></span> <span class='ocrx_word' id='word_1_784' title='bbox 2611 3965 2717 4036; x_wconf 86' lang='grc' dir='ltr'><strong>γῆν</strong></span> <span class='ocrx_word' id='word_1_785' title='bbox 2741 3965 2842 4019; x_wconf 85' lang='grc' dir='ltr'><strong>οὐκ</strong></span> <span class='ocrx_word' id='word_1_786' title='bbox 2887 3967 3191 4040; x_wconf 77' lang='grc' dir='ltr'><strong>ἐποίησαν,</strong></span> <span class='ocrx_word' id='word_1_787' title='bbox 3242 3971 3662 4028; x_wconf 80' lang='grc' dir='ltr'><strong>ἀπολέσθωσαν.</strong></span> <span class='ocrx_word' id='word_1_788' title='bbox 3699 3995 3719 4028; x_wconf 74' lang='grc' dir='ltr'><strong>ι</strong></span> 
     </span>
    </p>
   </div>
   <div class='ocr_carea' id='block_1_98' title="bbox 2137 4055 3728 4137">
    <p class='ocr_par' dir='ltr' id='par_1_98' title="bbox 2137 4055 3728 4137">
     <span class='ocr_line' id='line_1_99' title="bbox 2137 4055 3728 4137; baseline 0.008 -28"><span class='ocrx_word' id='word_1_789' title='bbox 2137 4055 2248 4110; x_wconf 86' lang='lat' dir='ltr'><strong>Kal</strong></span> <span class='ocrx_word' id='word_1_790' title='bbox 2287 4057 2390 4110; x_wconf 84' lang='grc' dir='ltr'><strong>ὅσα</strong></span> <span class='ocrx_word' id='word_1_791' title='bbox 2419 4055 2645 4127; x_wconf 82' lang='grc' dir='ltr'><strong>τοιούτῳ</strong></span> <span class='ocrx_word' id='word_1_792' title='bbox 2687 4058 2874 4130; x_wconf 84' lang='grc' dir='ltr'><strong>τρόπῳ</strong></span> <span class='ocrx_word' id='word_1_793' title='bbox 2900 4059 3070 4114; x_wconf 82' lang='grc' dir='ltr'><strong>πάλαι</strong></span> <span class='ocrx_word' id='word_1_794' title='bbox 3103 4063 3132 4115; x_wconf 86' lang='grc' dir='ltr'><strong>ό</strong></span> <span class='ocrx_word' id='word_1_795' title='bbox 3164 4062 3300 4128; x_wconf 72' lang='grc' dir='ltr'><strong>Θεὸς</strong></span> <span class='ocrx_word' id='word_1_796' title='bbox 3338 4065 3579 4137; x_wconf 80' lang='grc' dir='ltr'><strong>λαλήσας</strong></span> <span class='ocrx_word' id='word_1_797' title='bbox 3602 4072 3728 4132; x_wconf 77' lang='grc' dir='ltr'><strong>τοῖς</strong></span> 
     </span>
    </p>
   </div>
   <div class='ocr_carea' id='block_1_99' title="bbox 2140 4149 3728 4230">
    <p class='ocr_par' dir='ltr' id='par_1_99' title="bbox 2140 4149 3728 4230">
     <span class='ocr_line' id='line_1_100' title="bbox 2140 4149 3728 4230; baseline 0.008 -29"><span class='ocrx_word' id='word_1_798' title='bbox 2140 4149 2437 4219; x_wconf 85' lang='grc' dir='ltr'><strong>πατράσιν,</strong></span> <span class='ocrx_word' id='word_1_799' title='bbox 2466 4149 2556 4202; x_wconf 78' lang='grc' dir='ltr'><strong>ἐπ’</strong></span> <span class='ocrx_word' id='word_1_800' title='bbox 2590 4149 2836 4220; x_wconf 75' lang='grc' dir='ltr'><strong>ἐσχάτων</strong></span> <span class='ocrx_word' id='word_1_801' title='bbox 2873 4151 2982 4207; x_wconf 89' lang='grc' dir='ltr'><strong>τῶν</strong></span> <span class='ocrx_word' id='word_1_802' title='bbox 3014 4153 3239 4226; x_wconf 81' lang='grc' dir='ltr'><strong>ἡμερῶν</strong></span> <span class='ocrx_word' id='word_1_803' title='bbox 3286 4157 3547 4228; x_wconf 74' lang='grc' dir='ltr'><strong>ἐλάλησεν</strong></span> <span class='ocrx_word' id='word_1_804' title='bbox 3581 4160 3728 4230; x_wconf 81' lang='grc' dir='ltr'><strong>ἡμῖν</strong></span> 
     </span>
    </p>
   </div>
   <div class='ocr_carea' id='block_1_100' title="bbox 2137 4240 3731 4318">
    <p class='ocr_par' dir='ltr' id='par_1_100' title="bbox 2137 4240 3731 4318">
     <span class='ocr_line' id='line_1_101' title="bbox 2137 4240 3731 4318; baseline 0.008 -23"><span class='ocrx_word' id='word_1_805' title='bbox 2137 4244 2196 4295; x_wconf 81' lang='grc' dir='ltr'><strong>ὲν</strong></span> <span class='ocrx_word' id='word_1_806' title='bbox 2247 4241 2327 4313; x_wconf 83' lang='grc' dir='ltr'><strong>τῷ</strong></span> <span class='ocrx_word' id='word_1_807' title='bbox 2374 4245 2656 4313; x_wconf 83' lang='grc' dir='ltr'><strong>μονογενεϊ</strong></span> <span class='ocrx_word' id='word_1_808' title='bbox 2702 4242 2820 4314; x_wconf 84' lang='grc' dir='ltr'><strong>Υίῷ</strong></span> <span class='ocrx_word' id='word_1_809' title='bbox 2874 4244 3077 4314; x_wconf 81' lang='grc' dir='ltr'><strong>αὐτοῦ,</strong></span> <span class='ocrx_word' id='word_1_810' title='bbox 3114 4246 3182 4300; x_wconf 83' lang='grc' dir='ltr'><strong>δι’</strong></span> <span class='ocrx_word' id='word_1_811' title='bbox 3231 4240 3293 4300; x_wconf 77' lang='grc' dir='ltr'><strong>οὗ</strong></span> <span class='ocrx_word' id='word_1_812' title='bbox 3340 4250 3464 4313; x_wconf 79' lang='grc' dir='ltr'><strong>τοὺς</strong></span> <span class='ocrx_word' id='word_1_813' title='bbox 3509 4252 3731 4318; x_wconf 72' lang='grc' dir='ltr'><strong>αἰῶνας</strong></span> 
     </span>
    </p>
   </div>
   <div class='ocr_carea' id='block_1_101' title="bbox 2137 4328 3731 4412">
    <p class='ocr_par' dir='ltr' id='par_1_101' title="bbox 2137 4328 3731 4412">
     <span class='ocr_line' id='line_1_102' title="bbox 2137 4328 3731 4412; baseline 0.007 -26"><span class='ocrx_word' id='word_1_814' title='bbox 2137 4333 2421 4405; x_wconf 77' lang='grc' dir='ltr'><strong>ἐποίησεν.</strong></span> <span class='ocrx_word' id='word_1_815' title='bbox 2453 4328 2584 4388; x_wconf 77' lang='grc' dir='ltr'><strong>Οἶδα</strong></span> <span class='ocrx_word' id='word_1_816' title='bbox 2609 4335 2701 4389; x_wconf 79' lang='grc' dir='ltr'><strong>τὸν</strong></span> <span class='ocrx_word' id='word_1_817' title='bbox 2734 4335 2979 4406; x_wconf 76' lang='grc' dir='ltr'><strong>εἰπόντα,</strong></span> <span class='ocrx_word' id='word_1_818' title='bbox 3020 4356 3040 4390; x_wconf 77' lang='grc' dir='ltr'><strong>ι</strong></span> <span class='ocrx_word' id='word_1_819' title='bbox 3083 4337 3231 4410; x_wconf 81' lang='grc' dir='ltr'><strong>Αὕτη</strong></span> <span class='ocrx_word' id='word_1_820' title='bbox 3257 4339 3314 4394; x_wconf 78' lang='grc' dir='ltr'><strong>δέ</strong></span> <span class='ocrx_word' id='word_1_821' title='bbox 3343 4342 3487 4394; x_wconf 78' lang='grc' dir='ltr'><strong>ἐστιν</strong></span> <span class='ocrx_word' id='word_1_822' title='bbox 3513 4343 3547 4412; x_wconf 82' lang='grc' dir='ltr'><strong>ή</strong></span> <span class='ocrx_word' id='word_1_823' title='bbox 3582 4345 3731 4396; x_wconf 76' lang='grc' dir='ltr'><strong>αἰῶ-</strong></span> 
     </span>
    </p>
   </div>
   <div class='ocr_carea' id='block_1_102' title="bbox 2137 4423 3727 4499">
    <p class='ocr_par' dir='ltr' id='par_1_102' title="bbox 2137 4423 3727 4499">
     <span class='ocr_line' id='line_1_103' title="bbox 2137 4423 3727 4499; baseline 0.006 -21"><span class='ocrx_word' id='word_1_824' title='bbox 2137 4442 2247 4488; x_wconf 83' lang='grc' dir='ltr'><strong>νιος</strong></span> <span class='ocrx_word' id='word_1_825' title='bbox 2285 4424 2400 4496; x_wconf 80' lang='grc' dir='ltr'><strong>ζωὴ</strong></span> <span class='ocrx_word' id='word_1_826' title='bbox 2425 4465 2439 4490; x_wconf 92' lang='grc'><strong>,</strong></span> <span class='ocrx_word' id='word_1_827' title='bbox 2475 4425 2564 4479; x_wconf 80' lang='grc' dir='ltr'><strong>ἵνα</strong></span> <span class='ocrx_word' id='word_1_828' title='bbox 2592 4423 2904 4495; x_wconf 85' lang='grc' dir='ltr'><strong>γινώσκωσι</strong></span> <span class='ocrx_word' id='word_1_829' title='bbox 2950 4443 3010 4481; x_wconf 93' lang='grc' dir='ltr'><strong>σε</strong></span> <span class='ocrx_word' id='word_1_830' title='bbox 3049 4427 3140 4482; x_wconf 80' lang='grc' dir='ltr'><strong>τὸν</strong></span> <span class='ocrx_word' id='word_1_831' title='bbox 3193 4429 3352 4499; x_wconf 89' lang='grc' dir='ltr'><strong>μόνον</strong></span> <span class='ocrx_word' id='word_1_832' title='bbox 3402 4429 3586 4494; x_wconf 81' lang='grc' dir='ltr'><strong>ζῶντα</strong></span> <span class='ocrx_word' id='word_1_833' title='bbox 3623 4437 3727 4488; x_wconf 73' lang='grc' dir='ltr'><strong>καὶ</strong></span> 
     </span>
    </p>
   </div>
   <div class='ocr_carea' id='block_1_103' title="bbox 2136 4515 3722 4593">
    <p class='ocr_par' dir='ltr' id='par_1_103' title="bbox 2136 4515 3722 4593">
     <span class='ocr_line' id='line_1_104' title="bbox 2136 4515 3722 4593; baseline 0.004 -22"><span class='ocrx_word' id='word_1_834' title='bbox 2136 4515 2387 4588; x_wconf 80' lang='grc' dir='ltr'><strong>ἀληθινὸν</strong></span> <span class='ocrx_word' id='word_1_835' title='bbox 2418 4515 2573 4584; x_wconf 79' lang='grc' dir='ltr'><strong>Θεὸν,</strong></span> <span class='ocrx_word' id='word_1_836' title='bbox 2609 4519 2703 4571; x_wconf 76' lang='grc' dir='ltr'><strong>καὶ</strong></span> <span class='ocrx_word' id='word_1_837' title='bbox 2729 4517 2789 4571; x_wconf 83' lang='grc' dir='ltr'><strong>ὃν</strong></span> <span class='ocrx_word' id='word_1_838' title='bbox 2809 4518 3139 4584; x_wconf 81' lang='grc' dir='ltr'><strong>ἀπέστειλας</strong></span> <span class='ocrx_word' id='word_1_839' title='bbox 3167 4521 3376 4592; x_wconf 81' lang='grc' dir='ltr'><strong>Ἰησοῦν</strong></span> <span class='ocrx_word' id='word_1_840' title='bbox 3400 4523 3668 4593; x_wconf 84' lang='grc' dir='ltr'><strong>Χριστόν.</strong></span> <span class='ocrx_word' id='word_1_841' title='bbox 3701 4546 3722 4579; x_wconf 75' lang='grc' dir='ltr'><strong>ι</strong></span> 
     </span>
    </p>
   </div>
   <div class='ocr_carea' id='block_1_104' title="bbox 2138 4607 3726 4689">
    <p class='ocr_par' dir='ltr' id='par_1_104' title="bbox 2138 4607 3726 4689">
     <span class='ocr_line' id='line_1_105' title="bbox 2138 4607 3726 4689; baseline 0.006 -27"><span class='ocrx_word' id='word_1_842' title='bbox 2138 4609 2250 4662; x_wconf 85' lang='lat' dir='ltr'><strong>Kal</strong></span> <span class='ocrx_word' id='word_1_843' title='bbox 2280 4607 2520 4662; x_wconf 84' lang='grc' dir='ltr'><strong>πιστεύω</strong></span> <span class='ocrx_word' id='word_1_844' title='bbox 2555 4610 2636 4672; x_wconf 78' lang='grc' dir='ltr'><strong>εις</strong></span> <span class='ocrx_word' id='word_1_845' title='bbox 2664 4609 2758 4664; x_wconf 75' lang='grc' dir='ltr'><strong>ἕνα</strong></span> <span class='ocrx_word' id='word_1_846' title='bbox 2778 4608 2930 4672; x_wconf 82' lang='grc' dir='ltr'><strong>Θεὸν,</strong></span> <span class='ocrx_word' id='word_1_847' title='bbox 2964 4610 3094 4680; x_wconf 85' lang='grc' dir='ltr'><strong>μίαν</strong></span> <span class='ocrx_word' id='word_1_848' title='bbox 3115 4612 3225 4665; x_wconf 89' lang='grc' dir='ltr'><strong>τῶν</strong></span> <span class='ocrx_word' id='word_1_849' title='bbox 3255 4613 3473 4668; x_wconf 84' lang='grc' dir='ltr'><strong>πάντων</strong></span> <span class='ocrx_word' id='word_1_850' title='bbox 3512 4616 3726 4689; x_wconf 75' lang='grc' dir='ltr'><strong>ἀρχὴν,</strong></span> 
     </span>
    </p>
   </div>
   <div class='ocr_carea' id='block_1_105' title="bbox 2137 4699 3726 4770">
    <p class='ocr_par' dir='ltr' id='par_1_105' title="bbox 2137 4699 3726 4770">
     <span class='ocr_line' id='line_1_106' title="bbox 2137 4699 3726 4770; baseline 0.005 -18"><span class='ocrx_word' id='word_1_851' title='bbox 2137 4699 2393 4770; x_wconf 73' lang='grc' dir='ltr'><strong>ἄναρχον,</strong></span> <span class='ocrx_word' id='word_1_852' title='bbox 2424 4699 2698 4764; x_wconf 84' lang='grc' dir='ltr'><strong>ἄκτιστον,</strong></span> <span class='ocrx_word' id='word_1_853' title='bbox 2725 4699 3029 4770; x_wconf 81' lang='grc' dir='ltr'><strong>ἀνώλεθρον</strong></span> <span class='ocrx_word' id='word_1_854' title='bbox 3059 4701 3155 4754; x_wconf 82' lang='grc' dir='ltr'><strong>καὶ</strong></span> <span class='ocrx_word' id='word_1_855' title='bbox 3174 4701 3458 4769; x_wconf 82' lang='grc' dir='ltr'><strong>ἀθάνατον,</strong></span> <span class='ocrx_word' id='word_1_856' title='bbox 3493 4704 3726 4760; x_wconf 77' lang='grc' dir='ltr'><strong>αἰώνιον</strong></span> 
     </span>
    </p>
   </div>
   <div class='ocr_carea' id='block_1_106' title="bbox 2133 4792 3722 4870">
    <p class='ocr_par' dir='ltr' id='par_1_106' title="bbox 2133 4792 3722 4870">
     <span class='ocr_line' id='line_1_107' title="bbox 2133 4792 3722 4870; baseline 0.003 -24"><span class='ocrx_word' id='word_1_857' title='bbox 2133 4794 2225 4846; x_wconf 76' lang='grc' dir='ltr'><strong>καὶ</strong></span> <span class='ocrx_word' id='word_1_858' title='bbox 2245 4793 2435 4860; x_wconf 76' lang='grc' dir='ltr'><strong>ἀΐδιον,</strong></span> <span class='ocrx_word' id='word_1_859' title='bbox 2463 4792 2872 4864; x_wconf 84' lang='grc' dir='ltr'><strong>ἀκατάληπτον,</strong></span> <span class='ocrx_word' id='word_1_860' title='bbox 2898 4793 3212 4867; x_wconf 85' lang='grc' dir='ltr'><strong>ἀσώματον,</strong></span> <span class='ocrx_word' id='word_1_861' title='bbox 3236 4796 3492 4864; x_wconf 87' lang='grc' dir='ltr'><strong>ἀόρατον,</strong></span> <span class='ocrx_word' id='word_1_862' title='bbox 3517 4799 3626 4850; x_wconf 85' lang='grc' dir='ltr'><strong>ἀπε</strong></span> <span class='ocrx_word' id='word_1_863' title='bbox 3637 4801 3722 4870; x_wconf 77' lang='grc' dir='ltr'><strong>ρί-</strong></span> 
     </span>
    </p>
   </div>
   <div class='ocr_carea' id='block_1_107' title="bbox 2133 4885 3719 4960">
    <p class='ocr_par' dir='ltr' id='par_1_107' title="bbox 2133 4885 3719 4960">
     <span class='ocr_line' id='line_1_108' title="bbox 2133 4885 3719 4960; baseline 0.001 -20"><span class='ocrx_word' id='word_1_864' title='bbox 2133 4901 2411 4956; x_wconf 81' lang='grc' dir='ltr'><strong>γραπτον,</strong></span> <span class='ocrx_word' id='word_1_865' title='bbox 2462 4885 2911 4956; x_wconf 79' lang='grc' dir='ltr'><strong>ἀσχημάτιστον·</strong></span> <span class='ocrx_word' id='word_1_866' title='bbox 2961 4886 3092 4958; x_wconf 88' lang='grc' dir='ltr'><strong>μίαν</strong></span> <span class='ocrx_word' id='word_1_867' title='bbox 3133 4888 3459 4960; x_wconf 85' lang='grc' dir='ltr'><strong>ύπερούσιον</strong></span> <span class='ocrx_word' id='word_1_868' title='bbox 3495 4890 3719 4952; x_wconf 72' lang='grc' dir='ltr'><strong>οὐσίαν,</strong></span> 
     </span>
    </p>
   </div>
   <div class='ocr_carea' id='block_1_108' title="bbox 2135 4975 3723 5050">
    <p class='ocr_par' dir='ltr' id='par_1_108' title="bbox 2135 4975 3723 5050">
     <span class='ocr_line' id='line_1_109' title="bbox 2135 4975 3723 5050; baseline 0.004 -21"><span class='ocrx_word' id='word_1_869' title='bbox 2135 4975 2404 5047; x_wconf 77' lang='grc' dir='ltr'><strong>ύπέρθεον</strong></span> <span class='ocrx_word' id='word_1_870' title='bbox 2439 4975 2692 5047; x_wconf 86' lang='grc' dir='ltr'><strong>θεότητα,</strong></span> <span class='ocrx_word' id='word_1_871' title='bbox 2729 4978 2994 5048; x_wconf 73' lang='grc' dir='ltr'><strong>ὲντρισὶν</strong></span> <span class='ocrx_word' id='word_1_872' title='bbox 3019 4979 3371 5044; x_wconf 84' lang='grc' dir='ltr'><strong>ὑποστάσεσι,</strong></span> <span class='ocrx_word' id='word_1_873' title='bbox 3410 4981 3587 5050; x_wconf 78' lang='grc' dir='ltr'><strong>Πατρὶ</strong></span> <span class='ocrx_word' id='word_1_874' title='bbox 3623 4985 3723 5035; x_wconf 77' lang='grc' dir='ltr'><strong>καὶ</strong></span> 
     </span>
    </p>
   </div>
   <div class='ocr_carea' id='block_1_109' title="bbox 2135 5065 3720 5142">
    <p class='ocr_par' dir='ltr' id='par_1_109' title="bbox 2135 5065 3720 5142">
     <span class='ocr_line' id='line_1_110' title="bbox 2135 5065 3720 5142; baseline 0.006 -24"><span class='ocrx_word' id='word_1_875' title='bbox 2135 5065 2251 5137; x_wconf 87' lang='grc' dir='ltr'><strong>Υίῷ</strong></span> <span class='ocrx_word' id='word_1_876' title='bbox 2285 5067 2380 5121; x_wconf 76' lang='grc' dir='ltr'><strong>καὶ</strong></span> <span class='ocrx_word' id='word_1_877' title='bbox 2410 5067 2551 5139; x_wconf 73' lang='grc' dir='ltr'><strong>ἁγίῳ</strong></span> <span class='ocrx_word' id='word_1_878' title='bbox 2587 5067 2898 5139; x_wconf 87' lang='grc' dir='ltr'><strong>Πνεύματι·</strong></span> <span class='ocrx_word' id='word_1_879' title='bbox 2933 5071 3025 5123; x_wconf 71' lang='grc' dir='ltr'><strong>καὶ</strong></span> <span class='ocrx_word' id='word_1_880' title='bbox 3051 5070 3228 5141; x_wconf 86' lang='grc' dir='ltr'><strong>τούτῳ</strong></span> <span class='ocrx_word' id='word_1_881' title='bbox 3261 5071 3407 5142; x_wconf 82' lang='grc' dir='ltr'><strong>μόνῳ</strong></span> <span class='ocrx_word' id='word_1_882' title='bbox 3434 5071 3720 5142; x_wconf 81' lang='grc' dir='ltr'><strong>λατρεύω,</strong></span> 
     </span>
    </p>
   </div>
   <div class='ocr_carea' id='block_1_110' title="bbox 2140 5161 3719 5233">
    <p class='ocr_par' dir='ltr' id='par_1_110' title="bbox 2140 5161 3719 5233">
     <span class='ocr_line' id='line_1_111' title="bbox 2140 5161 3719 5233; baseline 0.002 -19"><span class='ocrx_word' id='word_1_883' title='bbox 2140 5162 2232 5214; x_wconf 79' lang='grc' dir='ltr'><strong>καὶ</strong></span> <span class='ocrx_word' id='word_1_884' title='bbox 2257 5161 2433 5233; x_wconf 84' lang='grc' dir='ltr'><strong>τούτῳ</strong></span> <span class='ocrx_word' id='word_1_885' title='bbox 2464 5162 2608 5233; x_wconf 85' lang='grc' dir='ltr'><strong>μόνῳ</strong></span> <span class='ocrx_word' id='word_1_886' title='bbox 2631 5163 2892 5231; x_wconf 86' lang='grc' dir='ltr'><strong>προσάγω</strong></span> <span class='ocrx_word' id='word_1_887' title='bbox 2914 5161 3012 5232; x_wconf 84' lang='grc' dir='ltr'><strong>τῆς</strong></span> <span class='ocrx_word' id='word_1_888' title='bbox 3037 5161 3294 5233; x_wconf 87' lang='grc' dir='ltr'><strong>λατρείας</strong></span> <span class='ocrx_word' id='word_1_889' title='bbox 3319 5161 3600 5232; x_wconf 79' lang='grc' dir='ltr'><strong>προσκύνη</strong></span> <span class='ocrx_word' id='word_1_890' title='bbox 3611 5180 3719 5219; x_wconf 82' lang='grc' dir='ltr'><strong>σιν.</strong></span> 
     </span>
    </p>
   </div>
   <div class='ocr_carea' id='block_1_111' title="bbox 2150 5251 3721 5326">
    <p class='ocr_par' dir='ltr' id='par_1_111' title="bbox 2150 5251 3721 5326">
     <span class='ocr_line' id='line_1_112' title="bbox 2150 5251 3721 5326; baseline 0.001 -21"><span class='ocrx_word' id='word_1_891' title='bbox 2150 5251 2260 5306; x_wconf 87' lang='lat' dir='ltr'><strong>&#39;Evl</strong></span> <span class='ocrx_word' id='word_1_892' title='bbox 2287 5253 2405 5324; x_wconf 87' lang='grc' dir='ltr'><strong>Θεῷ</strong></span> <span class='ocrx_word' id='word_1_893' title='bbox 2437 5253 2748 5326; x_wconf 83' lang='grc' dir='ltr'><strong>προσκυνῶ,</strong></span> <span class='ocrx_word' id='word_1_894' title='bbox 2789 5254 2887 5325; x_wconf 78' lang='grc' dir='ltr'><strong>μιᾷ</strong></span> <span class='ocrx_word' id='word_1_895' title='bbox 2929 5252 3168 5323; x_wconf 84' lang='grc' dir='ltr'><strong>θεότητι,</strong></span> <span class='ocrx_word' id='word_1_896' title='bbox 3217 5253 3353 5307; x_wconf 86' lang='grc' dir='ltr'><strong>άλλά</strong></span> <span class='ocrx_word' id='word_1_897' title='bbox 3401 5255 3494 5306; x_wconf 72' lang='grc' dir='ltr'><strong>καὶ</strong></span> <span class='ocrx_word' id='word_1_898' title='bbox 3523 5255 3721 5324; x_wconf 76' lang='grc' dir='ltr'><strong>Τριάδι</strong></span> 
     </span>
    </p>
   </div>
   <div class='ocr_carea' id='block_1_112' title="bbox 2133 5343 3725 5417">
    <p class='ocr_par' dir='ltr' id='par_1_112' title="bbox 2133 5343 3725 5417">
     <span class='ocr_line' id='line_1_113' title="bbox 2133 5343 3725 5417; baseline -0.002 -19"><span class='ocrx_word' id='word_1_899' title='bbox 2133 5346 2382 5417; x_wconf 84' lang='grc' dir='ltr'><strong>λατρεύω</strong></span> <span class='ocrx_word' id='word_1_900' title='bbox 2428 5346 2818 5400; x_wconf 76' lang='grc' dir='ltr'><strong>ὑποστάσεωνο</strong></span> <span class='ocrx_word' id='word_1_901' title='bbox 2868 5344 2985 5415; x_wconf 90' lang='grc' dir='ltr'><strong>Θεῷ</strong></span> <span class='ocrx_word' id='word_1_902' title='bbox 3035 5345 3248 5415; x_wconf 69' lang='grc' dir='ltr'><strong>Πατρὶ,</strong></span> <span class='ocrx_word' id='word_1_903' title='bbox 3295 5344 3390 5396; x_wconf 83' lang='grc' dir='ltr'><strong>καί</strong></span> <span class='ocrx_word' id='word_1_904' title='bbox 3441 5343 3565 5413; x_wconf 82' lang='grc' dir='ltr'><strong>Θεῷ</strong></span> <span class='ocrx_word' id='word_1_905' title='bbox 3599 5345 3725 5414; x_wconf 57' lang='lat' dir='ltr'><strong>Tit}</strong></span> 
     </span>
    </p>
   </div>
   <div class='ocr_carea' id='block_1_113' title="bbox 2139 5433 3724 5509">
    <p class='ocr_par' dir='ltr' id='par_1_113' title="bbox 2139 5433 3724 5509">
     <span class='ocr_line' id='line_1_114' title="bbox 2139 5433 3724 5509; baseline -0.001 -19"><span class='ocrx_word' id='word_1_906' title='bbox 2139 5436 2576 5509; x_wconf 81' lang='grc' dir='ltr'><strong>σεσαρκωμένῳ,</strong></span> <span class='ocrx_word' id='word_1_907' title='bbox 2620 5437 2714 5490; x_wconf 79' lang='grc' dir='ltr'><strong>καὶ</strong></span> <span class='ocrx_word' id='word_1_908' title='bbox 2749 5435 2868 5507; x_wconf 79' lang='grc' dir='ltr'><strong>Θεῷ</strong></span> <span class='ocrx_word' id='word_1_909' title='bbox 2906 5434 3046 5506; x_wconf 81' lang='grc' dir='ltr'><strong>ἁγίῳ</strong></span> <span class='ocrx_word' id='word_1_910' title='bbox 3090 5433 3410 5506; x_wconf 65' lang='grc' dir='ltr'><strong>Πνεύματν</strong></span> <span class='ocrx_word' id='word_1_911' title='bbox 3458 5434 3521 5488; x_wconf 86' lang='grc' dir='ltr'><strong>ού</strong></span> <span class='ocrx_word' id='word_1_912' title='bbox 3565 5440 3724 5506; x_wconf 78' lang='grc' dir='ltr'><strong>τρισὶ</strong></span> 
     </span>
    </p>
   </div>
   <div class='ocr_carea' id='block_1_114' title="bbox 2676 5593 3722 5662">
    <p class='ocr_par' dir='ltr' id='par_1_114' title="bbox 2676 5593 3722 5662">
     <span class='ocr_line' id='line_1_115' title="bbox 2676 5593 3722 5662; baseline -0.003 -12"><span class='ocrx_word' id='word_1_913' title='bbox 2676 5599 2720 5629; x_wconf 81' lang='grc'>²¹</span> <span class='ocrx_word' id='word_1_914' title='bbox 2759 5596 2914 5650; x_wconf 80' lang='lat' dir='ltr'><strong>Rom.</strong></span> <span class='ocrx_word' id='word_1_915' title='bbox 2955 5612 2991 5662; x_wconf 91' lang='lat' dir='ltr'><strong>l,</strong></span> <span class='ocrx_word' id='word_1_916' title='bbox 3033 5595 3123 5651; x_wconf 72' lang='lat'><strong>25.</strong></span> <span class='ocrx_word' id='word_1_917' title='bbox 3235 5595 3282 5626; x_wconf 80' lang='grc'><strong>’³</strong></span> <span class='ocrx_word' id='word_1_918' title='bbox 3329 5593 3481 5648; x_wconf 89' lang='lat' dir='ltr'><strong>Deut.</strong></span> <span class='ocrx_word' id='word_1_919' title='bbox 3508 5609 3613 5662; x_wconf 28' lang='lat' dir='ltr'><strong>AVI.</strong></span> <span class='ocrx_word' id='word_1_920' title='bbox 3667 5596 3722 5648; x_wconf 65' lang='grc' dir='ltr'><strong>ι.</strong></span> 
     </span>
    </p>
   </div>
   <div class='ocr_carea' id='block_1_115' title="bbox 2306 5660 3713 5733">
    <p class='ocr_par' dir='ltr' id='par_1_115' title="bbox 2306 5660 3713 5733">
     <span class='ocr_line' id='line_1_116' title="bbox 2306 5660 3713 5733; baseline -0.001 -14"><span class='ocrx_word' id='word_1_921' title='bbox 2306 5670 2350 5698; x_wconf 75' lang='grc'><strong>’⁸</strong></span> <span class='ocrx_word' id='word_1_922' title='bbox 2382 5660 2680 5729; x_wconf 43' lang='grc' dir='ltr'><strong>ΕκοιῙίκκ,</strong></span> <span class='ocrx_word' id='word_1_923' title='bbox 2706 5669 2759 5721; x_wconf 72' lang='grc'><strong>4.</strong></span> <span class='ocrx_word' id='word_1_924' title='bbox 2831 5667 2874 5698; x_wconf 78' lang='grc'>³⁷</span> <span class='ocrx_word' id='word_1_925' title='bbox 2908 5660 3050 5722; x_wconf 78' lang='lat' dir='ltr'><strong>Psal.</strong></span> <span class='ocrx_word' id='word_1_926' title='bbox 3093 5680 3240 5733; x_wconf 76' lang='lat' dir='ltr'><strong>xcw,</strong></span> <span class='ocrx_word' id='word_1_927' title='bbox 3277 5665 3331 5718; x_wconf 89' lang='lat'><strong>7.</strong></span> <span class='ocrx_word' id='word_1_928' title='bbox 3390 5665 3454 5696; x_wconf 84' lang='lat'><strong>&quot;&#39;</strong></span> <span class='ocrx_word' id='word_1_929' title='bbox 3494 5660 3713 5718; x_wconf 80' lang='lat' dir='ltr'><strong>Jeretn.</strong></span> 
     </span>
    </p>
   </div>
  </div>
