3904 6358
247 410 367 480 139.9

1291 415 1388 475 DE
1429 415 1892 477 IMAGINIBUS
1930 413 2210 475 ORATIO
2236 413 2349 472 III.

3349 402 3488 462 1330

242 524 503 595 ποσότητά
530 541 589 578 τε
628 523 720 577 καὶ
758 525 1115 597 πηλικότητα,
1153 527 1245 580 καὶ
1288 526 1615 599 χαρακτῆρα
1649 523 1808 595 περί-

1937 523 2004 592 μιί
2040 522 2193 577 cerni
2230 536 2344 575 non
2398 526 2597 589 potest,
2635 522 2917 583 assumpta
2958 525 3125 566 carne
3156 524 3217 564 se
3258 510 3485 580 conspio

242 616 385 688 θηται
413 612 684 685 σώματος,
712 616 835 669 τότε
861 617 919 669 ὲν
946 618 1131 682 πίναξι
1172 616 1409 688 χάραττὲ
1444 634 1504 669 τε
1553 617 1645 669 καὶ
1675 617 1805 669 ἁνα-

235 708 361 762 τίθει
384 708 518 779 πρὸς
539 707 771 778 Θεωρίαν
798 709 889 762 τὸν
908 710 1171 782 ὁραθῆναι
1212 709 1661 778 καταδεξάμενον,
1711 708 1807 778 χά-

242 816 389 871 ραττε
419 799 608 852 τούτου
628 800 726 871 τὴν
750 801 956 869 ἄφατον
980 802 1407 871 συγκατάϐασιν,
1438 801 1537 871 τὴν
1562 800 1628 853 ὲκ
1659 798 1808 870 ῐῐαρ-

242 889 379 941 θένου
427 888 702 959 γέννησιν,
740 890 839 960 τὴν
873 892 931 944 ἐν
985 892 1226 963 Ἰορδάνῃ
1282 891 1556 961 βάπτισιν,
1605 886 1706 959 τὴν
1748 888 1807 940 ὲν

246 978 436 1050 Θαϐὼρ
463 982 912 1051 μεταμόρφωσιν,
962 984 1032 1037 τὰ
1078 983 1226 1053 πάθη
1279 983 1351 1036 τὰ
1393 982 1493 1052 τῆς
1542 978 1809 1041 ἀπαθείας

243 1070 491 1139 πρόξενα,
524 1071 597 1125 τὰ
643 1072 918 1144 θαύματα,
951 1074 1020 1128 τὰ
1055 1075 1157 1145 τῆς
1200 1074 1353 1139 θείας
1386 1072 1550 1127 αὐτοῦ
1596 1070 1812 1141 φύσεως

242 1162 324 1213 καὶ
364 1161 646 1231 ἐνεργείας
680 1162 943 1234 σύμϐολα,
971 1164 1038 1219 δι’
1073 1165 1352 1237 ἐνεργείας
1390 1164 1590 1237 σαρκὸς
1621 1163 1817 1216 ἀποτε-

241 1250 487 1321 λούμενα,
513 1251 606 1305 τοῦ
640 1254 891 1326 Σωτῆρος
920 1256 1019 1326 τὴν
1069 1256 1338 1328 σωτήριον
1369 1254 1567 1327 ταφὴν,
1608 1253 1708 1325 τὴν
1736 1252 1817 1315 εἰς

245 1342 462 1412 οὐρανὸν
479 1343 664 1398 ἄνοδον
688 1360 703 1375 ·
727 1345 905 1403 πάντα
938 1348 1138 1419 γράφε,
1167 1349 1264 1403 καὶ
1281 1348 1445 1419 λόγῳ,
1479 1349 1574 1403 καὶ
1596 1345 1822 1418 χρώμα-

248 1449 346 1499 σιν,
376 1434 431 1488 ἐν
458 1452 517 1488 τε
548 1436 749 1507 βίϐλοις
781 1438 874 1492 καὶ
912 1438 1126 1506 πίναξιν
1159 1452 1207 1493 α.

1912 627 2078 667 cuum
2118 609 2436 681 prmbuerit,
2473 617 2607 664 tunc
2650 606 2797 661 illius
2839 601 3118 658 deformes
3168 599 3484 670 imaginem.

1912 703 2051 760 Cum
2092 703 2184 758 ille
2220 702 2313 772 qui
2366 703 2420 755 in
2470 700 2643 755 forma
2678 697 2773 752 Dei
2826 695 3122 757 exsistens,
3164 692 3234 747 ob
3282 699 3491 745 naturae

1914 815 2031 857 sua:
2063 797 2445 855 excellentiam
2492 794 2821 867 quantitatis
2857 801 2911 847 et
2969 786 3252 860 qualitatis
3282 793 3334 839 et
3376 798 3491 835 ma-

1918 891 2232 965 gnitudinis
2287 898 2371 948 est
2410 904 2628 953 exsors,
2672 888 2845 942 forma
2900 884 3041 942 servi
3095 887 3369 951 suscepta,
3424 874 3491 927 ad

1917 984 2285 1055 quantitatem
2320 981 2756 1053 qualitatemque
2801 992 2924 1034 sese
2972 972 3331 1032 eontrahens,
3365 982 3492 1021 cor-

1920 1074 2075 1146 poris
2113 1073 2347 1144 flguram
2400 1070 2663 1135 induerit,
2699 1076 2831 1123 tunc
2869 1069 2925 1122 in
2974 1065 3191 1121 tabellis
3246 1074 3371 1117 eum
3401 1072 3496 1111 ex-

1924 1166 2122 1236 prime,
2149 1164 2441 1235 palamque
2471 1158 2923 1232 conspiciendum
2955 1171 3220 1228 propone,
3251 1152 3344 1224 qui
3368 1164 3498 1204 cou-

1926 1257 2063 1329 spici
2095 1257 2299 1312 voluit:
2361 1255 2693 1311 ineffabilem
2736 1253 2913 1325 ipsius
2963 1247 3354 1304 demissionem
3399 1241 3495 1295 de-

1926 1349 2107 1419 signa,
2143 1346 2487 1401 nativitatem
2526 1362 2593 1401 ex
2622 1344 2869 1415 Virgine,
2916 1340 3256 1411 baptismum
3290 1335 3344 1389 in
3376 1331 3500 1386 Jor-

1932 1439 2089 1505 dane,
2141 1436 2678 1507 trausfigurationem
2730 1435 2785 1489 in
2817 1432 3063 1495 Thabor,
3118 1426 3398 1483 cruciatus
3436 1422 3501 1474 il-

249 1522 348 1587 los,
398 1524 526 1593 quia
567 1527 909 1584 cruciatibus
968 1544 1068 1585 nos
1120 1536 1478 1596 exemerunt;
1523 1529 1817 1595 miracula,
1860 1544 1984 1600 quae
2040 1544 2164 1584 cum
2216 1528 2402 1585 carnis
2448 1525 2757 1581 ministerio
2812 1529 3186 1594 patrarentur,
3258 1514 3499 1571 divinam

248 1614 417 1684 ipsius
460 1626 716 1674 naturam
765 1629 822 1676 et
871 1620 1167 1677 efficaciam
1211 1624 1578 1694 premebant;
1612 1622 1908 1679 salutarem
1958 1622 2260 1678 Salvatoris
2325 1620 2685 1691 sepulturam,
2752 1614 3249 1674 resurrectionem,
3312 1617 3508 1660 ascen-

250 1720 364 1760 sum
402 1706 457 1760 in
507 1708 745 1773 caelum;
802 1710 920 1765 haec
953 1711 1140 1766 omnia
1188 1727 1314 1767 cum
1368 1727 1648 1777 sermone,
1704 1719 1821 1765 tum
1862 1712 2146 1768 coloribus
2196 1712 2474 1775 describe,
2506 1718 2623 1763 tum
2659 1709 2713 1761 in
2749 1706 2930 1770 libris,
2963 1713 3074 1758 tum
3105 1703 3161 1757 in
3192 1698 3429 1754 tabellis.

315 1797 381 1851 θ’.
415 1816 434 1849 ι
481 1799 555 1851 Οὐ
607 1801 856 1871 ποιήσεις
896 1802 1128 1873 σεαυτῷ,
1163 1805 1318 1874 φησὶ,
1350 1803 1588 1873 γλυπτδν
1609 1804 1660 1867 b,
1705 1803 1825 1858 οὐδὲ

2001 1806 2053 1861 9.
2094 1824 2113 1859 ι
2164 1802 2283 1858 Non
2337 1802 2534 1868 facies,
2584 1802 2682 1863 ait,
2717 1800 2817 1855 tibi
2872 1797 3147 1867 sculptile,
3184 1812 3359 1868 neque
3388 1811 3507 1851 om-

251 1890 355 1942 πᾶν
409 1891 681 1961 ὁμοίωμα.
736 1911 754 1945 ι
821 1894 1007 1947 Ταῦτα
1057 1895 1150 1949 τοῦ
1190 1894 1326 1949 Θεοῦ
1395 1897 1822 1967 προστάξαντος,

259 1998 276 2031 ι
322 1980 631 2050 Ἐποίησαν,
656 1985 813 2053 φησι,
841 1984 902 2037 τὺ
927 1986 1328 2058 καταπέτασμα
1373 1988 1471 2058 τῆς
1499 1988 1704 2058 σκηνῆς
1732 1986 1825 2041 τοῦ

256 2076 573 2144 μαρτυρίου,
598 2072 657 2140 ἐξ
684 2075 941 2129 ὑακίνθου
974 2078 1069 2131 καὶ⁸
1096 2078 1408 2151 πορφύρας,
1444 2082 1542 2133 καὶ
1571 2079 1826 2133 κοκκίνου

253 2165 603 2234 νενησμένου,
628 2168 722 2221 καὶ
750 2168 946 2237 βύσσου
972 2169 1380 2242 κεκλωσμένης,
1404 2172 1564 2243 ἔργον
1595 2173 1829 2242 ὑφαντδν

254 2255 546 2327 Χερουϐίμ.
572 2275 590 2309 ι
608 2259 735 2325 Καὶ,
756 2276 773 2309 ι
798 2261 1093 2331 Ἐποίησαν
1107 2262 1165 2315 τὸ
1182 2263 1491 2335 ἱλαστήριον
1508 2266 1712 2319 ἄνωθεν
1730 2268 1829 2337 τῆς

260 2345 496 2399 κιϐωτοῦ
541 2348 606 2400 ὲκ
636 2349 861 2418 χρυσίου
894 2351 1160 2423 καθαροῦ,
1203 2354 1297 2406 καί⁵
1348 2356 1475 2419 τοὺς
1501 2355 1593 2409 δύο
1627 2358 1832 2427 Χερου-

256 2436 371 2505 ϐίμ.
410 2455 429 2488 ι
457 2437 523 2491 Τί
562 2442 756 2504 ποιεῖς,
790 2434 835 2493 ὦ
865 2442 1109 2512 Μωῦσῆ;
1145 2445 1210 2497 σὺ
1242 2443 1441 2513 λέγεις,
1491 2464 1509 2497 ι
1546 2446 1621 2499 Οὐ
1673 2447 1831 2517 ποιή-

258 2543 372 2591 σεις
405 2530 619 2600 σεαυτῷ
644 2530 901 2600 γλυπτόν,
952 2534 1071 2587 οὐδὲ
1121 2537 1229 2589 πᾶν
1261 2535 1530 2607 ὁμοίωμα,
1575 2555 1595 2588 ι
1630 2539 1726 2591 κα)⁹
1767 2538 1831 2591 σὺ

258 2619 654 2690 καταπέτασμα
673 2623 1109 2688 κατασκευάζεις
1139 2636 1161 2663 ε
1181 2625 1341 2697 ἔργον
1364 2626 1597 2696 ὑφαντδν
1627 2630 1834 2699 Χερου-

258 2710 378 2779 ϐὶμ,
416 2713 509 2765 καὶ
538 2712 632 2765 δύο
662 2715 943 2786 Χερουϐὶμ
982 2717 1044 2769 ὲκ
1087 2718 1311 2789 χρυσίου
1349 2719 1632 2790 καθαροῦ;
1696 2722 1834 2775 Ἀλλ’

257 2803 443 2867 ἄκουε,
466 2804 520 2855 τί
544 2803 679 2873 πρὸς
716 2806 777 2857 σὲ
799 2809 826 2859 ό
854 2806 1111 2877 θεράπων
1155 2809 1249 2863 τοῦ
1277 2810 1413 2863 Θεοῦ
1444 2812 1685 2882 Μωῦσῆς
1722 2815 1835 2876 τοῖς

224 2895 578 2964 “πράγμασιν
631 2897 1071 2968 ἀντιφθέγγεται.
1120 2897 1189 2955 Ὦ
1246 2903 1437 2972 τυφλοὶ
1498 2905 1592 2957 καὶ
1638 2905 1831 2975 μωροὶ,

257 2984 445 3037 σύνετε
466 2985 573 3039 τῶν
618 2987 928 3059 λεγομένων
966 2993 1064 3062 τὴν
1099 2993 1349 3065 δύναμιν,
1382 2994 1476 3049 καὶ
1529 2996 1836 3064 φυλάξασθε

254 3077 464 3148 σφόδρα
493 3080 592 3141 τὰς
616 3078 794 3150 ψυχὰς
814 3082 988 3152 ὑμῶν.
1036 3078 1225 3149 Εἶπον,
1250 3087 1329 3140 ὅτι
1371 3105 1390 3137 ι
1432 3086 1718 3157 Ὀμοίωμα
1736 3088 1837 3140 οὐκ

1926 1913 2052 1953 nem
2081 1893 2585 1953 similitudinem“.
2610 1910 2627 1943 ι
2650 1893 2777 1945 Haec
2800 1904 2924 1945 cum
2958 1887 3308 1959 prmcepisset
3327 1886 3504 1941 Deus:

1934 2008 1954 2041 ι
1981 1989 2275 2052 Fecerunt,
2299 1988 2499 2057 inquit,
2526 1984 2827 2041 tentorium
2846 1978 3191 2036 tabernaculi
3231 1976 3395 2049 350
3426 1988 3506 2032 te-

1930 2079 2175 2137 stimonii
2222 2093 2287 2133 ex
2354 2076 2671 2149 hyacintho,
2730 2081 2784 2128 et
2831 2086 3111 2144 purpura,
3172 2076 3226 2123 et
3280 2069 3509 2124 coccino

1930 2184 2082 2237 ueto,
2120 2177 2175 2226 et
2216 2171 2384 2241 bysso
2445 2175 2673 2234 retorta,
2737 2180 2874 2235 opus
2932 2170 3246 2218 contextum
3300 2159 3510 2215 Cheru-

1931 2264 2043 2319 bim
2078 2262 2144 2317 ‘9.
2188 2280 2207 2313 ι
2245 2260 2354 2315 Et:
2402 2279 2421 2312 ι
2458 2259 2731 2315 Fecerunt
2763 2256 3203 2327 propitiatorium
3256 2268 3322 2308 ex
3378 2265 3512 2305 auro

1933 2361 2166 2425 puro,et
2189 2354 2297 2410 duo
2322 2352 2619 2409 Cherubim
2652 2367 2817 2421 super
2840 2365 3026 2405 arcam
3056 2349 3124 2405 ⁸⁸.
3151 2365 3172 2403 ι
3200 2346 3343 2413 Quid
3373 2343 3510 2415 agis,

1933 2445 2181 2517 Moyses?
2213 2453 2270 2501 tu
2309 2444 2606 2515 praecipis:
2654 2461 2672 2495 ι
2708 2443 2829 2497 Non
2869 2439 3043 2495 facies
3078 2439 3178 2494 tibi
3221 2436 3509 2506 sculptile,

1934 2553 2112 2608 neque
2142 2552 2362 2593 omnem
2399 2536 2725 2603 imaginem;
2766 2554 2784 2587 ι
2831 2549 2896 2588 ac
2947 2531 3306 2587 nihilominus
3334 2534 3513 2583 tento-

1939 2631 2107 2693 rium,
2144 2642 2286 2698 opus
2312 2628 2609 2684 Cherubim
2664 2633 2984 2681 contextum
3024 2623 3179 2690 facis,
3212 2618 3513 2692 quinetiam

1937 2719 2047 2775 duo
2083 2718 2379 2775 Cherubim
2412 2733 2477 2773 ex
2508 2731 2646 2772 auro
2674 2717 2851 2787 puro?
2879 2714 3081 2772 Verum
3110 2713 3390 2768 auscultes
3427 2724 3519 2765 ve-

1937 2810 2055 2872 lim,
2092 2809 2223 2885 quid
2284 2808 2382 2863 tibi
2438 2807 2530 2863 Dei
2588 2808 2840 2863 minister
2888 2804 3103 2878 Moyses
3158 2801 3512 2874 respondeat.

1938 2902 1984 2956 υ
2023 2902 2151 2956 (ιωοί
2177 2909 2231 2957 et
2264 2901 2441 2965 stulti,
2478 2900 2587 2954 vim
2632 2900 2928 2955 verborum
2982 2898 3266 2969 percipite,
3304 2903 3357 2950 et
3396 2894 3517 2947 ani—

1938 3008 2059 3048 mas
2088 3002 2307 3049 vestras
2343 2991 2768 3063 diligentissime
2809 2991 3106 3047 custodite.
3141 2987 3264 3043 Dixi
3294 3007 3307 3043 :
3346 3006 3364 3038 ι
3403 2984 3516 3041 Vos

1940 3083 2360 3139 similitudinem
2402 3099 2511 3138 non
2546 3082 2762 3137 vidistis
2798 3082 2854 3136 in
2887 3081 2976 3136 die
3027 3096 3134 3152 qua
3184 3080 3404 3134 loculus
3433 3084 3519 3131 est

256 3168 425 3221 εἴδετε
453 3171 510 3223 ἐν
541 3174 607 3243 τῇ
650 3172 855 3245 ἡμέρᾳ,
978 3174 1207 3245 ὲλάλησε
1258 3177 1467 3248 Κύριος
1516 3178 1651 3249 πρὸς
1690 3178 1831 3248 ὑμᾶς

1942 3176 2009 3229 ad
2061 3191 2157 3230 vos
2215 3175 2483 3230 Dominus
2532 3175 2588 3229 in
2625 3173 2806 3229 lioreb
2865 3174 2919 3229 in
2973 3179 3159 3227 monte
3210 3171 3279 3226 de
3340 3168 3520 3223 medio

255 3260 314 3312 ἐν
346 3261 548 3332 Χωρὴϐ
577 3264 635 3315 ὲν
664 3264 741 3334 τῷ
770 3264 885 3336 ὄρει
923 3267 987 3318 ὲκ
1047 3261 1215 3337 μέἁου
1252 3269 1347 3322 τοῦ
1386 3269 1579 3340 πυρὸς,
1622 3272 1831 3341 μήποτε

1942 3269 2119 3338 ignis;
2160 3270 2457 3340 nequando
2492 3275 2683 3323 contra
2736 3268 2911 3338 legem
2953 3267 3151 3339 agatis,
3199 3274 3253 3321 et
3297 3261 3518 3318 faciatis

254 3350 589 3421 ἀνομήσητε,
607 3352 704 3405 καὶ
735 3355 994 3423 ποιήσητε
1014 3356 1142 3425 ὑμῖν
1161 3356 1343 3421 αὐτοῖς
1366 3357 1602 3426 γλυπτὸν
1635 3359 1831 3428 ὁμοίω-

1942 3361 2102 3417 vobis
2163 3364 2435 3432 sculptam
2503 3360 2939 3425 similitudinem,
3024 3374 3242 3415 omnem
3322 3356 3520 3426 imagi-

259 3457 358 3511 μα,
385 3442 564 3496 πᾶσαν
598 3443 781 3497 είκόνα
799 3460 814 3475 ⁸
844 3445 939 3499 κα)⁵
965 3445 1120 3511 θεοὺς
1143 3450 1442 3517 χωνευτοὺς
1485 3450 1546 3501 οὐ
1586 3450 1831 3520 ποιήσεις

1943 3466 2066 3506 nem
2097 3453 2163 3505 "'z
2195 3459 2248 3506 et
2276 3453 2742 3509 deosconﬂatiles
2772 3466 2882 3505 non
2906 3449 3077 3504 facies
3109 3449 3208 3503 tibi
3239 3450 3305 3499 ⁵⁸.
3349 3465 3367 3498 ι
3402 3445 3525 3501 Non

196 3534 197 3537 ’
257 3533 492 3604 σεαυτῷ.
527 3552 545 3584 ι
577 3534 691 3588 Οὐκ
726 3531 897 3604 εἷπον,
930 3538 1006 3589 Οὐ
1037 3539 1282 3609 ποιήσεις
1315 3540 1497 3593 εἰκόνα
1534 3539 1831 3610 Χερουϐὶμ,

1946 3542 2059 3597 dixi
2089 3562 2100 3596 :
2135 3541 2213 3597 Ne
2256 3543 2456 3598 feceris
2506 3542 2775 3613 imagines.
2821 3538 3142 3603 Cherubim,
3179 3551 3301 3607 quae
3331 3536 3399 3590 ad
3437 3536 3525 3590 in-

254 3621 337 3685 ὡς
372 3623 575 3678 δούλων
610 3626 1035 3697 παρεστηκότων
1063 3626 1140 3698 τῷ
1172 3627 1490 3698 ίλαστηρίῳ,
1521 3628 1664 3694 ἀλλ’,
1695 3646 1717 3681 ι
1761 3629 1831 3682 Οὐ

1948 3644 2062 3690 star
2092 3648 2377 3690 servorum
2408 3632 2798 3704 propitiatorio
2832 3629 3132 3694 assistant;
3166 3626 3300 3683 sed:
3352 3645 3371 3678 ι
3404 3623 3524 3681 Non

254 3715 509 3784 ποιήσεις
534 3717 746 3789 σεαυτῷ
773 3718 929 3781 θεοὺς
952 3720 1275 3789 χωνευτοὺς,
1307 3721 1420 3785 καὶ,
1448 3739 1466 3772 ι
1489 3720 1562 3774 Οὐ
1594 3722 1831 3792 ποιήσεις

1949 3722 2127 3779 facies
2179 3723 2278 3778 tibi
2320 3724 2454 3779 deos
2517 3722 2864 3789 conflatiles;
2908 3740 2927 3774 ›
2963 3728 3064 3777 et:
3125 3740 3144 3772 ι
3198 3717 3318 3774 Non
3354 3717 3527 3773 facies

184 3835 189 3903 Ξ
255 3808 373 3859 πᾶν
408 3807 682 3879 ὁμοίωμα,
724 3828 743 3861 ι
778 3809 853 3873 ὡς
881 3809 1059 3877 θεοὺς,
1088 3813 1197 3866 οὐδ’
1227 3813 1287 3866 οὐ
1321 3814 1396 3884 μὴ
1425 3812 1726 3887 λατρεύσῃς
1772 3815 1831 3885 τῇ

1949 3816 2047 3871 tibi
2086 3814 2254 3870 ullam
2279 3812 2723 3880 similitudinem,
2764 3832 2783 3865 ι
2816 3822 3078 3883 tanquam
3117 3810 3234 3875 Dei,
3282 3825 3385 3865 nec
3414 3825 3531 3865 ser-

182 3898 189 3979 "
255 3898 438 3951 κτίσει
475 3900 626 3971 παρὰ
659 3900 750 3954 τὸν
775 3902 1071 3955 Κτίσαντα.
1115 3902 1401 3974 ὐμοίωμα
1433 3904 1532 3974 μὲν
1577 3904 1673 3958 οῦν
1706 3904 1842 3958 Θεοῦ

253 3989 362 4043 οὐκ
406 3991 658 4062 ἐποίησα,
693 3994 814 4047 οὐδὲ
858 3994 965 4065 μὴν
997 3995 1186 4067 ἐτέρου
1230 3996 1373 4060 τινὸς
1400 3997 1475 4061 ὡς
1527 3996 1687 4061 Θεοῦ,
1723 3998 1844 4052 οὐδὲ

178 4084 187 4151 ζ
255 4080 556 4152 ἀνθρώπου
591 4099 605 4113 '
638 4084 931 4140 δεδούλωτο
963 4086 1069 4158 γὰρ
1108 4089 1175 4158 τῇ
1211 4088 1457 4159 ἁμαρτίᾳ
1497 4091 1529 4159 ἡ
1560 4088 1720 4158 φύσις
1746 4089 1844 4158 τῆς

145 4156 151 4238 ξ
180 4158 191 4251 )
254 4175 681 4248 ἀνθρωπότητος
710 4196 723 4208 -
752 4179 873 4233 οὐδὲ
911 4156 1216 4251 ὲλάτὴρευσα
1243 4185 1307 4253 τῇ
1334 4156 1527 4235 κτίσει
1566 4156 1719 4252 παρὰ
1754 4156 1846 4235 τόν

256 4266 568 4331 Κτίσαντα,
601 4268 784 4338 πάσης
804 4269 861 4321 δὲ
893 4270 993 4340 τῆς
1016 4270 1246 4335 κτίσεως
1287 4272 1540 4342 ὁμοίωμα
1572 4272 1671 4343 τήν
1721 4289 1848 4342 σκη-

258 4356 366 4428 νὴν
393 4360 791 4425 κατεσκεύασα,
830 4379 849 4412 ι
895 4361 1037 4416 κατὰ
1073 4363 1164 4416 τὸν
1213 4363 1383 4418 τύπον
1433 4365 1522 4417 τὸν
1569 4364 1849 4435 δειχθέντα

264 4450 363 4519 μοι
389 4450 446 4502 ὲν
477 4450 553 4522 τῷ
577 4452 714 4522 ὄρει,
736 4472 755 4505 ι
778 4456 874 4507 καὶ
912 4455 1194 4526 Χερουϐὶμ
1222 4454 1514 4520 σκιάζοντα
1540 4457 1600 4510 τὸ
1630 4456 1847 4527 ἱλαστήο

1949 3909 2069 3964 vies
2096 3916 2360 3963 creatura:
2402 3906 2587 3978 potius
2617 3921 2781 3977 quam
2835 3905 3083 3961 Creatori
3115 3903 3184 3960 ⁸⁸.
3223 3901 3413 3975 Itaque
3456 3903 3530 3958 si-

1951 3999 2318 4055 militudinem
2368 3998 2459 4054 Dei
2511 4014 2620 4054 non
2663 3998 2789 4063 feci,
2842 4012 3023 4068 neque
3066 3996 3296 4051 alterius
3343 3994 3530 4066 cujus-

1952 4093 2098 4164 piam
2148 4100 2413 4162 tanquam
2454 4090 2593 4156 Dei,
2649 4107 2829 4163 neque
2883 4092 3010 4147 item
3069 4088 3313 4144 hominis
3364 4091 3531 4159 (tunc

1952 4185 2097 4240 enim
2127 4183 2423 4239 humanum
2452 4198 2626 4255 genus
2649 4183 2906 4240 servituti
2935 4180 3406 4251 mancipabatur),
3437 4195 3531 4235 ne-

1954 4290 2063 4345 que
2087 4274 2166 4329 rei
2195 4283 2391 4328 creatae
2423 4273 2609 4343 potius
2641 4289 2807 4343 quam
2857 4270 3109 4327 Creatori
3150 4271 3352 4326 servivi
3385 4288 3397 4323 :
3434 4270 3529 4326 sed

1956 4365 2228 4419 universa:
2273 4373 2543 4419 creaturae
2602 4364 3045 4431 similitudinem,
3088 4363 3528 4426 tabernaculum,

1958 4456 2207 4525 inquam,
2273 4454 2581 4522 eonstruxi,
2648 4455 3001 4511 «secundum
3044 4455 3328 4524 exemplar
3385 4452 3532 4525 quod

216 4559 407 4618 λων,
438 4519 658 4615 (beest
710 4519 1115 4618 παρεστηκότα.
1156 4519 1514 4615 Ἐῖδες,πῶς
1552 4519 1831 4620 ἀνεφάνηί

1955 4519 2089 4601 milii
2120 4519 2404 4603 ostensum
2452 4555 2535 4603 est
2568 4519 2637 4602 in
2669 4554 2854 4604 monte
2889 4546 2958 4603 “.
2998 4566 3016 4601 ι
3054 4519 3352 4603 Cherubim
3399 4519 3535 4618 quo-

264 4633 479 4697 σκοπὸς
510 4635 612 4705 τῆς
650 4637 877 4708 Γραφῆς
891 4641 1003 4702 τοῖς
1036 4641 1269 4703 συνετῶς
1298 4642 1560 4711 ἐρευνῶσι
1587 4658 1601 4705 ;
1639 4642 1720 4695 δεῖ
1740 4640 1848 4712 γὰρ

261 4723 581 4793 γινώσκειν,
623 4731 923 4800 ἀγαπητοὶ,
954 4731 1111 4784 ὄτιὲν
1141 4732 1305 4785 παντὶ
1332 4731 1617 4802 πράγματι
1654 4735 1687 4803 ή
1718 4733 1850 4803 ἁλή-

264 4816 394 4870 θεια
419 4817 682 4889 ζητεῖται,
707 4823 798 4876 καὶ
820 4822 879 4876 τὸ
899 4821 1115 4893 ψεῦδος,
1140 4824 1233 4877 καὶ
1253 4825 1281 4877 ὁ
1297 4823 1497 4887 σκοπὸς
1526 4822 1620 4876 τοῦ
1646 4823 1852 4877 ποιοῦν-

262 4924 385 4971 τος,
416 4910 465 4961 εί
501 4911 666 4976 καλός
700 4915 868 4977 ἐστιν,
911 4914 945 4985 ἢ
976 4914 1165 4978 κακός.
1232 4915 1321 4968 Ἐν
1354 4916 1453 4985 μὲν
1486 4914 1596 4987 γὰρ
1635 4914 1715 4986 τῷ
1745 4915 1849 4968 Εὑ-

1955 4652 2083 4708 que,
2120 4653 2243 4708 quae
2279 4638 2729 4708 propitiatorium
2788 4638 3206 4705 obumbrarcnt,
3267 4646 3530 4708 tanquam

1956 4729 2070 4786 Deo
2114 4730 2455 4789 assistentia.
2505 4729 2719 4788 Vidisti~
2765 4732 3041 4801 quomodo
3092 4729 3394 4801 Scripturae
3449 4729 3535 4783 in»

1958 4821 2131 4876 tentio
2162 4829 2216 4874 et
2244 4835 2443 4876 sensus
2495 4820 2709 4875 obviam
2774 4820 2886 4875 illis
2934 4819 3048 4886 fiat,
3095 4820 3186 4889 qui
3233 4819 3535 4891 prudenter

1957 4912 2113 4967 illum
2160 4911 2540 4983 investigarit?
2597 4910 2713 4968 Hoc
2771 4912 2974 4985 quippe
3028 4926 3195 4968 nosse
3255 4912 3533 4976 convenit,

264 5000 533 5071 αγγελίῳ,
564 5006 661 5058 καὶ
689 5005 841 5071 Θεὸς,
878 5006 975 5060 καὶ
1006 5006 1257 5077 ἄγγελος,
1293 5008 1388 5060 καὶ
1414 5006 1721 5076 ἄνθρωπος,
1759 5010 1831 5062 κα

1960 5004 2332 5069 dilectissimi,
2392 5005 2445 5061 in
2496 5005 2646 5059 omni
2680 5004 2923 5075 negotio,
2965 5004 3102 5059 illud
3134 5003 3360 5074 inquiri,
3402 5002 3534 5073 quid

263 5088 372 5158 γῆ,
389 5092 484 5142 καὶ
511 5090 676 5163 ὕδωρ,
701 5095 796 5148 καὶ
824 5093 952 5166 πῦρ,
974 5096 1070 5149 καὶ
1097 5095 1226 5167 ἀὴρ,
1254 5097 1348 5149 καὶ
1375 5094 1545 5166 ἥλιος,
1574 5097 1669 5149 καὶ
1700 5096 1854 5167 σελή-

266 5197 362 5251 νη,
387 5184 482 5237 καὶ
498 5185 636 5254 φῶς,
672 5188 765 5241 καὶ
795 5190 1004 5256 σκότος,
1035 5188 1130 5242 καὶ
1154 5189 1421 5251 Σατανᾶς,
1457 5189 1548 5242 καὶ
1576 5189 1849 5260 δαίμονες,

1958 5097 2073 5151 veri
2136 5095 2208 5151 sit
2247 5105 2341 5151 aut
2395 5095 2541 5164 falsi,
2583 5113 2762 5169 quove
2808 5097 3043 5156 consilio
3089 5097 3366 5168 quispiam
3401 5093 3534 5166 quid

1961 5188 2168 5256 egerit;
2222 5188 2458 5254 bonone,
2502 5205 2570 5243 an
2610 5190 2779 5245 malo.
2826 5189 2962 5244 Nam
3014 5190 3077 5245 in.
3116 5188 3433 5259 Evangelio,
3482 5194 3538 5242 et

268 5273 373 5326 καὶ
407 5274 580 5344 ὄφεις,
610 5279 707 5332 καὶ¹
732 5280 1008 5351 σκορπίοι,
1048 5281 1143 5335 καὶ
1166 5279 1303 5350 ζωὴ,
1344 5279 1442 5334 καὶ
1476 5277 1725 5344 θάνατος,
1756 5281 1831 5334 κα

1962 5279 2130 5344 Deus,
2171 5290 2226 5336 ct
2257 5282 2513 5353 angelus,
2562 5290 2616 5339 et
2661 5284 2845 5350 homo,
2899 5294 2954 5339 et
3000 5291 3177 5348 terra,
3203 5291 3257 5337 et
3286 5296 3446 5352 aqua,
3484 5288 3539 5334 et

347 5430 394 5506 ἓ
420 5432 588 5488 Exod.
625 5452 719 5502 xx,
754 5437 809 5492 4.
895 5438 940 5471 ’⁵⁸
974 5437 1144 5496 Exod.
1183 5452 1370 5505 xxxvn,
1416 5437 1507 5492 37.
1581 5437 1629 5469 ⁸⁸
1651 5435 1827 5493 Exod.

1937 5454 2065 5506 xvu,
2099 5438 2154 5504 6,
2197 5438 2248 5494 7.
2335 5440 2378 5470 "
2412 5438 2573 5497 Deut.
2606 5456 2678 5506 ιν,
2723 5440 2813 5495 15.

269 5499 327 5533 ⁸⁸
354 5497 514 5558 Rom.
547 5521 583 5569 ι,
614 5497 715 5562 25.
796 5508 843 5540 “
873 5507 1047 5563 Exod.
1085 5524 1191 5564 xxv
1240 5508 1331 5563 ιο.

2918 5440 2964 5471 ³³
3005 5437 3182 5497 Exod.
3217 5452 3407 5501 xxxrv,
3442 5434 3530 5491 l7.

1590 5640 1821 5696 VARUE
1864 5637 2271 5695 LECTIONES.

354 5740 383 5770 α
412 5728 689 5785 llactenus
723 5747 844 5800 qua:
875 5732 927 5784 in
950 5731 1104 5786 Colb.
1136 5740 1195 5785 ut
1217 5739 1270 5785 et
1301 5739 1442 5787 erat.
1465 5730 1501 5784 ἓ
1522 5733 1724 5788 omissa
1762 5739 1909 5787 sunt.
1987 5730 2016 5769 ι)
2045 5730 2271 5785 Colb.ct
2296 5730 2353 5791 ‘2,
2377 5739 2517 5785 orat.
2548 5731 2658 5787 Kal.
2677 5730 2759 5783 ὅτι
2790 5726 2963 5783 ταῦτα
2990 5725 3162 5791 οὕτως
3194 5723 3328 5796 εχει,
3349 5722 3537 5779 ἄκους’

267 5801 358 5856 οὐ
388 5803 635 5871 ποιήσεις
669 5802 880 5871 σεαυτῷ
915 5802 1174 5869 γλυπτόν.

1256 5813 1277 5840 ε
1310 5801 1609 5870 ﬂuensque
1638 5803 1763 5858 cod.
1789 5801 1967 5868 Colb.;
2005 5807 2199 5855 caetera
2232 5801 2465 5870 periere.
