3904 6358
426 278 558 346 1331

1609 268 1670 327 S.
1704 262 2021 328 JOANNIS
2057 259 2484 322 DAMASCENI

3540 242 3703 307 1332

426 396 592 467 ignis,
615 400 670 448 et
703 405 817 453 aer,
848 396 903 443 et
937 387 1041 450 sol,
1075 391 1130 440 et
1160 385 1307 449 luna,
1335 389 1390 436 et
1418 378 1533 441 lux,
1565 385 1618 432 et
1649 377 1907 440 tenebrae,
1938 381 1992 429 et

2106 369 2246 441 ξιδης,
2270 370 2364 423 καὶ
2386 365 2598 439 ἀρεταὶ,
2636 363 2728 416 καὶ
2758 361 2967 425 κακίαι,
3002 357 3097 411 καὶ
3126 355 3304 410 πάντα
3334 352 3475 408 καλά
3495 370 3562 406 τε
3588 356 3701 407 καὶ

2221 462 2229 467 .
2331 460 2343 467 .
2383 458 2393 467 .
2711 453 2723 467 ο
2862 448 3002 467 91“!
3031 448 3176 467 '1___-_
3227 442 3407 467 ι---ε.ι.
3441 442 3506 467 -2.
3550 446 3694 467 _--\

426 486 683 544 Salanus,
722 489 777 533 et
808 478 1107 541 daemones,
1142 484 1197 530 et
1235 480 1549 543 serpentes,
1581 479 1635 525 et
1672 467 1897 537 scorpii,
1941 476 1996 520 et

429 590 599 635 mors,
632 581 686 626 et
725 571 982 634 virtutes,
1020 576 1076 623 et
1120 566 1275 632 vilia,
1331 572 1498 633 atque
1539 562 1816 625 universa,
1867 571 1993 623 cum

429 666 591 727 bona,
627 672 740 716 tum
784 661 927 717 mala
960 657 1166 729 scripta
1210 664 1359 713 sunt.
1390 654 1617 719 Verum,
1650 648 1996 721 quandoqui-

427 755 549 810 dem
580 752 762 815 omnia
792 766 914 821 (μιαί
937 751 1005 806 de
1036 749 1127 805 his
1165 747 1440 813 feruntur,
1470 759 1602 803 vera
1633 748 1786 805 sunt,
1832 746 1999 810 atque

431 844 485 899 in
520 842 616 897 Dei
677 842 929 912 gloriam,
987 849 1042 897 et
1076 841 1308 909 salutem
1359 845 1624 900 nostram,
1680 848 1896 889 necnon
1942 832 1998 886 in

431 944 746 993 sanctorum
784 949 925 1004 quos
977 933 1070 989 ille
1123 931 1398 1005 gloriosos
1453 928 1655 995 elfecit,
1707 931 1995 991 honorem,

428 1032 482 1079 ct
525 1026 581 1081 in
608 1025 814 1083 diaboli
856 1025 1277 1094 daemonumque
1308 1022 1428 1093 ejus
1459 1019 1838 1092 opprobrium,
1869 1030 2002 1071 «οη-

433 1116 637 1182 ferunt,
671 1133 735 1177 ea
774 1132 875 1175 nos
920 1116 1234 1181 adoramus,
1280 1112 1719 1183 complectimur,
1761 1108 1999 1164 deoscu-

434 1209 631 1275 lamur,
674 1214 839 1277 atque
880 1205 1090 1270 oculis,
1148 1204 1317 1259 labris
1361 1209 1417 1257 et
1465 1198 1632 1256 corde
1671 1198 1998 1255 salutamus.

433 1297 823 1364 Consimiliter,
873 1295 1047 1353 Vetus
1100 1311 1280 1359 omne,
1329 1292 1650 1362 Novumque
1679 1288 2000 1345 Testamen-

440 1400 576 1455 tum,
607 1398 661 1445 et
691 1404 974 1446 sermones
1011 1395 1329 1442 sanctorum
1380 1384 1848 1455 probatorumque
1896 1379 2000 1434 Pa-

435 1492 581 1537 trum
632 1480 1065 1550 prosequimur:
1118 1487 1173 1531 at
1229 1485 1446 1548 turpem
1498 1472 2004 1540 exsecrabilemque

430 1577 486 1623 et
556 1570 825 1640 impuram
880 1568 1333 1625 detestandorum
1387 1566 1810 1621 Manichaeorum
1863 1560 2003 1616 scri-

436 1670 673 1739 pturam,
718 1660 1023 1719 eademmet
1081 1660 1351 1714 vocabula
1405 1657 1878 1726 complectentem,
1924 1659 2003 1705 at-

433 1767 541 1823 que
575 1751 643 1805 ad
687 1750 893 1806 diaboli
947 1751 1369 1819 daemonumque
1438 1748 1559 1818 ejus
1591 1747 1819 1815 gloriam
1863 1743 2002 1801 etin

434 1840 743 1905 animarum
802 1840 1104 1911 perniciem
1152 1839 1535 1909 excogitatam,
1588 1835 1904 1906 respuimus
1947 1840 2004 1888 et

438 1931 742 2001 rejicimus.
790 1931 882 1987 Sic
921 1947 1139 2003 quoque
1162 1931 1381 2002 quando
1422 1928 1491 1985 de
1524 1926 1857 2001 imaginibus
1889 1925 2004 1997 agi-

436 2030 546 2087 tur,
582 2021 911 2092 inquirenda
961 2023 1169 2087 veritas
1208 2028 1314 2088 est,
1371 2034 1637 2091 mensque
1677 2030 1867 2085 eorum
1910 2013 2003 2084 qui

433 2128 532 2171 eas
567 2112 799 2169 faciunt.
837 2113 902 2179 Et
945 2113 1219 2184 siquidem
1258 2127 1388 2168 vera
1418 2120 1681 2181 rectaque
1710 2108 1801 2177 sit,
1842 2113 2005 2176 atque

436 2204 505 2273 ad
544 2204 640 2265 Dei
679 2213 1107 2276 sanctorumque
1161 2201 1551 2275 ejus'gloriam
1585 2200 1737 2269 (iant,
1788 2197 2004 2268 juvent-

435 2307 543 2365 que
571 2292 640 2347 ad
674 2292 908 2357 virtutes
966 2290 1378 2363 persequendas
1433 2298 1487 2346 et
1540 2290 1673 2351 vitia
1722 2285 2003 2359 fugienda,

439 2398 653 2447 necnon
688 2384 756 2439 ad
789 2384 1099 2451 animarum
1140 2384 1395 2449 salutem,
1444 2397 1537 2439 eas
1571 2388 1831 2450 tanquam
1864 2376 2002 2431 ima—

438 2472 615 2545 gines,
672 2475 943 2553 exempla,
1012 2473 1428 2538 similitudines,
1485 2472 2007 2536 illitteratorumque

438 2564 719 2627 hominum
756 2565 929 2621 libros
956 2573 1011 2623 et
1045 2573 1421 2639 monumenta,
1453 2576 1800 2626 veneremur,
1841 2574 2007 2614 oscu-

436 2657 631 2723 lemur,
668 2658 956 2729 oculisque
986 2667 1041 2715 et
1072 2658 1236 2714 labiis
1273 2666 1328 2715 et
1357 2656 1523 2712 corde
1556 2654 2003 2724 complectamur;

435 2746 584 2803 velut
609 2747 821 2809 scilicet
848 2747 1118 2811 incarnati
1151 2745 1249 2802 Dei
1277 2744 1436 2827 351
1478 2741 1728 2814 eﬁigiem,
1764 2747 1858 2795 aut
1890 2752 2008 2793 ma—

438 2838 538 2895 tris
571 2838 715 2910 ejus,
776 2846 875 2894 aut
922 2846 1262 2903 sanctorum,
1309 2837 1407 2908 qui
1442 2835 1764 2906 passionum
1797 2827 2006 2885 Christi

438 2933 661 3003 perinde
694 2940 859 3002 atque
897 2932 1085 3003 gloriae
1123 2930 1282 2995 socii,
1331 2928 1683 2996 victoresque
1723 2931 1779 2980 et
1815 2920 2007 2992 prolli-

438 3113 787 3173 exstiterunt.
826 3111 981 3178 Quod
1014 3111 1061 3165 si
1096 3110 1221 3181 quis
1260 3108 1513 3173 Deitatis,
1561 3119 1684 3175 quae
1716 3118 1748 3158 a
1774 3101 2007 3158 materia

440 3204 628 3271 procul
660 3211 889 3269 semota,
927 3212 980 3257 et
1026 3201 1349 3272 incorporea
1373 3209 1481 3266 est,
1531 3197 1827 3267 imaginem
1862 3193 2010 3251 ausit

438 3295 710 3367 efﬁngere,
763 3304 1024 3363 tanquam
1074 3290 1269 3347 falsam
1328 3290 1476 3345 illam
1539 3288 1919 3358 reprobamus.
1950 3284 2009 3347 Si

440 3401 544 3458 qua
577 3386 705 3441 item
738 3385 793 3439 in
844 3383 1076 3456 gloriam
1102 3390 1155 3453 et
1187 3382 1456 3437 honorem
1507 3380 1830 3450 cultumque
1891 3377 2009 3433 dia—

441 3480 550 3534 boli
593 3478 673 3547 vel
723 3477 1030 3532 daemonum
1081 3488 1338 3547 expressa
1394 3473 1488 3538 sit,
1530 3472 1672 3527 hanc
1728 3470 2009 3541 rejicimus

441 3583 689 3640 prorsus,
729 3574 785 3622 et
837 3565 1071 3635 ﬂammis
1110 3576 1548 3619 concremamus.
1610 3558 1668 3615 Si
1721 3560 1845 3631 quis
1876 3560 2011 3613 ima-

439 3657 620 3729 ginem
677 3656 986 3723 hominum,
1050 3664 1145 3719 aut
1189 3653 1518 3716 belluarum,
1570 3660 1665 3707 aut
1700 3651 2006 3716 volucrum,

442 3756 535 3801 aut
576 3746 878 3817 reptiliuni,
937 3744 1233 3813 alteriusve
1268 3744 1347 3813 rei
1386 3750 1586 3800 creatae
1617 3742 1670 3796 in
1714 3740 1883 3796 Deum
1915 3741 2012 3794 ha-

442 3838 642 3902 buerit,
703 3836 850 3892 hunc
898 3835 1236 3890 anathemati
1268 3835 1625 3891 devovemus.
1671 3831 1826 3887 Sicut
1861 3831 2009 3887 enim

443 3929 622 3997 sancti
652 3926 845 3986 Patres
902 3943 1061 3986 sacra
1097 3928 1405 3983 daemonum
1457 3934 1511 3982 et
1559 3924 1685 3979 fana
1725 3924 2010 3978 subverte-

447 4030 595 4087 runt,
625 4032 790 4094 atque
821 4022 875 4075 in
902 4036 1091 4077 eorum
1120 4020 1257 4074 locis
1304 4018 1506 4088 templa
1537 4016 1631 4073 Dei
1660 4025 2010 4072 sanctorum-

444 4130 550 4186 que
579 4114 789 4175 nomini
835 4113 1016 4169 dicata
1067 4117 1523 4179 construxerunt,
1557 4124 1681 4180 quae
1714 4117 1769 4162 et
1800 4120 1902 4167 nos
1928 4120 2014 4163 ve-

446 4220 742 4270 neramur;
776 4202 967 4267 eodem
1008 4201 1193 4269 modo,
1233 4200 1546 4256 daemonum
1585 4209 1803 4268 quoque
1842 4194 2011 4248 simn-

446 4294 610 4351 lacris
648 4293 871 4359 ablatis,
928 4292 1133 4350 Christi
1171 4299 1226 4347 et
1279 4289 1549 4360 Deiparaa,
1580 4295 2013 4356 sanctorumque

2098 462 2265 524 κακὰ,
2298 458 2404 513 είσὶ
2432 453 2814 525 γεγραμμένα.
2862 448 3002 502 Ἀλλ’
3027 448 3198 517 ὅμως,
3225 442 3411 513 ἐπειδὴ
3440 442 3510 496 τὰ
3550 446 3700 511 περὶ

2098 552 2278 607 αὐτῶν
2312 549 2583 620 λεγόμενα
2612 543 2787 615 ἀληθῆ
2819 544 2946 606 εἰσι,
2998 539 3095 593 καὶ
3124 538 3153 590 ὁ
3184 534 3382 597 σκοπὸς
3415 534 3563 620 πρός
3600 532 3697 585 ea-

2099 644 2193 709 ξαν
2214 641 2349 696 Θεοῦ
2524 638 2618 693 καὶ
2664 610 2940 705 σωτηρίαν
2985 630 3169 702 ἡμῶν,
3215 628 3310 681 καὶ
3353 610 3575 692 δόξαῗι)
3589 623 3697 693 μὲν
3738 624 3769 689 δῖ

2098 736 2208 789 τῶν
2237 734 2328 787 ὑπ’
2355 728 2521 793 αὐτοῦ
2567 725 2943 795 δοξαζομένων
3000 722 3191 789 ἁγίων,
3210 716 3450 795 Δαἰσχύνη
3484 716 3542 768 δὲ
3588 714 3691 767 τοῦ

2096 823 2341 891 διαϐόλου
2364 822 2458 874 καὶ
2481 818 2589 873 τῶν
2612 815 2879 886 δαιμόνων
2906 812 3092 876 αὐτοῦ,
3116 799 3552 882 προσκυνοῦμεν,
3589 806 3692 859 καὶ

2096 910 2606 988 περιπτυσσόμεθα,
2642 908 2737 969 καὶ
2765 902 3192 973 καταεξιλοῦμεν,
3226 902 3321 954 καὶ
3352 898 3687 968 ὀφθαλμοῖς,

2101 1008 2195 1067 καὶ
2215 1004 2439 1076 χείλεσι,
2470 1001 2566 1056 καὶ
2605 996 2805 1075 καρδίᾳ
2849 992 3227 1065 ἀσπαζόμεθα.
3290 990 3526 1060 Ὁμοίως
3588 989 3686 1043 καὶ

2103 1101 2285 1165 πᾶσαν
2312 1096 2410 1167 τὴν
2436 1092 2677 1159 Παλαιὰν
2718 1088 2814 1146 καὶ
2852 1087 3065 1158 Καινὴν
3108 1084 3403 1154 Διαθήκην,
3441 1080 3573 1143 τούς
3623 1096 3685 1132 τε

2102 1191 2292 1260 λόγους
2318 1188 2429 1243 τῶν
2477 1184 2647 1253 ἁγίων
2697 1183 2792 1236 καὶ
2828 1179 3099 1251 ἐκκρίτων
3161 1175 3458 1246 Πατέρωνο
3488 1172 3596 1243 τὴν
3628 1171 3685 1224 es

2101 1280 2332 1352 αἰσχρὰν
2369 1278 2466 1334 καὶ
2506 1275 2756 1347 μυσαρὰν
2798 1273 2892 1327 καὶ
2936 1269 3244 1340 ἀκάθαρτον
3290 1266 3509 1337 γραφὴν
3571 1262 3683 1319 τῶν

2103 1377 2423 1449 καταράτων
2465 1368 2800 1441 Μανιχαίων,
2832 1366 2901 1421 τὰ
2932 1364 3072 1419 αὐτὰ
3110 1362 3354 1432 ὀνόματα
3388 1358 3683 1430 περιέχου-

2107 1487 2225 1536 σαν,
2248 1469 2344 1523 καὶ
2370 1465 2507 1537 πρὸς
2549 1461 2704 1526 δόξαν
2743 1457 2839 1512 τοῦ
2868 1455 3117 1510 διαϐόλου
3154 1454 3251 1508 καὶ
3275 1452 3381 1508 τῶν
3405 1450 3684 1520 δαιμόνων

2104 1560 2291 1626 αὑτοῦ,
2317 1558 2413 1613 καὶ
2441 1553 2719 1610 ἀπώλειαν
2748 1547 2936 1620 ψυχῶν
2968 1545 3374 1617 ὲφευρεθεῖσαν,
3398 1540 3681 1597 ἀποπτύοο

2107 1670 2209 1723 μεν
2232 1650 2329 1704 καὶ
2369 1642 2788 1713 ἁποϐαλλόμεθα
2815 1656 2831 1670 ’
2870 1638 3013 1692 οὓτω
3052 1637 3146 1690 καὶ
3172 1637 3230 1689 ὲν
3262 1634 3341 1703 τῷ
3388 1633 3680 1705 πράγματι

2103 1751 2213 1806 τῶν
2246 1747 2490 1810 εἰκόνων,
2524 1744 2632 1815 χρὴ
2665 1740 2893 1812 ἐρευνᾷν
2930 1737 3030 1807 τήν
3065 1750 3126 1787 τε
3163 1728 3417 1801 ἀλήθειαν
3454 1723 3548 1778 καὶ

2107 1842 2308 1897 σκοπὸν
2335 1840 2443 1892 τῶν
2473 1813 2771 1891 ποιούντων
2794 1847 2810 1865 ⁶
2837 1828 2934 1885 καὶ
2962 1828 3011 1881 εἰ
3043 1826 3142 1897 μὲν
3163 1820 3366 1891 ἀληθὴς
3397 1817 3495 1871 καὶ
3521 1813 3683 1886 ὀρθὸς

2106 1931 2198 1991 καὶ
2232 1928 2369 1999 πρὸς
2398 1926 2556 1992 δόξαν
2581 1921 2717 1977 Θεοῦ
2746 1920 2843 1975 καὶ
2871 1918 2980 1973 τῶν
3006 1914 3174 1984 ἁγίων
3196 1907 3381 1971 αὑτοῦ,
3420 1904 3520 1960 καὶ
3541 1902 3683 1973 πρὸς

2105 2024 2264 2095 ζῆλον
2284 1998 2514 2093 ἀρετῆς,
2554 2018 2648 2074 καὶ
2685 2012 2978 2084 ἀποφυγὴν
3008 2009 3232 2072 κακίας,
3278 2004 3373 2095 καί
3403 1998 3682 2095 σωτηρίαν

2104 2088 2289 2180 ψυχῶν
2324 2088 2585 2177 γίνονται,
2608 2100 2989 2173 ἀποδέχεσθαι,
3017 2096 3111 2151 καὶ
3128 2095 3315 2166 τιμᾷν,
3341 2090 3418 2153 ὡς
3441 2088 3679 2180 εἰκόνας,

2105 2174 2214 2255 aiat
2254 2174 2569 2271 μιμήματα,
2620 2194 2716 2248 καὶ
2760 2191 3106 2264 ὁμοιώματα,
3156 2184 3249 2239 καὶ
3301 2180 3515 2253 βίϐλους

2104 2266 2484 2364 ἀγραμμάτων
2532 2286 2629 2341 καὶ
2671 2283 2998 2355 ὑπόμνησιν,
3048 2279 3146 2334 καὶ
3190 2272 3535 2364 προσκυνείν,
3582 2266 3681 2322 καὶ

2106 2362 2442 2451 καταφιλεῖν,
2480 2378 2577 2433 καὶ
2608 2376 2926 2447 ὀφθαλμοῖς.
2984 2372 3079 2426 καὶ
3108 2367 3365 2441 χείλεσιν,
3408 2362 3506 2415 καὶ
3538 2378 3679 2426 καρ-

2106 2473 2196 2544 δίει⁸
2234 2469 2602 2536 ἀσπάζεσθαι,
2639 2468 2715 2530 ὡς
2772 2460 3192 2536 σεσαρκωμένου
3232 2454 3368 2511 Θεοῦ
3400 2451 3676 2544 ὁμοίωμα,

2104 2564 2140 2636 ἢ
2167 2540 2267 2633 τῆς
2297 2559 2488 2615 τούτου
2518 2557 2742 2631 μητρὸς,
2768 2554 2927 2627 ἢτῶν
2953 2553 3122 2621 ἁγίων
3144 2549 3254 2609 τῶν
3273 2541 3547 2636 κοινωνων
3570 2540 3682 2636 τῶν

2108 2628 2450 2721 παθημάτων
2483 2628 2671 2712 αθτοῧ,
2711 2645 2805 2701 καὶ
2846 2643 2948 2713 τῆς
2979 2640 3135 2709 δόξης
3157 2635 3251 2691 τοῦ
3281 2630 3539 2706 Χριστοῦ,
3570 2628 3681 2721 καὶ

2107 2740 2341 2813 νικητῶν
2382 2740 2478 2795 καὶ
2520 2736 2863 2808 καθαιρετῶν
2891 2732 2984 2788 τοῦ
3011 2729 3256 2786 διαϐόλου
3286 2724 3383 2781 καὶ
3412 2723 3521 2777 τῶν
3562 2720 3679 2772 δαι-

2111 2811 2310 2904 μόνων,
2342 2830 2436 2885 καὶ
2472 2829 2573 2900 τῆς
2603 2827 2810 2897 πλάνης
2856 2821 3057 2880 αὐτῶν.
3087 2820 3150 2873 Εἰ
3183 2818 3241 2872 δὲ
3276 2815 3376 2885 τῆς
3426 2811 3685 2904 θεότητος

2106 2903 2206 2996 τῆς
2233 2924 2399 2978 ἁΰλου
2418 2921 2514 2977 καὶ
2535 2919 2825 2989 ἀσωμάτου
2848 2915 3031 2970 εἰκόνα
3052 2929 3135 2975 τις
3157 2908 3418 2978 τολμήσει
3436 2903 3685 2996 ποιῆσαι,

330 3016 338 3020 ’
438 3030 652 3094 gatores
689 2992 998 3077 diabolivac
1050 3020 1383 3082 daemonum,
1435 2992 1737 3083 eorumque
1795 3010 2006 3067 fraudis

2110 2992 2183 3082 ὼς
2212 3016 2383 3086 ψευδῆ
2412 3010 2834 3080 ἁποϐαλλόμεθα
2861 3024 2879 3042 ο
2925 3005 3024 3061 καὶ
3049 3003 3145 3071 ἐάν
3176 3017 3260 3064 τις
3294 2995 3545 3094 ὲπὶλδόξη
3587 2992 3687 3046 καὶ

2108 3085 2240 3179 τιμῇ
2272 3108 2366 3161 καὶ
2391 3103 2759 3177 προσκυνήσει
2784 3097 2878 3154 τοῦ
2899 3095 3145 3151 διαϐόλου
3184 3093 3218 3163 ἢ
3242 3090 3353 3146 τῶν
3385 3085 3686 3179 δαιμόνων,

2110 3198 2496 3268 καταπτύομεν
2542 3194 2637 3249 καὶ
2695 3191 2829 3264 πυρὶ
2870 3188 3259 3256 ἀναλίσκομεν.
3296 3181 3406 3236 Καὶ
3446 3178 3542 3233 ea»;
3598 3192 3686 3238 τις

2110 3288 2433 3360 ἀνθρώπων,
2482 3287 2517 3358 ἢ
2565 3284 2800 3354 κτηνῶν,
2847 3283 2881 3351 ἢ
2921 3277 3210 3343 πετεινῶν,
3247 3274 3284 3345 ἢ
3329 3268 3599 3343 ἑρπετῶν,

2110 3358 2275 3450 ἄλλης
2312 3378 2457 3442 τινὸς
2490 3377 2718 3440 κτίσεως
2752 3372 3047 3444 θεοποιήσῃ
3097 3368 3304 3429 εἰκόνα,
3348 3358 3684 3450 ἀναθεματί-

2112 3448 2277 3540 ζομεν
2315 3469 2524 3521 τοῦτον.
2572 3466 2784 3535 Ὥσπερ
2813 3462 2922 3532 γὰρ
2952 3460 3021 3515 τὰ
3060 3457 3182 3529 ίερὰ
3214 3455 3311 3511 καὶ
3340 3454 3465 3516 τοὺς
3521 3448 3689 3511 ναοὺς

2109 3560 2218 3616 τῶν
2250 3560 2518 3631 δαιμόνων
2545 3557 2794 3613 καθεῖλον
2820 3555 2870 3608 ot
2899 3554 3046 3622 ἅγιοι
3071 3549 3337 3619 Πατέρες,
3365 3544 3460 3599 καὶ
3493 3543 3551 3595 ὲν
3573 3542 3689 3603 tot;

2111 3650 2290 3706 αὐτῶν
2341 3651 2527 3713 τόποις
2565 3648 2728 3711 ναοὺς
2760 3645 2846 3700 ἐπ’
2882 3643 3112 3714 ὀνόματι
3168 3637 3306 3697 Θεοῦ
3364 3636 3461 3690 καὶ
3515 3634 3691 3701 ἁγίων

2111 3743 2361 3815 ἤγειραν,
2386 3741 2479 3794 καὶ
2499 3738 2721 3801 τούτους
2745 3736 2996 3807 σέϐομεν,
3026 3732 3170 3786 οὕτω
3210 3730 3306 3785 καὶ
3333 3727 3433 3791 τὰς
3470 3724 3689 3785 εἰκόνας

2110 3834 2218 3887 τῶν
2270 3832 2541 3904 δαιμόνων
2586 3828 2858 3890 καθεῖλον,
2893 3825 2988 3881 καὶ
3036 3823 3150 3879 ἀντ’
3182 3822 3407 3875 ἐκείνων
3456 3818 3693 3888 ἤγειραν

2112 3925 2325 3988 εἰκόνας
2352 3920 2615 3993 Χριστοῦ,
2646 3920 2742 3975 καὶ
2785 3917 2885 3988 τῆς
2914 3915 3107 3971 τούτου
3147 3911 3392 3983 Μητρὸς,
3440 3909 3540 3962 καὶ
3580 3905 3693 3959 τῶν

2114 4017 2307 4086 ἁγίων,
2336 4014 2645 4077 καὶταύτας
2667 4012 2918 4082 σέϐομεν.
2945 4007 3053 4063 Καὶ¹
3079 4005 3174 4059 ἐπὶ
3208 4005 3306 4071 μὲν
3320 4002 3422 4072 τῆς
3443 3999 3695 4062 Halani;

2113 4108 2236 4162 οὕτε
2263 4108 2425 4175 ναοὺς
2448 4108 2539 4161 ἐπ’
2566 4105 2790 4175 ὀνόματι
2817 4099 3122 4174 ἀνθρώπων
3146 4097 3369 4166 ἥγειρεν
3394 4094 3423 4146 ό
3448 4089 3695 4160 Ἰσραὴλ,

2113 4197 2237 4253 οὒτε
2279 4197 2621 4269 μνημόσυνον
2662 4192 2967 4265 έωρτάζετο
2992 4207 3005 4222 ’
3028 4188 3111 4242 έτι
3155 4187 3265 4256 γὰρ
3294 4182 3400 4238 ὑπὸ
3440 4179 3699 4249 κατάραν

2112 4284 2183 4360 ἦν
2208 4290 2242 4359 ἡ
2267 4287 2375 4343 τῶν
2413 4283 2715 4357 ἀνθρώπων
2738 4281 2920 4352 φύσις,
2944 4279 3040 4334 καί⁸
3065 4278 3095 4331 ὁ
3120 4275 3348 4337 θάνατος
3364 4272 3701 4340 κατάκρισις

447 4387 714 4457 imagines
763 4386 958 4441 horum
993 4385 1119 4447 loco,
1167 4388 1507 4452 statuerunt,
1533 4377 1702 4451 Atqui
1740 4377 1797 4432 in
1825 4374 2006 4437 Veteri

2110 4366 2179 4451 ἦν
2199 4395 2214 4410 ο
2237 4377 2318 4431 διὸ
2338 4378 2448 4448 ,καὶ
2476 4374 2773 4437 ὲπενθεῖτο,
2797 4372 2893 4427 καὶ
2918 4372 2948 4425 ό
2978 4369 3282 4440 ἁπτόμενος
3316 4363 3409 4418 τοῦ
3435 4362 3703 4432 σώματος

444 4453 667 4549 quidem
701 4476 1076 4540 Testamento,
1121 4477 1238 4530 ’nec
1290 4473 1489 4544 templa
1543 4480 1862 4529 sanctorum
1918 4483 2006 4528 ιιοε

2112 4468 2208 4526 τοῦ
2236 4469 2581 4540 τεθνηκότος,
2640 4465 2949 4538 ἀκάθαρτος
2991 4461 3287 4529 ἐλογίζετο.
3312 4455 3426 4509 Νῦν
3456 4453 3539 4517 δὲ,
3603 4453 3704 4520 ἀφ’

444 4570 581 4626 mini
616 4571 1011 4626 construebant
1055 4566 1337 4639 Israelita),
1380 4543 1480 4621 nec
1540 4578 1737 4629 eorum
1774 4575 2006 4618 comme-

2112 4554 2174 4616 οὗ
2198 4561 2233 4631 ή
2264 4560 2455 4631 θεότης
2482 4560 2549 4630 τῇ
2574 4556 2821 4631 ἡμετέρᾳ
2846 4554 3005 4631 φύσει
3021 4549 3341 4629 ἀσνχχύτως
3360 4543 3705 4614 συνεκράθη,

442 4662 682 4717 moratio
734 4660 929 4719 festiva
982 4670 1116 4717 erat.
1181 4635 1376 4717 Adhuc
1437 4657 1582 4712 enim
1643 4651 2006 4711 maledictioni

2112 4646 2226 4707 οἷόν
2278 4668 2332 4705 τι
2396 4649 2658 4717 ζωοποιὸν
2712 4647 2808 4702 καὶ
2857 4646 3124 4716 σωτήριον
3164 4642 3476 4713 φάρμακον.
3529 4635 3707 4696 ὅντως

441 4752 847 4824 subjiciebatur
884 4752 1169 4819 hominum
1200 4766 1395 4821 genus,
1428 4757 1483 4805 et
1516 4760 1665 4811 mors
1688 4741 2006 4814 supplicium

2115 4738 2378 4811 ἐδοξάσθη
2412 4738 2446 4809 ἡ
2482 4737 2644 4808 φύσις
2685 4736 2864 4808 ἡμῶν,
2904 4734 2997 4795 καὶ
3038 4731 3175 4804 πρὸς
3213 4726 3522 4800 ἀφθαρσίαν
3572 4740 3731 4824 μεταλ

445 4812 567 4899 erat
593 4860 608 4896 :
664 4851 1002 4915 quapropter
1060 4812 1552 4909 hmc'lugebatur,
1599 4842 1655 4890 et
1686 4812 2006 4906 qui—mortui

2121 4832 2503 4905 εστοιχειώθη’
2538 4832 2619 4886 διὸ
2660 4834 2757 4887 καὶ
2806 4830 2925 4904 ναοὶ
2974 4829 3158 4891 αὐτοῖς
3218 4824 3545 4896 ἐγείρονται,
3604 4812 3737 4909 κιτ.ὶ’⁵

448 4933 683 5010 cadaver
752 4935 1045 5007 tetigisset,
1107 4930 1427 4987 immundus
1481 4926 1805 4984 habebatur.
1857 4922 2006 4979 Nunc

2121 4926 2327 4990 είκόνες
2358 4923 2781 4995 ἀναγράφονται.

451 5002 659 5092 autem,
699 5038 767 5080 ex
804 5002 914 5094 quo
957 5030 1168 5079 natura;
1203 5028 1405 5078 nostrae
1446 5035 1550 5076 ceu
1590 5017 2047 5074 medicamentum
2080 5017 2352 5087 quoddam
2398 5015 2677 5072 viviﬁcum
2730 5023 2788 5071 et
2822 5013 3068 5071 salutare
3105 5008 3403 5093 conjuncta
3434 5002 3705 5059 divinitas

449 5128 556 5186 est,
589 5121 828 5193 gloriosa
854 5120 946 5175 illa
984 5119 1180 5184 evasit,
1219 5126 1381 5189 atque
1420 5117 1477 5171 in
1501 5115 1965 5185 incorruptionem
2001 5113 2391 5179 transformata
2423 5111 2526 5168 fuit
2557 5131 2571 5167 :
2615 5110 2757 5177 unde
2795 5110 3005 5185 templa,
3026 5120 3247 5182 quoque
3284 5106 3347 5161 in
3374 5110 3705 5161 sanctorum;

455 5211 717 5271 honorem
757 5212 1068 5283 eriguntur,
1114 5224 1411 5280 eorumque
1452 5209 1746 5279 pinguntur
1782 5204 2068 5276 imagines.

528 5329 616 5385 10.
664 5330 811 5387 Nulli
846 5329 1011 5404 igitur
1062 5327 1347 5384 hominum
1402 5327 1586 5390 lateat,
1639 5338 1764 5380 cuin
1803 5320 1896 5392 qui
1945 5318 2006 5381 ad

2193 5326 2244 5373 ι’.
2275 5316 2598 5375 Γινωσκέτω
2628 5313 2721 5381 οὖν
2753 5318 2862 5382 πᾶς
2886 5316 3194 5387 ἄνθρωπος,
3236 5316 3312 5381 ὡς
3334 5317 3364 5371 ό
3391 5314 3491 5387 τὴν
3519 5312 3714 5373 εἰκόνι-ι

1715 5525 1946 5584 VARI/13
1984 5523 2376 5582 LECTIONES.

537 5666 566 5711 i
598 5670 747 5739 Lego
782 5666 955 5734 δόξαν,
981 5675 1033 5723 et
1068 5667 1229 5736 paulo
1278 5675 1397 5736 post
1428 5663 1706 5735 αἰσχύνην,
1752 5673 1806 5720 ιιι
1845 5679 2038 5721 sensus
2067 5661 2329 5735 postulat,
2357 5676 2417 5716 ac
2461 5661 2513 5715 in
2554 5668 2696 5715 orat.
2733 5658 2768 5712 2
2797 5656 3048 5725 habetur.
