3904 6358
396 260 659 382 isis”

640 240 747 297 Ιιηίί
794 240 955 297 ελῑῖι

820 268 861 351 1"
1094 287 1121 293 ”
1252 274 1255 277 λ
1622 322 2043 385 S.JOANNIS
2076 323 2505 385 DAMASCENI
3542 314 3710 379 1336

423 442 480 489 et
542 433 662 503 ipso
723 430 915 487 auditu
971 431 1153 501 quoad
1210 432 1452 487 animam
1508 436 1688 490 sancti
1716 435 1998 498 etIicinmr,

2123 436 2274 505 ιῦτῆς
2295 436 2396 505 τὴν
2419 436 2613 507 ψυχὴν,
2640 437 2733 489 καί
2758 432 3198 506 μακαριζόμεθα,
3224 430 3315 483 καί
3346 427 3711 499 προσκυνοῦ-

426 527 684 599 beatique
747 527 1020 595 dicimur;
1055 529 1131 583 ita
1173 528 1346 585 libros
1401 543 1625 599 quoque
1672 543 1740 583 ex
1795 528 2002 598 quibus

2123 542 2226 586 ιεν,
2250 526 2517 595 τιμῶντες
2555 526 2657 591 τὰς
2682 526 2917 597 βίϐλους,
2953 526 3021 580 δι’
3042 519 3117 579 ὧν
3145 522 3424 591 ἀκούομεν
3456 519 3571 572 τῶν
3604 518 3710 571 λό-

424 635 715 677 sermones
733 619 883 675 illius
908 621 1267 691 percipimus,
1290 628 1622 677 venerantes
1660 622 2000 684 adoramus;

424 713 613 768 eodem
669 710 834 765 modo
881 726 978 781 per
1034 711 1335 782 imaginum
1391 712 1666 782 picturam
1720 722 2005 779 corporea:

424 805 575 859 illius
608 802 816 874 ﬁgurae,
850 803 1250 858 miraculorum
1293 804 1752 872 eruciatuumque
1791 799 2003 856 descri-

426 894 670 962 ptionem
703 909 1019 964 expressam
1050 894 1481 964 conspicientes,
1512 894 1862 950 sanctitatem
1888 891 2005 946 adi-

428 985 715 1053 piscimur,
747 986 937 1061 laetitia
984 986 1358 1048 cumulamur,
1403 1000 1470 1039 ac
1526 985 1671 1039 beati
1720 983 1998 1049 audimus,

428 1084 541 1129 tum
601 1063 853 1132 subinde!
889 1093 1209 1147 corpoream
1243 1078 1424 1150 ipsius
1476 1077 1710 1149 ﬁguram
1745 1077 2002 1140 colimus,

427 1182 754 1223 veneramur
810 1176 867 1223 et
921 1168 1238 1226 adoramus.
1291 1170 1460 1240 Atqui
1488 1168 1829 1238 corporalem
1884 1166 2005 1235 ejus

429 1260 659 1329 ﬁguram
715 1260 1178 1329 contemplantes,
1214 1260 1390 1330 ipsius
1435 1273 1659 1329 quoque
1696 1257 2005 1313 divinitatis

431 1353 684 1422 gloriam,
722 1354 899 1422 quoad
936 1352 1049 1408 ﬁeri
1114 1362 1313 1423 potest,
1347 1362 1531 1409 mente
1561 1352 2001 1422 complectimur.

430 1444 593 1509 Nam,
660 1446 788 1514 quia
815 1445 1049 1514 duplicis
1107 1446 1429 1500 substantia:
1467 1460 1678 1508 sumus,
1718 1459 1781 1497 ex
1823 1442 2005 1496 anima

432 1544 628 1598 nempe
667 1538 721 1584 et
754 1546 983 1600 corpore
1041 1534 1357 1603 compositi,
1422 1547 1526 1587 nec
1573 1532 1756 1585 anima
1814 1538 2007 1584 nostra

432 1620 578 1675 nuda
639 1637 869 1691 prorsus
925 1631 1033 1687 est,
1072 1625 1169 1680 sed
1202 1626 1353 1679 velut
1401 1632 1722 1695 tegumento
1757 1621 2003 1693 quodam

432 1713 737 1780 obvelatur,
770 1715 975 1770 idcirco
1005 1717 1122 1771 ﬁeri
1160 1731 1510 1786 nequaquam
1543 1724 1747 1784 potest,
1778 1722 1840 1768 ut
1874 1713 2005 1767 abs-

2100 631 2214 682 γων
2253 616 2419 670 αὐτοῦ
2441 632 2456 647 ⁸
2491 617 2665 683 οὕτως
2694 619 2787 671 καί
2819 618 2906 671 διὰ
2943 616 3164 689 γραφῆς
3188 613 3413 667 εἰκόνων
3443 608 3705 697 θεωροῦ-

2104 724 2203 777 μεν
2222 708 2281 761 τὸ
2309 709 2608 778 ὲκτύπωμα
2641 710 2738 763 τοῦ
2771 707 3090 781 σωματικοῦ
3111 704 3467 777 χαρακτῆρος
3493 699 3703 761 αὐτοῖν

2102 800 2196 851 καί
2230 799 2340 853 τῶν
2384 800 2681 870 θαυμάτων
2721 802 2815 856 καὶ
2843 800 2954 854 τῶν
2977 798 3322 870 παθημάτων
3345 793 3536 855 αὑτοῦ,
3596 793 3705 845 καὶ

2100 889 2464 961 ἀγιαζὸμεθα,
2492 895 2586 948 καὶ
2617 892 3136 966 πληροφορούμεθα,
3161 891 3257 963 καί
3278 889 3575 960 χαίρομεν,
3597 884 3702 937 καὶ

2107 954 2547 1054 μακαριζόμε-θα,
2579 954 2948 1057 καλσέὸόμεν,
2973 954 3702 1054 καὶτ-ιμῶμιενίκαὶπροσ-
3740 994 3775 1055 t“
3812 958 3869 1053 ,ί

2103 1076 2375 1144 κυνοῦμεν
2405 1077 2496 1129 τὸν
2523 1078 2849 1149 χαρακτῆρα
2878 1075 3046 1130 αὐτοῦ
3068 1075 3160 1128 τὸν
3187 1071 3519 1143 σωματικόν.
3536 1069 3697 1121 Θεω-

2105 1166 2327 1243 ροῦντες
2346 1169 2404 1223 δὲ
2435 1169 2530 1222 τὸν
2556 1168 2875 1237 σωματικὸν
2906 1166 3233 1237 χαρακτῆρα
3254 1161 3443 1227 αὐτοῦ,
3474 1158 3697 1214 ἐννοοῦ-

2108 1281 2207 1333 μεν
2231 1263 2305 1325 ὡς
2345 1262 2572 1315 δυνατὸν
2599 1262 2694 1313 καὶ
2728 1259 2825 1330 τὴν
2863 1259 3022 1325 δόξαν
3074 1260 3175 1328 τῆς
3208 1255 3466 1324 θεότητος
3498 1250 3693 1304 αὑτοῦ.

2116 1355 2335 1424 Ἐπειδὴ
2388 1354 2501 1422 γὰρ
2536 1351 2727 1405 διπλοίτ
2769 1351 2960 1421 ἐσμεν,
2989 1351 3054 1403 ὲκ
3097 1348 3280 1419 ψυχῆς
3313 1346 3406 1399 καὶ
3436 1343 3699 1414 σώματος

2105 1443 2638 1514 κατεσκευασμένοι,
2666 1442 2763 1496 καὶ
2791 1442 2851 1493 οὐ
2877 1439 3249 1511 γυμνὴ’ὴμῶν
3281 1439 3427 1490 ἐστιν
3455 1436 3491 1504 ἡ
3517 1434 3692 1505 ψυχὴ,

2106 1538 2222 1591 ἀλλ’
2251 1538 2328 1599 ὡς
2360 1536 2467 1588 ὑπὸ
2516 1533 2991 1605 παραπετάσματι
3034 1530 3390 1589 καλύπτεται,
3422 1525 3719 1607 ἀδύνατονι

2106 1628 2253 1697 ἡμᾶς
2300 1625 2459 1688 ἐκτὸς
2491 1624 2603 1677 τῶν
2648 1620 2981 1692 σωματικῶν
3034 1620 3211 1673 ἐλθεῖν
3248 1619 3341 1670 ἐπὶ
3378 1615 3445 1668 τὰ
3499 1615 3717 1682 νοητάη

2112 1719 2325 1787 Ὠσπερ
2343 1712 2437 1769 οῦν
2456 1715 2542 1768 διὰ
2567 1714 2741 1781 λόγων
2774 1712 3050 1781 αἰσθητῶν
3071 1710 3344 1779 ἀκούομεν
3369 1708 3471 1760 ὠσὶ
3503 1723 3695 1773 σωμα-
3720 1730 3725 1749 ι

432 1822 538 1876 que
560 1821 951 1876 corporearum
1008 1823 1191 1863 rerum
1241 1822 1428 1877 opera,
1452 1806 1521 1861 ad
1550 1806 1861 1876 spiritualia
1886 1818 2009 1874 per—

2123 1807 2300 1869 ιικοῖς,
2333 1804 2428 1857 καὶ
2461 1802 2695 1873 νοοῦμεν
2714 1803 2784 1855 τὰ
2819 1799 3193 1869 πνευματικὰ,
3215 1797 3355 1850 οῦτω
3384 1797 3473 1850 διὰ
3504 1812 3697 1864 σωμαο

433 1898 728 1966 tingamus.
764 1897 921 1951 Sicut
948 1911 1078 1969 ergo
1110 1912 1209 1967 per
1262 1896 1548 1953 sensibilia
1582 1895 1749 1950 verba
1774 1894 2008 1948 auribus

432 1989 683 2058 corporis
747 1989 1023 2051 audimus,
1092 1996 1260 2058 atque
1294 2001 1359 2042 ea
1390 2002 1513 2055 quae
1542 1985 1845 2055 spiritualia
1876 1993 2010 2040 sunt

432 2076 820 2145 intellig-imus;
855 2076 935 2130 sic
999 2091 1097 2146 per
1133 2090 1455 2147 corporeum
1493 2089 1716 2146 quoque
1744 2074 2012 2128 intuitum

432 2166 501 2220 ad
514 2166 850 2235 spiritualem
874 2168 1385 2239 contemptationem
1406 2166 2017 2238 progredimur.0ttam-

432 2253 621 2309 obrem
679 2269 881 2325 corpus
961 2262 1018 2312 et
1068 2257 1309 2310 animam
1357 2256 1617 2312 Christus
1681 2255 2008 2324 assumpsit,

432 2345 563 2413 quia
594 2345 760 2400 homo
815 2361 1051 2417 corpore
1081 2357 1251 2418 atque
1276 2350 1462 2403 anima
1516 2350 1817 2404 constat“.
1851 2347 2010 2404 Unde

432 2435 631 2506 duplex
664 2438 829 2492 etiam
862 2447 949 2494 est
992 2440 1325 2509 baptismus,
1370 2456 1439 2496 ex
1466 2455 1609 2511 aqua
1644 2441 1910 2496 nimirum
1948 2450 2005 2496 et

2104 1897 2266 1964 τικῆς
2302 1895 2537 1964 θεωρίας
2570 1893 2843 1964 ἐρχόμεθα
2882 1894 2974 1945 ἐπὶ
3013 1893 3114 1962 τὴν
3154 1887 3528 1959 πνευματικὴν
3554 1886 3697 1939 θεω-

2112 1988 2253 2059 ρίαν.
2285 1986 2384 2040 Διά
2404 1984 2562 2038 τοῦτο
2578 1984 2742 2054 σῶμα
2760 1985 2857 2036 καὶ
2873 1980 3055 2052 ψυχὴν
3078 1978 3341 2032 ἀνέλαϐεν
3371 1979 3403 2031 6
3424 1975 3693 2045 Χριστὸς,

2109 2078 2301 2148 ἐπειδὴ
2335 2076 2499 2146 σῶμα
2519 2076 2618 2128 καὶ
2644 2074 2824 2146 ψυχὴν
2847 2074 2965 2144 ἔχει
2992 2074 3021 2126 6
3054 2071 3341 2142 ἄνθρωπος
3362 2088 3377 2099 ο
3414 2069 3503 2121 διὰ
3531 2066 3699 2119 τοῦτο

2111 2170 2210 2223 καὶ
2240 2168 2304 2221 τὸ
2328 2168 2615 2239 βάπτισμα
2645 2163 2892 2230 διπλοῦν,
2922 2164 2984 2231 ἐξ
3008 2163 3199 2226 ὓδατος
3229 2162 3327 2216 καὶ
3351 2160 3697 2229 πνεύματος,

2113 2258 2272 2343 uti;
2317 2256 2598 2321 κοινωνία,
2648 2257 2746 2310 καὶ
2774 2257 2811 2327 ἡ
2836 2254 3139 2328 προσευχὴ,
3172 2254 3268 2307 καὶ
3297 2255 3333 2324 ἠ
3377 2251 3696 2323 ψαλμῳδξα,
3720 2292 3727 2295 .
3754 2266 3767 2291 ε
3806 2248 3827 2283 5
3867 2270 3869 2287 ι

2112 2340 2293 2402 πάντα
2318 2347 2506 2413 διπλᾶ,
2538 2346 2833 2418 σωματικά
2869 2346 2965 2400 καί⁵
2990 2343 3365 2415 πνευματικὰ,
3387 2342 3489 2395 καὶ
3534 2340 3699 2409 φῶτα

2111 2440 2207 2494 καὶ
2229 2439 2576 2510 θυμιάματα.

434 2528 683 2597 spiritu:
724 2528 806 2583 sic
860 2529 1071 2599 pariter
1121 2530 1473 2598 communio,
1548 2538 1865 2601 preces,“
1919 2530 2259 2599 psalmorum
2312 2536 2533 2595 cantus,
2589 2526 2831 2598 duplicia
2920 2541 3143 2596 quoque
3202 2533 3360 2592 sunt,
3425 2537 3700 2596 corporea

433 2617 673 2673 simulet
701 2618 1044 2688 spiritualia;
1078 2621 1444 2677 consimiliter
1502 2619 1799 2674 luminaria
1820 2629 1877 2676 et
1908 2619 2238 2677 sudimenta.

508 2733 596 2789 15.
630 2733 710 2789 Ad
736 2733 849 2788 haec
887 2735 1137 2791 diabolus
1192 2734 1331 2789 nihil
1354 2734 1424 2789 de
1460 2734 1675 2789 caeteris
1722 2734 2014 2797 sollicitus,

436 2825 492 2880 in
525 2826 673 2881 solas
706 2826 974 2899 imagines
1015 2827 1356 2894 insurrexit;
1383 2833 1647 2897 tantaque
1674 2828 1730 2881 in
1776 2826 1905 2880 illas
1927 2839 2018 2878 ar-

439 2916 532 2971 det
566 2916 797 2983 invidia,
842 2926 901 2972 ut
924 2919 979 2973 in
998 2916 1168 2973 Prato
1188 2919 1370 2973 sancti
1405 2917 1703 2990 Sephrouii
1745 2916 2016 2972 "ieroso-

442 3009 715 3079 lymorum
746 3009 1080 3077 patriarchae
1127 3009 1235 3064 hoc
1265 3010 1533 3081 scriptum
1559 3010 1716 3064 sit”.
1755 3028 1775 3059 ο
1796 3008 2016 3062 Narra-

2192 2741 2278 2803 ιγθ.
2330 2734 2492 2789 Ἀλλὰ
2519 2734 2695 2788 πάντα
2727 2733 2919 2800 ἐάσας,
2948 2732 3091 2786 κατά
3121 2733 3297 2805 μόνων
3324 2731 3435 2787 τῶν
3468 2732 3701 2785 εἰκόνων

2117 2825 2379 2895 ὥρμησεν
2400 2827 2429 2879 6
2449 2825 2697 2888 διάϐολος
2718 2841 2734 2856 ⁸
2764 2824 2861 2879 καὶ
2886 2823 3144 2888 τοσοῦτος
3166 2822 3321 2894 αὐτῷ
3353 2824 3548 2893 φθόνος
3572 2823 3700 2876 ἐστὶ

2114 2918 2256 2971 κατά
2284 2917 2397 2971 τῶν
2427 2917 2672 2981 εἰκόνων,
2713 2916 2789 2979 ὡς
2836 2916 2930 2971 καὶ
2976 2918 3038 2970 ὲν
3087 2915 3165 2987 τῷ
3211 2916 3571 2987 Δειμωναρίῳ
3601 2914 3698 2969 τοῦ

2114 3010 2277 3078 ἁγίου
2311 3008 2625 3079 Σωφρονίου
2655 3009 2753 3062 τοῦ
2775 3010 3119 3081 πατριάρχου
3159 2990 3570 3079 Ἰενᾷοῶἷῦμωῖ
3604 3025 3699 3075 τε-

438 3098 535 3154 bat
557 3098 729 3154 abbas
772 3098 1102 3155 Theodorus
1154 3099 1408 3164 )Eliotes,
1437 3101 1494 3154 in
1523 3107 1709 3154 monte
1728 3098 2011 3153 Olivarum

2123 3099 2361 3170 γράφθαι
2387 3100 2582 3164 οὕτως’
2610 3118 2631 3151 ι
2653 3100 2883 3169 Ἔλεγεν
2897 3103 2927 3154 6
2951 3099 3129 3163 ἀϐὃᾶς
3156 3099 3433 3167 Θεόδωρος
3448 3101 3478 3151 6
3498 3097 3699 3150 Αίλιώ-

440 3189 718 3245 reclusum
778 3189 1071 3259 quemdam
1127 3191 1441 3256 mansisse,
1500 3192 1682 3247 virum
1738 3192 2017 3262 spirituali

441 3280 637 3335 militia
694 3281 989 3351 insignem,
1044 3298 1207 3355 quem
1262 3283 1513 3339 libidinis
1573 3283 1786 3339 dazmon
1842 3285 2025 3340 modis

444 3372 700 3430 omnibus
739 3374 1110 3445 oppugnabat.
1145 3375 1286 3431 Cum
1339 3375 1387 3431 is
1419 3375 1510 3431 die
1552 3376 1787 3446 quadem
1839 3376 2025 3432 acrius

447 3467 611 3522 solito
632 3468 812 3538 ipsum
841 3475 1080 3540 urgeret,
1117 3468 1386 3537 conqueri
1419 3469 1589 3539 cmpit
1622 3483 1791 3524 senex
1829 3484 1844 3520 :
1881 3466 2027 3553 ρυε-

445 3574 623 3630 usquc
657 3559 877 3614 tandem
913 3573 1001 3615 me
1043 3558 1313 3616 infestare
1359 3575 1470 3615 non
1506 3560 1776 3616 desines?
1807 3557 2025 3614 Recede

448 3650 711 3721 deinceps
758 3665 793 3704 ar
842 3665 931 3704 me
961 3666 975 3703 :
1012 3664 1081 3705 en
1127 3650 1472 3706 consenuiin
1505 3666 1741 3706 mecum.
1769 3648 1873 3704 Cui
1910 3648 2025 3703 dae-

447 3757 580 3797 mon
606 3757 667 3797 se
718 3741 1082 3811 conspicuum
1109 3742 1359 3812 praebens
1389 3758 1405 3794 :
1445 3740 1601 3806 Jura,
1630 3742 1832 3812 inquit,
1866 3740 2025 3807 mihi,

450 3838 505 3886 te
528 3831 738 3885 nemini
761 3840 1109 3887 narraturum
1134 3848 1257 3901 qua:
1278 3832 1374 3886 tibi
1398 3831 1593 3887 dixero
1617 3849 1631 3886 :
1667 3848 1769 3887 nec
1794 3831 2025 3902 iu353

450 3928 729 3992 posterum
770 3922 1037 3978 molestus
1093 3939 1209 3978 ero.
1261 3923 1477 3978 Juravit
1527 3939 1691 3980 senex
1727 3942 1740 3979 :
1772 3926 1870 3988 ita,
1922 3924 2027 3978 Per

453 4027 577 4067 eum
602 4010 696 4081 qui
727 4011 782 4064 in
811 4013 1046 4067 excelsis
1093 4012 1325 4078 habitat,
1366 4013 1501 4067 nulli
1532 4011 1860 4081 patefaciam
1905 4027 2028 4083 quae

453 4102 657 4159 dixeris
687 4102 843 4157 mihi.
870 4101 1006 4156 Tum
1041 4102 1277 4169 daemon,
1308 4104 1473 4170 hanc,
1499 4103 1702 4173 inquit,
1735 4103 2027 4173 imaginem

454 4194 599 4248 ultra
650 4210 720 4249 ne
752 4193 1017 4259 colueris,
1079 4209 1256 4263 neque
1294 4210 1393 4266 ego
1431 4194 1662 4265 posthac
1694 4193 1894 4247 bellum
1926 4192 2030 4247 ad-

455 4300 674 4341 versum
713 4294 769 4339 te
803 4284 1057 4340 movebo.
1092 4284 1262 4340 Porro
1319 4287 1499 4357 imago
1543 4286 1635 4341 illa
1677 4292 1883 4341 sanctas
1911 4283 2030 4338 Ma-

457 4380 552 4433 ria;
598 4376 695 4433 Dei
732 4375 1030 4433 Genitricis
1076 4376 1321 4433 Domina:
1374 4388 1595 4441 nostra),
1630 4376 1910 4433 Christum
1941 4375 2034 4432 Je-

2118 3208 2242 3261 της,
2271 3192 2354 3244 ὅτι
2379 3189 2450 3263 ἦν
2484 3209 2567 3257 τις
2600 3191 2915 3261 ἐγκλειστος
2942 3193 3023 3254 εἰς
3053 3191 3114 3244 τὸ
3144 3190 3270 3261 ὅρος
3299 3190 3407 3243 τῶν
3444 3189 3699 3252 Ἐλαιῶν,

2121 3282 2463 3353 ἀγωνιστήςο
2501 3283 2636 3336 πανὶ
2652 3283 2722 3315 ⁵³·
2759 3282 2816 3336 δὲ
2858 3281 3005 3353 αὐτῷ
3028 3281 3333 3352 ἐπολέμειὸ
3361 3281 3569 3350 δαίμων
3598 3280 3703 3350 τῆς

2125 3372 2407 3437 πορνείας.
2450 3374 2541 3425 Ἐν
2567 3374 2669 3444 μιᾷ
2709 3368 2805 3427 οὖν
2842 3373 2917 3435 ὡς
2952 3373 3203 3426 ἐπέκειτο
3231 3372 3380 3443 αὺτῷ
3429 3372 3703 3439 σφοδρῶς,

2124 3463 2335 3534 ἧρξατο
2356 3466 2386 3517 6
2407 3464 2588 3535 γέρων
2608 3464 2998 3537 ἀποδύρεσθαι,
3029 3466 3123 3518 καὶ
3151 3465 3333 3534 λέγειν
3353 3463 3428 3534 τῷ
3445 3464 3663 3534 δαίμονι
3683 3480 3700 3493 ’

2125 3556 2273 3619 Ἕως
2311 3557 2442 3610 πότε
2492 3557 2594 3610 οὐκ
2638 3557 2856 3621 ὲνδέδως
2908 3574 3035 3629 μοις
3075 3558 3314 3610 Ἀπόστα
3364 3556 3554 3609 λοιπὸν
3604 3556 3707 3609 ἀπ’

2124 3647 2286 3717 ἐμοῦ,
2344 3648 2724 3719 συνεγήρασάς
2769 3666 2881 3719 μοι.
2936 3649 3191 3703 Φαίνεται
3242 3647 3387 3717 αὑτῷ
3415 3650 3443 3701 6
3487 3646 3709 3717 δαίμων

2124 3738 2581 3808 ὀφθαλμοφανῶς,
2628 3739 2835 3807 λέγων’
2873 3740 3115 3810 Ὀμοσόν
3152 3756 3241 3809 μοι
3290 3739 3374 3791 ὅτι
3399 3737 3578 3790 οὐδενὶ
3610 3738 3704 3788 λέ-

2126 3848 2263 3900 γεις,
2294 3831 2323 3884 ὃ
2355 3833 2535 3901 μέλλω
2574 3834 2762 3901 λέγειν
2798 3850 2903 3899 σοι,
2960 3833 3056 3886 καὶ
3096 3831 3285 3885 οὐκέτι
3332 3848 3413 3884 σοι
3452 3830 3704 3899 πολεμῶ.

2127 3925 2239 3977 Καὶ
2259 3922 2475 3993 ὤμοσεν
2501 3924 2654 3995 αὐτῷ
2681 3924 2710 3977 6
2728 3923 2927 3994 γέρων,
2968 3924 3050 3977 ὅτι
3078 3923 3175 3978 Μὰ
3213 3922 3310 3975 τὸν
3345 3921 3710 3975 κατοικοῦντα

2128 4018 2187 4068 ὲν
2221 4019 2332 4079 τοῖς
2357 4016 2621 4086 ὑψίστοις,
2647 4017 2749 4069 οὐκ
2780 4016 2922 4068 εῐπω
2941 4014 3051 4069 τινὶ
3078 4015 3225 4084 ἂπερ
3245 4016 3405 4085 είπῃς
3433 4030 3545 4084 μοι.
3569 4012 3709 4064 Τότε

2128 4106 2275 4174 λέγει
2322 4106 2474 4177 αὐτῷ
2517 4106 2817 4176 ὁδαίμων·
2864 4105 2958 4176 Μὴ
3010 4107 3398 4177 προσκυνήσῃς
3433 4104 3608 4175 ταύτῃ
3641 4107 3713 4173 τῇ

2129 4197 2321 4265 εἰκόνι,
2356 4198 2452 4251 καί
2482 4198 2668 4252 οὐκέτι
2708 4215 2792 4251 σοι
2846 4197 3166 4268 πολεμήσω.
3222 4193 3349 4267 Εἶχε
3382 4196 3438 4248 δὲ
3468 4198 3502 4266 ἡ
3538 4196 3713 4248 εἰκὼν

2130 4288 2454 4363 ἐκτύπωμα,
2489 4288 2588 4360 τὴν
2612 4288 2909 4343 Δέσποιναν
2958 4288 3114 4360 ἡμῶν
3147 4289 3309 4357 ἁγίαν
3342 4288 3556 4357 Μαρίαν
3605 4289 3715 4356 τὴν

2130 4380 2416 4442 Θεοτόκον,
2453 4380 2830 4451 βαστάζουσαν
2878 4381 2968 4434 τὸν
3032 4381 3238 4453 Κύριον
3276 4380 3429 4450 ἡμῶν
3497 4379 3719 4448 Ἰησοῦν

456 4486 580 4525 sum
621 4470 919 4524 Dominum
945 4479 1195 4527 nostrum
1224 4471 1513 4543 gestantis,
1541 4469 1771 4540 elIigiem
1796 4468 2018 4525 ferebat.

2134 4472 2391 4545 Χριστόν.
2436 4472 2534 4526 Ἰδὲ
2569 4474 2694 4527 τίνα
2744 4472 3036 4545 μιμοῦνται
3064 4473 3115 4525 οἰ
3145 4470 3567 4543 προσκυνεῖσθαι
3614 4471 3722 4533 τὰς

458 4563 597 4616 llinc
625 4562 849 4629 videris,
881 4578 1175 4633 quemnam
1225 4566 1529 4627 imitentur,
1567 4562 1799 4633 cujusve
1821 4562 2035 4617 instru-

460 4663 642 4710 menta
678 4657 790 4713 sint
844 4657 942 4723 illi,
982 4658 1075 4727 qui
1114 4656 1384 4726 imagines
1416 4654 1637 4709 adorari
1715 4653 2033 4724 prohibent.

463 4744 681 4801 Dmmon
721 4749 923 4819 quippe
950 4747 1198 4802 libidinis
1237 4746 1412 4802 satius
1445 4746 1604 4800 duxit
1646 4745 1717 4799 ab
1758 4742 2037 4800 adoranda

460 4837 708 4894 Dominae
743 4846 945 4895 nostra:
978 4838 1219 4911 imagine
1257 4851 1479 4893 cessare
1540 4852 1750 4901 senem,
1778 4851 1944 4907 quam
1979 4836 2035 4890 in

464 4931 707 4987 libidinis
749 4929 1152 4987 immunditicm
1176 4930 1286 4985 labi
1321 4945 1335 4982 :
1367 4945 1491 4985 cum
1521 4944 1629 4984 non
1657 4942 1783 4984 eum
1815 4928 2027 4990 lateret,

464 5025 735 5093 ejusmodi
787 5030 1073 5095 peccatum
1144 5023 1511 5080 fornicatione
1594 5024 1754 5093 longe
1806 5021 2035 5092 gravius

464 5130 606 5172 (“550.
638 5135 658 5168 ι

536 5228 623 5282 14.
681 5226 949 5282 Caeterum
1011 5227 1229 5297 quando
1282 5228 1441 5283 nobis
1466 5226 1532 5281 de
1569 5225 1805 5296 imagine
1836 5238 2020 5279 sermo

467 5326 585 5383 cst;
628 5320 879 5389 agedum,
940 5318 1055 5373 hinc
1091 5318 1271 5375 fusius
1306 5330 1359 5374 et
1392 5318 1707 5389 diligentius
1736 5323 2039 5387 pertracte-

470 5424 591 5464 mus
615 5427 629 5477 ;
667 5410 853 5477 itaque
882 5409 1174 5466 dicendum
1198 5414 1323 5477 erit,
1351 5413 1405 5465 ιο
1448 5409 1710 5482 quidnam
1730 5408 1801 5462 sit
1828 5408 2037 5476 imago;

469 5500 526 5553 Et"
577 5513 676 5553 cur
701 5498 843 5554 facta
884 5499 996 5567 sit;
1039 5501 1099 5555 3°
1143 5512 1278 5572 quot
1305 5503 1416 5556 sint
1474 5498 1772 5569 imaginutn
1805 5510 2040 5566 genera;

530 5656 577 5687 ³⁸
621 5659 789 5730 Greg.
826 5658 958 5715 Νη.
989 5662 1143 5721 Orat.
1177 5662 1243 5718 de
1284 5661 1429 5730 bapt.

471 5730 689 5806 τρόπῳῖ
719 5730 873 5784 EDIT.

1537 5660 1580 5691 ⁵³
1613 5657 1839 5714 Pratum
1873 5657 2185 5729 spirituale;
2222 5658 2288 5713 de
2322 5674 2429 5728 quo
2463 5656 2663 5712 vidcsis
2710 5663 2850 5710 orat.
2906 5656 2952 5709 l.

2134 4566 2352 4630 εἰκόνας
2399 4565 2722 4630 κωλύοντες,
2754 4566 2849 4620 καί
2878 4565 3026 4628 τινος
3064 4565 3206 4617 εἰσὶν
3237 4563 3475 4634 ὄργανα·
3528 4562 3560 4614 6
3605 4564 3721 4632 γὰρ

2132 4657 2339 4730 δαίμων
2394 4658 2496 4729 τῆς
2528 4657 2790 4730 πορνείας
2840 4658 3131 4739 rigetrigat-ro
3159 4655 3234 4726 μὴ
3280 4654 3723 4725 προσκυνεῖσθαι

2134 4747 2234 4821 τὴν
2264 4749 2449 4802 εἰκόνα
2477 4748 2576 4818 τῆς
2605 4748 2923 4819 Δεσποίνης,
2946 4748 3091 4818 ἥπερ
3113 4748 3193 4809 εἰς
3219 4745 3317 4816 τὴν
3337 4746 3434 4814 τῆς
3452 4744 3724 4814 πορνείας

2136 4839 2480 4911 ἀκαθαρσίαν
2511 4842 2778 4911 ἐμπεσεῖν
2816 4840 2906 4893 τὸν
2939 4841 3207 4913 γέροντα,
3244 4837 3321 4901 ὡς
3355 4836 3583 4907 μείζονα
3619 4836 3728 4907 τῆς

2140 4933 2397 5002 πορνείας
2428 4933 2708 5003 ἁμαρτίαν
2741 4932 2947 5003 ταύτην
2978 4932 3367 5000 ἐπιστάμενος.
3407 4948 3428 4980 ι

2220 5216 2300 5273 ιδ’.
2352 5216 2490 5269 Ἀλλ’
2544 5216 2732 5285 ἐπειδὴ
2784 5215 2913 5286 περὶ
2943 5215 3154 5278 εἰκόνος
3186 5218 3214 5269 6
3264 5216 3422 5284 λόγος
3473 5217 3599 5270 ἐστὶ
3635 5220 3733 5271 καὶ

2146 5308 2602 5379 προσκυνήσεως,
2652 5306 2784 5376 φέρε
2824 5305 3159 5376 πλατύτερον
3209 5306 3336 5376 περὶ
3391 5304 3605 5359 τούτων
3640 5309 3735 5361 τὸν

2148 5402 2304 5468 λόγον
2326 5401 2789 5471 διευκρινήσωμεν
2811 5414 2820 5424 ’
2847 5398 2940 5451 καί
2963 5399 3207 5469 εἴπωμεν
3231 5398 3466 5469 πρῶτον,
3497 5398 3552 5451 τί
3577 5400 3735 5452 ἐστιν

2150 5491 2314 5545 εἰκών
2334 5508 2346 5523 ·
2378 5492 2650 5563 δεύτερον,
2668 5490 2813 5553 τίνος
2843 5489 3003 5561 χάριν
3024 5489 3245 5559 γέγονεν
3278 5489 3439 5545 εἰκών
3466 5507 3481 5522 ο
3514 5492 3735 5561 τρίτον,

3067 5657 3135 5687 ⁶⁹⁶
3183 5655 3360 5723 πάντη
3421 5651 3507 5705 vel
3555 5649 3737 5713 παντὶ
