3904 6358
1121 17 1382 122 “rem.
1425 51 1510 94 ’ίις
1559 37 1822 118 ἆιοενὶιχ
1893 37 2100 110 ligni“
2185 41 2224 92 ν]
2270 22 2496 110 βωμοί..)
2541 74 2551 82 .

500 371 634 441 13.57
1667 366 1728 426 s.
1757 353 2077 426 JOANNIS
2113 351 2540 425 DAMASCENI
3647 364 3802 435 1343

505 494 660 558 deos,
707 487 803 546 sed
849 494 908 543 ut
957 485 1114 542 decet
1156 486 1423 557 imagines
1455 484 1759 538 amicorum
1804 480 1934 536 Dei?
1964 477 2075 534 Nec

2192 481 2442 552 προσάγω
2471 481 2571 553 τὴν
2604 481 2975 554 προσκύνησιν
3007 481 3102 536 καὶ⁵
3129 481 3224 554 τὴν
3259 482 3447 556 τιμὴν,
3477 483 3562 537 δι’
3594 485 3668 539 ὃν
3697 488 3801 540 καὶ

503 583 687 646 Jesus,
717 595 816 635 nec
845 578 1057 644 Daniel,
1114 578 1335 649 angelos
1390 589 1530 647 quos
1575 573 1856 640 viderunt,
1907 570 2077 626 veluti

2192 571 2304 634 τοὺς
2342 571 2507 624 αὑτοῦ
2550 572 2737 640 φίλους
2786 572 2948 638 σέϐω,
2995 573 3088 627 καὶ
3127 575 3197 628 δι’
3235 575 3418 640 αἰδοῦς
3465 577 3635 646 ἄγω.
3679 579 3795 648 ούχ

513 673 648 728 deos
684 669 1053 723 adoraverunt
1091 686 1103 720 :
1141 681 1241 722 nec
1289 681 1389 737 ego
1427 677 1645 736 quoque
1689 661 1857 715 veluti
1910 659 2077 714 Deum

505 761 800 831 imaginem
830 759 1022 822 adoro,
1068 757 1165 814 sed
1197 765 1311 811 tum
1343 771 1440 826 per
1471 753 1788 824 imaginem,
1837 759 1952 805 tum
1985 765 2079 820 per

507 861 727 907 sanctos
750 851 922 921 ipsos,
955 848 1332 903 adorationem
1369 845 1480 900 Deo
1520 843 1897 912 honoremque
1923 839 2080 894 exhi-

505 943 630 1004 beo,
665 948 825 1008 atque
859 947 1082 1009 propter
1110 937 1289 1006 ipsum
1344 933 1552 988 amicos
1602 931 1724 1002 ejus
1754 941 1991 986 veneror
2026 933 2082 984 et

505 1030 649 1084 colo.
681 1026 799 1080 Non
835 1026 1188 1094 angelorum,
1237 1023 1330 1077 sed
1367 1020 1651 1074 hominum
1693 1028 1909 1074 naturae
1952 1031 2083 1072 cou—

500 1116 738 1188 junctus
770 1124 855 1172 est
894 1116 1056 1171 Deus.
1099 1113 1242 1168 Deus
1289 1126 1401 1167 non
1438 1109 1618 1164 factus
1672 1119 1754 1165 est
1801 1107 2030 1178 angelus
2064 1123 2079 1161 :

507 1211 600 1265 sed
629 1211 773 1264 Deus
796 1208 970 1262 factus
989 1215 1072 1262 est
1093 1214 1290 1260 natura
1317 1209 1372 1258 et
1394 1201 1629 1257 veritate
1655 1201 1842 1255 homo.
1880 1218 1899 1250 ι
1926 1198 2082 1253 Nun-

506 1317 669 1372 quam
707 1301 851 1356 enim
881 1300 1104 1369 angelos
1134 1295 1517 1368 apprehendit,
1556 1294 1652 1349 sed
1684 1307 1869 1348 semen
1909 1291 2086 1346 Abra—

508 1393 680 1449 hae".
712 1411 729 1444 ι
768 1391 958 1460 Angeli
1007 1389 1209 1444 divinae
1239 1395 1450 1443 naturae
1498 1384 1794 1458 participes
1849 1390 1905 1438 et
1947 1383 2083 1439 socii

508 1484 638 1539 facti
679 1499 786 1538 non
825 1489 974 1546 sunt,
1010 1481 1105 1536 sed
1131 1479 1475 1535 ellicacitatis
1504 1485 1558 1533 et
1586 1477 1794 1548 gratiae.
1820 1474 2084 1531 Homines

508 1591 641 1632 vero
675 1575 872 1629 divinae.
899 1581 1110 1627 natura:
1144 1571 1441 1641 participes
1469 1575 1873 1637 consortesque
1913 1565 2082 1635 ﬁunt;

510 1664 843 1734 quicumque
862 1661 1115 1716 videlicet
1131 1667 1379 1714 sanctum
1402 1657 2084 1727 Christicorpussumunt,

508 1765 562 1810 et
590 1757 890 1824 pretiosum
931 1752 1262 1822 sanguinem
1310 1750 1527 1804 bibunt.
1565 1747 1850 1802 Divinitati
1881 1747 2084 1818 quippe

509 1818 807 1899 secundum
824 1843 986 1914 358
1009 1818 1344 1914 hvpostasim
1373 1848 1674 1910 utrumque
1691 1839 2078 1910 conjungitur:
2116 1818 2157 1874 Β

506 1946 672 2005 atque
717 1943 927 1989 naturae
961 1934 1084 1989 duae
1140 1934 1195 1987 in
1248 1946 1356 1986 uno
1413 1931 1620 1984 Christi
1669 1945 1901 2000 corpore
1933 1929 2079 2001 quod

509 2029 800 2090 sumimus,
833 2027 954 2080 sine
988 2024 1348 2079 distractione
1386 2023 1438 2076 in
1469 2023 1681 2076 unitate
1705 2036 1955 2090 personae
1989 2036 2083 2076 co-

508 2117 862 2187 pulantur".
910 2115 1182 2182 Quocirca
1238 2115 1475 2184 duplicis
1529 2123 1742 2166 naturae
1788 2113 2085 2182 participes

509 2208 802 2272 eﬂicimur;
833 2208 1082 2278 corporis
1109 2207 1352 2278 quidem,
1388 2203 1552 2258 modo
1575 2218 1866 2274 corporeo,
1890 2203 2086 2258 divini-

511 2302 640 2356 tatis
695 2315 848 2363 vero,
899 2299 1206 2368 spirituali;
1263 2298 1372 2351 imo
1428 2297 1723 2366 utriusque
1782 2294 2086 2351 secundum

509 2400 799 2461 utramque
825 2391 1092 2444 rationem
1129 2409 1141 2444 :
1179 2403 1286 2443 non
1318 2390 1477 2459 quasi
1510 2389 1651 2444 idem
1683 2389 1864 2459 quoad
1893 2403 2086 2458 perso-

509 2477 636 2537 ham
700 2482 876 2537 simus
913 2481 1102 2552 (prius
1136 2480 1280 2535 enim
1331 2479 1727 2544 subsistimus,
1761 2488 1816 2533 et
1861 2478 2088 2548 posthac

512 2572 941 2644 conjungimur),
978 2573 1073 2628 sed
1107 2588 1202 2642 per
1234 2573 1486 2640 corporis
1521 2579 1576 2626 et
1615 2570 1908 2640 sanguinis
1961 2583 2090 2642 gon-

511 2665 985 2741 temperationem.
1027 2663 1171 2731 Quid
1215 2679 1323 2718 non
1373 2665 1544 2734 igitur
1594 2662 1831 2732 majores
1880 2659 2088 2730 angelis

513 2758 626 2812 sint
661 2757 763 2822 illi,
792 2758 888 2828 qui
926 2773 1024 2828 per
1063 2757 1445 2812 mandatorum
1484 2758 1947 2820 observationem,
1983 2773 2086 2826 pu-

511 2862 628 2900 ram
657 2846 1090 2918 inviolatamque
1122 2848 1374 2917 copulam
1408 2847 1550 2904 hanc
1597 2847 1959 2902 custodiunt?
1981 2845 2090 2899 Na-

514 2943 636 2989 tura
682 2937 900 3005 quidem
953 2943 1164 3002 nostra,
1201 2938 1316 2991 sive
1345 2938 1474 3006 quia
1517 2937 1770 2992 mortalis
1822 2945 1927 3001 est,
1974 2937 2090 2992 sive

513 3036 737 3097 propter
773 3043 1019 3083 crassam
1047 3027 1300 3098 corporis
1359 3027 1836 3091 constitutionem,
1882 3028 2091 3098 angelis

513 3127 598 3174 est
630 3119 896 3173 inl'crior:
935 3127 990 3173 at
1022 3118 1112 3173 Dei
1149 3119 1461 3190 benignitas
1492 3127 1548 3173 et
1579 3119 1901 3188 conjunctio
1931 3134 2093 3190 supe-

2178 661 2360 733 ἠνώθη
2383 662 2540 733 φύσει
2559 663 2806 732 ἀγγέλων
2830 665 2858 718 ό
2886 664 3038 728 Θεὸς,
3060 663 3245 736 ἠνώθη
3270 665 3326 719 δὲ
3353 667 3516 736 φύσει
3560 667 3678 722 ἀνθ
3687 673 3794 738 ρῶ-

2179 770 2318 807 πων.
2354 754 2466 808 Ούκ
2497 754 2714 822 ἐγένετο
2739 757 2768 810 ὁ
2799 754 2928 820 Θεὸς
2950 756 3201 825 ἄγγελος,
3237 757 3458 826 ἐγένετο
3483 759 3549 812 δὲ
3587 760 3620 811 ὀ
3653 759 3789 822 Θεὸς

2180 844 2341 913 φύσει
2371 845 2464 898 καὶ
2491 845 2718 918 ἀληθείᾳ
2745 845 3048 917 ἄνθρωπος.
3088 863 3106 898 ι
3137 847 3212 900 Οὐ
3245 849 3355 919 γὰρ
3385 847 3574 919 δήπου
3609 850 3789 917 ἀττέ-

2179 936 2288 990 λων
2318 936 2767 1008 ἐπιλαμϐάνεται,
2801 937 2938 991 ἀλλὰ
2985 937 3302 1010 σπέρματος
3343 939 3614 1010 Ἀϐραὰμ
3663 942 3786 992 ἐπι-

2179 1022 2536 1097 λαμϐάνεται.
2562 1047 2581 1082 ι
2612 1029 2726 1083 Ούκ
2752 1029 2967 1098 ἐγένετο
2998 1030 3160 1101 φύσις
3180 1031 3449 1100 ἀγγέλων.
3476 1031 3623 1095 Υἱὸς
3643 1031 3782 1086 Θεοῦ

2181 1119 2304 1172 καθ’
2334 1119 2654 1185 ὑπόστασιν,
2696 1121 2912 1190 ἐγένετο
2957 1115 3016 1176 δὲ
3068 1122 3228 1193 φύσις
3274 1122 3606 1194 ἀνθρώπου,
3651 1123 3779 1185 Υἱὸς

2181 1209 2317 1264 Θεοῦ
2372 1211 2494 1264 καθ’
2533 1211 2849 1267 ὑπόστασιν.
2899 1211 2974 1267 Οὐ
3027 1215 3287 1285 μετέσχον
3330 1214 3605 1282 ἄγγελοι,
3658 1215 3775 1268 οὐδὲ

2181 1299 2427 1368 ἐγένοντο
2466 1298 2617 1365 θείας
2659 1303 2908 1370 κοινωνοὶ
2931 1301 3167 1371 φύσεως,
3199 1301 3314 1355 ἀλλ’
3337 1303 3642 1374 ἐνεργείας
3685 1304 3775 1356 sui

2181 1389 2422 1460 χάριτος,
2462 1388 2738 1460 ἄνθρωποι
2770 1389 2825 1443 δὲ
2859 1390 3170 1461 μετέχουσι,
3202 1392 3296 1443 καὶ
3332 1391 3595 1445 κοινωνοὶ
3627 1391 3774 1453 θείας

2185 1479 2401 1550 φύσεως
2428 1480 2690 1550 γίνονται,
2731 1482 2850 1535 ὅσοι
2881 1481 3359 1553 ’μεταλαμϐάνουσι
3384 1481 3449 1535 τδ
3476 1483 3655 1554 σῶμα
3681 1483 3772 1537 τοῦ

2182 1575 2418 1644 Χριστοῦ
2449 1577 2512 1629 τὸ
2539 1575 2713 1645 ἅγιον,
2745 1577 2841 1631 καλ⁵
2868 1578 3084 1632 πίνουσι
3111 1578 3173 1631 τὸ
3201 1572 3370 1649 αἷμα*
3404 1575 3638 1648 θεότητι
3668 1578 3772 1646 γὰρ

2185 1666 2306 1722 καθ’
2344 1666 2639 1722 ὑπόστασιν
2667 1669 2894 1740 ἥνωται,
2926 1669 3022 1722 καὶ
3051 1668 3144 1722 δύο
3171 1669 3363 1739 φύσεις
3391 1669 3450 1722 ὲν
3490 1667 3574 1738 τῷ
3606 1685 3771 1738 μετα-

2183 1758 2580 1830 λαμϐανομένῳ
2605 1759 2694 1829 ὑφ’
2719 1760 2877 1832 ἡμῶν
2907 1759 3121 1830 σώματι
3145 1759 3240 1813 τοῦ
3263 1759 3527 1831 Χριστοῦ,
3549 1761 3776 1831 ἠνωμὲο

2186 1868 2272 1903 ναι
2307 1850 2431 1903 καθ’
2455 1851 2750 1905 ὑπόστασίν
2780 1853 2918 1904 εἰσιν
2951 1851 3352 1915 ἀδιασπάστως.
3386 1851 3502 1905 Καὶ
3532 1851 3657 1905 τῶν
3685 1851 3788 1904 δύοι

2187 1939 2400 2010 φύσεων
2446 1942 2801 2013 μετέχωμεν,
2837 1942 2932 1996 τοῦ
2984 1942 3236 2014 σώματος
3272 1943 3641 2013 σωματικῶς,
3679 1946 3776 2012 τῆς

2187 2032 2440 2104 θεότητος
2473 2034 2886 2104 πνευματικῶς·
2920 2033 3120 2106 μᾶλλον
3161 2035 3218 2088 δὲ
3249 2036 3454 2104 ἀμφοῖν
3497 2036 3630 2088 κατ’
3664 2036 3776 2103 ἀμ’

2187 2137 2304 2191 φωο
2353 2125 2416 2174 οὐ
2466 2120 2588 2176 καθ’
2617 2123 2914 2179 ὑπόστασιν
2957 2123 3370 2194 ταυτιζόμενοιδ
3416 2124 3782 2194 ύφιστάμεθα

2187 2212 2296 2284 γὰρ
2327 2213 2564 2285 πρῶτον,
2595 2217 2690 2270 καὶ
2721 2216 2842 2270 τότε
2869 2215 3170 2287 ἑνούμεθαο
3201 2215 3337 2270 ἀλλὰ
3358 2216 3503 2269 κατὰ
3533 2217 3782 2290 {putui-
3835 2253 3846 2258 -
3871 2235 3873 2244 ι

2187 2322 2383 2386 κρασιν
2409 2307 2503 2361 τοῦ
2539 2306 2790 2379 σώματος
2836 2309 2931 2362 καὶ
2970 2309 3221 2379 αἵματος.
3257 2308 3367 2362 Καὶ
3402 2308 3524 2372 πῶς
3551 2309 3619 2360 οὗ
3657 2309 3781 2379 μεί-

2189 2395 2340 2461 ζονες
2389 2398 2654 2466 ἀγγέλων,
2684 2401 2731 2452 οἱ
2787 2400 3145 2470 φυλάττοντες
3197 2399 3285 2454 διὰ
3326 2401 3424 2471 τῆς
3479 2403 3784 2472 τηρήσεως

2185 2487 2296 2540 τῶν
2323 2486 2548 2541 ἐντολῶν
2570 2489 2668 2561 τὴν
2688 2489 2956 2560 εἰλικρινῆ
2971 2490 3192 2558 ἓνωσιν;
3214 2487 3279 2542 Ἦ
3300 2489 3398 2560 μὲν
3421 2489 3589 2558 φύσις
3619 2490 3784 2561 ἡμῶν

2189 2575 2364 2648 βραχύ
2393 2595 2445 2630 τι
2477 2579 2605 2650 παρ’
2627 2579 2891 2647 ἀγγέλους
2916 2579 3272 2650 ἡλαττωμένη
3305 2579 3394 2633 διὰ
3420 2579 3516 2632 τὸν
3543 2578 3785 2633 θάνατον

2189 2669 2284 2720 καὶ
2329 2668 2427 2738 τὴν
2466 2668 2560 2722 τοῦ
2610 2667 2856 2740 σώματος
2903 2671 3214 2742 παχύτητα,
3258 2671 3373 2726 ἀλλ’
3407 2671 3636 2744 εύδοκίᾳ
3685 2675 3784 2726 καὶ

2191 2760 2456 2831 συναφείᾳ
2493 2759 2645 2826 Θεοῦ,
2681 2761 2902 2829 γέγονεν
2930 2762 3177 2830 ἀγγέλων
3212 2762 3432 2833 μείζων.
3460 2763 3786 2832 Παρίστανο

2190 2872 2277 2907 ται
2303 2855 2411 2926 γὰρ
2439 2855 2574 2926 αὐτῇ
2613 2855 2751 2926 μετὰ
2779 2855 2945 2924 φόϐου
2978 2855 3072 2908 καὶ
3109 2855 3313 2927 τρόμου
3348 2855 3602 2922 ἄγγελοι,
3648 2856 3783 2908 καθ·

2189 2945 2366 3017 ημένῃ
2397 2945 2491 2998 ἐπὶ
2519 2945 2710 3016 θρόνου
2753 2947 2851 3016 τῆς
2896 2945 3055 3016 δόξης
3099 2945 3156 2998 ὲν
3187 2945 3434 3017 Χριστῷ,
3463 2946 3564 3000 καὶ
3600 2963 3782 3016 παρα-

2195 3037 2480 3108 στήσονται
2513 3035 2764 3107 ἔντρομοι
2795 3036 2853 3088 ἐν
2885 3038 2951 3108 τῇ
3005 3037 3218 3107 κρίσειδ
3263 3036 3781 3112 ού--ῳγκαθεύξο·θο

2187 3132 2347 3210 Ξὲίςι,
2380 3126 2499 3180 οὐδὲ
2539 3125 2786 3179 κοινωνοὶ
2813 3126 2908 3196 τῆς
2940 3125 3090 3190 θείας
3111 3127 3268 3197 δόξης
3298 3126 3403 3180 ὑπὸ
3429 3111 3782 3199 Γραφῆςῖῤ-

515 3210 715 3263 riorem
747 3209 894 3263 illam
951 3211 1166 3280 angelis
1210 3209 1460 3264 eil'ccere.
1501 3208 1765 3264 Humana:
1795 3217 2005 3264 natura).
2036 3210 2087 3264 in

2197 3208 2460 3291 ρἠθησαν.
2507 3235 2526 3270 ι
2563 3218 2688 3271 Εἰσὶ
2713 3218 2821 3288 γὰρ
2850 3218 3054 3282 πάντες
3081 3219 3428 3290 λειτουργικὰ
3460 3220 3778 3292 πνεύματα,

518 3302 662 3356 solio
695 3301 884 3369 glorim
911 3315 1009 3371 per
1032 3301 1314 3356 Christum
1367 3299 1578 3356 sedenti
1608 3301 1676 3367 ”,
1719 3315 1848 3354 eum
1895 3301 2096 3357 timore

513 3400 573 3448 et
614 3401 854 3446 tremore
899 3391 1171 3448 assistunt
1214 3391 1417 3462 angeli,
1446 3399 1502 3448 et
1545 3390 1602 3445 in
1632 3391 1846 3462 judicio
1895 3407 2094 3462 pavore

514 3483 753 3554 perculsi
779 3483 1036 3538 aderunt.
1067 3483 1362 3553 Nunquam
1403 3482 1716 3548 considere,
1753 3496 1859 3537 nec
1896 3483 2094 3539 divina:

514 3588 802 3632 consortes
853 3575 1118 3644 gloriae”
1163 3589 1287 3631 esse
1337 3589 1369 3630 a
1416 3569 1707 3644 Scriptura
1753 3573 1883 3628 dicti
1943 3582 2090 3639 sunt,

520 3685 541 3720 ι
578 3681 768 3722 omnes
789 3667 934 3722 enim
953 3673 1082 3721 sunt
1107 3666 1571 3723 administratorii
1611 3667 1864 3737 spiritus,
1901 3666 1957 3720 in
1990 3666 2095 3721 mi-

516 3761 810 3816 nisterium
855 3760 1010 3814 missi
1042 3768 1270 3830 propter
1303 3774 1402 3815 eos
1437 3758 1534 3829 qui
1580 3757 1953 3814 haereditatem
1993 3772 2094 3814 ca-

515 3853 676 3922 piunt
706 3851 902 3906 salutis
925 3851 1006 3916 “;
1046 3870 1063 3902 ι
1103 3864 1206 3906 nec
1237 3850 1383 3920 quod
1427 3862 1538 3904 una
1569 3849 1850 3920 regnaturi
1873 3849 2006 3917 sint,
2042 3859 2095 3905 et

516 3959 622 3998 una
648 3943 985 4014 glorilicandi
1005 3944 1077 4006 ’⁸,
1108 3955 1210 3996 nec
1232 3941 1455 3996 demum
1482 3941 1627 4012 quod
1656 3955 1823 4012 super
1848 3955 2092 3996 mensam

515 4033 695 4090 Palris
729 4037 840 4092 sint
873 4033 1104 4091 sessuri.
1134 4033 1297 4104 Atqui
1332 4033 1588 4089 homines
1612 4031 1792 4088 sancti
1823 4040 1952 4086 sunt
1993 4032 2084 4088 Dei

515 4127 651 4181 lilii:
687 4136 816 4180 sunt
849 4125 943 4179 iilii
997 4125 1174 4195 regni,
1209 4123 1454 4180 heredes
1499 4123 1614 4189 Dei,
1665 4131 1718 4177 et
1766 4121 2082 4179 cohaeredes

2193 3312 2270 3375 εἰς
2295 3309 2569 3363 διακονίαν
2597 3309 3036 3380 ἀποστελλόμενα
3054 3309 3142 3364 διὰ
3167 3312 3296 3375 τοὺς
3324 3311 3626 3381 μέλλοντας
3651 3313 3779 3385 κληο

2196 3402 2442 3472 ρονομεῖν
2501 3396 2810 3471 σωτηρίανο
2843 3419 2866 3452 ι
2914 3402 3024 3455 οὐδ’
3075 3401 3159 3456 ὅτι
3221 3401 3776 3473 συμϐασιλεύσουσιν,

2193 3487 2304 3542 οὐδ’
2329 3489 2411 3542 ὅτι
2446 3486 2982 3560 συνδοξασθήσονται,
3015 3489 3126 3543 οὐδ’
3153 3490 3234 3543 ὄτι
3275 3489 3370 3543 ἐπὶ
3414 3490 3518 3560 τῆς
3561 3494 3778 3563 τραπέ-

2194 3577 2292 3649 ζης
2321 3578 2414 3631 τοῦ
2445 3578 2659 3650 Πατρδς
2687 3577 3023 3637 καθίσουσιν.
3053 3580 3116 3634 Ol
3160 3579 3219 3633 δὲ
3269 3581 3434 3650 ᾰγιοι,
3469 3584 3583 3637 υίοὶ
3617 3584 3776 3651 Θεοῦ,

2193 3667 2300 3720 υἱοὶ
2348 3668 2448 3738 τῆς
2496 3665 2795 3738 βασιλείας,
2827 3668 2923 3721 καὶ
2951 3667 3275 3740 κληρονόμοι
3301 3670 3460 3738 Θεοῦ,
3495 3673 3597 3727 καὶ
3643 3691 3780 3744 συγο

2195 3757 2524 3828 κληρονόμοι
2549 3754 2808 3828 Χριστοῦ.
2829 3755 2894 3810 Tt
2904 3757 2989 3827 μῶ
3013 3754 3106 3811 οῦν
3133 3759 3263 3822 τοὺς
3289 3760 3503 3828 ἁγίους,
3535 3762 3636 3815 καὶ
3657 3779 3780 3816 συνο

2193 3849 2398 3914 δοξάζω
2412 3849 2540 3912 τοὺς
2562 3847 2802 3915 δούλους,
2829 3849 2926 3902 xui.
2953 3845 3158 3918 φίλους,
3176 3852 3272 3905 καὶ
3295 3852 3782 3925 συγκληρονόμους

2193 3937 2479 4011 Χριστοῦομ
2513 3939 2641 4002 τοὺς
2686 3938 2907 4004 δούλους
2951 3941 3015 3994 ἐκ
3063 3940 3298 4010 φύσεως,
3345 3941 3439 3997 καὶ
3475 3944 3674 4013 φίλους
3717 3948 3782 4000 ὲκ

2192 4030 2567 4101 προαιρέσεως
2590 4043 2604 4059 ·
2641 4031 2733 4083 καὶ
2781 4031 2932 4095 υἱοὺς
2976 4031 3074 4085 καὶ
3117 4031 3490 4104 κληρονόμους
3523 4037 3592 4088 ὲκ
3627 4035 3782 4100 θείας

2192 4124 2430 4194 χάριτος,
2466 4121 2542 4186 ὥς
2567 4138 2732 4192 φησιν
2753 4123 2780 4175 ό
2806 4122 3014 4194 Κύριος
3043 4123 3183 4194 πρὸς
3208 4121 3297 4177 τὸν
3325 4125 3566 4196 Πατέρα.

515 4217 716 4272 Christi
737 4217 804 4272 “.
834 4216 1198 4283 Quamobrem
1230 4226 1450 4272 sanctos
1466 4231 1718 4283 veneror,
1745 4231 2063 4290 servosque,
2100 4229 2155 4278 et
2182 4221 2413 4286 amicos,
2484 4225 2539 4276 et
2601 4217 2914 4274 cohaeredes
2987 4217 3198 4274 Christi
3240 4220 3466 4289 perinde
3509 4224 3784 4282 laudibus

516 4311 757 4376 cXtollo;
807 4325 1024 4373 servos,
1079 4310 1326 4377 inquam,
1377 4317 1612 4376 natura;
1675 4309 1882 4364 amicos
1944 4325 2098 4380 vero,
2139 4321 2364 4386 propter
2411 4311 2596 4366 liberae
2624 4309 2924 4366 voluntatis
2956 4312 3344 4382 propositum:
3418 4311 3561 4370 ﬁlios
3640 4334 3786 4390 quo-

516 4421 623 4478 que
655 4417 706 4460 et
740 4405 1006 4470 haeredes,
1045 4414 1270 4476 propter
1301 4405 1546 4459 divinam
1582 4405 1814 4475 gratiam
1856 4423 1871 4461 :
1907 4409 2368 4476 quemadmodum
2407 4409 2669 4464 Dominus
2697 4406 2914 4464 Patrem
2947 4407 3242 4479 alloquens
3277 4409 3547 4467 aiebat".

588 4499 882 4568 Postquam
919 4499 1086 4567 igitur
1120 4499 1188 4553 de
1224 4497 1459 4568 imagine
1498 4499 1670 4554 locuti
1718 4515 1932 4564 sumus,
1976 4500 2087 4570 jam

2264 4501 2524 4566 Εἰπόντες
2571 4503 2752 4555 τοίνυν
2800 4501 2931 4572 περὶ
2977 4502 3209 4568 είκόνος,
3235 4502 3474 4572 εἴπωμεν
3510 4505 3615 4557 καὶ
3653 4511 3782 4580 περὶ

447 4635 449 4637 .
519 4589 589 4647 de
641 4591 966 4644 adoratione
1020 4589 1182 4645 nobis
1229 4598 1315 4644 est
1369 4589 1702 4658 dicendum;
1745 4607 1809 4646 ac
1859 4592 2094 4662 primum

519 4681 653 4755 quid
693 4682 767 4738 sit
803 4679 1076 4736 adoratio.

723 4771 801 4826 De
825 4772 1157 4826 adoratione.
1210 4768 1479 4838 Quidnam
1509 4770 1578 4823 sit
1617 4769 1882 4823 adoratio.

587 4860 677 4918 27.
729 4863 992 4918 Adoratio
1042 4863 1228 4932 itaque
1288 4860 1656 4930 subiectionis
1706 4872 2093 4931 argumentum

521 4957 627 5018 est,
655 4950 760 5003 hoc
782 4957 890 5014 est,
922 4947 1281 5004 demissionis
1319 4956 1374 5002 et
1404 4945 1828 5004 humiliationis.
1880 4947 2096 5004 Adora-

521 5043 688 5098 tionis
719 5050 900 5096 autem
937 5040 1086 5095 modi
1123 5038 1282 5093 multi
1318 5050 1462 5094 sunt.

869 5131 1008 5198 Quot
1037 5131 1141 5187 sint
1179 5130 1510 5185 adorationis
1548 5130 1711 5186 modi.

587 5226 678 5282 28.
728 5227 948 5281 Primus
981 5224 1327 5280 adorationis
1358 5221 1556 5279 modus
1595 5222 1688 5279 ille
1715 5232 1823 5290 est,
1864 5223 1958 5294 qui
1992 5237 2089 5294 per

2189 4595 2629 4667 προσκυνήσεως,
2662 4594 2757 4647 καὶ
2783 4593 2998 4664 πρῶτον
3030 4593 3082 4645 τί
3111 4595 3227 4646 ἐστι
3267 4593 3675 4666 προσκύνησις.

2251 4769 2392 4838 Περὶ
2431 4767 2906 4837 προσκυνήσεως
2923 4783 2939 4799 ·
2978 4767 3037 4821 τί
3070 4765 3202 4822 ἐστι
3240 4769 3678 4839 προσκύνησις
3697 4792 3720 4839 ,-

2265 4857 2370 4923 κζ’.
2410 4856 2788 4928 Προσκύνησις
2843 4856 3023 4910 τοίνυν
3076 4857 3193 4909 ἐστὶ
3239 4861 3464 4929 σημεῖον
3517 4861 3783 4918 ὕποπτὼ-

2193 4968 2353 5014 σεως,
2384 4947 2681 5015 τουτέστιν,
2715 4947 3036 5010 ὑποϐάσεως
3063 4947 3157 4999 καὶ
3197 4949 3582 5012 ταπεινώσεως
3603 4968 3622 4984 ο
3654 4957 3783 5026 τρό-

2202 5058 2296 5096 ποι
2322 5041 2378 5095 δὲ
2407 5040 2830 5112 προσκυνήσεως
2857 5041 2962 5092 εἱσι
2991 5039 3253 5093 πλεῖστοι.

2498 5131 2685 5184 Πόσοι
2721 5131 2926 5197 τρόποι
2961 5130 3451 5199 προσκυνήσεως.

2264 5229 2371 5294 κη’.
2411 5222 2632 5293 Πρῶτος
2679 5221 2879 5292 τρόπος
2921 5224 3362 5294 προσκυνήσεως,
3409 5225 3438 5277 ό
3487 5227 3640 5280 κατὰ
3691 5228 3786 5282 λα-

592 5402 822 5473 ι-τξιιριπ,
856 5403 1036 5473 ",16.
1102 5401 1147 5434 "
1169 5399 1310 5473 _Vi_d.
1343 5398 1554 5473 Annot,
1583 5402 1638 5456 in
1670 5416 1792 5473 cap.
1824 5401 1891 5458 15
1926 5402 2022 5456 lib.
2059 5399 2087 5452 ι

2192 5401 2280 5473 Ede_
2301 5403 2440 5458 orth.
2481 5419 2536 5473 p.
2563 5405 2690 5459 272.
2775 5401 2822 5473 ff
2856 5399 3055 5471 Ephes.
3090 5417 3150 5466 ll,
3189 5403 3242 5473 6.
3321 5403 3368 5436 ’³
3393 5403 3436 5458 ll
3469 5403 3628 5462 Petr.
3657 5422 3700 5473 I,
3727 5408 3780 5461 L

607 5469 771 5546 liehr,
809 5489 844 5535 ι,
881 5471 1013 5546 14,Δ
1071 5473 1116 5505 ’⁸
1142 5471 1186 5526 ll
1226 5471 1369 5526 Tim.
1409 5472 1587 5538 11,12.
1675 5469 1920 5526 ⁸⁸Ὶὶοιιι.
1955 5487 2073 5536 νιιι,

2195 5488 2210 5536 ;
2259 5471 2394 5526 Luc.
2438 5469 2572 5538 xiii,
2615 5476 2732 5540 50;
2775 5469 2964 5526 Matth.
3011 5487 3131 5538 τιιι,
3177 5472 3284 5541 58;
3331 5474 3545 5530 lJoan.
3586 5469 3693 5546 ιιι,⁷
3729 5477 3778 5529 1.

521 5540 567 5570 θ’
597 5537 757 5595 Joau.
790 5558 920 5604 xvtt,
950 5542 1040 5597 22.

1911 5651 2146 5706 VARIA'J
2187 5650 2594 5709 LECTIONES.

653 5740 779 5812 Mss.
815 5743 1240 5811 συγκαθήμενοι.
1289 5742 1420 5808 Quae
1450 5743 1614 5798 lectio
1647 5743 1805 5815 longe
1840 5744 2028 5798 melior
2054 5752 2156 5800 est.
2183 5744 2322 5818 Quid
2355 5732 2483 5802 vero
2513 5746 2559 5806 si
2585 5747 2734 5816 legas
2762 5747 3322 5826 carneadesﬁim?

3125 5817 3301 5826 ᾧ..
