3904 6358
342 305 477 370 1367

1527 310 1588 370 S.
1629 308 1950 373 JOANNIS
1986 308 2417 376 DAMASCENI

3453 315 3642 380 i368

336 433 502 488 quam
542 418 676 475 deos
707 419 1037 482 adoramus,
1085 419 1228 475 sicut
1265 419 1472 476 ethnici
1515 421 1722 477 faciunt
1761 441 1774 479 :
1815 425 1913 478 ab-

2038 443 2121 481 ιεν
2145 427 2194 480 οἰ
2217 428 2418 493 πιστοὶ,
2445 426 2520 498 μὴ
2546 425 2776 494 γένοιτο,
2833 424 3022 498 ῶσπερ
3060 427 3110 480 οἰ
3129 423 3418 496 Ἕλληνες,
3447 421 3632 482 ἀλλὰ

341 505 446 566 sit!
503 513 600 569 sed
642 510 898 588 affectum
943 511 1247 578 duntaxat,
1288 521 1342 568 et
1386 513 1673 571 charitatis
1713 523 1912 570 nostra:

341 603 583 660 studium
613 589 888 660 adversus
917 618 1166 675 personze
1198 602 1253 658 in
1296 605 1533 674 imagine
1571 606 1805 676 depicta:
1850 607 1914 662 li-

341 709 532 764 guram
568 691 942 752 declaramus.
975 695 1321 766 Quapropter
1355 711 1464 752 non
1500 713 1662 765 raro,
1695 699 1912 754 oblitte-

342 793 460 839 rata
491 786 662 856 ﬁgura
683 827 698 849 ,
728 787 935 857 lignum
984 794 1249 856 tanquam
1285 787 1482 843 inutile
1510 790 1910 846 comburimus.

344 879 502 932 Sicut
534 893 664 948 ergo
695 877 866 934 Jacob
909 879 1072 933 morti
1106 879 1391 948 proximus
1425 880 1706 953 fastigium
1749 881 1914 952 virgae

341 967 543 1039 Ioseph
569 969 822 1026 adoravit
864 970 930 1035 ⁸⁸,
977 985 1088 1025 non
1133 971 1340 1042 virgam
1385 973 1558 1043 ipsam
1602 972 1910 1039 honorans,

343 1061 439 1116 sed
489 1061 643 1116 illum
690 1061 785 1132 qui
831 1076 952 1117 eam
987 1062 1280 1132 gestabat;
1327 1063 1405 1117 ita
1456 1077 1557 1118 nos
1611 1062 1914 1118 Christiani

344 1150 492 1206 haud
545 1151 652 1206 alia
711 1152 927 1207 ratione
987 1152 1259 1224 imagines
1312 1154 1655 1218 salutamus,
1722 1168 1916 1224 quem-

343 1243 634 1298 admodum
669 1243 810 1300 ﬁlios
841 1253 1208 1316 parentesque
1239 1255 1463 1301 nostros
1488 1247 1826 1308 osculamur,
1858 1255 1916 1301 ut

343 1349 440 1403 per
471 1335 585 1388 haec
629 1334 802 1389 animi
843 1336 1021 1390 nostri
1055 1335 1314 1392 allectum
1343 1335 1710 1392 insinuemus.
1751 1334 1916 1392 Velut

340 1424 562 1479 Judaius
593 1424 724 1479 olim
753 1425 889 1495 legis
923 1426 1141 1482 tabulas
1161 1467 1177 1494 ,
1204 1433 1259 1482 et
1283 1425 1393 1485 duo
1419 1424 1715 1482 Cherubim
1748 1441 1916 1482 aurea

341 1522 396 1569 et
423 1514 696 1584 seulptilia
729 1515 1022 1581 adorabat,
1052 1531 1159 1571 non
1189 1515 1422 1586 lapidis,
1449 1517 1637 1572 aurive
1665 1525 1915 1572 naturam

343 1605 611 1673 colendo,
648 1605 744 1663 sed
777 1605 1070 1663 Dominum
1104 1608 1314 1678 ipsum,
1351 1608 1443 1678 qui
1480 1622 1544 1664 ea
1578 1607 1759 1664 facere
1799 1606 1918 1678 jus-

341 1707 510 1754 serat.
531 1717 550 1750 ι

343 1913 505 1988 367
542 1917 732 1973 Sancti
771 1916 1163 1991 Chrysostomi,
1197 1919 1252 1972 in
1293 1919 1430 1985 psal.
1476 1935 1536 1975 tu
1575 1921 1632 1974 in
1665 1919 1834 1975 David
1867 1930 1918 1978 et

999 1987 1271 2042 Absalom.

419 2101 832 2172 «Imperatores
878 2103 1116 2160 ducibus
1152 2107 1290 2174 suis,
1329 2121 1566 2178 quorum
1597 2121 1700 2176 ope
1739 2107 1918 2164 victo-

345 2193 425 2248 ria
456 2201 616 2262 parta
643 2202 751 2261 est,
787 2195 1155 2265 triumphales
1185 2206 1403 2254 statuas
1435 2198 1694 2268 erigunt;
1744 2213 1918 2269 quos-

343 2287 467 2338 dam
501 2287 631 2341 item
667 2287 862 2343 titulos
913 2288 1157 2343 victoria:
1193 2288 1505 2361 insignibus
1534 2297 1786 2358 ornatos,
1817 2306 1920 2346 au-

343 2377 480 2447 rigis
547 2379 880 2450 athletisque
948 2381 1234 2450 principes
1296 2381 1542 2450 erigunt;
1620 2381 1920 2453 additaque

345 2467 707 2537 inscriptione
742 2462 909 2523 veluti
964 2477 1256 2525 stemmate
1307 2471 1570 2540 quodam,
1624 2473 1919 2529 materiam

345 2560 590 2615 victoriae
651 2575 963 2630 praeconem
1006 2561 1274 2618 reddunt.
1325 2565 1436 2618 Alii
1483 2580 1708 2620 rursum
1758 2565 1918 2622 libris

343 2659 399 2704 ct
444 2651 644 2708 litteris
689 2653 963 2708 victorum
1018 2653 1210 2709 laudes
1262 2653 1624 2723 describunt;
1661 2656 1766 2712 hoc
1800 2671 1918 2712 am-

345 2743 580 2808 bientes,
646 2752 706 2798 ut
760 2759 918 2800 suam
971 2746 1026 2799 in
1059 2746 1292 2800 dicendo
1339 2747 1472 2814 vim,
1533 2762 1724 2803 eorum
1778 2762 1918 2819 quos

346 2834 574 2889 laudant
630 2834 960 2890 fortitudine
1013 2837 1358 2906 superiorem
1419 2853 1543 2894 esse
1601 2839 1916 2895 ostendant.

344 2925 522 2995 Atque
596 2928 920 2997 scriptores,
992 2929 1261 2999 pictores,
1337 2932 1616 2996 statuarii,
1707 2932 1917 3002 populi,

347 3017 653 3087 principes,
720 3019 977 3075 civitates
1029 3028 1082 3075 et
1145 3021 1423 3092 regiones,
1488 3022 1731 3078 victores
1788 3036 1920 3077 suos

2013 519 2115 591 τὴν
2142 519 2328 598 σχέσιν
2361 519 2543 590 μόνον,
2575 517 2672 571 καὶ
2695 518 2787 571 τὸν
2827 517 2995 572 πόθον
3029 517 3127 589 τῆς
3171 518 3330 589 ἡμῶν
3358 518 3630 587 ἀγάπης.
3657 535 3698 542 -,
3719 541 3734 546 _
3765 532 3808 540 _-

2015 611 2152 682 πρὸς
2175 612 2266 664 τὸν
2293 611 2623 684 χαρακτῆρα
2651 609 2746 664 τοῦ
2783 608 3078 680 προσώπου
3104 609 3206 680 τῆς
3232 611 3444 674 εἰκόνος
3485 611 3626 681 ὲμ-
3701 610 3704 612 ⁷

2015 700 2353 770 φανίζοντες.
2377 702 2541 756 Ὅθεν
2599 701 2860 765 πολλάκις
2891 700 2986 754 τοῦ
3025 701 3374 772 χαρακτῆρος
3427 701 3624 756 λεαν-

2038 794 2216 860 ιέντος,
2239 795 2314 859 ῶς
2339 795 2694 876 enemies}:
2723 795 2892 867 ἀργὸν
2915 795 3014 866 τήν
3041 811 3174 848 ποτε
3213 795 3400 850 εἰκόνα
3425 813 3620 850 κατα-
3659 811 3662 815 '
3695 811 3734 830 π’
3841 805 3843 808 ‘

2015 887 2264 960 καίομεν.
2307 889 2519 958 Ὥσπερ
2541 883 2632 942 οὖν
2656 889 2685 940 ό
2717 887 2912 941 Ἰακὼϐ
2947 887 3160 959 μέλλων
3190 887 3474 958 τελευτᾷν,
3497 888 3650 960 ﬁeri;
3747 893 3766 908 "

2014 981 2074 1033 τὸ
2105 979 2274 1050 ἄκρον
2295 982 2395 1051 τῆς
2423 979 2620 1051 ῥάϐδου
2653 979 2750 1033 τοῦ
2797 977 2996 1051 Ἰωσὴφ
3047 979 3482 1052 προσεκύνησεν,
3515 979 3604 1052 ρῦ

2015 1071 2112 1143 τῂν
2133 1070 2329 1142 ῥάϐδον
2348 1071 2544 1142 τιμῶν,
2608 1069 2746 1125 ἀλλά
2771 1069 2862 1124 τὸν
2891 1069 3099 1141 ταύτην
3136 1070 3462 1142 κατέχοντα,
3501 1069 3606 1125 οὓ-

2013 1181 2123 1228 τως
2159 1166 2209 1218 οἰ
2231 1164 2435 1230 πιστοὶ,
2455 1165 2516 1217 οὐ
2545 1164 2613 1218 δι’
2641 1164 2829 1235 ἕτερόν
2861 1180 2984 1216 τινα
3006 1163 3207 1235 τρόπον
3246 1164 3348 1228 τὰς
3372 1162 3607 1225 εἰκόνας

2015 1254 2392 1324 ἀσπαζόμεθα,
2421 1254 2611 1325 ῶσπερ
2630 1255 2724 1308 καὶ
2748 1253 2818 1310 τά
2849 1253 3015 1306 τέκνα
3040 1253 3196 1324 ήμῶν
3227 1254 3318 1307 καὶ
3341 1253 3607 1324 πατέρας

2015 1345 2276 1410 πολλάκις
2302 1345 2748 1416 καταφιλοῦντες,
2768 1345 2881 1399 ἀλλ’
2907 1345 2994 1398 ἵνα
3021 1343 3113 1398 τὸν
3125 1343 3287 1402 πόθον
3314 1344 3418 1414 τῆς
3449 1345 3604 1414 ήμε-

2015 1439 2182 1510 τέρας
2212 1438 2393 1509 ψυχῆς
2438 1436 2852 1509 ἐμφανίσωμεν.
2897 1436 3108 1505 Ὠσπερ
3133 1433 3240 1506 γὰρ
3264 1435 3360 1488 καὶ
3387 1435 3418 1487 ό
3459 1436 3606 1489 Ὶουτ

2016 1531 2183 1599 δαῖος,
2207 1531 2306 1595 τὰς
2331 1530 2424 1584 τοῦ
2456 1531 2624 1602 νόμου
2683 1528 2916 1592 πλάκας,
2950 1527 3044 1582 καὶ
3079 1525 3150 1580 τά
3175 1525 3269 1580 δύο
3305 1524 3604 1596 Χερουϐὶμ

2017 1623 2084 1678 τὰ
2104 1623 2279 1695 χρυσᾶ
2312 1623 2407 1677 καὶ
2433 1621 2650 1691 γλυπτά
2683 1623 3025 1693 προσεκύνει,
3058 1619 3120 1673 οὔ
3149 1617 3323 1688 τιμῶν
3346 1618 3449 1690 τὴν
3496 1617 3601 1670 τοῦ

1949 1767 1991 1820 Β
2019 1713 2168 1766 λίθου
2190 1712 2284 1767 καὶ
2303 1713 2527 1786 χρυσίου
2545 1711 2726 1782 φύσιν,
2753 1709 2890 1764 ἀλλὰ
2912 1709 3004 1763 τὸν
3022 1707 3198 1762 ταῦτα
3219 1706 3608 1779 ἐπιτρέψαντα

2017 1805 2245 1877 Κύριον.
2279 1823 2299 1857 ι

2024 1915 2136 1972 Τοῦ
2164 1916 2338 1986 ἁγίου
2365 1917 2822 1989 Χρυσοοτζόμοῦ.
2845 1917 2940 1989 ,εἰς
2963 1917 3070 1972 τὸν
3091 1927 3292 1989 τριτον
3315 1916 3600 1989 ψαλμὸν,

2366 1983 2454 2053 εἰς
2485 1983 2663 2040 Δαϐὶδ
2684 1983 2802 2040 ’καὶ
2843 1983 3248 2058 Ἀϐεσσαλώμ.

2095 2121 2114 2153 ι
2178 2100 2510 2164 Ἐπινικίους
2561 2100 2658 2172 μὲν
2707 2100 3037 2172 ἀνδρίαντας
3089 2101 3142 2154 οἰ
3182 2099 3421 2172 βασιλεῖς
3475 2104 3604 2168 τοῖς

2021 2194 2350 2264 στρατηγοῖς
2406 2192 2694 2263 νικήσασιν
2753 2191 3070 2246 ἀνατιθέασι
3094 2208 3110 2223 ’
3167 2192 3500 2264 νικηφόρους
3535 2194 3602 2248 δέ

2017 2302 2171 2348 τινας
2205 2284 2409 2356 στήλας
2454 2282 2834 2354 ἑπεγείρουσιν
2891 2281 3154 2354 ἄρχοντες
3203 2283 3437 2354 ἡνιόχοις
3496 2285 3602 2339 καὶ

2019 2375 2318 2447 ἀθληταῖς,
2394 2375 2492 2429 καὶ
2561 2375 2640 2446 τῷ
2707 2375 3128 2446 ἐπιγράμματι,
3181 2375 3258 2440 ὡς
3289 2376 3598 2446 στέμματι,

2020 2469 2243 2540 κήρυκα
2286 2468 2390 2538 τῆς
2453 2467 2612 2538 νίκης
2669 2467 2768 2538 τὴν
2827 2463 2962 2538 ὕλην
3017 2468 3366 2538 ἐργάζονται.
3405 2469 3600 2522 ’Δλλοι
3675 2495 3686 2522 ο.

2022 2559 2182 2614 πάλιν
2215 2559 2274 2614 ἐν
2305 2558 2510 2630 βίϐλοις
2549 2560 2644 2613 καὶ
2674 2560 2968 2630 γράμμασι
3008 2559 3136 2623 τοὺς
3183 2559 3436 2623 ἐπαίνους
3475 2562 3600 2624 τοῖς

2019 2653 2268 2722 νικηταῖς
2300 2650 2596 2722 γράφουσι,
2626 2650 2726 2722 τὴν
2764 2650 2946 2705 αὐτῶν
2983 2652 3043 2704 έν
3073 2650 3153 2722 τῷ
3186 2650 3396 2722 ἐπαίνῳ
3423 2651 3595 2705 δύνα-

2010 2756 2139 2813 μιν,
2168 2741 2522 2813 ἰσχυροτέραν
2547 2740 2658 2795 τῶν
2685 2741 3097 2812 ἐπαινουμένων
3125 2741 3295 2808 δεῖξαι
3320 2741 3592 2804 θέλοντες.

2021 2833 2132 2886 Καὶ
2164 2831 2530 2903 λογογράφοι,
2573 2833 2669 2886 καὶ
2715 2831 3032 2903 ζωγράφοι,
3079 2831 3176 2885 καὶ
3209 2831 3592 2900 λιθογλύπται,

2021 2925 2118 2979 καὶ
2149 2925 2348 2996 δῆμοι,
2389 2925 2485 2979 καὶ
2515 2924 2774 2995 ἄρχοντες
2799 2965 2813 2989 ,
2851 2924 2946 2978 καὶ
2980 2925 3163 2988 πόλεις
3186 2963 3202 2988 ,
3255 2923 3349 2978 καὶ
3391 2924 3598 2994 χῶραι,

2022 3017 2151 3081 τοὺς
2193 3016 2424 3087 νικητὰς
2481 3015 2875 3086 θαυμάζουσιν.
2926 3015 3116 3079 Οὐδεὶς
3160 3015 3220 3068 δὲ
3271 3015 3598 3085 φεύγοντος,

345 3108 713 3163 admiratione
759 3109 956 3181 dignos
1018 3110 1250 3166 habent.
1303 3109 1592 3182 Fugientis
1632 3128 1786 3175 vero,
1819 3119 1916 3168 aut

2038 3111 2115 3164 ιαὶ
2148 3108 2224 3182 μὴ
2253 3109 2687 3181 πολεμήσαντος,
2727 3108 2945 3172 εἰκόνας
2972 3107 3234 3180 ἔγραψεν.
3273 3127 3292 3160 ι

348 3213 582 3269 pugnam
657 3199 1020 3257 detrectantis
1098 3215 1261 3258 nemo
1334 3217 1575 3273 unquam
1645 3202 1918 3274 imagines

346 3291 549 3360 pinxit.
586 3309 605 3342 ι

348 3402 540 3458 Sancti
570 3403 766 3474 Cyrilli
801 3405 1140 3462 Alexandria:
1185 3407 1586 3475 archiepiscopi,
1613 3423 1678 3462 ea:
1711 3408 1920 3464 allocu-

594 3475 735 3528 tione
784 3475 853 3528 ad
889 3476 1240 3531 Theodosium
1283 3479 1674 3548 imperatorem.

422 3583 754 3657 «Imagines
801 3596 981 3641 autem
1033 3588 1444 3658 exemplaribus
1495 3589 1811 3661 archctypis
1844 3590 1922 3646 si-

352 3678 508 3734 miles
546 3685 698 3734 sunt.
740 3677 970 3749 Oportet
1015 3677 1164 3735 enim
1214 3687 1273 3734 ut
1323 3680 1451 3747 hoc,
1493 3695 1594 3737 nec
1619 3681 1729 3738 alio
1760 3681 1924 3737 modo

349 3778 409 3822 se
437 3767 698 3827 habeant.
738 3788 758 3822 ι

770 3859 1048 3932 Ejusdem,
1079 3877 1143 3916 ea:
1192 3861 1502 3919 Thesauris.

424 3970 444 4001 ‹
478 3949 751 4022 Imagines
782 3955 932 4010 enim
988 3953 1203 4010 afﬁnem
1236 3969 1455 4025 semper
1482 3953 1551 4010 ad
1583 3953 1922 4025 exemplaria

352 4041 774 4100 similitudinem
817 4053 1063 4102 servant.
1102 4064 1122 4098 ι

352 4152 633 4230 Ejusdem,
665 4173 730 4211 ea:
761 4158 917 4230 libro,
958 4177 979 4230 ι
1011 4157 1168 4224 Quod
1205 4159 1258 4212 in
1300 4158 1541 4230 omnibus
1598 4159 1802 4230 Moysis
1840 4176 1927 4230 vro—

423 4227 710 4299 luminibus
766 4227 966 4299 Christi
1031 4230 1344 4299 mysterium
1395 4227 1740 4299 designatur;
1782 4249 1800 4282 ι
1848 4229 1928 4284 De

426 4295 694 4351 Abraham
723 4307 774 4350 et
803 4295 1211 4365 Melchisedech,
1238 4314 1364 4369 cap.
1397 4296 1452 4353 6.
1492 4317 1511 4350 ι

2026 3401 2136 3458 Τοῦ
2158 3402 2330 3472 ἁγίου
2349 3401 2654 3472 Κυριλλου
2680 3397 3250 3472 Ἀλεξανδρείας-,ἐκ
3264 3396 3379 3472 τοῦ
3405 3411 3604 3466 προσ-ο

2123 3468 2466 3544 φωνητικοῦ
2505 3470 2656 3539 πρὸς
2706 3471 2814 3524 τὸν
2841 3469 3109 3535 βασιλέα
3141 3468 3484 3523 Θεοδόσιον.

2098 3605 2116 3638 ι
2155 3586 2221 3638 Αἰ
2271 3583 2329 3638 δὲ
2372 3584 2612 3650 εἰκόνες,
2657 3583 2849 3655 ῶσπερ
2896 3582 2991 3636 καὶ
3036 3581 3106 3635 τὰ
3151 3580 3474 3652 ἀρχέτυπα⁹
3514 3579 3608 3635 δεῖ
3675 3598 3678 3600 ⁷

2023 3677 2130 3748 γὰρ
2158 3677 2332 3741 οὓτως
2358 3675 2550 3741 αὐτὰς,
2577 3675 2670 3730 καὶ
2697 3675 2797 3746 οὐχ
2830 3674 3032 3745 ἑτέρως
3059 3671 3224 3744 ἔχειν.
3263 3691 3284 3725 ι

2299 3852 2414 3907 Τοῦ
2450 3850 2659 3916 αὑτοῦ,
2699 3851 2769 3904 ἐκ
2808 3849 2930 3904 τῶν
2971 3845 3324 3917 Θησαυρῶν.

2100 3965 2120 3998 ‹
2160 3945 2227 3998 Αἰ
2258 3944 2366 4016 γὰρ
2395 3943 2604 4007 εἰκόνες
2633 3943 2720 3998 ἀεὶ
2754 3942 2892 4013 πρὸς
2929 3941 3001 3996 τὰ
3036 3941 3321 4012 ἀρχέτυπα
3351 3937 3454 4010 τὴν
3492 3937 3607 4009 ep.

2025 4037 2091 4106 φέ
2100 4053 2250 4109 ρειαν
2281 4035 2519 4106 ἔχουσιν.
2559 4053 2579 4088 ι

2033 4149 2144 4203 Τοῦ
2168 4147 2414 4222 ἀύτοῦ,
2454 4147 2542 4222 ἐκέ
2563 4137 3070 4222 τοῦρπονήματρς
3095 4142 3203 4222 τοῦ
3224 4181 3240 4208 ,
3278 4160 3307 4222 ε
3345 4141 3465 4222 ξρτι
3499 4141 3610 4222 διρ

2097 4217 2304 4284 πάσης
2337 4215 2448 4284 τῆς
2490 4216 2785 4281 Μωῦσέως
2825 4211 3061 4284 γραφῆς
3097 4213 3165 4284 τό
3200 4211 3309 4284 τοῦ
3340 4211 3610 4284 Χριστοῦ

2093 4281 2436 4358 μυσέῆριρξ
2479 4281 2983 4358 ἐνσημαίνεται]
3016 4282 3160 4351 Περί
3190 4281 3298 4337 τοῦ
3344 4281 3608 4351 Ἀϐραὰμ

2097 4354 2197 4411 καὶ
2225 4357 2332 4411 τοῦ
2363 4354 2762 4426 Μελχισεδὲκ,
2799 4371 2934 4424 κεφ.
2969 4360 3044 4419 ς’.

430 4497 445 4526 ι
479 4473 718 4530 Omnino
779 4477 1153 4532 necessarium
1218 4486 1324 4542 est,
1385 4485 1446 4530 ut
1492 4492 1558 4532 ex
1608 4477 1919 4549 archetypis

2102 4491 2120 4522 ι
2151 4469 2280 4524 Δεόν
2313 4487 2405 4542 μοι
2435 4470 2536 4534 τὰς
2564 4468 2780 4534 εἰκόνας
2815 4467 3128 4540 γράφεσθαι
3169 4464 3305 4537 πρὸς
3329 4463 3394 4518 τὰ
3428 4462 3610 4535 ἀρχέ-

355 4569 653 4637 pingantur
689 4567 982 4638 imagines.
1017 4587 1034 4619 ι

356 4677 542 4734 Sancti
593 4678 832 4750 Gregorii
883 4679 1242 4744 Nazianzem‘,
1288 4696 1354 4735 ex
1406 4680 1645 4736 oratione
1695 4680 1929 4736 secunda

999 4752 1062 4804 de
1094 4751 1258 4804 Filio.

430 4859 446 4889 ι
478 4838 555 4892 Ea
610 4840 812 4911 quippe
857 4849 942 4897 est
998 4842 1260 4912 imaginis
1308 4850 1532 4910 natura,
1575 4852 1636 4899 ut
1680 4844 1929 4900 imitetur

354 4930 658 5000 exemplar,
697 4933 858 5003 cujus
891 4949 1018 4988 esse
1048 4933 1273 4987 dicitur.
1312 4953 1330 4985 ι

356 5021 740 5093 Chrysostomi,
814 5039 879 5079 ea:
929 5025 1150 5096 homilia
1203 5025 1359 5078 tertia
1412 5025 1468 5080 in
1500 5025 1793 5096 Epistolam
1850 5029 1920 5084 ad

950 5094 990 5149 C
996 5094 1194 5149 olossen
1203 5111 1304 5149 ses.

431 5203 450 5236 ι
483 5186 608 5255 ipsa
638 5200 860 5256 quoque
911 5185 1212 5242 invisibilis
1267 5186 1344 5242 rei
1379 5188 1579 5259 imago,
1620 5189 1922 5246 invisibilis

356 5285 480 5329 est:
541 5276 787 5348 alioquin
841 5277 1020 5347 imago
1057 5293 1166 5332 non
1227 5288 1398 5335 esset.
1447 5280 1743 5352 Imaginem
1777 5282 1925 5337 enim

355 5382 464 5441 qua
498 5366 678 5440 imago
707 5375 814 5446 est,
863 5369 1032 5447 etiam
1094 5371 1240 5439 apud
1294 5386 1418 5436 nos,
1469 5372 1619 5427 nulla
1659 5373 1944 5429 varietate.

359 5459 598 5514 similem
651 5476 776 5515 esse
825 5469 1066 5530 oportet,
1125 5469 1185 5517 ut
1234 5479 1354 5534 quae
1411 5463 1796 5522 similitudinis
1829 5477 1927 5521 ex-

356 5563 548 5621 pressa
579 5550 748 5622 ﬁgura
767 5552 858 5606 sit.
887 5572 904 5605 ι

423 5725 469 5761 ⁴⁸
503 5730 641 5796 Gen.
674 5743 863 5797 xum,
886 5731 951 5785 15
983 5751 993 5787 :
1025 5729 1190 5786 Hebr.
1223 5746 1296 5797 xi,
1325 5729 1410 5789 21.

2024 4579 2190 4618 τυπα,
2227 4580 2246 4613 ι

2101 4676 2212 4732 Τοῦ
2240 4675 2415 4747 ἁγίου
2437 4677 2488 4731 Γ
2482 4677 2769 4747 ρηγορίου
2796 4672 3140 4747 Ναζὶακζοῦ,
3165 4672 3235 4726 ἐκ
3257 4671 3364 4726 τοῦ
3392 4670 3528 4741 περὶ

2589 4746 2726 4800 Υἱοῦ
2751 4747 2937 4814 λόγου
2959 4746 3042 4810 β’.

2104 4861 2122 4894 ι
2162 4840 2314 4912 Αὕτη
2348 4839 2459 4909 γὰρ
2486 4838 2693 4902 εἰκόνος
2730 4838 2916 4907 φύσις,
2949 4837 3179 4908 μίμημα
3201 4832 3345 4890 εἰναι
3373 4831 3470 4887 τοῦ
3496 4833 3612 4904 ἀρ-

2029 4935 2292 5006 χετύπου,
2333 4933 2428 4986 καὶ
2455 4925 2516 4986 οὗ
2541 4931 2782 5000 λέγεται.
2821 4950 2842 4986 ι

2107 5027 2218 5084 Τοῦ
2240 5025 2698 5149 Χρυσοστόμὲἓ),
2733 5025 2801 5079 ἐκ
2835 5024 2942 5147 coli;
2975 5021 3127 5091 πρὸς
3158 5018 3532 5085 Κολοσσαεῒς

2675 5112 2781 5149 νου
2817 5111 2885 5149 το
2914 5111 3041 5147 του.

2675 5112 2781 5164 γου
2817 5111 2904 5163 τρι
2914 5111 3041 5147 του.

2107 5209 2128 5244 r
2173 5191 2237 5243 Ἦ
2264 5189 2367 5258 τοῦ¹
2398 5189 2634 5259 ἀοράτου
2662 5185 2850 5249 εἰκὼν,
2893 5184 2989 5238 καὶ
3025 5181 3164 5253 αὕτη
3197 5182 3444 5254 ἀόρατος,
3478 5179 3614 5231 ἐπεὶ

2031 5283 2143 5339 οὐδ’
2192 5283 2259 5336 ἂν
2311 5280 2474 5336 εἰκὼν
2505 5282 2612 5350 εἰη.
2657 5279 2768 5350 Τὴν
2804 5277 2916 5348 γὰρ
2949 5277 3137 5330 εἰκόνα
3163 5317 3178 5341 ,
3222 5272 3616 5348 καθώς-ἑστιν

2033 5377 2216 5441 εἰκὼν,
2249 5377 2342 5430 καὶ
2371 5377 2499 5448 παρ’
2531 5375 2664 5446 ἡμῖν
2700 5371 3134 5442 ἀπαράλλακτον
3177 5369 3261 5424 δεῖ
3285 5363 3454 5433 εἶναι,
3487 5359 3614 5420 οἷον
3647 5399 3650 5406 -
3695 5391 3734 5414 ε.
3841 5401 3843 5416 ς

2034 5453 2124 5524 τὸν
2155 5469 2480 5541 χαρακτῆρα
2507 5467 2606 5537 τῆς
2644 5464 2979 5535 ὁμοιώσεως.
3013 5484 3032 5516 ι
