3904 6358
569 389 706 456 1371

1751 382 1811 443 S.
1852 376 2171 443 IOANNIS
2193 374 2621 438 DAMASCENI

3701 369 3844 436 1372

563 505 690 566 cha,
727 500 784 554 in
809 495 960 567 regia
998 492 1414 551 Tracbonitidis
1445 491 1710 562 regionis,
1746 490 1802 545 in
1838 489 1978 545 urbe
2011 502 2132 558 qua:

2242 485 2262 536 ὦ
2286 484 2569 556 τοπάρχης
2615 483 2698 550 είς
2728 481 2788 553 τὸ
2813 481 3102 556 βασίλειον
3129 483 3231 556 τῆς
3259 483 3692 557 Τραχωνίτιδος
3735 487 3840 559 χῶ-

563 593 799 646 Sebaste
847 587 1075 652 dicitur,
1111 584 1449 656 amputavit,
1499 590 1696 639 octavo
1755 581 1876 637 Kal.
1913 581 2130 646 lunias,

563 682 767 737 Flacco
799 686 855 736 et
901 678 1118 734 Rumno
1172 691 1320 733 coss.
1372 675 1434 730 ιιι
1472 689 1616 746 mgre
1667 673 1846 730 ferens
1883 671 2134 728 llerodes

561 789 682 838 rex,
737 771 981 841 Philippi
1030 768 1199 832 (ilius,
1237 782 1269 822 e
1313 763 1502 821 Iudaea
1542 777 1834 835 regressus
1862 769 1969 819 est.
2003 761 2132 816 Sta-

563 863 775 931 timque
801 859 869 914 ad
903 873 1030 914 eum
1067 855 1304 913 accessit
1335 853 1536 908 mulier
1575 851 1826 922 quedam
1857 850 2134 921 locuples,

562 952 794 1007 nomine
839 949 1126 1013 Berenice,
1159 962 1281 1018 qua:
1332 945 1477 1002 idem
1523 943 1782 1015 oppidum
1824 942 2134 999 Paneadem

563 1041 867 1096 incolebat.
905 1039 1052 1104 llaec,
1090 1039 1352 1110 quoniam
1383 1053 1413 1091 a
1449 1035 1578 1092 Jcsu
1624 1043 1817 1091 sanata
1853 1042 1994 1098 erat,
2023 1043 2135 1089 sta-

562 1144 715 1187 tuam
758 1132 864 1202 ipsi
902 1131 1116 1202 erigere
1145 1128 1397 1201 cupiens,
1428 1143 1529 1184 nec
1561 1127 1680 1184 sine
1725 1126 1874 1196 regis
1901 1125 2136 1197 permis-

564 1225 726 1279 sione
763 1222 819 1277 id
863 1236 998 1277 ausa
1051 1219 1338 1291 perlicere,
1399 1217 1599 1275 Herodi
1662 1218 1777 1290 regi
1831 1216 2135 1288 supplicem

562 1314 770 1369 obtulit
823 1313 1090 1378 libellum,
1141 1326 1342 1382 rogans
1376 1318 1439 1366 ut
1492 1311 1685 1366 liceret
1740 1308 1846 1365 sibi
1909 1309 1963 1363 in
1999 1307 2137 1365 urbe

565 1420 668 1460 sua
729 1403 956 1460 Christo
1011 1403 1283 1458 Salvatori
1333 1408 1582 1456 auratam
1640 1406 1880 1458 statuam
1928 1399 2134 1456 dicare.

563 1497 812 1554 Libellus
855 1509 1022 1565 porro
1078 1493 1399 1564 hujusmodi
1460 1501 1616 1548 erat:
1679 1509 1699 1543 ι
1729 1491 1980 1561 Augusto
2028 1487 2138 1545 lle-

570 1607 587 1639 r
638 1587 778 1652 rodi,
806 1585 1099 1657 toparcba),
1127 1591 1183 1639 et
1201 1583 1376 1655 legum
1397 1579 1909 1657 datoriludaorum
1932 1580 2139 1636 Graeco-

569 1698 587 1729 ‹
639 1652 890 1746 rumque,
929 1675 1043 1746 regi
1078 1652 1515 1740 Trachoniti'dis,
1557 1671 1870 1736 Berenices,
1902 1671 2139 1726 honora-

567 1787 586 1818 ι
637 1767 765 1825 bilis
787 1765 1054 1822 Paneadis
1085 1766 1304 1828 incolae,
1340 1764 1528 1834 petitio
1546 1763 1775 1833 supplex
1808 1770 1862 1817 et
1883 1762 2135 1818 obsecra-

571 1877 588 1909 ι
637 1861 735 1914 tio.
756 1857 978 1915 Justitia
993 1866 1048 1914 et
1067 1857 1401 1919 humanitas,
1424 1862 1748 1924 creteraeque
1766 1853 1998 1910 virtutes
2016 1868 2136 1908 ver-

568 1968 586 2000 ι
636 1949 798 2004 tieem
829 1957 1077 2004 vestrum
1113 1948 1288 2004 instar
1311 1961 1535 2002 coronae
1567 1945 1816 2015 cingunt.
1850 1943 2007 2010 Quod
2036 1957 2136 2014 ego

569 2059 587 2091 ρ
639 2040 962 2116 neutiquam
991 2041 1274 2111 ignorans,
1298 2040 1442 2096 bona
1470 2054 1567 2110 spe
1587 2039 1772 2094 omnia
1791 2052 2138 2108 consequen-

570 2150 588 2183 ι
635 2132 690 2188 di
720 2139 1010 2202 concepta,
1042 2131 1142 2186 tibi
1187 2132 1427 2187 scribo.)
1467 2129 1598 2197 Quae
1623 2146 1789 2201 porro
1823 2131 1896 2188 sit
1924 2129 2137 2186 exordii

566 2221 731 2291 hujus
781 2222 953 2303 ratio,
981 2222 1258 2278 sermonis
1293 2221 1468 2278 series
1496 2221 1820 2276 declarabit.
1869 2237 1888 2272 ι
1935 2220 2074 2276 Cum
2106 2234 2138 2274 a

568 2329 588 2364 ι
637 2297 987 2384 prima—aetate
1009 2312 1298 2384 sanguinis
1315 2311 1467 2368 ﬂuxu
1488 2311 1826 2376 laborarem,
1841 2312 1992 2368 omni
2015 2313 2140 2368 vita:

565 2423 588 2456 ι
633 2405 943 2461 substantia
971 2404 1445 2475 facultatibusque
1493 2405 1632 2460 meis
1661 2405 1717 2458 in
1748 2405 1995 2461 medicos
2041 2419 2137 2460 ex-

567 2517 585 2549 c
636 2499 878 2564 haustis,
911 2499 1180 2554 medelam
1213 2497 1423 2552 nullam
1456 2505 1621 2552 nacta
1641 2511 1789 2553 sum.
1819 2495 1921 2553 Ubi
1954 2505 2136 2553 autem

568 2609 586 2641 ι
633 2590 819 2660 accepi
849 2590 1196 2646 admirabilis
1230 2588 1442 2645 Christi
1483 2589 1820 2655 curationes,
1857 2589 1950 2660 qui
1985 2603 2139 2644 mor-

569 2699 588 2732 σ
635 2689 760 2736 tuos
786 2679 856 2734 ad
889 2681 1068 2735 lucem
1094 2693 1365 2735 revocans
1403 2679 1724 2744 suscitaret,
1756 2678 2034 2735 daemones
2072 2693 2136 2733 ex

564 2790 585 2823 ι
635 2772 944 2827 mortalium
971 2773 1298 2842 corporibus
1327 2773 1571 2842 ejiceret,
1609 2787 1912 2842 omnesque
1949 2770 2138 2828 confc-

568 2884 584 2915 ι
634 2869 755 2918 ctos
778 2862 986 2918 morbis
1037 2862 1207 2917 verbo
1261 2871 1517 2928 sanaret,
1563 2861 1634 2918 ad
1687 2876 1812 2916 eum
1866 2861 2018 2916 velut
2069 2860 2136 2914 ad

563 2973 584 3004 ‹
636 2953 805 3009 Deum
824 2953 957 3009 conf
959 2971 988 3008 υ
998 2952 1073 3024 gi.
1088 2953 1290 3008 Verum
1309 2951 1664 3006 considerata
1682 2950 2034 3004 multitudine
2048 2965 2139 3004 eo-

567 3061 587 3093 ε
633 3057 755 3096 rum
779 3043 870 3113 qui
900 3043 1052 3097 illum
1079 3043 1383 3112 cingerent,
1405 3049 1659 3094 metuens
1700 3055 1769 3094 ne
1790 3038 1963 3094 morbi
1987 3054 2140 3109 spur-

2240 595 2361 648 ρας,
2389 578 2449 632 ἐν
2475 577 2718 649 Σεϐαστῇ
2749 579 2814 648 τῇ
2841 576 3020 640 πόλει,
3052 577 3162 649 πρὸ
3180 576 3328 631 ὀκτὼ
3351 576 3673 634 Καλανδῶν
3698 581 3834 634 ἰω-

2236 671 2366 724 νίων
2391 709 2407 736 ,
2452 669 2512 722 ἐν
2559 669 2793 751 ὑπατεία
2833 670 3159 734 Φλάκκωνος
3207 668 3304 722 καὶ
3349 669 3682 740 Ῥουφίνου.
3741 673 3833 726 Διά

2233 759 2396 814 τοῦτο
2431 759 2770 831 λυπούμενος
2793 760 2823 813 ό
2859 757 3108 833 Ἦρὼδης
3137 761 3166 814 ό
3203 758 3458 830 βασιλεὺς
3483 761 3516 814 ὀ
3541 760 3831 816 Φιλίππου

2235 850 2471 920 ἀνῆλθεν
2517 851 2628 906 ἀπὺ
2672 851 2774 922 τῆς
2821 849 3084 914 Ἰουδαίας
3110 891 3127 918 ,
3180 850 3277 905 καὶ
3318 851 3642 922 προσῆλθεν
3685 854 3828 924 αὐτῷ

2235 944 2374 1015 γυνή
2429 960 2515 1008 τις
2567 942 2804 1014 εὔπορος
2830 981 2848 1007 ,
2904 942 3135 998 οἰκοῦσα
3180 943 3281 1014 τὴν
3329 942 3506 1016 αὐτὴν
3563 945 3827 1001 Πανεάδα

2236 1035 2414 1102 πόλιν,
2447 1033 2675 1104 ὀνόματι
2705 1033 2964 1104 Βερνίκη,
2997 1031 3326 1104 βουλομένη,
3349 1032 3427 1097 ὡς
3459 1033 3699 1089 ίαθεῖσα
3729 1036 3826 1088 ὑπὸ

2236 1123 2329 1178 τοῦ
2371 1123 2549 1192 Ἰησοῦ
2571 1162 2588 1190 ,
2619 1122 2824 1194 στήλην
2864 1121 3017 1192 αὐτῷ
3065 1121 3373 1192 ἀναστῆσαι
3396 1137 3412 1152 ο
3455 1122 3557 1177 καὶ
3591 1123 3678 1193 μὴ
3713 1125 3823 1177 τολ-

2241 1218 2392 1288 μᾶσα
2446 1215 2568 1287 δίχα
2625 1213 2914 1286 βασιλικῆς
2975 1212 3278 1277 κελεύσεως
3350 1213 3514 1270 τοῦτο
3567 1216 3818 1285 ποιῆσαι,

2243 1308 2431 1380 δέησιν
2492 1305 2696 1361 δέδωκε
2721 1304 2799 1376 τῷ
2829 1303 3041 1374 βασιλεί
3077 1302 3314 1375 Ἡρώδῃ,
3351 1304 3588 1360 αίτοῦσα
3620 1308 3822 1377 στήλην

2239 1398 2448 1470 χρυσῆν
2502 1396 2582 1468 τῷ
2627 1396 2842 1469 Σωτῆρι
2881 1394 3102 1466 Χριστῷ
3170 1395 3231 1450 ἐν
3285 1397 3352 1466 τῇ
3400 1397 3617 1467 ἑαυτῆς
3678 1400 3818 1452 πόλει

2241 1489 2468 1560 στῆσαιο
2531 1489 2654 1560 ῆτις
2713 1487 2896 1558 δέησις
2971 1480 3116 1557 εἶχεν
3184 1485 3359 1550 οὕτως
3401 1501 3416 1515 ·
3466 1505 3487 1540 ι
3565 1489 3820 1560 Σεϐαστῷ

2246 1595 2264 1628 ι
2323 1575 2570 1648 Ἡρώδῃ,
2619 1575 2906 1648 τοπάρχῃ,
2958 1573 3267 1647 θεσμοθέτῃ
3315 1575 3604 1632 Ἰουδαίων
3635 1595 3702 1633 τε
3737 1582 3820 1632 καὶ

2247 1687 2264 1719 ι
2323 1666 2612 1739 Ἑλλήνων,
2646 1665 2860 1737 βασιλεί
2888 1665 3307 1736 Τραχωνίτιδος,
3337 1667 3530 1738 δέησις
3577 1671 3682 1726 καὶ
3728 1672 3823 1724 in.

2247 1777 2264 1808 ι
2309 1757 2400 1810 σία
2429 1757 2584 1828 παρά
2622 1756 2890 1827 Βερνίκης
2921 1755 3332 1828 ἀξιωματικῆς,
3360 1759 3583 1826 πόλεως
3613 1763 3822 1819 Havet-

2250 1869 2267 1901 ι
2313 1849 2420 1914 δος.
2457 1850 2784 1920 Δικαιοσύνη
2813 1890 2828 1917 ,
2862 1850 2956 1904 καὶ
2984 1850 3390 1922 φιλανθρωπία,
3422 1854 3524 1908 καὶ
3557 1855 3634 1909 τά
3667 1856 3823 1910 λοιπὰ

2248 1961 2266 1994 ι
2314 1941 2422 1998 τῶν
2455 1942 2670 2014 ἀρετῶν
2722 1941 3114 2013 περιστέφουσι
3166 1943 3266 2014 τὴν
3323 1945 3611 2016 ὑμετέραν
3663 1965 3824 2020 κορυ-

2249 2052 2268 2086 ‹
2317 2035 2425 2107 φήν
2450 2051 2464 2067 ·
2496 2034 2622 2089 ὅθεν
2651 2033 2810 2104 κάγὼ
2855 2033 3016 2089 τοῦτο
3061 2034 3236 2089 εἰδυῖα
3261 2075 3275 2100 ,
3308 2038 3407 2092 σὺν
3436 2038 3688 2106 ἀγαθαῖς
3709 2043 3828 2102 ταῖς

2249 2147 2268 2182 ι
2314 2128 2502 2182 ἐλπίσι
2567 2129 2790 2184 πάντων
2827 2130 3132 2202 τευξομένη
3157 2172 3172 2198 ,
3220 2132 3305 2185 σοὶ
3332 2133 3558 2204 γράφω.
3607 2153 3630 2187 ι
3671 2137 3828 2201 Ἦτις

2243 2221 2278 2290 ἠ
2301 2219 2396 2274 τοῦ
2431 2220 2701 2290 παρόντος
2729 2222 3020 2293 προοιμίου
3055 2222 3286 2297 κρηπὶς,
3321 2223 3535 2296 προϊών
3577 2243 3643 2279 σε
3674 2229 3708 2280 ό
3750 2228 3830 2280 λό-

2242 2329 2340 2382 γος
2378 2311 2600 2379 διδάξει.
2641 2330 2662 2365 ¢
2725 2313 2822 2368 Ἐκ
2865 2315 3074 2370 παιδῶν
3118 2314 3386 2385 ληφθεῖσα
3428 2316 3589 2388 πάθη
3631 2321 3831 2392 αἱμορ-

2249 2423 2270 2459 ι
2316 2405 2472 2477 ροίας
2513 2404 2758 2484 όχετῶν,
2809 2407 2892 2471 εἰς
2923 2409 3145 2479 ἰατροὺς
3189 2409 3521 2464 ἀναλώσασὰ
3578 2429 3692 2482 μου
3746 2415 3830 2466 τὸν
3891 2453 3893 2464 ,

2249 2515 2268 2550 ι
2317 2497 2432 2568 βίον
2461 2499 2556 2552 καὶ
2581 2497 2673 2551 τὸν
2701 2497 2956 2566 πλοῦτον,
3003 2499 3152 2554 ἴασιν
3182 2499 3281 2569 οὐχ
3310 2494 3470 2571 εὖρον
3492 2516 3511 2534 ’
3549 2502 3832 2571 ἀκηκουῖα

2250 2609 2268 2642 ι
2312 2591 2370 2644 δέ
2399 2589 2494 2644 τοῦ
2530 2590 2947 2661 θαυμαζομένου
2987 2591 3227 2663 Χριστοῦ
3261 2593 3331 2646 τά
3362 2594 3599 2664 ἰάματα,
3631 2595 3717 2661 ὡς
3745 2614 3830 2650 νει

2251 2698 2269 2730 ι
2314 2680 2481 2752 κροὺς
2508 2680 2839 2750 διανίστησι,
2878 2680 3043 2734 πάλιν
3068 2682 3148 2745 είς
3179 2681 3295 2750 φῶς
3331 2681 3529 2748 ἕλκων,
3569 2687 3677 2738 καὶ
3713 2686 3830 2739 δαί-

2251 2790 2270 2822 (
2321 2787 2491 2839 μονας
2520 2771 2586 2824 ἐκ
2612 2769 2823 2842 βροτῶν
2852 2771 3198 2838 ἀπελαύνων,
3237 2773 3332 2826 καὶ
3357 2774 3575 2839 πάντας
3602 2777 3742 2840 τοὺς
3777 2780 3833 2830 ἐν

2252 2881 2270 2914 ι
2315 2861 2457 2933 νόσῳ
2487 2863 2923 2934 μαραινομένους
2952 2863 3096 2935 λόγῳ
3127 2863 3464 2936 θεραπεύων,
3493 2868 3666 2938 κάγὼ
3695 2870 3830 2940 πρὸς

2252 2970 2270 3002 ι
2317 2950 2480 3011 αὐτὸν
2506 2951 2584 3015 ὡς
2625 2951 2762 3023 πρὸς
2793 2951 2926 3006 Θεὸν
2963 2951 3216 3024 ἔδραμον.
3259 2954 3372 3008 Καὶ
3402 2962 3825 3030 προσεσχηκυῑα

2252 3061 2270 3094 ι
2316 3042 2392 3114 τῷ
2435 3043 2745 3114 περιέχοντι
2789 3043 2954 3098 αὑτὸν
2987 3044 3218 3117 πλήθει,
3248 3046 3577 3100 δειλιάσασα
3623 3047 3706 3120 μὴ
3741 3051 3829 3103 τὸν

565 3154 586 3186 c
633 3133 819 3188 citicm
851 3143 1163 3196 aversatus,
1214 3147 1342 3203 erga
1383 3145 1468 3186 me
1503 3129 1903 3200 indignaretur,
1933 3131 2135 3200 major-

2251 3150 2270 3184 ι
2317 3133 2380 3188 ἐκ
2406 3136 2499 3189 τοῦ
2531 3134 2736 3199 πάθους
2779 3135 3055 3208 μολυσμὸν
3104 3137 3635 3209 ἀποστρεφόμενος,
3673 3141 3829 3211 ὀργι-

567 3243 586 3275 σ
631 3239 736 3292 que
759 3223 1104 3294 mgritudinis
1121 3223 1278 3293 plaga
1306 3222 1480 3288 ﬁeret,
1497 3236 1709 3278 mecum
1737 3221 1854 3291 ipsa
1875 3222 2138 3295 cogitavi,

567 3332 587 3365 ι
633 3313 800 3386 369
830 3315 977 3385 quod
1009 3316 1055 3372 si
1091 3316 1175 3369 vel
1217 3315 1487 3370 ﬁmbriam
1531 3313 1844 3370 vestimenti
1875 3313 1998 3384 ejus
2021 3321 2142 3368 tan-

565 3427 584 3458 ε
633 3422 760 3478 gere
819 3407 956 3462 mihi
1011 3406 1225 3474 liceret,
1258 3406 1553 3460 sanitatem
1590 3404 1954 3475 adipiscerer.
1988 3403 2142 3462 Hanc

566 3519 584 3552 ι
633 3499 724 3554 ubi
759 3499 999 3569 primum
1031 3499 1203 3570 tetigi,
1230 3511 1525 3569 suppresso
1558 3497 1844 3568 sanguinis
1874 3495 2048 3562 fonte,
2077 3498 2142 3552 il-

567 3611 585 3642 ι
633 3592 738 3646 lico
756 3590 1036 3646 convalul.
1081 3588 1179 3645 llle
1222 3605 1378 3655 vero,
1414 3603 1539 3644 cum
1563 3588 1749 3644 cordis
1779 3589 1882 3644 mei
1910 3589 2140 3644 consilia

569 3704 585 3735 ι
634 3689 959 3755 przenossct,
994 3682 1135 3736 elata
1172 3696 1336 3745 voce,
1367 3679 1523 3746 Quis,
1583 3681 1783 3750 inquit,
1819 3697 1900 3734 me
1927 3681 2142 3752 tetigit?

568 3793 584 3823 ι
631 3774 796 3827 virtus
823 3787 888 3827 ea:
905 3789 984 3828 me
1008 3772 1231 3843 prodiit.
1255 3770 1396 3826 Tum
1423 3785 1525 3842 ego
1539 3770 1777 3841 pallens,
1808 3785 2141 3842 gemensque

567 3883 586 3915 ι
633 3872 686 3920 et
733 3865 1041 3936 graviorem
1069 3865 1322 3920 morbum
1373 3864 1440 3919 ad
1479 3878 1566 3918 me
1603 3877 1956 3920 reversurum
1989 3863 2140 3918 arbi-

569 3977 587 4007 ‹
631 3964 810 4023 trans,
831 3958 897 4013 ad
916 3957 1039 4027 ejus
1070 3956 1240 4028 pedes
1262 3970 1488 4024 corruo,
1511 3955 1852 4025 humumque
1881 3953 2140 4026 lacrymis

568 4067 586 4098 α
633 4045 950 4114 infundens,
983 4047 1276 4104 audaciam
1328 4060 1505 4102 meam
1553 4045 1872 4118 proﬁtebar.
1916 4045 2134 4109 Atille,

562 4156 586 4188 4
635 4138 712 4192 uti
730 4137 974 4194 clemens
995 4146 1050 4194 et
1069 4137 1365 4207 benignus,
1387 4136 1564 4191 vicem
1590 4149 1763 4190 meam
1789 4137 2140 4192 commisera-

565 4249 588 4278 ε
629 4235 738 4296 tus,
759 4229 1102 4285 sanationem
1133 4229 1269 4283 mihi
1293 4229 1379 4283 his
1393 4227 1582 4283 verbis
1602 4225 1980 4282 conﬁrmavit:
2007 4226 2139 4282 Cou-

563 4337 587 4369 4
634 4317 762 4388 ﬁde,
779 4317 918 4384 ﬁlia,
943 4317 1074 4386 ﬁdes
1098 4327 1195 4372 tua
1214 4328 1262 4372 te
1278 4318 1483 4372 salvam
1508 4318 1654 4387 fecit.
1684 4315 1827 4372 Vade
1849 4318 1902 4371 in
1923 4335 2050 4388 pace
2068 4320 2134 4376 ⁸⁰.

565 4427 587 4460 4
638 4409 731 4464 Sic
756 4418 810 4464 tu
847 4424 1088 4480 quoque,
1115 4410 1382 4480 Auguste,
1416 4409 1552 4463 mihi
1579 4409 1918 4480 supplicanti
1948 4419 2138 4480 postu-

2249 3244 2267 3274 ι
2315 3224 2416 3296 σθῇ
2463 3225 2585 3280 κατ’
2617 3227 2753 3297 ἐμοῦ
2779 3268 2794 3291 ,
2841 3229 2935 3281 καὶ
2963 3228 3165 3282 πλείων
3197 3247 3288 3300 μοι
3318 3230 3527 3304 ἐπέλθῃ
3559 3235 3595 3302 ἠ
3641 3235 3828 3305 πληγὴ

2249 3335 2267 3367 r
2313 3315 2413 3385 τῆς
2433 3317 2612 3384 νόσου,
2643 3317 2768 3372 καθ’
2804 3319 3005 3390 ἑαυτὴν
3035 3318 3387 3392 ἐλογισάμην,
3419 3323 3502 3375 ὅτι
3537 3323 3639 3376 ἐὰν
3668 3324 3828 3394 δυνη-

2249 3426 2265 3458 ι
2312 3406 2466 3476 θείην
2496 3406 2737 3478 ἅψασθαι
2779 3407 2874 3461 τοῦ
2907 3409 3220 3481 κρασπέδου
3247 3411 3343 3464 τοῦ
3378 3411 3603 3482 ἱματίου
3634 3413 3826 3476 αὐτοῦ,

2248 3517 2266 3550 ι
2313 3498 2656 3569 σωθήσομαι.
2690 3493 2768 3554 Ob
2799 3500 2895 3555 καὶ
2932 3500 3223 3572 ἁψαμένη,
3255 3502 3350 3555 καὶ
3380 3502 3688 3574 σταθείσης
3725 3523 3826 3574 μου

2246 3607 2266 3638 ε
2310 3589 2410 3659 τῆς
2438 3589 2623 3660 πηγῆς
2644 3589 2738 3644 τοῦ
2767 3591 3022 3662 αἵματος,
3045 3592 3244 3661 γέγονα
3269 3594 3529 3665 παραχρῆ
3539 3613 3620 3665 μα
3641 3597 3824 3669 ὑγιής.

2248 3698 2265 3729 ι
2310 3679 2484 3744 Αὐτὸς
2509 3681 2566 3734 δὲ
2598 3681 2822 3752 μᾶλλον,
2858 3681 2935 3747 ὡς
2967 3684 3241 3755 προγνοὺς
3270 3684 3370 3755 τῆς
3406 3687 3557 3757 ἐμῆς
3594 3690 3830 3760 apati-1.;

2247 3791 2263 3819 α
2309 3770 2379 3824 τά
2409 3771 2770 3844 βουλεύματα,
2800 3773 3070 3845 ἁνέκραξε
3096 3791 3110 3805 ·
3162 3775 3258 3841 Τις
3291 3792 3412 3843 μου
3451 3772 3694 3843 ἧψατω
3727 3779 3828 3833 εύ-

2247 3881 2265 3913 r
2311 3879 2487 3933 ναμις
2520 3863 2623 3919 ἀπ’
2655 3864 2804 3934 ἐμοῦ
2829 3865 3110 3934 ἐξῆλθεν.
3157 3865 3298 3935 Ἐγὼ
3343 3863 3439 3920 οὖν
3469 3867 3828 3938 ὠχριάσασα,

2246 3973 2265 4006 ι
2310 3955 2408 4008 καὶ⁹
2438 3955 2725 4022 στένουσα,
2753 3956 2854 4029 τὴν
2882 3956 3038 4012 νόσον
3077 3957 3421 4030 θρασυτέραν
3448 3960 3832 4034 ἀποστρέφειν

2250 4067 2267 4099 ι
2314 4046 2402 4100 ἐπ’
2439 4047 2541 4118 ἐμὲ
2578 4047 2928 4120 λογιζομένη,
2959 4049 3347 4122 προσπεσοῦσα
3377 4050 3555 4121 αὐτῷ,
3588 4052 3700 4124 τὴν
3729 4056 3834 4127 γῆν

2246 4161 2265 4192 ι
2307 4141 2608 4212 ἐπλήρωσα
2635 4141 2912 4211 δακρύων,
2943 4141 3045 4214 τὴν
3073 4142 3278 4214 τόλμαν
3297 4142 3618 4208 ἐξειποῦσα.
3647 4146 3834 4210 Αὐτὸς

2247 4251 2264 4282 σ
2309 4231 2367 4286 δὲ
2395 4232 2472 4295 ὡς
2501 4231 2740 4302 ἀγαθὸς,
2774 4232 3197 4304 σπλαγχνισθεὶς
3227 4233 3317 4287 ἐπ’
3343 4235 3465 4304 ἐμοὶ
3489 4275 3504 4300 ,
3537 4236 3834 4309 ἐπεσφρά-

2246 4344 2263 4376 ‹
2309 4322 2428 4393 γιζέ
2465 4342 2566 4396 μου
2597 4323 2696 4397 τὴν
2729 4326 2910 4393 τασιν,
2951 4325 3220 4398 εἰρηκώς·
3256 4327 3503 4395 Θάρσει,
3537 4329 3833 4399 Guy-(itm.

2243 4437 2262 4470 ι
2311 4419 2349 4487 ἠ
2383 4419 2586 4483 πίστις
2621 4435 2738 4472 σου
2793 4419 3030 4474 σέσωκέ
3066 4433 3142 4474 σε
3171 4437 3184 4450 ·
3223 4420 3479 4489 πορεύου
3527 4419 3624 4486 εἰς
3669 4424 3830 4490 ειρή-

564 4517 588 4550 ι
635 4498 894 4554 lationem
921 4500 1128 4570 justam
1164 4501 1406 4570 indulge.
1433 4519 1452 4552 ι
1477 4501 1604 4554 Hzec
1630 4500 1860 4556 audiens
1893 4499 2135 4558 Herodes

2249 4527 2267 4560 ι
2304 4526 2439 4577 νην.
2473 4509 2630 4564 Οὕτω
2669 4510 2764 4563 καὶ
2805 4510 2993 4582 ὑμεῖς,
3038 4510 3300 4565 Σεϐαστοὶ
3323 4551 3340 4578 ,
3383 4508 3483 4580 τὴν
3524 4509 3738 4583 δέησιν
3767 4517 3830 4582 τῇ

562 4607 661 4646 rex
683 4605 750 4647 ex
783 4591 970 4647 libello
999 4591 1269 4662 supplice,
1301 4591 1555 4647 miraculi
1603 4591 1981 4663 magnitudine
2011 4609 2136 4664 per-

559 4683 776 4750 culsus,
821 4684 1235 4755 curationisque
1302 4683 1573 4739 reveritus
1619 4697 1905 4749 arcanum,
1955 4684 2134 4740 dixit:

568 4791 588 4824 ι
622 4773 762 4842 Tua,
794 4791 830 4834 ο
855 4775 1076 4842 mulier,
1107 4775 1325 4832 sanatio
1371 4774 1751 4846 praestantiori
1809 4775 1971 4847 digna
2021 4790 2137 4832 mo-

631 4952 679 4986 ⁸ο
697 4949 889 5009 Matth.
921 4969 993 5019 ix,
1023 4951 1115 5008 22.

2240 4621 2258 4653 ‹
2303 4601 2531 4673 δεομένῃ
2561 4601 2718 4670 ἀξίαν
2749 4602 3078 4673 παράσχετε.
3112 4621 3131 4655 r
3179 4605 3242 4659 '0
3269 4603 3326 4656 δὲ
3349 4602 3619 4675 βασιλεὺς
3643 4604 3832 4674 Ἥρὼ-

2232 4689 2328 4758 δης
2356 4691 2612 4762 ἀκηκοὼς
2643 4691 2816 4746 ταῦτα
2844 4692 2935 4748 διά
2974 4693 3076 4764 τῆς
3114 4695 3356 4766 δεήσεως
3378 4732 3396 4758 ,
3431 4692 3736 4766 ἐξεπλάγη
3769 4697 3832 4750 τὲ

2232 4776 2450 4849 θαῦμα,
2504 4780 2598 4834 καὶ
2645 4779 2903 4851 φοϐηθεὶς
2953 4781 3016 4834 τδ
3073 4783 3374 4853 μυστήριον
3427 4781 3533 4849 τῆς
3599 4783 3832 4848 icisse“,

2044 5054 2276 5112 ΝΟΤιΕ.

559 5206 871 5281 Curterius,
912 5205 1344 5281 Ducangiusque
1374 5225 1439 5264 ex
1476 5226 1566 5281 qq.
1608 5212 1988 5270 Anastasianis
2033 5226 2126 5266 ac-

558 5293 778 5370 cgpere,
806 5280 1084 5370 Chronico
1102 5277 1732 5370 Qlegandri‘no,'.loanne
1763 5285 1887 5370 ipso
1910 5282 2126 5348 Malala,

565 5350 831 5420 aliisque,
885 5348 1322 5420 praeteriJuIium
1377 5351 1723 5416 Africanum,
1761 5348 2128 5418 Clementem,

559 5417 925 5494 Theophilum
944 5461 959 5484 ,
982 5427 1049 5494 Aet
1077 5419 1422 5494 Timotheum
1446 5461 1460 5482 ,
1495 5438 1634 5492 quos
1665 5423 1976 5494 Hesychius
2012 5417 2130 5493 ipse

557 5487 835 5567 etMalala
873 5489 1116 5567 laudant.
1146 5487 1543 5567 Neque_rn_'._lgni
1584 5487 1896 5567 iaciendum
1927 5500 2012 5567 est
2035 5487 2130 5548 ἰο-

559 5560 885 5633 stimonium
921 5560 1350 5633 Abull'arajiqui
1400 5560 1759 5632 TﬁcOphilum
1790 5564 2126 5633 astrologum

427 5683 444 5708 Ι
555 5623 903 5708 {iohens‘enu
944 5623 1789 5708 scrin-Edessenum,_llortysse
1817 5634 1949 5708 Aaith
1983 5623 2127 5708 circa

551 5709 587 5751 α
600 5707 765 5773 unum
778 5697 980 5773 Christi
999 5699 1100 5773 785
1115 5709 1167 5773 et
1189 5700 1393 5769 llegirrc
1427 5703 1546 5768 169,
1561 5714 1613 5758 et
1641 5702 1875 5773 Egregia:
1901 5703 2129 5758 historice

533 5770 842 5826 auctorem
876 5767 1091 5826 haberi.
1124 5767 1301 5826 Nimia
1340 5767 1540 5838 quippe
1575 5785 1660 5830 εει
1687 5767 2014 5842 ’Λῐὶὐιῐιιτίιῇί
2045 5775 2129 5828 in-

2232 5212 2538 5286 diligentia,
2563 5223 2620 5268 ut
2647 5215 2768 5286 ipso
2799 5214 2917 5270 solo
2948 5215 3280 5286 testiﬁcante
3311 5214 3616 5272 credamus
3645 5218 3830 5278 Theo-

2232 5284 2446 5354 philum
2492 5285 2642 5356 hunc
2672 5284 3035 5356 'astrologum
3072 5285 3257 5356 hujus
3286 5287 3527 5356 egregia:
3572 5289 3832 5348 historia

2234 5363 2512 5426 parentem
2550 5355 2760 5419 fuisse,
2811 5363 2907 5426 aut
2959 5355 3152 5410 saltem
3187 5355 3339 5409 nihil
3367 5355 3524 5426 urget
3567 5374 3680 5415 nos
3707 5401 3724 5423 ,
3775 5372 3831 5415 ιιι

2234 5424 2615 5501 Concedamus
2649 5440 2773 5480 eum
2809 5425 3103 5501 ipsuniniet
3147 5440 3271 5501 esse
3301 5424 3466 5495 quem
3502 5427 3832 5501 liesychins

2233 5507 2287 5550 et
2313 5493 2512 5569 bialalq
2568 5493 2848 5569 Citavere]
2882 5493 2972 5569 ad
3006 5493 3343 5569 Hesychium
3368 5497 3538 5569 quod
3585 5493 3829 5569 spectat,

2234 5565 2422 5636 quidni
2459 5563 2598 5636 idem
2630 5567 2699 5620 sit
2725 5580 2848 5620 cum
2879 5563 3150 5636 llesychio
3179 5563 3828 5635 lllustri,’quihis'toriana

2239 5650 2266 5687 τι
2299 5634 2428 5689 Belo
2457 5635 2828 5707 Assyriorum
2863 5634 3006 5707 rege
3032 5650 3228 5707 usque
3244 5636 3316 5707 ad
3356 5634 3660 5707 Anastasii
3696 5642 3826 5707 imp.

2239 5652 2266 5687 τι
2299 5652 2428 5689 υοιο
2457 5652 2812 5706 assyrlorum
2863 5652 2990 5706 rege
3032 5652 3206 5760 usqiue
3250 5652 3316 5689 aa
3359 5652 3653 5693 anasmsu
3696 5656 3826 5707 imp.

2239 5714 2508 5780 t_cmpora_
2541 5705 2835 5780 produxit?
2883 5705 3048 5759 Plura
3142 5721 3171 5761 e
3213 5705 3402 5760 Malala
3444 5707 3652 5780 lcgesis
3685 5711 3826 5780 apud

2240 5775 2466 5832 Gavium
2493 5774 2554 5830 in
2581 5774 2720 5832 llist.
2759 5775 2988 5832 litterar.
3023 5783 3195 5846 parte.
3233 5791 3294 5830 ll.
