3904 6358
148 487 284 551 1373

1232 486 1331 545 DE
1374 470 1833 544 IMAGINIBUS
1869 481 2151 542 ORATIO
2190 483 2285 542 III

3252 478 3387 546 13⁷74

149 591 301 652 εἶπεν
323 611 340 629 ’
386 612 406 649 ι
450 595 515 651 Ἦ
543 595 624 660 εἰς
656 594 714 648 σὲ
763 595 1034 667 γενομένη
1068 595 1213 658 ἴασις
1237 632 1252 659 ,
1282 589 1328 648 ὦ
1356 592 1552 663 γύναι,
1589 592 1709 665 μεί-

1827 607 1839 642 ι
1886 598 2151 648 numento
2178 599 2283 647 est.
2308 589 2410 645 Abi
2435 604 2588 662 ergo,
2613 597 2667 648 et
2694 604 2862 661 quam
2893 590 3139 647 volueris
3168 590 3269 656 illi,
3291 594 3385 661 qui

154 707 172 737 ι
210 686 363 750 ζονος
389 686 593 757 στήλης
626 686 778 740 ἐστὶν
812 685 960 750 ἀξία.
996 685 1331 757 Πορευθείσα
1359 685 1564 754 τοίνυν,
1596 687 1715 740 οἵαν

154 796 171 829 ι
220 776 401 847 βούλει
458 777 765 846 ἀνάστησον
813 775 964 846 αὑτῷ
1018 775 1253 847 στήλην,
1296 775 1597 844 δοξάζουσα
1625 776 1717 831 τὸν

151 887 171 919 ι
214 868 525 938 ἰασάμενον.
566 885 586 920 ι
624 868 738 921 Καὶ
765 867 967 931 εὐθέως
996 866 1134 939 αὑτὴ
1162 868 1395 938 Βερνίκη
1414 907 1429 932 ,
1464 869 1497 938 ή
1524 867 1717 939 πρώην

147 958 539 1030 αἱμορροοῦσα,
578 961 637 1014 ὲν
670 960 818 1030 μέσῳ
845 959 944 1029 τῆς
975 959 1113 1024 ἰδίας
1140 958 1313 1030 αὑτῆς
1353 960 1565 1024 πόλεως
1600 962 1715 1014 Πα-

144 1049 330 1113 νεάδος
372 1049 637 1121 ἀνέστησε
665 1050 745 1121 τῷ
771 1050 891 1122 Θεῷ
919 1050 1015 1105 καὶ
1043 1051 1234 1123 Κυρίῳ
1272 1052 1478 1124 στήλην
1507 1052 1718 1123 χαλκῆν

145 1141 210 1195 ὲκ
239 1141 446 1213 χαλκοῦ
468 1140 836 1213 θερμηλάτου,
866 1142 1070 1215 μίξασα
1098 1144 1303 1217 χρυσὸν
1332 1144 1427 1198 καὶ
1453 1145 1714 1218 ἄργυρον.

147 1233 311 1297 Ἤτις
340 1232 509 1305 στήλη
543 1234 695 1304 μένει
726 1236 783 1288 ὲν
814 1236 1048 1291 Πανεάδι
1081 1239 1149 1307 τῇ
1181 1236 1331 1290 πόλει
1359 1236 1465 1301 ἕως
1493 1235 1587 1289 νῦν
1606 1277 1620 1301 ,
1654 1237 1716 1290 οὑ

145 1310 255 1394 πρὸ
283 1322 478 1377 πολλοῦ
504 1324 697 1394 χρόνου
732 1326 1139 1397 μετενεχθείσα,
1188 1328 1282 1396 ἀφ’
1325 1321 1387 1383 οὔ
1422 1327 1628 1392 ἵστατο,
1659 1328 1717 1381 ὲν

146 1412 300 1484 μέσῳ
330 1417 429 1485 τῆς
459 1415 666 1479 πόλεως
715 1419 795 1481 εἰς
828 1419 985 1481 ἅγιον
1012 1419 1207 1485 τόπον,
1241 1421 1321 1483 εἰς
1348 1415 1497 1474 οἷκον
1526 1420 1719 1492 εὐκτή-

147 1519 288 1574 ριον.
319 1504 498 1583 Ὅπερ
536 1507 835 1587 ὑπόμνημα
862 1510 1061 1582 εὑρέθη
1094 1512 1151 1565 ἐν
1180 1513 1245 1582 τῇ
1278 1511 1429 1567 πόλει
1461 1513 1714 1577 Πανεάδι,

143 1593 302 1665 παρὰ
349 1596 544 1668 Βάσσῳ
584 1600 724 1663 τινὶ,
772 1602 1054 1671 γενομένῳ
1108 1602 1217 1657 ἀπὸ
1271 1602 1540 1657 Ἰουδαίων
1585 1605 1717 1673 Χρι-

143 1683 386 1754 στιανῷ,
428 1687 485 1738 ὲν
534 1679 578 1753 ᾧ
623 1689 868 1759 ὑπῆρχεν
897 1690 926 1742 ό
959 1690 1075 1761 βίος
1118 1690 1227 1744 τῶν
1283 1691 1718 1760 βασιλευσάντων

141 1772 364 1829 πάντων
395 1774 493 1846 τῆς
539 1776 836 1848 Ἰουδαϊκῆς
866 1778 1065 1850 χώρας.
1106 1798 1123 1830 ι

145 2014 279 2103 Ἐκ,
304 2013 414 2103 τῆς
436 2018 709 2103 ,ἑϐδόμης
730 2021 1000 2103 Aglaien"
1037 2022 1149 2103 ζῇς
1208 2024 1718 2103 έκκλησιαστικῆς

238 2088 527 2178 ἱστορίας
551 2088 872 2178 Faciam)!
888 2091 1003 2178 ἰοῦ
1040 2088 1391 2164 Παμφίλου,
1440 2104 1574 2172 περί

207 2158 652 2227 αιμοῤῥοούσης
676 2159 1004 2227 Πανεάδος.

208 2313 229 2347 ι
288 2294 509 2365 Ἐπειδὴ
558 2294 722 2365 τῆσδε
774 2295 873 2366 τῆς
921 2296 1136 2362 πόλεως
1183 2299 1581 2373 ἐμνήσθημεν,
1619 2307 1719 2360 οὑκ

121 2391 284 2458 ἄξιον
329 2386 574 2459 ἡγοῦμαι
624 2386 877 2458 διήγησιν
927 2388 1262 2461 παρελθεῖν,
1306 2394 1400 2446 καὶ
1438 2397 1553 2459 τοῖς
1600 2397 1719 2466 μεθ’

121 2482 282 2551 ἡμᾶς
316 2476 749 2551 μνημονεύεσθαι
794 2478 971 2543 ἀξίαν.
1004 2480 1118 2551 Τήν
1145 2482 1253 2553 γὰρ
1283 2486 1717 2558 αἰμοῤῥοοῦσαν,

121 2572 192 2638 ἣν
241 2571 311 2622 ἐκ
366 2568 473 2621 τῶν
526 2568 696 2637 ἱερῶν
728 2567 1076 2636 Εὑαγγελίων
1124 2571 1275 2641 παρὰ
1327 2572 1420 2626 τοῦ
1465 2575 1719 2648 Σωτῆρος

120 2659 294 2731 ἡμῶν
337 2656 432 2711 τοῦ
486 2660 691 2721 πάθους
738 2658 1060 2731 ἀπαλλαγὴν
1103 2661 1359 2732 εὑρέσθαι
1392 2663 1719 2735 μεμαθήκα-

122 2765 231 2821 μεν
260 2789 276 2813 ,
317 2748 531 2801 ἐνθένδε
578 2748 761 2815 ἔλεγον
793 2750 1096 2820 ὁρμᾶσθαι,
1128 2752 1220 2805 τόν
1266 2769 1328 2805 τε
1363 2750 1509 2807 οἷκον
1552 2757 1720 2826 αὑτῆς

117 2844 222 2896 ἐπὶ
258 2842 367 2912 τῆς
396 2840 608 2902 πόλεως
636 2839 972 2907 δείκνυσθαι,
1006 2841 1099 2894 καὶ
1128 2842 1228 2913 τῆς
1271 2845 1375 2898 ὑπὸ
1404 2846 1498 2899 τοῦ
1529 2846 1719 2918 Σωτῆ-

122 2952 225 3005 ρος
255 2932 345 2993 εἰς
382 2930 554 3001 αὑτήν
583 2932 905 3003 εὐεργεσίας
936 2933 1228 3002 θαυμαστά
1258 2935 1495 3004 τρόπαια
1539 2954 1717 3010 παρα·

120 3022 311 3092 μένει.
373 3020 626 3073 Ἐστάναι
668 3020 775 3090 γὰρ
819 3021 904 3089 ἐφ’
956 3021 1161 3093 ὑψηλοῦ
1191 3022 1374 3090 λίθου,
1428 3026 1566 3096 πρὸς
1619 3026 1719 3096 μὲν

114 3111 253 3171 ταῖς
286 3106 493 3171 πύλαις
533 3108 628 3161 τοῦ
668 3108 844 3178 αὐτῆς
888 3110 1044 3164 οἴκου
1075 3151 1089 3178 ,
1122 3113 1381 3180 γυναικὸς
1412 3115 1718 3184 ἐκτύπωμα

115 3198 368 3270 χάλκεον
417 3197 512 3251 ἐπὶ
540 3198 671 3267 γόνυ
725 3200 1082 3267 κεκλιμένον,
1129 3203 1225 3256 καὶ
1265 3204 1595 3274 τεταμέναις
1623 3206 1717 3257 ἐπὶ

114 3266 523 3362 τοῦμπροσθεν
558 3266 699 3352 ταῖς
755 3266 974 3361 χερσίν,
1028 3293 1346 3366 ἰκετευούσῃ
1398 3266 1614 3359 έοικόςγο
1654 3288 1716 3349 οὗ
1747 3266 1789 3325 C

110 3380 391 3451 ἀντικρὺ,
417 3380 549 3434 ἄλλο
564 3380 663 3451 τῆς
686 3381 857 3452 αὑτῆς
887 3381 1044 3453 ὕλης,
1077 3384 1270 3455 ἀνδρὸς
1294 3386 1475 3456 ὄρθιον
1508 3387 1716 3457 σχῆμα,

24 3470 87 3513 ⁸ης
108 3470 386 3541 διπλοΐδα
417 3470 658 3542 κοσμίως
689 3471 1020 3542 βεϐλημένον
1048 3513 1064 3541 ,
1115 3476 1209 3527 καὶ
1237 3474 1335 3546 τὴν
1364 3479 1522 3547 χεῖρα
1552 3475 1719 3530 αὑτοῦ

111 3566 244 3616 ἐκεῖ
269 3563 586 3633 προτεῖνον.
620 3556 696 3616 υἷι
721 3562 874 3633 παρά
912 3565 1026 3627 τοῖς
1063 3565 1221 3617 ποσὶν
1247 3567 1341 3618 ἐπὶ
1378 3568 1477 3636 τῆς
1512 3567 1722 3638 στήλης

108 3656 360 3725 ταύτης,
410 3653 560 3719 ξένον
588 3671 639 3707 τι
673 3654 908 3727 βοτάνης
940 3650 1078 3720 εἶδος
1116 3656 1292 3726 φύειν,
1325 3658 1401 3722 ὡς
1435 3659 1596 3731 μέχρι
1624 3658 1720 3713 τοῦ

14 3764 15 3769 ‘
110 3745 455 3819 κρασπέδου
484 3746 586 3817 τῆς
617 3746 711 3811 τοῦ
736 3746 946 3820 χαλκοῦ
995 3748 1265 3814 διπλοΐδος
1311 3750 1459 3804 ἀνιὸν
1484 3790 1499 3815 ,
1542 3750 1723 3817 ἀλεξι-

106 3842 435 3912 φάρμακον
465 3839 688 3893 πάντων
722 3840 834 3893 τῶν
864 3841 1190 3912 νοσημάτων
1233 3844 1551 3918 τυγχάνειν.
1586 3845 1722 3898 Τοῦ-

12 3936 19 3943 “
52 3946 207 4007 κτον
244 3932 309 3986 δὲ
342 3931 441 3985 τὸν
469 3924 799 4004 ἀνδρίαντα,
831 3932 1017 3987 εἰκόνα
1060 3932 1235 4004 Ἰησοῦ
1267 3934 1455 4007 φέρειν
1502 3936 1717 4006 ἔλεγονο

74 3996 312 4097 ίεμεινε
345 4025 407 4078 δὲ
440 4025 533 4078 καὶ
572 3996 653 4089 εἰς
684 4027 869 4097 ήμᾶς,
922 4026 999 4091 ὡς
1047 3996 1144 4082 καί
1187 3996 1307 4097 ιψεί
1340 3996 1718 4099 Ἰτιηραλαίἵέἴν,

100 4117 583 4189 ἐπιδημήσαντος
612 4119 681 4189 τῇ
711 4118 887 4173 πόλει.
912 4119 1024 4172 Καὶ
1054 4118 1365 4192 θαυμαστὸν
1394 4121 1565 4187 οὐδὲν,
1594 4123 1721 4187 τοὺς

100 4209 294 4262 πάλαι
349 4205 420 4273 ἐξ
461 4206 632 4259 ἐθνῶν
670 4207 1074 4279 εὑεργηθέντας
1126 4213 1274 4284 παρὰ
1321 4213 1416 4268 τοῦ
1467 4216 1722 4287 Σωτῆρος

92 4300 303 4372 ἡμῶν,
338 4296 581 4353 τοιαῦτα
612 4300 995 4369 πεποιηκέναι,
1026 4304 1190 4357 ὁπότε
1219 4305 1314 4359 καὶ
1343 4306 1453 4361 τῶν
1483 4306 1719 4360 ἀποστό-

94 4396 219 4447 λων
253 4390 463 4446 αὐτῶν
492 4389 593 4453 τὰς
642 4391 889 4458 εἰκόνας,
938 4393 1146 4466 Πέτρου
1178 4396 1273 4450 καὶ
1309 4397 1524 4453 Παύλου
1551 4441 1567 4465 ,
1626 4399 1721 4451 καὶ

94 4481 285 4536 αὑτοῦ
322 4476 440 4534 τοῦ
469 4478 723 4550 Σωτῆρος
746 4520 760 4544 ,
801 4482 1387 4556 διαχρωματιζομὲνας
1420 4488 1718 4561 ἱστορήσα-

1746 1921 1794 1981 Β

1822 700 1841 732 ι
1880 689 1933 738 te
1965 683 2205 748 curavit,
2230 690 2471 738 statuam
2508 683 2680 755 erige,
2726 683 3016 755 ipsiusque
3042 683 3274 754 gloriam
3299 698 3389 739 ce-

1822 791 1840 824 ι
1876 773 2048 827 lehra.
2077 790 2095 824 ι
2126 771 2251 828 Mox
2287 772 2479 844 igitur,
2508 773 2763 841 Bernice,
2787 789 2908 844 quae
2935 774 3142 831 ﬂuxum
3168 775 3390 846 sangui-

1816 865 1904 921 nis
1934 875 2064 920 ante
2097 878 2260 936 passa
2293 872 2436 932 erat,
2469 864 2526 918 in
2560 866 2802 922 civitatis
2832 882 2945 923 suae
2975 864 3249 923 Paneadis
3275 880 3389 922 me-

1817 956 1909 1013 dio
1938 964 2177 1013 statuam
2209 971 2438 1021 aeneam,
2472 972 2536 1011 ex
2580 973 2686 1014 tere
2717 957 2889 1022 fusili,
2933 973 3092 1027 auro,
3143 967 3391 1027 argento-
3492 958 3495 961 ’

1817 1063 1926 1119 que
1977 1048 2278 1119 permistis,
2340 1046 2632 1103 conﬂatam
2707 1048 2942 1105 Domino
3001 1060 3056 1106 et
3112 1050 3223 1106 Deo
3287 1062 3390 1104 suo

1818 1139 2184 1196 consecravit.
2240 1138 2372 1206 Qua:
2438 1140 2659 1209 quidem
2722 1148 2903 1195 statua
2952 1141 3020 1196 ad
3070 1142 3175 1197 hoc
3218 1154 3391 1211 usque

1818 1238 2035 1299 tempus
2095 1225 2349 1285 Paneade
2403 1239 2771 1300 perseverat:
2816 1236 2980 1301 atque
3028 1247 3096 1287 ex
3146 1246 3212 1287 eo
3267 1232 3392 1286 loco

1818 1320 1913 1375 ubi
1945 1318 2223 1389 quondam
2251 1319 2454 1383 stabat,
2496 1334 2563 1375 ex
2598 1320 2775 1376 media
2824 1336 3019 1391 nempe
3054 1321 3297 1386 civitate,
3337 1322 3394 1375 in

1820 1414 2002 1468 locum
2039 1426 2262 1468 sacrum
2288 1410 2405 1467 sive
2428 1413 2734 1467 oratorium
2765 1414 3032 1469 translata
3064 1412 3185 1469 fuit.
3217 1413 3401 1491 liuius

1818 1518 1986 1573 porro
2017 1503 2096 1558 rei
2132 1503 2379 1569 narratio
2410 1502 2465 1557 in
2503 1503 2608 1558 hac
2643 1503 2762 1573 ipsa
2793 1503 3133 1560 Paneadensi
3173 1488 3396 1560 civitate

1820 1602 2034 1664 reperta
2068 1602 2176 1658 est,
2227 1595 2370 1664 apud
2404 1593 2634 1651 Bassum
2664 1596 2984 1665 quemdam,
3040 1596 3135 1666 qui
3190 1611 3255 1651 ex
3300 1595 3398 1651 Ju-

1819 1686 1935 1741 dmo
1962 1686 2315 1741 Christianus
2341 1684 2521 1742 factus
2566 1686 2747 1741 fuerat
2774 1701 2788 1739 :
2824 1686 2881 1741 in
2916 1702 3029 1757 quo
3059 1688 3222 1743 etiam
3254 1688 3396 1742 libro

1820 1792 2009 1850 regum
2050 1777 2297 1831 omnium
2357 1778 2450 1848 qui
2484 1778 2539 1834 in
2579 1776 2766 1834 Judaea
2810 1778 3243 1850 imperaverunt,
3299 1779 3385 1833 hi-

1821 1867 1989 1922 storia
2003 1867 2314 1937 conscripta
2332 1877 2471 1923 erat.
2501 1887 2520 1920 ι

1826 2020 1909 2076 Ex
1944 2021 2080 2075 libro
2128 2024 2348 2088 septimo
2386 2020 2641 2078 Historia:
2693 2021 2909 2077 Eusebii
2991 2020 3280 2090 Pamphili,
3333 2021 3400 2077 de

1893 2091 2113 2146 muliere
2164 2091 2518 2157 Paneadensi,
2564 2110 2681 2163 qua:
2730 2094 3005 2163 sanguinis
3060 2094 3207 2162 ﬂuxu
3252 2094 3401 2148 labo-

1894 2171 2121 2216 raverat.

1899 2316 1917 2348 ι
1959 2295 2423 2367 Quandoquidem
2460 2295 2617 2353 urbis
2666 2295 2833 2365 hujus
2871 2296 3208 2351 mentionem
3263 2292 3397 2349 feci-

1822 2402 1966 2449 mus,
2004 2394 2442 2442 consentaneum
2473 2400 2582 2440 non
2620 2385 2789 2441 fuerit
2842 2386 3218 2440 narrationem
3260 2400 3398 2455 prae-

1823 2478 2155 2543 termittere,
2191 2492 2315 2548 quae
2350 2477 2518 2547 digna
2572 2478 2735 2547 plane
2766 2485 2870 2542 est,
2922 2484 2982 2532 ut
3044 2485 3399 2547 posterorum

1822 2571 2098 2625 memorim
2169 2570 2607 2624 commendetur.
2683 2568 2835 2623 Iliam
2907 2569 3054 2625 enim
3115 2569 3399 2625 mulierem

1822 2662 2114 2733 sanguinis
2145 2660 2294 2716 ﬂuxu
2327 2662 2691 2729 laborantem,
2725 2677 2890 2740 quam
2925 2677 2991 2718 ex
3032 2660 3208 2717 sacris
3230 2660 3405 2715 Evan-

1822 2756 2041 2828 geliisa
2102 2753 2392 2810 Salvatore
2446 2763 2637 2811 nostro
2692 2764 2948 2811 sanatam
3005 2754 3180 2810 fuisse
3205 2754 3404 2810 didici-

1822 2862 1967 2913 mus,
2030 2846 2183 2901 illinc
2247 2861 2373 2901 esse
2430 2845 2733 2917 proiectam
2804 2846 3013 2912 ferunt,
3071 2845 3403 2916 domumque

1822 2939 1996 3009 ipsius
2026 2954 2089 2995 ea
2122 2939 2175 2994 in
2211 2939 2435 2994 civitate
2485 2939 2806 3004 monstrari,
2851 2940 2907 2994 in
2941 2953 3051 3010 qua
3100 2939 3404 2994 Salvatoris

1822 3029 1875 3085 in
1900 3045 2018 3084 eam
2053 3029 2430 3086 beneﬁcentiae
2467 3029 2709 3087 mirifica
2766 3037 2970 3101 tropaea
3027 3036 3401 3100 perseverant.

1822 3119 2001 3190 Super
2051 3120 2221 3174 altum
2283 3119 2490 3190 quippe
2555 3118 2793 3189 lapidem
2849 3126 2976 3173 ante
3027 3117 3224 3172 aedium
3257 3117 3407 3171 illius

1825 3212 1995 3276 fores,
2030 3226 2228 3267 aeream
2267 3211 2483 3267 femina:
2508 3209 2764 3281 cﬂigiem,
2823 3208 2979 3266 ﬂexis
3012 3210 3274 3281 genibus,
3306 3223 3404 3263 ex-

1823 3305 2123 3376 pansisque
2183 3304 2547 3375 supplicantis
2605 3317 2759 3358 more
2818 3302 3096 3365 manibus,
3158 3300 3404 3371 conspici

1824 3402 2051 3447 narrant
2085 3411 2098 3447 :
2128 3408 2158 3448 e
2195 3395 2415 3462 regione
2445 3408 2576 3448 vero
2611 3393 2846 3447 alteram
2903 3407 2967 3448 ex
3001 3391 3191 3447 eadem
3233 3400 3405 3447 mate-

1823 3485 1908 3537 ria
1956 3495 2162 3540 rectam
2200 3491 2348 3538 stare
2404 3484 2506 3537 viri
2567 3484 2822 3552 ﬁguram,
2883 3484 3048 3538 modo
3098 3482 3409 3551 composito

1824 3574 2070 3644 diploide
2117 3574 2385 3636 indutam,
2424 3587 2762 3640 manumque
2815 3572 3030 3628 mulieri
3062 3573 3408 3643 protenden-

1825 3672 1956 3719 tem.
1998 3664 2080 3719 Ad
2128 3664 2294 3733 hujus
2336 3671 2538 3719 statua:
2590 3664 2760 3733 pedes
2819 3664 3172 3734 peregrinum
3231 3661 3409 3733 quod-

1825 3757 1949 3811 dam
1981 3756 2164 3811 herba:
2196 3772 2370 3827 genus
2408 3755 2587 3819 nasci,
2630 3752 2778 3825 quod
2823 3753 2914 3809 ubi
2948 3753 3015 3808 ad
3041 3769 3197 3809 oram
3235 3768 3411 3825 usque

1824 3847 2087 3917 diploidis
2112 3847 2382 3917 pervenit,
2417 3847 2737 3901 morborum
2775 3846 3020 3902 omnium
3067 3848 3410 3904 medicamen

1825 3939 2029 3994 evadit.
2065 3936 2217 3994 Hanc
2262 3952 2430 4009 porro
2469 3945 2708 3994 statuant
2757 3937 2887 3995 Jesu
2941 3938 3159 3993 Domini
3216 3940 3411 4012 imagi-

1828 4046 1952 4085 nem
2008 4033 2320 4102 exprimere
2373 4030 2560 4096 aiunt;
2621 4030 2937 4101 mansitque
2990 4030 3087 4085 illa
3137 4046 3312 4101 usque
3341 4033 3409 4089 ad

1827 4134 2074 4179 nostram
2128 4130 2369 4189 aetatem,
2408 4129 2471 4176 ut
2504 4121 2600 4191 qui
2637 4122 2692 4175 in
2730 4120 3016 4177 civitatem
3048 4122 3190 4176 hanc
3241 4123 3407 4179 adve-

1828 4215 2007 4277 niunt,
2040 4214 2221 4270 oculis
2252 4227 2373 4270 eam
2426 4212 2665 4268 lustrare
2697 4211 2941 4284 possint.
2982 4210 3171 4282 Neque
3208 4212 3407 4266 mirum

1828 4306 2004 4363 videri
2040 4306 2222 4374 debet,
2251 4313 2468 4362 veteres
2498 4305 2623 4361 illos
2653 4321 2717 4360 ex
2755 4305 3035 4376 gentibus,
3073 4304 3168 4375 qui
3217 4302 3409 4359 Salva-

1832 4406 2003 4453 torem
2029 4411 2157 4468 erga
2192 4411 2255 4451 se
2294 4394 2602 4450 beneﬁcum
2638 4393 2850 4463 experti
2880 4400 3065 4456 erant,
3115 4390 3295 4447 eidem
3326 4400 3409 4444 ta-

1831 4488 1900 4542 lia
1929 4486 2253 4558 praestitisse
2274 4529 2288 4553 ,
2312 4484 2536 4557 quando
2576 4494 2689 4537 tum
2743 4482 3123 4553 apostolorum
3176 4479 3325 4536 Petri
3354 4488 3408 4536 et

92 4593 210 4647 μεν
237 4591 255 4607 ο
318 4573 409 4637 ὡς
454 4571 599 4634 εἰκὸς
631 4570 740 4624 τῶν
772 4573 1018 4628 παλαιῶν
1064 4576 1584 4647 ἁπαραφυλάκτως,
1633 4577 1717 4634 οἷα

1831 4577 2022 4643 Pauli,
2058 4585 2172 4631 tum
2220 4574 2513 4647 ipsiusmet
2545 4574 2753 4629 Christi
2794 4574 2970 4645 pictas
3015 4572 3285 4642 imagines
3330 4572 3410 4625 vi-

93 4667 353 4737 ὲθνικῆς
387 4662 690 4733 συνηθείας
716 4662 885 4735 οὔσης
929 4667 1061 4739 παρ’
1091 4667 1294 4737 αὐτοῖς,
1330 4672 1519 4727 τοῦτον
1548 4674 1716 4745 τιμᾷν

1827 4670 2210 4727 dimuszcum
2243 4678 2456 4723 veteres
2508 4667 2718 4737 absque
2773 4666 2887 4721 ullo
2943 4666 3205 4736 scrupulo
3259 4664 3410 4734 ejus-

88 4759 402 4815 εἰωθότων
438 4754 531 4810 τὸν
560 4756 783 4827 τρόπον.
826 4774 844 4808 ι

94 4978 225 5037 Τοῦ
274 4975 811 5050 αὑτοῦ,ᾼέκ-τῆς
860 4978 1052 5048 αὐτῆς
1115 4982 1416 5050 Ἱστορίας
1462 4985 1718 5043 ἐννάτου

162 5049 478 5116 βιϐλίου,
509 5048 596 5113 εἰς
628 5047 735 5102 τὸν
764 5047 1032 5114 βασιλέα
1060 5047 1540 5111 Κωνστὶιντῗνον.

175 5185 200 5219 ε
237 5159 327 5220 Εὗ
377 5161 535 5235 μάλα
562 5162 662 5234 τῆς
689 5164 756 5219 ὲκ
793 5164 931 5219 Θεοῦ
979 5166 1387 5239 συνῃσθημένος
1446 5170 1718 5241 βοηθείας,

86 5260 328 5317 αὐτίκα.
380 5255 487 5311 τοῦ
532 5257 808 5328 σωτηρίου
858 5258 1121 5330 τρόπαιον
1159 5260 1368 5325 πάθους
1408 5263 1515 5317 ὑπὸ
1561 5267 1723 5336 χεῖρα

89 5354 252 5416 ἰδίας
309 5347 539 5410 εἰκόνος
585 5348 917 5418 ἀνατεθῆναι
981 5351 1330 5421 προστάττει.
1390 5356 1500 5409 Καὶ¹
1543 5355 1607 5426 δή
1659 5355 1721 5410 τὸ

89 5443 413 5513 σωτήριον
462 5437 561 5491 τοῦ
596 5438 835 5512 σταυροῦ
891 5445 1119 5512 σημεῖον
1164 5444 1221 5496 ὲν
1273 5448 1339 5516 τῇ
1390 5446 1542 5519 δεξιᾷ
1585 5465 1714 5503 κατι

85 5540 323 5609 έχοντα
359 5530 538 5587 αὑτὸν
575 5533 634 5587 ἐν
662 5534 742 5604 τῷ
772 5533 1006 5604 μάλιστα
1045 5534 1154 5589 τῶν
1182 5538 1275 5590 ἐπὶ
1317 5539 1537 5611 Ῥώμης
1563 5541 1720 5613 δεδη-

88 5620 493 5701 μοσιευμένῳ
520 5620 670 5691 τόπῳ
701 5624 1033 5693 στήσαντας,
1070 5623 1242 5695 αὑτὴν
1271 5624 1335 5695 δὴ
1361 5626 1565 5697 ταύτην
1596 5629 1723 5680 ὑπο-

80 5717 347 5790 γραφὴν
440 5713 659 5778 ἐντάξαι
731 5715 972 5786 ρήμασιν
1042 5716 1228 5779 αὐτοῖς
1298 5720 1365 5787 τῇ
1434 5718 1720 5787 Ῥωμαίων

85 5806 501 5880 ὲγκελεύεται
531 5808 708 5876 φωνῇ’
748 5825 765 5857 ι
798 5807 987 5876 Τούτῳ
1011 5806 1087 5877 τῷ
1118 5806 1447 5876 σωτηριώδει
1484 5809 1718 5881 σημείῳ,

90 5925 115 5960 α
166 5899 261 5974 τῷ
295 5894 563 5968 ἀληθινῷ
593 5898 803 5969 ἐλέγχῳ
826 5898 924 5969 τῆς
955 5898 1231 5971 ἀνδρείας,
1260 5899 1356 5969 τὴν
1386 5901 1539 5957 πόλιν
1567 5903 1722 5973 ὑμῶν

1826 4759 1977 4816 modi
2017 4760 2303 4823 honorem,
2339 4758 2747 4815 consuetudine
2776 4773 2805 4812 a
2831 4757 3133 4829 gentilibus
3158 4762 3406 4825 accepta,

1822 4850 2203 4908 servatoribus
2230 4849 2349 4908 suis
2373 4849 2723 4905 adhiberent.
2763 4868 2780 4901 ι

1822 4985 1987 5057 370
2022 4984 2296 5055 Ejusdem,
2317 4998 2383 5039 ea:
2416 4983 2550 5038 libro
2598 4999 2734 5057 nono
2763 4982 3001 5057 ejusdem
3030 4980 3286 5036 Historia
3339 4980 3405 5035 de

2248 5057 2565 5124 imperatore
2596 5053 2975 5111 Constantino.

1906 5188 1926 5222 ι
1958 5170 2093 5226 Cum
2152 5183 2273 5225 sese
2326 5167 2515 5224 divino
2572 5167 2826 5239 adjutum
2886 5181 3012 5223 esse
3045 5163 3280 5221 consilio
3305 5177 3405 5234 ap-

1823 5258 2002 5329 prime
2066 5260 2358 5323 sensisset,
2415 5272 2543 5311 mox
2607 5256 2911 5313 salutiferae
2969 5253 3251 5325 passionis
3293 5261 3406 5307 tro-

1824 5367 2001 5424 paeum
2039 5359 2237 5407 statua:
2270 5366 2386 5408 sua!
2413 5351 2600 5408 manui
2624 5349 2823 5422 apponi
2856 5347 3135 5419 praecepit.
3171 5345 3249 5401 Ac
3278 5358 3405 5400 cum

1822 5459 1942 5500 eam
1970 5444 2238 5499 salutaris
2277 5444 2461 5500 crucis
2505 5445 2726 5513 signum
2783 5441 3011 5495 dextera
3056 5452 3157 5494 sua
3212 5445 3407 5493 teneri.

1824 5542 1958 5603 tem,
1998 5536 2053 5591 in
2078 5535 2528 5606 frequentissimo
2563 5534 2827 5588 Romana:
2856 5533 3015 5588 urbis
3041 5532 3164 5586 loco
3201 5528 3407 5589 erexis-

1824 5636 1969 5693 sent,
2027 5627 2442 5697 inscriptionem
2496 5628 2641 5682 hanc
2697 5625 2895 5681 Larino
2944 5637 3202 5682 sermone
3231 5622 3409 5693 subji-

1823 5719 2072 5777 ciendam
2095 5721 2307 5774 curavit
2340 5739 2352 5773 :
2398 5737 2415 5771 ι
2456 5719 2569 5775 lloc
2602 5718 2828 5774 salutari
2863 5718 3041 5787 signo,
3078 5713 3224 5784 quod
3253 5727 3400 5768 verae

1829 5831 1847 5865 ι
1890 5811 2113 5867 virtutis
2153 5811 2370 5883 insigne
2430 5820 2537 5877 est,
2582 5810 2772 5865 urbem
2827 5820 3069 5865 vestram
3110 5802 3414 5876 tyrannica:

1831 5925 1847 5957 ί
1890 5904 2171 5963 servitutis
2201 5904 2332 5976 jugo
2362 5912 2657 5967 servatam,
2684 5904 2741 5959 in
2764 5903 3085 5960 libertatein
3113 5892 3421 5951 vindicavi.
