3904 6358
472 387 614 457 13⁷5

1646 384 1709 446 s.
1749 382 2070 460 JOANNIS
2093 382 2523 445 DAMASCENI

3357 254 3424 284 .__‘
3599 275 3634 284 ,ἢ
3663 253 3680 290 ι
3708 253 3735 254 η

2745 349 2768 378 εἰ
2809 311 2954 378 luit“
3393 293 3478 326 ’μὶ
3519 307 3528 315 ’
3597 303 3614 306 -
3715 287 3754 302 ν

2947 361 2958 392 κ
3613 375 3766 436 1376

454 523 500 558 ηε
547 508 604 559 s.
632 503 692 558 Ρ.
719 500 788 568 Q.
833 499 902 556 Β.
966 500 1024 556 in
1083 499 1392 556 libertatem
1451 499 1690 566 asserui,
1739 498 2040 569 pristinum

2209 499 2319 554 ἀπὸ
2369 495 2536 568 ζυγοῦ
2588 493 2686 551 τοῦ
2751 496 3018 568 τυράννου
3065 493 3462 561 διασωθεῖσαν,
3500 491 3766 572 glaube-

480 616 502 651 ι
545 596 713 652 decus
740 593 1038 663 nobilitati,
1073 593 1533 664 splendoremque
1567 591 1808 648 restitui.
1844 609 1864 645 ι

485 920 571 978 Ea:
598 922 852 980 Historia:
888 921 1261 978 ecclesiasticae
1299 921 1534 978 Socratis
1564 923 1700 979 libro
1731 937 1776 991 ι,
1805 937 1926 990 cap.
1956 925 2045 992 18,

931 993 996 1048 de
1037 995 1216 1049 eodem
1244 995 1584 1063 imperatore.

557 1208 576 1241 σ
614 1189 865 1244 Ροειίιιεο
890 1196 1075 1244 autem
1131 1189 1435 1259 imperator
1459 1189 1884 1255 Constantinus,
1920 1186 2053 1244 reli-

479 1287 660 1359 gionis
691 1285 1020 1341 Christianae
1077 1285 1376 1341 studiosior
1435 1284 1639 1349 factus,
1673 1300 1704 1339 a
1765 1284 2053 1355 gentilium

479 1373 631 1428 cultu
668 1387 897 1442 prorsus
928 1373 1239 1439 abhorruit,
1293 1374 1704 1444 singulariaque
1750 1372 2055 1429 certamina

481 1463 786 1533 prohibuit,
823 1471 878 1517 et
931 1477 1062 1520 suas
1107 1463 1376 1534 imagines
1431 1463 1488 1519 in
1530 1464 1750 1535 templis
1815 1463 2056 1518 colloca-

480 1555 559 1610 vit
575 1556 732 1626 (50).,
758 1574 778 1608 ι

621 1667 876 1756 Stephani
908 1685 1177 1748 Bostreni,
1208 1693 1394 1738 contra
1421 1681 1661 1746 Judn'os,
1683 1696 1807 1752 cap.
1839 1683 1894 1737 4.

559 1839 579 1874 ι
607 1819 718 1877 Nos
753 1835 919 1891 porro
971 1825 1289 1874 sanctorum
1326 1816 1595 1885 imagines
1643 1814 1710 1869 ad
1753 1829 1943 1869 eorum
1973 1829 2057 1868 re-

482 1909 860 1965 cordationem
889 1909 1203 1970 statuimus,
1238 1914 1366 1976 puta
1416 1905 1713 1970 Abraham,
1758 1906 1934 1970 Isaac,
1965 1903 2060 1958 Ja-

483 2001 610 2066 cob,
660 2001 885 2072 Moysis,
938 2000 1086 2062 Eliaa,
1126 1997 1435 2064 Zachariae,
1471 2006 1525 2052 et
1549 1996 1785 2050 aliorum
1824 1997 2060 2066 prephe-

483 2097 688 2156 tarum,
721 2098 1152 2158 sanctorumque
1198 2087 1294 2142 Dei
1345 2095 1668 2158 martyrum,
1711 2086 1805 2156 qui
1837 2093 2061 2156 propter

489 2181 671 2252 ipsum
721 2191 952 2238 mortem
1013 2180 1342 2244 subierunt;
1403 2188 1464 2233 ut
1517 2179 1833 2248 quicunque
1869 2177 2062 2248 imagi-

485 2289 585 2329 nes
636 2288 830 2329 eorum
871 2271 1177 2342 aspexerit,
1226 2271 1445 2326 illorum
1493 2269 1853 2334 recordetur,
1904 2283 2064 2322 cum-

481 2379 592 2435 que
627 2364 888 2422 laudibus
914 2363 1162 2430 extollat,
1192 2362 1287 2435 qui
1323 2361 1498 2434 gloria
1536 2361 1736 2432 dignos
1766 2360 1896 2416 illos
1930 2357 2058 2415 red-

483 2454 646 2510 didit.
687 2471 709 2506 ι

556 2591 833 2662 Ejusdem.
883 2609 902 2643 ι
936 2589 1093 2658 Quod
1151 2595 1336 2644 autem
1389 2591 1603 2656 spectat
1635 2583 1703 2638 ad
1743 2581 2012 2654 imagines
2040 2620 2056 2647 ,

483 2684 822 2753 omniaquae
877 2682 932 2736 in
989 2681 1083 2736 Dei
1133 2679 1357 2734 nomine
1416 2677 1581 2740 ﬁunt,
1621 2675 1766 2730 bona
1823 2688 1944 2731 esse
2006 2682 2059 2729 et

483 2782 676 2829 sancta
749 2771 1138 2828 conﬁdimus:
1195 2768 1340 2824 idola
1423 2781 1556 2822 vero
1614 2772 1669 2820 et
1737 2763 2057 2826 simulacra,

483 2877 673 2932 apage.
719 2860 846 2916 llaec
897 2860 1044 2916 enim
1081 2858 1226 2913 mala
1276 2857 1578 2928 spuriaque
1630 2859 1782 2917 sunt,
1833 2851 2060 2922 perinde

483 2963 648 3023 atque
673 2953 750 3007 illi
793 2952 890 3024 qui
936 2951 1148 3006 faciunt
1188 2964 1272 3005 ea.
1305 2948 1469 3002 Aliud
1507 2947 1711 3017 quippe
1751 2951 1838 3000 est
1881 2943 2060 3013 imago

486 3043 771 3112 prophetae
825 3043 1050 3109 sancti,
1102 3048 1157 3096 et
1207 3039 1355 3094 aliud
1406 3039 1763 3093 simulacrum
1797 3036 1912 3090 sive
1941 3045 2059 3089 sta-

483 3143 576 3190 tua
609 3134 856 3201 Saturni,
887 3133 1140 3198 Veneris,
1172 3131 1338 3197 Solis,
1363 3138 1417 3186 et
1440 3129 1628 3184 Lunae.
1661 3127 1858 3193 Porro,
1889 3141 2062 3198 quau-

484 3225 783 3295 doquidem
847 3225 1010 3278 homo
1056 3223 1124 3278 ad
1188 3223 1481 3292 imaginem
1561 3219 1656 3274 Dei
1711 3218 1891 3273 factus
1953 3225 2056 3282 est,

485 3317 695 3373 idcirco
725 3315 1010 3371 adoratur.
1046 3314 1284 3385 Serpens
1331 3321 1540 3377 autem,
1576 3311 1708 3381 quia
1741 3309 1944 3364 diaboli
1977 3315 2062 3364 est

485 3411 688 3480 imago,
724 3407 1041 3464 immundus
1078 3415 1163 3462 est
1208 3403 1272 3460 et‘
1311 3402 1690 3460 exsecrabilis.
1727 3399 1884 3466 Quod
1917 3400 1963 3456 si
1997 3414 2061 3455 ea

483 3514 608 3569 quae
657 3497 942 3553 hominum
998 3495 1253 3550 manibus
1310 3492 1578 3547 fabricata
1621 3499 1772 3555 sunt,
1810 3489 2060 3559 respuis,

483 3591 595 3651 die,
646 3586 1092 3658 qumsoJudaee,
1150 3585 1418 3655 quidnam
1484 3583 1751 3638 adoratur
1786 3583 1842 3636 in
1893 3591 2060 3645 terra,

484 3680 629 3752 quod
663 3679 946 3734 hominum
984 3693 1148 3733 manu
1184 3677 1526 3731 elaboratum
1561 3689 1668 3729 non
1711 3675 1826 3730 sit?
1854 3673 2060 3738 Altare,

485 3771 958 3842 propitiatorium,
1022 3769 1347 3836 Cherubim,
1420 3783 1560 3822 urna
1621 3779 1787 3820 aurea
1852 3764 2064 3819 habens

487 3876 712 3928 manna,
747 3875 960 3928 mensa,
995 3859 1417 3915 tabernaculum
1459 3855 1727 3927 interius,
1755 3855 1936 3910 omnia
1965 3855 2064 3909 de-

487 3966 637 4006 mum
669 3966 792 4021 quae
839 3949 1040 4004 Sancta
1089 3957 1408 4004 sanctorum
1445 3946 1515 4000 ab
1557 3946 1675 4015 ipso
1713 3945 1824 4000 Deo
1874 3944 2065 4014 appel-

487 4042 597 4096 lata
635 4041 807 4098 sunt?
831 4039 1024 4096 Nonne
1055 4038 1368 4094 manufacta
1399 4036 1694 4092 Cherubim
1739 4035 2063 4106 angelorum

485 4143 642 4190 erant
669 4133 977 4205 imagines?
1005 4130 1136 4203 quid
1185 4130 1254 4186 ad
1306 4131 1423 4185 haec
1455 4127 1798 4199 respondes?
1828 4124 1984 4192 Quod
2017 4123 2065 4180 si

486 4228 592 4281 ista
645 4227 900 4282 nominas
961 4225 1130 4287 idola,
1185 4222 1316 4294 quid
1394 4220 1690 4276 dicendum
1739 4232 1936 4274 censes
1997 4217 2066 4272 de

486 4319 668 4391 Moyse
725 4325 779 4373 et
834 4317 1046 4381 Israel,
1102 4315 1197 4385 qui
1251 4314 1366 4367 haec
1425 4306 1836 4365 adoraverunt?
1892 4307 2064 4377 Atqui

487 4409 738 4464 adoratio
787 4405 1012 4478 quidem
1057 4404 1289 4460 honoris
1324 4408 1714 4473 argumentum
1769 4409 1874 4456 est.
1909 4399 2064 4466 Quo-

2157 611 2176 644 ι
2223 608 2374 662 ρωσα
2396 606 2410 621 ·
2446 589 2526 644 ἔτι
2559 588 2665 661 μὴν
2696 588 2794 642 καὶ
2821 588 2920 660 τὴν
2957 586 3283 658 σύγκλητον,
3313 588 3407 640 καὶ
3435 587 3533 642 τὸν
3573 587 3761 659 δῆμον

2153 697 2173 732 ι
2228 679 2556 750 Ῥωμαίων,
2605 681 2674 749 τῇ
2717 677 2924 749 ἀρχαίᾳ
2955 677 3286 748 ἐπιφανείᾳ,
3330 678 3426 730 καὶ
3466 681 3542 749 τῇ
3613 678 3758 750 λαμ-

2154 791 2173 824 ι
2221 770 2458 842 πρότητι
2482 769 2882 842 ἐλευθερώσας,
2913 768 3360 839 ἀποκατέστησα.
3398 785 3417 820 ι

2163 927 2266 980 Ἐκ
2305 925 2418 994 τῆς
2473 923 2991 994 ἐκκλησιωτικῆς
3043 919 3339 994 Ἱστορίας
3375 921 3743 994 Σωκράτους

2217 992 2466 1059 ,βιϐλίου
2500 993 2735 1064 πρώτου
2755 1033 2771 1060 ,
2809 995 3024 1064 uaga}.
3063 998 3157 1060 ιη’,
3201 992 3336 1062 περὶ
3378 992 3493 1048 τοῦ
3539 993 3748 1048 αὐτοῦ

2220 1064 2546 1132 βασιλέως.

2231 1208 2251 1242 ι
2287 1191 2442 1246 Μετά
2482 1189 2658 1245 ταῦτα
2705 1192 2762 1244 δὲ
2805 1193 2834 1244 ό
2865 1189 3121 1260 βασιλεὺς
3149 1190 3583 1253 Κωνσταντῖνος
3625 1192 3742 1242 tm-

2157 1283 2484 1355 μελέστερος
2513 1282 2590 1336 ὢν
2619 1283 2688 1336 τά
2733 1282 2864 1354 περὶ
2911 1279 3367 1352 Χριστιανισμοῦ,
3396 1281 3745 1351 ἀπεστράφη

2155 1374 2254 1437 τὰς
2291 1371 2611 1443 Ἑλληνικὰς
2636 1373 2956 1444 θρησκείας,
2989 1373 3083 1426 καὶ
3107 1372 3271 1427 παύει
3300 1373 3367 1426 τὰ
3388 1374 3742 1444 μονομάχιον

2156 1464 2371 1528 εἰκόνας
2406 1464 2464 1518 δὲ
2491 1463 2592 1528 τὰς
2622 1464 2762 1529 ἰδίας
2790 1465 2850 1519 ὲν
2875 1466 2991 1529 τοῖς
3018 1465 3166 1529 ναοῖς
3195 1463 3456 1519 ἀπέθετο.
3504 1482 3526 1516 ι

2158 1679 2467 1750 Στεφάνου
2487 1680 2838 1750 Βοστρηνοῦ
2873 1679 3024 1735 κατὰ
3057 1679 3385 1745 Ἰουδαίων,
3413 1683 3644 1750 vespa).
3675 1678 3742 1732 δ’.

2236 1833 2253 1864 ι
2296 1815 2486 1885 Ἡμεῖς
2512 1815 2610 1879 τὰς
2650 1815 2865 1879 εἰκόνας
2894 1813 3004 1869 τῶν
3036 1813 3210 1884 ἁγίων
3247 1815 3327 1878 εἰς
3369 1816 3606 1885 μνήμην
3637 1814 3746 1867 τῶν

2161 1905 2333 1973 ἁγίων
2369 1907 2709 1977 ἐποιήσαμεν
2729 1949 2744 1972 ,
2780 1901 2890 1960 οἷον
2932 1906 3184 1978 ’Δϐραάμ
3205 1947 3220 1972 ,
3251 1905 3345 1958 καὶ
3377 1905 3610 1970 Ἰσαὰκ,
3651 1905 3748 1957 καὶ

2171 1993 2369 2049 Ἰακὼϐ
2389 2035 2404 2061 ,
2447 1997 2542 2050 καὶ
2569 1998 2849 2062 Μωῦσέως
2871 2039 2887 2064 ,
2939 1999 3035 2054 καὶ
3094 1997 3280 2062 Ἠλία,
3312 1998 3409 2051 καὶ
3435 1997 3746 2069 Ζαχαρίου,

2159 2087 2256 2142 καὶ
2292 2089 2401 2142 τῶν
2458 2089 2663 2144 λοιπῶν
2715 2090 3010 2162 προφητῶν
3053 2091 3147 2144 καὶ
3194 2091 3365 2158 ἁγίων
3411 2089 3748 2160 μαρτύρων,

2159 2180 2269 2234 τῶν
2299 2182 2366 2235 δι’
2398 2182 2562 2236 αὐτὸν
2590 2183 3016 2254 ἀναιρεθέντων,
3059 2184 3149 2238 ἵνα
3178 2184 3286 2246 πᾶς
3311 2185 3340 2237 ὁ
3363 2183 3513 2254 ὀρῶν
3557 2182 3752 2236 αὐτῶν

2159 2274 2258 2338 τάς
2279 2275 2513 2352 εἰκόνας,
2549 2275 2864 2348 μνημονεύῃ
2893 2275 3093 2340 αὐτῶν,
3124 2276 3220 2330 καὶ
3245 2274 3442 2346 δοξάξῃ
3470 2275 3570 2328 τὸν
3595 2273 3750 2342 δοξὰ-

2163 2383 2333 2420 σαντα
2366 2366 2584 2431 αὐτούς.
2625 2387 2646 2422 ι

2251 2587 2362 2643 Τοῦ
2403 2589 2610 2644 αὑτοῦ.
2655 2607 2672 2642 ι
2709 2589 2846 2662 Περὶ
2889 2589 2947 2644 δὲ
2995 2590 3224 2645 εἰκόνων
3267 2576 3751 2664 θαρροῦμεν,’δτι

2163 2678 2272 2731 πᾶν
2323 2677 2486 2749 ἔργον
2514 2677 2800 2748 γινόμενον
2831 2679 2890 2731 ὲν
2931 2679 3158 2750 ὀνόματι
3203 2678 3377 2746 Θεοῦ,
3419 2680 3593 2733 καλὸν
3649 2681 3752 2737 καὶ
3851 2701 3853 2706 ί

2162 2767 2317 2836 ἅγιόν
2343 2769 2480 2822 ἐστι.
2513 2770 2587 2822 Πε
2599 2770 2650 2841 pl.
2669 2769 2725 2822 δὲ
2749 2768 2983 2824 εἰδώλων
3008 2771 3102 2824 καὶ
3127 2769 3479 2842 ἀγαλμάτων,
3514 2773 3712 2842 ἄπαγε
3731 2789 3748 2804 ο

2163 2860 2309 2914 κακὰ
2338 2860 2446 2932 γὰρ
2473 2861 2568 2915 καὶ
2595 2861 2880 2926 ἀλλόκοτα,
2915 2862 3008 2915 καὶ
3036 2861 3200 2927 αὐτὰ,
3236 2862 3332 2916 καὶ
3365 2862 3422 2916 οἰ
3449 2862 3750 2928 ποιοῦντες

2161 2950 2321 3006 αύτά.
2357 2953 2586 3020 Ἕτερον
2617 2952 2727 3024 γάρ
2760 2951 3106 3038 ὲστινκκειίκὼν
3131 2955 3284 3022 ἁγίου
3309 2957 3624 3026 προφήτου,
3651 2958 3752 3011 καὶ

2161 3045 2347 3114 ἕτερον
2399 3043 2620 3115 ἄγαλμα
2671 3045 2704 3115 ἢ
2753 3035 2938 3110 ξόανον
2969 3035 3196 3115 ⁷Κρόνου
3248 3049 3344 3100 καί⁵
3388 3049 3749 3120 Ἀφροδίτης,

2174 3133 2355 3186 Ἠλίου
2380 3151 2440 3188 τε
2475 3135 2569 3188 καὶ
2597 3134 2855 3206 Σελήνης.
2898 3135 3053 3188 Ἐπεὶ
3080 3135 3137 3190 δὲ
3171 3137 3266 3190 καὶ
3295 3136 3591 3208 ἄνθρωπος
3623 3139 3752 3194 κατ’

2165 3224 2348 3277 εἰκόνα
2362 3224 2496 3278 Θεοῦ
2525 3226 2740 3293 γέγονε,
2768 3228 3182 3296 προσκυνεῖται.
3214 3227 3270 3279 ’0
3297 3227 3351 3280 δὲ
3373 3227 3523 3296 ὄφις,
3553 3227 3752 3297 ἐπειδὴ

2164 3313 2327 3367 εἰκών
2363 3315 2478 3367 ἐστι
2526 3315 2810 3378 διαϐόλου,
2845 3315 3154 3386 ἀκάθαρτός
3195 3317 3314 3370 ἐστι
3351 3317 3446 3370 καὶ
3495 3317 3752 3389 ἀπόϐλη-

2163 3420 2272 3468 τος.
2307 3404 2370 3458 Εἰ
2407 3404 2464 3458 δὲ
2489 3405 2558 3458 τὰ
2585 3407 2937 3477 χειροποίητα
2967 3406 3249 3478 ἀποϐάλλῃ
3270 3444 3286 3471 ,
3329 3407 3454 3461 εἰπὲ
3475 3449 3490 3474 ,
3525 3403 3576 3462 ὦ
3616 3409 3752 3463 Ἰου-

2165 3494 2301 3559 δαῖε,
2331 3496 2384 3549 τί
2409 3497 2558 3549 ὲστιν
2583 3497 2678 3550 ἐπὶ
2696 3498 2799 3568 γῆς
2821 3498 3236 3570 ἀχειροποίητον
3257 3499 3287 3552 δ
3311 3503 3752 3570 προσκυνεῖταις

2166 3583 2258 3654 Μὴ
2289 3585 2321 3655 ὴ
2349 3584 2582 3648 κιϐωτὸς
2614 3585 2708 3638 τοῦ
2737 3586 2871 3640 Θεοῦ
2901 3589 3283 3660 χειροποίητος
3307 3583 3373 3661 ἦν
3399 3605 3416 3655 ;
3457 3591 3524 3644 τὸ
3560 3591 3756 3645 θυσια-

2168 3675 2392 3746 στήριον
2415 3716 2428 3738 ,
2459 3677 2555 3730 καὶ
2581 3677 2644 3731 τὸ
2679 3677 2992 3751 ἱλαστήριον
3016 3721 3033 3746 ,
3063 3681 3156 3734 καὶ
3193 3680 3260 3736 τὰ
3291 3681 3583 3753 Χερουϐὶμ
3608 3725 3626 3750 ,
3658 3685 3754 3737 καὶ

2166 3766 2200 3835 ἡ
2234 3766 2467 3836 στάμνος
2494 3768 2527 3838 ή
2560 3770 2760 3840 χρυσῆ,
2802 3769 2835 3840 ἡ
2870 3768 3070 3840 ἔχουσα
3093 3770 3157 3824 τὸ
3187 3771 3385 3841 μάννα,
3417 3771 3517 3824 καὶ
3539 3773 3575 3843 ἡ
3615 3774 3753 3846 τρά-

2166 3852 2329 3921 πεζα,
2373 3856 2468 3909 καὶ
2498 3857 2532 3927 ἡ
2564 3856 2740 3928 σκηνὴ
2777 3859 2812 3928 ἡ
2855 3858 3130 3931 ὲσωτέρα,
3166 3859 3262 3914 καὶ
3292 3860 3472 3915 πάντα
3511 3862 3552 3916 ἁ
3582 3864 3757 3932 ’Δγια

2165 3948 2338 4016 ἁγίων
2367 3949 2679 4022 ἐκλήθησαν
2718 3951 2822 4006 ύπδ
2854 3952 2950 4007 τοῦ
2983 3952 3122 4008 Θεοῦ
3152 3972 3166 4022 ;
3203 3955 3316 4010 Ούκ
3347 3951 3492 4026 ἦσαν
3529 3958 3606 4011 τὰ
3641 3959 3757 4013 Χε-

2170 4041 2369 4113 ρουϐὶμ
2415 4043 2790 4116 χειροποίητα,
2834 4046 3043 4111 εἰκόνες
3094 4048 3386 4117 ἀγγέλων;
3433 4049 3489 4103 τί
3521 4050 3757 4120 λέγεις;

2165 4132 2229 4186 Εἰ
2271 4133 2462 4188 εἴδωλα
2505 4135 2798 4200 ἀποκαλεῖς
2839 4137 2976 4190 αύτά
2998 4179 3013 4204 ,
3062 4138 3116 4192 τί
3166 4138 3345 4207 λέγεις
3396 4139 3478 4210 τῷ
3535 4142 3758 4216 Mariis-ﬁ

2166 4227 2628 4297 προσκυνήσαντι,
2663 4228 2758 4282 καὶ
2781 4227 2859 4299 τῷ
2901 4229 3145 4301 Ἰσραήλ;
3174 4230 3283 4284 Καὶ
3306 4232 3341 4301 ὴ
3374 4231 3473 4301 μὲν
3493 4234 3758 4303 προσκύ-

2166 4333 2340 4387 νησις,
2363 4319 2529 4390 τιμῆς
2553 4321 2668 4373 ἐστι
2690 4319 2980 4391 σύμϐολον.
3013 4320 3214 4385 Καθὼς
3243 4323 3340 4375 καὶ
3372 4324 3537 4393 ἡμεῖς
3571 4325 3762 4398 ἀμαρ-

2164 4409 2324 4462 τωλοὶ
2353 4410 2788 4482 προσκυνοῦμεν,
2825 4411 2918 4466 τὸν
2949 4412 3050 4484 μὲν
3086 4413 3237 4480 Θεὸν,
3271 4413 3408 4468 κατά
3430 4416 3532 4486 τὴν
3559 4417 3762 4490 θεῖιὴν

488 4502 639 4556 circa
668 4513 770 4552 nos
801 4511 1020 4566 quoque
1055 4500 1397 4565 peccatores,
1452 4491 1620 4546 Deum
1667 4489 1892 4561 quidem
1927 4488 2059 4543 ado-

2169 4499 2422 4572 λατρείαν
2480 4503 2574 4556 καὶ
2610 4501 2771 4567 ἀξίαν
2838 4503 3210 4575 προσκύνησιν
3255 4504 3596 4576 δοξάζομεν,
3655 4488 3760 4562 καὶ

488 4603 676 4646 ramus
735 4587 947 4652 divino,
1005 4585 1100 4655 qui
1183 4584 1290 4654 ipsi
1349 4582 1602 4645 debetur,
1647 4582 1824 4635 latria:
1881 4581 2059 4649 cultu,

486 4685 777 4754 ipsumque
807 4695 904 4735 ceu
937 4685 1244 4735 creatorem
1278 4683 1334 4732 et
1364 4673 1670 4730 benelicum
1701 4687 2018 4729 reveremur
2044 4689 2058 4726 :

488 4773 712 4845 angelos
740 4786 891 4836 vero,
925 4768 1132 4839 Deique
1173 4766 1432 4833 famulos,
1485 4765 1555 4820 ad
1609 4764 1702 4818 Dei
1743 4764 1919 4834 ipsius
1947 4765 2065 4836 glo-

487 4867 652 4929 riam,
691 4872 952 4934 tanquam
987 4875 1078 4917 res
1112 4875 1142 4914 a
1175 4858 1284 4914 Deo
1338 4855 1610 4921 conditas,
1664 4855 1825 4926 eique
1872 4855 2062 4926 subje-

487 4962 627 5010 ctas.
666 4952 852 5023 Imago
910 4950 1180 5021 siquidem
1231 4957 1316 5004 est
1377 4960 1577 5002 nomen
1635 4945 2060 5016 similitudoque

487 5047 636 5103 illius
669 5045 764 5116 qui
797 5045 853 5098 in
880 5043 994 5112 ipsa
1024 5041 1274 5110 depictus
1307 5050 1412 5094 est.
1441 5037 1806 5104 Quamobrem
1839 5035 2054 5092 Domini

489 5146 923 5204 sanctorumque
949 5132 1342 5202 prophetarum
1389 5127 1694 5190 cruciatus,
1726 5127 1819 5196 qui
1848 5125 1903 5180 in
1940 5126 2060 5198 lege

488 5239 545 5285 et
600 5226 908 5300 Evangeliis
965 5221 1228 5292 descripti
1278 5227 1430 5285 sunt,
1489 5227 1604 5274 tum
1668 5231 1766 5286 per
1819 5216 2059 5283 litteras,

488 5331 606 5376 tum
653 5336 752 5392 per
807 5319 1106 5388 imaginum
1165 5313 1572 5386 expressiones,
1625 5309 1684 5366 in
1734 5308 2056 5365 memoriam

491 5428 709 5484 semper
735 5424 1081 5470 revocamus.
1111 5425 1132 5462 ι

2161 4593 2440 4666 τρέμομεν
2487 4594 2563 4659 ὡς
2602 4594 2834 4666 ποιητὴν
2870 4595 2965 4649 καὶ
3008 4595 3244 4668 χορηγὸν
3283 4597 3478 4667 ἡμῶν*
3522 4598 3664 4661 τοὺς
3697 4599 3758 4654 δὲ

2162 4685 2432 4753 ἀγγέλους
2476 4685 2837 4759 καὶγδούλους
2879 4686 2975 4740 τοῦ
3022 4687 3161 4740 Θεοῦ
3214 4687 3358 4742 κατά
3427 4687 3603 4759 τιμὴν
3649 4689 3754 4742 τοῦ

2160 4775 2297 4828 Θεοῦ
2323 4814 2340 4840 ,
2389 4776 2466 4839 ὡς
2522 4776 2808 4847 ποιήματα
2849 4777 2946 4830 τοῦ
2979 4775 3116 4830 Θεοῦ
3157 4779 3252 4831 καὶ
3292 4775 3514 4842 δούλους
3551 4778 3754 4834 αὐτοῦ.

2161 4869 2340 4924 Εἰκὼν
2382 4868 2492 4941 γάρ
2538 4870 2688 4923 ἐστιν
2727 4869 2900 4940 ὄνομα
2950 4869 3047 4923 καὶ
3083 4869 3343 4940 ὁμοίωσις
3368 4867 3465 4922 τοῦ
3504 4871 3567 4924 ὲν
3603 4870 3754 4943 αὐτῇ

2162 4961 2482 5034 γραφέντος.
2514 4961 2606 5015 Διὸ
2638 4965 2732 5016 καὶ
2762 4962 3058 5034 γράμμασι
3098 4963 3194 5015 καὶ
3247 4961 3607 5033 χαράγμασιν
3657 4964 3755 5018 ἀεὶ

2166 5051 2579 5124 μνημονεύομεν
2607 5052 2716 5107 τῶν
2743 5053 2838 5107 τοῦ
2875 5054 3080 5124 Κυρίου
3115 5052 3480 5124 παθημάτων,
3507 5055 3608 5107 καὶ
3635 5055 3755 5110 τῶν

2164 5141 2335 5210 ἁγίων
2388 5143 2686 5214 προφητῶν
2708 5181 2724 5210 ,
2770 5142 2880 5198 τῶν
2925 5145 2984 5198 ὲν
3035 5143 3186 5215 νόμῳ
3241 5143 3339 5198 καὶ
3384 5143 3756 5213 Εύαγγελίοις

2163 5237 2582 5309 γεγραμμένων.
2625 5254 2644 5290 ι

2007 5586 2237 5644 NOTAE.

485 5790 518 5832 ⁵
566 5704 688 5829 (δέη
749 5704 974 5763 Deorum
1031 5705 1260 5779 utique,
1313 5705 1429 5764 sive
1479 5706 1780 5774 idolorum;

528 5797 611 5832 Ιηι
652 5813 666 5828 ο

528 5797 666 5843 uni.

1872 5712 1931 5762 ut
1983 5721 2093 5764 non
2164 5705 2307 5763 male
2362 5702 2898 5777 Christophorsonus
2960 5711 3014 5760 et
3081 5698 3334 5758 Valesius
3393 5695 3748 5772 interpretati
