3904 6358
208 301 383 374 137Ὶ
1346 303 1446 365 DE
1472 299 1935 364 IMAGINIBUS
1963 298 2245 359 ORATIO
2276 300 2392 360 III.
3371 301 3470 368 137
3478 320 3515 384 3

214 417 367 474 Τοῦ
400 415 575 487 ἁγίου
631 414 959 487 Γρηγορίω
993 411 1333 487 Nullas-{05,
1380 414 1471 487 ἐκᾼ
1492 411 1599 487 τοῦ
1639 412 1826 481 λόγου

1938 408 2089 478 371
2116 408 2307 464 Sancti
2328 409 2564 487 G_reg_orii
2596 408 2955 475 Nazianzeni,
2974 410 3302 487 egoratione
3327 426 3516 470 contra

420 477 529 544 τοῦ
572 477 1092 541 καίᾶἸὸυλιανοῦ
1127 483 1232 538 τοῦ
1275 477 1640 551 παραϐἀτου.
1727 477 1737 481 ⁷

1951 477 1959 478 ί
1998 477 2005 478 “
2345 477 2626 534 lulianum
2669 490 2973 549 apostatam
3010 481 3077 535 ⁸⁸.

313 595 341 641 τ
382 571 457 633 Ob
489 576 557 632 τὰ
597 575 843 646 σύμϐολα
877 575 976 646 τῆς
1016 574 1109 628 ἐπὶ
1134 572 1310 645 τούτῳ
1339 573 1577 645 πληγῆς,
1602 572 1659 625 αἰ
1687 572 1830 625 εἰκό-

2004 582 2025 618 ι
2065 564 2246 637 Hujus
2292 570 2495 639 quippe
2528 571 2770 627 vulneris
2809 572 2969 643 signa
3001 580 3266 640 promunt
3312 574 3510 646 imagi-

205 683 329 731 νες
362 668 639 739 φέρουσιν,
678 665 761 719 ἐτι
785 665 1043 736 δημοσίαι
1077 662 1455 735 προκείμεναι.
1488 680 1507 714 s

1938 673 2029 715 nes
2057 660 2112 713 in
2145 659 2285 716 locis
2315 663 2552 731 publicis
2576 670 2796 718 erectre.
2828 682 2847 716 ι

211 756 362 813 Τοῦ
392 757 825 827 Χρυσοστόμου
865 755 999 827 (3i),
1038 755 1107 827 ἐκ
1141 752 1253 827 τῆς
1266 752 1580 823 ἑρμηνείας
1610 749 1717 806 τοῦ
1745 749 1830 803 δι-

1938 750 2115 806 Sancti
2180 750 2408 807 Joannis
2471 754 2878 827 Carysostonti,
2940 768 3007 809 ea:
3059 755 3400 810 enarratione
3456 755 3513 811 in

860 823 1034 881 καίου
1088 823 1234 880 Ἰὼϐ.

2521 823 2732 892 justum
2762 824 2887 878 Job.

306 936 334 971 ε
394 919 485 974 Ἐν
507 917 724 982 τούτοις
765 918 904 971 πᾶσι
942 918 1058 980 τοῖς
1106 914 1510 987 συμϐεϐηκόσιν
1534 912 1703 984 αὐτῷ,
1727 912 1830 966 οὑκ

2002 927 2023 963 ι
2056 910 2115 965 1η
2154 910 2241 966 his
2294 911 2557 967 omnibus
2603 928 2726 983 qua:
2782 913 2883 983 ipsi
2937 913 3307 985 contigerunt,
3373 914 3513 969 nihil

203 1008 448 1064 ἔδωκεν
480 1009 794 1081 ἀφροσύνην
831 1007 909 1079 τῷ
945 1007 1098 1079 Θεῷ·
1149 1007 1401 1078 καθάπερ
1428 1006 1521 1059 ἐπὶ
1550 1003 1659 1058 τῶν
1685 1002 1829 1057 εἰκό-

1938 1001 2259 1072 insipienter
2303 1004 2572 1060 adversus
2608 1003 2778 1060 Deum
2827 1005 3047 1061 locutus
3078 1014 3185 1062 est.
3234 1004 3511 1072 Quemad-

202 1114 377 1162 νων,
404 1098 624 1153 ἐπειδάν
659 1114 782 1152 τινα
806 1098 1108 1169 γράφωμεν
1144 1097 1202 1149 ὲν
1225 1097 1291 1166 τῇ
1333 1096 1579 1165 ἱστορικῇ
1616 1093 1827 1163 γραφῇ,

1938 1093 2243 1150 modumin
2295 1095 2632 1166 imaginibus
2672 1111 2796 1151 cum
2848 1096 3167 1167 cujuspiam
3231 1099 3514 1168 pinximus

219 1190 308 1244 '0
360 1189 532 1244 δεῖνα
569 1189 847 1258 ἀνέθηκε,
895 1189 1205 1259 γράφομεν,
1255 1185 1397 1239 οὕτω
1446 1186 1540 1238 καὶ
1569 1183 1825 1249 ἐνταῦθα,

1938 1184 2262 1250 historiam,
2310 1185 2593 1241 ascribere
2646 1185 2894 1240 solemus
2945 1204 2958 1240 :
3026 1184 3101 1239 Ν.
3151 1188 3510 1250 consecravit;

203 1279 338 1352 τὴν
378 1280 558 1334 εἰκόνα
580 1281 678 1350 τῆς
706 1280 884 1351 ψυχῆς
906 1278 1069 1334 αὐτοῦ
1096 1277 1333 1350 γράψας,
1370 1278 1398 1329 ὁ
1421 1276 1637 1347 γράψας
1658 1274 1719 1328 τὸ
1746 1274 1829 1345 βι-

1938 1278 2013 1334 sic
2066 1280 2161 1348 qui
2216 1278 2417 1334 librum
2480 1279 2627 1334 hunc
2680 1280 2924 1351 scripsit,
2973 1288 3263 1351 postquam
3314 1282 3514 1335 animze

208 1372 417 1440 ὀλίον,
441 1372 629 1443 ὥσπερ
666 1373 722 1424 ὲν
746 1369 995 1442 χοινικίδι
1022 1370 1268 1424 κάτωθεν
1303 1369 1634 1438 ὑπογράφων
1655 1366 1824 1436 λέγει·

1938 1369 2080 1425 illius
2115 1370 2409 1440 imaginem
2438 1370 2753 1436 delineavit,
2796 1371 2944 1426 velut
2994 1371 3053 1425 in
3099 1379 3345 1426 extrema
3394 1386 3513 1423 mo-

224 1461 362 1518 Ἐν
404 1465 637 1528 τούτοις
676 1462 829 1517 πᾶσι
876 1462 999 1529 τοῖς
1028 1461 1480 1532 συμϐεϐηκόσιν
1507 1456 1667 1526 αὐτῷ
1710 1461 1823 1528 οὐχ

1938 1460 2057 1516 dioli
2084 1468 2244 1530 parte
2266 1460 2658 1526 subscribens,
2698 1460 2837 1514 dixit
2869 1477 2883 1514 :
2926 1458 2992 1514 In
3026 1461 3265 1515 omnibus
3294 1461 3373 1515 his
3400 1475 3516 1530 qtae

212 1553 514 1623 ἥμαρτεν
557 1552 699 1609 Ἰὼϐ.
739 1572 757 1605 ι

1938 1550 2240 1605 acciderunt
2262 1551 2385 1620 ipsi,
2418 1566 2522 1604 non
2555 1551 2786 1618 peccavit
2813 1549 2914 1603 Job
2954 1550 3026 1604 ⁸³.
3068 1568 3088 1603 ι

210 1645 336 1698 Ἐκ
370 1645 479 1699 τοῦ
494 1645 640 1709 ,βίου
658 1646 764 1700 τοῦ
784 1646 959 1717 ἁγίου
984 1645 1470 1709 Κωνσταντίνου,
1483 1643 1733 1709 βιϐλίου
1754 1640 1825 1697 δ’.

2034 1641 2103 1698 1η
2141 1642 2262 1697 Vita
2287 1644 2458 1698 sancti
2486 1641 2825 1698 Constantini
2863 1641 2995 1695 libro
3025 1658 3077 1696 IV
3114 1640 3258 1712 (cap.
3296 1640 3407 1713 15).

312 1752 335 1786 ι
378 1735 517 1805 Ὄση
550 1733 605 1788 δὲ
635 1736 799 1790 αὐτοῦ
833 1738 865 1809 ἡ
896 1737 1074 1808 ψυχὴ,
1109 1737 1345 1799 πίστεως
1382 1734 1569 1788 ἐνθέου
1608 1735 1826 1805 ἐστήρι-

2001 1750 2022 1784 ι
2057 1731 2276 1799 Quanto
2316 1740 2499 1788 autem
2546 1731 2671 1787 ﬁdei
2700 1732 2898 1787 robore
2939 1732 3164 1788 animus
3198 1732 3317 1802 ejus
3350 1732 3516 1788 obﬁr-

216 1842 338 1878 κτο
368 1825 615 1896 δυνάμει,
646 1827 806 1895 μάθοι
836 1827 903 1882 ἄν
928 1845 1011 1892 τις
1041 1828 1135 1881 καί⁵
1176 1829 1241 1881 ὲκ
1281 1825 1455 1891 τοῦδε,
1480 1826 1828 1896 λογιζόμενος

215 1917 310 1979 ὡς
335 1918 402 1969 ὲν
421 1917 532 1979 τοῖς
552 1919 772 1987 χρυσοῖς
792 1918 1142 1989 νομίσμασιν,
1164 1916 1324 1981 αὐτὸς
1348 1916 1445 1989 τὴν
1461 1917 1526 1969 αὑ
1537 1914 1625 1969 τοῦ
1645 1915 1829 1969 εἰκόνα

213 2008 591 2079 διεγράφετο,
642 2008 719 2073 ὠς
754 2010 866 2064 ἄνω
906 2009 1125 2080 βλέπειν
1168 2010 1380 2077 δοκεῖν,
1417 2009 1827 2081 ἀνατεταμένην

219 2100 386 2171 πρὸς
406 2099 560 2168 Θεὸν,
583 2101 880 2172 εὐχομένου
907 2102 1128 2173 τρόπον.
1160 2102 1363 2155 Τούτου
1400 2101 1498 2172 μὲν
1518 2096 1609 2155 οὖν
1638 2101 1709 2155 τὰ
1737 2103 1829 2154 ὲκ-

218 2207 294 2243 τυ
306 2190 572 2262 πώματα,
611 2191 729 2246 καθ’
761 2193 890 2264 ὅλης
914 2194 1012 2264 τῆς
1048 2192 1336 2265 Ῥωμαίων
1358 2194 1459 2264 γῆς
1485 2207 1534 2259 ι,
1569 2194 1626 2246 ἐν
1646 2194 1829 2257 αὐτοῖς

215 2283 286 2337 δὲ
319 2284 443 2347 τοῖς
472 2283 762 2353 βασιλείοις
812 2285 954 2339 κατά
999 2304 1149 2349 τινας
1172 2285 1377 2351 πόλεις,
1416 2288 1472 2339 ὲν
1514 2288 1631 2349 ταῖς
1662 2287 1741 2349 εἰς
1768 2287 1829 2340 τὸ

221 2374 525 2448 μετέωρον
545 2374 655 2429 τῶν
684 2377 974 2448 προπύλων
999 2378 1387 2448 ἁνακειμέναις
1411 2378 1631 2442 εἰκόσιν,
1658 2377 1828 2442 ἑστὼς

217 2464 427 2535 ὄρθιος
454 2466 746 2539 ἐγράφετο,
783 2469 894 2524 ἄνω
919 2468 1019 2539 μὲν
1050 2469 1131 2534 εἰς
1151 2468 1242 2523 τὸν
1262 2467 1491 2540 οὐρανὸν
1516 2467 1826 2538 ἐμϐλέπων,

221 2561 315 2614 τώ
342 2561 494 2630 χεῖρε
527 2560 893 2630 ἐκτεταμένω,
945 2561 1239 2633 εὐχομένου
1269 2562 1529 2631 σχήματι.
1558 2555 1688 2613 ’Ὧδε
1730 2561 1829 2631 μὲν

165 2649 173 2656 ⁷
222 2646 333 2705 οὖν
366 2650 530 2716 αὐτὸς
570 2652 764 2707 ἑαυτὸν
810 2654 870 2707 ὲν
899 2655 1020 2717 ταῖς
1069 2652 1507 2725 εἰκονογραφίαις
1536 2652 1829 2724 εὐχόμενον

228 2745 471 2817 ἐξερρξὶ
513 2761 533 2796 ι

484 2918 594 2973 Τοῦ
617 2918 825 2986 αὐτοῦ,
855 2918 924 2973 ἐκ
958 2919 1064 2974 τοῦ
1092 2918 1293 2988 τρίτου
1314 2919 1581 2985 βιϐλίου.

315 3028 337 3062 ι
370 3001 502 3065 Ὧδε
534 3009 633 3081 μὲν
662 3007 756 3063 οὖν
781 3012 812 3080 ἡ
852 3010 1115 3080 βασιλέως
1144 3009 1440 3085 ἐτελειονῇτο
1474 3012 1679 3083 μήτηρ,
1703 3011 1831 3076 ἀξία

1934 1830 2120 1880 matus
2150 1821 2332 1889 fuerit,
2366 1838 2434 1878 ex
2468 1837 2534 1879 eo
2558 1823 2769 1893 quisvis
2799 1822 3091 1892 intelligat,
3123 1823 3267 1893 quod
3322 1825 3506 1878 aureis

1934 1913 1989 1969 in
2022 1914 2263 1970 nummis
2290 1928 2445 1971 suam
2476 1913 2595 1983 ipse
2627 1912 2923 1984 imaginem
2963 1912 3039 1966 ita
3074 1913 3336 1984 cogitavit
3363 1914 3515 1969 effin-

1934 2004 2207 2075 gendam,
2246 2014 2305 2060 ut
2359 2005 2415 2059 in
2462 2004 2830 2074 supplicantis
2874 2003 3094 2058 modum
3140 2017 3403 2059 conversa
3445 2001 3516 2057 ad

1934 2096 2106 2152 Deum
2166 2096 2328 2162 facie,
2381 2105 2632 2167 spectare
2687 2110 2909 2152 sursum
2962 2093 3269 2152 videretur.
3331 2094 3515 2163 Atque

1933 2188 2054 2259 ejus
2084 2188 2308 2258 quidem
2342 2187 2545 2259 eﬂigies
2576 2189 2858 2259 impressae
2896 2202 2994 2257 per
3045 2187 3357 2242 universam
3400 2183 3514 2241 Ro-

1934 2294 2222 2334 manorum
2244 2280 2520 2357 ditionem
2573 2280 2997 2349 spargebantur.
3035 2277 3381 2344 Quibusdam
3415 2293 3517 2332 au-

1934 2377 2043 2425 tem
2097 2370 2155 2424 in
2206 2369 2524 2425 civitatibus
2555 2369 2611 2424 in
2644 2367 2998 2425 eminentiori
3050 2368 3325 2439 regiarum
3373 2367 3521 2438 ipsa-

1934 2475 2058 2515 rum
2118 2460 2366 2530 porticus
2419 2468 2579 2531 parte
2635 2460 2902 2531 imagines
2964 2459 3138 2529 ipsius
3194 2460 3271 2513 ita
3328 2458 3521 2530 depin-

1935 2552 2221 2622 gebantur,
2255 2559 2319 2605 ut
2352 2562 2537 2607 rectus
2568 2550 2709 2621 ipse,
2740 2549 3130 2620 protensisque
3161 2548 3520 2620 supplicantis

1935 2658 2089 2698 more
2124 2643 2378 2699 manibus
2413 2651 2592 2711 stans,
2640 2644 2839 2699 caelum
2884 2642 3214 2712 suspiceret.
3265 2639 3359 2696 Sic
3390 2656 3520 2713 ergo

1936 2740 2180 2807 seipsum
2236 2738 2292 2793 in
2347 2738 2581 2810 picturis
2646 2738 2925 2809 precantis
2972 2736 3164 2792 habitu
3217 2749 3521 2808 mesen-

1936 2828 2109 2902 πέψω.
2151 2847 2172 2881 ι

2367 2920 2623 2989 Ejusdem
2652 2936 2718 2977 ex
2747 2922 2881 2977 libro
2916 2921 3095 2977 tertio.

2013 3031 2033 3066 ι
2070 3015 2187 3070 Hoc
2225 3013 2392 3085 igitur
2425 3014 2592 3069 modo
2621 3014 2974 3084 imperatoris
3004 3020 3179 3067 mater
3206 3011 3393 3089 vivere
3424 3010 3519 3067 dc-

228 3121 297 3157 τε
330 3103 503 3174 τιμῆς
536 3102 812 3173 πλείστης,
875 3102 983 3157 τῶν
1034 3120 1095 3155 τε
1135 3103 1309 3175 αὐτῆς
1349 3103 1513 3157 ἕνεκα
1569 3103 1830 3173 θεοφιλῶν

1938 3105 2046 3186 siit,
2071 3120 2218 3177 quae,
2241 3119 2365 3161 cum
2396 3112 2624 3176 propter
2670 3106 2955 3176 religionis
2984 3119 3048 3160 ac
3078 3105 3297 3176 pietatis
3327 3120 3519 3175 opera,

231 3194 525 3267 πράξεων,
560 3194 655 3249 τοῦ
706 3210 765 3247 τε
820 3193 881 3259 ἐξ
931 3195 1103 3266 αὐτῆς
1157 3193 1353 3265 φύντος
1387 3194 1699 3266 ὑπερφυοῦς
1735 3197 1833 3249 καὶ

233 3286 553 3358 παραδόξου
603 3286 771 3355 φυτοῦ
792 3302 805 3316 ·
853 3285 912 3340 ὃν
943 3287 1079 3357 πρὸς
1129 3289 1243 3351 τοῖς
1272 3287 1466 3354 ἅπασι,
1504 3286 1600 3342 καὶ
1626 3287 1725 3358 τῆς
1752 3288 1833 3351 είς

232 3380 342 3448 τὴν
366 3377 777 3449 γεννησαμένην
798 3378 971 3443 ὁσίας,
997 3378 1321 3449 μακαρίζειν
1344 3379 1514 3445 ἄξιον.
1550 3378 1707 3433 Οὕτω
1732 3380 1832 3450 μὲν

234 3467 418 3539 αὐτὴν
439 3467 663 3540 θεοσεϐῆ
685 3471 1129 3539 καταστήσαντα,
1165 3467 1240 3539 μὴ
1261 3464 1426 3523 οὖσαν
1455 3468 1515 3522 τὸ
1544 3470 1830 3541 πρότερον,

234 3561 319 3624 ὡς
353 3558 507 3631 αύτῷ
538 3560 714 3615 δοκεῖν
744 3562 809 3614 ὲκ
844 3560 1065 3631 πρώτης
1087 3559 1165 3631 τῷ
1201 3558 1366 3629 κοινῷ
1409 3560 1625 3630 Σωτῆρι
1653 3560 1833 3631 μεμά-

236 3632 545 3721 θητεῦσοαι
566 3666 578 3682 ·
622 3649 766 3703 οὕτω
803 3649 860 3703 δὲ
882 3649 961 3720 τῷ
993 3648 1268 3721 ἀξιώματι
1313 3647 1581 3719 βασιλικῷ
1609 3666 1832 3720 τετιμη-

237 3740 402 3804 κότα,
433 3738 510 3804 ὡς
529 3741 587 3794 ὲν
615 3740 815 3794 ἆπασιν
836 3739 1035 3805 ἔθνεσι,
1063 3740 1160 3793 καὶ
1180 3738 1310 3811 παρ’
1331 3739 1515 3803 αὐτοῖς
1536 3741 1647 3803 τοῖς
1670 3757 1833 3811 στρα-

235 3833 520 3894 τιωτικοῖς
565 3832 861 3902 τάγμασιν,
893 3832 1254 3901 Αὑγούσταν
1284 3828 1584 3895 βασιλίδα
1634 3830 1831 3899 ἀναγο-

242 3919 532 3992 ρεύεσθαι,
563 3924 787 3991 χρυσοῖς
822 3939 880 3975 τε
911 3920 1212 3993 νομίσμασι
1242 3919 1338 3973 καὶ
1360 3918 1457 3991 τὴν
1482 3918 1654 3991 αὐτῇς
1674 3921 1833 3973 ὲκτυ-

239 4016 484 4073 ποῦσθαι
509 4014 713 4069 εἰκόνα.
750 4033 771 4067 ι

391 4277 511 4334 Τοῦ
542 4274 730 4332 αὐτοῦ
764 4274 1046 4345 τετάρτου
1076 4273 1287 4344 λόγου,
1332 4273 1547 4342 κεφαλ.
1580 4271 1688 4338 ἔθ’.

210 4398 217 4440 ε
316 4391 337 4425 ι
371 4371 445 4425 Oi
464 4368 521 4423 δὲ
553 4367 653 4440 τὴν
674 4366 921 4438 βασιλίδα
945 4365 1098 4420 πόλιν
1123 4363 1416 4431 οἰκοῦντες,
1440 4363 1581 4435 αύτῇ
1609 4364 1675 4434 τῇ
1699 4378 1829 4431 συγ-

1934 3198 2130 3255 honori
2167 3198 2405 3267 Plurimo
2447 3198 2614 3268 digna
2662 3196 2786 3263 fuit,
2820 3206 2936 3252 tum
2976 3204 3199 3268 propter
3236 3196 3520 3253 excellen-

1935 3297 2044 3344 tem
2066 3295 2122 3344 et
2152 3288 2537 3344 admirabilem
2574 3288 2818 3359 plantam
2856 3288 3007 3343 illam
3039 3301 3208 3358 quam
3239 3301 3307 3342 ex
3332 3302 3391 3343 se
3420 3301 3517 3357 ge-

1933 3380 2085 3444 nuit;
2127 3393 2297 3448 quem
2328 3377 2571 3448 quidem,
2604 3393 2730 3433 cum
2769 3378 3033 3435 omnibus
3064 3378 3190 3433 aliis
3214 3375 3283 3433 de
3310 3378 3518 3443 causis,

1932 3478 2048 3524 tum
2081 3468 2151 3523 ob
2180 3469 2302 3538 ejus
2328 3483 2458 3539 erga
2486 3476 2724 3524 matrem
2756 3468 3012 3539 pietatem
3056 3469 3277 3524 beatum
3321 3468 3521 3539 praedi-

1933 3574 2062 3616 care
2092 3560 2398 3616 debemus:
2452 3559 2660 3630 quippe
2703 3560 2800 3630 qui
2852 3560 3023 3626 illam,
3056 3574 3181 3614 cum
3216 3558 3313 3615 Dei
3344 3560 3518 3615 cultui

1933 3649 2149 3706 addicta
2173 3650 2326 3721 prius
2356 3664 2467 3704 non
2497 3657 2664 3716 esset,
2700 3651 2784 3707 sic
2813 3650 3134 3720 religiosam
3166 3649 3426 3717 reddidit,
3460 3662 3520 3706 ut

1932 3756 1963 3797 a
1995 3742 2255 3813 primzeva
2293 3748 2456 3797 aetate
2508 3755 2540 3796 a
2590 3743 2873 3797 communi
2924 3742 3174 3797 omnium
3234 3741 3522 3799 Salvatore

1930 3833 2144 3889 erudita
2174 3832 2473 3889 videretur.
2501 3831 2678 3903 Ipsam
2703 3832 2925 3888 demum
2960 3832 3316 3904 imperatoria
3344 3832 3521 3904 digni-

1931 3930 2043 3976 tate
2072 3922 2472 3985 cohonestavit,
2504 3930 2566 3976 ut
2611 3922 2754 3992 apud
2790 3937 2982 3979 omnes
3012 3931 3203 3994 gentes
3226 3966 3242 3991 ,
3299 3937 3518 3979 necnon

1932 4010 2075 4082 apud
2094 4012 2357 4082 ipsasmet
2374 4013 2610 4068 militum
2638 4013 2918 4079 cohortes,
2946 4015 3260 4083 imperatria:
3279 4015 3519 4087 Augusta

1931 4102 2400 4173 proclamaretur,
2429 4102 2719 4174 imagoque
2752 4103 2876 4173 ejus
2905 4102 3156 4160 nummis
3184 4103 3372 4161 aureis
3409 4104 3517 4160 im-

1931 4194 2280 4265 primeretur.
2325 4212 2346 4246 ι
2424 4242 2427 4245 ι

2288 4283 2545 4354 Ejusdem
2573 4299 2639 4340 ex
2672 4283 2808 4340 libro
2837 4299 2912 4351 ιν,
2945 4300 3063 4355 cap.
3097 4283 3188 4342 69.

2011 4395 2029 4428 ι
2064 4374 2169 4442 Qui
2220 4391 2351 4431 vero
2394 4377 2586 4432 urbem
2619 4376 2825 4448 regiam
2865 4376 3205 4445 incolebant,
3249 4392 3359 4433 una
3391 4391 3517 4435 cum

214 4436 438 4561 ξκλήτιρ
467 4436 751 4561 metm?
804 4458 1133 4561 Ῥωμαίων,
1179 4457 1257 4561 ὡς
1286 4456 1405 4561 τὴνὶ
1428 4454 1692 4561 βασιλέως
1736 4456 1830 4561 ιπ-

1940 4436 2134 4523 εοιιοῖιι
2164 4469 2477 4539 populoque
2506 4436 2780 4535 Romano,
2814 4468 2906 4526 ubi
2939 4436 3519 4541 primum'imperato-

222 4528 225 4617 ί,
244 4528 500 4623 έγνῠωσαν
521 4528 776 4619 τελευτὴν
802 4593 818 4617 ,
855 4528 1001 4621 δεινῇ
1047 4549 1144 4603 καὶ
1188 4551 1368 4619 πάσης
1733 4547 1835 4601 ἐπ-

246 4647 437 4702 έκεινα
464 4648 530 4715 τῇ
562 4645 699 4715 ἀκοῇ
730 4643 1025 4713 δεδεμένοι,
1049 4640 1244 4703 πένθος
1274 4641 1499 4710 ἄσχετον
1530 4639 1833 4694 ἐποιοῦντο.

249 4740 472 4812 Λουτρὰ
500 4738 555 4791 δὲ
582 4736 935 4792 ἁπεκλείοντο
956 4736 1048 4788 καί
1068 4735 1284 4805 ἀγοραὶ,
1310 4734 1481 4806 πάνδη
1492 4734 1580 4805 μοί
1600 4751 1660 4788 τε
1691 4733 1832 4798 θέαι,

94 4810 117 4835 Α
178 4822 215 4839 Μ
252 4833 346 4885 καὶ
382 4810 567 4885 ’πάντα
603 4830 704 4883 ὅσα
737 4829 828 4881 ἐπὶ
854 4826 1105 4900 ῥᾳστώνῃ
1133 4827 1249 4897 βίου
1275 4829 1390 4891 τοῖς
1410 4826 1835 4897 εύθυμουμένοις

254 4924 517 4993 πράττειν
548 4920 669 4985 ἔθος
703 4917 793 4992 ἦν.
829 4922 1110 4990 Κατηφεῖς
1152 4919 1208 4973 δὲ
1264 4920 1312 4972 οἱ
1343 4918 1507 4973 πάλαι
1545 4919 1829 4989 τρυφηλοί,

258 5013 355 5077 τὰς
390 5013 649 5085 προόδους
680 5013 961 5067 ἐποιοῦντο
982 5027 993 5041 ⁶
1046 5012 1179 5081 ὁμοῦ
1204 5030 1263 5065 τε
1296 5013 1497 5076 πάντες
1530 5011 1622 5064 τὸν
1652 5013 1831 5081 μακά-

262 5123 373 5176 ριον
420 5105 793 5176 ἀνευφήμουν,
843 5105 935 5157 τὸν
970 5103 1215 5172 θεοφιλῆ,
1252 5103 1344 5157 τὸν
1388 5102 1463 5166 ὼς
1493 5102 1706 5173 ἀληθῶς
1735 5102 1834 5170 τῆς

360 5285 403 5318 ³³
441 5283 654 5339 lnvect.
684 5283 901 5352 I,p.93.
976 5282 1021 5314 ⁸³
1048 5282 1150 5337 Job
1199 5298 1237 5346 ι,
1277 5280 1367 5336 22.

1933 4559 2017 4617 ris
2054 4560 2264 4615 obitum
2299 4571 2649 4632 acceperunt,
2676 4562 2875 4619 acerbo
2901 4567 2958 4615 et
2985 4561 3181 4632 quavis
3204 4560 3520 4617 calamitate

1937 4651 2176 4723 graviori
2203 4653 2399 4708 nuntio
2426 4653 2692 4723 perculsi,
2727 4653 2937 4708 nullum
2968 4652 3143 4708 luctui
3166 4653 3390 4707 modum
3420 4669 3517 4723 po-

1935 4748 2185 4796 suerunt.
2221 4740 2438 4798 Balnea:
2480 4750 2535 4797 et
2567 4743 2686 4797 [ora
2715 4742 2899 4799 clausa
2946 4751 3097 4806 sunt,
3127 4742 3346 4812 publica
3376 4757 3517 4811 quo-

1934 4844 2045 4900 que
2086 4831 2425 4900 spectacula,
2448 4839 2503 4888 et
2529 4846 2876 4903 quaecunque
2901 4830 3159 4885 homines
3198 4831 3313 4884 otio
3341 4829 3513 4885 dediti

1935 4931 1989 4975 et
2014 4921 2175 4991 genio
2208 4922 2555 4993 indulgentes
2589 4922 2899 4979 consectari
2950 4922 3151 4987 solent,
3197 4919 3515 4977 intermissa

1938 5021 2086 5066 sunt.
2126 5013 2233 5078 Qui
2269 5022 2395 5070 ante
2443 5016 2498 5069 in
2549 5015 2763 5072 deliciis
2811 5013 3193 5079 versabantur,
3253 5010 3509 5083 vultujn

1938 5113 2139 5173 terram
2177 5107 2415 5181 demisso
2446 5109 2705 5165 incedere
2734 5122 2953 5179 unaque
2984 5119 3172 5165 omnes
3212 5115 3349 5160 voce
3381 5100 3512 5157 bea-

1554 5371 1790 5430 VARUE
1824 5372 2232 5431 LECTIONES.

336 5506 364 5539 ι
392 5492 562 5583 Deest
592 5509 697 5550 vox
724 5492 1022 5564 διέτρεχεν,
1058 5509 1120 5550 ex
1155 5491 1393 5549 Eusebio
1426 5492 1755 5562 supplenda.

1772 5602 2002 5658 NOTIE.

340 5724 448 5796 (Si)
486 5723 544 5781 S.
598 5724 977 5796 Chrysostomi
1037 5722 1418 5779 commentarii
1454 5722 1510 5778 in
1570 5720 1671 5779 Job
1720 5721 2023 5794 fragmenta
2050 5727 2265 5777 exstant
2298 5720 2351 5775 in
2380 5728 2576 5777 catena
2606 5716 2779 5775 Junii.
