3904 6358
455 338 593 402 1363

1644 340 1702 397 S.
1742 334 2062 399 JOANNIS
2100 335 2533 398 DAMASCENI

3577 338 3736 406 ΠΜ

401 439 406 462 ἦ
453 451 889 517 Melchisedech,
940 450 1149 507 fuerint
1199 451 1549 508 adumbratio
1600 453 1748 524 prior
1796 451 2005 521 pictura

2137 467 2274 520 μασι
2300 454 2509 524 γραφή.
2547 452 2627 506 Τὰ
2683 454 2985 524 πράγματα
3039 452 3106 506 τὰ
3156 452 3441 523 μέλλοντος
3490 454 3735 519 αἰῶνος.
3795 527 3800 534 ἱ

449 560 570 616 ηοω
601 543 880 600 coloribus
909 554 1101 600 ornata
1134 545 1239 600 fuit
1266 562 1282 601 :
1311 545 1490 617 gratia
1525 560 1656 600 vero
1693 554 1746 599 et
1781 543 2018 607 veritas,

448 635 680 704 ipsamet
708 633 922 703 pictura
953 635 1238 692 coloribus
1269 637 1625 706 ampliﬁcata.
1658 633 1766 690 Res
1798 632 2018 688 domum

2138 541 2228 605 Ὦς
2258 537 2397 596 εἶναι
2429 544 2527 613 τὴν
2557 544 2821 610 Παλαιὰν,
2849 543 3022 597 τύπου
3058 542 3228 597 τύπον
3248 559 3260 574 '
3303 545 3398 598 καὶ
3418 545 3524 616 τὴν
3548 545 3730 611 Νέαν,

2126 630 2234 685 τῶν
2255 635 2594 705 πραγμάτων
2616 635 2805 688 τύπον.
2835 653 2854 686 ι

447 740 578 793 ipse
615 724 682 781 ad
723 724 970 782 futurum
1011 730 1273 784 saeculum
1312 738 1586 799 spectant.
1617 725 1990 795 Quamobrem
2024 719 2197 779 Vetus
2225 723 2632 784 Testamentum
2659 735 2743 784 est
2773 727 2947 799 ﬁgura
2984 726 3208 798 ﬁgurae;
3240 726 3452 785 Novum
3485 737 3689 785 autem
3711 767 3727 792 .

448 835 627 876 rerum
664 821 911 890 ipsarum
945 823 1142 892 ﬁgura.
1177 842 1195 875 ι

445 912 608 993 365
648 913 916 993 Seueriani
978 916 1304 993 Gabalorum
1342 920 1613 993 episcopi,
1668 933 1733 993 ea:
1786 930 2005 972 sermom

2125 911 2496 993 Σευηριανοῦ
2515 910 2828 993 Γέιόάλων,
2879 912 3003 993 dett:
3047 910 3247 993 λόγου
3262 910 3366 966 τοῦ
3390 913 3480 978 εις
3521 912 3602 993 Et}
3624 912 3722 981 ἐν·

587 985 642 1037 in
669 987 916 1052 pretiosis
940 997 990 1042 et
1020 989 1240 1058 viri/ica:
1272 985 1445 1044 crucis
1470 985 1876 1044 dedicationem.

523 1093 542 1126 ι
571 1073 807 1144 Quinam
845 1076 1016 1149 igitur
1051 1077 1258 1132 factum
1288 1088 1408 1143 est,
1443 1089 1502 1133 ιιι
1532 1080 1712 1150 intago
1748 1075 2024 1134 maledicti

2266 981 2465 1034 καίνια
2486 981 2590 1036 τοῦ
2620 983 2816 1052 τιμίου
2839 980 2937 1036 καί
2964 979 3250 1041 ζωοποιοῦ
3271 983 3576 1050 σταυροῦ.

2199 1091 2217 1123 ι
2258 1072 2383 1138 Πῶς
2412 1067 2504 1128 οὖν
2543 1075 2575 1144 ἡ
2607 1072 2772 1126 είκὼν
2803 1072 2898 1126 τοῦ
2951 1073 3356 1144 ἐπικαταράτου
3401 1074 3616 1144 ἡνεγκε
3639 1073 3715 1143 τῷ

449 1169 657 1237 populo
725 1169 1132 1228 calamitatibus
1183 1173 1390 1242 jactato
1436 1172 1678 1228 salutem
1736 1170 2005 1228 attulerit‘

2122 1162 2237 1232 λαῷ
2286 1164 2342 1217 ἐν
2373 1165 2632 1234 συμφορᾷ
2684 1163 3067 1234 χειμαζομένῳ
3091 1164 3403 1234 σωτηρίαν;
3436 1158 3598 1234 Ἆρα
3620 1162 3712 1216 οὖν

445 1255 638 1314 Nonne
666 1260 1023 1318 verisimilius
1051 1262 1282 1320 dixisset
1311 1282 1326 1319 :
1359 1263 1415 1320 Si
1445 1265 1572 1334 quis
1600 1271 1842 1322 vestrum
1871 1277 2019 1316 mor-

447 1363 542 1402 sus
594 1347 794 1416 fuerit,
845 1351 1047 1408 omium
1136 1353 1400 1423 aspiciat,
1455 1363 1550 1408 aut
1599 1353 2017 1410 tabernaculum

449 1435 540 1490 Dei
563 1475 578 1501 ,
613 1444 668 1494 et
691 1439 922 1496 salutem
953 1444 1368 1512 consequetur?
1395 1443 1596 1499 Verum
1631 1432 1718 1501 his
1746 1443 1839 1500 ille
1868 1450 2019 1514 post-

445 1525 649 1585 habitis
670 1567 686 1595 ,
719 1532 908 1588 crucis
941 1539 1154 1588 tantum
1193 1535 1487 1606 imaginem
1522 1537 1737 1592 statuit.
1778 1535 1892 1591 Cur
1919 1551 2017 1590 au-

446 1631 552 1676 tem
581 1621 694 1677 haec
726 1623 914 1680 fecerit
943 1624 1182 1698 Moyses,
1211 1628 1304 1698 qui
1333 1635 1497 1685 antea
1526 1631 1731 1699 popqu
1757 1629 1972 1685 dixerat
1998 1647 2010 1683 :

446 1709 562 1765 Non
600 1712 767 1782 facies
809 1714 907 1769 tibi
955 1717 1232 1784 sculptile,
1286 1734 1448 1789 neque
1493 1719 1799 1788 conﬂatile,
1852 1737 2014 1792 neque

2125 1257 2224 1311 ούκ
2250 1252 2318 1327 ἦν
2348 1254 2792 1325 ἀξιοπιστότερον
2821 1257 2995 1309 εἰπεῖν
3023 1272 3038 1288 ο
3074 1256 3202 1309 Ἐάν
3222 1273 3308 1318 τις
3329 1254 3487 1326 ὑμῶν
3505 1255 3709 1326 δηχθῇ,

2125 1351 2312 1421 βλέψει
2341 1352 2420 1415 είς
2444 1351 2536 1406 τὸν
2565 1350 2796 1424 οὐρανὸν
2825 1350 2938 1404 ἄνω
2979 1350 3120 1422 πρὸς
3149 1349 3242 1404 τὸν
3261 1349 3416 1415 Θεὸν,
3466 1350 3572 1403 καὶ
3601 1367 3708 1403 σω-

2123 1442 2370 1511 θήσεται,
2417 1443 2451 1513 ἢ
2499 1443 2579 1506 είς
2609 1442 2708 1512 τὴν
2740 1441 2946 1512 σκηνὴν
2982 1441 3077 1495 τοῦ
3105 1442 3280 1508 Θεοῦ;
3327 1442 3490 1496 Ἀλλὰ
3533 1442 3707 1496 ταῦτα

2122 1533 2386 1604 παριδὼν,
2443 1533 2604 1603 μόνον
2664 1532 2764 1605 τὴν
2819 1531 3003 1585 είκόνα
3051 1531 3146 1586 τοῦ
3209 1531 3446 1602 σταυροῦ
3485 1533 3702 1602 ἔπηξε·

2119 1626 2207 1679 διὰ
2235 1625 2288 1678 τί
2317 1620 2412 1679 οὖν
2443 1623 2617 1678 ταῦτα
2657 1623 2828 1676 ἐποίει
2869 1623 3108 1694 Μωῦσῆς
3133 1663 3149 1688 ,
3186 1625 3216 1676 ὁ
3246 1623 3419 1676 είπὼν
3447 1623 3530 1692 τῷ
3551 1623 3702 1694 λαῷ·

2113 1717 2196 1770 Οὐ
2230 1715 2511 1783 ποιήσεις
2531 1713 2767 1780 σεαυτῷ
2813 1715 3106 1783 γλυπτὸν,
3161 1715 3307 1768 οὐδὲ
3364 1717 3698 1784 χωνευτὸν,

443 1804 608 1864 ullam
639 1807 1044 1864 similitudinem
1083 1826 1293 1876 eorum,
1335 1827 1451 1883 qum
1485 1823 1607 1866 sunt
1643 1814 1697 1866 in
1727 1813 1858 1866 caelo
1897 1829 2005 1867 sur-

2119 1809 2261 1865 οὐδὲ
2294 1808 2416 1864 πᾶν
2445 1807 2726 1878 ὁμοίωμα,
2757 1807 2874 1861 ὅσα
2931 1805 3005 1860 ἐν
3027 1803 3106 1872 τῷ
3151 1806 3386 1874 οὐρανῷ
3417 1807 3568 1870 ἀνω,
3599 1809 3698 1862 καί

440 1911 558 1950 sum
583 1937 598 1961 ,
642 1907 737 1952 aut
771 1899 825 1952 in
860 1907 1004 1956 terra
1036 1900 1322 1967 deorsum,
1364 1913 1457 1956 aut
1493 1904 1545 1956 in
1581 1904 1768 1972 aquis,
1825 1903 2014 1958 locisve

440 1986 794 2044 subterraneis
825 1990 916 2043 “‘l
958 1990 1065 2046 Sed
1115 1992 1249 2062 quid
1304 1993 1372 2048 ad
1424 1996 1686 2064 populum
1737 1997 2011 2068 ingratum

441 2078 555 2132 hate
581 2079 822 2149 loquor?
845 2079 1004 2138 Dicas
1024 2083 1189 2138 velim
1212 2123 1227 2148 ,
1256 2083 1575 2141 ﬁdelissime
1598 2084 1690 2142 Dei
1721 2087 2008 2153 minister;

439 2169 582 2238 quod
616 2171 738 2226 aliis
770 2181 924 2227 vetas
945 2214 961 2240 ,
990 2172 1094 2228 hoc
1128 2173 1244 2244 ipse
1277 2174 1454 2230 facis?
1484 2175 1643 2243 Quod
1672 2179 1877 2235 evertis
1900 2222 1916 2246 ,
1945 2179 2012 2233 ii-

439 2259 528 2314 ittd
553 2261 754 2317 statuis
774 2262 797 2316 ?
817 2263 923 2329 Qui
950 2265 1206 2336 praecipis
1228 2305 1242 2327 ,
1272 2265 1394 2320 Non
1420 2269 1585 2336 [acies
1617 2269 1708 2323 tibi
1730 2270 1972 2338 sculptile
1991 2289 2010 2325 :

436 2356 528 2426 qui
565 2356 901 2415 conﬁatiiem
955 2360 1185 2415 vitulum
1234 2362 1649 2429 comminuisti,
1695 2374 2008 2436 serpentem

435 2461 503 2504 ex
535 2464 644 2507 aere
673 2457 730 2506 tu
764 2451 884 2521 ipse
915 2453 1192 2510 conﬁcis?
1228 2453 1476 2525 Eumque
1523 2470 1633 2511 non
1680 2457 1822 2512 clam
1845 2499 1861 2524 ,
1911 2459 2009 2514 sed

436 2539 613 2608 palam
653 2542 1026 2613 omnibusque
1065 2544 1428 2615 conspicuum
1465 2547 1723 2616 praebes?
1755 2549 1824 2603 At
1862 2549 1966 2605 ista
1990 2589 2006 2614 ,

435 2631 616 2702 inquit
636 2674 652 2699 ,
674 2632 732 2688 in
759 2633 1037 2692 mandatis
1062 2635 1220 2704 dedi,
1246 2653 1357 2708 quo
1387 2639 1690 2709 impietatis
1716 2642 2005 2697 materiam

433 2730 811 2792 amputarem,
860 2726 1235 2797 populumque
1281 2729 1352 2784 ab
1397 2730 1547 2786 omni
1598 2730 1909 2789 defectione
1951 2741 2008 2788 et

434 2813 747 2870 idololatria
779 2831 1096 2874 avocarem.
1131 2818 1289 2876 Nunc
1323 2829 1510 2876 autem
1548 2831 1863 2893 serpentem
1900 2824 2007 2879 uti-

433 2903 561 2960 liter
586 2905 764 2962 conﬁo
784 2947 799 2973 ,
829 2908 898 2964 ad
933 2911 1376 2981 praesignandam
1409 2913 1670 2969 nimirum
1695 2916 2004 2971 veritatem.

432 2991 498 3048 Et
525 2999 990 3065 quemadmodum
1023 3002 1438 3058 tabernaculum
1469 3005 1847 3075 compaginari
1880 3021 2003 3061 cum

432 3085 500 3141 iis
530 3087 789 3145 omnibus
815 3105 937 3160 quae
968 3091 1022 3146 in
1051 3092 1171 3162 ipso
1215 3101 1345 3148 sunt
1370 3110 1385 3160 ;
1437 3093 1734 3150 Cherubim
1786 3112 2005 3168 quoque
2032 3133 2074 3168 ,π

430 3175 634 3244 quibus
682 3192 770 3234 res
818 3179 1128 3236 invisibiles
1171 3192 1656 3250 repraesententur,
1697 3185 1750 3258 in
1800 3184 2006 3243 Sancto

403 3275 748 3345 functorum
780 3271 1148 3342 expandi,ut
1199 3273 1511 3329 futurorum
1559 3259 1732 3347 ﬁgura
1783 3285 1836 3332 et
1885 3294 2005 3332 um-

428 3358 524 3413 bra
577 3369 807 3426 essent;
858 3363 942 3418 sie
994 3371 1047 3418 et
1097 3375 1407 3434 serpentem
1452 3381 1666 3423 aeneum
1708 3369 1773 3424 ad
1815 3370 2006 3441 populi

428 3451 664 3507 salutem
699 3453 888 3520 erexi,
923 3463 980 3512 ut
1017 3453 1214 3510 horum
1245 3458 1590 3527 experientia
1626 3459 1767 3515 duce
1796 3463 2004 3518 exerci-

426 3540 658 3597 tatiores
697 3541 925 3608 ﬁerent,
961 3541 1028 3598 ad
1064 3543 1209 3615 signi
1243 3547 1426 3602 crucis
1455 3548 1836 3620 excipiendam
1867 3551 2006 3607 ima-

424 3634 639 3703 ginem,
685 3635 1122 3706 eruciﬁxumque
1167 3636 1508 3695 Salvatorem
1571 3648 1627 3696 et
1672 3639 2005 3713 Redempto-

425 3739 540 3780 rem
587 3725 1027 3796 suscipiendum.
1075 3726 1193 3783 Hoc
1243 3738 1426 3784 autem
1480 3730 1831 3788 verissimum
1879 3749 2005 3790 esse

426 3816 721 3886 percipies,
751 3817 1100 3885 citatissime,
1135 3820 1179 3874 si
1207 3819 1488 3874 Christum
1523 3820 1575 3875 id
1610 3822 2003 3890 afﬁrmantem,

426 3917 591 3979 atque
626 3909 681 3963 in
721 3909 838 3966 hate
875 3911 1042 3966 verba
1084 3912 1400 3982 loquentem
1441 3913 1891 3972 auscultaveris:
1935 3914 2008 3970 Et

2115 1902 2232 1956 ὅσα
2255 1903 2324 1955 ἐν
2342 1899 2416 1969 τῇ
2435 1899 2513 1970 τῇ
2538 1899 2714 1964 κάτω,
2740 1898 2838 1952 καί
2863 1899 2980 1953 ὅσα
3015 1899 3086 1952 ἐν
3113 1899 3238 1965 τοῖς
3269 1898 3514 1964 ὕδασιν,
3543 1902 3692 1954 ὑποο

2115 1994 2271 2049 κάτω
2307 1983 2430 2062 ⁷τῆς
2473 1992 2626 2062 τῆς;
2669 1989 2830 2043 ’Δλλὰ
2886 1990 2937 2044 τί
2985 1988 3159 2044 ταῦτα
3203 1987 3341 2060 πρὸς
3398 1989 3698 2067 algentes:

2113 2086 2274 2152 λαόν;
2310 2085 2480 2151 Είπέ,
2519 2077 2564 2137 ὦ
2599 2081 2887 2136 πιστότατε
2939 2081 3074 2135 Θεοῦ
3117 2079 3375 2152 θεράπον,
3407 2081 3435 2134 ὃ
3471 2083 3693 2149 ἁπαγοο

2116 2177 2314 2248 ρεύεις,
2372 2177 2583 2240 ποιεῖς;
2631 2175 2659 2228 ὃ
2719 2173 3068 2245 ἀνατρέπεις,
3126 2171 3602 2237 κατασκευάζεις
3667 2173 3698 2225 ὁ

2111 2272 2305 2340 λέγων,
2348 2271 2432 2325 Οὐ
2479 2270 2758 2338 ποιήσεις
2785 2265 3080 2336 γλυπτὸν,
3131 2266 3160 2319 ὁ
3189 2265 3281 2318 τον
3346 2264 3696 2334 χωνευθέντα

2113 2361 2241 2434 βοῦν
2272 2360 2589 2427 κατολέσας,
2622 2361 2690 2413 σὺ
2715 2359 2839 2428 ὅφιν
2880 2357 3278 2428 χαλκουργεῖς;
3337 2356 3433 2410 καὶ
3473 2355 3694 2422 τοῦτον,

2109 2455 2168 2508 ού
2192 2452 2386 2525 λάθρα,
2421 2450 2559 2506 ἀλλὰ
2586 2448 2908 2519 ἀναφανδὸν,
2941 2447 3036 2501 καὶ
3067 2449 3200 2500 πᾶσι
3231 2448 3500 2514 γνωστόνς
3549 2446 3698 2499 ’Δλλ’

2109 2545 2314 2608 ἐκεῖνα,
2340 2541 2527 2614 φησὶν,
2569 2539 2962 2612 ἐνομοθέτησα,
3013 2537 3099 2590 ἵνα
3145 2536 3364 2606 ἐκκόψω
3399 2535 3495 2599 τὰς
3561 2535 3697 2598 ὔλας

2107 2635 2207 2706 τῆς
2240 2632 2518 2696 ἀσεϐείας,
2544 2632 2640 2685 καὶ
2656 2630 2747 2685 τὸν
2765 2630 2895 2683 λαδν
2927 2628 3203 2697 ἀπαγάγω
3225 2630 3407 2694 πᾶσης
3439 2627 3694 2680 ἀποστα-
3725 2709 3728 2718 τ

2109 2726 2230 2790 σίας
2261 2725 2353 2779 καὶ
2387 2720 2850 2793 είδωλολατρείας.
2905 2721 3044 2774 Νυνὶ
3077 2720 3134 2773 δὲ
3169 2718 3391 2790 χωνεύω
3418 2719 3512 2773 τὸν
3541 2721 3693 2792 ὅφιν,

2107 2817 2392 2890 χρησίμως
2415 2817 2496 2878 εἰς
2522 2813 2874 2884 προτύπωσιν
2904 2812 3002 2882 τῆς
3053 2810 3336 2880 ἀληθείας.
3371 2812 3483 2863 Καὶ
3511 2813 3694 2867 καθά-

2108 2927 2214 2982 περ
2250 2911 2456 2979 σκηνὴν
2489 2907 2686 2976 ἐπηξα,
2715 2905 2810 2958 καὶ
2843 2904 2912 2956 τὰ
2949 2904 3008 2956 ἐν
3039 2901 3176 2972 αὐτῇ
3210 2902 3410 2968 πάντα,
3453 2903 3551 2955 καὶ
3584 2904 3696 2956 Χε-

2108 3002 2326 3074 ρουϐὶμ,
2346 2998 2596 3070 ὁμοίωμα
2625 2997 2735 3051 τῶν
2757 2995 3008 3066 ἀοράτων
3024 2993 3322 3079 διεπέτασα
3341 2994 3420 3056 είς
3444 2994 3515 3046 τὰ
3533 2994 3692 3063 ἅγια,

2108 3092 2184 3158 ὡς
2211 3089 2380 3144 τύπον
2401 3089 2497 3144 καὶ
2524 3089 2683 3141 σκιὰν
2727 3086 2839 3140 τῶν
2886 3084 3212 3155 μελλόντων,
3250 3083 3392 3138 οὕτω
3436 3085 3536 3138 καὶ
3563 3085 3694 3155 δφιν

2108 3183 2392 3254 ἐστήλωσα
2445 3183 2527 3244 είς
2561 3177 2836 3251 σωτηρίαν
2873 3177 2953 3247 τῷ
2980 3177 3116 3248 λαῷ,
3137 3177 3224 3230 ἵνα
3257 3177 3344 3230 διὰ
3364 3179 3462 3248 τῆς
3487 3179 3693 3250 πείρας

2107 3273 2335 3342 τούτων,
2366 3272 2742 3343 προγυμνάσω
2767 3269 2861 3322 τοῦ
2913 3267 3145 3339 σημείου
3176 3267 3276 3322 τοῦ
3317 3267 3561 3339 σταυροῦ
3589 3271 3690 3340 τὴν

2106 3366 2314 3430 εἰκόνα,
2341 3365 2437 3418 καὶ
2459 3360 2555 3415 τὸν
2584 3362 2643 3415 ἐν
2665 3359 2815 3430 αύτῷ
2851 3359 3082 3430 Σωτῆρα
3112 3360 3208 3412 καὶ
3240 3360 3556 3430 Λυτρωτήν.
3577 3361 3690 3414 Καὶ

2105 3461 2188 3514 ὅτι
2242 3455 2638 3528 ἀψευδέστατος
2667 3454 2696 3506 ὁ
2725 3453 2905 3520 λόγος,
2955 3451 3230 3521 ἁγάπητε,
3255 3450 3422 3505 ἄκουε
3443 3451 3540 3504 τοῦ
3570 3452 3689 3504 Κυ-

2109 3550 2246 3620 ρίου,
2301 3546 2392 3599 τὸν
2455 3543 2614 3611 λόγον
2651 3541 2843 3595 τοῦτον
2895 3541 3242 3611 βεϐαιοῦντος
3272 3541 3366 3594 καὶ
3386 3540 3647 3610 λέγοντος
3671 3558 3687 3573 ο

2105 3639 2216 3696 Kal
2243 3636 2438 3702 καθὼς
2459 3632 2716 3700 Μωϋσῆς
2745 3633 2957 3703 ὕψωσε
2976 3632 3082 3688 τὸν
3106 3632 3246 3702 ὄφιν
3267 3631 3336 3686 ἐν
3355 3631 3428 3701 τῇ
3458 3632 3689 3702 ἐρήμῳ.

2105 3730 2258 3783 οὕτω
2311 3724 2408 3780 δεῖ
2422 3721 2736 3794 ὑψωθῆναι
2759 3722 2865 3776 τὸν
2904 3721 3042 3776 Υιὸν
3073 3721 3180 3776 τοῦ
3199 3719 3537 3790 ἀνθρώπου,
3586 3722 3690 3776 ἵνα

2106 3819 2225 3887 πᾶς
2258 3822 2291 3874 ὁ
2327 3816 2634 3871 πιστεύων
2687 3815 2774 3879 είς
2810 3811 3020 3879 αὐτὸν,
3068 3811 3153 3881 μὴ
3197 3813 3519 3880 ἀπόληται,
3543 3812 3688 3868 ἀλλ’

2105 3915 2218 3982 ἔχῃ
2242 3906 2664 3978 ζωὴναίώνιον.
2708 3922 2727 3956 ι

425 4006 562 4058 sicut
614 4001 824 4075 Moyses
872 4004 1130 4059 exultauit
1182 4015 1472 4074 serpentem
1518 4005 1574 4060 in
1622 4006 1827 4062 deserto
1853 4049 1870 4076 ,
1921 4009 2002 4062 ita
2054 4004 2286 4064 exaltari
2315 4007 2516 4071 oportet
2550 3996 2756 4052 Filium
2785 3994 3057 4055 hominis:
3088 4001 3147 4048 ιιι
3180 3994 3350 4049 omnis
3389 3994 3480 4065 qui
3514 3996 3691 4051 credit

417 4104 480 4155 in
511 4116 663 4163 eum,
696 4115 799 4154 non
826 4108 1039 4170 pereat,
1072 4100 1163 4155 sed
1195 4101 1384 4156 habeat
1412 4102 1573 4156 vitam
1606 4113 1858 4160 wternam
1891 4106 1989 4161 ⁸⁷.»

491 4194 787 4251 Comment.
841 4195 999 4264 Quod
1041 4203 1222 4252 autem
1266 4212 1404 4252 nova
1440 4213 1548 4255 non
1586 4202 1660 4256 sit
1701 4203 1999 4278 imaginum

422 4287 708 4356 inventio,
741 4287 841 4344 sed
874 4289 1100 4360 antiqua
1134 4290 1455 4360 sanctisque
1485 4299 1540 4347 et
1572 4295 1790 4352 eximiis
1821 4298 2001 4356 Patri-

419 4381 524 4436 hus
561 4389 691 4436 nota
725 4389 779 4437 et
813 4381 1052 4447 usitata,
1086 4381 1246 4436 iidem
1284 4382 1418 4437 facit
1448 4384 1558 4440 vita
1593 4390 1770 4443 sancti
1809 4391 2000 4449 Basilii

420 4474 491 4530 ab
524 4472 776 4529 llelladio
801 4472 978 4542 ipsius
1016 4473 1291 4546 discipulo
1325 4485 1380 4530 et
1414 4476 1468 4530 in
1505 4479 1828 4548 pontiﬁcatu
1871 4500 1991 4542 suc-

418 4579 644 4621 cessore
677 4565 1020 4638 conscripta.
1055 4565 1249 4621 Stabat
1286 4567 1587 4639 aliquando
1622 4581 1850 4632 sanctus
1890 4575 1996 4630 Ba-

421 4659 612 4724 silius,
650 4656 863 4730 inquit,
896 4672 1084 4714 coram
1129 4656 1372 4715 Dominae
1403 4671 1606 4718 nostra:
1636 4663 1906 4740 imagine,
1942 4669 1998 4724 in

416 4763 526 4819 qua
563 4749 1008 4819 praestantissimi
1053 4751 1313 4822 tnartyris
1343 4751 1601 4808 Mercurii
1647 4755 1820 4825 ﬁgura
1855 4761 1999 4830 picta

416 4847 556 4894 erat.
613 4840 885 4908 Astabat,
944 4841 1212 4913 inquam,
1261 4857 1468 4912 orans,
1523 4855 1584 4899 ut
1634 4847 2001 4920 impiissimus

416 4938 673 5001 apostata
721 4930 976 4989 Julianus
1027 4948 1058 4990 e
1104 4932 1288 4990 medio
1336 4935 1646 4993 tolleretur.
1697 4939 1879 5013 Atque
1929 4958 1998 4998 ex

418 5022 661 5093 imagine
691 5021 922 5088 didicit,
962 5021 1232 5094 quidnam
1271 5032 1422 5082 esset
1467 5036 1816 5090 eventurum.
1850 5031 2001 5090 Vidit

417 5116 622 5188 quippe
668 5123 970 5190 martyrem
1011 5112 1080 5169 ad
1127 5123 1346 5188 tempus
1393 5118 1656 5190 exiguum
1701 5137 1824 5180 sese
1866 5126 1999 5182 sub-

416 5189 745 5276 ducentem',
779 5221 884 5266 nec
931 5205 1108 5262 multo
1154 5218 1279 5278 post
1322 5189 1607 5266 cruentam
1651 5211 1867 5271 hastam
1918 5228 1996 5274 te-

417 5307 666 5354 ucntem.

626 5387 714 5443 Ea:
751 5387 872 5444 Vita
915 5392 1090 5445 sancti
1121 5388 1351 5447 Joannis
1392 5391 1779 5466 Chrysostomi.

492 5496 511 5530 ι
546 5476 746 5534 Beatus
792 5479 1031 5537 Joannes
1081 5483 1475 5551 sapientissimi
1524 5484 1679 5542 Pauli
1725 5487 1996 5558 Epistolas

413 5583 634 5628 summo
662 5571 846 5627 studio
871 5576 1362 5646 persequebatur.)
1381 5575 1452 5633 Ει
1476 5581 1636 5647 paulo
1664 5593 1780 5648 post
1801 5602 1816 5638 :
1843 5600 1860 5636 ι
1886 5580 1994 5638 lla—

481 5747 529 5785 “
567 5747 754 5813 Btod.
790 5765 878 5814 xx,
903 5754 952 5806 ι.
1039 5752 1080 5780 ⁸⁷
1111 5749 1267 5807 Joau.
1300 5768 1378 5820 tu,
1415 5753 1496 5808 ll.

2173 4211 2458 4282 Σχόλιον.
2483 4204 2610 4261 Ὀτι
2669 4203 2726 4258 δὲ
2751 4201 2814 4256 ού
2843 4199 3034 4256 καινὸν
3085 4199 3368 4273 ἐφεύρεμα
3386 4199 3447 4254 τὸ
3463 4199 3576 4254 τῶν
3602 4201 3688 4255 εί-

2100 4303 2295 4368 κόνων,
2326 4297 2441 4355 ἀλλ’
2501 4296 2750 4368 ἀρχαῖον,
2790 4293 2886 4348 καὶ
2916 4294 3025 4359 τοῖς
3059 4292 3238 4362 ἁγίοις
3265 4293 3362 4347 καὶ
3400 4293 3688 4364 ἐκκρίτοις

2101 4394 2377 4467 πατράσιν
2419 4388 2766 4462 ἐγνωσμένον
2813 4385 2910 4440 καὶ
2945 4384 3257 4457 εἰθισμένον
3313 4384 3548 4455 ὑπῆρχε,
3582 4385 3688 4453 γέ-

2100 4504 2346 4561 γραπται
2373 4485 2434 4537 ἐν
2479 4479 2556 4553 τῷ
2593 4479 2696 4551 βίῳ
2739 4475 3029 4532 Βασιλείου
3072 4475 3167 4530 τοῦ
3205 4475 3473 4548 μάκαρος,
3502 4475 3591 4548 τῷ
3610 4475 3690 4530 δι’

2111 4576 2390 4632 Ἐλλαδίου
2422 4570 2518 4628 τοῦ
2549 4569 2718 4626 αὐτοῦ
2747 4567 2996 4640 μαθητοῦ
3031 4565 3128 4620 καὶ
3163 4567 3410 4637 διαδόχου
3438 4565 3541 4635 τῆς
3581 4568 3688 4621 αὖ.

2098 4668 2195 4723 τοῦ
2226 4665 2531 4740 ίεραρχίας,
2556 4663 2632 4728 ὡς
2665 4659 3028 4732 παρειστήκει
3061 4659 3089 4711 ὁ
3115 4659 3262 4722 ὅσιος
3297 4656 3586 4720 Βασίλειος
3611 4666 3692 4735 τῇ

2097 4760 2200 4830 τῆς
2233 4757 2531 4826 Δεσποίνης
2555 4752 2716 4825 ἡμῶν
2768 4750 2963 4814 εἰκόνι,
3008 4751 3076 4803 ’ἐν
3186 4749 3283 4802 καὶ
3322 4750 3351 4802 ό
3387 4751 3689 4820 χαρακτὴρ

2097 4851 2414 4924 ἐγέγραπτο
2439 4844 2789 4918 Μερκουρίου
2813 4841 2910 4897 τοῦ
2939 4841 3183 4912 ἀοιδίμου
3207 4841 3508 4912 μάρτυρος.
3533 4842 3686 4914 [lup

2096 4945 2342 5014 ειστήκει
2389 4939 2449 4994 δὲ
2496 4935 2728 5003 ἐξαιτῶν
2749 4935 2847 5006 τὴν
2878 4931 3174 4988 Ἰουλιανοῦ
3215 4931 3312 4986 τοῦ
3363 4932 3686 4988 ἀθεωτάτσυ

2099 5034 2193 5090 καὶ
2227 5032 2537 5088 ἀποστάτου
2604 5027 2871 5099 τυράννου
2927 5023 3211 5094 ἀναίρεσιν
3231 5039 3246 5054 ο
3282 5021 3345 5090 ἐξ
3366 5018 3436 5096 ἧς
3465 5023 3686 5088 εἰκόνος

2099 5125 2316 5198 ἐμυήθη
2346 5123 2552 5193 ταύτην
2597 5121 2698 5192 τὴν
2752 5114 3115 5184 ἀποκάλυψιν.
3156 5113 3340 5186 Έὼρα
3383 5113 3495 5186 γὰρ
3535 5115 3685 5186 πρὸς

2099 5217 2276 5290 βραχὺ
2299 5214 2478 5286 ἀφανῆ
2514 5213 2606 5266 τὸν
2629 5211 2886 5284 μάρτυρα
2903 5224 2918 5238 ·
2955 5204 3074 5277 μετ’
3098 5203 3160 5256 οὐ
3191 5204 3327 5260 πολὺ
3357 5205 3436 5272 δὲ,
3464 5204 3529 5259 τὺ
3548 5205 3686 5276 δόρυ

2095 5309 2419 5382 ᾑμαγμένον
2447 5306 2768 5378 κατέχοντα.

2199 5401 2302 5454 Ἐκ
2331 5398 2440 5454 τοῦ
2461 5398 2608 5464 βίου
2655 5394 2935 5452 Ἰωάννου
2961 5395 3070 5451 τοῦ
3097 5388 3568 5463 Χρυσοστόιιου.

2179 5512 2196 5542 ι
2251 5490 2469 5560 Ἦγάπα
2494 5489 2551 5543 δέ
2577 5489 2605 5542 ὁ
2637 5487 2906 5560 μακάριος
2944 5487 3197 5555 Ἰωάννης
3227 5483 3324 5547 τὰς
3350 5481 3686 5546 Ἐπιστολάς

2103 5581 2196 5635 τοῦ
2253 5581 2562 5650 σοφωτάτου
2618 5579 2830 5635 Παύλου
2879 5579 3038 5649 ἄγαν.
3081 5599 3100 5632 ι
3154 5575 3262 5633 Kal
3297 5575 3427 5645 μετ’
3474 5572 3682 5644 ὀλίγα·
