3904 6358
364 292 500 356 i367

1549 298 1610 358 S.
1651 296 1972 362 JOANNIS
2009 296 2438 366 DAMASCENI

3473 305 3654 372 i368

358 418 524 474 quam
564 405 698 462 deos
729 406 1060 470 adoramus,
1107 406 1251 462 sicut
1287 408 1494 464 ethnici
1536 409 1744 466 faciunt
1782 430 1796 467 :
1838 413 1934 467 ab-

2057 432 2144 469 1.8V
2167 417 2216 470 οἰ
2239 417 2440 482 πιστοὶ,
2466 415 2542 487 μὴ
2567 414 2797 485 γένοιτο,
2855 414 3044 488 ῶσπερ
3081 417 3132 470 οἰ
3151 415 3438 487 Ἕλληνες,
3469 413 3648 473 ἀλλὰ

363 493 469 552 sit!
525 499 623 556 sed
664 497 920 574 affectum
965 499 1270 566 duntaxat,
1311 509 1364 556 et
1408 501 1695 562 charitatis
1735 512 1934 559 nostrae

362 590 605 647 studium
635 577 906 646 adversus
939 606 1188 663 personae
1220 590 1275 646 in
1318 593 1555 662 imagine
1593 595 1826 665 depictm
1872 595 1935 650 ﬁ-

363 697 554 750 guram
590 679 964 739 declaramus.
998 683 1343 753 Quapropter
1377 699 1486 740 non
1522 701 1683 753 raro,
1719 688 1933 742 oblitte-

363 779 481 826 rata
513 773 684 843 ﬁgura
705 814 720 837 ,
751 774 956 844 lignum
1006 782 1270 844 tanquam
1307 775 1504 832 inutile
1532 779 1931 834 comburimus.

365 865 523 918 Sicut
555 880 686 936 ergo
715 864 888 920 Jacob
931 866 1094 920 morti
1127 867 1414 936 proximus
1446 868 1727 941 fastigium
1770 869 1936 941 virga:

362 953 564 1026 Joseph
590 956 844 1012 adoravit
886 957 952 1023 ⁸⁸,
999 973 1110 1012 non
1155 958 1362 1030 virgam
1406 961 1580 1031 ipsam
1623 961 1932 1028 honoratis,

365 1048 460 1103 sed
511 1047 665 1102 illum
711 1048 806 1118 qui
853 1063 972 1104 eam
1009 1051 1300 1120 gestabat;
1349 1051 1426 1105 ita
1478 1065 1578 1106 nos
1633 1050 1935 1106 Christiani

365 1137 513 1192 haud
566 1137 673 1193 alia
732 1139 948 1194 ratione
1008 1139 1280 1211 imagines
1333 1141 1676 1207 salutamus,
1743 1156 1936 1213 quem-

364 1230 655 1285 admodum
690 1230 832 1286 ﬁlios
861 1241 1230 1303 parentesque
1260 1243 1484 1289 nostros
1509 1235 1847 1296 osculamur,
1879 1244 1937 1290 ut

365 1336 461 1390 per
491 1321 606 1376 haec
650 1321 822 1375 animi
863 1323 1041 1378 nostri
1077 1323 1334 1380 allectum
1364 1323 1731 1380 insinuemus.
1771 1323 1937 1380 Velut

360 1410 584 1466 Judaeus
614 1411 745 1466 olim
774 1412 909 1482 legis
943 1413 1162 1470 tabulas
1181 1455 1198 1482 ,
1225 1420 1280 1470 et
1304 1413 1413 1472 duo
1439 1412 1736 1470 Cberubim
1769 1429 1936 1471 aurea

361 1509 417 1556 et
444 1501 717 1571 sculptilia
749 1502 1042 1568 adorabat,
1072 1518 1179 1558 non
1209 1503 1442 1574 lapidis,
1470 1505 1658 1559 aurive
1685 1512 1936 1560 naturam

363 1592 632 1660 colendo,
668 1593 764 1650 sed
798 1592 1091 1650 Dominum
1125 1596 1335 1665 ipsum,
1371 1596 1464 1666 qui
1500 1611 1564 1651 ea
1599 1595 1780 1653 facere
1819 1595 1938 1666 jus-

361 1693 530 1741 serat.
553 1704 571 1737 ι

363 1900 525 1974 367
563 1904 752 1959 Sancti
792 1903 1178 1975 Chrysostomi,
1217 1907 1272 1960 in
1313 1906 1450 1973 psal.
1496 1923 1556 1963 Ill
1595 1908 1652 1962 in
1685 1907 1855 1964 David
1887 1918 1937 1966 et

1018 1975 1292 2030 Absalom.

439 2106 460 2140 σ
489 2087 853 2158 Imperatores
897 2091 1136 2148 ducibus
1172 2095 1311 2162 suis,
1349 2109 1586 2165 quorum
1616 2109 1720 2165 ope
1760 2096 1938 2152 victo-

365 2180 446 2234 ria
476 2188 636 2249 parta
663 2189 770 2247 est,
805 2183 1174 2252 triumphales
1205 2193 1422 2242 statuas
1455 2187 1714 2256 erigunt;
1765 2202 1938 2258 quos-

363 2273 486 2325 dam
520 2273 651 2328 item
687 2275 882 2330 titulos
933 2276 1177 2331 victoriae
1213 2275 1524 2348 insignibus
1554 2285 1806 2347 ornatos,
1837 2295 1940 2334 au-

364 2364 499 2434 rigis
567 2366 899 2437 athletisque
967 2369 1253 2438 principes
1316 2370 1562 2438 erigunt;
1639 2369 1940 2442 additaque

363 2453 727 2524 inscriptione
762 2449 928 2510 veluti
983 2465 1276 2513 stemmate
1326 2460 1590 2528 quodam,
1643 2461 1938 2516 materiam

364 2547 609 2602 victoriae
671 2562 982 2618 praeconem
1026 2549 1293 2606 reddunt.
1345 2553 1456 2606 Alii
1502 2568 1728 2609 rursum
1778 2553 1937 2611 libris

362 2646 418 2692 ct
463 2637 664 2695 litteris
708 2640 982 2695 victorum
1037 2641 1229 2697 laudes
1281 2641 1643 2712 describunt;
1679 2644 1784 2700 hoc
1819 2660 1936 2700 am-

363 2728 598 2796 bientes,
665 2739 725 2786 ut
779 2747 937 2787 suam
990 2733 1044 2787 in
1079 2733 1311 2788 dicendo
1359 2735 1491 2802 vim,
1553 2751 1743 2791 eorum
1797 2751 1937 2807 quos

364 2821 592 2876 laudant
649 2821 979 2878 fortitudine
1032 2825 1377 2894 superiorem
1439 2842 1562 2882 esse
1619 2829 1934 2883 ostendant.

363 2912 540 2982 Atque
615 2916 939 2984 scriptores,
1011 2917 1280 2986 pictores,
1355 2920 1634 2985 statuarii,
1725 2921 1936 2991 populi,

366 3003 672 3074 principes,
738 3006 995 3062 civitates
1048 3016 1101 3062 et
1163 3009 1442 3080 regiones,
1506 3010 1749 3066 victores
1807 3025 1938 3066 suos

2035 473 2137 580 τὴν
2165 508 2350 587 σχέσιν
2383 473 2694 578 μόνον,’καὶ
2717 473 2808 562 τὸν
2849 473 3025 562 πόθον⁸
3050 507 3148 579 τῆς
3193 473 3352 579 ἡμεῖς,
3381 473 3644 578 ς,
3671 525 3708 534 ι,
3727 531 3744 538 Α

2037 599 2174 671 πρὸς
2197 601 2288 653 τὸν
2315 601 2645 673 χαρακτῆρα
2673 599 2768 654 τοῦ
2805 598 3099 670 προσώπου
3125 600 3227 670 τῆς
3253 601 3465 665 εἰκόνος
3507 602 3638 672 ἐμ.-
3737 599 3742 602 ’

2037 689 2375 758 φανίζοντες.
2399 691 2563 746 Ὅθεν
2621 691 2881 754 πολλάκις
2912 690 3006 744 τοῦ
3046 692 3395 762 χαρακτῆρος
3446 692 3638 746 λεαν-

2036 783 2238 849 θέντος,
2260 784 2335 848 ῶς
2361 784 2516 849 ξύλον
2527 785 2715 866 λοιπὸν
2744 785 2913 856 ἀργὸν
2936 785 3035 856 τήν
3063 801 3195 838 ποτε
3235 785 3420 840 εἰκόνα
3444 803 3636 840 καταο
3671 803 3676 823 ί
3699 785 3748 840 Ξ-

2037 876 2285 948 καίομεν.
2329 879 2541 948 Ὥσπερ
2561 872 2654 931 οὖν
2677 879 2706 930 ό
2739 877 2934 931 Ἰακὼϐ
2968 877 3180 949 μέλλων
3211 877 3495 948 τελευτᾷν,
3519 879 3658 950 ἐπὶ,
3873 881 3875 884 ⁴

2035 970 2096 1022 τὸ
2126 968 2295 1038 ἀκρον
2317 971 2417 1040 τῆς
2444 969 2642 1040 ῥάϐδου
2674 968 2770 1022 τοῦ
2818 967 3017 1041 Ἰωσὴφ
3068 969 3502 1042 προσεκύνησεν,
3539 969 3622 1042 οὐ

2036 1059 2134 1132 τῂν
2155 1059 2350 1131 ῥάϐδον
2369 1060 2566 1130 τιμῶν,
2629 1059 2767 1114 ἀλλὰ
2793 1059 2884 1114 τὸν
2911 1059 3120 1131 ταύτην
3157 1060 3482 1132 κατέχοντα,
3521 1060 3623 1116 οὖ-

2035 1170 2145 1217 τως
2181 1155 2230 1207 οἰ
2253 1153 2456 1218 πιστοὶ,
2476 1153 2536 1207 οὐ
2566 1153 2634 1208 δι’
2662 1153 2850 1225 ἔτερόν
2881 1170 3005 1207 τινα
3027 1153 3228 1225 τρόπον
3267 1154 3368 1218 τὰς
3393 1153 3625 1215 εἰκόνας

2035 1243 2413 1314 ἀσπαζόμεθα,
2443 1244 2632 1314 ῶσπερ
2651 1244 2744 1297 καὶ
2769 1243 2838 1300 τὰ
2869 1243 3036 1296 τέκνα
3061 1243 3216 1314 ἡμῶν
3247 1245 3338 1297 καὶ
3361 1244 3624 1315 πατέρας

2037 1335 2298 1399 πολλάκις
2323 1335 2769 1405 καταφιλοῦντες,
2789 1334 2902 1389 ἀλλ’
2927 1335 3014 1388 ἵνα
3041 1333 3133 1388 τὸν
3145 1333 3307 1392 πόθον
3334 1335 3436 1404 τῆς
3467 1336 3620 1405 ἡμε-

2036 1427 2203 1499 τέρας
2233 1427 2414 1498 ψυχῆς
2459 1425 2872 1498 ἐμφανίσωμεν.
2917 1426 3128 1495 ’Ὠσπερ
3153 1424 3261 1496 γὰρ
3284 1426 3381 1480 καὶ
3406 1425 3436 1477 ό
3479 1427 3624 1479 ἰουτ

2037 1520 2204 1587 δαῖος,
2228 1520 2328 1584 τὰς
2351 1519 2444 1573 τοῦ
2477 1520 2645 1591 νόμου
2703 1518 2936 1582 πλάκας,
2971 1518 3064 1572 καὶ
3099 1515 3170 1570 τὰ
3195 1516 3289 1570 δύο
3324 1515 3620 1586 Χερουϐὶμ

2038 1612 2105 1667 τὰ
2125 1612 2300 1684 χρυσᾶ
2333 1612 2427 1666 καὶ
2453 1609 2670 1680 γλυπτά
2703 1612 3046 1682 προσεκύνει,
3078 1609 3140 1664 οὔ
3168 1607 3342 1679 τιμῶν
3365 1608 3466 1680 τὴν
3513 1607 3618 1661 τοῦ

2039 1701 2189 1755 λίθου
2211 1700 2304 1756 καί
2323 1701 2548 1774 χρυσίου
2565 1700 2746 1771 φύσιν,
2773 1698 2910 1754 ἀλλά
2933 1698 3024 1754 τὸν
3042 1697 3219 1752 ταῦτα
3239 1695 3622 1769 ἐπιτρέψαντα

2038 1793 2265 1866 Κύριον.
2299 1812 2319 1846 ι

2044 1904 2156 1961 Τοῦ
2185 1905 2358 1975 ἁγίου
2385 1905 2842 1979 Χρυσοοῖζόμου.
2864 1907 2960 1979 -εἰς
2982 1907 3090 1961 τὸν
3109 1916 3312 1979 τρίτον
3335 1907 3616 1979 ψαλμὸν,

2385 1977 2474 2042 εἰς
2504 1973 2683 2030 Δαϐἰδ
2704 1973 2822 2030 ’καὶ
2863 1973 3266 2048 Ἀὄιεσυίιλώμ⁹

2115 2109 2134 2142 ι
2198 2089 2530 2153 Ἐπινικὶους
2580 2089 2679 2161 μέν
2727 2089 3057 2161 ἀνδρίαντας
3108 2091 3160 2144 οἰ
3202 2089 3440 2162 βασιλεῖς
3491 2093 3620 2158 τοῖς

2041 2183 2370 2252 στρατηγοῖς
2426 2181 2714 2252 νικήσασιν
2773 2181 3088 2236 ἀνατιθέασι
3113 2198 3129 2212 '
3185 2183 3519 2254 νικηφόρους
3555 2184 3618 2238 δέ

2038 2291 2191 2338 τινας
2225 2273 2429 2344 στήλας
2474 2272 2854 2344 ἐπεγείρουσιν
2910 2271 3172 2344 ἄρχοντες
3221 2272 3457 2344 ἡνιόχοις
3515 2275 3618 2330 καὶ

2039 2364 2338 2436 ἀθληταῖς,
2413 2364 2511 2418 καὶ
2581 2364 2660 2435 τῷ
2727 2365 3148 2437 ἐπιγράμματι,
3200 2365 3276 2430 ὡς
3308 2366 3615 2437 στέμματι,

2039 2458 2262 2528 κήρυκα
2305 2457 2408 2527 τῆς
2472 2456 2630 2527 νίκης
2687 2457 2786 2527 τὴν
2845 2453 2980 2528 ὕλην
3036 2458 3385 2528 ἐργάζονται.
3423 2459 3616 2513 Ἀλλοι
3689 2483 3704 2520 η,

2041 2548 2202 2603 πάλιν
2234 2549 2293 2602 ἐν
2324 2547 2529 2618 βίϐλοις
2567 2549 2662 2602 καὶ
2693 2550 2987 2620 γράμμασι
3026 2549 3155 2613 τοὺς
3201 2549 3455 2614 ἐπαίνους
3495 2552 3616 2614 τοῖς

2039 2642 2287 2711 νικηταίς
2319 2639 2614 2712 γράφουσι,
2645 2639 2745 2711 τὴν
2783 2640 2965 2694 αὐτῶν
3002 2641 3062 2694 ἐν
3091 2640 3171 2712 τῷ
3204 2641 3415 2712 ἐπαίνῳ
3443 2641 3613 2696 δύνα-

2029 2744 2158 2802 μιν,
2187 2731 2540 2802 ἰσχυροτέραν
2566 2729 2676 2784 τῶν
2704 2731 3115 2801 ἐπαινουμένων
3143 2731 3314 2799 δεῖξαι
3338 2731 3611 2795 θέλοντες.

2039 2823 2150 2875 Καὶ
2183 2821 2548 2892 λογογράφοι,
2591 2823 2687 2876 καὶ
2732 2821 3050 2893 ζωγράφοι,
3097 2822 3193 2876 καὶ
3227 2821 3609 2890 λιθογλύπται,

2041 2915 2136 2968 κα)⁸
2167 2914 2367 2985 δῆμοι,
2408 2914 2504 2968 καὶ
2533 2914 2792 2985 ἄρχοντες
2817 2955 2832 2978 ,
2869 2914 2964 2968 καὶ
2998 2914 3181 2978 πόλεις
3204 2952 3220 2978 ,
3272 2914 3367 2968 καὶ
3409 2914 3616 2985 χῶραι,

2041 3007 2169 3071 τοὺς
2212 3005 2442 3076 νικητὰς
2499 3004 2893 3076 θαυμάζουσιν.
2943 3005 3134 3069 Οὐδεὶς
3177 3005 3238 3059 δὲ
3289 3006 3616 3076 φεύγοντος,

365 3095 731 3150 admiratione
777 3097 974 3168 dignos
1037 3098 1268 3154 habent.
1322 3097 1610 3170 Fugientis
1651 3116 1804 3164 vero.
1837 3109 1934 3156 aut

2057 3101 2133 3153 ιαὶ
2166 3097 2242 3171 μὴ
2271 3099 2705 3170 πολεμήσαντος,
2744 3098 2962 3162 εἰκόνας
2990 3097 3252 3171 ἔγραψεν.
3291 3116 3311 3151 ι

367 3199 601 3256 pugnam
675 3186 1038 3244 detrectantis
1117 3203 1279 3245 nemo
1352 3205 1594 3261 unquam
1664 3191 1936 3264 imagines

365 3278 567 3347 pinxit.
604 3297 623 3329 ι

366 3388 558 3445 Sancti
588 3391 784 3462 Cyrilli
817 3393 1158 3449 Alexandriae
1203 3395 1603 3463 archiepiscopi,
1631 3411 1696 3450 ea:
1729 3397 1938 3452 allocu-

612 3463 753 3516 tione
802 3463 871 3516 ad
907 3463 1258 3518 Theodosium
1300 3467 1692 3535 imperatorem.

440 3590 460 3625 ι
493 3571 772 3644 Imagines
819 3583 1000 3629 autem
1051 3576 1462 3646 exemplaribus
1513 3577 1828 3649 archetypis
1862 3579 1940 3634 si-

369 3665 526 3721 miles
565 3674 716 3721 sunt.
757 3664 988 3736 Oportet
1033 3665 1182 3723 enim
1232 3675 1292 3723 ut
1341 3668 1469 3735 hoc,
1511 3684 1612 3726 nec
1637 3670 1747 3726 alio
1777 3670 1942 3726 modo

367 3765 426 3810 si:
455 3754 716 3815 habeant.
756 3775 776 3810 ι

787 3847 1065 3920 Ejusdem,
1096 3865 1161 3904 ea:
1209 3849 1520 3907 Thesauris.

442 3957 461 3988 ‹
496 3936 768 4010 Imagines
800 3942 949 3997 enim
1005 3941 1220 3998 amnem
1253 3957 1472 4013 semper
1500 3941 1568 3998 ad
1600 3942 1940 4014 exemplaria

370 4029 791 4087 similitudinem
834 4041 1080 4090 servant.
1120 4052 1140 4086 ι

370 4139 650 4218 Ejnsdem,
683 4160 748 4199 ex
779 4145 934 4218 libro,
975 4165 997 4218 ι
1029 4145 1184 4212 Quod
1222 4147 1277 4201 in
1317 4146 1559 4218 omnibus
1616 4147 1818 4218 Moysi:
1858 4165 1944 4202 υο-

440 4214 728 4288 luminibus
783 4214 1010 4288 Christi
1048 4218 1362 4288 mysterium
1413 4214 1757 4288 designatur;
1799 4237 1818 4270 ι
1865 4218 1945 4272 De

444 4283 710 4338 Abraham
741 4295 792 4338 et
821 4283 1228 4352 Melchisedech,
1255 4302 1381 4357 cap.
1415 4285 1470 4341 6.
1509 4306 1528 4339 ι

2044 3391 2153 3447 Τοῦ
2176 3390 2348 3461 ἁγίου
2367 3391 2672 3461 Κυρίλίου
2698 3387 3169 3461 Ἀλεξανδρείας,
3199 3387 3267 3442 ἐκ
3281 3386 3396 3461 τοῦ
3423 3401 3621 3457 προσ.

2141 3459 2483 3533 φωνητικοῦ
2523 3460 2674 3528 πρὸς
2724 3461 2831 3514 τὸν
2857 3459 3126 3524 ,βασιλέα
3159 3459 3500 3513 Θεοδόσιον.

2115 3594 2133 3626 ι,
2172 3575 2239 3628 Αἰ
2288 3573 2347 3627 δὲ
2389 3573 2628 3640 εἰκόνες,
2674 3572 2866 3645 ῶσπερ
2913 3572 3008 3626 καὶ
3054 3571 3123 3625 τὰ
3168 3571 3492 3643 ἀρχέτυπα’
3532 3570 3626 3624 δεῖ
3693 3588 3696 3591 ·

2040 3665 2148 3737 γὰρ
2175 3665 2350 3730 οὕτως
2375 3664 2568 3730 αὑτὰς,
2595 3665 2688 3719 καί⁵
2715 3665 2814 3735 οὐχ
2847 3664 3050 3735 ἑτέρως
3077 3661 3241 3734 ἔχειν.
3280 3680 3301 3715 ι

2316 3841 2431 3896 Τοῦ
2468 3839 2676 3906 αὐτοῦ,
2716 3841 2786 3894 ἐκ
2826 3839 2948 3894 τῶν
2989 3835 3340 3906 Θησαιφῶν.

2117 3953 2137 3986 ι
2177 3934 2244 3987 Δί
2275 3933 2384 4005 γὰρ
2413 3933 2622 3996 εἰκόνες
2651 3933 2738 3986 ἀεὶ
2771 3931 2909 4002 πρὸς
2947 3931 3018 3986 τὰ
3053 3931 3338 4002 ἀρχέτυπα
3369 3927 3470 4000 τὴν
3508 3927 3624 3999 ἐμ-

2042 4025 2108 4095 φέ
2117 4042 2268 4098 ρειαν
2298 4024 2536 4095 ἔχουσιν.
2577 4042 2596 4077 ι

2050 4137 2161 4192 Τοῦ
2185 4136 2431 4212 ,αὑτοῦέ
2471 4127 3087 4212 ἐξιᾼτοῦφπονήματρς
3112 4131 3220 4212 τοῦ
3241 4171 3257 4196 ,
3294 4150 3324 4212 ε
3515 4131 3626 4212 δ’ιρ

2114 4206 2322 4273 πάσης
2353 4204 2464 4273 τῆς
2506 4205 2802 4270 Μωῢσέως
2842 4200 3078 4272 πραςρῆς
3114 4203 3182 4273 τό
3217 4200 3326 4273 τοῦ
3356 4200 3624 4273 Χριστοῦ

2109 4271 2452 4346 μυστήριοῇ
2495 4271 3000 4346 ἐνσημαίνεται.)
3033 4271 3177 4341 Περὶ
3207 4271 3314 4327 τοῦ
3359 4271 3624 4340 ’Δσραὰμ

2115 4343 2214 4400 καὶ
2242 4346 2348 4400 τοῦ
2380 4343 2780 4416 Μελχισεδὲκ,
2815 4360 2952 4414 κερ.
2985 4349 3061 4408 ς’.

447 4483 462 4512 ι
496 4461 735 4518 Omnino
795 4465 1169 4520 necessarium
1235 4473 1341 4530 est,
1402 4473 1462 4518 ut
1509 4479 1575 4520 ex
1625 4465 1938 4538 archetypis

2119 4479 2137 4511 ί
2167 4459 2297 4512 Δεόν
2330 4475 2421 4530 μοι
2452 4459 2552 4523 τὰς
2580 4457 2796 4523 εἰκόνας
2833 4456 3144 4529 γράφεσθαι
3185 4454 3322 4526 πρὸς
3345 4453 3411 4509 τὰ
3446 4452 3626 4524 ἀρχέ-

373 4556 670 4624 piugantur
705 4555 998 4626 imagines.
1033 4575 1051 4606 ι

373 4665 560 4721 Sancti
609 4667 850 4737 Gregorii
899 4667 1258 4791 Νακᾶοηέςρῤ,
1305 4684 1370 4723 ea:
1423 4669 1662 4724 oratione
1711 4668 1946 4724 secunda

1053 4756 1078 4791 ε
1161 4755 1274 4791 ιιο.

1053 4756 1078 4792 ε
1111 4755 1274 4792 ιτιιιο.

447 4846 462 4876 ι
495 4825 572 4880 Ea
626 4827 829 4899 quippe
874 4837 959 4884 est
1015 4830 1276 4899 imaginis
1325 4838 1548 4898 natura,
1591 4840 1652 4887 ut
1696 4833 1946 4889 imitetur

371 4917 675 4986 exeniplar,
713 4920 874 4991 cujus
909 4936 1035 4975 esse
1064 4920 1290 4975 dicitur.
1328 4941 1347 4974 ι

372 5007 756 5080 Chrysostomi,
831 5027 895 5066 ex
945 5013 1166 5084 homilia
1219 5013 1376 5067 tertia
1428 5015 1484 5068 in
1517 5013 1810 5084 Epistolam
1866 5017 1936 5072 ad

967 5082 1320 5138 Colossenses.

448 5190 466 5223 ι
501 5173 624 5242 Ipsa
655 5187 876 5243 quoque
927 5173 1228 5229 invisibilis
1283 5174 1361 5230 rei
1395 5176 1595 5247 imago,
1636 5177 1938 5234 invisibilis

371 5271 496 5316 est:
557 5263 803 5334 alioquin
857 5265 1036 5335 imago
1073 5280 1182 5321 non
1243 5276 1414 5323 esset.
1463 5269 1759 5340 Imaginem
1793 5271 1940 5326 enim

369 5369 480 5428 qua
497 5353 694 5426 imago
723 5363 830 5420 est,
879 5357 1048 5436 etiam
1110 5359 1256 5427 apud
1309 5375 1434 5424 nos,
1485 5361 1634 5415 nulla
1676 5361 1943 5418 varietate

374 5447 614 5500 similem
667 5463 792 5502 esse
841 5457 1082 5518 oportet,
1141 5457 1202 5504 ut
1249 5466 1370 5521 qua:
1427 5452 1812 5511 similitudinis
1844 5466 1943 5510 ex-

369 5551 562 5607 pressa
591 5538 765 5610 ﬁgura
783 5539 873 5593 sit.
902 5559 920 5592 ι

433 5709 478 5744 ⁴⁸
508 5717 661 5782 σου.
690 5730 878 5784 ιινιιι,
902 5719 966 5772 15
999 5737 1009 5774 :
1041 5716 1206 5774 Hebr.
1239 5733 1312 5784 xi,
1340 5717 1426 5776 21,

2041 4568 2206 4607 τυπα,
2244 4569 2262 4602 ι

2118 4665 2228 4721 Τοῦ
2256 4663 2431 4736 ἁγίου
2453 4666 2786 4736 Γρηγορίου
2812 4661 3156 4736 Ναζὶανζοῦ,
3182 4661 3252 4716 ἐκ
3275 4661 3381 4716 τοῦ
3409 4659 3544 4731 περὶ

2606 4735 2742 4789 Υἱοῦ
2767 4736 2953 4804 λόγου
2975 4735 3058 4799 β’.

2120 4849 2139 4883 t
2178 4829 2330 4900 Αὕτη
2365 4828 2475 4898 γὰρ
2502 4827 2710 4891 εἰκόνος
2747 4827 2932 4896 φύσις,
2966 4826 3195 4898 μίμημα
3218 4821 3361 4880 εἶναι
3389 4821 3485 4876 τοῦ
3511 4822 3627 4894 ἀρ-

2045 4923 2308 4995 χετύπου,
2349 4923 2443 4975 καὶ
2471 4913 2533 4976 οὗ
2557 4919 2798 4988 λέγεται.
2836 4939 2858 4974 ι

2123 5017 2234 5074 Τοῦ
2256 5013 2714 5138 Χρυσοστόμέἔ,
2749 5014 2818 5068 ἐκ
2851 5013 2957 5100 τοῦ
2991 5010 3143 5080 πρὸς
3174 5008 3549 5074 Κολοσσαεῖς

2690 5101 2797 5138 νου
2832 5100 3057 5138 τοιτου.

2690 5101 2797 5154 του
2832 5100 3057 5152 τρίτου.

2123 5198 2144 5233 ι
2188 5179 2253 5232 Ἦ
2281 5178 2383 5247 τοῦ,
2413 5177 2650 5248 ἀοράτου
2678 5173 2866 5239 εἰκὼν,
2909 5172 3006 5226 καὶ
3040 5171 3180 5243 αὕτη
3213 5171 3462 5243 ἀόρατος,
3494 5168 3629 5221 ἐπεὶ

2047 5272 2159 5328 οὐδ’
2208 5271 2275 5325 ἂν
2327 5269 2490 5324 εἰκὼν
2520 5271 2628 5339 εἰη.
2672 5268 2784 5338 Τὴν
2819 5266 2931 5337 γὰρ
2964 5266 3153 5319 εἰκόνα
3179 5306 3194 5330 ,
3239 5261 3438 5337 κ’ςιρθιίκε⁸
3465 5263 3631 5338 ἐστιν

2049 5366 2232 5430 εἰκὼν,
2264 5366 2358 5420 καὶ
2387 5365 2516 5436 παρ’
2547 5364 2680 5434 ἡμῖν
2715 5361 3149 5436 ἀπαράλλακτον
3193 5359 3277 5413 δεῖ
3301 5353 3471 5422 εἶναι,
3503 5348 3632 5410 οἷον
3675 5355 3678 5360 ’
3735 5387 3752 5404 .

2049 5442 2140 5513 τὸν
2171 5458 2495 5530 χαρακτῆρα
2522 5455 2621 5526 τῆς
2660 5453 2994 5524 ὁμοιώσεως.
3029 5473 3047 5505 ι
