3904 6358
561 389 698 456 1371

1743 383 1803 444 S.
1843 377 2163 444 JOANNIS
2185 375 2612 440 DAMASCENI

3691 370 3828 437 1372

554 505 683 567 clla,
718 501 776 554 in
801 495 952 567 regia
989 492 1406 551 Trachonitidis
1436 492 1702 563 regionis,
1738 491 1794 546 in
1831 490 1970 546 urbe
2003 502 2124 560 quae

2235 485 2254 537 5
2279 485 2560 558 τοπάρχης
2607 484 2689 550 είς
2715 481 2780 553 τὸ
2793 550 2802 552 _
2803 481 3094 555 βασίλειον
3122 483 3223 556 τῆς
3251 484 3682 558 Τραχωνίτιδος
3723 488 3824 560 χὼ.

555 593 791 648 Sebaste
839 588 1067 652 dicitur,
1103 584 1441 656 amputavit,
1491 591 1689 640 octavo
1747 581 1868 638 Kal.
1905 581 2122 647 Junias,

555 683 759 737 Flacco
790 687 847 737 et
893 678 1110 735 Ruﬁino
1164 692 1312 734 coss.
1365 675 1426 732 id
1464 690 1608 746 aegre
1659 673 1838 730 ferens
1875 672 2126 729 Herodes

553 790 675 840 rex,
729 771 973 842 Philippi
1021 769 1191 833 illius,
1229 782 1260 822 e
1305 764 1495 822 Judtea
1535 778 1826 836 regressus
1854 770 1961 820 est.
1995 762 2124 818 Sta-

556 864 768 932 timque
793 860 860 915 ad
895 874 1021 914 eum
1059 855 1296 913 accessit
1326 854 1528 909 mulier
1567 851 1819 923 quaedam
1849 851 2126 922 locuples,

555 953 786 1008 nomine
831 949 1118 1014 Berenice,
1151 963 1272 1019 qua:
1324 946 1469 1003 idem
1515 943 1774 1016 oppidum
1817 942 2126 999 Paneadem

555 1042 859 1098 incolebat.
898 1039 1044 1105 llaec,
1082 1039 1345 1110 quoniam
1375 1053 1404 1092 a
1441 1035 1570 1092 Jesu
1616 1043 1810 1092 sanata
1846 1043 1986 1099 erat,
2015 1043 2128 1090 sta-

555 1145 707 1188 tuam
749 1133 855 1202 ipsi
895 1131 1107 1203 erigere
1137 1129 1388 1202 cupiens,
1420 1143 1522 1185 nec
1553 1128 1672 1184 sine
1717 1127 1866 1198 regis
1893 1125 2128 1198 permis-

557 1226 718 1279 sione
755 1223 811 1278 id
855 1237 989 1278 ausa
1042 1220 1330 1292 perficere,
1391 1218 1592 1276 Herodi
1654 1219 1769 1291 regi
1823 1217 2127 1289 supplicem

555 1315 761 1370 obtulit
815 1313 1081 1379 libellum,
1133 1327 1334 1383 rogans
1369 1319 1430 1366 ut
1485 1311 1677 1367 liceret
1733 1309 1839 1366 sibi
1901 1309 1955 1364 in
1991 1308 2129 1366 urbe

558 1420 660 1460 sua
720 1404 948 1460 Christo
1003 1403 1274 1459 Salvatori
1325 1410 1575 1458 auratam
1632 1407 1872 1458 statuam
1921 1400 2126 1456 dicare.

555 1497 804 1554 Libellus
847 1510 1014 1566 porro
1070 1494 1391 1565 hujusmodi
1453 1502 1609 1550 erat:
1671 1510 1691 1544 ι
1722 1491 1972 1562 Augusto
2020 1489 2130 1546 He-

563 1607 579 1640 r
631 1588 770 1653 rodi,
797 1586 1091 1658 toparchae,
1119 1592 1175 1640 et
1193 1584 1368 1656 legum
1389 1580 1901 1668 datoriludazorum
1924 1580 2131 1637 Graeco.

561 1698 579 1729 ‹
631 1692 882 1747 rumque,
921 1676 1035 1747 regi
1070 1674 1507 1740 Trachonitidis,
1548 1673 1861 1738 Berenices,
1894 1672 2131 1726 honora-

559 1788 578 1818 ι
629 1767 758 1825 bilis
779 1765 1046 1822 Paneadis
1078 1767 1296 1830 incolae,
1332 1765 1520 1834 petitio
1539 1763 1766 1834 supplex
1800 1771 1854 1818 et
1875 1763 2128 1819 obsecra-

563 1877 580 1910 ι
629 1862 726 1915 tio.
748 1858 969 1915 Justitia
985 1867 1040 1915 et
1059 1857 1394 1920 humanitas,
1417 1863 1740 1924 caeteraeque
1758 1853 1990 1910 virtutes
2007 1869 2128 1910 ver-
2165 1825 2206 1880 Β

560 1968 578 2001 ι
629 1950 790 2004 ticem
821 1958 1068 2006 vestrum
1105 1949 1280 2004 instar
1303 1961 1527 2002 corona:
1559 1946 1808 2016 cingunt.
1843 1943 1999 2010 Quod
2028 1958 2128 2014 ego

562 2060 578 2092 σ
630 2040 953 2118 neutiquam
983 2041 1266 2112 ignorans,
1291 2041 1434 2096 bona
1463 2055 1559 2110 spe
1579 2040 1763 2095 omnia
1783 2053 2130 2108 consequen~

562 2151 580 2184 ι
627 2133 682 2189 di
712 2140 1002 2202 concepta,
1034 2132 1133 2187 tibi
1179 2133 1419 2188 scribo.»
1459 2130 1590 2198 Quae
1616 2147 1782 2202 porro
1815 2132 1889 2188 sit
1916 2129 2129 2186 exordii

558 2222 723 2292 hujus
777 2223 945 2297 ratio,
974 2222 1250 2279 sermonis
1285 2221 1460 2278 series
1488 2221 1812 2276 declarabit.
1862 2238 1880 2272 ι
1927 2221 2066 2276 Cum
2098 2235 2130 2274 a

560 2330 581 2365 ι
629 2295 978 2384 prima-aetate
1001 2313 1290 2385 sanguinis
1306 2312 1459 2368 fluxu
1481 2312 1819 2377 laborarem,
1834 2313 1984 2369 omni
2007 2314 2132 2369 vitae

556 2424 580 2457 τ
625 2406 936 2461 substantia
963 2405 1437 2476 facultatibusque
1485 2405 1624 2461 meis
1653 2405 1709 2460 in
1740 2405 1987 2461 medicus
2033 2420 2129 2460 ex-

560 2518 577 2550 c
629 2500 870 2564 haustis,
902 2499 1172 2554 medelam
1205 2498 1415 2552 nullam
1448 2505 1612 2552 nacta
1633 2512 1781 2554 sum.
1811 2496 1913 2554 L‘bi
1947 2505 2128 2553 autem

559 2610 579 2642 ο
626 2591 810 2660 accepi
841 2590 1188 2646 admirabilis
1223 2589 1434 2646 Christi
1475 2590 1813 2655 curationes,
1849 2589 1942 2661 qui
1977 2604 2131 2644 mora

561 2699 580 2732 ι
627 2689 752 2736 tuos
778 2680 848 2735 ad
881 2681 1060 2736 lucem
1087 2693 1356 2736 revocans
1395 2679 1716 2745 suscitaret,
1748 2679 2026 2736 daemones
2064 2693 2130 2734 ex

557 2791 578 2824 ι
627 2773 936 2828 mortalium
963 2773 1291 2843 corporibus
1319 2773 1563 2842 ejiceret,
1602 2787 1905 2843 omnesque
1940 2771 2130 2828 confe-

560 2884 576 2916 ι
626 2869 748 2918 ctos
770 2863 979 2918 morbis
1029 2863 1199 2918 verbo
1253 2871 1509 2928 sanaret,
1556 2861 1626 2917 ad
1679 2876 1805 2917 eum
1858 2862 2010 2916 velut
2062 2860 2128 2914 ad

557 2974 576 3005 ι
628 2954 797 3010 Deum
817 2953 1065 3024 confugi.
1080 2953 1282 3010 Verum
1302 2951 1656 3007 considerata
1673 2950 2026 3005 multitudine
2040 2965 2131 3006 eo-

559 3061 579 3094 ¢
626 3058 748 3097 rum
771 3044 862 3113 qui
892 3043 1045 3097 illum
1071 3045 1375 3112 cingerent,
1398 3050 1651 3096 metuens
1692 3056 1761 3095 ne
1783 3039 1956 3094 morbi
1979 3055 2133 3110 spur-

2233 595 2352 648 ρας,
2381 579 2441 633 έν
2468 578 2710 650 Σεϐαστῇ
2741 579 2806 649 τῇ
2833 577 3012 641 πόλει,
3044 577 3155 650 πρὸ
3173 577 3320 632 όκτὼ
3343 576 3663 635 Καλανδῶν
3687 581 3818 636 ’1ου-

2227 671 2358 725 νίων
2383 710 2399 737 ,
2444 671 2504 723 ἐν
2551 670 2784 752 ὑπατεία
2825 670 3151 735 Φλάκκωνος
3200 669 3297 724 καὶ
3341 669 3672 740 Ῥουφίνου.
3727 674 3818 727 Διά

2225 759 2387 814 τοῦτο
2423 760 2762 832 λυπούμενος
2785 761 2814 814 ὁ
2850 757 3101 834 Ἡρώδης
3129 761 3158 815 ό
3196 759 3450 831 βασιλεὺς
3475 763 3507 815 ό
3535 761 3816 817 Φιλίππου

2227 851 2462 922 ἀνῆλθεν
2509 851 2620 907 ἀπὺ
2664 853 2766 923 τῆς
2812 851 3076 916 Ἰουδαίας
3102 892 3119 919 ,
3173 851 3270 906 καὶ
3310 851 3630 923 προσῆλθεν
3675 854 3812 925 αὐτῷ

2228 945 2366 1016 γυνή
2421 961 2507 1008 τις
2559 943 2796 1016 εὔπορος
2822 981 2839 1009 ,
2896 943 3127 999 οἰκοῦσα
3173 943 3273 1016 τὴν
3321 943 3496 1017 αὐτὴν
3555 946 3812 1002 Πανεάδα

2229 1035 2406 1102 πόλιν,
2439 1034 2667 1105 ὀνόματι
2697 1034 2955 1106 Βερνίκη,
2989 1031 3318 1105 βουλομένη,
3341 1033 3418 1098 ὡς
3451 1034 3687 1090 ίαθεῖσα
3717 1036 3810 1088 ὑπὸ

2228 1125 2322 1179 τοῦ
2363 1123 2541 1193 Ἰησοῦ
2563 1162 2579 1190 ,
2611 1123 2817 1195 στήλην
2857 1121 3009 1193 αὐτῷ
3057 1121 3366 1192 ἀναστῆσαι
3389 1138 3404 1153 ⁶
3447 1123 3550 1178 καὶ
3583 1124 3666 1194 μὴ
3701 1126 3808 1178 τολ-

2233 1218 2384 1288 μᾶσα
2438 1216 2560 1288 δίχα
2616 1214 2907 1286 βασιλικῆς
2967 1213 3270 1278 κελεύσεως
3343 1214 3504 1270 τοῦτο
3559 1217 3803 1286 ποιῆσαι,

2236 1309 2423 1380 δέησιν
2484 1306 2688 1362 δέδωκε
2713 1305 2792 1376 τῷ
2821 1303 3033 1376 βασιλεῖ
3069 1302 3306 1376 Ἡρώδῃ,
3343 1305 3580 1360 αἰτοῦσα
3613 1309 3807 1378 στήλην

2231 1399 2440 1470 χρυσῆν
2494 1397 2574 1470 τῷ
2620 1397 2834 1470 Σωτῆρι
2872 1395 3094 1467 Χριστῷ
3163 1396 3223 1450 ἐν
3278 1398 3345 1468 τῇ
3392 1397 3608 1468 ἑαυτῆς
3667 1401 3805 1454 πόλει

2233 1490 2460 1560 στῆσαιο
2523 1490 2646 1561 ἥτις
2705 1487 2888 1558 δέησις
2961 1481 3108 1558 εἶχεν
3177 1486 3352 1550 οὕτως
3393 1502 3408 1516 ·
3459 1506 3480 1540 t
3557 1489 3805 1561 Σεϐαστῷ

2238 1595 2256 1629 ι
2315 1576 2562 1650 Ἡρώδῃ,
2612 1576 2898 1648 τοπάρχῃ,
2949 1574 3259 1648 θεσμοθέτῃ
3308 1575 3596 1632 Ἰουδαίων
3626 1596 3691 1634 τε
3727 1582 3806 1634 καὶ

2239 1687 2256 1720 ι
2315 1667 2604 1740 Ἑλλήνων,
2637 1666 2852 1738 βασιλεί
2879 1666 3298 1738 Τραχωνίτιδος,
3329 1667 3520 1739 δέησις
3567 1672 3672 1728 καὶ
3717 1673 3810 1726 ιχε.

2239 1778 2256 1808 ι
2302 1757 2391 1811 σία
2422 1758 2576 1829 παρά
2614 1757 2882 1828 Βερνίκης
2913 1756 3324 1829 ἀξιωματικῆς,
3353 1760 3574 1827 πόλεως
3603 1764 3808 1820 Πανεά-

2242 1869 2260 1902 ‹
2305 1850 2412 1915 δος.
2448 1851 2777 1921 Δικαιοσύνη
2804 1891 2819 1918 ,
2854 1851 2948 1904 καὶ
2976 1850 3382 1923 φιλανθρωπία,
3415 1855 3514 1909 καὶ
3547 1856 3623 1910 τά
3657 1857 3810 1911 λοιπὰ

2241 1961 2258 1995 ι
2305 1942 2415 1998 τῶν
2447 1943 2662 2014 ἀρετῶν
2713 1942 3107 2014 περιστέφουσι
3158 1944 3258 2014 τὴν
3316 1946 3602 2017 ὑμετέραν
3651 1966 3811 2020 κορυ-

2241 2053 2260 2087 t
2309 2036 2418 2108 φήν
2441 2052 2457 2067 ·
2488 2035 2613 2090 ὅθεν
2643 2033 2802 2104 κάγὼ
2847 2034 3008 2090 τοῦτο
3054 2035 3228 2090 είδυῖα
3253 2075 3268 2101 ,
3300 2039 3399 2093 σὺν
3428 2039 3678 2107 ἀγαθαῖς
3699 2044 3815 2103 ut;

2241 2148 2260 2182 ι
2306 2128 2494 2184 ἐλπίσι
2559 2129 2782 2185 πάντων
2819 2131 3123 2203 τευξομένη
3149 2173 3164 2198 ,
3212 2133 3297 2186 σοι
3324 2133 3548 2205 γράφω.
3598 2154 3620 2188 ι
3661 2137 3816 2201 Ἥτις

2235 2222 2269 2291 ή
2293 2219 2388 2274 τοῦ
2423 2221 2693 2290 παρόντος
2721 2222 3012 2294 προοιμίου
3047 2223 3278 2298 κρηπὶς,
3313 2224 3526 2297 προϊών
3568 2243 3631 2280 σε
3663 2229 3698 2281 ὁ
3738 2229 3817 2281 λό-

2235 2330 2332 2382 γος
2370 2312 2592 2380 διδάξει.
2633 2331 2654 2366 t
2718 2314 2814 2369 Ἐκ
2857 2315 3066 2371 παιδῶν
3110 2315 3378 2386 ληφθεῖσα
3419 2317 3578 2389 πάθη
3621 2322 3818 2392 αἱμορα

2242 2423 2262 2459 t
2308 2405 2463 2477 ῥοίας
2505 2405 2750 2485 όχετῶν,
2801 2408 2884 2472 εἰς
2915 2409 3137 2480 ίατροὺς
3180 2410 3512 2464 ἀναλώσασά
3569 2430 3682 2483 μου
3735 2415 3816 2467 τὺτ
3867 2451 3869 2462 .

2241 2516 2261 2550 t
2309 2497 2423 2569 βίον
2453 2499 2548 2552 καὶ
2573 2498 2665 2552 τὸν
2693 2497 2948 2566 πλοῦτον,
2995 2500 3144 2555 ἴασιν
3174 2501 3273 2570 οὐχ
3301 2494 3462 2572 εὖρον
3483 2516 3502 2534 ⁶
3540 2503 3820 2571 ἀκηκουῖα

2242 2610 2260 2642 ι
2304 2591 2362 2644 δὲ
2391 2589 2486 2644 τοῦ
2522 2590 2940 2662 θαυμαζομένου
2979 2591 3218 2664 Χριστοῦ
3252 2593 3322 2647 τά
3355 2594 3590 2664 ίάματα,
3622 2596 3707 2662 ὡς
3734 2615 3818 2651 νε-

2243 2699 2262 2731 ‹
2307 2681 2474 2752 κροὺς
2499 2681 2830 2751 διανίστησι,
2871 2681 3036 2735 πάλιν
3060 2683 3140 2746 είς
3171 2682 3287 2751 φῶς
3323 2682 3520 2748 ἕλκων,
3561 2687 3668 2740 καὶ
3704 2687 3818 2740 δαί-

2243 2790 2262 2823 (
2313 2787 2482 2840 μονας
2512 2772 2578 2825 ὲκ
2604 2764 2815 2842 βροτῶν
2844 2771 3189 2839 ἀπελαύνων,
3229 2774 3324 2827 καὶ
3349 2774 3566 2840 πάντας
3594 2779 3732 2840 τοὺς
3767 2781 3820 2830 ἐν

2244 2883 2262 2915 ι
2308 2863 2449 2934 νόσῳ
2479 2864 2915 2936 μαραινομένους
2944 2864 3089 2936 λόγῳ
3119 2864 3456 2936 θεραπεύων,
3486 2869 3656 2938 κάγὼ
3687 2871 3816 2941 πρὶς

2244 2971 2262 3003 ι
2309 2951 2472 3012 αὑτὸν
2498 2952 2577 3016 ὡς
2617 2952 2753 3024 πρὸς
2785 2952 2918 3006 Θεὸν
2955 2952 3208 3025 ἔδραμον.
3251 2955 3363 3009 Καὶ
3393 2962 3814 3030 προσεσχηκώα

2244 3062 2262 3094 ι
2308 3043 2385 3114 τῷ
2428 3044 2737 3115 περιέχοντι
2781 3045 2946 3099 αὐτὸν
2979 3045 3210 3117 πλήθει,
3241 3046 3568 3101 δειλιάσασα
3615 3049 3698 3122 μὴ
3731 3051 3814 3104 τὸν

557 3155 578 3187 τ
626 3133 811 3189 citiem
843 3143 1155 3196 aversatus,
1206 3147 1334 3204 erga
1375 3147 1461 3187 me
1494 3131 1895 3201 indignaretur,
1924 3132 2127 3202 major-

2244 3151 2262 3184 t
2309 3134 2372 3189 έκ
2399 3136 2491 3190 τοῦ
2523 3135 2728 3200 πάθους
2771 3137 3047 3208 μολυσμὸν
3095 3138 3626 3210 ἀποστρεφόμενος,
3665 3141 3817 3212 ὀργι-

560 3244 578 3276 σ
624 3239 729 3294 que
751 3224 1096 3294 aegritudinis
1114 3224 1270 3294 plaga
1298 3223 1472 3288 ﬁeret,
1489 3237 1702 3278 mecum
1729 3222 1846 3292 ipsa
1866 3223 2130 3295 cogitavi,

561 3333 580 3366 ι
625 3313 792 3386 369
823 3315 970 3385 quod
1001 3317 1047 3372 si
1083 3317 1167 3370 vel
1209 3315 1479 3370 fimbriam
1522 3315 1835 3370 vestimenti
1867 3313 1990 3384 ejus
2013 3322 2134 3368 lan-

559 3426 577 3458 t
626 3423 754 3478 gere
811 3407 948 3463 mihi
1004 3407 1217 3473 liceret,
1250 3407 1545 3462 sanitatem
1582 3405 1947 3476 adipiscerer.
1980 3404 2134 3462 Hanc

558 3519 576 3552 ι
625 3499 717 3555 ubi
751 3499 990 3570 primum
1022 3499 1195 3570 tetigi,
1222 3511 1516 3569 suppresso
1550 3497 1836 3569 sanguinis
1867 3495 2040 3562 fonte,
2069 3499 2134 3553 il-

559 3611 577 3642 ι
626 3592 730 3646 lico
749 3590 1029 3646 convalui.
1072 3589 1171 3646 Ille
1215 3605 1370 3655 vero,
1406 3603 1531 3644 cum
1554 3589 1741 3645 cordis
1772 3590 1874 3644 mei
1902 3589 2132 3645 consilia

561 3705 578 3736 ι
625 3689 951 3756 prmnossct,
986 3682 1127 3737 elata
1165 3696 1328 3745 voce,
1359 3679 1515 3746 Quis,
1574 3681 1775 3751 inquit,
1811 3697 1892 3735 me
1919 3681 2134 3752 tetigit?

561 3794 577 3823 ι
624 3774 788 3828 virtus
815 3788 880 3828 ex
897 3789 976 3828 me
1000 3772 1223 3843 prodiit.
1247 3771 1388 3826 Tum
1415 3785 1517 3842 ego
1531 3770 1769 3841 pallens,
1800 3786 2133 3842 gemensque

559 3884 578 3916 ι
625 3872 679 3920 et
725 3866 1033 3936 graviorem
1061 3865 1314 3920 morbum
1365 3865 1432 3919 ad
1471 3878 1558 3918 me
1595 3877 1948 3920 reversurum
1981 3863 2132 3919 arbi-

561 3976 579 4008 ‹
624 3964 802 4024 trans,
824 3958 889 4013 ad
909 3957 1031 4028 ejus
1061 3956 1232 4028 pedes
1255 3971 1480 4024 corruo,
1504 3955 1843 4026 humumque
1872 3955 2132 4026 lacrymis

560 4067 578 4098 ι
626 4045 942 4114 infundens,
975 4047 1268 4104 audaciam
1320 4061 1497 4103 meam
1547 4045 1864 4118 profitebar.
1908 4046 1980 4099 At
2015 4045 2127 4110 ille,

555 4157 579 4188 4
627 4138 704 4192 uti
723 4138 966 4194 clemens
987 4147 1042 4194 et
1059 4138 1358 4208 benignus,
1379 4137 1556 4192 vicem
1582 4150 1755 4191 meam
1781 4138 2132 4191 commisera-

557 4248 580 4279 ε
621 4236 732 4296 tus,
751 4230 1095 4286 sanationem
1125 4229 1260 4284 mihi
1286 4229 1372 4284 his
1387 4227 1574 4283 verbis
1595 4226 1973 4283 confirmavit:
1999 4227 2131 4284 Con-

556 4337 580 4369 4
626 4318 754 4388 ﬁde,
771 4317 910 4384 ﬁlia,
936 4317 1067 4386 ﬁdes
1091 4328 1187 4372 tua
1205 4328 1254 4373 te
1270 4319 1475 4373 salvam
1501 4318 1646 4388 fecit.
1677 4316 1818 4372 Vade
1840 4318 1893 4372 in
1915 4334 2043 4388 pace
2060 4321 2126 4376 ⁵ο.

557 4427 580 4460 ε
630 4409 723 4464 Sic
747 4418 803 4464 tu
839 4425 1080 4480 quoque,
1107 4410 1374 4481 Auguste,
1409 4409 1544 4464 mihi
1571 4410 1911 4480 supplicanti
1940 4419 2130 4481 postu-

2241 3245 2259 3275 ι
2307 3225 2408 3297 σθῇ
2455 3226 2577 3280 κατ’
2610 3227 2744 3298 ἐμοῦ
2771 3269 2786 3292 ,
2833 3229 2927 3282 καὶ
2954 3228 3157 3283 πλείων
3189 3247 3279 3300 μοι
3309 3231 3519 3305 ἐπέλθῃ
3551 3235 3587 3302 ἡ
3633 3235 3816 3305 πληγή

2241 3335 2259 3368 t
2305 3315 2406 3385 τῆς
2426 3317 2604 3384 νόσου,
2635 3318 2760 3372 καθ’
2796 3319 2996 3390 ἑαυτὴν
3026 3319 3379 3394 ἐλογισάμην,
3411 3323 3493 3376 ὅτι
3528 3324 3631 3378 ἐὰν
3661 3325 3817 3394 δυνη-

2241 3426 2257 3458 ι
2304 3407 2459 3477 θείην
2488 3407 2729 3478 ἅψασθαι
2772 3407 2867 3462 τοῦ
2899 3409 3210 3482 κρασπέδου
3239 3411 3335 3465 τοῦ
3371 3412 3595 3483 ἱματίου
3627 3413 3814 3476 αὐτοῦ.

2240 3517 2257 3551 t
2305 3499 2648 3570 σωθήσομαι.
2683 3493 2760 3555 Ob
2791 3500 2887 3556 καὶ
2924 3501 3215 3573 ἁψαμένη,
3246 3503 3342 3556 καὶ
3372 3503 3679 3574 σταθείσης
3717 3524 3814 3575 μου

2238 3607 2258 3640 σ
2302 3589 2403 3660 τῆς
2430 3589 2616 3660 πηγῆς
2635 3590 2730 3644 τοῦ
2760 3592 3014 3662 αἵματος,
3037 3592 3235 3661 γέγονα
3261 3595 3611 3666 παραχρῆμα
3632 3598 3812 3668 ὑγιής.

2240 3699 2257 3731 t
2302 3680 2476 3745 Αὐτὸς
2502 3681 2559 3735 δὲ
2590 3682 2814 3752 μᾶλλον,
2849 3682 2926 3747 ὡς
2959 3685 3233 3756 προγνοὺς
3261 3684 3360 3755 τῆς
3398 3687 3548 3758 ἐμῆς
3585 3690 3818 3760 καρδίας

2239 3792 2255 3820 ι
2301 3771 2371 3825 τὰ
2401 3771 2762 3844 βουλεύματα,
2793 3773 3062 3846 ἀνέκραξε
3088 3792 3102 3806 ο
3153 3775 3250 3841 Τίς
3282 3792 3404 3844 μου
3441 3772 3684 3843 ﬁgi-ato;
3719 3779 3816 3832 εύ-

2240 3882 2258 3914 ¢
2303 3879 2479 3934 ναμις
2512 3864 2614 3920 ἀπ’
2647 3865 2797 3935 ἐμοῦ
2821 3865 3102 3935 ἐξῆλθεν.
3148 3865 3290 3936 Ἐγὼ
3334 3863 3430 3920 οῦν
3460 3867 3816 3938 ὼχριάσασα,

2238 3974 2257 4006 ι
2302 3955 2400 4009 καὶ
2431 3956 2716 4023 στένουσα,
2745 3956 2846 4030 τὴν
2874 3957 3030 4012 νόσον
3069 3957 3412 4031 θρασυτέραν
3439 3960 3820 4034 ἀποστρέφειν

2242 4068 2260 4100 ι
2305 4047 2395 4101 ἐπ’
2431 4047 2532 4119 ἐμὲ
2570 4047 2919 4120 λογιζομένη,
2951 4050 3340 4122 προσπεσοῦσα
3367 4050 3546 4122 αὐτῷ,
3579 4053 3690 4126 τὴν
3720 4057 3822 4126 γῆν

2238 4162 2257 4193 ι
2299 4141 2600 4212 ὲπλήρωσα
2627 4141 2904 4212 δακρύων,
2934 4141 3036 4214 τὴν
3064 4142 3269 4214 τόλμαν
3289 4142 3610 4208 ἐξειποῦσα.
3641 4147 3821 4208 Aine;

2239 4252 2257 4283 ‹
2301 4231 2360 4286 δὲ
2387 4232 2464 4296 ὡς
2493 4231 2697 4302 ἀγαθὸς
2715 4275 2732 4299 ,
2766 4233 3190 4304 σπλαγχνισθεὶς
3219 4233 3308 4287 ἐπ’
3335 4235 3456 4304 ἐμοὶ
3479 4275 3495 4302 ,
3527 4236 3823 4310 ἐπεσφρᾶ-

2239 4345 2255 4376 ‹
2301 4323 2420 4393 γιζέ
2457 4343 2559 4396 μου
2589 4323 2688 4397 τὴν
2721 4327 2902 4394 ῐασιν,
2943 4325 3212 4398 είρηκώς’
3248 4327 3496 4395 Θάρσει,
3529 4329 3822 4398 θυγὰτερ.

2235 4437 2255 4470 ι
2303 4421 2342 4488 ἡ
2375 4420 2578 4484 πίστις
2613 4435 2730 4473 σου
2784 4419 3022 4474 σέσωκέ
3058 4434 3134 4474 σε
3162 4437 3176 4450 ο
3215 4419 3471 4489 πορεύου
3519 4417 3616 4486 εἷς
3661 4423 3820 4491 εἰρή-

556 4518 579 4550 ‹
628 4499 886 4556 lationem
914 4500 1121 4570 justam
1156 4501 1399 4570 indulge.
1425 4519 1444 4552 ι
1470 4501 1597 4555 Ηωο
1622 4500 1852 4556 audiens
1886 4499 2127 4558 Herodes

2241 4527 2260 4560 ι
2296 4527 2431 4578 νην.
2465 4509 2622 4565 Οὕτω
2661 4510 2756 4563 καὶ
2797 4510 2986 4582 ὑμεῖς,
3030 4510 3292 4565 Σεϐαστοὶ
3315 4551 3331 4578 ,
3374 4508 3474 4580 τὴν
3516 4509 3730 4582 δέησιν
3756 4517 3820 4582 τῇ

555 4607 653 4647 rex
675 4606 742 4647 ex
775 4591 962 4648 libello
991 4591 1261 4663 supplice,
1293 4591 1548 4647 miraculi
1595 4592 1974 4663 magnitudine
2004 4609 2128 4664 pcr-

551 4683 769 4750 eulsus,
813 4684 1228 4755 curationisque
1294 4683 1565 4739 reveritus
1611 4698 1897 4750 arcanum,
1947 4683 2127 4740 dixit:

559 4792 580 4825 ι
614 4774 754 4843 Tua,
787 4792 822 4834 ο
847 4776 1068 4843 mulier,
1100 4775 1317 4832 sanatio
1365 4775 1744 4846 pra'stantiori
1802 4775 1964 4847 digna
2013 4791 2128 4832 mo-

623 4952 671 4987 ⁸⁰
689 4950 881 5010 Malth.
914 4969 986 5020 Ix,
1015 4952 1107 5008 22.

2232 4621 2250 4654 ι
2295 4601 2523 4674 δεομένῃ
2553 4602 2710 4670 ἀξίαν
2741 4603 3071 4674 παράσχετε.
3103 4622 3122 4655 ι
3170 4605 3232 4659 '0
3259 4603 3317 4656 δὲ
3340 4602 3610 4674 βασιλεὺς
3635 4604 3820 4675 Ἥρὼ-

2224 4690 2320 4759 δης
2348 4691 2604 4762 ἀκηκοὼς
2635 4691 2807 4747 ταῦτα
2835 4693 2927 4748 διὰ
2967 4693 3068 4765 τῆς
3106 4695 3347 4766 δεήσεως
3369 4733 3387 4758 ,
3421 4692 3728 4767 ἐξεπλάγη
3761 4699 3818 4750 τὲ

2225 4777 2441 4849 θαῦμα,
2496 4780 2590 4834 καὶ
2637 4779 2895 4851 φοϐηθεὶς
2945 4781 3008 4835 τὸ
3065 4783 3366 4854 μυστήριον
3419 4782 3524 4849 τῆς
3591 4783 3820 4847 ἰάσεως,

2037 5054 2268 5112 NOTAE.

549 5207 863 5282 Curterius,
904 5206 1337 5282 Ducangiusque
1367 5225 1431 5282 ex
1469 5226 1558 5282 qq.
1600 5212 1981 5270 Anastasianis
2025 5227 2118 5266 ac-

550 5293 770 5371 cepere,
799 5280 1076 5334 Chronico
1094 5278 1724 5371 diesandri‘nogloanne
1756 5285 1879 5371 ipso
1902 5283 2118 5348 Malala,

557 5348 824 5420 aliisque,
877 5348 1314 5420 prmteriilulium
1370 5351 1716 5417 Africanum,
1754 5348 2120 5418 Clementem,

551 5418 917 5494 Thepphilum
937 5461 951 5485 ,
975 5428 1041 5494 ‘et
1069 5419 1415 5494 Timotheum
1438 5461 1452 5482 ,
1487 5439 1626 5492 quos
1657 5424 1968 5494 Hesychius
2005 5424 2122 5492 ipse

549 5487 828 5568 athlala‘la
865 5490 1108 5568 laudant.
1138 5487 1536 5568 Nequemggni
1577 5487 1888 5568 faciendum
1919 5501 2004 5568 est
2028 5487 2122 5547 ἰο-

552 5560 877 5634 stit_nonium
913 5560 1344 5634 Abulfaraji'qui
1393 5560 1751 5633 Theophilum
1783 5564 2117 5634 astrologum

549 5624 867 5685 Rohensem
936 5647 1032 5686 seu
1089 5624 1466 5696 Etlessenum,
1525 5624 1782 5689 floruisse
1839 5634 1912 5688 ait
1975 5624 2118 5687 circa

419 5687 438 5712 ¹
544 5699 1093 5773 annumChristi785
1107 5709 1158 5773 e_t_
1181 5700 1386 5769 llegirm
1418 5687 1604 5768 lii9,et
1633 5687 2121 5773 Eg‘re'gim’historitc

527 5771 834 5824 auctorem
868 5768 1082 5826 haberi.
1117 5768 1293 5826 Nimia
1332 5773 1532 5839 quippe
1567 5785 1651 5830 εει
1680 5768 2005 5842 Ἀιῑυιιότσῇί
2037 5775 2121 5829 in-

2225 5213 2530 5286 diligentia,
2554 5223 2612 5268 ut
2639 5215 2760 5286 ipso
2791 5215 2909 5270 solo
2941 5215 3272 5286 testiﬁcante
3303 5213 3607 5273 credamus
3637 5218 3818 5279 Theo-

2225 5285 2438 5354 philum
2483 5285 2634 5356 hunc
2683 5286 3020 5355 astrologum
3063 5285 3248 5356 hujus
3278 5287 3520 5356 egregia:
3563 5289 3820 5348 historia

2225 5363 2504 5426 parentem
2542 5354 2716 5411 fuisse
2739 5396 2753 5418 ,
2804 5354 2916 5408 aut"
2952 5354 3146 5411 saltent
3179 5354 3336 5409 nihil'
3359 5354 3516 5426 urget
3559 5374 3672 5416 nos
3699 5402 3716 5423 ,
3765 5373 3819 5414 ut

2225 5425 2607 5501 concedamus
2641 5441 2765 5480 eum
2803 5426 3094 5501 ipsumntet
3139 5440 3262 5501 esse
3293 5425 3457 5495 quem
3495 5427 3818 5501 liesychins

2224 5507 2279 5550 et
2304 5493 2504 5569 Μοισίᾳ
2561 5493 2840 5569 citaveref
2875 5494 2965 5569 Ad
2998 5493 3334 5569 Hesychium
3360 5498 3526 5569 quod
3577 5493 3818 5569 spectat,

2226 5565 2414 5636 quidni
2450 5563 2590 5636 idem
2621 5567 2691 5620 sit
2717 5581 2840 5619 cum
2872 5563 3142 5636 llesychio
3170 5563 3816 5636 lllustri,'quihis'toriari

2231 5633 2257 5687 εἰ
2293 5633 2420 5689 Belo
2449 5635 2820 5707 Assyriorum
2855 5633 2999 5707 rege'
3023 5636 3308 5707 usquead
3349 5633 3652 5707 Anastasii
3689 5643 3814 5706 imp.

2232 5652 2257 5687 a
2293 5652 2420 5689 Delo
2449 5652 2804 5707 nssynorum
2855 5652 2982 5706 rege
3023 5652 3198 5760 usq‘ue
3242 5652 3308 5690 aa
3351 5652 3647 5693 anaStasn
3689 5655 3814 5706 Imp.

2232 5714 2500 5781 t_empora_
2533 5705 2828 5781 produxit?
2876 5705 3041 5759 Plura
3134 5721 3164 5762 e
3205 5705 3394 5760 Malala
3436 5707 3646 5781 lugcsis
3679 5711 3814 5781 apud

2232 5775 2459 5832 Gavium
2487 5774 2544 5830 in
2573 5774 2713 5832 Hist.
2751 5776 2980 5833 litterar.
3015 5783 3187 5846 parte.
3227 5792 3287 5831 η.
