3904 6358
164 467 304 532 1373

1252 466 1351 525 DE
1393 461 1853 524 IMAGINIBUS
1890 461 2171 522 ORATIO
2210 463 2304 522 III

3272 460 3407 527 13⁷14

167 571 321 632 εἶπεν
343 592 360 609 ο
405 592 426 629 ι
470 575 536 631 Ἦ
563 574 645 640 είς
675 574 734 628 σὲ
784 575 1055 647 γενομένη
1088 576 1233 639 ίασις
1258 612 1273 639 ,
1302 570 1348 628 ὦ
1376 573 1573 644 γύναι,
1609 572 1729 645 μεί-

1846 587 1859 623 ι
1905 579 2171 631 numcnto
2199 579 2304 627 est.
2328 569 2430 626 Abi
2456 584 2608 642 ergo,
2633 578 2687 629 et
2715 586 2881 642 quam
2913 571 3159 629 volueris
3187 571 3289 637 illi,
3311 576 3405 643 qui

172 688 190 717 ι
229 666 383 730 ζονος
409 666 613 736 στήλης
646 665 798 720 ἐστὶν
832 665 980 730 aeta.
1016 665 1351 736 Πορευθείσα
1378 665 1585 734 τοίνυν,
1616 667 1735 721 οἵαν

172 777 190 810 ι
239 757 421 827 βούλει
478 756 786 826 ἀνάστησον
834 755 985 826 αὑτῷ
1037 755 1273 827 στήλην,
1317 755 1617 824 δοξάζουσα
1644 756 1737 811 τὸν

169 867 190 900 ι
233 848 545 918 ἰασάμενον.
586 865 605 899 ι
644 848 758 900 Καὶ
786 847 987 911 εὐθέως
1016 846 1154 918 αὑτὴ
1181 848 1415 918 Βερνίκη
1434 887 1449 912 ,
1484 849 1517 918 ὴ
1544 848 1737 919 πρώην

165 939 559 1010 αἱμορροοῦσα,
598 940 657 994 ὲν
690 940 837 1010 μέσῳ
865 939 964 1008 τῆς
996 939 1133 1003 ίδίας
1160 939 1333 1009 αὐτῆς
1372 940 1584 1004 πόλεως
1620 942 1735 995 Πα-

162 1029 349 1093 νεάδος
391 1029 657 1101 ἀνέστησε
685 1030 764 1101 τῷ
791 1030 911 1102 Θεῷ
939 1030 1034 1085 καὶ
1063 1030 1254 1103 Κυρίῳ
1292 1033 1498 1104 στήλην
1526 1032 1739 1103 χαλκῆν

163 1122 229 1175 ὲκ
258 1121 466 1193 χαλκοῦ
488 1120 856 1193 θερμηλάτου,
886 1122 1090 1194 μίξασα
1118 1124 1322 1197 χρυσὸν
1351 1124 1446 1178 καὶ
1474 1125 1734 1198 ἄργυρον.

165 1214 329 1277 ’Πτις
359 1213 528 1285 στήλη
562 1214 714 1283 μένει
746 1216 804 1267 ἐν
835 1216 1068 1271 Πανεάδι
1101 1219 1168 1287 τῇ
1201 1216 1351 1270 πόλει
1378 1216 1485 1280 ἕως
1513 1215 1607 1269 νῦν
1626 1258 1640 1281 ,
1674 1217 1736 1270 οὑ

164 1290 274 1374 πρὸ
302 1302 498 1356 πολλοῦ
524 1304 717 1374 χρόνου
752 1305 1159 1377 μετενεχθείσα,
1209 1307 1301 1377 ἀφ’
1345 1300 1407 1362 οὗ
1442 1307 1647 1371 ἵστατο,
1678 1309 1737 1361 ὲν

166 1392 319 1464 μέσῳ
349 1397 448 1464 τῆς
479 1395 686 1459 ’πόλεως
734 1398 814 1460 εἰς
847 1398 1005 1461 ἅγιον
1032 1399 1227 1464 τόπον,
1260 1400 1341 1463 είς
1369 1395 1517 1454 οἷκον
1546 1400 1739 1472 εύκτή-

166 1500 307 1555 ριον.
338 1484 517 1559 Ὅπερ
555 1487 855 1565 ὑπόμνημα
881 1490 1081 1561 εὑρέθη
1113 1492 1171 1545 ἐν
1200 1493 1264 1562 τῇ
1298 1490 1449 1547 πόλει
1481 1493 1734 1557 Πανεάδι,

163 1573 321 1644 παρά
368 1576 563 1647 Βάσσῳ
604 1580 743 1643 τινὶ,
792 1581 1073 1651 γενομένῳ
1127 1582 1236 1637 ἀπὸ
1290 1581 1559 1637 Ἰουδαίων
1604 1585 1737 1654 Χρι-

164 1663 405 1733 στιανῷ,
447 1667 505 1718 ἐν
553 1659 598 1733 ᾧ
642 1668 887 1739 ὑπῆρχεν
916 1670 945 1721 ὁ
978 1670 1095 1741 βίος
1137 1671 1246 1724 τῶν
1302 1671 1737 1741 βασιλευσάντων

162 1752 383 1809 πάντων
414 1754 512 1826 τῆς
558 1756 856 1828 Ἰουδαϊκῆς
886 1758 1085 1830 χώρας.
1126 1777 1142 1810 ›

168 1994 298 2083 Ἐξ,
323 1993 433 2083 τῆς
456 1997 729 2083 ,έδδιξμης
749 2000 1020 2083 ἐβίὸἰιου.
1056 2001 1168 2083 ρῖς
1227 2003 1738 2083 έκκλησιαστικῆς

258 2068 547 2158 ἱστορίας
569 2068 891 2158 Paciﬁco!
907 2071 1022 2158 ξοῦ
1059 2068 1410 2144 Παμφίλου,
1459 2083 1593 2152 περὶ

229 2138 671 2206 αιμορῤοούσης
696 2139 1023 2207 Πανεὰδος.

230 2292 250 2326 ι
307 2274 528 2345 Ἐπειδὴ
578 2274 740 2345 τῆσδε
793 2275 892 2345 τῆς
940 2276 1154 2341 πόλεως
1202 2279 1558 2353 ἐμνήσθημεν
1585 2326 1600 2353 ,
1637 2287 1738 2340 οὑκ

149 2371 303 2437 ἄξιον
348 2366 593 2438 ἡγοῦμαι
643 2365 895 2438 διήγησιν
946 2369 1280 2441 παρελθεῖν,
1325 2374 1418 2426 καὶ
1457 2377 1572 2439 τοῖς
1619 2378 1738 2446 μεθ’

149 2461 302 2531 ήμᾶς
335 2456 768 2529 μνημονεύεσθαι
813 2458 989 2523 ἀξίαν.
1023 2460 1136 2531 Τὴν
1164 2461 1271 2533 γὰρ
1302 2465 1736 2538 αἰμοῤῥοοῦσαν,

149 2551 217 2617 ἣν
264 2550 331 2602 ὲκ
385 2548 492 2600 τῶν
546 2547 715 2617 ἱερῶν
746 2547 1095 2616 Εὑαγγελίων
1142 2551 1294 2621 παρὰ
1345 2552 1439 2606 τοῦ
1484 2555 1737 2628 Σωτῆρος

150 2638 315 2710 ήμῶν
357 2636 451 2691 τοῦ
505 2639 711 2700 πάθους
756 2638 1079 2710 ἀπαλλαγὴν
1122 2641 1377 2712 εὑρέσθαι
1410 2643 1737 2715 μεμαθήκα-

154 2745 256 2799 μεν
284 2769 299 2792 ,
338 2728 550 2781 ἐνθένδε
598 2728 779 2795 ἔλεγον
812 2730 1115 2800 ὁρμᾶσθαι,
1147 2732 1239 2785 τόν
1286 2750 1346 2785 τε
1382 2730 1528 2787 οἷκον
1570 2737 1738 2806 αὑτῆς

150 2823 249 2875 ἐπὶ
282 2822 386 2892 τῆς
415 2820 627 2882 πόλεως
655 2819 991 2887 δείκνυσθαι,
1024 2821 1119 2874 καὶ
1147 2822 1247 2893 τῆς
1289 2824 1393 2879 ὑπὸ
1422 2826 1516 2879 τοῦ
1548 2827 1737 2899 Σωτῆ-

154 2931 251 2984 ρος
278 2913 363 2973 είς
402 2911 574 2981 αὐτὴν
603 2912 923 2983 εὐεργεσίας
955 2912 1247 2983 θαυμαστὰ
1277 2915 1513 2985 τρόπαια
1556 2934 1735 2990 παρα-

153 3002 331 3071 μένει.
393 3000 645 3053 Ἐστάναι
688 3000 794 3070 γὰρ
838 3001 923 3070 ἐφ’
975 3002 1180 3073 ὑψηλοῦ
1210 3002 1392 3070 λίθου,
1447 3007 1584 3076 πρὸς
1638 3006 1736 3077 μὲν

149 3091 276 3150 ταῖς
308 3087 511 3151 πύλαις
552 3088 648 3142 τοῦ
688 3089 862 3159 αὑτῆς
907 3090 1063 3144 οἴκου
1094 3132 1108 3158 ,
1141 3093 1399 3160 γυναικὸς
1431 3095 1735 3165 ἐκτύπωμα

151 3177 387 3248 χάλκεον
436 3178 531 3231 ἐπὶ
559 3179 689 3247 γόνυ
744 3180 1101 3247 κεκλιμένον,
1148 3184 1244 3236 καὶ
1284 3184 1613 3254 τεταμέναις
1641 3187 1735 3238 ἐπὶ

151 3268 542 3341 τοῦμπροσθεν
594 3272 717 3333 ταῖς
774 3272 993 3342 χερσὶν,
1048 3274 1365 3346 ίκετευούσῃ
1417 3276 1632 3340 ἐοικόςσ
1672 3269 1734 3329 οὗ
1764 3248 1806 3306 C

149 3362 409 3431 ἀντικρὺ,
436 3360 568 3414 ἄλλο
583 3361 681 3431 τῆς
704 3361 876 3432 αὑτῆς
906 3361 1062 3433 ὕλης,
1096 3365 1289 3435 ἀνδρὸς
1312 3366 1494 3437 ὄρθιον
1526 3368 1734 3438 σχῆμα,

6 3456 45 3483 ιν
70 3428 129 3491 λίς
147 3428 404 3521 διπλοΐδα
435 3428 676 3523 κοσμίως
708 3428 1082 3523 βεϐλημένον,
1133 3428 1227 3508 καὶ
1383 3460 1541 3528 χεῖρα

150 3544 270 3595 ἐκεῖ
293 3543 605 3613 προτεῖνον.
638 3536 714 3597 Ob
740 3543 891 3613 παρὰ
930 3547 1043 3608 τοϊς
1081 3547 1239 3600 ποσὶν
1265 3549 1359 3600 ἐπὶ
1396 3550 1495 3618 τῆς
1530 3549 1740 3620 στήλης

148 3635 373 3705 ταύτης,
426 3633 579 3699 ξένον
606 3652 657 3688 τι
692 3635 926 3708 βοτάνης
958 3631 1096 3701 εἶδος
1134 3638 1311 3707 φύειν,
1344 3639 1419 3703 ὡς
1453 3640 1614 3712 μέχρι
1642 3639 1738 3694 τοῦ

12 3794 17 3799 η
62 3742 63 3745 ‘
149 3726 474 3797 κρασπέδου
503 3726 605 3797 τῆς
636 3727 730 3791 τοῦ
756 3727 964 3801 χαλκοῦ
1013 3730 1283 3795 διπλοΐδος
1330 3732 1477 3785 ἀνιὸν
1502 3770 1517 3796 ,
1560 3732 1740 3799 ἀλεξι-

48 3856 51 3857 ν
145 3820 453 3891 φάρμακον
484 3820 706 3874 πάντων
740 3821 852 3874 τῶν
882 3822 1208 3893 νοσημάτων
1251 3825 1569 3899 τυγχάνειν.
1604 3826 1740 3880 Τοῦ-

8 3910 67 3991 ,”
98 3924 235 3991 νὶτον
268 3912 327 3966 δὲ
355 3911 460 3966 τὸν
488 3911 785 3983 ἀνδρίαντα
804 3953 818 3979 ,
849 3913 1036 3968 εἰκόνα
1079 3914 1254 3985 Ἰησοῦ
1285 3916 1474 3989 φέρειν
1521 3917 1735 3987 ἕλεγοψ

116 3974 129 4037 ί
142 4005 329 4074 ἔμεινε
357 4006 415 4059 δὲ
458 4005 551 4059 καὶ
590 3974 671 4070 εἰς
702 3974 887 4078 ήμόίς,
940 4006 1018 4072 ὡς
1066 3974 1162 4062 καί
1206 3974 1325 4079 6ψεί
1359 3974 1736 4081 ἰπαραλαϐεῖν,

6 4144 13 4163 ,
54 4168 57 4171 δ
139 4095 601 4168 ἐπιδημήσαντος
630 4099 699 4170 τῇ
730 4099 905 4153 πόλει.
930 4099 1042 4153 Καὶ
1073 4100 1383 4173 θαυμαστὸν
1412 4103 1584 4169 οὑδὲν,
1612 4105 1739 4168 τοὺς

140 4187 312 4241 πάλαι
359 4187 422 4255 ἐξ
479 4187 651 4240 ἐθνῶν
689 4188 1093 4260 εύεργηθέντας
1144 4195 1293 4265 παρὰ
1340 4194 1434 4249 τοῦ
1486 4197 1740 4268 Σωτῆρος

133 4278 319 4349 ήμῶν,
350 4277 599 4333 τοιαῦτα
630 4281 1014 4351 πεποιηκέναι,
1044 4285 1208 4338 ὁπότε
1237 4286 1332 4340 καὶ
1361 4286 1471 4341 τῶν
1501 4287 1737 4341 ἀποστό-

137 4372 249 4424 λων
280 4372 480 4426 αὑτῶν
508 4369 611 4433 τὰς
660 4372 908 4439 εἰκόνας,
956 4374 1164 4447 Πέτρου
1197 4377 1291 4430 καὶ
1328 4378 1542 4433 Παύλου
1570 4422 1585 4445 ,
1644 4380 1739 4432 καὶ

148 4460 316 4513 αὑτοῦ
348 4457 454 4514 τοῦ
484 4459 741 4531 Σωτῆρος
765 4502 778 4526 ,
820 4463 1405 4537 διαχρωματιζομένας
1439 4468 1737 4541 ἱστορήσα-

1842 680 1861 713 ι
1901 669 1953 719 te
1985 663 2225 727 curavit,
2249 670 2491 719 statuam
2528 663 2699 735 erige,
2746 664 3036 736 ipsiusque
3062 664 3294 736 gloriam
3318 679 3409 720 ce-

1842 771 1860 805 ι
1896 753 2068 808 lebra.
2097 771 2116 805 ι
2145 752 2272 808 Mox
2306 752 2499 825 igitur,
2528 753 2783 821 Bernice,
2807 771 2928 826 quae
2955 755 3162 812 ﬂuxum
3188 756 3410 827 sangui-

1837 845 1924 901 nis
1953 855 2084 901 ante
2117 859 2280 916 passa
2313 853 2456 912 erat,
2489 845 2545 899 in
2580 847 2822 903 civitatis
2852 863 2966 903 suae
2995 845 3269 904 Paneadis
3295 862 3409 903 me-

1837 937 1930 993 dio
1958 944 2197 994 statuam
2228 952 2458 1002 aeneam,
2492 953 2556 992 ex
2600 954 2706 995 tere
2737 938 2909 1003 fusili,
2953 954 3112 1007 auro,
3164 948 3411 1009 argemo-
3512 940 3515 941 ⁷

1838 1043 1946 1100 quc
1997 1028 2298 1099 permistis,
2359 1027 2651 1083 conflatam
2727 1028 2962 1086 Domino
3021 1040 3075 1087 et
3132 1030 3243 1087 Deo
3307 1043 3411 1085 suo

1838 1119 2203 1176 consecravit.
2260 1118 2392 1186 Qua:
2458 1120 2679 1190 quidem
2742 1128 2923 1176 statua
2972 1122 3040 1177 ad
3090 1122 3195 1178 hoc
3238 1136 3411 1192 usque

1838 1218 2055 1279 tempus
2115 1206 2369 1266 Paneade
2422 1220 2790 1281 perseverat:
2836 1218 3000 1282 atque
3048 1228 3116 1268 ex
3166 1226 3232 1268 eo
3287 1212 3411 1268 loco

1838 1300 1933 1355 ubi
1966 1298 2242 1369 quondam
2271 1299 2473 1363 stabat,
2516 1315 2583 1355 ex
2617 1300 2794 1357 media
2844 1317 3039 1372 nempe
3073 1302 3317 1367 civitate,
3356 1303 3413 1357 in

1840 1394 2022 1448 locum
2059 1406 2281 1447 sacrum
2308 1392 2424 1447 sive
2448 1394 2753 1448 oratorium
2785 1394 3051 1449 translata
3084 1394 3205 1450 fuit.
3238 1393 3421 1471 ilum

1838 1498 2006 1553 porro
2037 1483 2116 1538 rei
2151 1482 2398 1557 narratio
2429 1483 2483 1538 in
2522 1484 2627 1539 bac
2663 1484 2781 1554 ipsa
2813 1484 3152 1540 Paneadensi
3192 1469 3416 1541 civitate

1838 1583 2054 1645 reperta
2087 1582 2196 1638 est,
2246 1575 2389 1644 apud
2422 1574 2653 1632 Bassum
2683 1576 3003 1646 quemdam,
3060 1578 3155 1647 qui
3211 1592 3275 1631 ex
3320 1576 3417 1632 Ju-

1839 1666 1955 1721 dtco
1981 1666 2333 1721 Christianus
2360 1665 2540 1723 factus
2585 1666 2807 1722 fuerat:
2843 1666 2901 1721 in
2936 1683 3048 1738 quo
3078 1669 3241 1723 etiam
3275 1669 3415 1724 libro

1839 1772 2029 1830 regum
2070 1757 2316 1812 omnium
2376 1760 2468 1829 qui
2502 1759 2558 1815 in
2598 1757 2785 1815 Judzea
2829 1759 3262 1831 imperaverunt,
3319 1760 3404 1814 hi-

1841 1848 2008 1902 storia
2023 1847 2333 1918 conscripta
2351 1858 2490 1904 erat.
2520 1868 2538 1901 ι

1844 2000 1928 2056 Ex.
1962 2001 2098 2056 libro
2146 2004 2367 2069 septimo
2405 2001 2660 2058 Historia?
2711 2002 2928 2058 Eusebii
3010 2001 3299 2071 Pamphili,
3353 2002 3419 2057 de

1913 2071 2133 2127 muliere
2183 2072 2536 2138 Paneadensi,
2582 2090 2700 2144 qua:
2749 2074 3024 2144 sanguinis
3079 2076 3227 2143 fluxu
3271 2075 3421 2128 labo-

1912 2152 2140 2197 raverat.

1918 2296 1936 2329 ι
1978 2275 2442 2347 Quandoquidem
2479 2276 2636 2333 urbis
2683 2276 2851 2346 hujus
2890 2277 3228 2333 mentionem
3282 2274 3417 2330 feci-

1841 2382 1985 2429 mus.
2022 2376 2460 2423 consentaneum
2492 2380 2600 2420 non
2638 2366 2807 2421 fuerit
2861 2367 3237 2421 narrationem
3278 2381 3418 2437 prae-

1841 2459 2174 2524 termittere,
2210 2473 2333 2528 qua:
2368 2457 2537 2528 digna
2590 2458 2755 2528 plane
2785 2466 2888 2524 est,
2941 2465 3000 2512 ut
3063 2466 3418 2529 posterorum

1840 2552 2117 2605 memoriae
2187 2550 2625 2605 commendetur.
2701 2549 2854 2604 Illam
2926 2551 3072 2606 enim
3133 2550 3418 2606 mulierem

1841 2643 2132 2714 sanguinis
2163 2642 2312 2697 ﬂuxu
2344 2643 2710 2710 laborantem,
2744 2658 2909 2721 quam
2944 2658 3010 2699 ex
3052 2642 3227 2699 sacris
3248 2641 3423 2697 Evan-

1840 2737 2060 2809 geliisa
2120 2734 2410 2791 Salvatore
2463 2743 2656 2791 nostro
2710 2745 2967 2792 sanatam
3024 2735 3199 2791 fuisse
3223 2736 3423 2791 didici-

1840 2843 1985 2893 mus,
2048 2826 2201 2882 illinc
2265 2842 2391 2882 esse
2448 2826 2751 2899 profectam
2823 2827 3031 2893 ferunt,
3089 2826 3421 2897 domumque

1840 2920 2014 2990 ipsius
2044 2934 2107 2976 ea
2140 2920 2193 2975 in
2228 2920 2453 2976 civitate
2503 2920 2824 2985 monstrari,
2870 2921 2926 2975 in
2959 2935 3070 2992 qua
3119 2920 3423 2976 Salvatoris

1840 3011 1893 3066 in
1918 3026 2036 3066 eam
2070 3010 2449 3067 beneficentia:
2486 3010 2727 3067 mirifica
2785 3018 2988 3083 tropaea
3045 3018 3420 3081 perseverant.

1840 3100 2019 3171 Super
2069 3101 2239 3155 altum
2301 3100 2508 3171 quippe
2574 3099 2811 3170 lapidem
2868 3108 2994 3155 ante
3045 3098 3242 3153 aedium
3276 3098 3425 3152 illius

1843 3193 2012 3257 fores,
2048 3207 2246 3248 aeream
2285 3192 2501 3248 feminae
2526 3190 2782 3262 effigiem,
2841 3189 2997 3246 ﬂexis
3031 3191 3292 3262 genibus,
3325 3204 3423 3244 cx-

1841 3286 2141 3358 pansisque
2201 3285 2566 3356 supplicantis
2624 3298 2777 3339 more
2836 3284 3113 3346 manibus.
3176 3282 3422 3353 conspici

1842 3382 2068 3428 narrant
2102 3392 2116 3428 :
2146 3390 2175 3429 e
2212 3376 2433 3443 regione
2463 3388 2594 3429 vero
2629 3374 2864 3428 alteram
2921 3388 2986 3429 ex
3019 3372 3210 3427 eadem
3251 3382 3423 3427 mate-

1841 3465 1925 3518 ria
1973 3476 2179 3521 rectam
2217 3473 2365 3520 stare
2423 3465 2524 3518 viri
2584 3465 2841 3534 figuram,
2901 3465 3066 3519 modo
3116 3464 3427 3532 composito

1842 3555 2089 3626 diploide
2135 3555 2403 3617 indutam,
2443 3568 2780 3622 manumque
2833 3554 3047 3609 mulieri
3080 3554 3426 3623 protenden-

1842 3653 1973 3700 tem.
2016 3645 2097 3700 Ad
2145 3645 2311 3714 bujus
2354 3652 2555 3700 statuae
2608 3646 2778 3714 pedes
2837 3644 3190 3715 peregrinum
3249 3642 3428 3714 quod-

1842 3739 1967 3792 dam
1999 3738 2182 3793 lierbze
2214 3753 2388 3809 genus
2426 3737 2605 3800 nasci,
2648 3734 2795 3806 quod
2840 3734 2932 3790 ubi
2966 3734 3033 3789 ad
3060 3750 3216 3790 oram
3254 3749 3429 3805 usque

1842 3828 2104 3898 diploidis
2130 3829 2399 3899 pervenit,
2435 3829 2755 3883 morborum
2793 3827 3039 3883 omnium
3085 3829 3429 3885 medicamen

1843 3921 2047 3975 evadit.
2083 3918 2235 3975 Hanc
2278 3934 2448 3990 porro
2486 3926 2725 3975 statuam
2775 3918 2905 3976 Jesu
2959 3918 3177 3975 Domini
3234 3920 3429 3994 imagi-

1846 4027 1969 4067 nem
2026 4014 2337 4083 exprimere
2391 4011 2577 4077 aiunt;
2638 4011 2956 4082 mansitque
3008 4011 3105 4066 illa
3156 4027 3331 4082 usque
3359 4014 3427 4070 ad

1845 4115 2092 4160 nostram
2146 4112 2386 4169 aetatem,
2426 4110 2489 4157 ut
2522 4102 2618 4172 qui
2655 4103 2710 4156 in
2748 4102 3034 4158 civitatem
3065 4103 3209 4157 hanc
3258 4104 3425 4160 adve-

1847 4196 2025 4257 niunt,
2058 4195 2238 4251 oculis
2270 4208 2391 4251 eam
2443 4193 2684 4249 lustrare
2715 4192 2959 4264 possint.
3001 4191 3189 4263 Neque
3227 4193 3426 4247 mirum

1846 4287 2022 4343 videri
2057 4286 2239 4355 debet,
2268 4294 2485 4343 veteres
2516 4286 2640 4341 illos
2671 4302 2735 4341 ex
2774 4286 3054 4356 gentibus,
3092 4285 3187 4355 qui
3235 4283 3428 4340 Salva-

1850 4387 2021 4434 torem
2047 4391 2175 4449 erga
2210 4391 2272 4432 se
2312 4374 2621 4431 beneficum
2656 4374 2868 4444 experti
2899 4382 3083 4438 erant,
3134 4372 3313 4428 eidem
3344 4380 3427 4425 ta-

1849 4469 1918 4523 lia
1947 4467 2272 4539 prmstitisse
2292 4510 2306 4534 ,
2331 4465 2554 4537 quando
2595 4474 2708 4518 tmn
2762 4463 3142 4534 apostolorum
3194 4461 3343 4517 Petri
3372 4470 3426 4517 et

149 4569 253 4622 μεν
278 4569 293 4585 ·
348 4554 427 4618 ὡς
468 4552 617 4616 εἰκὸς
649 4552 757 4606 τῶν
791 4554 1037 4609 παλαιῶν
1082 4557 1603 4628 ἀπαραφυλάκτως,
1652 4558 1737 4615 οἷα

1849 4558 2040 4624 Pauli,
2076 4566 2190 4612 tum
2238 4556 2531 4628 ipsiusmct
2564 4555 2772 4611 Christi
2813 4556 2989 4626 pictas
3033 4553 3303 4623 imagines
3347 4553 3429 4606 vi-

150 4645 381 4715 ὲθνικῆς
411 4644 708 4715 συνηθείας
734 4644 904 4716 οὔσης
947 4648 1079 4719 παρ’
1110 4648 1313 4718 αὐτοῖς,
1349 4652 1538 4707 τοῦτον
1568 4655 1735 4726 τιμᾷν

148 4737 426 4793 εἰωθότων
452 4736 550 4791 τὸν
579 4737 801 4808 τρόπον.
844 4756 863 4789 ι

154 4954 269 5031 7⁸οᾷ
307 4956 829 5031 ᾳύτοῦηέκμτηῆς
879 4958 1071 5031 αὐτῆς
1134 4962 1435 5031 Ἱστορίας
1480 4966 1737 5023 ἐννάτου

211 5026 495 5093 βιϐλίου,
527 5029 615 5094 είς
647 5028 753 5083 τὸν
782 5026 1050 5095 βασιλέα
1079 5026 1559 5091 Κωνστὶιντῗνον.

224 5159 245 5194 ι
278 5137 355 5197 Εὖ
399 5142 553 5214 μάλα
580 5143 680 5214 τῆς
708 5146 773 5199 ἐκ
811 5146 949 5201 Θεοῦ
998 5147 1405 5220 συνῃσθημένος
1464 5150 1736 5222 βοηθείας,

148 5235 357 5289 αὐτίκα
402 5236 504 5291 τοῦ
550 5237 826 5309 σωτηρίου
877 5240 1139 5311 τρόπαιον
1177 5240 1387 5305 πάθους
1426 5244 1533 5299 ὑπὸ
1580 5248 1741 5317 χεῖρα

151 5326 293 5391 ιδίας
342 5327 557 5390 εἰκόνος
603 5328 936 5399 ἀνατεθῆναι
999 5332 1349 5401 προστάττει.
1409 5336 1519 5389 Καὶ
1562 5336 1626 5407 δή
1678 5336 1740 5390 τὸ

151 5418 432 5489 σωτήριον
479 5417 578 5471 τοῦ
613 5418 854 5491 σταυροῦ
910 5426 1137 5493 σημεῖον
1183 5424 1239 5477 έν
1291 5428 1358 5497 τῇ
1409 5426 1560 5499 δεξιᾷ
1604 5445 1733 5482 κατ-

149 5510 353 5581 έχοντα
385 5510 555 5565 αὑτδν
592 5513 651 5566 ὲν
680 5514 760 5585 τῷ
790 5514 1025 5585 μάλιστα
1064 5515 1171 5570 τῶν
1200 5518 1293 5570 ἐπὶ
1335 5519 1556 5591 Ῥώμης
1582 5522 1739 5593 δεδη-

154 5599 509 5672 μοσιευμένῳ
537 5600 688 5673 τόπῳ
719 5604 1052 5673 στήσαντας,
1090 5604 1260 5675 αὑτὴν
1289 5605 1353 5676 δὴ
1380 5606 1583 5678 ταύτην
1615 5608 1743 5661 ὑπο-

148 5692 377 5762 γραφὴν
457 5693 677 5758 ἐντάξαι
748 5696 990 5767 ρήμασιν
1060 5697 1246 5759 αὐτοῖς
1316 5700 1384 5767 τῇ
1453 5698 1739 5768 Ῥωμαίων

78 5816 81 5863 ὲ
152 5783 519 5851 ἰγκελεύεται
548 5788 725 5857 φωνῇ·
766 5806 783 5839 ι
816 5788 1004 5857 Τούτῳ
1029 5786 1105 5857 τῷ
1135 5786 1467 5857 σωτηριώδει
1504 5790 1736 5861 σημείῳ,

76 5866 79 5899 ⁴
158 5893 180 5930 ο
224 5873 305 5948 τῷ
334 5876 580 5947 ἀληθινῷ
610 5880 820 5950 ἐλέγχῳ
846 5879 942 5951 τῆς
973 5879 1249 5951 ἀνδρείας,
1278 5880 1375 5950 τὴν
1405 5882 1557 5937 πόλιν
1586 5883 1741 5955 ὑμῶν

1845 4650 2228 4707 dimus:cum
2260 4658 2474 4704 veteres
2526 4649 2737 4718 absque
2792 4648 2906 4702 ullo
2961 4647 3224 4717 scrupulo
3278 4645 3428 4715 ejus-

1844 4740 1994 4797 modi
2035 4741 2321 4804 honorem,
2356 4739 2764 4796 consuetudine
2795 4754 2824 4793 a
2849 4738 3151 4809 gentilibus
3177 4744 3424 4806 accepta,

1841 4830 2220 4888 servatoribus
2248 4830 2367 4889 suis
2390 4830 2742 4886 adhiberent.
2781 4848 2798 4881 ι

1841 4966 2005 5037 37o
2041 4964 2313 5035 Ejusdem,
2335 4979 2401 5020 ea:
2434 4964 2568 5019 libro
2616 4980 2753 5037 anno
2782 4963 3019 5037 ejusdem
3048 4960 3305 5016 Historia:
3357 4960 3423 5016 de

2266 5038 2583 5105 imperatore
2614 5034 2993 5091 Constantino.

1924 5169 1944 5202 ι
1976 5150 2111 5206 Cum
2170 5164 2291 5206 sese
2345 5148 2533 5205 divino
2590 5147 2845 5220 adjutum
2903 5161 3030 5203 esse
3063 5143 3298 5201 consilio
3323 5157 3424 5215 ap-

1842 5239 2021 5310 prime
2085 5240 2376 5303 sensisset,
2434 5252 2562 5292 mox
2625 5237 2929 5294 salutiferae
2987 5234 3268 5305 passionis
3310 5241 3424 5287 tro-

1843 5348 2020 5404 paeum
2057 5340 2256 5388 statua:
2289 5346 2405 5389 sua:
2431 5331 2618 5388 manui
2642 5329 2841 5402 apponi
2874 5327 3153 5399 praecepit.
3189 5325 3267 5381 Ac
3295 5338 3423 5381 cum

1841 5439 1961 5480 eam
1989 5425 2255 5480 salutaris
2295 5424 2480 5479 crucis
2524 5425 2744 5493 signum
2801 5422 3029 5477 dextera
3074 5432 3175 5475 sua
3230 5425 3425 5474 tenen-

1843 5522 1977 5582 tem,
2017 5517 2072 5571 in
2097 5516 2547 5585 frequentissimo
2582 5514 2844 5568 Romana:
2873 5513 3032 5569 urbis
3058 5513 3182 5567 loco
3219 5509 3425 5568 erexis-

1843 5617 1988 5673 sent,
2046 5608 2460 5678 inscriptionem
2514 5608 2659 5663 hanc
2716 5606 2913 5661 Lutino
2962 5618 3220 5663 sermone
3249 5602 3428 5673 subji-

1842 5700 2091 5758 ciendam
2114 5701 2326 5754 curavit
2358 5719 2370 5753 :
2416 5717 2433 5751 ι
2474 5699 2588 5755 lloc
2620 5698 2846 5755 salutari
2881 5698 3058 5767 signo,
3095 5694 3242 5765 quod
3270 5707 3419 5748 verae

1848 5812 1866 5845 ‹
1910 5792 2132 5848 virtutis
2172 5791 2389 5863 insigne
2448 5800 2555 5856 est,
2600 5791 2791 5846 urbem
2845 5799 3088 5844 vestram
3128 5783 3434 5856 tyrannicae

1850 5906 1867 5939 ‹
1908 5884 2189 5943 servitutis
2220 5884 2349 5955 jugo
2380 5892 2675 5949 servatam,
2702 5884 2758 5939 in
2782 5883 3103 5940 libertatem
3131 5872 3440 5931 vindicavi.
