3904 6358
480 411 621 482 13⁷5

1651 409 1715 471 s.
1755 407 2075 471 JOANNIS
2099 407 2529 470 DAMASCENI
2751 373 2776 402 ’ί
2832 373 2844 386 λ

3425 279 3430 284 “
3607 271 3722 290 ’.ιον

3363 313 3367 320 '
3465 319 3474 328 ι
3609 277 3734 330 ,δι’

2831 343 2955 388 ἐπι,
3001 284 3330 380 Νεγκκν-θ*
3389 325 3486 347 ”’
3527 332 3538 338 ’

485 547 508 583 ι
554 533 611 584 s.
638 527 699 582 P.
726 525 794 593 ρ.
840 523 908 580 Β.
972 525 1030 581 in
1090 525 1398 582 libertatem
1457 523 1696 591 asserui,
1744 523 2046 594 pristinum

2214 523 2325 579 ἀπὸ
2375 521 2542 592 ζυγοῦ
2594 517 2692 576 τοῦ
2757 520 3024 593 τυράννου
3071 517 3429 574 διασωθεῖσαν
3453 560 3472 584 ,
3512 516 3746 595 ῂλευθέ-

487 641 508 675 ι
552 621 720 677 decus
747 618 1045 688 nobilitati,
1079 617 1539 689 splendoremque
1573 616 1814 673 restitui.
1850 635 1869 670 ο

491 945 578 1003 Ex
605 947 859 1004 Historia:
895 946 1268 1004 ecclesiasticae
1306 947 1541 1004 Socratis
1571 949 1706 1004 libro
1737 962 1782 1016 ι,
1811 963 1932 1015 cap.
1962 949 2052 1018 i8,

938 1019 1003 1073 de
1043 1021 1223 1074 eodem
1250 1020 1590 1088 imperatore.

563 1233 583 1266 ι
621 1213 872 1269 Posthzec
897 1221 1082 1269 autem
1139 1213 1441 1284 imperator
1465 1213 1890 1280 Constantinus,
1926 1211 2059 1269 reli-

485 1311 667 1383 gionis
699 1309 1028 1366 Christiana:
1085 1309 1383 1365 studiosior
1441 1308 1645 1373 factus,
1680 1325 1710 1364 a
1772 1309 2060 1380 gentilium

486 1398 638 1452 cultu
675 1412 905 1467 prorsus
935 1397 1246 1463 abhorruit,
1300 1397 1710 1468 singulariaque
1757 1397 2061 1453 certamina

488 1487 793 1557 prohibuit,
830 1495 886 1541 et
938 1501 1068 1544 suas
1114 1487 1383 1557 imagines
1437 1487 1494 1543 in
1536 1489 1756 1560 templis
1822 1487 2063 1543 colloca-

487 1580 566 1635 vit
583 1579 738 1652 (50).,
765 1598 785 1632 ι

605 1675 883 1780 ~Stephani
914 1709 1184 1773 Bostreni,
1215 1717 1400 1763 contra
1426 1705 1668 1770 Judwos,
1689 1721 1813 1777 cap.
1846 1708 1901 1762 4.

566 1863 586 1898 ι
614 1843 724 1900 Nos
759 1859 926 1915 porro
977 1850 1294 1898 sanctorum
1332 1841 1601 1910 imagines
1649 1839 1716 1894 ad
1759 1853 1950 1894 eorum
1979 1853 2063 1893 re-

489 1933 864 1989 cordationem
896 1933 1209 1995 statuimus,
1245 1938 1372 2000 puta
1422 1931 1719 1994 Abraham,
1764 1931 1940 1994 Isaac,
1972 1927 2067 1983 Ja-

490 2025 617 2090 coh,
667 2025 892 2096 Moysis,
944 2025 1093 2087 Elim,
1132 2021 1441 2089 Zachariae,
1476 2031 1531 2076 et
1555 2021 1791 2075 aliorum
1830 2023 2066 2090 prophe-

490 2123 695 2181 tarum,
728 2123 1158 2183 sanctorumque
1204 2112 1300 2167 Dei
1351 2120 1674 2183 martyrum,
1717 2111 1812 2180 qui
1842 2117 2068 2181 propter

496 2206 678 2278 ipsum
727 2217 959 2263 mortem
1019 2205 1348 2269 subierunt;
1409 2213 1470 2258 ut
1523 2204 1839 2274 quicunque
1875 2202 2068 2272 imagi-

493 2314 592 2354 nes
643 2314 836 2354 eorum
878 2297 1184 2368 aspexerit,
1232 2297 1451 2351 illorum
1499 2294 1859 2359 recordetur,
1910 2308 2071 2348 cum-

489 2405 599 2461 que
635 2390 896 2448 laudibus
921 2389 1170 2456 extollat,
1199 2388 1294 2460 qui
1330 2386 1504 2458 gloria
1543 2385 1743 2456 dignos
1773 2385 1902 2440 illos
1936 2382 2065 2440 red-

491 2480 653 2536 didit.
695 2497 716 2532 ι

563 2617 840 2688 Ejusdem.
889 2634 910 2668 ι
943 2615 1100 2683 Quod
1158 2619 1344 2668 autem
1396 2615 1610 2681 spectat
1642 2608 1709 2662 ad
1750 2607 2019 2680 imagines
2047 2646 2063 2672 ,

490 2709 676 2764 omnia
707 2723 829 2779 qua:
885 2707 939 2761 in
995 2706 1091 2761 Dei
1141 2704 1364 2760 nomine
1425 2701 1588 2766 ﬁunt,
1627 2700 1773 2754 bona
1830 2714 1951 2756 esse
2013 2707 2066 2754 et

491 2808 684 2855 sancta
756 2796 1145 2854 conﬁdimus:
1202 2794 1346 2850 idola
1431 2805 1562 2847 vero
1621 2797 1676 2845 et
1744 2788 2064 2851 simulacra,

491 2903 681 2958 apage.
727 2885 853 2941 llaec
905 2885 1051 2942 enim
1089 2883 1233 2939 mala
1284 2881 1586 2953 spuriaque
1637 2884 1790 2942 sunt,
1841 2876 2068 2947 perinde

491 2989 656 3049 atque
681 2979 758 3033 illi
801 2977 898 3049 qui
944 2976 1155 3032 faciunt
1195 2989 1280 3030 ea.
1313 2972 1477 3027 Aliud
1514 2971 1718 3042 quippe
1759 2977 1846 3025 est
1888 2969 2067 3039 imago

493 3069 779 3139 propheta:
833 3069 1058 3135 sancti,
1111 3074 1165 3122 et
1215 3065 1363 3120 aliud
1413 3064 1770 3120 simulacrum
1805 3061 1920 3117 sive
1949 3070 2066 3114 sta-

491 3169 584 3216 tua
617 3160 864 3227 Saturni,
896 3159 1149 3225 Veneris,
1180 3158 1346 3224 Solis,
1371 3165 1424 3212 et
1449 3154 1636 3210 Lunae.
1670 3153 1865 3219 Porro,
1896 3167 2070 3223 quan-

492 3251 791 3321 doquidem
855 3252 1018 3305 homo
1064 3249 1131 3306 ad
1196 3249 1489 3318 imaginem
1569 3245 1663 3300 Dei
1717 3244 1899 3298 lactus
1960 3251 2064 3306 est,

493 3344 702 3399 idcirco
733 3342 1018 3398 adoratur.
1054 3340 1292 3411 Serpens
1339 3349 1547 3402 autem,
1584 3336 1716 3407 quia
1748 3335 1951 3389 diaboli
1984 3340 2070 3389 est

493 3437 696 3506 imago,
731 3433 1048 3490 immundus
1085 3442 1170 3489 est
1216 3429 1280 3487 et‘
1318 3428 1697 3486 exsecrabilis.
1735 3425 1892 3492 Quod
1925 3425 1970 3481 si
2004 3440 2068 3480 ea

491 3540 615 3595 quae
665 3514 949 3580 hominum
1004 3523 1260 3577 manibus
1317 3519 1586 3574 fabricata
1628 3525 1780 3580 sunt,
1817 3515 2066 3584 respuis,

491 3617 602 3677 dic,
653 3613 1100 3686 quzeso,.lud:ee,
1158 3612 1425 3682 quidnam
1491 3608 1759 3663 adoratur
1793 3608 1848 3662 in
1901 3615 2067 3671 terra,

491 3707 638 3779 quod
670 3707 954 3761 hominum
991 3720 1156 3760 manu
1191 3703 1534 3758 elaboratum
1567 3715 1674 3755 non
1718 3699 1833 3756 sit?
1861 3699 2068 3763 Altare,

492 3798 965 3869 propitiatorium,
1029 3795 1354 3862 Cherubim,
1427 3808 1567 3847 urna
1628 3804 1794 3846 aurea
1859 3789 2071 3844 habens

495 3903 719 3955 manna,
754 3902 967 3955 mensa,
1001 3885 1424 3941 tabernaculum
1466 3881 1734 3953 interius,
1761 3880 1944 3936 omnia
1973 3881 2072 3934 de-

494 3993 644 4033 mum
676 3993 800 4048 qua:
847 3975 1048 4030 Sancta
1097 3983 1416 4030 sanctorum
1452 3972 1522 4027 ah
1564 3972 1682 4041 ipso
1721 3970 1832 4026 Deo
1881 3969 2072 4039 appel-

493 4069 605 4123 lata
643 4068 814 4125 sunt?
838 4066 1031 4122 Nonne
1062 4063 1375 4120 manufacta
1406 4063 1701 4118 Cherubim
1747 4060 2071 4131 angelorum

493 4169 650 4217 erant
675 4160 984 4232 imagines?
1013 4157 1143 4230 quid
1193 4156 1261 4212 ad
1313 4157 1430 4212 haec
1463 4152 1806 4224 respondes?
1835 4150 1993 4218 Quod
2025 4149 2072 4205 si

493 4254 600 4308 ista
652 4254 908 4308 nominas
970 4251 1138 4314 idola,
1192 4249 1324 4320 quid
1402 4246 1697 4302 dicendum
1747 4257 1943 4298 censes
2005 4241 2074 4297 de

493 4345 676 4417 Moyse
733 4352 786 4400 et
841 4343 1054 4408 Israel,
1110 4342 1205 4412 qui
1258 4340 1374 4393 haec
1433 4332 1844 4391 adoraverunt?
1900 4331 2072 4402 Atqui

495 4435 746 4490 adoratio
795 4432 1020 4504 quidem
1065 4430 1297 4485 honoris
1331 4434 1721 4499 argumentum
1777 4434 1882 4482 est.
1917 4425 2071 4491 Quo-

2163 635 2182 669 ι
2229 632 2380 688 ρωσα
2402 631 2416 646 ⁸
2452 614 2532 669 ἔτι
2565 613 2670 686 μὴν
2702 612 2800 666 καὶ
2827 612 2926 684 τὴν
2963 610 3288 683 σύγκλητον,
3319 613 3414 664 καὶ
3443 611 3551 665 τὸν
3579 597 3743 683 δῆμον

2159 722 2179 757 ι
2233 703 2562 774 Ῥωμαίων,
2612 705 2679 774 τῇ
2723 703 2930 774 ἀρχαίᾳ
2962 701 3292 773 ἐπιφανείᾳ,
3336 702 3433 755 καὶ
3477 705 3557 773 τῇ
3614 702 3740 774 λαμ-

2161 815 2179 848 ι
2227 795 2464 866 πρότητι
2488 793 2888 867 ἐλευθερώσας,
2919 792 3366 864 ἀποκατέστησα.
3404 809 3423 845 ι

2169 951 2272 1005 Ἐκ
2312 950 2424 1018 τῆς
2480 947 2997 1017 ἐκκλησιωτικῆς
3049 944 3345 1018 Ἱστορίας
3382 946 3731 1018 Σωκράτους

2223 1017 2472 1084 βιϐλίου
2506 1017 2741 1089 πρώτου
2761 1058 2776 1084 ,
2815 1020 3030 1088 κεφαλ.
3067 1023 3163 1084 ιη’,
3207 1017 3342 1087 περὶ
3383 1017 3503 1072 τοῦ
3552 1017 3735 1072 αὐτοῦ

2226 1089 2552 1156 βασιλέως.

2237 1233 2257 1267 ι
2294 1216 2448 1272 Μετὰ
2487 1214 2664 1270 ταῦτα
2711 1217 2768 1269 δὲ
2812 1218 2841 1269 ό
2871 1213 3127 1284 βασιλεὺς
3155 1215 3589 1276 Κωνσταντῖνος
3628 1216 3732 1267 ἐπι·

2163 1307 2491 1380 μελέστερος
2519 1307 2596 1360 ὢν
2626 1308 2695 1361 τὰ
2739 1307 2870 1377 περὶ
2917 1304 3374 1377 Χριστιανισμοῦ,
3403 1305 3734 1375 ἀπεστράφη

2161 1399 2260 1462 τὰς
2297 1395 2617 1467 Ἑλληνικὰς
2642 1397 2962 1468 θρησκείας,
2995 1398 3090 1450 καὶ
3113 1396 3277 1451 παύει
3306 1397 3374 1450 τὰ
3394 1397 3732 1469 μονομάχιιν

2162 1489 2377 1552 εἰκόνας
2412 1489 2469 1542 δὲ
2497 1488 2598 1553 τάς
2628 1489 2768 1553 ἰδίας
2797 1489 2857 1543 ἐν
2881 1490 2997 1553 τοῖς
3025 1490 3173 1553 ναοῖς
3201 1488 3462 1544 ἀπέθετο.
3510 1507 3533 1540 ι

2164 1703 2473 1774 Στεφάνου
2494 1705 2845 1775 Βοστρηνοῦ
2879 1704 3030 1760 κατὰ
3063 1704 3392 1769 Ἰουδαίων,
3419 1707 3646 1774 uva).
3674 1702 3735 1756 δ’.

2242 1857 2259 1890 ι
2303 1840 2492 1910 Ἡμεῖς
2519 1840 2616 1904 τάς
2657 1839 2872 1904 εἰκόνας
2900 1839 3010 1893 τῶν
3043 1838 3216 1909 ἁγίων
3253 1840 3333 1902 εἰς
3376 1841 3612 1909 μνήμην
3640 1838 3740 1891 τῶν

2168 1930 2340 1998 ἁγίων
2375 1931 2750 2002 ἐποιήσαμεν,
2786 1926 2897 1985 οἷον
2939 1931 3191 2002 ’Δϐραάμ
3212 1972 3227 1997 ,
3258 1929 3351 1983 καὶ
3383 1930 3616 1995 Ἰσαάκ,
3655 1929 3742 1982 καὶ

2178 2018 2376 2074 Ἰακὼϐ
2395 2061 2412 2086 ,
2453 2021 2548 2074 καὶ
2575 2022 2856 2087 Μωῦσέως
2878 2064 2894 2090 ,
2945 2023 3042 2078 καὶ
3101 2022 3287 2087 Ἠλία,
3319 2022 3416 2076 καὶ
3441 2022 3742 2093 Ζαχαρίου,

2167 2113 2263 2166 καὶ
2299 2114 2408 2167 τῶν
2464 2113 2670 2169 λοιπῶν
2721 2115 3018 2187 προφητῶν
3060 2116 3154 2168 καὶ
3200 2116 3372 2183 ἁγίων
3417 2114 3743 2185 μαρτύρων,

2165 2205 2276 2259 τῶν
2306 2207 2374 2260 δι’
2405 2206 2569 2261 αὑτὸν
2597 2208 3023 2280 ἀναιρεθέντων,
3066 2208 3156 2262 ἵνα
3184 2209 3292 2271 πᾶς
3318 2210 3346 2261 δ
3370 2208 3520 2278 ὀρῶν
3565 2206 3746 2261 αὐτῶν

2167 2299 2265 2363 τάς
2286 2301 2520 2365 εἰκόνας,
2556 2301 2871 2373 μνημονεύῃ
2899 2299 3100 2364 αὐτῶν,
3131 2300 3228 2354 καὶ
3253 2299 3449 2370 δοξάζῃ
3477 2300 3579 2353 τὸν
3602 2297 3748 2366 δοξά-

2170 2409 2341 2446 σαντα
2373 2392 2591 2456 αὐτούς.
2632 2411 2652 2447 ι

2259 2613 2370 2668 Τοῦ
2411 2614 2618 2668 αὑτοῦ.
2662 2633 2680 2667 ι
2716 2615 2853 2686 Περὶ
2896 2613 2955 2669 δέ
3003 2615 3230 2669 εἰκόνων
3275 2601 3748 2688 θαρροῦμεν,’δτι

2170 2703 2279 2756 πᾶν
2331 2702 2494 2774 ἔργον
2521 2702 2808 2774 γινόμενον
2838 2704 2896 2756 ἐν
2939 2703 3165 2774 ὀνόματι
3210 2704 3384 2770 Θεοῦ,
3425 2704 3604 2758 καλὸν
3655 2705 3750 2761 καὶ

2169 2792 2324 2862 ἅγιόν
2350 2795 2487 2848 ἐστι.
2521 2795 2595 2846 Πε
2605 2795 2658 2866 pl.
2677 2794 2733 2847 δέ
2756 2793 2990 2849 εἰδώλων
3015 2796 3109 2849 καὶ
3133 2794 3488 2866 ἀγαλμάτων,
3524 2796 3712 2865 ἄπαγε
3731 2813 3745 2827 °

2170 2885 2316 2938 κακὰ
2345 2885 2454 2956 γὰρ
2481 2885 2575 2939 καὶ
2603 2886 2888 2950 ἀλλόκοτα,
2921 2887 3015 2940 καί⁵
3044 2886 3208 2951 αύτά,
3243 2887 3338 2940 καὶ
3371 2887 3426 2940 οἰ
3457 2887 3748 2950 ποιοῦντες

2169 2975 2328 3032 αὐτά.
2365 2977 2492 3029 "Ere
2503 2993 2594 3046 ρον
2624 2977 2734 3049 γὰρ
2767 2975 3114 3062 ἐστιν-εἰκὼν
3137 2979 3292 3048 ἁγίου
3316 2981 3632 3051 προφήτου,
3658 2983 3750 3035 καὶ

2169 3070 2354 3139 ἓτερον
2407 3068 2628 3140 ἄγαλμα
2678 3069 2711 3140 ἢ
2760 3069 2945 3135 ξόανον
2995 3071 3203 3140 Κρόνου
3255 3073 3351 3126 καὶ
3395 3073 3748 3144 Ἀφροδίτης.

2181 3158 2362 3212 Ἠλίου
2387 3176 2447 3213 τε
2482 3160 2577 3213 καὶ
2605 3159 2863 3231 Σελήνης.
2905 3161 3060 3213 Ἐπεὶ
3088 3160 3144 3214 δέ
3178 3163 3274 3215 καὶ
3301 3161 3602 3232 ἄνθρωπος
3630 3163 3750 3218 κατ’

2172 3250 2355 3302 εἰκόνα
2369 3249 2503 3303 Θεοῦ
2532 3251 2747 3318 γέγονε,
2775 3252 3189 3321 προσκυνεῖται.
3220 3252 3277 3303 '0
3304 3251 3359 3304 δὲ
3381 3251 3532 3320 ϐςρις.
3561 3251 3752 3322 ἐπειδὴ

2171 3338 2335 3392 εἰκών
2370 3341 2486 3392 ἐστι
2533 3339 2818 3404 διαϐόλου,
2852 3340 3162 3410 ἀκάθαρτός
3202 3341 3320 3394 ἐστι
3359 3342 3454 3395 καὶ
3503 3341 3752 3413 ἀπόϐλη-

2171 3446 2280 3494 τος.
2315 3429 2378 3482 Εἰ
2415 3429 2472 3483 δὲ
2496 3429 2565 3484 τά
2591 3433 2945 3502 χειροποίητα
2974 3431 3256 3503 ἀποϐάλλῃ
3276 3469 3293 3495 ,
3336 3432 3461 3486 εἰπέ
3483 3473 3499 3498 ,
3535 3427 3584 3487 ὦ
3623 3433 3752 3487 ’ἰαυ-

2172 3519 2309 3584 δαίε,
2339 3521 2392 3574 τί
2417 3522 2565 3574 ἐστιν
2591 3521 2685 3575 ἐπὶ
2703 3523 2806 3592 γῆς
2829 3522 3242 3594 ἀχειροποίητον
3264 3523 3294 3576 δ
3318 3527 3754 3594 προσκυνεῖται;

2174 3607 2266 3680 Μὴ
2297 3610 2329 3680 ή
2357 3609 2589 3674 κιϐωτὸς
2621 3611 2715 3664 τοῦ
2743 3611 2879 3665 Θεοῦ
2909 3613 3290 3684 χειροποίητος
3314 3608 3382 3685 ἦν
3407 3630 3424 3680 ;
3464 3615 3532 3668 τὸ
3568 3616 3756 3669 θυσια-

2175 3701 2400 3772 στήριον
2423 3741 2436 3764 ,
2467 3703 2563 3755 καὶ
2589 3703 2651 3756 τὸ
2686 3702 2999 3776 ἱλαστήριον
3023 3745 3040 3772 ,
3070 3705 3163 3759 καὶ
3200 3705 3268 3760 τά
3298 3705 3592 3778 Χερουϐὶμ
3615 3749 3634 3774 ,
3662 3709 3757 3762 καὶ

2173 3791 2207 3861 ἡ
2241 3790 2475 3861 στάμνος
2502 3793 2535 3862 ή
2568 3795 2768 3864 χρυσῆ,
2809 3795 2842 3865 ἡ
2877 3793 3077 3865 ἔχουσα
3101 3794 3164 3848 τὸ
3195 3795 3393 3866 μάννα,
3425 3796 3526 3849 καὶ
3547 3798 3582 3868 ἡ
3623 3798 3755 3870 τρά-

2174 3877 2337 3946 πεζα,
2381 3881 2476 3934 καὶ
2506 3882 2540 3952 ἡ
2572 3881 2747 3952 σκηνὴ
2784 3883 2819 3953 ή
2862 3883 3138 3955 ἐσωτέρα,
3173 3884 3268 3938 καὶ
3300 3885 3479 3940 πάντα
3519 3885 3560 3941 ἃ
3591 3887 3760 3956 ’Δγια

2173 3973 2346 4042 ἁγίων
2375 3973 2686 4048 ἐκλήθησαν
2726 3975 2829 4030 ύπδ
2861 3977 2956 4031 τοῦ
2991 3977 3130 4032 Θεοῦ
3159 3997 3174 4047 ;
3211 3979 3324 4034 Οὐκ
3353 3975 3500 4051 ἦσαν
3539 3982 3614 4036 τὰ
3649 3983 3760 4036 Χε-

2178 4066 2377 4138 ρουϐὶμ
2423 4068 2797 4141 χειροποίητα,
2841 4070 3051 4136 εἰκόνες
3101 4072 3394 4141 ἀγγέλωνς
3440 4073 3498 4126 τί
3529 4074 3761 4144 λέγεις;

2173 4157 2238 4210 Εἰ
2278 4158 2470 4212 εἴδωλα
2513 4160 2806 4224 ἀποκαλεῖς
2846 4161 3020 4227 αύτά,
3069 4162 3123 4216 τί
3173 4163 3352 4231 λέγεις
3403 4163 3484 4234 τῷ
3543 4166 3764 4238 Μωῦσῇ

2174 4252 2636 4322 προσκυνήσαντι,
2671 4252 2765 4306 καὶ
2788 4252 2866 4324 τῷ
2909 4253 3152 4325 Ἰσραήλ;
3181 4255 3291 4308 Καὶ
3314 4257 3348 4325 ἠ
3382 4255 3480 4325 μὲν
3502 4259 3764 4327 προσκύ-

2174 4358 2348 4412 νησις,
2371 4343 2537 4414 τιμῆς
2561 4345 2676 4397 ἐστι
2698 4343 2988 4415 σύμϐολον.
3021 4344 3222 4408 Καθὼς
3251 4346 3348 4399 καὶ
3379 4347 3546 4417 ἡμεῖς
3581 4349 3766 4421 ἁμαρ-

2172 4433 2332 4486 τωλοὶ
2361 4435 2796 4507 προσκυνοῦμεν,
2833 4435 2925 4491 τὸν
2956 4436 3058 4508 μὲν
3093 4437 3245 4504 Θεὸν,
3279 4438 3416 4493 κατά
3438 4440 3541 4510 τὴν
3569 4442 3767 4513 θεῖκὴν

496 4528 647 4583 circa
676 4539 778 4578 nos
809 4537 1029 4593 quoque
1063 4526 1405 4591 peccatores,
1460 4516 1628 4572 Deum
1675 4515 1900 4586 quidem
1934 4513 2066 4569 ado-

2176 4524 2430 4596 λατρείαν
2487 4527 2582 4580 καὶ
2618 4525 2778 4592 ἀξίαν
2846 4527 3218 4599 προσκύνησιν
3262 4529 3604 4600 δοξάζομεν,
3665 4532 3766 4586 καὶ

495 4629 684 4673 ramus
743 4614 955 4678 divino,
1013 4611 1107 4682 qui
1191 4610 1298 4680 ipsi
1357 4608 1610 4672 debetur,
1655 4607 1831 4660 latria:
1888 4607 2067 4673 cultu,

494 4712 786 4781 ipsumque
814 4721 913 4762 ceu
945 4711 1252 4761 creatorem
1286 4709 1342 4758 et
1372 4699 1678 4755 beneﬁcum
1708 4713 2026 4754 reveremur
2052 4713 2066 4750 :

496 4799 720 4872 angelos
747 4812 900 4862 vero,
933 4795 1140 4866 Deique
1181 4792 1440 4859 famulos,
1494 4790 1562 4845 ad
1617 4790 1710 4844 Dei
1751 4789 1927 4860 ipsius
1955 4790 2072 4862 glo-

495 4893 661 4956 riam,
699 4899 961 4960 tanquam
996 4901 1086 4943 res
1121 4901 1150 4939 a
1183 4883 1292 4940 Deo
1346 4881 1618 4946 conditas,
1672 4881 1833 4951 eique
1879 4880 2070 4950 subje-

495 4989 634 5036 ctas.
675 4979 861 5050 imago
919 4976 1188 5046 siquidem
1239 4983 1324 5030 est
1385 4985 1585 5028 nomen
1643 4970 2067 5041 similitudoque

495 5073 644 5130 illius
677 5072 772 5142 qui
806 5070 861 5124 in
889 5069 1003 5138 ipsa
1032 5067 1283 5136 depictus
1315 5075 1420 5120 est.
1449 5062 1814 5130 Quamobrem
1848 5060 2062 5117 Domini

498 5172 931 5230 sanctorumque
958 5158 1351 5228 prophetarum
1397 5153 1702 5216 cruciatus,
1735 5152 1828 5222 qui
1857 5150 1911 5204 in
1949 5151 2068 5222 lege

497 5266 553 5311 et
608 5253 916 5327 Evangeliis
973 5247 1236 5318 descripti
1286 5253 1438 5311 sunt,
1497 5253 1613 5299 tum
1677 5256 1774 5312 per
1827 5241 2066 5308 litteras,

497 5357 615 5404 tum
662 5362 761 5419 per
816 5345 1115 5415 imaginum
1173 5338 1580 5412 expressiones,
1634 5335 1692 5392 in
1742 5333 2064 5390 memoriam

501 5455 717 5511 semper
744 5449 1089 5496 revocamus.
1119 5451 1141 5487 ι

2169 4618 2448 4690 τρέμομεν
2495 4618 2571 4683 ὡς
2610 4619 2841 4691 ποιητὴν
2878 4619 2973 4674 καί
3016 4619 3252 4692 χορηγὸν
3291 4621 3484 4692 ἡμῶν*
3531 4622 3674 4686 τοὺς
3704 4623 3766 4677 δὲ

2170 4709 2440 4778 ἀγγέλους
2485 4709 2845 4783 καὶλδούλους
2887 4711 2982 4765 τοῦ
3030 4711 3168 4765 Θεοῦ
3222 4711 3366 4766 κατά
3433 4712 3610 4782 τιμὴν
3659 4712 3764 4765 τοῦ

2168 4799 2304 4853 Θεοῦ
2332 4839 2348 4865 ,
2397 4801 2474 4864 ὡς
2529 4801 2816 4871 ποιήματα
2857 4801 2953 4854 τοῦ
2987 4799 3124 4854 Θεοῦ
3164 4803 3259 4856 καὶ
3301 4799 3522 4866 δούλους
3559 4802 3762 4857 αὐτοῦ.

2169 4893 2348 4949 Εἰκὼν
2390 4893 2500 4966 γὰρ
2546 4895 2696 4947 ἐστιν
2735 4893 2908 4965 ὄνομα
2958 4893 3055 4947 καὶ
3091 4893 3351 4964 ὁμοίωσις
3375 4891 3471 4946 τοῦ
3511 4895 3575 4948 ἐν
3609 4895 3762 4966 αὐτῇ

2170 4986 2490 5058 γραφέντος.
2523 4985 2615 5040 Διὸ
2646 4989 2740 5041 καὶ
2770 4986 3066 5058 γράμμασι
3106 4987 3201 5040 καὶ
3255 4985 3612 5057 χαρὰγμασιν
3667 4988 3763 5042 ἀεὶ

2174 5076 2587 5148 μνημονεύομεν
2615 5077 2724 5132 τῶν
2750 5077 2846 5132 τοῦ
2883 5079 3088 5148 Κυρίου
3123 5076 3487 5148 παθημάτων,
3514 5078 3614 5132 καὶ
3643 5079 3764 5133 τῶν

2172 5167 2344 5235 ἁγίων
2397 5167 2695 5239 προφητῶν
2716 5206 2732 5234 ,
2778 5167 2888 5222 τῶν
2933 5169 2992 5222 ἐν
3043 5167 3195 5239 νόμῳ
3249 5167 3347 5222 καὶ
3391 5167 3764 5236 Εὐαγγελίοις

2171 5261 2590 5334 γεγραμμένων.
2633 5279 2652 5314 ι

2015 5611 2246 5668 ΝΟΤιΕ.

497 5729 697 5867 mg?)
757 5731 983 5790 Deorum
1041 5731 1268 5805 utique,
1322 5732 1438 5791 sive
1488 5732 1788 5799 idolorum;

1880 5738 1939 5786 ut
1992 5746 2101 5789 non
2172 5731 2316 5788 male
2371 5726 2906 5802 Christophorsonus
2968 5734 3022 5784 et
3091 5723 3344 5782 Valesius
3401 5719 3756 5797 interpretati

3847 1223 3853 1636 ι
