3904 6358
218 276 396 348 13τῖ
1360 277 1459 339 DE
1485 273 1947 338 IMAGINIBUS
1976 273 2258 333 ORATIO
2289 274 2405 334 III.
3384 276 3527 360 I373

224 391 379 448 Τοῦ
412 389 587 461 ἁγίου
644 388 972 461 Γρηγορίου
1005 385 1346 461 Νιιζιανζοῦ,
1393 386 1611 461 ἐφετοῦ
1652 386 1839 456 λόγου

1950 382 2101 453 37]
2129 383 2320 439 Sancti
2342 384 2578 461 Gregorii
2609 383 2968 450 Nazianzeni,
2988 386 3315 461 egoratione
3340 401 3529 446 contra

432 452 541 518 τοῦ
584 452 1105 515 καίὰΊιὸυλιαγοῦ
1140 458 1245 513 τοῦ
1288 452 1654 526 παραϐἀτου.
1740 452 1750 456 ⁷

1964 452 1971 453 “
2012 452 2017 453 “
2359 452 2639 509 lulianum
2682 465 2986 523 apostatam
3023 457 3091 511 ".

326 569 354 615 τ
394 545 469 606 Οὗ
501 550 569 606 τά
609 550 855 620 σύμϐολα
890 550 989 621 τῆς
1030 549 1122 603 ἐπὶ
1146 547 1323 619 τούτῳ
1352 547 1590 619 πληγῆς,
1614 546 1671 599 αἰ
1700 547 1842 599 εἰκό-

2017 557 2037 592 ι
2078 539 2259 611 Hujus
2306 545 2508 615 quippe
2542 545 2783 602 vnlneris
2822 547 2982 619 signa
3013 556 3279 616 promunt
3325 549 3522 622 imagi-

214 658 345 704 νες
376 643 651 713 φέρουσιν,
690 640 773 693 ἐτι
797 639 1056 711 δημοσίαι
1089 637 1468 710 προκείμεναι.
1502 654 1520 689 ι

1950 648 2041 690 nes
2069 635 2124 688 in
2158 634 2299 691 locis
2328 638 2565 706 publicis
2590 646 2809 693 erectie.
2841 656 2861 690 ι

222 731 375 787 Τοῦ
403 731 838 801 Χρυσοστόμου
877 730 1011 801 (Si),
1050 730 1120 801 ἐκ
1153 727 1265 801 τῆς
1279 726 1593 798 ἑρμηνείας
1622 723 1731 780 τοῦ
1757 724 1842 778 δι-

1950 724 2128 781 Sancti
2192 725 2421 783 Joannis
2483 729 2891 801 Chrysostomi,
2952 744 3020 784 ea:
3072 730 3413 786 enarratione
3469 731 3525 786 in

872 798 1047 855 καίου
1100 798 1247 854 Ἰὼϐ.

2533 798 2745 867 justum
2775 799 2899 853 Job.

124 946 131 963 ι
318 910 346 945 c
406 893 497 948 Ἐν
519 891 736 956 τούτοις
778 892 916 945 πᾶσι
955 894 1070 955 τοῖς
1119 888 1523 962 συμϐεϐηκόσιν
1546 886 1715 958 αὐτῷ,
1740 886 1842 940 οὐκ

2015 901 2035 937 ι
2068 884 2127 940 In
2167 885 2253 941 his
2307 886 2569 942 omnibus
2616 903 2739 958 qua:
2794 889 2897 958 ipsi
2950 889 3319 961 contigerunt,
3385 888 3525 944 nihil

213 982 460 1038 ἔδωκεν
493 983 807 1055 ἀφροσύνην
844 981 921 1054 τῷ
958 982 1111 1054 Θεῷο
1161 982 1414 1053 καθάπερ
1440 980 1533 1034 ἐπὶ
1562 977 1672 1033 τῶν
1697 977 1841 1031 εἰκό-

1950 976 2271 1047 insipienter
2316 978 2585 1035 adversus
2621 978 2791 1035 Deum
2839 980 3059 1036 locutus
3091 988 3197 1037 est.
3246 980 3523 1048 Quemad-

212 1088 389 1136 νων,
417 1072 637 1127 ἐπειδάν
672 1088 795 1126 τινα
818 1072 1121 1144 γράφωμεν
1156 1071 1214 1124 ὲν
1237 1073 1303 1141 τῇ
1346 1070 1591 1140 ἱστορικῇ
1629 1069 1839 1138 γραφῇ,

1950 1068 2256 1125 modumin
2308 1070 2645 1141 imaginibus
2684 1086 2808 1127 cum
2861 1072 3179 1143 cujuspiam
3243 1075 3526 1144 pinximus

229 1164 318 1217 '0
371 1164 544 1218 δεῖνα
582 1164 859 1232 ἀνέθηκε,
907 1163 1217 1234 γράφομεν,
1267 1160 1409 1213 οὕτω
1459 1160 1552 1213 καὶ
1581 1158 1837 1224 ἐνταῦθα,

1950 1159 2230 1214 historiam
2259 1199 2274 1225 ,
2322 1161 2605 1216 ascribere
2659 1160 2907 1216 solemus
2957 1180 2971 1215 :
3038 1159 3114 1215 Ν.
3163 1164 3523 1226 consecrauit;

212 1253 349 1326 τὴν
390 1254 570 1308 εἰκόνα
592 1255 691 1324 τῆς
719 1254 897 1325 ψυχῆς
919 1253 1080 1309 αὑτοῦ
1109 1252 1345 1324 γράψας,
1382 1253 1410 1304 ὀ
1433 1250 1648 1321 γράψας
1670 1249 1731 1303 τὸ
1759 1249 1842 1320 βι-

1950 1253 2025 1309 sic
2078 1255 2173 1324 qui
2228 1253 2430 1310 librum
2492 1255 2639 1310 hunc
2693 1255 2937 1326 scripsit,
2985 1263 3275 1326 postquam
3326 1258 3525 1311 animae

217 1346 429 1413 ὀλίον,
453 1346 641 1417 ὥσπερ
679 1347 735 1399 ὲν
759 1343 1007 1416 χοινικίδι
1034 1344 1279 1399 κάτωθεν
1314 1344 1646 1412 ὑπογράφων
1667 1341 1837 1411 λέγει’

1950 1344 2092 1400 illius
2127 1345 2421 1416 imaginem
2450 1346 2766 1412 delineavit,
2809 1346 2957 1402 velut
3008 1347 3065 1401 in
3111 1354 3357 1401 extrema
3405 1362 3524 1399 mo-

233 1435 373 1492 Ἐν
416 1439 649 1503 τούτοις
688 1436 841 1491 πᾶσι
888 1436 1012 1503 τοῖς
1041 1435 1492 1506 συμϐεϐηκόσιν
1519 1431 1679 1500 αὑτῷ
1722 1435 1835 1503 οὐχ

1950 1435 2069 1491 dioli
2096 1442 2256 1505 parte
2277 1435 2670 1503 subscribens,
2710 1436 2849 1490 dixit
2881 1453 2894 1489 :
2938 1434 3004 1489 In
3038 1437 3276 1491 omnibus
3306 1436 3385 1490 his
3412 1450 3528 1505 qua:

220 1528 527 1598 ἥμαρτεν
570 1526 711 1583 Ἰὼϐ.
751 1546 770 1579 ι

1950 1524 2252 1580 acciderunt
2273 1526 2397 1595 ipsi,
2431 1542 2534 1580 non
2567 1526 2797 1593 peccavit
2825 1524 2926 1579 Job
2966 1524 3038 1579 ⁸³.
3080 1544 3100 1578 ι

219 1620 346 1673 Ἐκ
380 1619 491 1673 τοῦ
506 1620 652 1684 βίου
670 1620 776 1674 τοῦ
796 1620 972 1691 ἁγίου
996 1618 1745 1683 Κωνσταντίνου,βιϐλίου
1766 1615 1838 1672 δ’.

2046 1616 2115 1673 1η
2153 1618 2275 1672 Vita
2299 1619 2470 1673 sancti
2498 1616 2837 1673 Constantini
2875 1617 3007 1671 libro
3037 1633 3088 1672 ιν
3126 1616 3270 1688 (cap.
3308 1616 3418 1688 15).

320 1727 344 1760 ς
387 1709 529 1779 ’Όσῃ
562 1707 617 1762 δὲ
648 1711 811 1764 αὐτοῦ
845 1713 877 1783 ἡ
908 1711 1086 1782 ψυχὴ,
1120 1711 1357 1773 πίστεως
1394 1708 1580 1763 ὲνθέου
1620 1710 1838 1780 ἐστήρι-

2014 1724 2034 1759 ι
2069 1706 2288 1775 Quanto
2328 1715 2511 1763 autem
2558 1706 2683 1763 ﬁdei
2712 1708 2910 1763 robore
2951 1708 3175 1764 animus
3209 1708 3329 1777 ejus
3361 1708 3528 1763 obfir-

224 1816 346 1852 κτο
376 1799 627 1871 δυνάμει,
658 1801 818 1870 μάθοι
848 1802 915 1856 ἂν
940 1819 1024 1866 τις
1053 1802 1148 1855 καὶ
1188 1804 1253 1855 ἐκ
1292 1800 1466 1866 τοῦδε,
1492 1800 1840 1871 λογιζόμενος

1950 1805 2131 1855 matus
2161 1797 2344 1864 fuerit,
2378 1813 2446 1853 ex
2480 1813 2546 1855 eo
2569 1798 2780 1868 quisvis
2810 1798 3102 1869 intelligat,
3135 1798 3278 1868 quod
3333 1801 3518 1854 aureis

224 1891 319 1954 ὡς
344 1892 413 1943 ὲν
432 1892 544 1953 τοῖς
563 1893 783 1961 χρυσοῖς
804 1892 1153 1963 νομίσμασιν,
1176 1891 1336 1956 αὐτὸς
1359 1890 1456 1963 τὴν
1473 1891 1538 1943 αὐ
1549 1888 1637 1943 τοῦ
1657 1889 1841 1943 εἰκόνα

1950 1888 2000 1944 in
2034 1890 2275 1946 nummis
2301 1904 2457 1947 suam
2489 1889 2607 1958 ipse
2638 1888 2935 1960 imaginem
2973 1888 3051 1942 ita
3086 1888 3347 1959 cogitavit
3374 1889 3526 1945 eliin-

221 1982 603 2053 διεγράφετο,
654 1982 731 2047 ὡς
766 1984 878 2038 ἄνω
918 1983 1137 2054 βλέπειν
1180 1984 1391 2051 δοκεῖν,
1428 1983 1839 2055 άνατεταμένην

1950 1979 2219 2050 gendam,
2258 1989 2317 2035 ut
2370 1980 2427 2034 in
2474 1980 2841 2050 supplicantis
2884 1979 3106 2034 modum
3151 1993 3414 2034 conversa
3457 1977 3528 2032 ad

227 2074 395 2145 πρὸς
417 2073 571 2142 Θεὸν,
595 2075 891 2145 εὐχομένου
919 2076 1139 2147 τρόπον.
1171 2076 1374 2130 Τούτου
1412 2075 1510 2146 μὲν
1530 2070 1621 2130 οὖν
1650 2075 1721 2128 τὰ
1749 2078 1841 2129 ὲκ-

227 2164 583 2236 τυπὼματα,
622 2165 741 2220 καθ’
773 2166 901 2238 ὅλης
926 2168 1024 2238 τῆς
1059 2167 1347 2239 Ῥωμαίων
1370 2168 1471 2238 γῆς
1497 2181 1546 2233 ι,
1581 2168 1638 2221 ὲν
1658 2168 1841 2232 αὐτοῖς

225 2257 295 2311 δὲ
328 2258 455 2321 τοῖς
484 2256 773 2327 βασιλείοις
823 2258 966 2313 κατά
1010 2277 1161 2323 τινας
1184 2260 1388 2325 πόλεις,
1427 2262 1484 2313 ὲν
1525 2262 1643 2324 ταῖς
1673 2261 1753 2323 εἰς
1780 2261 1841 2315 τὸ

230 2348 536 2422 μετέωρον
556 2348 666 2402 τῶν
695 2351 986 2422 προπύλων
1010 2352 1399 2423 ἁνακειμέναις
1422 2352 1643 2416 εἰκόσιν,
1669 2352 1840 2416 ἑστὼς

227 2438 438 2509 ὄρθιος
465 2439 757 2513 ἐγράφετο,
794 2443 906 2497 ἄνω
931 2442 1031 2514 μὲν
1061 2444 1141 2508 εἰς
1162 2442 1253 2496 τὸν
1274 2442 1503 2514 οὐρανὸν
1527 2442 1838 2513 ἐμϐλέπων,

230 2535 323 2588 τὼ
351 2535 506 2604 χεῖρε
538 2534 904 2604 ὲκτεταμένω,
956 2535 1250 2607 εὐχομένου
1281 2536 1541 2605 σχήματι.
1570 2528 1700 2587 Ὧδε
1741 2535 1841 2606 μὲν

174 2623 183 2630 ’
230 2620 341 2679 οὖν
374 2624 541 2690 αὐτὸς
582 2626 775 2681 ἑαυτὸν
822 2628 882 2681 ὲν
910 2629 1032 2692 ταῖς
1080 2626 1518 2699 είκονογραφίαις
1547 2627 1841 2699 εὐχόμενον

234 2718 482 2791 Ξτρρξῖ.
525 2735 545 2770 ι

1946 2071 2117 2127 Deum
2176 2071 2340 2138 facie,
2392 2081 2644 2143 spectare
2698 2086 2921 2128 sursum
2974 2069 3280 2128 videretur.
3342 2069 3527 2139 Atque

1945 2162 2066 2233 ejus
2096 2163 2319 2233 quidem
2353 2163 2556 2234 eliigies
2588 2164 2870 2234 impressae
2908 2177 3006 2232 per
3056 2162 3368 2218 universam
3411 2158 3526 2216 Ro-

1946 2269 2233 2309 manorum
2254 2254 2531 2333 ditionem
2585 2255 3007 2325 spargebantur.
3046 2253 3392 2320 Quibusdam
3427 2268 3528 2308 au-

1946 2352 2054 2400 tem
2108 2345 2166 2399 in
2217 2344 2535 2400 civitatibus
2566 2344 2622 2399 in
2655 2342 3009 2400 eminentiori
3062 2344 3336 2414 regiarum
3384 2343 3531 2414 ipsa-

1946 2449 2069 2490 rum
2130 2435 2377 2505 porticus
2430 2443 2590 2506 parte
2646 2435 2912 2506 imagines
2975 2434 3148 2505 ipsius
3205 2435 3282 2488 ita
3340 2433 3532 2506 depino

1946 2526 2231 2597 gebantur,
2266 2534 2331 2580 ut
2363 2537 2548 2582 rectus
2580 2525 2720 2595 ipse,
2751 2524 3141 2595 protensisque
3172 2524 3531 2595 supplicantis

1947 2632 2100 2673 more
2135 2618 2388 2674 manibus
2425 2626 2603 2686 stans,
2650 2619 2850 2674 caelum
2894 2617 3225 2687 suspiceret.
3276 2615 3370 2671 Sic
3400 2632 3531 2688 ergo

1947 2714 2191 2782 seipsum
2247 2713 2304 2767 in
2358 2713 2592 2785 picturis
2657 2713 2936 2783 precantis
2982 2711 3175 2768 habitu
3229 2725 3532 2784 repraesen-

1948 2802 2120 2859 tabat.
2162 2822 2182 2857 ι

495 2892 605 2947 Τοῦ
628 2892 837 2961 αὑτοῦ,
866 2893 935 2947 ἐκ
969 2893 1075 2949 τοῦ
1102 2892 1304 2961 τρίτου
1325 2893 1592 2958 βιϐλίου.

2377 2895 2633 2963 Ejusdem
2663 2912 2729 2952 ex
2759 2897 2892 2951 libro
2927 2896 3106 2952 tertio.

17 4780 133 4813 υη-ίιὶ

322 3002 345 3036 τ
377 2975 513 3039 Ὧδε
545 2983 644 3055 μὲν
673 2981 767 3038 οὖν
792 2987 824 3054 ἡ
863 2984 1127 3054 βασιλέως
1154 2984 1451 3059 ξτεῆλειοξεο
1485 2986 1691 3057 μήτηρ,
1714 2985 1843 3051 ἀξία

240 3168 536 3242 πράξεων,
571 3168 666 3223 τοῦ
718 3184 776 3221 τε
831 3167 892 3233 ἐξ
942 3169 1114 3241 αὐτῆς
1167 3167 1364 3239 φύντος
1398 3169 1710 3241 ὑπερφυοῦς
1746 3172 1843 3223 καὶ

242 3260 564 3332 παραδόξου
613 3260 783 3329 φυτοῦ
803 3276 817 3291 ο
864 3259 923 3314 ὃν
954 3260 1090 3331 πρὸς
1140 3263 1254 3325 τοῖς
1282 3261 1477 3329 ἅπασι,
1515 3260 1611 3316 καὶ
1637 3261 1736 3333 τῆς
1763 3263 1845 3325 εἰς

241 3355 351 3422 τὴν
373 3351 788 3423 γεννησαμένην
809 3352 981 3418 ὁσίας,
1009 3353 1332 3423 μακαρίζειν
1355 3353 1525 3420 ἄξιον.
1560 3353 1718 3408 Οὕτω
1743 3354 1842 3424 μὲν

243 3442 429 3513 αὐτὴν
450 3440 673 3514 θεοσεϐῆ
696 3446 1139 3513 καταστήσαντα,
1176 3442 1251 3514 μὴ
1271 3439 1436 3498 οὖσαν
1465 3444 1525 3497 τὸ
1555 3445 1840 3516 πρότερον,

243 3534 326 3598 ὡς
361 3532 518 3606 αὐτῷ
549 3534 725 3588 δοκεῖν
755 3536 819 3588 ὲκ
854 3534 1076 3606 πρώτης
1098 3534 1175 3606 τῷ
1212 3534 1376 3605 κοινῷ
1419 3535 1635 3605 Σωτῆρι
1664 3535 1843 3606 μεμά-

246 3605 555 3695 omissos;
577 3640 589 3656 ·
634 3623 777 3677 οὕτω
814 3623 871 3677 δὲ
892 3623 971 3695 τῷ
1004 3605 1279 3695 ἀξιώματι
1323 3622 1591 3695 βασιλικῷ
1620 3605 1843 3696 τετιμη-

245 3713 410 3778 κότα,
442 3712 521 3778 ὡς
540 3715 598 3768 ὲν
626 3714 826 3768 ἅπασιν
847 3713 1046 3780 ἔθνεσι,
1073 3714 1171 3768 καὶ
1190 3713 1321 3786 παρ’
1341 3715 1525 3778 αὐτοῖς
1546 3716 1658 3779 τοῖς
1680 3732 1843 3785 στρα-

243 3806 531 3868 τιωτικοῖς
576 3806 872 3876 τάγμασιν,
904 3806 1264 3876 Αὑτούσταν
1295 3804 1594 3869 βασιλίδα
1644 3805 1841 3873 άναγοο

249 3893 543 3965 ρεύεσθαι,
574 3898 797 3965 χρυσοῖς
832 3913 891 3949 τε
923 3895 1223 3967 νομίσμασι
1253 3894 1349 3948 καὶ
1370 3892 1468 3965 τὴν
1492 3893 1664 3965 αὐτῇς
1684 3896 1843 3948 ὲκτυ-

245 3990 495 4047 ποῦσθσιι
520 3988 724 4043 εἰκόνα.
761 4007 781 4041 ι

394 4251 521 4308 Τοῦ
552 4248 741 4306 αὑτοῦ
775 4248 1057 4319 τετάρτου
1087 4248 1297 4318 λόγου,
1343 4248 1557 4317 κεφαλ.
1590 4246 1698 4312 ἔθ’.

222 4372 229 4413 ξ
326 4365 347 4399 ι
380 4346 451 4399 Οἱ
471 4343 533 4398 δὲ
563 4341 663 4413 τὴν
685 4340 931 4412 βασιλίδα
955 4339 1108 4393 πόλιν
1134 4337 1426 4404 οἰκοῦντες,
1450 4337 1590 4409 illa
1618 4339 1684 4409 τῇ
1709 4353 1839 4406 συγ-

2024 3006 2044 3041 i
2081 2990 2198 3045 Hoc
2237 2988 2403 3060 igitur
2436 2989 2602 3043 modo
2632 2989 2985 3059 imperatoris
3015 2994 3190 3042 mater
3216 2986 3404 3063 vivere
3435 2986 3530 3042 dc-

237 3095 306 3131 τε
338 3077 515 3148 τιμῆς
547 3076 823 3147 πλείστης,
886 3077 994 3131 τῶν
1044 3094 1105 3129 τε
1146 3077 1320 3148 αὐτῆς
1360 3078 1525 3132 ἕνεκα
1580 3077 1842 3147 θεοφιλῶν

1950 3081 2057 3160 siit,
2082 3096 2229 3151 quae,
2252 3095 2375 3135 cum
2407 3087 2635 3151 propter
2681 3081 2966 3151 religionis
2995 3094 3059 3135 ac
3089 3080 3308 3151 pietatis
3337 3094 3530 3149 opera,

1945 3173 2140 3229 honori
2178 3173 2416 3242 plurimo
2458 3173 2625 3243 digna
2672 3171 2796 3239 fuit,
2830 3181 2946 3226 tum
2986 3178 3209 3243 propter
3246 3172 3531 3229 excellen-

1946 3272 2054 3320 tem
2076 3270 2133 3319 et
2164 3262 2547 3319 admirabilem
2583 3263 2828 3334 plantam
2865 3263 3018 3318 illam
3050 3276 3218 3333 quam
3250 3276 3317 3317 ex
3343 3278 3402 3318 se
3430 3277 3527 3332 ge-

1944 3355 2096 3418 nuit;
2138 3368 2308 3423 quem
2339 3353 2581 3423 quidem,
2614 3368 2741 3407 cum
2779 3354 3044 3410 omnibus
3075 3353 3200 3409 aliis
3225 3351 3294 3408 de
3321 3353 3529 3419 causis,

1942 3452 2058 3499 tum
2092 3444 2162 3498 ob
2191 3444 2313 3513 ejus
2339 3457 2469 3513 erga
2497 3451 2734 3498 matrem
2766 3444 3023 3514 pietatem
3066 3444 3288 3499 beatum
3331 3443 3531 3513 praedi«

1944 3549 2073 3591 care
2102 3534 2409 3590 debemus:
2463 3534 2671 3605 quippe
2714 3535 2811 3605 qui
2863 3534 3034 3601 illam,
3067 3549 3191 3589 cum
3227 3534 3324 3589 Dei
3355 3535 3529 3590 cultui

1943 3624 2159 3681 addicta
2183 3625 2336 3696 prius
2366 3639 2477 3679 non
2508 3632 2674 3691 esset,
2710 3625 2794 3682 sic
2823 3625 3144 3695 religiosam
3176 3623 3436 3692 reddidit,
3470 3637 3531 3681 ut

1943 3730 1973 3771 a
2006 3717 2265 3788 primaeva
2303 3722 2466 3771 aetate
2518 3730 2551 3771 a
2600 3717 2884 3772 communi
2935 3717 3184 3772 omnium
3245 3716 3532 3773 Salvatore

1941 3808 2154 3863 erudita
2184 3807 2483 3863 videretur.
2512 3806 2689 3877 Ipsam
2713 3807 2935 3863 demum
2971 3808 3326 3879 imperatoria
3354 3807 3532 3879 digni-

1941 3904 2053 3950 tate
2082 3896 2482 3959 cohonestavit,
2514 3905 2576 3950 ut
2622 3897 2764 3967 apud
2801 3912 2992 3955 omnes
3022 3905 3214 3969 gentes
3237 3941 3253 3965 ,
3309 3912 3528 3955 necnon

1942 3985 2085 4056 apud
2105 3987 2367 4057 ipsasmet
2384 3987 2621 4043 militum
2648 3988 2929 4054 cohortes,
2957 3990 3271 4058 imperatrix
3290 3990 3530 4062 Augusta

1942 4076 2410 4147 proclamaretur,
2439 4077 2730 4149 imagoque
2763 4078 2887 4149 ejus
2915 4077 3167 4136 nummis
3195 4079 3382 4135 aureis
3420 4079 3527 4135 im-

1942 4169 2290 4239 primeretur.
2336 4187 2356 4221 ι
2434 4216 2439 4219 .

2298 4258 2555 4329 Ejusdem
2583 4274 2650 4315 ex
2683 4259 2818 4314 libro
2848 4274 2923 4326 ιν,
2955 4275 3073 4330 cap.
3107 4259 3198 4318 69.

2021 4370 2040 4403 ι
2075 4349 2179 4417 Qui
2231 4366 2362 4407 vero
2405 4352 2597 4407 urbem
2630 4351 2836 4423 regiam
2876 4350 3215 4419 incolebant,
3260 4366 3369 4408 una
3401 4366 3528 4411 cum

256 4438 443 4509 κλήτῳ
475 4434 573 4489 καὶ
604 4434 761 4505 δήμῳ
814 4432 1100 4503 Ῥωμαίων
1126 4472 1139 4497 ,
1190 4432 1265 4495 ὡς
1296 4430 1413 4517 τὴνὶ
1438 4428 1702 4517 βασιλέως
1746 4431 1842 4483 ὲπ-

1950 4450 2145 4497 senatu
2174 4443 2487 4513 populoque
2516 4419 2791 4509 Romano,
2824 4443 2917 4500 ubi
2950 4444 3191 4514 primum
3230 4430 3530 4515 imperatoo

236 4504 510 4597 ‘Céyv'waav
532 4504 787 4592 τελευτὴν
812 4566 829 4591 ,
866 4525 1011 4595 δεινῇ
1058 4523 1155 4577 καὶ
1198 4526 1379 4593 πάσης
1408 4504 1712 4593 ξσύμὶρὸρἷῖς
1743 4522 1845 4574 ἐπ-

261 4620 443 4675 έκεινα
471 4622 540 4689 τῇ
572 4619 709 4689 ἀκοῇ
742 4616 1036 4687 δεδεμένοι,
1060 4615 1255 4677 πένθος
1284 4615 1510 4684 ἄσχετον
1540 4613 1843 4667 ἐποιοῦντο.

263 4715 480 4785 Λουτρὰ
509 4712 565 4764 δὲ
592 4710 946 4765 ἁπεκλείοντο
966 4710 1059 4762 καὶ
1079 4709 1294 4779 ἀγοραὶ,
1320 4708 1491 4779 πάνδη
1502 4707 1590 4778 μοί
1610 4724 1671 4760 τε
1701 4706 1842 4771 θέαι,

266 4806 359 4858 καὶ
396 4806 578 4860 πάντα
614 4803 715 4856 ὅσα
748 4802 839 4854 ἐπὶ
866 4800 1116 4873 ῥᾳστώνῃ
1144 4801 1260 4871 βίου
1286 4803 1400 4865 τοῖς
1420 4799 1846 4871 εύθυμουμένοις

265 4896 527 4965 πράττειν
559 4894 680 4959 ἔθος
714 4890 804 4965 ἦν.
840 4895 1121 4964 Κατηφεῖς
1162 4893 1219 4946 δὲ
1274 4893 1323 4946 οἰ
1353 4892 1517 4947 πάλαι
1555 4892 1839 4963 τρυφηλοὶ,

268 4986 364 5049 τὰς
399 4986 659 5059 προόδους
691 4986 971 5040 ἐποιοῦντο
992 5001 1004 5015 ·
1056 4986 1190 5055 ὁμοῦ
1214 5003 1273 5038 τε
1306 4985 1508 5049 πάντες
1540 4985 1632 5038 τὸν
1662 4987 1842 5056 μακά-

272 5094 382 5148 ριον
429 5078 803 5149 ἀνευφήμουν,
853 5078 945 5131 τὸν
980 5077 1225 5146 θεοφιλῆ,
1262 5076 1355 5131 τὸν
1398 5076 1473 5139 ὡς
1503 5076 1717 5147 ἀληθῶς
1746 5076 1844 5145 τῆς

369 5258 413 5292 ⁸³
450 5258 664 5313 lnvect.
694 5256 912 5326 1,1).93.
986 5256 1032 5288 ⁸³
1059 5255 1161 5310 Job
1209 5271 1247 5319 ι,
1287 5254 1377 5309 22.

1945 4532 2027 4590 ris
2065 4534 2275 4589 obitum
2309 4545 2659 4605 acceperunt,
2686 4535 2885 4593 acerbo
2913 4542 2970 4590 et
2996 4534 3191 4606 quavis
3215 4535 3530 4591 calamitate

1947 4624 2186 4696 graviori
2213 4626 2409 4681 nuntio
2437 4628 2703 4696 perculsi,
2737 4628 2947 4683 nullum
2978 4627 3154 4683 luctui
3177 4627 3399 4682 modum
3430 4642 3527 4697 po-

1946 4721 2195 4769 suerunt.
2231 4714 2448 4771 Balnea:
2491 4724 2546 4771 et
2578 4718 2697 4771 l‘ora
2725 4717 2909 4772 clausa
2956 4725 3107 4780 sunt,
3138 4717 3356 4787 publica
3386 4731 3527 4786 qun-

1945 4817 2055 4873 que
2096 4805 2436 4873 spectacula,
2459 4812 2513 4861 et
2539 4819 2886 4876 quaecunque
2912 4804 3168 4859 homines
3208 4805 3322 4859 otio
3351 4803 3523 4859 dediti

1945 4904 1999 4949 et
2025 4894 2185 4964 genio
2218 4895 2565 4967 indulgentes
2599 4896 2909 4952 consectari
2960 4896 3161 4961 solent,
3207 4893 3525 4951 intermissa

1949 4994 2096 5040 sunt.
2137 4987 2243 5052 Qui
2279 4995 2405 5043 ante
2452 4990 2508 5043 in
2559 4988 2773 5045 deliciis
2821 4987 3203 5052 versabantur,
3262 4984 3520 5059 vultujn

1949 5088 2150 5135 terram
2186 5080 2425 5155 demisso
2456 5082 2715 5138 incedere
2744 5095 2964 5153 unaque
2994 5092 3183 5140 omnes
3222 5088 3359 5134 voce
3392 5074 3522 5131 bea-

1564 5345 1801 5405 VARUE
1834 5346 2242 5405 LECTIONES.

346 5479 375 5512 ι
403 5465 566 5528 DeeSt
602 5482 707 5524 vox
734 5466 1033 5537 διέτρεχεν,
1068 5482 1131 5523 ex
1165 5465 1404 5522 Eusebio
1436 5466 1765 5536 supplenda.

1738 5554 1751 5571 ’
1782 5575 2012 5631 nom.

353 5698 459 5769 (Si)
496 5697 553 5756 S.
608 5698 987 5771 Cbrysostomi
1047 5697 1428 5754 commentarii
1465 5696 1520 5751 in
1580 5695 1681 5753 Job
1730 5695 2034 5768 fragmenta
2060 5702 2276 5752 exstant
2308 5693 2362 5750 in
2391 5703 2586 5751 catena
2616 5690 2789 5749 Junii.
