3904 6358
31 300 36 355 i

189 293 339 360 1381

184 384 307 461 Ἐκ
334 423 440 461 του
463 401 788 474 μαρτυρίου
811 396 920 474 τοῦ
940 397 1112 474 ἁγίου
1139 393 1496 457 Εὑσταθίου,
1533 389 1638 445 τοῦ
1679 388 1775 441 καὶ
1808 386 1854 443 Δ

834 467 1029 522 Ilecl
1032 465 1127 520 δα.

272 581 296 619 σ
354 562 690 631 Ἐξελθόντος
726 558 891 614 αὐτοῦ
924 560 982 613 ἐν
1020 559 1119 629 μιᾷ
1148 556 1332 629 ἡμέρᾳ
1373 554 1515 610 κατά
1564 552 1625 607 τὸ
1656 551 1777 604 σύν-

186 657 334 730 ηθες
395 653 487 710 ἐπὶ
519 650 589 706 τά
643 651 745 725 ὅρη
778 651 1043 723 θηρεῦσαι
1095 649 1232 721 μετά
1261 647 1354 701 τοῦ
1387 644 1776 718 στρατοπέδου,

187 750 296 803 καὶ
330 747 511 819 πάσης
532 745 632 815 τῆς
655 743 970 816 θεραπείας,
1003 734 1159 813 ῶφθη
1183 739 1331 812 αὐτῷ
1366 739 1536 812 ἀγέλη
1565 737 1780 807 ἐλάφων

190 839 535 912 βοσκομένη.
562 838 671 891 Καὶ
686 835 982 905 διαστήσας
998 833 1140 887 κατά
1165 832 1227 887 τὸ
1254 831 1483 902 σύνηθες
1503 831 1595 883 τὸν
1616 845 1781 900 στρα·

186 931 311 997 τὸν,
347 930 584 983 ἐποιεῖτο
610 927 713 997 τὴν
757 925 875 980 κατ’
907 924 1086 977 αὐτῶν
1122 920 1325 988 δίωξιν.
1369 916 1579 982 Παντὸς
1604 916 1659 971 δὲ
1687 918 1781 971 τοῦ

193 1018 441 1092 στρατοῦ
468 1018 560 1072 ἐπὶ
585 1017 684 1088 τὴν
706 1015 966 1085 σύλληψιν
994 1013 1393 1084 ἀσχολουμένου
1417 1011 1526 1065 τῶν
1546 1010 1780 1078 ἐλάφων,

191 1115 221 1167 ό
250 1109 807 1184 ὕπερμεγεθέστατος
836 1106 1017 1178 πάσης
1048 1107 1145 1177 τῆς
1202 1104 1424 1176 ἀγέλης,
1458 1103 1552 1158 καὶ
1580 1101 1785 1156 εὐειδέ-

191 1221 422 1270 στατος,
453 1201 828 1265 ἀποσπασθεὶς
878 1199 977 1270 τῆς
1010 1198 1236 1268 ἀγέλης,
1266 1197 1497 1268 ὥρμησε
1521 1194 1661 1249 κατά
1692 1192 1784 1247 τοῦ

189 1295 414 1368 δρυμοῦ
448 1293 639 1357 ἐντοῖς
669 1291 983 1361 δασυτέροις
1011 1290 1196 1352 τόποις
1228 1289 1325 1358 τῆς
1355 1288 1507 1358 ὕλης,
1549 1286 1644 1340 καί
1665 1285 1789 1338 δυσ-

191 1386 397 1450 ϐάτοις
440 1383 680 1455 χωρίοις.
747 1383 845 1435 Ὃν
893 1380 1230 1450 θεασάμενος
1269 1378 1298 1431 ό
1345 1376 1639 1443 Πλακίδας,
1694 1381 1789 1431 καὶ

190 1474 562 1546 ἐπιθυμήσας
584 1471 970 1527 συλλαϐεῖσθαι
1002 1469 1186 1532 αὑτὸν,
1218 1468 1533 1523 καταλιπὼν
1559 1470 1790 1535 πάντας,

195 1568 328 1637 μετ’
352 1562 549 1631 ὀλίγων
588 1559 938 1632 στρατιωτῶν
980 1559 1308 1614 κατεδίωκεν
1344 1559 1525 1613 αὐτόν.
1576 1560 1793 1628 Ἀτονη-

194 1659 422 1711 σάντων
452 1654 510 1707 δὲ
559 1652 672 1706 τῶν
730 1652 1021 1715 συνόντων,
1056 1651 1218 1721 μόνος
1258 1648 1690 1721 προσεκαρτέρει
1722 1649 1788 1717 τῇ

1304 283 1402 344 DE
1434 271 1897 341 IMAGINIBUS
1925 270 2208 333 ORATIO
2248 270 2363 330 IlI.

3321 260 3456 327 i382

1976 380 2056 434 Ea:
2088 380 2342 449 martyrio
2376 376 2544 431 sancti
2577 371 2865 439 Eustathii,
2891 370 2979 441 qui
3006 379 3053 425 et
3090 368 3361 431 Placidus.

1954 552 1971 586 ι
2010 532 2144 587 Cum
2188 531 2278 586 die
2331 528 2565 600 quodam
2600 566 2614 590 ,
2673 525 2739 581 de
2786 530 3051 579 consueto
3100 536 3277 585 more,
3330 536 3456 575 cum

1878 624 2128 680 exercitu
2200 621 2569 690 universoque
2616 616 2946 671 famulorum
2999 622 3146 669 coetu
3201 622 3457 668 venatum

1879 715 2133 781 exiisset,
2197 727 2490 768 cervorum
2543 708 2885 781 pascentium
2935 706 3288 775 conspicatus
3339 720 3461 776 gre-

1881 825 2026 881 gem,
2056 806 2308 864 exercitu
2341 805 2394 858 in
2431 812 2544 858 tres
2577 809 2782 873 partes,
2817 799 2896 855 uti
2930 798 3165 863 solebat,
3194 798 3462 853 distribu-

1884 911 1964 968 to,
1992 916 2089 957 eos
2116 896 2518 955 insectabatur.
2550 892 2623 947 At
2651 906 2773 947 cum
2809 890 2921 945 illis
2959 888 3242 959 capiendis
3282 888 3464 943 inten-

1884 1003 1973 1048 tus
2000 998 2147 1047 esset
2168 988 2468 1051 exercitus,
2504 984 2596 1039 ille
2631 983 2726 1052 qui
2769 983 2823 1035 in
2870 981 3185 1036 universum
3217 993 3462 1051 gregem,

1886 1094 2003 1139 tum
2053 1080 2406 1152 proceritate,
2466 1085 2580 1130 tum
2633 1072 2811 1128 forma
2845 1070 3141 1135 eminebat,
3174 1086 3203 1125 a
3234 1069 3465 1139 reliquis

1886 1175 2196 1239 discedens,
2229 1187 2326 1243 per
2356 1169 2690 1226 densissima
2744 1166 2897 1221 silva:
2932 1171 3317 1235 praeruptaque
3342 1165 3489 1219 loca‘

1889 1270 1945 1324 in
1977 1283 2172 1324 nemus
2197 1264 2455 1337 prosiliit.
2493 1260 2652 1317 Hune
2684 1259 2934 1314 Plaeidas
2976 1258 3282 1323 contuitus,
3313 1257 3465 1326 ejus-

1890 1377 1996 1431 que
2055 1354 2559 1429 comprehendendi
2625 1351 2904 1407 desiderio
2961 1363 3273 1416 accensus,
3337 1361 3467 1402 cum

1891 1452 2155 1507 militibus
2180 1448 2397 1519 paucis,
2436 1444 2655 1500 caeteris
2687 1442 2946 1496 omnibus
2974 1440 3207 1505 relictis,
3250 1440 3469 1495 insecu-

1894 1551 1981 1599 tus
2008 1550 2114 1597 est.
2141 1538 2261 1594 Jam
2285 1535 2420 1593 socii
2438 1531 2823 1591 deﬁcientibus
2847 1529 3058 1584 viribus
3079 1529 3468 1593 constiterant,

1895 1650 2019 1691 cum
2046 1633 2202 1689 solus
2234 1631 2354 1702 ipse
2392 1623 2775 1699 persequendo
2810 1629 3213 1694 perseveraret,
3250 1619 3470 1676 divina-

193 1746 410 1812 διώξει,
436 1744 578 1799 κατὰ
608 1743 864 1815 πρόνοιαν
883 1741 940 1795 δὲ
965 1716 1121 1805 Θεοῦ,
1154 1716 1788 1812 μήτεὲοῡῖπὲτουάὺτοῢ
1821 1721 1864 1776 Β
1893 1742 1999 1798 que
2058 1723 2261 1779 factum
2316 1716 2662 1791 providentia
2714 1724 2819 1779 ρει,
2869 1721 2929 1766 ut
2975 1726 3077 1767 nec
3115 1726 3328 1781 equus,
3368 1723 3471 1766 nec

194 1839 591 1907 ἀτονήσαντος,
626 1834 762 1906 μήτε
793 1832 959 1887 αὑτοῦ
1010 1833 1146 1904 πρὸς
1196 1831 1296 1904 τὴν
1346 1831 1666 1904 δυσχέρειαν
1695 1830 1789 1884 τοῦ

196 1931 377 1984 τόπου
408 1927 846 1998 ἀποκνήσαντος,
878 1926 973 1979 ἐπὶ
1006 1925 1142 1978 πολὺ
1170 1922 1543 1993 καταδιώκων,
1572 1924 1789 1996 μακράν

197 2020 415 2092 εὑρέθη
444 2018 539 2072 τοῦ
566 2018 931 2091 στρατοπέδου
962 2016 1149 2071 αὐτοῦ.
1181 2017 1239 2070 '0
1266 2017 1321 2070 δὲ
1347 2015 1544 2085 ἔλαφος
1572 2015 1791 2085 ἔφευγε,

198 2112 420 2175 ἐκεῖνος
453 2111 511 2165 δὲ
560 2108 898 2180 παραλαϐὼν
931 2106 1244 2180 ἀκρώρειαν
1288 2106 1514 2177 πέτρας,
1567 2104 1792 2177 μηδενὸς

203 2203 469 2266 συνόντος
501 2201 670 2272 αὐτῷ,
702 2200 831 2273 ἔστη
864 2198 1216 2270 περισκοπῶν
1253 2196 1548 2262 πάντοθεν,
1573 2196 1670 2251 καὶ
1704 2198 1793 2249 ἐν-

204 2296 351 2349 νοῶν
387 2293 524 2363 ποίῳ
556 2294 742 2364 τρόπῳ
770 2290 1005 2362 λάϐηται
1024 2292 1122 2361 τῆς
1165 2288 1366 2359 ἐλάφου
1388 2305 1402 2319 ·
1440 2286 1553 2341 ἀλλ’
1595 2289 1625 2341 ό
1660 2286 1795 2341 πάν-

206 2402 381 2455 σοφος
420 2385 516 2438 καὶ
544 2385 844 2455 οἰκτίρμων
863 2382 1015 2448 Θεὸς,
1047 2384 1076 2435 ὁ
1106 2380 1367 2443 παντοίας
1399 2379 1550 2441 ὁδοὺς
1579 2378 1673 2430 ἐπὶ
1695 2395 1797 2430 σω-

204 2478 383 2549 τηρία
407 2477 517 2531 τῶν
544 2475 848 2546 ἀνθρώπων
870 2474 1165 2545 ἐπινοήσας
1183 2512 1198 2537 ,
1232 2471 1578 2542 ἀντιθηρεύει
1609 2470 1798 2523 τοῦτον

206 2571 269 2623 ἐν
290 2571 362 2640 τῇ
395 2567 537 2639 θήρᾳ
559 2583 573 2599 θ
608 2567 705 2637 οὐχ
733 2566 805 2631 ὡς
840 2564 1140 2637 Κορνήλιον
1170 2564 1261 2618 διά
1292 2562 1522 2634 Πέτρου,
1560 2561 1674 2615 ἀλλ’
1723 2561 1799 2624 ὡς

210 2659 432 2714 Παῦλον
454 2656 741 2720 διώκοντα,
759 2656 848 2709 διὰ
864 2657 963 2725 τῆς
986 2655 1119 2718 ἰδίας
1142 2652 1486 2723 ἐπιφανείας.
1520 2652 1645 2705 Ἐπὶ
1665 2651 1799 2704 πολὺ

210 2754 270 2806 δὲ
298 2752 540 2813 ἑστῶτος
565 2750 659 2803 τοῦ
689 2749 954 2813 Πλακίδα,
986 2748 1083 2802 καὶ
1112 2746 1451 2811 ἀτενίζοντος
1484 2744 1585 2816 μὲν
1610 2744 1691 2807 εἰς
1710 2743 1801 2797 τὸν

211 2845 436 2913 ἔλαφον,
463 2839 837 2911 θαυμάζοντος
875 2838 932 2892 δὲ
964 2837 1129 2892 αὑτοῦ
1163 2837 1224 2890 τὸ
1260 2835 1511 2907 μέγεθος,
1541 2834 1636 2888 καί⁹
1658 2834 1804 2903 ἀμη-

214 2935 512 3010 χανοῦντος
541 2933 671 3004 περὶ
698 2931 798 3002 τὴν
824 2930 1106 2999 σύλληψιν,
1138 2928 1379 2983 δείκνυσι
1408 2928 1613 2997 Κύριος
1641 2924 1804 2996 τεράο

215 3031 371 3086 στιόν
401 3046 456 3083 τι
488 3026 749 3090 τοιοῦτον,
782 3025 884 3078 οὐκ
911 3023 1158 3086 ἀπεικὸς,
1185 3020 1307 3075 οὐδὲ
1334 3019 1663 3090 ὑπερϐαῖνον
1702 3018 1804 3088 τῆς

217 3120 391 3178 αὐτοῦ
414 3119 701 3188 δυνάμεως
726 3115 788 3171 τὸ
830 3114 1062 3186 μέγεθος
1088 3128 1102 3143 ·
1158 3111 1276 3167 ἀλλ’
1320 3110 1507 3182 ὥσπερ
1561 3109 1655 3161 ἐπὶ
1707 3107 1801 3161 τοῦ

217 3210 459 3281 Βαλαὰμ
478 3209 637 3279 λόγον
664 3206 838 3270 ἐνθεὶς
871 3206 938 3277 τῇ
972 3205 1101 3275 ὗνῳ,
1132 3202 1359 3275 ἤλεγξεν
1379 3200 1544 3257 αὐτοῦ
1570 3199 1669 3271 τὴν
1691 3199 1805 3253 διά-

219 3317 401 3365 νοιαν,
435 3298 578 3353 οὕτω
634 3296 730 3352 καὶ
774 3293 1006 3349 ἐνταῦθα
1052 3293 1291 3347 δείκνυσι
1317 3293 1511 3360 τούτῳ.
1550 3289 1677 3342 Ἐπὶ
1706 3287 1806 3359 μὲν

220 3392 475 3465 κεράτων
498 3387 593 3443 τοῦ
633 3386 837 3456 ἐλάφου
880 3385 975 3437 τὸν
1018 3384 1189 3436 τύπον
1216 3381 1311 3435 τοῦ
1351 3381 1508 3449 ἁγίου
1544 3378 1803 3450 σταυροῦ,

224 3483 370 3553 ὑπὲρ
402 3481 503 3552 τὴν
534 3478 897 3551 λαμπρότητα
915 3473 1011 3530 τοῦ
1046 3474 1196 3545 ⁴ἡλίου
1228 3472 1534 3541 λάμποντα,
1562 3470 1725 3541 μέσον
1749 3469 1807 3523 δὲ

222 3574 333 3630 τῶν
360 3573 612 3643 κεράτων
635 3569 733 3642 τὴν
756 3569 942 3623 εἰκόνα
988 3565 1085 3619 τοῦ
1117 3564 1378 3635 θεοφόρου
1433 3560 1706 3633 σώματος,
1744 3554 1807 3615 οὗ

222 3665 313 3719 διὰ
350 3664 455 3733 τὴν
496 3659 774 3731 ἡμετέραν
809 3655 1083 3727 σωτηρίαν
1129 3653 1421 3708 ἀναλαϐεῖν
1462 3651 1806 3718 κατεδέξατο,

228 3756 321 3810 καὶ
348 3753 540 3825 φωνὴν
567 3749 915 3822 ἀνθρωπίνην
944 3746 1119 3811 ἐνθεὶς
1156 3749 1223 3817 τῇ
1250 3746 1457 3817 ἐλάφῳ,
1480 3743 1809 3817 προσκαλεί-

223 3865 315 3902 ται
342 3845 439 3900 τὸν
480 3842 750 3898 Πλακίδαν
768 3881 785 3909 ,
844 3839 1047 3910 λέγων⁸
1075 3834 1147 3891 Ὦ
1175 3838 1448 3900 Πλακίδα,
1476 3836 1529 3891 τί
1588 3854 1655 3909 με
1683 3836 1809 3891 διώ-

224 3956 383 4005 κεις;
416 3936 533 3989 ἰδοὺ
567 3933 751 3987 ἕνεκέν
779 3950 871 3985 σου
904 3931 1109 4001 παρῆν,
1145 3929 1240 3983 καὶ
1269 3930 1326 3982 ἐν
1366 3928 1445 4000 τῷ
1480 3927 1603 4000 ζώῳ
1634 3929 1811 4000 τούτῳ

223 4030 415 4100 ὤφθην
458 4044 560 4081 σοι.
599 4024 742 4094 Ἐγώ
779 4025 895 4094 εἰμι
939 4021 1147 4093 Ἰησοῦς
1179 4022 1207 4073 ό
1235 4020 1488 4092 Χριστὸς,
1524 4020 1583 4073 ὂν
1602 4020 1811 4090 ἀγνοῶν

225 4123 379 4192 σέϐῃ.
409 4119 489 4173 Ai
518 4117 627 4189 γάρ
658 4115 899 4169 εὐποιίαι
919 4130 1036 4181 σου,
1058 4114 1124 4177 ἀς
1160 4112 1224 4166 σὺ
1249 4115 1424 4177 ποιεῖς
1449 4114 1529 4177 εἰς
1561 4113 1685 4176 τοὺς
1704 4113 1814 4167 δεο-

226 4213 456 4284 μένους,
488 4208 840 4280 παρέστησαν
873 4204 1102 4259 ἐνώπιόν
1136 4222 1239 4275 μου
1259 4244 1274 4268 ,
1312 4204 1404 4258 καὶ
1427 4200 1591 4275 ἦλθον
1635 4206 1813 4276 ἐμφα-

227 4302 375 4356 νίσαι
410 4316 505 4354 σοι
543 4295 779 4367 ἐμαυτὸν
808 4292 896 4347 διὰ
933 4291 1029 4347 τοῦ
1052 4292 1251 4362 ἐλάφου
1281 4291 1495 4357 τούτου,
1519 4291 1613 4345 καὶ
1660 4292 1812 4344 ἀντι-

234 4390 523 4465 ζωγρῆσαί
555 4404 637 4455 σε,
686 4386 780 4440 καὶ
831 4386 1048 4457 συσχεῖν
1073 4386 1185 4447 τοῖς
1222 4383 1459 4446 δικτύοις
1486 4382 1584 4454 τῆς
1622 4382 1810 4453 φιλανο
1836 4413 1887 4474 D

236 4483 487 4557 θρωπίας
540 4496 664 4549 μου.
694 4479 767 4533 Οὐ
802 4478 907 4548 γάρ
938 4478 1054 4530 ἐστι
1091 4476 1320 4540 δίκαιον,
1368 4475 1461 4528 τὸν
1490 4476 1615 4546 ἐμοὶ
1643 4491 1813 4547 προσ-

238 4575 369 4647 φιλῆ
412 4574 505 4628 διά
556 4570 666 4625 τῶν
715 4568 937 4637 ἀγαθῶν
988 4567 1187 4639 ἔργων,
1241 4566 1512 4620 δουλεύειν
1565 4566 1817 4637 δαίμοσιν

240 4663 577 4735 ἀκαθάρτοις
604 4658 699 4714 καὶ
723 4657 961 4721 εἰδώλοις
984 4659 1195 4727 νεκροῖς
1219 4656 1317 4710 καὶ
1338 4657 1560 4725 κωφοῖς.
1586 4656 1686 4710 Διά
1708 4658 1818 4728 γὰρ

239 4750 399 4807 τοῦτο
424 4750 593 4825 ἦλθον
624 4751 718 4804 ἐπὶ
744 4749 847 4819 γῆς
876 4752 933 4803 ἐν
963 4747 1041 4820 τῷ
1068 4747 1199 4802 εῖδει
1226 4750 1421 4819 τούτῳ,
1462 4742 1506 4818 ᾧ
1534 4748 1628 4805 νῦν
1662 4751 1816 4822 ὁρᾷς,

246 4846 416 4903 σῶσαι
446 4846 620 4903 θέλων
651 4846 714 4899 τὸ
740 4843 848 4899 τῶν
872 4843 1175 4915 ἀνθρώπων
1214 4844 1389 4913 γένος.
1440 4863 1460 4895 ι
1524 4834 1535 4846 “

202 5174 211 5179 _
251 5104 365 5165 Τοῦ
387 5107 565 5181 ἁγίου
586 5107 869 5181 Λεοντίου
890 5107 1250 5181 ΔΝειιςτότλεως
1273 5103 1381 5181 τῆς
1399 5104 1685 5181 Κυπρίων
1714 5106 1814 5174 νήο

532 5193 669 5245 σου,
698 5178 842 5244 πρὸς
890 5177 1238 5242 Ἰουδαίους,
1264 5182 1305 5228 ε’
1334 5176 1539 5246 λόγου.

326 5285 347 5320 ι
390 5269 529 5343 Φέρε
577 5268 641 5339 δὴ
690 5268 896 5331 λοιπὸν,
939 5268 1076 5339 φέρε
1111 5268 1430 5339 προθύμως,
1465 5270 1559 5323 καὶ
1596 5271 1692 5343 τὴν
1724 5272 1821 5342 τῆς

255 5358 613 5423 ἐκτυπώσεως
637 5361 744 5413 τῶν
769 5361 979 5414 σεπτῶν
1006 5363 1230 5415 εἰκόνων
1254 5363 1549 5432 ἀπολογίαν
1585 5366 1823 5436 ποιησώ-

259 5449 418 5516 μεθα,
449 5452 595 5515 ὅπως
629 5451 986 5523 ἐμφρασθῶσι
1033 5453 1275 5523 στόματα
1318 5452 1556 5524 ἀνόμων,
1597 5455 1822 5509 λαλούν-

258 5554 366 5593 των
412 5539 598 5595 ἄδικα·
634 5541 829 5613 νομικὴ
868 5542 976 5613 γὰρ
1006 5543 1143 5615 α’ύτη
1181 5545 1214 5615 ἡ
1244 5544 1563 5614 παράδοσις,
1595 5547 1688 5600 καὶ
1725 5548 1821 5618 οὐχ

333 5664 377 5697 ⁸⁵
396 5678 559 5734 Num.
588 5696 719 5747 χιιι,
752 5680 841 5736 ‘28.

1892 1819 2126 1890 ipsemet
2162 1814 2459 1885 asperitate
2493 1809 2738 1863 locorum
2782 1803 3138 1869 fatiscerent;
3169 1810 3222 1857 et
3248 1814 3471 1856 cervum

1894 1910 2104 1966 diutius
2122 1903 2462 1976 adurgendo,
2494 1898 2684 1972 procul
2717 1913 2776 1953 se
2806 1897 2873 1952 ab
2902 1896 3148 1952 exercitu
3172 1893 3473 1950 recessisse

1894 2000 2057 2073 373
2111 1995 2517 2052 animadvertit.
2575 1991 2746 2046 Porro
2794 1987 3038 2059 fugiente
3098 2000 3286 2050 cervo,
3343 1999 3471 2039 cum

1895 2093 2083 2148 nullus
2110 2089 2375 2145 comitum
2420 2084 2662 2149 adesset,
2693 2088 2864 2152 petrae
2901 2078 3163 2134 verticem
3207 2089 3475 2132 conscen-

1896 2186 1997 2250 dit,
2052 2193 2168 2239 tum
2206 2178 2692 2247 cireumaspicere,
2727 2186 3028 2242 secumque
3073 2169 3337 2240 cogitare,
3362 2181 3474 2238 quo

1896 2275 2117 2333 tandem
2149 2280 2309 2344 pacto
2347 2269 2586 2340 prmdam
2620 2275 2977 2334 assequatur.
3014 2262 3084 2316 At
3124 2258 3475 2331 sapientissi-

1897 2383 2023 2425 mus
2071 2362 2649 2429 clementissimusque
2688 2355 2863 2420 Deus,
2898 2352 2992 2423 qui
3023 2352 3203 2406 nullas
3241 2366 3351 2404 non
3380 2365 3475 2405 ex-

1900 2458 2103 2531 cogitat
2150 2458 2287 2522 vias,
2324 2441 2529 2524 quibus
2570 2448 2635 2503 ad
2684 2448 2919 2503 salutem
2966 2441 3221 2498 homines
3272 2441 3475 2502 ducat,

1902 2550 2051 2606 hunc
2101 2548 2156 2602 in
2209 2547 2443 2616 ipsumet
2493 2539 2786 2596 venatione
2842 2542 3076 2590 venatur
3123 2551 3135 2588 :
3179 2546 3288 2586 non
3332 2530 3479 2585 Petri

1902 2655 2097 2713 opera;
2131 2647 2193 2693 ut
2240 2638 2370 2691 olim
2407 2632 2751 2696 Cornelium,
2782 2628 2959 2699 magis
2995 2635 3177 2681 autem
3218 2623 3300 2678 uti
3347 2637 3479 2692 per-

1904 2739 2210 2789 secutorem
2238 2727 2490 2790 Paulum,
2520 2724 2735 2794 objecta
2762 2737 2860 2778 sua
2894 2718 3102 2789 specie.
3134 2714 3322 2785 Itaque
3350 2729 3482 2769 con-

1904 2823 2118 2879 sistenti
2152 2821 2243 2875 diu
2270 2818 2524 2883 Placidm,
2550 2818 2811 2885 cervique
2841 2810 3225 2882 proceritatem
3252 2806 3482 2863 intentis

1905 2912 2081 2970 oculis
2113 2909 2428 2972 demiranti,
2465 2921 2589 2962 cum
2625 2905 2775 2960 illius
2811 2899 3065 2971 capiendi
3100 2899 3250 2954 nulla
3274 2899 3360 2952 via
3384 2911 3482 2951 oc-

1907 3012 2176 3069 curreret,
2232 2998 2510 3071 ejusmodi
2572 3001 2891 3067 portentum
2954 2992 3217 3047 Dominus
3288 2987 3482 3053 edidit,

1905 3094 2049 3167 quod
2077 3092 2300 3164 quidem
2334 3090 2469 3144 nihil
2497 3088 2752 3145 absimile
2779 3085 2892 3141 veri
2915 3094 3019 3150 est,
3053 3096 3153 3137 nec
3184 3079 3357 3151 ipsius
3383 3094 3483 3150 po-

1904 3188 2089 3244 tentia:
2121 3182 2556 3255 magnitudinem
2595 3178 2831 3236 excedit.
2868 3176 2998 3242 Sed,
3020 3174 3485 3246 quemadmodum

1907 3278 2079 3334 asina:
2111 3276 2329 3330 Balaam
2384 3270 2639 3342 loquendi
2695 3270 2868 3325 indita
2900 3266 3160 3323 facultate
3197 3265 3267 3333 ",
3295 3279 3360 3319 ea
3392 3278 3486 3317 ar-

1907 3372 2044 3443 guit,
2080 3384 2199 3439 qua:
2230 3375 2385 3421 vates
2416 3365 2601 3419 animo
2632 3362 2911 3427 versabat,
2943 3358 3237 3415 consimile
3277 3356 3485 3427 aliquid

1908 3471 2041 3516 tunc
2067 3460 2230 3513 etiam
2257 3454 2335 3511 illi
2376 3454 2724 3511 monstravit.
2749 3451 2806 3506 In
2830 3451 2975 3506 cervi
3001 3451 3261 3506 cornibus
3282 3457 3487 3506 sancta:

1909 3550 2091 3606 crucis
2126 3548 2246 3619 ipso
2278 3546 2393 3603 sole
2420 3545 2581 3615 longe
2607 3543 2995 3613 fulgentiorem
3036 3541 3291 3611 ﬁguram,
3322 3549 3485 3611 atque

1909 3643 2053 3697 inter
2081 3653 2289 3695 cornua
2320 3635 2491 3691 divini
2532 3634 2619 3691 sui
2655 3632 2934 3703 corporis,
2981 3633 3129 3703 quod
3162 3646 3262 3701 pro
3295 3640 3486 3687 nostra

1910 3733 2090 3790 salute
2121 3744 2343 3787 sumere
2388 3726 2650 3796 dignatus
2680 3731 2785 3790 est,
2829 3722 3056 3794 eﬂigiem
3082 3720 3362 3790 Ostendit;
3399 3721 3486 3777 in-

1909 3826 2136 3893 ditaque
2170 3834 2334 3877 cervo
2368 3832 2503 3873 voce
2535 3816 2800 3882 humana,
2845 3814 2931 3870 his
2984 3811 3264 3868 Placidam
3300 3813 3485 3870 verbis

1910 3912 2207 3984 compellat
2247 3928 2261 3965 :
2297 3906 2441 3975 Quid
2491 3923 2578 3963 me
2636 3906 3022 3976 persequeris,
3079 3904 3344 3960 Placida‘l
3405 3905 3486 3961 En

1912 4007 1991 4062 tui
2021 4018 2192 4061 causa
2222 4002 2469 4067 aderam,
2513 4013 2711 4069 meque
2744 3997 2840 4053 tibi
2875 3997 2978 4053 hoc
3007 3997 3061 4050 in
3097 3997 3318 4052 animali
3351 4012 3485 4053 con-

1913 4097 2255 4173 spiciendum
2288 4092 2514 4165 praebui.
2543 4092 2652 4161 Ego
2679 4106 2800 4147 sum
2834 4089 2995 4146 Jesus
3019 4089 3297 4157 Christus,
3327 4105 3487 4159 quem

1914 4195 2177 4265 ignorans
2207 4188 2363 4245 colis.
2393 4183 2510 4240 Tua
2542 4198 2672 4254 erga
2703 4197 2979 4253 pauperes
3029 4180 3206 4236 ollicia
3252 4195 3490 4252 conspe-

1914 4286 2028 4341 ctui
2095 4297 2218 4339 meo
2252 4277 2547 4352 praesentia
2609 4274 2854 4330 luerunt.
2920 4273 3291 4340 Quamobrem
3344 4273 3490 4329 istuc

1916 4376 2060 4440 veni,
2092 4382 2146 4429 ut
2199 4388 2296 4443 per
2339 4372 2488 4427 hunc
2530 4385 2751 4427 cervum
2800 4384 2886 4423 me
2939 4368 3307 4437 patefacerem
3368 4368 3489 4435 tibi,

1915 4477 2076 4540 teque
2128 4464 2376 4522 vicissim
2430 4470 2634 4519 venatu
2683 4460 3229 4532 comprehenderem,
3276 4469 3331 4517 et
3378 4462 3494 4516 cle-

1916 4561 2134 4617 mentia:
2172 4574 2306 4614 mea:
2331 4557 2587 4627 indagine
2622 4554 2922 4628 cingerem.
2947 4553 3057 4609 Nec
3089 4553 3234 4609 enim
3274 4570 3489 4625 aequum

1918 4651 2106 4717 fuerit,
2142 4658 2201 4705 ut
2228 4665 2390 4720 quem
2417 4648 2487 4703 ob
2526 4656 2677 4703 recte
2712 4647 2990 4717 probeque
3024 4644 3167 4700 facta
3199 4644 3391 4717 diligo,
3446 4646 3492 4701 is

1920 4744 2265 4802 daemonibus
2298 4741 2556 4812 impuris,
2606 4739 2949 4810 mortuisque
2981 4744 3036 4792 et
3085 4735 3274 4792 surdis
3314 4737 3491 4791 simu-

1921 4836 2089 4893 lacris
2132 4835 2355 4893 serviat.
2403 4831 2614 4888 Idcirco
2659 4830 2866 4901 quippe
2896 4830 2963 4884 ad
2996 4836 3197 4891 terras,
3228 4840 3290 4884 ea
3326 4840 3491 4898 quam

1920 4928 2105 4986 cernis
2154 4927 2338 4998 specie
2387 4923 2537 4991 veni,
2578 4932 2640 4978 ut
2688 4920 2875 4993 generi
2927 4920 3211 4977 hominum
3259 4919 3493 4975 salutem

1923 5022 2196 5078 afferrem.
2239 5039 2260 5073 ι

1927 5114 2112 5172 Sancti
2162 5111 2366 5168 Leontii
2421 5108 2673 5177 Neapolis
2695 5107 2749 5160 in
2781 5106 2956 5177 Cypro
2987 5105 3165 5159 insula
3195 5100 3495 5177 [episcopi],

2308 5196 2373 5235 ea:
2406 5175 2548 5234 libro
2571 5196 2604 5234 v
2643 5175 2841 5232 Contra
2862 5175 3118 5230 'Juda’os.

1999 5296 2016 5329 ι
2058 5274 2303 5347 Agedum
2352 5270 2654 5341 deinceps,
2697 5283 2794 5339 age
2822 5266 2937 5336 jam
2970 5280 3128 5336 aequo
3178 5263 3365 5319 animo
3402 5277 3490 5316 ve-

1922 5366 2247 5423 nerabilium
2298 5361 2599 5430 imaginum
2653 5356 3028 5412 defensionem
3082 5352 3492 5425 aggrediamur,

1920 5468 1981 5515 ut
2014 5460 2377 5515 obstruantur
2417 5467 2513 5508 ora
2558 5450 2900 5520 loquentium
2934 5446 3152 5517 iniqua.
3196 5444 3314 5502 Non
3346 5442 3495 5498 enim

1930 5551 2216 5611 inventum
2258 5554 2508 5603 nostrum
2544 5543 2677 5599 illud
2705 5548 2810 5608 est,
2845 5540 2939 5599 sed
2968 5540 3102 5611 legis
3131 5537 3313 5609 potius
3341 5534 3500 5593 lustio
