3904 6358
151 378 270 444 1385

1220 383 1318 443 DE
1358 385 1820 448 IMAGINIBUS
1853 377 2137 439 ORATIO
2167 378 2282 438 III.

3241 375 3377 436 1386

207 484 313 540 ’Τοῦ
341 482 547 540 αὐτοῦ.
573 500 591 534 ι
619 484 730 538 Καὶ
757 483 846 538 διά
871 483 1029 536 τοῦτο
1063 486 1318 556 Χριστὸν,
1345 489 1441 541 καὶ
1471 489 1543 542 τά
1566 490 1702 562 Χρι-

1883 484 2157 553 Ejusdem.
2199 499 2232 554 ι,
2255 481 2433 550 Atque
2487 493 2606 534 eam
2666 479 2738 534 ob
2789 492 3011 533 causam
3066 474 3376 543 Christum,

146 575 256 629 στοῦ
286 575 467 646 πάθη,
496 574 557 627 ὲν
599 574 941 645 ἐκκλησίαις,
977 576 1070 628 καί
1107 577 1297 641 οἴκοις,
1325 579 1421 631 καὶ
1455 579 1702 650 ἀγοραῖς.

143 668 224 720 καὶ
251 667 306 718 ἐν
328 665 521 728 εἰκόσι,
561 665 659 718 καὶ
679 665 737 717 ὲν
774 665 996 731 σινδόνι,
1032 669 1126 720 καὶ
1151 669 1209 719 ἐν
1239 669 1508 739 ταμείοις,
1534 671 1629 746 καί2
1648 671 1707 722 ὲν

143 758 382 825 ἱματίοις,
415 758 510 809 καὶ
544 757 604 809 ὲν
636 757 799 808 παντὶ
829 757 981 827 τόπῳ
1016 757 1239 810 ὲκτυπῶ
1273 758 1366 811 καὶ
1395 758 1706 829 διαγράφω,

143 850 219 901 ἵνα
246 847 507 914 διηνεκῶς
536 847 900 918 όρῶνταῦτα,
928 849 1465 926 ἀναμιμνήσκωμαι,
1505 849 1598 902 καὶ
1632 852 1710 919 μὴ

141 938 496 1008 ἐπιλάθωμαι,
550 938 744 1010 ῶσπερ
781 943 846 994 σὺ
893 939 1160 994 ἐπελάθου
1209 941 1414 1011 Κυρίου
1450 939 1546 993 τοῦ
1571 939 1709 994 Θεοῦ

142 1048 229 1084 σου
255 1029 357 1084 ἀεί.
395 1031 508 1084 Καὶ
534 1029 724 1104 ὥσπερ
749 1032 812 1084 σὺ
845 1031 1166 1100 προσκυνῶν
1188 1033 1248 1085 τὸ
1279 1031 1485 1102 βιϐλίον
1509 1032 1605 1085 τοῦ
1626 1032 1713 1085 νό-

145 1139 263 1191 μου,
292 1121 353 1174 οὐ
391 1120 492 1190 τὴν
521 1122 682 1189 φύσιν
727 1123 838 1176 τῶν
882 1123 1168 1194 δερμάτων
1217 1117 1320 1176 καὶ¹
1352 1122 1448 1177 τοῦ
1483 1122 1714 1198 μέλανος

1807 573 2126 642 Christique
2181 571 2492 640 passionem
2541 569 2595 638 in
2643 569 2917 630 ccclesiis,
2953 569 3008 622 in
3058 569 3290 635 aedibus,
3324 571 3378 623 in

1810 666 1970 730 foris,
2023 665 2088 742 in.
2129 662 2352 736 tabulis,
2403 663 2456 716 in
2499 662 2718 726 linteis,
2776 661 2830 714 in
2880 662 3164 720 cubilibus
3213 673 3272 717 et
3323 663 3380 715 in

1809 761 2083 824 vestibus,
2126 769 2291 826 atque
2335 759 2388 810 in
2436 756 2586 810 omni
2619 757 2742 822 loco
2767 757 3016 825 exprimo
3041 765 3095 812 et
3126 757 3380 826 designo,

1812 860 1869 904 ut
1924 865 2018 920 per
2077 849 2395 916 continuam
2463 847 2986 914 considerationem,
3061 847 3384 902 memoriam

1810 955 2000 995 eorum
2041 937 2422 1008 perfricamus,
2460 952 2560 990 nec
2595 953 2835 1006 unquam
2869 939 3282 1003 obliviscamur,
3327 948 3386 992 ut

1813 1039 1869 1082 tu
1911 1045 2126 1100 semper
2179 1031 2496 1103 oblitus‘cs
2561 1028 2927 1102 DominLDei
2975 1030 3075 1084 tui.
3127 1029 3386 1095 Quinimo

1813 1121 2003 1192 veluti,
2041 1136 2164 1175 cum
2193 1121 2458 1195 volumen,
2499 1121 2646 1189 legis
2691 1121 2924 1200 adoras,
2971 1135 3080 1174 non
3119 1122 3389 1176 membra-

143 1213 486 1283 προσκυνεῖς,
521 1211 658 1266 ἀλλὰ
683 1214 809 1276 τοὺς
843 1211 1034 1281 λόγους
1071 1213 1168 1266 τοῦ
1210 1213 1345 1267 Θεοῦ
1379 1215 1507 1276 τοὺς
1529 1217 1714 1282 ἐγκει-

144 1305 334 1378 μένους
363 1303 422 1355 ὲν
453 1301 622 1374 αύτῷ,
662 1303 836 1362 οὕτως
867 1304 1020 1372 κάγὼ
1044 1307 1110 1375 τῇ
1141 1305 1313 1359 εἰκόνι
1345 1304 1439 1359 τοῦ
1472 1305 1713 1377 Χριστοῦ

141 1391 458 1464 προσκυνῶ,
491 1394 552 1447 ού
587 1396 656 1464 τῇ
694 1393 854 1461 φύσει
880 1395 976 1448 τοῦ
1017 1394 1174 1460 ξύλου
1203 1397 1298 1450 καὶ
1332 1396 1442 1448 τῶν
1489 1381 1724 1469 χρωμάέ

141 1499 279 1536 τωνο
314 1483 390 1554 μὴ
421 1483 668 1554 γένοιτοί
715 1484 834 1539 ἀλλ’
882 1485 1076 1556 ἀψύχῳ
1125 1487 1432 1557 χαρακτῆρι
1481 1475 1717 1558 Χριστοῦ

141 1571 482 1644 προσκυνῶν,
512 1573 582 1627 δι’
622 1574 790 1628 αὐτοῦ
811 1615 826 1639 ,
871 1576 1033 1628 αὐτὸν
1066 1577 1300 1646 Χριστὸν
1325 1577 1467 1629 δοκῶ
1501 1573 1718 1648 κρατεῖν

141 1664 234 1717 καὶ
253 1667 600 1735 προσκυνεῖν.
624 1665 735 1720 Καὶ
761 1665 952 1738 ὥσπερ
993 1666 1188 1722 Ἰακὼϐ
1231 1667 1526 1738 δεξάμενος
1570 1667 1721 1739 παρὰ

138 1757 247 1811 τῶν
285 1757 532 1828 ἀδελφῶν
572 1757 668 1811 τοῦ
735 1757 933 1829 Ἰωσὴφ
962 1757 1055 1810 τὸν
1083 1757 1286 1828 χιτῶνα
1330 1757 1421 1811 τὸν
1473 1757 1717 1811 ποικίλον

1817 1229 2010 1266 narum
2041 1221 2094 1268 et
2135 1214 2428 1282 atramenti
2461 1223 2715 1278 naturam
2758 1212 2983 1276 adoras,
3012 1213 3106 1266 sed
3146 1213 3241 1266 Dei
3267 1228 3389 1268 ser-

1819 1323 2009 1362 mones
2062 1308 2156 1376 qui
2210 1307 2268 1368 in
2306 1323 2372 1374 eo
2428 1307 2620 1377 scripti
2672 1317 2838 1373 sunt;
2899 1307 3175 1363 consimili
3230 1306 3392 1360 modo

1816 1397 2024 1452 Christi
2083 1397 2377 1467 imaginem
2433 1396 2634 1462 adoro,
2685 1411 3030 1466 nequaquam
3084 1411 3212 1451 vero
3259 1396 3416 1464 ligni-

1819 1489 2140 1542 colorumve
2175 1496 2468 1556 naturam;
2507 1487 2685 1560 absit!
2721 1486 2824 1546 sed.
2852 1487 3154 1544 inanimam
3182 1486 3390 1543 Christi

1823 1575 2052 1646 ﬁguram
2087 1575 2346 1637 adorans,
2387 1589 2488 1648 per
2533 1589 2654 1642 eam
2695 1574 2832 1628 mihi
2861 1574 3074 1639 lvideor
3101 1574 3396 1644 ipsummet

1821 1666 2102 1721 Christum
2158 1664 2448 1733 complecti
2502 1675 2551 1730 et
2592 1664 2866 1732 adorare.___
2895 1664 3153 1730 At,sicut
3200 1663 3392 1726 Jacob.

1823 1772 1947 1808 cum
1981 1771 2012 1808 a
2045 1753 2267 1823 Josepbi
2311 1754 2577 1809 fratribus
2626 1755 2719 1823 qui
2774 1755 2955 1824 ipsum
3007 1754 3391 1818 vendiderant,

141 1847 478 1917 ᾑμαγμένον,
513 1849 605 1902 ὅτε
637 1849 954 1919 ἐπίπρασαν
976 1849 1068 1902 τὸν
1098 1833 1301 1920 Ἰωσὴφ
1323 1887 1338 1911 ,
1385 1840 1716 1916 κατεφίλησε

1829 1849 2026 1901 variam
2063 1845 2308 1914 ejusdem
2342 1846 2589 1900 tunicmn
2624 1845 2893 1917 sanguine
2924 1854 3209 1900 cruentam
3243 1860 3396 1900 rece-

141 1933 355 1999 πάντως
399 1939 490 1990 τὸν
531 1935 737 2008 χιτῶνα
767 1939 905 2010 μετά
936 1938 1210 2010 δακρύων,
1255 1938 1348 1992 καὶ
1376 1939 1487 2001 τοῖς
1517 1937 1718 2007 ὀφθαλ-

139 2025 259 2092 μοῖς
286 2027 398 2088 τοῖς
427 2025 576 2088 ἰδίοις
602 2025 792 2080 τοῦτον
815 2027 1032 2097 ἔθηκεν,
1061 2029 1121 2080 ού
1143 2027 1204 2080 τὸ
1237 2027 1452 2098 ἰμάτιον
1480 2025 1720 2105 θρηνῶν,

1822 1939 2011 2009 pisset,
2041 1937 2184 1991 hanc
2217 1953 2342 1990 cum
2387 1937 2647 2008 lacrymis
2677 1937 3048 2003 deosculatus,
3081 1935 3397 1990 oculissuis
3429 1977 3436 1998 λ

1821 2031 2116 2100 apposuit;
2174 2044 2284 2082 non
2339 2011 2498 2098 quasi
2549 2028 2792 2082 tunicam
2849 2027 2941 2082 ille
2995 2026 3241 2090 deﬁeret,
3301 2024 3402 2082 sed

135 2113 276 2168 ἀλλά
306 2115 374 2168 δι’
400 2117 570 2169 αὐτοῦ
613 2117 704 2170 τὸν
755 2117 954 2188 Ἰωσὴφ
983 2118 1222 2188 νομίζων
1253 2117 1596 2186 καταφιλεῖν,
1627 2117 1720 2170 καὶ

1829 2123 1966 2190 quod
1996 2137 2090 2190 per
2119 2137 2239 2175 eam
2270 2118 2572 2190 Josephum
2609 2120 2784 2188 ipsum
2829 2119 3099 2183 osculari,
3131 2128 3188 2174 et
3223 2118 3404 2172 mani-

133 2207 196 2259 ὲν
223 2207 414 2276 χερσὶν
443 2205 605 2259 αὑτὸν
627 2208 902 2277 κατέχεινο
924 2208 1068 2262 οὕτω
1096 2211 1188 2261 καί
1221 2207 1562 2278 Χριστιανῶν
1591 2210 1720 2259 παῖ-

132 2297 226 2358 δες
289 2296 478 2349 εἰκόνα
505 2296 770 2366 Χριστοῦ,
796 2297 829 2367 ἢ
853 2299 1174 2363 ἀποστόλου,
1198 2298 1230 2368 ἢ
1261 2298 1536 2368 μάρτυρος
1590 2314 1723 2351 κατ’

130 2385 512 2476 ασπαζόμενν
531 2389 597 2459 τῇ
629 2389 889 2476 mpm
906 2388 1054 2460 ψυχῇ
1074 2389 1370 2460 νομίζομεν
1393 2388 1558 2442 αὑτὸν
1584 2389 1725 2441 ἐκεί-

130 2491 225 2530 νον
264 2476 358 2528 τὸν
433 2476 897 2550 ΧρισΜ
939 2479 1196 2550 μάρτυρα
1263 2478 1428 2532 αὑτοῦ
1483 2477 1726 2542 ἀσπάζε-

130 2564 363 2622 σθαι....
380 2566 470 2630 Ὠς
490 2559 914 2636 70W;
935 2565 1112 2634 εἶπον,
1134 2570 1162 2622 ὁ
1189 2559 1391 2633 σκοπὸς
1413 2569 1725 2634 ἐξετάζεται

127 2655 227 2711 ἐπὶ
254 2657 460 2720 παντὸς
479 2655 798 2730 ἀσπασμόὖῖ
813 2661 910 2713 καὶ
935 2660 1029 2712 ἐπὶ
1058 2659 1242 2730 πάσης
1273 2659 1724 2729 προσκυνήσεως.

125 2749 196 2803 Εἰ
221 2748 287 2802 δὲ
325 2748 450 2818 ἐμοὶ
491 2749 766 2817 ἐγκαλεῖς,
814 2751 1010 2820 λέγων,
1043 2752 1125 2828 ὅτι
1156 2752 1452 2825 προσκυνῶ
1477 2752 1556 2823 τῷ
1587 2750 1729 2822 ξύλῳ

124 2840 228 2894 τοῦ
267 2837 530 2910 σταυροῦ,
565 2839 654 2894 διὰ
685 2841 739 2892 τί
783 2842 884 2895 οὐκ
906 2843 1155 2910 ἐγκαλεῖς
1195 2843 1271 2913 τῷ
1313 2841 1531 2907 Ἰακὼϐ,
1568 2861 1730 2914 προσ-

125 2933 439 3004 κυνήσαντι
489 2934 582 2984 ἐπὶ
637 2931 699 2984 τὸ
735 2932 906 3004 ἄκρον
955 2935 1056 3002 τῆς
1107 2933 1306 3004 ῥάϐδου
1352 2933 1447 2988 τοῦ
1488 2934 1727 3004 Ἰωσήφ;

140 3021 320 3078 Ἀλλὰ
352 3019 638 3092 πρόδηλον,
671 3023 752 3076 ὅτι
791 3023 854 3076 ού
891 3021 954 3076 τὸ
983 3023 1138 3088 ξύλον
1174 3023 1350 3094 τιμῶν
1383 3024 1729 3096 προσεκύνη-

125 3131 256 3182 σεν,
292 3112 434 3168 ἀλλά
466 3110 554 3166 διὰ
586 3113 680 3166 τοῦ
734 3113 892 3180 ξύλου
925 3114 1002 3185 τῷ
1061 3114 1261 3186 Ἰωσὴφ
1293 3114 1726 3186 προσεκύνησεν,

123 3209 341 3277 ὥσπερ
380 3205 472 3261 καὶ
506 3210 670 3277 ἡμεῖς
699 3207 786 3260 διὰ
809 3206 904 3260 τοῦ
939 3207 1175 3279 σταυροῦ
1203 3207 1282 3278 τῷ
1307 3206 1551 3278 Χριστῷ.
1571 3208 1730 3261 Ἐπεὶ

122 3298 228 3352 καὶ
271 3296 530 3367 Ἀϐραὰμ
553 3297 664 3356 τοῖς
703 3295 1019 3366 πωλήσασιν
1049 3295 1199 3366 αὑτῷ
1219 3297 1310 3350 τὸν
1333 3296 1505 3364 τάφον
1528 3293 1730 3366 ἀνδρά-

121 3405 218 3444 σιν
245 3387 482 3443 ἁσεϐἐσι
508 3389 911 3459 προσεκύνησε,
951 3377 1054 3442 καὶ
1075 3387 1206 3455 γόνυ
1234 3387 1480 3456 ἔκαμψεν
1513 3387 1606 3439 ἐπὶ
1631 3391 1731 3455 τὴν
1767 3445 1770 3450 _

120 3481 265 3551 γῆν,
321 3479 442 3532 ἀλλ’
468 3480 566 3549 ούχ
599 3480 674 3543 ὡς
717 3480 873 3542 θεοὺς
926 3479 1124 3540 αὐτοὺς
1171 3477 1574 3548 προσεκύνησε.
1623 3479 1734 3530 Καὶ

119 3570 329 3636 πάλιν,
377 3571 406 3622 ὁ
461 3568 655 3622 Ἰακὼϐ
696 3569 789 3621 τὸν
835 3559 1033 3637 Φαραὼ
1061 3551 1402 3636 ηὐλόγησεν,
1432 3566 1606 3636 ἀσεϐῆ
1639 3553 1744 3620 καί

119 3659 544 3730 εἰδωλολάτρην
583 3659 730 3725 ὄντα,
768 3660 862 3711 καὶ
884 3658 976 3711 τὸν
1021 3657 1192 3710 Ἡσαῦ
1223 3657 1472 3722 ἑπτάκις,
1498 3657 1614 3711 ἀλλ’
1637 3657 1735 3727 οὐχ

109 3755 196 3819 ὡς
221 3753 404 3807 Θεόν.
441 3751 765 3818 Ἰδὲοπόσους
793 3751 1122 3824 ἀσπασμοὺς
1150 3749 1246 3804 καὶ
1289 3750 1463 3813 πόσας
1493 3766 1733 3820 προσκυ-

103 3847 320 3918 νήσεις
377 3842 634 3907 ἀπέδειξά
688 3859 792 3900 σοι.
826 3842 1124 3913 γραφικάς-
1149 3839 1628 3909 τεσκαίφυσικᾲς,
1658 3840 1734 3910 μὴ

29 3937 380 4010 ’ῖςηὲχούσας
415 3934 788 4004 κατάγνωσιν;
831 3934 933 4004 ἐμὲ
956 3933 1012 3986 δὲ
1045 3923 1190 3986 ὲπὰν
1219 3933 1334 4003 ἴδῃς
1374 3933 1562 3984 εἰκόνα
1599 3932 1736 4001 Χρι-

109 4027 284 4090 στοῦ,
318 4025 360 4096 ἢ
396 4026 500 4094 τῆς
533 4023 811 4092 πανάγνου
840 4021 1006 4077 αὑτοῦ
1035 4021 1278 4092 Μητρὸς,
1309 4021 1344 4092 ἢ
1372 4021 1528 4090 ἁγίου
1563 4037 1736 4092 προσ-

103 4117 445 4180 κυνοῦντα,
479 4116 809 4184 ἀγανακτεῖς
851 4113 1076 4180 εὐθέως,
1109 4115 1204 4166 καὶ
1244 4112 1608 4184 βλασφημεῖς,
1644 4113 1737 4167 καὶ

104 4193 462 4279 ἀποπηδᾷς,
490 4207 586 4260 καὶ
619 4205 1016 4277 εἰδωλολάτρην
1062 4221 1130 4275 με
1159 4205 1476 4270 ἀποκαλεῖς,
1499 4204 1595 4259 καὶ
1639 4205 1738 4258 οὐκ

99 4291 376 4374 αἰσχύνῃ
444 4299 541 4354 καὶ
577 4299 842 4371 φρίττεις,
887 4299 986 4353 καὶ
1027 4297 1310 4370 ἐρυθριᾷς,
1334 4297 1478 4369 όρῶν
1508 4315 1576 4368 με
1613 4297 1738 4352 καθ’

104 4379 390 4460 ἑκάστην
418 4386 636 4458 ἡμέραν
657 4388 713 4440 ὲν
734 4387 884 4460 πάσῃ
907 4389 972 4458 τῇ
995 4387 1292 4458 οἰκουμένῃ
1315 4387 1477 4450 ναοὺς
1506 4385 1740 4440 εἰδώλων

556 2389 597 2459 γῇ
629 2403 732 2459 σαρ

556 2389 897 2618 rw

867 2587 898 2618 ιι

1823 2213 1925 2266 bus
1953 2210 2247 2280 complecti
2280 2210 2384 2266 sibi
2427 2209 2706 2263 videretur
2737 2210 2833 2286 "p:
2870 2210 2953 2266 sic
2999 2219 3056 2265 et
3103 2225 3204 2266 nos
3234 2208 3400 2263 Chri-

1824 2303 1990 2359 stiani
2031 2285 2324 2370 imaginem
2366 2301 2600 2370 apostoli
2644 2301 2976 2371 martyrisve
3011 2302 3220 2358 carnali
3249 2317 3402 2357 more

1824 2394 2284 2462 complectentes,
2306 2391 2492 2446 animo
2515 2399 2834 2460 reputamus
2865 2409 2986 2456 nos,
3008 2392 3091 2447 vel
3119 2391 3402 2448 Christum

1825 2485 2042 2553 ipsum,
2091 2483 2177 2537 vel
2232 2491 2522 2552 martyrem
2571 2482 2694 2551 ejus
2745 2481 3135 2550 amplexari....
3200 2482 3406 2548 Quam-

1825 2577 2037 2638 obrem,
2061 2583 2119 2628 ut
2150 2573 2350 2642 saepius
2386 2572 2520 2637 dixi,
2559 2572 2610 2626 in
2640 2573 2788 2626 omni
2823 2573 3152 2639 salutatione
3173 2574 3254 2628 vel
3281 2573 3408 2630 ado-

1829 2663 2040 2718 ratione
2069 2662 2400 2734 disquiritur
2436 2663 2687 2718 intentio.
2717 2662 2874 2728 Quod
2907 2663 2952 2718 si
2981 2664 3114 2734 mihi
3146 2663 3406 2718 crimina—
3445 2721 3450 2724 _

1829 2757 1927 2821 ris,
1956 2757 2114 2826 quasi
2147 2755 2335 2810 crucis
2369 2755 2595 2825 lignum,
2623 2771 2720 2810 ceu
2753 2755 2920 2808 Deum
2953 2754 3211 2822 adorem;
3235 2770 3407 2824 quare

1830 2863 1942 2903 non
1981 2848 2109 2902 item
2141 2845 2314 2902 Jacob
2337 2862 2588 2911 accusas,
2619 2847 2714 2916 qui
2749 2847 2911 2918 virgae
2929 2845 3152 2919 Josephi
3179 2845 3407 2909 summi-
3439 2901 3444 2907 ,

1831 2947 1997 2994 tatem
2023 2938 2274 2992 adoravit
2297 2937 2379 2991 ⁵⁸2
2399 2936 2467 2990 At
2497 2936 2851 2991 manifestum
2881 2945 2964 2992 est
2992 2952 3115 2992 eum
3137 2951 3248 2992 non
3274 2937 3404 3008 ligni

1831 3030 2137 3087 honorandi
2172 3044 2340 3084 causa
2363 3009 3112 3104 adorationemexhibuisse
3133 3068 3149 3093 ,
3180 3027 3278 3081 sed
3305 3042 3406 3098 po-

1831 3125 1942 3180 tius
1966 3138 2064 3193 per
2094 3122 2366 3176 honorem
2404 3120 2552 3190 ligno
2598 3121 2926 3189 praestitum,
2963 3119 3228 3190 adorasse
3255 3116 3409 3184 lose-

1833 3216 2023 3285 phum,
2077 3203 2240 3284 375
2276 3211 2420 3266 sicut
2466 3211 2523 3264 in
2559 3224 2725 3264 cruce
2754 3208 3038 3265 Christum
3088 3209 3406 3270 adoramus.
3465 3251 3470 3266 ς

1832 3305 2039 3361 Eodem
2079 3307 2242 3374 plane
2271 3301 2438 3372 modo
2463 3316 2576 3368 quo
2609 3300 2888 3354 Abraham
2931 3299 3180 3355 homines
3212 3300 3410 3370 impios

1834 3415 1862 3449 a
1895 3396 2094 3466 quibus
2121 3393 2437 3462 sepulcrum
2467 3391 2834 3454 mercabatur,
2861 3389 3095 3460 genibus
3120 3390 3174 3444 in
3202 3397 3409 3445 terram

1834 3483 2094 3540 demissis
2127 3483 2404 3546 adoravit,
2442 3495 2790 3551 nequaquam
2835 3488 3019 3534 tamen
3070 3481 3150 3536 uti
3183 3481 3315 3536 deos
3341 3481 3408 3536 ”.

1835 3573 1915 3627 Ad
1943 3574 2078 3638 haec,
2121 3571 2292 3626 Jacoh
2334 3569 2642 3633 Pharaoni,
2668 3567 2838 3648 impio
2871 3568 2996 3642 licet
3024 3567 3440 3638 idolorumque.

1835 3664 2058 3728 cultori,
2087 3662 2372 3718 benedixit
2397 3662 2461 3728 ⁸ο,
2488 3671 2650 3730 atque
2679 3662 2883 3729 septies
2912 3661 3056 3716 Esau
3085 3661 3154 3727 “,
3177 3659 3274 3716 sed
3302 3675 3410 3714 non

1839 3757 1916 3812 uti
1961 3756 2154 3820 Deum,
2189 3735 2459 3810 adoravit.
2492 3750 2651 3816 Vide,
2695 3760 2831 3822 quot
2875 3752 2975 3806 tibi
3024 3753 3524 3826 salutationesrva

1837 3858 2079 3920 quotque
2117 3846 2494 3910 adorationes,
2529 3854 2642 3922 tum
2682 3846 2736 3922 in
2778 3842 3083 3920 Scriptuer
3107 3843 3412 3918 “probatas.

1839 3919 1952 3995 tum
1990 3939 2296 4002 naturales,
2331 3936 2467 3990 nulli
2513 3919 2746 4006 prorsus
2792 3919 3206 4004 reprehensioni
3237 3935 3415 3990 obno-

1837 4032 1957 4088 xias
1984 4013 2329 4102 protulerint.
2361 4025 2444 4081 Tu
2485 4041 2639 4091 vero,
2673 4041 2798 4079 cum
2831 4025 3060 4089 Christi,
3097 4033 3193 4080 aut
3216 4025 3415 4080 castis—

1839 4124 1993 4180 sima:
2025 4121 2216 4176 Matris
2244 4120 2416 4184 illius,
2459 4128 2553 4172 aut
2590 4119 2771 4174 sancti
2802 4117 3092 4186 cujusdam
3121 4117 3413 4186 imaginem

1838 4231 1942 4270 nos
1967 4213 2122 4269 vides
2150 4211 2403 4275 adorare,
2440 4209 2734 4264 confestim
2791 4207 3246 4278 indignabundus
3277 4207 3332 4262 id
3355 4209 3411 4262 in
3491 4275 3496 4278 _

1840 4309 2049 4364 crimen
2082 4305 2252 4360 vertis
2274 4345 2289 4371 ,
2317 4300 2664 4372 aufugisque,
2693 4306 2749 4354 et
2795 4314 2882 4354 me
2917 4291 3260 4352 idololatram
3313 4310 3415 4350 no-

1841 4397 2041 4452 minas.
2075 4392 2196 4448 Non
2222 4401 2275 4448 te
2306 4390 2509 4462 pudet?
2544 4405 2655 4444 non
2699 4386 3112 4460 perhorrescis?
3157 4398 3268 4439 non
3318 4399 3416 4438 ru-

99 4482 517 4546 καταλύοντα,
545 4479 644 4534 καὶ
667 4480 828 4542 ναοὺς
856 4480 1148 4551 μαρτύρων
1169 4479 1553 4549 ἀνεγείροντα;
1585 4463 1720 4558 Είτέ

1843 4488 1976 4543 bore
2008 4483 2362 4547 suffunderis,
2392 4481 2610 4554 Quando
2643 4495 2730 4558 me
2766 4479 2916 4534 vides
2945 4477 3000 4531 in
3035 4476 3294 4532 universo
3323 4490 3418 4530 or-

98 4575 336 4631 εῑδωλα
368 4569 774 4643 προσεκύνουν,
805 4569 948 4624 διατι
979 4571 1106 4632 τοὺς
1129 4569 1415 4640 μάρτυρας
1437 4568 1587 4639 τιμῶ
1612 4570 1742 4632 τοὺς

97 4662 578 4724 καταλύσαντας
605 4659 676 4714 τὰ
701 4658 930 4724 εἴδωλα;
962 4659 1012 4711 εἰ
1041 4657 1100 4711 δὲ
1128 4656 1196 4711 τά
1225 4656 1378 4723 ξύλα,
1411 4656 1488 4720 ὼς
1511 4657 1636 4727 φὴς,
1661 4657 1748 4710 60-

95 4757 304 4826 ξάζω,
340 4754 478 4817 πῶς
503 4751 650 4824 τιμῶ
675 4752 803 4814 τοὺς
827 4751 1038 4822 ἁγίους,
1068 4752 1195 4815 τοὺς
1241 4751 1312 4804 τὰ
1355 4748 1542 4815 ξύλινα
1579 4749 1745 4816 ξόανα

90 4848 227 4904 τῶν
252 4841 565 4915 δαιμόνων
593 4842 1082 4906 κατακαύσαντας;
1111 4841 1174 4894 Εἰ
1203 4839 1266 4918 δὲ
1291 4841 1388 4894 καὶ
1405 4841 1534 4903 τοὺς
1565 4839 1747 4902 λίθους

86 4937 378 5004 δοξάζω,
422 4931 544 4993 πῶς
563 4930 772 4998 δοξάζω
795 4933 923 4995 τοὺς
944 4931 1294 4994 ἀποστόλους,
1331 4933 1455 4994 τοὺς
1480 4933 1549 4984 τὰ
1570 4930 1748 4984 λίθινα

85 5028 332 5083 εἴδωλα
364 5023 864 5087 κατακλάσανταςς
892 5023 953 5075 Εἰ
973 5023 1070 5085 τὰς
1100 5022 1317 5085 εἰκόνας
1339 5022 1446 5075 τῶν
1469 5022 1749 5092 ψευδωνύ-

90 5138 239 5192 μων
269 5115 447 5170 Θεῶν
479 5113 642 5176 σέϐω,
685 5113 804 5178 πῶς
832 5113 1040 5181 δοξάζω
1061 5153 1076 5177 ,
1103 5115 1196 5168 καὶ
1230 5114 1456 5177 ἐπαινῶ,
1509 5115 1604 5168 καὶ
1630 5115 1746 5182 ἑορο

84 5213 212 5276 τὰς
281 5205 554 5262 ὲπιτελῶ
598 5205 708 5258 τῶν
757 5205 981 5268 παιδῶν,
1021 5205 1130 5258 τῶν
1161 5205 1219 5258 ὲν
1251 5203 1527 5259 Βαϐυλῶνι
1579 5205 1747 5280 ἀϐλη-

85 5305 388 5366 σάντων,
421 5299 522 5352 καὶ
546 5300 611 5368 τῇ
641 5298 811 5351 εἰκόνι
839 5299 906 5368 τῇ
927 5297 1102 5368 χρυσῇ
1125 5296 1200 5368 μὴ
1227 5283 1743 5368 προσκυνησάντων,

81 5398 168 5470 τῇ
211 5392 557 5460 εἰδωλικῇ;
591 5388 734 5442 Ἀλλ’
767 5388 935 5451 ϐντως
981 5386 1151 5456 πολλὴ
1188 5387 1298 5440 τῶν
1319 5388 1535 5457 ἀνόμων
1567 5392 1598 5457 ἡ
1622 5387 1744 5468 πῶ-

0 5533 44 5550 ..
83 5506 332 5565 ρῳσις,
373 5482 564 5554 πολλὴ
584 5481 878 5553 τύφλωσις.
911 5477 984 5533 Ὦ
1027 5481 1274 5547 Ἰουδαῖε,
1318 5481 1488 5553 πολλὴ
1515 5486 1548 5549 ἡ
1589 5480 1745 5535 ἀναί-

233 5667 293 5702 στ
334 5662 506 5718 Gen.
543 5673 758 5727 xxxvn,
800 5656 871 5710 32
903 5633 1060 5727 seqq.

75 5741 133 5773 ei
168 5737 349 5796 Gen,
387 5745 601 5794 xum,
635 5730 688 5783 5.
763 5729 808 5759 υ
829 5726 1080 5792 Datum,
1114 5726 1139 5780 1
1170 5742 1325 5796 seqq.

495 5824 765 5880 ΡΑτιιοι..
797 5822 916 5879 Ca.
961 5820 1156 5879 XCIV.

1155 5656 1201 5688 ⁸⁸
1237 5655 1375 5712 Cen.
1434 5671 1624 5724 XLVIII,
1670 5653 1767 5720 l5;
1812 5651 1976 5708 llebr.
2019 5666 2094 5716 ιι,
2141 5650 2232 5706 21.

1841 4581 1911 4636 be
1983 4577 2253 4633 idolorum
2321 4575 2548 4629 delubra
2608 4572 3041 4638 demolientem,
3107 4571 3421 4642 templaque
3505 4635 3508 4638 ἢ

1843 4672 2150 4736 martyrum
2213 4663 2409 4716 honori
2472 4657 2890 4738 exstruentem?
2954 4658 3102 4728 quod
3161 4659 3208 4713 si
3269 4657 3420 4713 idola

1843 4754 2033 4816 adoro,
2064 4749 2195 4822 quid
2225 4760 2310 4806 est
2354 4766 2454 4806 cur
2497 4756 2769 4820 martyres
2804 4747 3077 4801 idolorum
3128 4759 3421 4801 eversores

1845 4842 2150 4898 honorem?
2177 4839 2323 4910 quod
2376 4839 2424 4895 si
2451 4838 2637 4909 lignis,
2676 4839 2756 4892 uti
2789 4835 2939 4908 loqui
2979 4851 3154 4903 amas,
3187 4837 3422 4907 gloriam

1847 4930 2033 4986 defero
2061 4946 2075 4996 ;
2107 4929 2201 5000 qui
2231 4929 2312 4993 ﬁt,
2358 4937 2416 4983 ut
2447 4928 2654 4982 honore
2687 4926 2940 4982 homines
2973 4936 3198 4982 sanctos
3225 4940 3421 4997 prose-

1845 5038 2006 5092 quar,
2029 5021 2123 5092 qui
2149 5021 2355 5090 ligneas
2380 5020 2689 5074 daemonum
2720 5031 2932 5074 Statuas
2959 5015 3424 5073 combusserunt?

1849 5115 1955 5170 Sed
2001 5114 2046 5168 si
2087 5113 2297 5183 lapides
2345 5113 2594 5179 celebro;
2641 5127 2742 5166 cur
2785 5109 3068 5181 apostdlos
3123 5111 3296 5181 ipsos,
3325 5109 3422 5180 qui

1847 5203 2062 5274 lapidea
2117 5203 2410 5280 simulacra
2466 5203 2952 5267 comminuerunt,
3013 5201 3368 5262 celebravere
3399 5203 3438 5264 2,

1849 5295 1995 5366 quod
2018 5295 2062 5350 si
2090 5294 2308 5372 tandem
2332 5294 2597 5349 falsorum
2619 5293 2847 5348 deorum
2869 5307 3103 5350 veneror
3120 5293 3423 5365 imagines;

1852 5402 2021 5456 quare
2055 5386 2224 5456 igitur
2284 5389 2446 5443 trium
2521 5399 2822 5454 puerorum
2848 5384 2914 5448 “,
2935 5375 3086 5460 quia,
3105 5400 3175 5438 ne
3202 5398 3422 5438 auream

1854 5479 1986 5534 idoli
2016 5479 2307 5550 imaginem
2337 5475 2654 5541 adorarent,
2673 5473 2948 5547 Babylone
2975 5475 3422 5541 decertaverunt,

2331 5652 2376 5685 "
2409 5650 2548 5708 Gen.
2583 5666 2739 5714 χχιιι,
2771 5651 2821 5705 7.
2923 5650 2968 5682 ‘°
2995 5649 3134 5708 Cen.
3175 5665 3342 5716 vau,
3368 5649 3430 5703 9.

3647 3697 3768 3738 1⁸⁸,

3742 3737 3860 3756 (.-'

3538 3769 3722 3826 (titul...

3635 3835 3722 3866 ..γα
3751 3835 3866 3866 «1η
