3904 6358
468 295 602 360 i387
1638 296 1697 356 S.
1738 298 2020 362 JOANNI‘

2130 302 2529 365 )AMASCENI
3622 307 3793 373 1388

460 410 691 481 gloriam
756 409 1054 478 laudesque
1114 407 1376 478 praedii-.0,
1448 406 1759 482 horumque
1824 413 2020 467 nomini

2146 415 2265 470 δειά
2305 434 2400 468 σου
2435 418 2530 470 καὶ
2555 418 2587 487 ἡ
2616 416 2874 472 ἀσέϐεια·
2916 417 3136 490 ἀληθῶς
3186 418 3457 474 ἀδικεῖται
3506 419 3639 474 ὑπὸ
3676 438 3787 474 σου

460 506 579 559 dies
629 504 798 559 festos
841 503 986 573 ago?
1019 500 1220 556 Verum
1271 502 1440 556 nimia
1489 503 1650 573 plane
1676 504 2020 562 scelestorun‘

2137 507 2171 576 ἡ
2205 506 2451 577 ἀλήθεια.
2476 526 2494 558 ι
2530 508 2780 574 Ἀνάστα,
2814 508 2842 560 ὁ
2864 507 3015 573 Θεὸς,
3048 507 3269 560 δίκασον
3293 508 3391 579 τὴν
3412 508 3588 580 δίκην
3623 524 3739 561 σου
3764 525 3781 542 ο

460 595 767 649 obcaecatio
808 603 914 656 est,
968 594 1135 647 nimia
1188 593 1428 649 caecitas.
1479 593 1677 666 Magna
1717 612 1969 666 prorsus,
2007 613 2020 651 ι

2137 598 2322 665 κρῖνον
2353 599 2449 651 καὶ
2480 598 2699 652 δίκασον
2748 601 2880 670 ἡμῖν
2908 599 2968 664 ὲξ
3022 599 3207 662 ἔθνους
3255 600 3355 670 οὐχ
3405 601 3605 665 ὁσίου,
3642 596 3779 653 ἀλλ’

456 685 666 748 Judaee,
698 687 1038 756 impudentia
1072 696 1188 739 tua.
1222 683 1473 741 Profecto
1490 687 1589 743 abs
1621 697 1674 744 te
1696 690 1900 744 veritas
1930 689 2020 743 ini-

2138 688 2357 742 ἀνοσίου
2383 691 2475 743 καί
2506 690 2810 762 ἀλλοτρίου,
2836 691 2933 745 καὶ
2966 689 3365 762 παροξύνοντός
3394 707 3455 743 σε
3483 690 3586 744 διὰ
3616 708 3779 744 παν·

454 793 561 844 que
591 779 881 847 premitur.
904 797 921 829 ε
944 778 1213 848 Exsurge,
1233 776 1401 840 Deus,
1420 778 1608 847 judica
1624 794 1848 836 causam
1869 790 2038 835 tuam.
2140 779 2253 843 τός.
2293 797 2314 832 ι

454 869 667 933 iudica,
700 880 755 926 et
784 871 1041 929 discerne
1081 887 1306 929 causam
1340 880 1586 927 nostram
1621 873 1687 928 de
1722 881 1885 943 gente
1913 887 2025 928 non
2063 880 2277 939 sancta,
2318 874 2388 929 ab
2417 873 2607 945 iniqua
2637 882 2692 930 et
2724 875 2931 938 aliena,
2960 888 3083 946 qua:
3138 881 3193 930 te
3258 871 3327 929 ad
3389 874 3769 930 iracundiam

456 970 738 1030 provocat.
776 980 794 1012 ι

529 1052 805 1123 Ejusdem.
840 1072 862 1105 ι
896 1052 954 1108 Si
981 1069 1137 1124 ergo.
1168 1062 1227 1109 ut
1254 1069 1401 1125 saepe
1438 1053 1575 1118 dixi,
1626 1053 1835 1125 lignum
1888 1054 2030 1124 lapi-

450 1141 689 1212 demque
714 1142 1027 1207 adorarem,
1066 1143 1235 1213 lapidi
1263 1144 1453 1213 utique
1478 1152 1533 1197 et
1564 1143 1715 1214 ligno
1748 1142 1989 1199 dicerem
2015 1162 2028 1199 :

454 1230 532 1284 Τιι
564 1248 644 1285 me
672 1232 903 1302 genuisti
937 1234 1004 1287 ⁸³.
1048 1231 1147 1288 Sin
1180 1242 1362 1289 autem
1404 1242 1727 1289 sanctorum
1759 1235 2031 1307 imagines

451 1326 642 1390 adoro,
676 1326 786 1380 imo
819 1340 947 1382 vero
995 1326 1043 1381 si
1087 1333 1313 1382 sanctos
1369 1326 1543 1397 ipsos,
1599 1334 2031 1399 sanctorumque

446 1416 752 1471 certamina
795 1432 1025 1473 veneror
1071 1426 1126 1472 ct
1158 1417 1307 1481 colo,
1356 1419 1637 1489 quomodo
1692 1429 1770 1485 tu,
1813 1421 2028 1486 insane,

451 1509 565 1563 haec
594 1509 738 1564 idola
772 1512 978 1565 vocas?
1004 1510 1155 1565 ldola
1181 1511 1387 1580 quippe
1408 1512 1805 1569 similitudines
1825 1512 2033 1568 fuerint

446 1616 660 1666 eorum,
687 1601 782 1671 qui
819 1600 1077 1667 adulteri,
1124 1601 1437 1668 homicidae,
1482 1602 1720 1657 ﬁliorqu
1762 1610 2032 1658 mactato-

448 1707 559 1756 res.
591 1702 646 1748 et
671 1693 973 1748 effeminati
1005 1694 1266 1749 homines
1300 1694 1665 1762 exstiterunt,
1702 1711 1805 1750 non
1846 1704 2032 1751 autem
2082 1762 2091 1767 ~

2206 1051 2318 1107 Τοῦ
2344 1051 2555 1107 αὐτοῦ.
2596 1069 2616 1104 ι
2663 1052 2727 1105 El
2759 1051 2859 1122 μὲν
2888 1043 2981 1121 οῦν
3014 1048 3092 1113 ὡς
3130 1048 3399 1111 πολλάκις
3450 1045 3647 1115 εἷπον,
3679 1050 3765 1121 τῷ

2133 1141 2277 1213 ξύλῳ
2310 1141 2404 1196 καὶ
2456 1141 2536 1211 τῷ
2590 1140 2748 1211 λίθῳ,
2772 1141 2849 1204 ὡς
2900 1138 3022 1210 Θεῷ
3076 1138 3490 1210 προσεκύνουν,
3529 1137 3759 1195 εἷπαᾶν
3802 1200 3807 1213 ,

2130 1234 2288 1303 κάγὼ
2313 1234 2393 1304 τῷ
2439 1233 2583 1304 ξύλῳ
2614 1234 2711 1287 καὶ
2753 1232 2913 1304 λίθῳ·
2952 1233 3036 1285 Σύ
3086 1248 3163 1301 με
3198 1230 3569 1300 ἐγέννησας.
3601 1234 3670 1287 Εἰ
3697 1234 3757 1285 δὲ

2128 1326 2227 1391 τὰς
2266 1326 2485 1390 εἰκόνας
2512 1326 2622 1379 τῶν
2665 1326 2839 1395 ἁγίων
2882 1323 3199 1395 προσκυνῶ,
3224 1325 3350 1386 τοὺς
3377 1324 3580 1392 ἁγίους
3612 1326 3755 1395 μᾶ).-

2128 1418 2243 1484 λον,
2271 1418 2369 1474 καὶ
2400 1418 2695 1490 προσκυνῶ
2726 1418 2825 1482 τὰς
2856 1417 2966 1472 τῶν
3018 1418 3189 1485 ἁγίων
3239 1416 3546 1488 μαρτύρων
3576 1418 3755 1488 ἀθλή-

2130 1525 2247 1572 σεις
2281 1509 2378 1563 καὶ
2402 1510 2572 1580 τιμῶ,
2606 1509 2723 1573 πῶς
2744 1508 2924 1579 λέγεις
2963 1509 3163 1564 εἴδωλα
3195 1508 3369 1563 ταῦτα
3388 1550 3404 1575 ,
3425 1504 3474 1562 ὦ
3507 1510 3752 1581 ἁνόητες

2129 1599 2212 1653 Τὰ
2240 1598 2351 1669 γὰρ
2387 1598 2606 1665 εἴδωλα,
2639 1598 2750 1652 τῶν
2795 1598 3167 1670 ψευδωνύμων
3192 1640 3208 1667 ,
3231 1599 3339 1652 τῶν
3370 1600 3620 1671 μοιχῶν,
3654 1600 3753 1652 καὶ

2129 1690 2444 1761 φονευτῶν,
2499 1693 2599 1746 καὶ
2650 1691 3028 1758 τεκνοθυτῶν,
3061 1693 3158 1745 καὶ
3212 1692 3479 1763 μαλακῶν
3540 1692 3753 1763 όμοιὼ-

449 1785 841 1855 propltctarum
879 1796 930 1841 et
969 1789 1376 1856 apostolorum.
1412 1788 1594 1858 Atque
1638 1796 1701 1842 ut
1742 1804 1810 1843 ex
1848 1789 2020 1859 aliqua

2134 1783 2284 1853 ματὰ
2312 1785 2440 1851 εἰσι,
2473 1784 2567 1837 καὶ
2613 1784 2675 1837 ού
2724 1784 3045 1855 προφητῶν,
3081 1784 3205 1838 οὐδὲ
3234 1784 3589 1839 ἀποστόλων.
3636 1787 3753 1838 Καὶ

444 1852 622 1947 parte,
662 1872 830 1933 brevi
891 1852 1319 1948 certissimoque
1389 1879 1645 1949 exemplo
1699 1879 2020 1950 intelligas,

2134 1852 2223 1930 ίνα
2258 1875 2323 1928 ὲκ
2365 1874 2569 1947 μέρους
2589 1852 2931 1947 παραστήσω
2968 1876 3235 1947 σύντομον
3263 1876 3362 1930 καὶ
3400 1877 3752 1931 πιστότατον

444 1972 576 2041 quid
607 1971 956 2026 Christianos
1007 1972 1152 2027 inter
1200 1980 1255 2027 et
1292 1973 1525 2044 gentiles
1565 1972 1826 2042 paritatis
1861 1973 2032 2028 inter-

443 2059 626 2128 cedat,
671 2059 825 2115 audi.
871 2058 1159 2115 Habebaut
1193 2060 1473 2132 Babylone
1523 2061 1770 2117 Chaldaei
1818 2062 2031 2116 musica

441 2151 625 2208 omnis
655 2151 873 2223 generis
906 2166 1135 2222 organa,
1158 2137 1370 2223 quibus.
1391 2152 1691 2207 simulacra
1715 2152 2029 2207 daemonum

443 2240 1072 2296 colebant:.habebant
1134 2251 1190 2297 et
1248 2243 1346 2297 ﬁlii
1398 2241 1570 2299 Israel
1626 2241 2030 2314 Hierosolymis

442 2340 720 2399 asportata
774 2346 1004 2401 organa,
1040 2346 1162 2402 quae
1197 2333 1252 2387 in
1289 2333 1554 2389 salicibus
1589 2334 2024 2405 suspenderunt.

442 2422 686 2493 Utraque
744 2423 1108 2479 instrumenta
1166 2434 1350 2488 erant,
1406 2425 1616 2491 nablia,
1668 2426 1920 2490 citharm.
1971 2434 2027 2482 et

439 2515 589 2569 tibize
618 2532 631 2568 :
667 2514 765 2569 sed
799 2515 903 2570 ista
931 2515 998 2570 ad
1029 2516 1119 2569 Dei
1152 2517 1385 2586 gloriam
1413 2534 1429 2585 ;
1469 2518 1565 2571 illa
1593 2531 1728 2572 vero
1758 2517 2023 2573 similitu-

438 2606 584 2661 dinis
614 2606 808 2661 horum
831 2608 1051 2674 aemula,
1085 2610 1152 2662 ad
1186 2611 1493 2664 dzemonum
1533 2609 1745 2664 cultum
1772 2611 2022 2680 pertine-

438 2699 594 2755 bant.
621 2699 767 2755 Idem
792 2699 905 2770 jam
946 2701 1247 2756 discrimen
1278 2702 1423 2757 inter
1452 2702 1722 2772 imagines
1747 2701 2021 2757 Christia-

436 2806 636 2846 norum
675 2801 729 2847 et
758 2791 904 2847 idola
954 2792 1245 2863 gentilium
1291 2794 1494 2864 cogita.
1540 2792 1670 2849 Haec
1718 2795 1922 2865 quippe
1954 2792 2022 2847 ad

436 2883 640 2939 diaboli
674 2883 904 2955 gloriam
932 2899 996 2940 ac
1021 2885 1383 2953 memoriam;
1419 2886 1512 2940 illa
1538 2900 1671 2942 vero
1692 2886 1760 2941 ad
1788 2886 2018 2949 Christi,

434 2984 488 3031 et
536 2976 915 3046 apostolorum
953 2988 1394 3047 martyrumque,
1435 2985 1490 3032 et
1523 2989 1844 3034 sanctorum
1898 2977 2018 3047 ejus

435 3066 653 3123 laudem
684 3066 955 3122 fabricata
984 3075 1134 3123 sunt.
1176 3086 1194 3119 ι

504 3156 783 3225 Ejusdem.
819 3174 838 3207 ι
878 3156 1113 3211 Proinde
1147 3155 1371 3225 quando
1394 3154 1772 3213 Christianum
1808 3156 2017 3213 videris

2134 1966 2441 2038 ὑπόδειγμα
2478 1970 2609 2041 περὶ
2632 1967 3036 2040 Χριστιανικῶν
3058 1969 3155 2022 καὶ
3190 1968 3526 2039 Ἑλληνικῶν
3544 1972 3752 2039 ὁμοιω-

2135 2059 2325 2129 μάτων
2347 2098 2363 2126 ,
2398 2060 2533 2115 ἁκου
2550 2078 2662 2116 σον.
2713 2056 2874 2134 Εἵχον
2921 2062 2980 2114 ὲν
3034 2061 3315 2115 Βαϐυλῶνι
3372 2063 3422 2115 oi
3470 2062 3752 2116 Χαλδαῖοι

2129 2149 2339 2221 ὄργανα
2391 2154 2624 2206 παντοῖα
2662 2151 2905 2224 μουσικὰ
2958 2153 3094 2223 πρὸς
3146 2152 3448 2225 θεραπείαν
3494 2154 3753 2209 είδώλων

2129 2240 2421 2313 δαιμόνων.
2446 2239 2606 2314 Εἶχον
2632 2243 2691 2297 δὲ
2724 2244 2822 2298 καὶ
2846 2245 2896 2297 oi
2924 2245 3031 2298 υίοὶ
3056 2244 3275 2317 Ἰσραὴλ
3302 2244 3413 2300 ἀπὸ
3451 2246 3747 2317 Ἰερουσα-

2128 2332 2241 2404 λὴμ
2292 2335 2502 2404 ὄργανα
2523 2375 2538 2400 ,
2565 2334 2600 2389 ἃ
2630 2336 2724 2388 ἐπὶ
2759 2338 2881 2419 ταῖς
2915 2335 3431 2439 ίτέαΕιρέμασῗ
3452 2378 3469 2403 ,
3499 2337 3604 2391 καὶ
3620 2340 3763 2410 ia}.
3784 2326 3847 2427 ξς

2128 2426 2335 2498 {persp}
2359 2427 2590 2499 όργανα,
2617 2427 2713 2480 καὶ
2745 2427 2962 2495 Mla“
2995 2426 3358 2499 ml.
3381 2426 3532 2496 ,’καὶ
3576 2428 3799 2485 αὐλοὶ*

2130 2352 2241 2404 Αημ
2292 2352 2502 2404 οργανα
2523 2375 2538 2400 ,
2565 2352 2600 2389 α
2630 2352 2724 2388 επι
2759 2353 2881 2399 ταις
2915 2352 3054 2389 ιτεαι
3114 2352 3431 2408 εκρεμασαν
3452 2378 3469 2403 ,
3499 2352 3604 2391 και
3620 2354 3793 2410 εμπ

2128 2426 2335 2498 regeeae
2359 2427 2590 2499 όργανα,
2617 2427 2713 2480 καὶ
2745 2415 2962 2495 νέφει,
3196 2428 3224 2481 θ
3341 2447 3358 2482 ι
3381 2390 3532 2496 ,καὶ
3576 2412 3801 2485 αὐλοὶ)

2128 2518 2397 2589 ὑπῆρχον,
2418 2518 2453 2573 ἃ.
2480 2519 2571 2573 επὶ
2596 2522 2718 2583 ταῖς
2756 2519 2928 2583 ίτὲαις
2951 2522 2976 2573 ὲ
3345 2520 3498 2574 Αλλὰ
3525 2522 3600 2576 τὰ
3640 2524 3748 2593 μὲν
3798 2542 3803 2543 ⁷

2128 2609 2208 2665 είς
2238 2609 2396 2665 δόξαν
2434 2608 2571 2663 Θεοῦ
2624 2610 2896 2665 ἐγένοντο.
2928 2611 2998 2664 τὰ
3039 2612 3098 2665 δὲ
3203 2630 3231 2665 c
3275 2612 3582 2665 θεραπείαν
3624 2615 3747 2665 τῶν

2124 2609 2208 2673 είς
2238 2609 2396 2674 δόξαν
2434 2608 2571 2663 Θεοῦ
2624 2610 2896 2679 ἐγένοντο,
2928 2611 2998 2664 τὰ
3039 2608 3231 2675 δὲ’ῗίς
3275 2612 3582 2683 θεραπείαν
3624 2615 3747 2668 τῶν

2124 2698 2398 2771 δαιμόνων
2422 2741 2437 2767 ,
2474 2701 2769 2779 ἁντίμιμα.
2803 2700 2962 2755 Οὕτω
3006 2702 3216 2768 λοιπὸν,
3245 2706 3341 2757 καὶ
3368 2703 3463 2757 ἐπὶ
3496 2704 3622 2759 τῶν
3661 2708 3747 2759 εί·
3770 2740 3793 2753 νς
3824 2726 3859 2747 ιι

2123 2792 2319 2858 κόνων,
2348 2796 2445 2848 καὶ
2493 2794 2751 2861 εἰδώλων,
2795 2792 3127 2863 Ἑλληνικῶν
3179 2795 3276 2848 καὶ
3316 2794 3743 2866 Χριστιανιιαῖη

2123 2885 2236 2938 νόει
2269 2885 2352 2939 ὅτι
2390 2886 2574 2939 ἐκεῖνα
2610 2886 2710 2957 μὲν
2749 2888 2830 2950 είς
2870 2886 3031 2953 δόξαν
3074 2885 3324 2939 διαϐόλου
3365 2889 3459 2942 καὶ
3497 2890 3743 2961 μνήμην

2122 2976 2673 3048 κατεσκευάσθησαν,
2700 2977 2879 3033 ταῦτα
2909 2978 2969 3032 δὲ
3021 2979 3103 3042 είς
3146 2978 3307 3043 δόξαν
3334 2980 3605 3050 Χριστοῦ,
3634 2984 3742 3037 καὶ

2119 3066 2457 3135 ἀποστόλων,
2475 3068 2572 3121 καὶ
2605 3069 2923 3141 μαρτύρων,
2954 3071 3048 3124 καὶ
3072 3071 3244 3138 ἁγίων
3281 3071 3507 3127 αὐτοῦ.»

2202 3156 2312 3212 Τοῦ
2334 3158 2545 3213 αὐτοῦ.
2584 3177 2604 3211 ι
2638 3160 2810 3215 Ὅταν
2830 3161 3015 3215 τοίνυν
3044 3162 3161 3235 ίδῃς
3188 3165 3522 3236 Χριστιανὸν
3551 3184 3738 3239 xpec-

2995 2449 3341 2533 ’.Ἦ

433 3263 654 3302 crucem
688 3247 943 3313 adorare,
986 3248 1041 3301 id
1080 3249 1148 3302 ab
1198 3263 1266 3303 eo
1306 3246 1423 3303 ﬁeri
1474 3258 1705 3319 propter
1736 3248 2019 3304 Christum

2130 3248 2393 3305 κυνοῦντα
2421 3250 2500 3323 τῷ
2530 3251 2776 3323 σταυρῷ,
2820 3254 3013 3323 γνῶθι,
3193 3223 3282 3310 διέι
3338 3223 3610 3330 Χριστὸν.
3634 3262 3738 3315 τὸν

434 3338 757 3395 cruciﬁxum
811 3340 996 3402 scito,
1049 3354 1161 3394 nou
1210 3350 1393 3395 autem
1454 3349 1511 3394 ut
1552 3341 1761 3411 lignum
1807 3341 2020 3397 adoret.

433 3432 650 3503 Alioqui
706 3431 965 3487 universa
1015 3431 1162 3503 ligna
1216 3431 1601 3500 adoraremus,
1652 3432 1800 3489 sicut
1847 3432 2021 3489 Israel

433 3522 589 3578 lucos
619 3531 673 3577 et
704 3524 933 3578 arbores
960 3522 1249 3587 adorabat,
1277 3530 1441 3593 atque
1471 3523 1693 3579 dicebat
1722 3543 1735 3579 :
1772 3526 1846 3577 Tu
1881 3522 2018 3578 Deus

430 3630 579 3669 meus
635 3630 726 3679 es;
776 3624 833 3667 tu
871 3631 953 3669 me
1007 3616 1237 3685 genuisti
1270 3613 1337 3669 “.
1372 3612 1485 3670 Nos
1526 3630 1657 3670 vero
1686 3630 1797 3669 non
1850 3615 2016 3683 item;

431 3707 528 3761 scd
572 3705 899 3760 memoriam
943 3707 1334 3777 picturamque
1380 3705 1681 3761 Dominicae
1716 3707 2014 3776 passionis,

428 3806 484 3852 et
510 3796 676 3867 376
702 3797 926 3851 illorum
965 3796 1057 3867 qui
1092 3812 1195 3867 pro
1225 3798 1347 3867 ipso
1392 3807 1808 3867 pugnaverunt,
1843 3796 1897 3852 in
1930 3813 2019 3853 ec-

428 3888 620 3944 clesiis
667 3903 731 3942 ac
787 3888 1041 3944 domibus
1095 3897 1385 3955 tenemus;
1440 3888 1627 3942 omnia
1664 3904 1860 3959 nempe
1888 3904 2013 3958 pro-

428 3992 553 4051 pter
580 3979 871 4035 Dominum
909 3989 1160 4037 nostrum
1198 3980 1489 4036 facientes.
1522 3980 1897 4053 Rursumque,
1926 3982 2014 4038 dic

429 4075 651 4139 amabo,
676 4072 888 4138 Iudaee,
924 4090 1174 4145 quaenam
1203 4076 1481 4145 scriptura
1528 4073 1699 4146 Moysi
1738 4074 2009 4145 permisit,

428 4164 690 4222 uththro
702 4182 954 4223 socerum
978 4182 1141 4223 suum
1160 4167 1427 4223 cultorem
1449 4166 1723 4221 idolorum
1746 4164 2009 4233 ;Jacobo,

428 4244 917 4326 ut_Phairaonem;
953 4259 1302 4324 Abrahamo,
1346 4267 1407 4313 ut
1454 4257 1596 4314 ﬁlios
1644 4257 1869 4312 Emmor
1910 4258 2011 4313 ad-

427 4350 685 4405 orarent?
722 4364 909 4405 annon
937 4349 1015 4404 illi
1049 4350 1192 4419 justi
1224 4359 1385 4404 erant
1423 4356 1478 4403 et
1508 4348 1833 4419 prophetae?
1858 4365 2011 4420 quae-

425 4456 552 4495 nam
581 4439 812 4506 Danieli,
834 4450 893 4496 ut
914 4441 1139 4511 impium
1165 4438 1707 4495 Nabuchodonosor?
1726 4440 1802 4495 Ac
1822 4441 1867 4497 si
1891 4456 2010 4511 pro-

2126 3341 2530 3413 σταυρωθέντα,
2549 3345 2644 3399 καὶ
2668 3347 2731 3400 οὐ
2763 3348 2862 3418 τὴν
2887 3348 3051 3418 φύσιν
3078 3347 3176 3403 τοῦ
3202 3350 3363 3417 ξύλου
3394 3358 3732 3423 προσκυνεῖ.

2135 3431 2291 3485 Ἐπεὶ
2321 3434 2503 3490 πάντα
2535 3434 2602 3489 ἂν
2630 3436 2699 3491 τὰ
2719 3437 2853 3504 ξύλα
2889 3442 3343 3514 προσεκυνοῦμεν
3371 3444 3466 3498 τοῦ
3507 3447 3732 3519 ἀγροῦ,

2122 3524 2216 3578 καὶ
2238 3522 2428 3597 ὥσπερ
2451 3527 2480 3579 ὁ
2512 3527 2729 3601 Ἰσραὴλ
2758 3531 3085 3602 προσεκύνει
3110 3534 3179 3586 τὰ
3209 3534 3347 3607 ἄλση
3368 3536 3463 3589 καὶ
3489 3538 3569 3590 τὰ
3595 3539 3730 3592 δέν-

2118 3612 2243 3684 δρα,
2274 3615 2474 3684 λέγων·
2507 3622 2590 3674 Σύ
2605 3636 2728 3689 μου
2749 3617 2808 3676 εἷ
2828 3620 2995 3688 Θεὸς,
3027 3624 3126 3677 καί
3159 3626 3241 3680 σύ
3254 3642 3332 3696 με
3352 3627 3727 3697 ἐγέννησας.

2128 3708 2321 3781 Ἡμεῖς
2346 3710 2405 3763 δὲ
2443 3713 2543 3783 οὐχ
2568 3712 2764 3779 οὕτως,
2799 3716 2938 3771 ἀλλὰ
2981 3719 3210 3790 μνήμην
3235 3722 3330 3774 καὶ
3347 3724 3578 3794 γραφὴν
3606 3727 3730 3781 τῶν

2116 3800 2213 3855 τοῦ
2268 3803 2474 3876 Κυρίου
2532 3805 2909 3878 παθημάτων,
2942 3810 3037 3864 καὶ
3081 3811 3192 3866 τῶν
3235 3813 3304 3866 δι’
3333 3815 3498 3869 αὐτὸν
3540 3815 3729 3889 ἀθλη-

2119 3895 2349 3959 σάντων,
2374 3898 2433 3949 ὲν
2473 3901 2595 3963 ταῖς
2623 3900 2939 3972 ἐκκλησίαις
2973 3904 3068 3957 καὶ
3100 3906 3271 3969 οἴκοις
3284 3905 3500 3977 ἔχομεν,
3534 3910 3727 3965 πάντα

2114 3986 2184 4040 δι’
2215 3986 2376 4041 αὐτὸν
2404 3989 2687 4055 ποιοῦντες
2711 3991 2803 4047 τὸν
2833 3992 3104 4066 ἡμέτερον
3134 3997 3360 4068 Κύριον.
3385 3999 3496 4053 Καὶ
3527 3995 3723 4068 αὖθις,

2115 4078 2257 4146 εἰπὲ,
2282 4072 2327 4133 ὦ
2353 4078 2596 4146 Ἰουδαϊε,
2631 4083 2759 4137 ποία
2782 4085 2973 4157 Γραφὴ
3004 4086 3274 4159 ἐπέτρεψε
3309 4090 3503 4143 Maias?
3536 4109 3727 4163 προσ-

2114 4172 2348 4243 κυνῆσαι
2374 4174 2544 4245 ζιοθδρ
2567 4175 2647 4246 τῷ
2667 4176 2905 4250 γαμϐρῷ
2933 4179 3125 4245 αὑτοῦ,
3155 4180 3521 4255 εἰδωλολάτρῃ
3552 4185 3679 4239 ϐντι
3699 4228 3720 4255 ,

2113 4264 2209 4316 καὶ
2254 4263 2447 4317 Ἰακὼϐ
2473 4266 2549 4337 τῷ
2576 4267 2804 4339 Φαραὼ,
2832 4269 2927 4323 καὶ
2969 4270 3221 4343 Ἀϐραὰμ
3247 4276 3360 4338 τοῖς
3397 4276 3535 4337 υίοῖς
3572 4278 3722 4349 Ἐμ-

2116 4354 2268 4426 μώρ;
2301 4357 2398 4411 καὶ
2421 4358 2620 4413 ἐκεῖνοι
2656 4360 2855 4415 δίκαιοι
2905 4363 3002 4416 καὶ
3036 4364 3350 4434 προφῆταιο
3384 4369 3479 4421 καὶ
3497 4370 3723 4444 Δανιὴλ

2111 4445 2189 4517 τῷ
2238 4446 2710 4525 Ναϐουχοδονόσορ
2739 4452 2929 4508 ἀσεϐεῖ
2971 4454 3118 4524 om;
3154 4457 3265 4511 Kal.
3290 4459 3340 4511 εί
3377 4460 3583 4515 ἐκεῖνοι
3617 4465 3721 4519 διὰ

425 4539 549 4603 pter
568 4532 902 4587 mundanam
916 4540 1023 4587 tem
1033 4531 1416 4602 porariamque
1427 4532 1591 4587 vitam
1612 4532 1715 4587 hoc
1732 4532 2005 4600 fecerunt,

2130 4537 2386 4609 ιοσμικὴν
2408 4541 2505 4593 καὶ
2551 4541 2889 4613 πρόσκαιρον
2924 4543 3071 4617 ζωὴν
3107 4544 3280 4600 ταῦτα
3308 4547 3549 4616 ἐποίουν,
3586 4552 3721 4617 πῶς

424 4638 591 4678 eccur
613 4637 825 4677 mecum
856 4624 1200 4693 expostulas,
1229 4623 1374 4693 quod
1408 4624 1462 4678 in
1492 4625 1666 4682 sacris
1691 4635 2007 4682 sanctorum

425 4712 732 4780 memoriis,
768 4716 885 4793 sive
921 4730 1017 4785 per
1049 4715 1403 4788 scripturam,
1440 4716 1557 4787 sive
1588 4732 1685 4788 per
1741 4718 2012 4787 picturam

424 4807 726 4877 expressis,
768 4792 1088 4863 earumdem
1127 4792 1410 4864 cruciatus
1452 4818 1506 4863 et
1545 4810 1847 4864 certamina
1885 4809 2018 4866 ado-

425 4882 562 4963 rem,
590 4884 703 4965 per
745 4914 867 4967 quae
913 4898 1149 4969 singulis
1196 4896 1393 4954 diebus
1448 4898 1735 4956 beneﬁciis
1780 4916 2014 4971 augeor,

426 4998 861 5060 perpetuamque
910 4998 965 5045 et
1008 4991 1400 5061 sempiternam
1443 4991 1605 5045 vitam
1656 4993 1952 5062 exspecto?
1991 5012 2009 5045 ι

426 5081 512 5136 Ea:
552 5080 798 5136 Historia
850 5081 1211 5135 ecclesiastica
1268 5080 1549 5147 Theodori,
1610 5093 1748 5136 tomo
1798 5093 2009 5154 quarto.

318 5302 329 5308 ,
503 5261 523 5295 c
564 5242 681 5299 Sub
712 5242 818 5297 hoc
837 5240 1154 5307 consulatu,
1177 5238 1266 5293 die
1294 5254 1399 5293 xxv
1425 5238 1636 5294 mensis
1663 5236 2005 5305 Decembris,

396 5335 673 5429 i'terribile
705 5335 1014 5406 ingensque
1058 5333 1387 5388 miraculum
1421 5331 1673 5404 contigit,
1705 5332 1854 5403 quod
1891 5348 2010 5388 om-

500 5468 772 5527 ”.lerem.
806 5485 869 5537 ιι,
908 5469 999 5525 27.
1077 5470 1123 5501 “
1154 5471 1285 5526 ibid.

2113 4625 2237 4696 ἐμοὶ
2271 4628 2525 4697 ἐγκαλεῖς
2574 4632 2970 4703 προσκυνοῦντι
2991 4637 3111 4698 ταῖς
3160 4637 3344 4706 ἁγίαις
3379 4638 3486 4693 τῶν
3527 4642 3721 4711 ἁγίων

2113 4720 2362 4791 μνήμαις
2387 4762 2403 4788 ,
2433 4728 2735 4795 γραφικαῖς
2796 4727 2895 4780 καὶ
2935 4728 3235 4801 ἱστορικαῖς
3256 4771 3270 4795 ,
3302 4733 3397 4785 καὶ
3440 4734 3510 4786 τὰ
3553 4737 3759 4803 aedtqu

2110 4812 2206 4866 καὶ
2240 4811 2341 4877 τὰς
2378 4813 2668 4887 ἁθλήσεις,
2700 4817 2759 4885 ἐξ
2788 4811 2864 4871 ὧν
2889 4819 3011 4874 καθ’
3039 4822 3255 4893 ἡμέραν
3278 4824 3716 4897 εύεργετοῦμαι,

2111 4902 2206 4956 καὶ
2242 4901 2461 4957 αἰώνιον
2490 4905 2584 4958 καὶ
2614 4906 2788 4962 ἀίδιον
2824 4909 2970 4982 ζωὴν
3018 4911 3328 4982 ἐκδέχομαις
3367 4933 3386 4964 ι

2125 5078 2239 5148 Τῆς
2290 5081 2821 5210 ἐκκλησιαστικῆὲ
2854 5086 3157 5228 ἔξὲἐρίας
3212 5089 3716 5169 Θεοδωρήτυυρῖ,

2196 5264 2215 5295 ι
2237 5243 2372 5298 Ὑπὸ
2392 5245 2450 5299 δὲ
2465 5248 2678 5321 ταύτην
2697 5250 2796 5320 τὴν
2824 5252 3115 5316 ὑπατείαν,
3148 5255 3291 5307 κατὰ
3310 5255 3400 5308 τὸν
3427 5255 3585 5326 μῆνα
3617 5259 3717 5311 τὸν

2115 5337 2474 5409 Δεκέμϐριον,
2503 5341 2700 5412 ἔχοντα
2735 5345 2899 5399 αὑτὸν
2936 5347 3129 5402 εἰκάδα
3161 5349 3255 5401 καὶ
3284 5348 3718 5422 πέμπτὴνήμέ-

1739 5564 1979 5621 VARUE
2019 5563 2433 5627 LECTIONES.

497 5653 563 5746 at
586 5655 2041 5746 Pege,'_cu'm.l3il.lioﬁsp§épou,.Theodorz,.Lectori§_
2068 5665 2300 5746 scilicet.
2336 5665 2482 5746 Nam
2502 5668 2604 5746 sub
2632 5669 2925 5746 Anastasio
2950 5671 3093 5744 imp.
3113 5684 3396 5746 superstes
3436 5692 3551 5736 non
3583 5690 3711 5738 erat

328 5764 329 5771 η
425 5724 828 5789 Theodoretus.
860 5726 1123 5799 Ejusdem
1152 5724 1544 5801 histoiiaa'qua:
1570 5732 1659 5788 hic
1684 5724 1942 5802 refertur,
1979 5733 2343 5806 Theophanes
2372 5745 2425 5794 et
2450 5737 2650 5796 Suidas
2706 5724 3027 5798 meminere.
