3904 6358
459 408 601 478 13⁸⁷5

466 637 488 672 ι
531 618 699 674 decus
726 615 1025 684 nobilitati,
1059 614 1519 686 splendoremque
1553 613 1794 670 restitui.
1829 631 1849 666 ι

469 942 557 1000 Ea:
584 944 838 1002 Historia:
874 942 1248 1000 ecclesiastica:
1286 943 1521 1000 Socratis
1551 945 1686 1000 libro
1717 959 1762 1012 ι,
1791 959 1912 1012 cap.
1942 946 2031 1014 i8,

917 1015 982 1070 de
1023 1017 1202 1071 eodem
1230 1016 1570 1084 imperatore.

542 1230 562 1262 ε
600 1210 851 1266 Posthaec
876 1218 1061 1266 autem
1118 1211 1420 1281 imperator
1445 1210 1870 1276 Constantinus,
1906 1208 2039 1266 reli-

465 1308 646 1380 gionis
677 1307 1007 1362 Christianae
1064 1306 1362 1362 studiosior
1420 1305 1625 1371 factus,
1659 1321 1690 1360 a
1752 1305 2039 1377 gentilium

466 1395 617 1449 cultu
655 1409 892 1464 prorsus.
914 1395 1225 1460 abhorruit,
1279 1395 1690 1465 singulariaque
1737 1393 2041 1450 certamina

467 1484 772 1554 prohibuit,
809 1491 864 1538 et
917 1499 1048 1542 suas
1093 1484 1363 1555 imagines
1417 1485 1473 1540 in
1516 1486 1736 1557 templis
1802 1483 2042 1540 colloca-

466 1577 545 1631 vit
565 1577 718 1647 (50).,
744 1595 764 1630 ›

585 1673 863 1777 ~~Stephani
893 1706 1163 1770 Bostreni,
1194 1713 1380 1760 contra
1406 1701 1648 1767 Judu'os,
1669 1717 1793 1774 cap.
1825 1704 1880 1758 4.

545 1860 565 1894 ι
593 1841 704 1898 Nos
739 1857 905 1913 porro
957 1847 1275 1896 sanctorum
1312 1837 1581 1906 imagines
1629 1835 1697 1890 ad
1739 1850 1929 1891 eorum
1959 1849 2042 1890 re-
2074 1872 2116 1927 Β

467 1931 844 1986 cordationem
875 1931 1188 1991 statuimus,
1224 1934 1353 1997 puta
1402 1927 1700 1991 Abraham,
1744 1927 1920 1990 Isaac,
1951 1923 2046 1979 Ja-

469 2022 596 2087 cob,
644 2022 872 2093 Moysis,
924 2021 1072 2084 Elim,
1112 2018 1421 2086 Zachariae,
1457 2027 1511 2073 et
1535 2017 1770 2071 aliorum
1809 2019 2046 2086 prophe-

469 2119 674 2178 tarum,
707 2119 1137 2179 sanctorumque
1183 2109 1280 2164 Dei
1331 2116 1654 2180 martyrum,
1697 2107 1791 2177 qui
1822 2113 2047 2178 propter

474 2203 657 2274 ipsum
707 2213 938 2259 mortem
999 2202 1327 2266 subierunt;
1389 2209 1450 2255 ut
1503 2200 1819 2270 quicunque
1855 2199 2048 2269 imagi-

471 2310 571 2351 nes
623 2309 815 2350 eorum
857 2293 1162 2364 aspexerit,
1212 2293 1432 2348 illorum
1479 2290 1838 2356 recordetur,
1889 2304 2050 2344 cum-

468 2401 578 2456 que
614 2386 874 2444 laudibus
901 2385 1149 2452 extollat,
1179 2384 1273 2456 qui
1309 2382 1484 2455 gloria
1523 2382 1722 2453 dignos
1752 2381 1881 2437 illos
1916 2379 2045 2436 red-

469 2475 632 2531 didit.
674 2493 696 2528 ι

543 2612 819 2683 Ejusdem.
868 2629 889 2664 ι
922 2610 1079 2678 Quod
1136 2616 1323 2665 autem
1375 2612 1590 2678 spectat
1621 2604 1688 2660 ad
1729 2603 1998 2676 imagines
2026 2641 2042 2668 ,

469 2705 655 2759 omnia
685 2718 808 2774 qua;
864 2703 918 2756 in
974 2702 1070 2757 Dei
1119 2701 1343 2756 nomine
1403 2697 1567 2762 ﬁunt,
1607 2697 1752 2751 bona
1809 2710 1930 2752 esse
1992 2703 2044 2750 et

469 2803 662 2850 sancta
735 2792 1124 2849 conﬁdimus:
1181 2790 1326 2846 idola
1410 2803 1542 2844 vero
1600 2793 1656 2842 et
1723 2785 2044 2848 simulacra,

469 2898 660 2954 apage.
705 2881 832 2937 Haec
883 2881 1030 2936 enim
1067 2879 1212 2934 mala
1263 2879 1565 2950 spuriaque
1617 2881 1768 2939 sunt,
1820 2872 2047 2944 perinde

469 2985 634 3045 atque
659 2974 737 3028 illi
779 2973 876 3045 qui
923 2972 1134 3028 faciunt
1174 2985 1259 3026 ea.
1291 2969 1456 3024 Aliud
1493 2969 1698 3038 quippe
1737 2973 1824 3021 est
1866 2965 2046 3034 imago

472 3063 757 3134 prephetm
811 3064 1036 3130 sancti,
1088 3069 1143 3117 et
1193 3060 1341 3116 aliud
1392 3060 1748 3115 simulacrum
1783 3057 1898 3112 sive
1927 3065 2045 3110 sta-

469 3163 563 3210 tua
595 3155 842 3222 Saturni,
873 3154 1127 3220 Veneris,
1158 3153 1325 3219 Solis,
1349 3159 1403 3207 et
1427 3149 1615 3205 Lunae.
1647 3149 1844 3214 Porro,
1875 3163 2048 3218 quan-

470 3246 769 3316 doquidem
833 3245 996 3300 homo
1042 3243 1110 3300 ad
1175 3244 1467 3312 imaginem
1548 3239 1642 3295 Dei
1697 3239 1878 3294 lactus
1939 3247 2042 3303 est,

471 3339 681 3394 idcirco
711 3337 996 3392 adoratur.
1032 3335 1271 3406 Serpens
1318 3342 1526 3398 autem,
1563 3331 1694 3402 quia
1727 3330 1930 3385 diaboli
1963 3336 2048 3385 est

471 3431 674 3501 imago,
710 3428 1028 3484 immundus
1065 3437 1150 3484 est
1195 3423 1258 3481 et'
1297 3423 1676 3481 exsecrabilis.
1713 3421 1871 3488 Quod
1904 3421 1949 3477 si
1983 3436 2047 3476 ea

469 3535 594 3590 quae
643 3519 928 3574 hominum
985 3517 1239 3572 manibus
1297 3514 1565 3568 fabricata
1607 3521 1759 3576 sunt,
1795 3511 2046 3581 respuis,

470 3612 581 3672 dic,
632 3624 842 3680 quaeso,
869 3607 1078 3672 Iudaee,
1137 3606 1404 3676 quidnam
1470 3603 1738 3659 adoratur
1773 3604 1828 3658 in
1880 3612 2046 3666 terra,

470 3702 615 3774 quod
648 3701 933 3756 hominum
970 3715 1135 3754 manu
1170 3699 1512 3752 elaboratum
1547 3711 1654 3750 non
1697 3695 1812 3751 sit?
1841 3695 2046 3759 Altare,

471 3792 944 3864 prepitiatorium,
1008 3790 1333 3858 Clterubim,
1407 3803 1546 3842 urna
1607 3800 1773 3842 aurea
1838 3785 2050 3840 habens

473 3897 697 3950 manna,
734 3896 946 3950 mensa,
981 3880 1403 3936 tabernaculum
1445 3877 1714 3948 interius,
1741 3875 1923 3932 omnia
1952 3876 2051 3930 de-

473 3988 623 4028 mum
655 3987 779 4042 quae
826 3970 1027 4026 Sancta
1076 3978 1394 4026 sanctorum
1431 3967 1502 4022 ab
1543 3967 1662 4036 ipso
1701 3965 1812 4021 Deo
1861 3965 2052 4035 appel-

473 4063 584 4118 lata
622 4062 794 4120 sunt?
818 4061 1010 4117 Nonne
1040 4059 1354 4115 manufacta
1385 4058 1680 4113 Cherubim
1726 4056 2050 4127 angelorum

472 4164 629 4210 erant
655 4155 964 4226 imagines?
991 4151 1123 4224 quid
1172 4151 1241 4208 ad
1293 4153 1409 4206 haec
1441 4147 1785 4220 respondes?
1814 4145 1972 4214 Quod
2004 4145 2051 4200 si

473 4248 579 4303 ista
631 4249 888 4303 nominas
948 4247 1116 4308 idola,
1171 4243 1303 4314 quid
1381 4241 1676 4297 dicendum
1725 4253 1922 4294 censes
1983 4237 2053 4293 de

473 4340 655 4411 Moyse
711 4347 766 4395 et
821 4338 1032 4402 Israel,
1089 4337 1184 4406 qui
1237 4335 1352 4388 haec
1411 4327 1823 4386 adoraverunt?
1879 4327 2050 4398 Atqui

473 4430 725 4485 adoratio
773 4427 998 4499 quidem
1044 4425 1276 4480 honoris
1310 4429 1700 4494 argumentum
1756 4429 1861 4477 est.
1896 4419 2050 4486 Quo-

1631 406 1695 468 S'.
1735 403 2055 482 JOANNIS
2079 401 2509 466 DAMASCENI

439 544 486 580 ν(
533 521 774 590 S.P.Q.
819 521 888 577 Β.
952 521 1010 578 in
1069 521 1378 578 libertatem
1437 520 1675 587 asserui,
1724 519 2026 590 pristinum

2195 520 2304 576 ἀπὸ
2355 517 2522 589 ζυγοῦ
2573 515 2672 573 τοῦ
2736 517 3004 590 τυράννου
3051 514 3453 581 διασωθεῖσαν,
3494 512 3767 592 ῂλευθέ-
3803 503 3806 506 ’

3405 275 3410 280 ι
3601 266 3624 280 -1
3711 265 3738 274 —

3342 287 3386 305 --—
3595 271 3680 310 4.1:
3729 303 3732 306 .

3343 311 3346 316 .
3419 313 3456 321 ..
3717 309 3756 321 ν

2815 315 2818 318 .
3191 327 3196 332 ο
3255 323 3262 331 κ
3394 313 3464 343 αἱ
3505 328 3520 334 Π

2731 369 2758 400 ιΓ
2793 339 2944 416 ίίζιχ“.η-Χ
2981 281 3244 378 συμῃκμου
3269 345 3274 348 -

2143 632 2162 665 ι
2209 629 2360 684 ρωσα
2382 627 2396 642 ⁸
2431 611 2511 665 ἔτι
2543 609 2651 682 μὴν
2681 609 2779 663 καὶ
2807 609 2906 680 τὴν
2943 607 3268 680 σύγκλητον,
3299 609 3397 661 καὶ
3427 607 3530 662 τὸν

2139 719 2160 753 ι
2213 700 2541 771 Ῥωμαίων,
2591 702 2659 771 τῇ
2703 699 2911 770 ἀρχαίᾳ
2941 698 3272 770 ἐπιφανείᾳ,
3316 699 3416 752 καὶ
3461 701 3537 770 τῇ
3607 699 3757 770 λαμο

2140 812 2159 845 ι
2207 791 2443 863 πρότητι
2467 789 2868 864 ἐλευθερώσας,
2899 789 3346 861 ἀποκατέστησα.
3385 806 3408 842 ι

2149 948 2252 1002 Ἐκ
2292 947 2404 1016 τῆς
2459 944 2977 1016 ἐκκλησιωτικῆς
3029 940 3326 1016 Ἱστορίας
3362 942 3744 1016 Σωκράτους

2202 1013 2452 1080 ,βιϐλίου
2485 1013 2756 1086 πρώτου,
2794 1017 3010 1086 arescent.
3048 1020 3143 1081 ιη’,
3187 1014 3322 1084 περὶ
3364 1013 3486 1069 τοῦ
3534 1014 3748 1069 αὐτοῦ

2205 1085 2530 1153 βασιλέως.

2217 1229 2236 1264 ι
2273 1212 2427 1267 Μετὰ
2467 1211 2644 1266 ταῦτα
2691 1213 2748 1266 δὲ
2791 1215 2820 1266 ὁ
2851 1211 3107 1282 βασιλεὺς
3135 1212 3573 1274 Κωνσταντϊνος
3619 1213 3742 1264 ἐπι·

2143 1304 2471 1376 μελέστερος
2499 1304 2576 1358 ὣν
2605 1304 2675 1358 τὰ
2719 1304 2850 1374 περὶ
2897 1301 3353 1374 Χριστιανισμοῦ,
3381 1302 3743 1373 ἀπεστράφη

2141 1395 2239 1458 τὰς
2277 1392 2597 1464 Ἑλληνικὰς
2622 1394 2942 1466 Θρησκείας,
2975 1395 3070 1448 καὶ
3093 1393 3257 1448 παύει
3285 1395 3353 1448 τὰ
3373 1395 3740 1466 μονομάχω·

2141 1485 2356 1549 εἰκόνας
2391 1485 2449 1539 δὲ
2477 1485 2578 1550 τὰς
2608 1485 2748 1550 ἰδίας
2777 1487 2836 1541 ὲν
2861 1487 2976 1550 τοῖς
3004 1487 3153 1550 ναοίς
3181 1485 3443 1541 ἀπέθετο.
3492 1504 3515 1537 ι

2144 1699 2453 1771 Στεφάνου
2474 1701 2824 1772 Βοστρηνοῦ
2859 1701 3010 1757 κατὰ
3043 1701 3371 1766 Ἰουδαίων,
3398 1704 3635 1772 κεφαλ.
3667 1699 3738 1754 ε’.

2221 1854 2239 1886 ι
2282 1836 2472 1906 Ἡμεῖς
2498 1836 2596 1901 τὰς
2637 1836 2852 1901 εἰκόνας
2880 1835 2990 1890 τῶν
3023 1835 3195 1905 ἁγίων
3233 1837 3313 1899 εἰς
3354 1837 3595 1906 μνήμην
3625 1835 3742 1888 τῶν

2147 1926 2320 1994 ἁγίων
2355 1928 2695 1998 ἐποιήσαμεν
2715 1970 2730 1994 ,
2765 1923 2876 1982 οἷον
2919 1927 3170 1999 Ἀϐραὰμ
3192 1969 3206 1994 ,
3237 1926 3331 1980 καὶ
3362 1927 3598 1992 Ἰσαὰκ,
3642 1927 3742 1979 καὶ

2158 2015 2356 2070 Ἰακὼϐ
2375 2057 2391 2082 ,
2433 2017 2528 2071 καὶ
2554 2019 2835 2084 Μωῦσέως
2858 2061 2873 2086 ,
2925 2020 3021 2075 καὶ
3081 2019 3266 2084 Ἠλία,
3298 2019 3395 2072 καὶ
3421 2019 3740 2090 Ζαχαρίου,

2145 2109 2242 2163 καὶ
2279 2110 2387 2163 τῶν
2443 2110 2649 2165 λοιπῶν
2701 2111 2997 2183 προφητῶν
3039 2113 3134 2165 καὶ
3180 2112 3351 2180 ἁγίων
3396 2111 3742 2182 μαρτύρων,

2145 2202 2255 2255 τῶν
2285 2203 2353 2256 δι’
2385 2203 2548 2258 αὑτὸν
2577 2203 3002 2276 ἀναιρεθέντων,
3045 2205 3136 2259 ἴνα
3164 2205 3272 2267 πᾶς
3297 2206 3326 2258 ό
3349 2204 3500 2275 ὁρῶν
3546 2203 3744 2258 αὐτῶν

2145 2295 2244 2359 τὰς
2265 2297 2500 2374 εἰκόνας,
2535 2297 2851 2370 μνημονεύῃ
2879 2296 3079 2361 αὐτῶν,
3110 2297 3208 2351 καὶ
3233 2295 3428 2367 cogar“
3456 2297 3558 2350 τὸν
3583 2294 3744 2363 δοξά-

2149 2405 2319 2442 σαντα
2352 2387 2570 2452 αύτούς.
2611 2408 2632 2444 ι

2237 2609 2349 2664 Τοῦ
2390 2610 2596 2665 αὑτοῦ.
2641 2629 2659 2664 ι
2695 2611 2833 2683 Περὶ⁸
2876 2610 2934 2665 δὲ
2982 2611 3210 2666 εἰκόνων
3255 2597 3742 2685 θαῤῥοῦμενίὸτι

2149 2700 2258 2753 πᾶν
2309 2699 2472 2770 ἔργον
2501 2698 2786 2770 γινόμενον
2817 2701 2876 2753 ὲν
2918 2700 3144 2771 ὀνόματι
3189 2700 3364 2768 Θεοῦ,
3405 2701 3580 2754 καλὸν
3636 2701 3743 2758 καὶ

2147 2789 2303 2858 ἅγιόν
2329 2791 2466 2844 ἐστι.
2500 2791 2574 2842 Πε
2585 2791 2637 2862 pl.
2655 2791 2712 2844 δὲ
2735 2789 2970 2845 εἰδώλων
2994 2793 3088 2846 καὶ
3113 2791 3466 2863 ἀγαλμάτων,
3501 2793 3702 2862 ἄπαγε
3721 2810 3738 2825 ·

2149 2881 2295 2935 κακὰ
2323 2881 2433 2952 γὰρ
2460 2881 2554 2936 καὶ
2581 2883 2867 2947 ἀλλόκοτα,
2901 2883 2994 2936 καὶ
3023 2883 3186 2949 αὐτὰ,
3222 2883 3319 2937 καὶ
3352 2883 3408 2936 oi
3437 2883 3740 2948 ποιοῦντες

2148 2972 2308 3028 αὐτά.
2343 2974 2573 3042 Ἕτερον
2603 2973 2713 3045 γάρ
2746 2972 3092 3060 ἐστενξβείίκὼν
3116 2975 3271 3044 ἁγίου
3296 2978 3608 3048 προφήτου,
3638 2979 3742 3033 καὶ

2147 3067 2332 3136 ἕτερον
2386 3065 2606 3136 ἄγαλμα
2658 3066 2690 3136 ἢ
2739 3051 3182 3136 ξόανονΟΚρόνου
3234 3069 3331 3122 καὶ
3374 3069 3739 3141 Ἀφροδίτης,

2160 3154 2341 3208 Ἡλίου
2366 3172 2426 3209 τε
2461 3157 2556 3210 καὶ
2584 3155 2841 3227 Σελήνης.
2884 3156 3039 3210 Ἐπεὶ
3066 3156 3123 3211 δὲ
3157 3159 3253 3212 καὶ
3280 3157 3578 3229 ἄνθρωπος
3608 3160 3742 3215 κατ’

2151 3245 2334 3299 εἰκόνα
2349 3245 2482 3300 Θεοῦ
2511 3247 2726 3314 γέγονε,
2755 3249 3168 3317 προσκυνεῖται.
3200 3248 3256 3300 '0
3283 3247 3339 3300 δὲ
3360 3248 3509 3317 ὄφις,
3539 3248 3740 3318 ἐπειδὴ

2149 3334 2314 3388 εἰκών
2349 3337 2464 3388 ὲστι
2512 3335 2796 3400 διαϐόλου,
2831 3336 3141 3407 ἅκάϐαρτός
3181 3337 3300 3391 ἐστι
3338 3338 3434 3390 καὶ
3480 3338 3742 3410 ἀπόϐληε

2149 3442 2260 3490 τος.
2295 3426 2356 3479 Et
2393 3425 2451 3480 δὲ
2475 3426 2544 3480 τὰ
2571 3428 2924 3498 χειροποίητα
2953 3427 3234 3500 ἀποϐάλλῃ
3255 3466 3272 3492 ,
3316 3428 3442 3482 εἰπὲ
3462 3469 3476 3494 ,
3511 3423 3562 3484 ὦ
3601 3430 3742 3484 Ἰου-

2151 3515 2288 3580 δαίε,
2318 3517 2371 3570 τί
2395 3518 2544 3570 ἐστιν
2569 3517 2664 3571 ἐπὶ
2682 3519 2786 3589 γῆς
2807 3518 3221 3590 ἀχειροποίητον
3243 3519 3273 3573 δ
3297 3523 3740 3590 προσκυνεῖταις

2152 3603 2244 3676 Μὴ
2275 3606 2307 3676 ἡ
2335 3605 2568 3670 κιϐωτὸς
2600 3607 2694 3660 τοῦ
2722 3607 2858 3661 Θεοῦ
2887 3609 3268 3680 χειροποίητος
3293 3605 3361 3681 ἦν
3386 3626 3403 3676 ;
3443 3611 3509 3664 τὸ
3546 3611 3744 3666 ουσια-

2155 3697 2378 3768 στήριον
2401 3737 2415 3760 ,
2445 3699 2542 3751 καὶ
2567 3698 2630 3752 τὸ
2665 3699 2978 3772 ἱλαστήριον
3002 3741 3019 3768 ,
3049 3701 3142 3755 καί⁹
3178 3701 3248 3756 τὰ
3277 3702 3570 3774 Χερουϐὶμ
3595 3745 3612 3770 ,
3643 3705 3744 3758 καὶ

2153 3787 2186 3857 ἡ
2221 3787 2454 3858 στάμνος
2481 3789 2514 3859 ἡ
2546 3791 2747 3861 χρυσῆ,
2788 3790 2822 3861 ἠ
2855 3789 3056 3860 ἔχουσα
3079 3791 3142 3845 τὸ
3173 3791 3372 3862 μάννα,
3405 3792 3502 3845 καὶ
3523 3794 3560 3864 ή
3600 3794 3743 3866 τρά-

2153 3873 2315 3942 πεζα,
2360 3877 2454 3930 καὶ
2485 3878 2518 3948 ἡ
2551 3877 2726 3948 σκηνὴ
2763 3880 2798 3949 ὴ
2841 3879 3116 3952 ἐσωτέρα,
3152 3880 3248 3934 καὶ
3278 3881 3460 3936 πάντα
3495 3881 3538 3937 ἃ.
3568 3883 3746 3952 ’Δγια

2152 3969 2324 4038 ἁγίων
2354 3970 2665 4043 ἐκλήθησαν
2705 3971 2808 4026 ὑπὸ
2840 3973 2935 4027 τοῦ
2969 3972 3108 4028 Θεοῦ
3138 3993 3152 4043 ;
3189 3975 3303 4030 Οὐκ
3335 3971 3479 4048 ἦσαν
3514 3978 3590 4032 τὰ
3627 3979 3745 4033 Χε-

2157 4062 2356 4135 ρουϐὶμ
2401 4064 2776 4137 χειροποίητα,
2820 4067 3029 4132 εἰκόνες
3079 4069 3373 4138 ἁγγέλων;
3419 4071 3476 4124 τί
3506 4071 3746 4140 λέγεις;

2151 4153 2216 4206 Εἰ
2257 4154 2449 4208 εἴδωλα
2491 4156 2784 4220 ἀποκαλεῖς
2825 4157 2999 4223 αὐτὰ,
3048 4158 3102 4212 τί
3152 4159 3331 4228 λέγεις
3381 4160 3464 4230 τῷ
3520 4163 3746 4236 Mariis?)

2152 4248 2615 4318 προσκυνήσαντι,
2649 4249 2744 4302 καὶ
2767 4247 2845 4319 τῷ
2888 4249 3131 4322 Ἱσραὴλς
3159 4251 3270 4304 Καὶ
3293 4253 3327 4322 ἡ
3361 4251 3460 4322 μὲν
3481 4255 3746 4323 προσκύ-

2153 4355 2326 4408 νησις,
2349 4339 2516 4410 τιμῆς
2539 4341 2654 4394 ἐστι
2677 4339 2967 4411 σύμϐολον.
3000 4341 3200 4405 Καθὼς
3230 4343 3327 4396 καὶ
3359 4344 3522 4414 ἡμεῖς
3556 4346 3748 4418 ἁμαρ-

2150 4429 2310 4482 τωλοὶ
2340 4431 2774 4502 προσκυνοῦμεν,
2811 4433 2904 4488 τὸν
2935 4433 3036 4504 μὲν
3071 4433 3223 4500 Θεὸν,
3258 4434 3394 4490 κατὰ
3416 4437 3516 4507 τὴν
3545 4437 3748 4510 θεῖιὴν

475 4523 626 4577 circa
655 4534 758 4573 nos
787 4532 1008 4587 quoque
1041 4521 1383 4586 peccatores,
1437 4512 1607 4568 Deum
1654 4511 1879 4582 quidem
1914 4509 2047 4564 ado-

2155 4519 2409 4592 λατρείαν
2465 4523 2560 4576 καὶ
2597 4521 2756 4587 ἀξίαν
2825 4523 3196 4596 προσκύνησιν
3241 4525 3539 4596 δοξάζομεν
3564 4567 3582 4594 ,
3641 4509 3746 4583 καὶ

474 4623 662 4667 ramus
721 4608 934 4672 divino,
991 4606 1086 4676 qui
1170 4605 1277 4675 ipsi
1336 4603 1589 4668 debetur,
1633 4603 1810 4656 latria‘.
1868 4602 2046 4669 cultu,

472 4706 764 4776 ipsumque
793 4715 891 4756 ceu
923 4706 1230 4756 creatorem
1265 4704 1320 4753 et
1350 4694 1658 4751 beneﬁcum
1687 4708 2004 4750 reveremur
2031 4709 2045 4747 :

474 4794 698 4866 angelos
727 4807 878 4858 vero,
912 4789 1120 4860 Deique
1159 4787 1419 4854 famulos,
1472 4786 1542 4841 ad
1596 4785 1689 4840 Dei
1729 4785 1906 4856 ipsius
1934 4787 2052 4858 glo-

473 4887 639 4950 riam,
678 4893 940 4954 tanquam
973 4896 1064 4938 res
1099 4895 1129 4934 a
1161 4879 1271 4935 Deo
1325 4877 1597 4942 conditas,
1651 4877 1812 4947 eique
1858 4877 2049 4947 subje-

473 4984 613 5032 ctas.
653 4973 839 5044 Imago
897 4971 1167 5042 siquidem
1217 4978 1302 5025 est
1364 4981 1564 5023 nomen
1622 4966 2046 5037 similitudoque

473 5068 622 5124 illius
655 5066 751 5137 qui
784 5065 839 5120 in
867 5064 981 5134 ipsa
1011 5061 1261 5131 depictus
1294 5071 1398 5115 est.
1428 5057 1793 5125 Quamobrem
1826 5057 2041 5113 Domini

476 5167 910 5225 sanctorumque
936 5153 1329 5224 prophetarum
1376 5148 1681 5212 cruciatus,
1713 5148 1806 5217 qui
1835 5146 1890 5200 in
1927 5147 2046 5218 lege

475 5260 530 5306 ct
587 5247 894 5322 Evangeliis
951 5243 1215 5314 descripti
1265 5249 1416 5307 sunt,
1475 5247 1591 5294 tum
1655 5252 1752 5308 per
1805 5237 2045 5304 litteras,

474 5352 593 5398 tum
639 5359 738 5414 per
793 5340 1093 5410 imaginum
1151 5333 1559 5407 expressiones,
1612 5329 1670 5387 in
1721 5328 2043 5386 memoriam

479 5449 694 5506 semper
722 5445 1067 5493 revocamus.
1097 5447 1119 5483 ι

2148 4614 2427 4686 τρέμομεν
2473 4615 2550 4680 ὡς
2589 4614 2820 4687 ποιητὴν
2856 4615 2951 4670 καὶ
2994 4616 3230 4689 χορηγὸν
3269 4618 3464 4688 ἡμῶν·
3508 4618 3648 4682 τοὺς
3679 4619 3744 4674 δὲ

2149 4705 2419 4774 ἀγγέλους
2463 4705 2824 4780 καὶὶδούλους
2865 4707 2960 4761 τοῦ
3009 4707 3146 4761 Θεοῦ
3201 4708 3345 4762 κατὰ
3412 4708 3589 4780 τιμὴν
3637 4709 3740 4762 τοῦ

2147 4796 2283 4849 Θεοῦ
2310 4835 2326 4861 ,
2375 4797 2452 4860 ὡς
2507 4797 2794 4868 ποιήματα
2835 4797 2932 4850 τοῦ
2965 4796 3102 4851 Θεοῦ
3143 4800 3237 4852 καὶ
3279 4796 3502 4862 δούλους
3535 4798 3736 4854 αὑτοῦ.

2147 4889 2326 4946 Εἰκὼν
2368 4889 2478 4962 γάρ
2524 4891 2674 4943 ἐστιν
2713 4889 2886 4961 ϐνομα
2936 4890 3034 4943 καὶ
3070 4889 3329 4960 ὁμοίωσις
3354 4888 3451 4943 τοῦ
3491 4893 3552 4945 ὲν
3590 4891 3738 4964 αὐτῇ

2149 4982 2468 5054 γραφέντος.
2501 4981 2593 5036 Διὸ
2624 4985 2718 5037 καὶ
2748 4983 3044 5054 γράμμασι
3085 4983 3180 5036 καὶ
3232 4982 3593 5054 χαράγμασιν
3645 4984 3740 5038 ἀεὶ

2153 5072 2566 5144 μνημονεύομεν
2593 5073 2702 5128 τῶν
2728 5074 2825 5128 τοῦ
2861 5075 3066 5145 Κυρίου
3101 5073 3467 5145 παθημάτων,
3494 5075 3595 5128 καὶ
3623 5075 3740 5132 τῶν

2150 5162 2322 5231 ἁγίων
2374 5163 2672 5235 προφητῶν
2694 5202 2710 5230 ,
2756 5163 2866 5219 τῶν
2911 5165 2970 5218 ὲν
3021 5163 3173 5236 νόμῳ
3228 5164 3326 5220 καὶ
3370 5163 3740 5233 Εὐαγγελίοις

2149 5258 2568 5330 γεγραμμένων.
2611 5275 2631 5311 ι

1993 5607 2223 5664 NOTAE.

479 5813 510 5858 ⁸
554 5725 675 5858 (5‘0)
735 5725 961 5785 Deorum
1019 5727 1246 5800 utique,
1300 5727 1416 5786 sive
1465 5727 1767 5795 idolorum;

521 5819 589 5858 un
631 5834 652 5851 ο

521 5819 652 5862 υηιο

1859 5733 1918 5782 ιιι
1970 5741 2079 5784 non
2150 5726 2294 5783 male
2348 5723 2884 5798 Christophorsonus
2947 5731 3000 5781 ct
3069 5719 3322 5779 Valesius
3380 5717 3730 5794 interpretati

3610 395 3768 457 1376
3855 427 3882 466 θ

3865 1619 3882 1714 λ
