3904 6358
218 314 251 378 1
272 320 401 385 37.7
1366 314 1465 376 DE
1492 309 1953 375 IMAGINIBUS
1982 308 2263 368 ORATIO
2295 308 2411 368 III.
3390 310 3533 392 1373

226 430 386 486 Τοῦ
419 427 593 499 ἁγίου
649 426 977 499 Γρηγορίω
1011 423 1352 499 Νιιζὶανζοῦ,
1399 426 1490 499 ἐκ-
1511 423 1617 499 τοῦ
1657 423 1845 492 λόγου

1958 418 2107 489 371
2135 417 2327 474 Sancti
2348 418 2583 499 Πίεροήὶ
2615 417 2974 484 Nazianzeni,
2993 420 3320 499 e:_c_oratione
3345 434 3535 479 contra

438 486 546 556 τοῦ
590 486 1121 552 καίὰῚιὸυλιανοῦί
1145 495 1251 550 τοῦ
1294 486 1660 563 παραϐάτου.
1745 486 1757 492 ⁷

1964 486 1991 489 Ῠ
2016 486 2037 489 ί
2078 486 2103 487 η
2365 486 2646 542 lulianum
2689 498 2992 557 apostatam
3030 491 3096 544 “.

335 608 367 643 ε
400 582 475 645 Οὖ
507 588 576 643 τὰ
615 588 861 658 σύμϐολα
895 587 994 658 τῆς
1035 586 1128 640 ἐπὶ
1152 584 1328 657 τούτῳ
1358 584 1596 656 πληγῆς,
1620 583 1678 637 αἱ
1706 583 1850 636 εἰκό-

2022 593 2043 629 ι
2084 575 2265 647 Hujus
2312 579 2515 649 quippe
2549 579 2790 635 vnlneris
2830 579 2989 651 signa
3020 589 3285 649 promunt
3330 584 3527 655 imagi—

216 696 353 743 νες
384 680 657 751 φέρουσιν,
696 677 779 730 ἔτι
802 677 1062 748 δημοσίαι
1095 674 1475 747 προκείμεναι.
1507 691 1526 725 ι

1958 685 2047 726 nes
2075 671 2131 725 in
2163 670 2304 727 locis
2334 672 2572 741 publicis
2597 680 2816 726 erectae.
2849 690 2868 723 ι

223 769 384 825 Τοῦ
410 769 843 840 Χρυσοστόμου
883 768 1017 840 (Si),
1056 767 1126 840 ἐκ
1145 764 1271 840 ,τῆς
1285 764 1599 835 ἑρμηνείας
1629 760 1737 817 τοῦ
1763 761 1849 815 διο

1958 761 2133 817 Sancti
2198 761 2428 818 Joannis
2490 763 2898 840 Cbrysostonti‘,
2960 776 3027 817 ea:
3079 762 3419 818 enarratione
3475 764 3532 820 in

878 832 1052 893 καίου
1106 832 1253 891 Ἰὼϐ.
1312 832 1359 835 θ’
1422 832 1428 834 ⁷

2540 832 2752 902 justum
2782 832 2907 887 Job.

120 986 127 1001 ,
327 949 357 984 ι
413 931 504 987 Ἐν
526 930 743 994 τούτοις
784 930 922 983 πᾶσι
961 931 1077 992 τοῖς
1125 926 1529 999 συμϐεϐηκόσιν
1553 923 1722 995 αὐτῷ,
1747 924 1849 977 οὐκ

2021 938 2041 973 ι
2074 921 2133 976 In
2173 922 2259 977 bis
2312 922 2576 978 omnibus
2622 938 2745 993 qua:
2801 922 2904 992 ipsi
2957 921 3327 993 contigerunt,
3393 921 3532 976 nihil

215 1021 467 1076 ἔδωκεν
500 1021 814 1093 ἀφροσύνην
850 1019 928 1092 τῷ
964 1019 1118 1092 Θεῷο
1168 1018 1420 1090 καθάπερ
1447 1017 1540 1071 ἐπὶ
1569 1014 1678 1070 τῶν
1704 1013 1848 1068 είκό-

1958 1012 2278 1082 insipienter
2322 1014 2591 1070 adversus
2627 1013 2796 1070 Deum
2846 1014 3066 1069 locutus
3098 1021 3204 1070 est.
3253 1012 3530 1080 Quemad-

213 1127 396 1175 νων,
424 1111 643 1165 ἐπειδάν
679 1127 801 1164 τινα
825 1110 1127 1181 γράφωμεν
1163 1109 1221 1162 ὲν
1244 1109 1310 1178 τῇ
1352 1108 1597 1177 ἱστορικῇ
1636 1105 1846 1174 γραφῇ,

1958 1104 2262 1160 modumin
2314 1105 2651 1176 imaginibus
2690 1121 2814 1161 cum
2867 1105 3186 1176 cujuspiam
3250 1107 3533 1176 pinximns

232 1203 326 1256 Ὀ
382 1202 551 1256 δεῖνα
589 1202 866 1270 ἀνέθηκε,
914 1201 1224 1272 γράφομεν,
1274 1197 1417 1251 οὕτω
1466 1197 1559 1250 καὶ
1588 1194 1844 1260 ἐνταῦθα,

1958 1195 2237 1250 historiam
2266 1234 2281 1260 ,
2330 1196 2612 1251 ascribere
2665 1196 2912 1251 solemus
2964 1214 2977 1249 :
3044 1193 3121 1248 Ν.
3170 1196 3530 1258 consecravit,-

213 1292 358 1365 τὴν
397 1293 578 1347 εἰκόνα
599 1294 698 1363 τῆς
726 1292 904 1363 ψυχῆς
926 1290 1088 1346 αὐτοῦ
1116 1289 1352 1361 γράψας,
1389 1290 1417 1341 ὁ
1440 1287 1656 1359 γράψας
1677 1285 1737 1339 τὺ
1766 1285 1848 1357 βι-

1958 1289 2033 1345 sic
2086 1291 2181 1359 qui
2235 1289 2437 1345 librum
2499 1290 2646 1344 hunc
2699 1290 2942 1361 scripsit,
2991 1297 3281 1360 postquam
3332 1290 3532 1344 animae

218 1385 436 1452 σλίον,
460 1385 648 1456 ὥσπερ
686 1385 742 1437 ὲν
766 1381 1014 1454 χοινικίδι
1042 1382 1287 1436 κάτωθεν
1322 1381 1653 1449 ὑπογράφων
1674 1377 1843 1447 λέγει·

1958 1381 2099 1436 illius
2134 1380 2428 1451 imaginem
2458 1380 2773 1446 delineavit,
2816 1381 2963 1436 velut
3013 1381 3071 1435 in
3118 1389 3363 1436 extrema
3412 1395 3531 1432 mo-

235 1474 381 1531 Ἐν
423 1477 656 1541 τούτοις
696 1474 849 1529 πᾶσι
895 1473 1019 1541 τοῖς
1048 1473 1499 1544 συμϐεϐηκόσιν
1527 1468 1686 1537 αὑτῷ
1729 1472 1843 1540 οὐχ

1958 1471 2077 1527 dioli
2103 1478 2263 1541 parte
2285 1470 2678 1536 subscribens,
2718 1470 2856 1524 dixit
2888 1487 2901 1523 :
2944 1468 3010 1524 In
3044 1471 3282 1525 omnibus
3312 1470 3391 1524 his
3418 1484 3534 1539 qua:

222 1567 534 1636 ’ἥμαρτεν
577 1565 719 1622 Ἰὼϐ.
759 1584 777 1617 ι

1958 1560 2259 1615 acciderunt
2280 1562 2404 1630 ipsi,
2438 1577 2541 1615 non
2575 1560 2805 1628 peccavit
2832 1559 2933 1613 Job
2973 1558 3045 1613 ⁸³.
3087 1578 3106 1613 ι

220 1659 352 1711 Ἐκ
389 1657 499 1712 τοῦ
513 1658 660 1722 ,ϐίου
678 1659 783 1712 τοῦ
804 1658 979 1729 ἁγίου
1004 1657 1489 1721 Κωνσταντίνου,
1502 1655 1752 1721 βιϐλίου
1774 1651 1845 1708 δ’.

2054 1651 2122 1709 In
2160 1653 2282 1707 Vita
2307 1654 2478 1708 sancti
2505 1651 2844 1708 Constantini
2883 1650 3015 1704 libro
3044 1667 3096 1706 tv
3133 1650 3277 1721 (cap.
3314 1649 3425 1722 15).

326 1765 350 1799 ε
395 1747 537 1817 "Dan
570 1746 625 1800 δὲ
655 1748 819 1802 αὐτοῦ
852 1750 884 1820 ἠ
915 1748 1094 1819 ψυχὴ,
1128 1748 1364 1811 πίστεως
1402 1745 1588 1800 ἐνθέου
1628 1747 1845 1816 ἐστήρι-

2022 1761 2042 1795 ι
2077 1742 2296 1810 Quanto
2336 1750 2519 1798 autem
2566 1741 2690 1797 tidei
2719 1742 2918 1797 robore
2959 1741 3183 1797 animus
3216 1742 3336 1811 ejus
3368 1741 3534 1797 obﬁr-

226 1855 353 1891 κτο
384 1837 634 1909 δυνάμει,
666 1839 825 1908 μάθοι
856 1839 922 1893 ἄν
948 1857 1031 1903 τις
1061 1839 1155 1892 καὶ
1197 1841 1260 1892 ἐκ
1300 1837 1475 1903 τοῦδε,
1499 1837 1848 1908 λογιζόμενος

1958 1842 2140 1890 matus
2170 1832 2352 1898 fuerit,
2386 1848 2454 1888 ex
2489 1847 2554 1889 eo
2577 1833 2789 1903 quisvis
2819 1831 3110 1901 intelligat,
3143 1831 3286 1902 quod
3341 1834 3525 1887 aureis

226 1930 325 1992 ὡς
351 1930 422 1981 ὲν
440 1930 552 1992 τοῖς
571 1931 792 1999 χρυσοῖς
812 1929 1162 2000 νομίσμασιν,
1184 1928 1343 1993 αύτδς
1367 1927 1465 2000 τὴν
1481 1928 1545 1980 αὑ
1556 1925 1645 1980 τοῦ
1665 1926 1849 1980 εἰκόνα.

1958 1925 2009 1980 in
2042 1925 2283 1981 nummis
2310 1939 2465 1981 suam
2497 1924 2616 1993 ipse
2647 1923 2943 1994 imaginem
2983 1922 3059 1975 ita
3094 1922 3356 1992 cogitavit
3382 1922 3534 1978 effin-

224 2020 611 2091 διεγράφετο,
662 2020 739 2086 ὡς
773 2022 886 2076 ἄνω
926 2020 1145 2092 βλέπειν
1188 2022 1400 2088 δοκεῖν,
1436 2020 1847 2092 ἀνατεταμένην

1958 2015 2228 2086 gendam,
2267 2024 2326 2071 ut
2379 2016 2436 2070 in
2482 2014 2850 2085 supplicantis
2894 2013 3115 2067 modum
3160 2026 3423 2067 conversa
3465 2010 3535 2065 ad

230 2112 403 2183 πρὸς
425 2112 580 2180 Θεὸν,
603 2113 900 2184 εὐχομένου
927 2114 1148 2185 τρόπον.
1180 2113 1382 2167 Τούτου
1420 2113 1518 2184 μὲν
1538 2107 1630 2167 οῦν
1659 2112 1729 2166 τά
1758 2114 1850 2165 ὲκ-

1958 2107 2127 2163 Deum
2186 2107 2349 2173 facie,
2401 2115 2653 2178 spectare
2707 2120 2930 2162 sursum
2983 2102 3288 2162 videretur.
3351 2102 3535 2172 Atque

229 2202 592 2274 τυπώματα,
631 2204 749 2258 καθ’
781 2205 909 2276 ὅλης
934 2206 1032 2276 τῆς
1068 2204 1356 2277 Ῥωμαίων
1378 2205 1479 2276 γῆς
1506 2218 1555 2270 ι,
1589 2205 1646 2258 ἐν
1666 2205 1849 2268 αὐτοῖς

1958 2198 2075 2269 ejus
2105 2198 2328 2269 quidem
2362 2198 2565 2269 eﬂigies
2597 2199 2879 2269 impressa:
2917 2211 3015 2266 per
3065 2196 3377 2251 universam
3419 2192 3533 2250 Ro-

226 2296 299 2349 δὲ
332 2297 463 2358 τοῖς
493 2295 782 2365 βασιλείοις
832 2297 975 2351 κατά
1019 2316 1169 2361 τινας
1193 2297 1397 2362 πόλεις,
1436 2300 1493 2350 ὲν
1534 2299 1652 2361 ταῖς
1682 2299 1761 2360 εἱς
1788 2297 1849 2351 τὸ

1958 2305 2243 2345 manorum
2264 2290 2540 2369 ditionem
2594 2289 3017 2360 spargebantur.
3055 2286 3400 2354 Quibusdam
3435 2302 3536 2342 au-

234 2386 545 2460 μετέωρον
565 2387 675 2441 τῶν
704 2389 995 2461 προπύλων
1019 2390 1407 2460 ἀνακειμένοις
1431 2390 1652 2454 εἰκόσιν,
1679 2388 1849 2453 ἑστὼς

230 2477 447 2548 ὄρθιος
474 2478 767 2551 ἐγράφετο,
804 2481 915 2535 ἄνω
940 2480 1040 2551 μὲν
1070 2481 1152 2545 εἰς
1171 2480 1263 2534 τὸν
1283 2479 1512 2551 οὐρανὸν
1536 2478 1847 2550 ἐμϐλέπων,

235 2573 330 2626 τὼ
358 2573 515 2642 χεῖρε
548 2572 913 2643 ὲκτεταμένω,
965 2572 1260 2645 εὐχομένου
1290 2574 1551 2643 σχήματι.
1580 2566 1709 2625 Ὧδε
1750 2572 1851 2643 μὲν

178 2662 187 2669 ’
235 2658 348 2718 οὖν
382 2662 551 2728 οιύτὺς
592 2664 785 2719 ἑαυτὸν
832 2664 891 2718 ὲν
920 2667 1041 2730 ταῖς
1090 2664 1528 2736 είκονογραφίαις
1557 2664 1850 2736 εὐχόμενον

242 2757 492 2830 Evasi.
534 2774 554 2809 ι

1955 2388 2063 2436 tem
2118 2381 2175 2435 in
2227 2380 2544 2436 civitatibus
2575 2380 2631 2434 in
2664 2377 3018 2435 eminentiori
3070 2378 3345 2448 regiarum
3392 2377 3540 2447 ipsa-

1955 2486 2078 2526 rum
2139 2471 2387 2541 porticus
2439 2478 2599 2541 parte
2655 2470 2922 2541 imagines
2984 2469 3158 2540 ipsius
3213 2470 3291 2523 ita
3348 2467 3540 2540 depin-

1956 2562 2241 2633 gebantur,
2275 2570 2339 2616 ut
2372 2572 2558 2618 rectus
2590 2561 2729 2631 ipse,
2759 2560 3150 2631 protensisque
3181 2558 3540 2629 supplicantis

1956 2668 2110 2709 more
2144 2653 2398 2710 manibus
2434 2662 2612 2721 stans,
2660 2655 2860 2710 coelum
2904 2652 3235 2722 suspiceret.
3285 2649 3378 2705 Sic
3410 2666 3540 2723 ergo

1957 2750 2201 2818 seipsum
2257 2749 2313 2803 in
2368 2749 2602 2821 picturis
2666 2747 2945 2819 precantis
2992 2746 3184 2803 habitu
3238 2759 3541 2819 repraesen-

1957 2838 2130 2912 tabat.
2171 2858 2192 2892 ι

504 2931 614 2985 Τοῦ
637 2931 846 2999 αὐτοῦ,
875 2930 944 2985 ἐκ
978 2930 1084 2987 τοῦ
1112 2930 1313 2999 τρίτου
1335 2930 1602 2996 βιϐλίου.

2387 2930 2644 2999 Ejusdem
2673 2947 2739 2987 ea:
2768 2931 2901 2987 libro
2936 2931 3115 2987 tertio.

330 3041 351 3075 ι
384 3014 522 3077 ’Ὧδε
554 3021 653 3092 μὲν
682 3019 776 3075 οῦν
801 3025 833 3092 ἡ
872 3022 1137 3091 βασιλέως
1164 3021 1461 3097 ἐτελειοῦτο
1495 3023 1700 3094 μήτηρ,
1724 3021 1852 3086 ἀξία

2034 3042 2053 3077 ι
2090 3025 2208 3080 Hoc
2247 3024 2413 3095 igitur
2446 3024 2611 3079 modo
2642 3024 2995 3094 imperatoris
3025 3030 3200 3078 mater
3226 3020 3414 3099 vivere
3444 3021 3539 3077 dc-

245 3134 312 3170 τε
345 3116 523 3186 τιμῆς
556 3114 832 3185 πλείστης,
896 3114 1003 3168 τῶν
1054 3132 1115 3167 τε
1156 3114 1329 3185 αὐτῆς
1370 3115 1534 3169 ἕνεκα
1590 3113 1852 3183 θεοφιλῶν

1958 3116 2067 3197 siit,
2092 3131 2239 3187 quae,
2262 3130 2386 3171 cum
2418 3123 2645 3186 propter
2691 3116 2976 3185 religionis
3005 3130 3069 3170 ac
3098 3115 3318 3186 pietatis
3347 3130 3540 3185 opera,

247 3207 544 3280 πράξεων,
579 3206 674 3261 τοῦ
726 3222 785 3259 τε
840 3204 901 3271 ἐξ
951 3207 1124 3278 αὐτῆς
1177 3205 1374 3277 φύντος
1408 3205 1720 3277 ὑπερφυοῦς
1756 3208 1853 3260 καὶ

249 3298 573 3371 παραδόξου
622 3298 792 3367 φυτοῦ
813 3313 826 3328 ·
874 3297 933 3352 ὃν
964 3298 1100 3368 πρὸς
1150 3300 1264 3361 τοῖς
1292 3298 1486 3365 ἅπασι,
1525 3297 1621 3353 καὶ
1646 3298 1746 3369 τῆς
1773 3299 1854 3361 είς

248 3393 356 3461 τὴν
378 3388 798 3460 γεννησαμένην
819 3390 992 3454 ὁσίας,
1019 3389 1342 3459 μακαρίζειν
1365 3390 1534 3456 ἄξιον.
1570 3389 1728 3443 Οὕτω
1753 3390 1852 3460 μὲν

250 3480 433 3551 αὐτὴν
456 3479 684 3550 θεοσεϐῆ
707 3482 1150 3549 καταστήσαντα,
1187 3478 1261 3550 μὴ
1282 3475 1446 3534 οὖσαν
1475 3480 1535 3533 τὸ
1566 3481 1851 3551 πρότερον,

250 3573 333 3637 ὡς
367 3569 529 3642 αύτῷ
560 3571 736 3625 δοκεῖν
766 3572 830 3625 ὲκ
865 3570 1087 3642 πρώτης
1108 3569 1186 3642 τῷ
1222 3570 1387 3641 κοινῷ
1429 3571 1645 3641 Σωτῆρι
1673 3571 1853 3643 μεμά-

253 3644 566 3733 θητξῦσοαι
587 3677 600 3693 ο
644 3660 788 3714 οὕτω
825 3660 881 3713 δὲ
903 3659 982 3731 τῷ
1015 3658 1289 3731 ἀξιώματι
1334 3658 1601 3730 βασιλικῷ
1629 3677 1853 3732 τετιμη-

253 3752 417 3817 κότα,
448 3750 532 3815 ὡς
550 3752 608 3805 ὲν
636 3750 837 3805 ἅπασιν
858 3750 1057 3816 ἔθνεσι,
1084 3750 1181 3804 καὶ
1201 3749 1331 3821 παρ’
1351 3750 1536 3813 αὐτοῖς
1557 3752 1668 3815 τοῖς
1691 3768 1853 3822 στρα-

252 3844 541 3905 τιωτικοῖς
586 3843 883 3913 τάγμασιν,
915 3843 1275 3912 Αὐγούσταν
1305 3840 1604 3905 βασιλίδα
1654 3841 1852 3910 ἀναγο-

259 3932 553 4004 ρεύεσθαι,
584 3935 809 4003 χρυσοῖς
843 3950 902 3986 τε
933 3932 1233 4004 νομίσμασι
1263 3930 1359 3984 καὶ
1380 3929 1478 4001 τὴν
1503 3930 1674 4001 αὐτῇς
1695 3932 1854 3984 ὲκτυ-

256 4029 506 4086 ποῦσθπι
530 4026 734 4081 εἰκόνα.
772 4044 792 4079 ι

415 4289 531 4346 Τοῦ
563 4286 751 4343 αὐτοῦ
785 4284 1067 4356 τετάρτου
1098 4284 1308 4355 λόγου,
1354 4284 1568 4353 κεφαλ.
1600 4281 1709 4349 ἔθ’.

342 4402 363 4436 ι
396 4384 462 4436 Οἱ
482 4380 543 4435 δὲ
574 4379 674 4451 τὴν
695 4377 942 4449 βασιλίδα
966 4376 1119 4430 πόλιν
1144 4374 1437 4441 οἰκοῦντες,
1462 4373 1601 4446 αύτῇ
1629 4376 1695 4446 τῇ
1719 4389 1850 4442 συγ-

188 4436 223 4453 ιγ

1955 3209 2150 3265 bonori
2189 3209 2426 3277 plurimo
2469 3208 2635 3279 digna
2683 3206 2807 3274 fuit,
2841 3216 2957 3262 tum
2996 3214 3220 3279 propter
3257 3207 3540 3263 excellen-

1957 3308 2064 3355 tem
2087 3306 2143 3354 et
2174 3298 2558 3354 admirabilem
2595 3298 2839 3370 plantam
2876 3298 3028 3353 illam
3060 3311 3229 3369 quam
3260 3311 3329 3353 ex
3353 3313 3413 3354 se
3441 3312 3537 3367 ge-

1954 3391 2106 3454 nuit;
2148 3404 2319 3459 quem
2349 3388 2592 3459 quidem,
2625 3403 2751 3443 cum
2790 3389 3054 3445 omnibus
3085 3388 3211 3443 aliis
3235 3386 3304 3444 de
3331 3388 3539 3453 causis,

1953 3489 2069 3535 tum
2102 3479 2173 3533 ob
2201 3480 2324 3549 ejus
2349 3493 2479 3549 erga
2507 3487 2744 3533 matrem
2776 3479 3034 3549 pietatem
3077 3480 3299 3535 beatum
3342 3479 3541 3549 praedi-

1954 3585 2083 3627 care
2112 3571 2420 3627 debemus:
2474 3569 2681 3640 quippe
2724 3570 2821 3640 qui
2874 3570 3044 3637 illam,
3077 3584 3202 3625 cum
3237 3569 3335 3625 Dei
3365 3570 3539 3625 cultui

1953 3660 2169 3717 addicta
2194 3661 2347 3732 prius
2377 3676 2488 3715 non
2518 3667 2685 3726 esset,
2720 3661 2805 3717 sic
2834 3660 3155 3730 religiosam
3188 3659 3447 3728 reddidit,
3481 3673 3541 3717 ut

1954 3767 1984 3807 a
2016 3753 2276 3824 primaeva
2314 3758 2476 3807 aetate
2528 3765 2561 3806 a
2610 3752 2895 3807 communi
2946 3752 3195 3807 omnium
3256 3751 3543 3809 Salvatore

1951 3844 2165 3900 erudita
2195 3842 2494 3899 videretur.
2521 3842 2699 3913 Ipsam
2723 3843 2946 3898 demum
2982 3843 3337 3914 imperatoria
3365 3842 3543 3914 digni-

1952 3940 2063 3986 tate
2093 3932 2493 3995 cohonestavit,
2525 3940 2586 3987 ut
2632 3933 2775 4003 apud
2812 3947 3003 3990 omnes
3033 3941 3225 4004 gentes
3247 3976 3264 4002 ,
3320 3948 3539 3990 necnon

1953 4020 2096 4092 apud
2116 4023 2378 4093 ipsasmet
2394 4023 2631 4079 militum
2659 4023 2940 4090 cohortes,
2968 4026 3281 4093 imperatria:
3300 4025 3540 4097 Augusta

1952 4112 2421 4183 proclamaretur,
2450 4113 2740 4185 imagoque
2773 4113 2897 4183 eius
2926 4112 3178 4171 nummis
3206 4114 3393 4171 aureis
3430 4115 3538 4170 im-

1953 4205 2301 4276 primeretur.
2346 4222 2367 4257 ι

2309 4294 2565 4365 Ejusdem
2594 4309 2660 4350 ea:
2693 4294 2829 4350 libro
2859 4309 2934 4361 iv,
2966 4309 3085 4364 cap.
3118 4294 3209 4352 69.

2032 4406 2050 4439 ι
2085 4385 2190 4453 Qui
2241 4402 2372 4443 vero
2415 4387 2608 4443 urbem
2640 4387 2846 4458 regiam
2887 4386 3226 4454 incolebant,
3270 4401 3380 4442 una
3412 4401 3538 4445 cum

242 4448 456 4557 ξκλήτῳ
487 4472 584 4526 καὶ
614 4448 772 4542 δήμῳ
826 4468 1111 4540 Ῥωμαίων
1136 4508 1150 4534 ,
1201 4468 1276 4531 ὡς
1307 4466 1425 4557 τὴν¹
1450 4466 1713 4557 ββσκιλέξιές
1757 4468 1852 4519 έπ-

1961 4448 2155 4534 senatu
2185 4480 2498 4550 populoque
2528 4448 2801 4546 Romano,
2835 4479 2927 4536 ubi
2961 4448 3540 4550 primum'imperato-

250 4544 520 4635 Ῐέγνωσαν
543 4562 797 4630 τελευτὴν
823 4603 839 4628 ,
877 4561 1022 4632 δεινῇ
1068 4559 1165 4613 καὶ
1210 4562 1389 4630 πάσης
1420 4544 1723 4629 ἢσυμξρορἷῖις
1754 4558 1856 4611 έπ-

277 4658 457 4713 έκεινα
483 4658 551 4727 τῇ
583 4656 720 4725 ἀκοῇ
752 4653 1047 4724 δεδεμένοι,
1070 4652 1265 4714 πένθος
1294 4652 1521 4721 ἄσχετον
1551 4649 1854 4704 ἐποιοῦντο.

144 4798 147 4815 ρ
236 4820 239 4823 Α
279 4752 491 4823 Λουτρὰ
520 4749 576 4802 δὲ
604 4748 956 4803 ἁπεκλείοντο
976 4747 1070 4799 καὶ
1089 4746 1305 4816 ἀγοραὶ,
1331 4744 1502 4816 πάνδη
1513 4744 1601 4815 μοί
1621 4761 1681 4797 τε
1712 4742 1853 4808 θέαι,

110 4824 153 4855 δῖ
210 4832 247 4851 ⁸⁸⁸
283 4844 374 4896 καὶ
410 4843 589 4897 πάντα
625 4840 725 4893 ὅσα
758 4839 850 4891 ἐπὶ
876 4837 1127 4911 ῥᾳστώνῃ
1155 4839 1270 4908 βίου
1296 4840 1411 4903 τοῖς
1431 4836 1856 4907 εὐθυμουμένοις

282 4934 537 5004 πράττειν
570 4931 690 4996 ἔθος
725 4927 815 5002 ἦν.
851 4932 1131 5001 Κατηφεῖς
1174 4930 1230 4982 δὲ
1286 4930 1334 4983 οἱ
1364 4929 1528 4983 πάλαι
1566 4928 1849 4999 τρυφηλοὶ,

285 5024 378 5087 τὰς
413 5024 670 5096 προόδους
702 5023 982 5077 ἐποιοῦντο
1003 5038 1015 5051 ⁸
1068 5023 1201 5092 ὁμοῦ
1226 5040 1284 5075 τε
1317 5022 1519 5086 πάντες
1551 5021 1643 5074 τὸν
1674 5022 1852 5091 μακά-

289 5133 397 5186 ριον
443 5115 814 5187 ἀνευφήμουν,
864 5115 956 5168 τὸν
992 5114 1236 5183 θεοφιλῆ,
1273 5113 1365 5167 τὸν
1409 5112 1485 5177 ὡς
1514 5112 1728 5183 ἀληθῶς
1757 5112 1855 5181 τῆς

385 5297 428 5329 ⁸³
463 5295 675 5350 lnvect.
704 5294 923 5363 t,p.93.
997 5293 1043 5325 ⁸³
1070 5292 1172 5348 Job
1220 5308 1258 5356 ι,
1298 5291 1389 5347 22.

1955 4568 2038 4626 ris
2075 4571 2285 4625 obitum
2320 4580 2670 4642 acceperunt,
2697 4572 2896 4629 acerbo
2924 4577 2981 4626 et
3007 4570 3202 4642 quavis
3226 4570 3540 4627 calamitate

1958 4660 2197 4733 graviori
2224 4662 2420 4717 nuntio
2448 4664 2713 4733 perculsi,
2748 4664 2959 4719 nullum
2990 4662 3165 4719 luctui
3188 4662 3410 4717 modum
3441 4678 3538 4733 po-

1957 4758 2206 4805 suerunt.
2242 4750 2459 4807 Balnea:
2502 4760 2557 4807 et
2588 4754 2707 4807 [ora
2736 4753 2921 4808 clausa
2968 4761 3118 4817 sunt,
3149 4752 3367 4823 publica
3397 4767 3538 4821 quo-

1956 4854 2067 4909 que
2107 4841 2447 4909 spectacula,
2470 4848 2525 4897 et
2550 4855 2897 4912 quaecunque
2923 4840 3180 4896 homines
3220 4841 3334 4895 otio
3361 4839 3534 4895 dediti

1957 4941 2011 4985 et
2036 4930 2197 5000 genio
2230 4931 2576 5003 indulgentes
2611 4932 2921 4988 consectari
2972 4932 3173 4998 solent,
3218 4930 3535 4987 intermissa

1960 5031 2108 5077 sunt.
2149 5023 2255 5089 Qui
2291 5032 2417 5079 ante
2465 5025 2520 5079 in
2571 5024 2785 5081 deliciis
2832 5023 3214 5088 versabantur,
3274 5020 3531 5093 vnltujin

1960 5124 2161 5171 terram
2199 5116 2436 5191 demisso
2469 5118 2727 5174 incedere
2756 5132 2975 5190 unaque
3005 5129 3194 5174 omnes
3234 5125 3370 5170 voce
3402 5110 3533 5167 bea-

1576 5382 1812 5441 VARUE
1846 5383 2254 5441 LECTIONES.

362 5516 390 5549 ι
418 5502 582 5593 Deest
613 5520 718 5561 vox
745 5503 1044 5574 διέτρεχεν,
1080 5519 1142 5560 ex
1177 5501 1415 5559 Eusebio
1448 5502 1791 5572 supplenda.-

1793 5612 2024 5668 NOTAE.

368 5734 473 5806 (Si)
508 5734 565 5792 S.
619 5734 998 5807 Cbrysostomi
1058 5733 1440 5791 commentarii
1477 5732 1532 5788 in
1592 5731 1694 5789 Job
1743 5731 2045 5805 fragmenta
2072 5738 2287 5788 exstant
2320 5730 2374 5786 in
2404 5739 2597 5787 catena
2628 5726 2801 5785 Junii.
