3904 6358
232 317 396 384 1381

1362 320 1460 383 DE
1494 315 1955 381 IMAGINIBUS
1984 317 2267 378 ORATIO
2306 319 2420 379 III.

3380 323 3514 390 1382

226 406 361 486 Ἐκ
391 448 496 487 του
518 430 844 501 μαρτυρίου
867 428 973 482 τοῦ
996 431 1168 501 ἁγίου
1195 430 1552 496 Εὑσταθίου,
1590 431 1695 485 τοῦ
1736 431 1825 483 καί

2032 425 2114 480 Ea:
2145 429 2400 497 martyrio
2432 428 2601 481 sancti
2633 426 2921 495 Eustathii,
2948 428 3036 497 qui
3063 438 3110 483 et
3147 428 3417 494 Placidus,

890 499 1182 555 Πλακίδα.

320 605 347 643 ι
409 589 744 656 Ἐξελθόντος
780 588 945 644 αὐτοῦ
979 592 1037 646 ἐν
1074 593 1174 664 μιᾷ
1202 592 1386 665 ἡμέρᾳ
1428 593 1570 648 κατά
1618 593 1679 648 τὸ
1710 594 1832 647 σύν-

224 680 387 753 ηθες
448 680 539 736 ἐπὶ
572 678 642 734 τά
696 681 797 754 ὅρη
830 682 1096 754 θηρεῦσαι
1148 684 1285 755 μετά
1314 684 1408 738 τοῦ
1440 685 1829 757 στρατοπέδου,

224 774 343 827 καὶ
381 772 563 845 πάσης
584 773 683 843 τῆς
707 772 1021 845 θεραπείας,
1056 775 1211 846 ὤφθη
1236 776 1383 849 αὐτῷ
1418 778 1588 851 ἀγέλη
1617 778 1833 848 ἐλάφων

226 865 585 935 βοσκομένη.
613 866 721 919 Καὶ
736 865 1033 937 διαστήσας
1049 867 1191 921 κατὰ
1216 867 1277 922 τὸ
1305 868 1534 940 σύνηθες
1553 870 1646 923 τὸν
1668 886 1832 941 στρα·

221 954 357 1021 τὸν,
397 955 633 1009 ἐποιεῖτο
660 956 762 1027 τὴν
806 956 925 1011 κατ’
957 957 1136 1011 αὐτῶν
1172 956 1375 1024 δίωξιν.
1419 956 1629 1021 Παντὸς
1654 957 1709 1013 δὲ
1737 960 1830 1013 τοῦ

225 1044 489 1115 στρατοῦ
516 1045 609 1098 ἐπὶ
634 1045 733 1116 τὴν
754 1045 1015 1117 σύλληψιν
1043 1048 1441 1120 ἀσχολουμένου
1466 1050 1574 1104 τῶν
1595 1050 1829 1119 ἐλάφων,

222 1137 255 1189 6
287 1135 855 1209 ὗπερμεγεθέστατος
884 1138 1065 1211 πάσης
1095 1140 1193 1210 τῆς
1249 1140 1471 1213 ἀγέλης,
1505 1143 1599 1197 καὶ
1627 1143 1832 1197 εὐειδέ-

221 1244 468 1295 στατος,
499 1229 875 1295 ἀποσπασθεὶς
924 1231 1023 1301 τῆς
1057 1232 1282 1303 ἀγέλης,
1313 1234 1543 1305 ὥρμησε
1568 1234 1708 1289 κατά
1738 1234 1831 1288 τοῦ

218 1317 459 1391 δρυμοῦ
494 1321 684 1384 ἐντοῖς
714 1321 1029 1393 δασυτέροις
1056 1323 1242 1387 τόποις
1272 1325 1370 1395 τῆς
1400 1325 1552 1396 ὕλης,
1595 1327 1690 1380 καὶ
1710 1327 1834 1379 δυσ-

218 1410 441 1475 ϐάτοις
484 1410 724 1482 χωρίοις.
791 1413 889 1465 Ὃν
938 1412 1274 1483 θεασάμενος
1313 1414 1342 1467 6
1389 1415 1682 1484 Πλακίδας,
1738 1423 1834 1473 καὶ

218 1500 605 1571 ἐπιθυμήσας
626 1502 1013 1556 συλλαϐεἴσθαι
1045 1504 1229 1567 αὑτὸν,
1261 1506 1576 1561 καταλιπὼν
1601 1510 1833 1578 πάντας,

221 1592 365 1660 μετ’
392 1587 591 1657 ὀλίγων
629 1590 979 1660 στρατιωτῶν
1021 1594 1350 1649 κατεδίωκεν
1385 1597 1567 1652 αὐτόν.
1618 1600 1835 1670 Ἀτονη-

219 1683 463 1734 σάντων
493 1680 551 1733 δὲ
600 1680 712 1735 τῶν
770 1682 1062 1748 συνόντων,
1096 1684 1259 1754 μόνος
1299 1689 1731 1760 προσεκαρτέρει
1763 1692 1829 1760 τῇ

2010 597 2027 631 ι
2065 578 2199 633 Cum
2243 579 2332 635 die
2386 579 2619 650 quodam
2655 619 2669 643 ,
2728 580 2794 635 de
2841 589 3105 635 consueto
3155 596 3331 647 more,
3385 598 3511 639 cum

1932 670 2182 725 exercitu
2255 670 2623 741 universoque
2670 670 3000 726 famulorum
3053 681 3200 728 coetu
3254 685 3511 731 venatum

1932 761 2185 827 exiisset,
2249 777 2541 817 cervorum
2596 763 2938 833 pascentium
2988 766 3341 835 conspicatus
3392 783 3514 840 grc-

1933 870 2077 926 gem,
2107 854 2359 911 exercitu
2393 855 2445 908 in
2483 863 2595 911 tres
2628 863 2833 926 partes,
2869 856 2947 911 uti
2981 857 3216 924 solebat,
3246 859 3514 915 distribu-

1935 955 2014 1013 ιο,
2042 962 2139 1003 eos
2166 946 2568 1002 insectabatur.
2600 945 2672 1000 At
2701 961 2824 1001 eum
2860 947 2972 1003 illis
3009 947 3292 1018 capiendis
3332 950 3515 1006 inten-

1934 1047 2021 1093 tus
2050 1046 2196 1092 esset
2217 1038 2517 1103 exercitus,
2553 1037 2645 1092 ille
2680 1038 2775 1107 qui
2818 1038 2872 1091 in
2919 1039 3234 1095 universum
3266 1056 3511 1112 gregem,

1934 1137 2051 1183 tum
2101 1129 2454 1199 proceritate,
2514 1136 2628 1182 tum
2680 1127 2859 1182 forma
2893 1129 3189 1194 eminebat,
3221 1146 3250 1185 a
3282 1133 3513 1202 reliquis

1933 1221 2242 1287 discedens,
2276 1237 2373 1292 per
2403 1221 2737 1277 densissima
2791 1222 2944 1278 silvae
2978 1232 3364 1297 praeruptaque
3389 1228 3538 1282 loca~

1935 1314 1990 1368 in
2022 1330 2217 1370 nemus
2244 1314 2500 1385 prosiliit.
2539 1312 2697 1369 Hunc
2729 1313 2979 1371 Placidas
3021 1319 3327 1384 contuitus,
3358 1320 3510 1389 ejus-

1934 1422 2040 1475 que
2099 1406 2604 1476 comprehendendi
2669 1406 2948 1462 desiderio
3005 1422 3317 1477 accensus,
3382 1424 3511 1466 cum

1934 1498 2199 1553 militibus
2223 1498 2440 1567 paucis,
2479 1498 2698 1552 caeteris
2730 1498 2989 1553 omnibus
3018 1499 3250 1565 relictis,
3294 1501 3513 1558 insecu-

1936 1596 2024 1644 tus
2050 1596 2156 1643 est.
2183 1586 2303 1641 Jam
2327 1586 2462 1642 socii
2480 1586 2865 1643 deficientibus
2889 1586 3099 1643 viribus
3121 1590 3510 1658 constiterant,

1936 1694 2060 1735 eum
2087 1680 2244 1735 solus
2275 1679 2395 1751 ipse
2434 1677 2816 1749 persequendo
2849 1689 3253 1749 perseveraret,
3290 1682 3511 1738 divina-

218 1770 449 1836 διώξει,
476 1771 617 1825 κατὰ
648 1771 903 1843 πρόνοιαν
922 1772 978 1826 δὲ
1004 1773 1161 1839 Θεοῦ,
1193 1776 1331 1847 μήτε
1351 1778 1447 1831 τοῦ
1469 1778 1635 1832 ἵππου
1664 1780 1825 1833 αὑτοῦ

1933 1787 2039 1842 que
2099 1770 2301 1826 factum
2356 1769 2702 1840 providentia
2754 1780 2859 1835 εει,
2909 1778 2968 1823 ιιι
3014 1785 3116 1827 nec
3154 1786 3367 1842 equus,
3408 1787 3511 1829 nec

219 1862 629 1932 ἀτονήσαντος,
664 1863 801 1935 μήτε
831 1864 997 1918 αὑτοῦ
1048 1866 1184 1937 πρὸς
1234 1867 1334 1940 τὴν
1384 1868 1705 1943 δυσχέρειαν
1733 1872 1827 1926 τοῦ

219 1954 414 2007 τόπου
445 1954 883 2026 ἀποκνήσαντος,
916 1958 1010 2011 ἐπὶ
1042 1958 1180 2012 πολὺ
1207 1960 1581 2032 καταδιώκων,
1609 1967 1827 2036 μακράν

219 2044 451 2115 εὑρέθη
480 2045 575 2099 τοῦ
602 2048 967 2119 στρατοπέδου
998 2050 1185 2105 αὐτοῦ.
1217 2052 1275 2105 '0
1302 2052 1357 2106 δὲ
1382 2052 1579 2123 ἔλαφος
1608 2055 1827 2126 ἔφευγε,

220 2136 455 2201 ἐκεῖνος
488 2137 545 2191 δὲ
596 2138 933 2209 παραλαϐὼν
966 2140 1279 2214 ἀκρώρειαν
1323 2142 1550 2215 πέτρας,
1601 2145 1827 2217 μηδενὸς

223 2227 503 2292 συνόντος
534 2228 703 2300 αὐτῷ,
736 2230 865 2303 ἔστη
897 2232 1250 2302 περισκοπῶν
1288 2234 1582 2302 πάντοθεν,
1607 2238 1704 2291 καὶ
1737 2239 1827 2291 ἐν·

224 2319 381 2373 νοῶν
420 2319 556 2390 ποίῳ
588 2322 774 2393 τρόπῳ
802 2320 1037 2394 λάϐηται
1056 2326 1155 2395 τῆς
1197 2324 1398 2395 ἐλάφου
1421 2343 1435 2357 ·
1473 2325 1586 2381 ἀλλ’
1629 2329 1657 2381 ὁ
1694 2328 1827 2383 πάν-

225 2426 412 2478 σοφος
450 2411 547 2464 καὶ
575 2413 875 2484 οἰκτίρμων
895 2413 1046 2481 Θεὸς,
1079 2417 1108 2469 ὁ
1138 2417 1399 2480 παντοίας
1430 2418 1583 2481 ὀδοὺς
1611 2419 1705 2471 ἐπὶ
1726 2435 1829 2472 σω-

222 2502 413 2573 τηρῐᾳ
438 2502 547 2556 τῶν
575 2504 878 2575 ἀνθρώπων
901 2506 1196 2578 ἐπινοήσας
1214 2547 1229 2572 ,
1263 2509 1608 2580 ἀντιθηρεύει
1640 2510 1828 2565 τοῦτον

224 2594 290 2646 ἐν
312 2595 389 2665 τῇ
425 2592 567 2665 θήρᾳ
589 2610 602 2627 ’
638 2595 734 2666 οὐχ
762 2595 834 2661 ὼς
868 2598 1170 2668 Κορνήλιον
1199 2600 1290 2653 διά
1321 2600 1551 2671 Πέτρου,
1589 2601 1704 2655 ἀλλ’
1753 2603 1829 2666 ὡς

226 2684 461 2737 Παῦλον
483 2684 769 2750 διώκοντα,
787 2686 876 2739 διὰ
892 2688 991 2756 τῆς
1014 2688 1148 2751 ίδίας
1171 2690 1514 2759 ἐπιφανείας.
1550 2692 1673 2745 Ἐπὶ
1693 2692 1826 2746 πολὺ

226 2777 290 2829 δὲ
319 2778 567 2841 ἑστῶτος
592 2778 686 2831 τοῦ
717 2779 980 2845 Πλακίδα,
1013 2782 1109 2834 καὶ
1139 2782 1479 2847 ἀτενίζοντος
1511 2784 1612 2855 μὲν
1638 2785 1717 2848 εἰς
1738 2784 1828 2839 τὸν

226 2869 462 2938 ἔλαφον,
489 2868 862 2939 θαυμάζοντος
900 2869 958 2923 δὲ
990 2871 1155 2925 αὑτοῦ
1189 2872 1250 2925 τὸ
1285 2872 1536 2943 μέγεθος,
1568 2874 1662 2927 καὶ
1685 2874 1829 2945 ἀμη-

226 2960 536 3033 χανοῦντος
566 2962 695 3032 περὶ
722 2962 822 3032 τὴν
848 2962 1130 3034 σύλληψιν,
1162 2962 1403 3018 δείκνυσι
1433 2966 1638 3035 Κύριος
1666 2966 1829 3037 τερά⁴

228 3055 390 3109 στιόν
422 3072 477 3108 τι
510 3054 772 3120 τοιοῦτον,
804 3056 907 3109 οὐκ
934 3056 1182 3120 ἀπεικὸς,
1209 3056 1330 3109 οὐδὲ
1358 3057 1686 3128 ὑπερϐαῖνον
1725 3059 1827 3130 τῆς

229 3144 408 3201 αὐτοῦ
433 3145 721 3215 δυνάμεως
747 3118 809 3200 τὸ
851 3147 1083 3216 μέγεθος
1109 3118 1151 3177 ’ἡ
1180 3146 1298 3201 ἀλλ’
1342 3118 1530 3220 ὥσπερ
1583 3148 1677 3200 ἐπὶ
1728 3118 1823 3202 τόὸ
1850 3118 1894 3178 c

227 3235 477 3307 Βαλαὰμ
498 3235 656 3306 λόγον
683 3234 859 3300 ἐνθεὶς
892 3238 958 3307 τῇ
993 3237 1121 3308 ὄνῳ,
1153 3237 1379 3309 ἤλεγξεν
1400 3239 1565 3293 αὐτοῦ
1591 3238 1691 3311 τὴν
1712 3240 1827 3295 διά-

228 3342 414 3390 νοιαν,
450 3324 597 3378 οὕτω
654 3324 749 3379 καὶ
793 3324 1026 3379 ἐνταῦθα
1071 3326 1311 3382 δείκνυσι
1337 3331 1531 3398 τούτῳ.
1570 3328 1696 3383 Ἐπὶ
1726 3329 1826 3400 μὲν

226 3417 493 3489 κεράτων
517 3413 612 3469 τοῦ
652 3414 856 3484 ἐλάφου
899 3415 993 3468 τὸν
1036 3416 1207 3470 τύπον
1235 3416 1329 3471 τοῦ
1370 3418 1527 3486 ἁγίου
1563 3420 1821 3492 σταυροῦ,

230 3507 379 3578 ὑπὲρ
413 3506 521 3576 τὴν
553 3505 914 3577 λαμπρότητα
932 3505 1028 3560 τοῦ
1063 3506 1214 3577 ἡλίου
1245 3506 1551 3576 λάμποντα,
1579 3510 1743 3580 μέσον
1767 3511 1825 3565 δὲ

225 3598 341 3654 τῶν
367 3597 629 3668 κεράτων
652 3596 749 3669 τὴν
773 3599 958 3653 εἰκόνα
1005 3598 1101 3651 τοῦ
1133 3597 1394 3670 θεοφόρου
1450 3598 1721 3672 σώματος,
1760 3596 1823 3657 οὗ

226 3688 318 3742 διά
356 3689 468 3758 τὴν
512 3686 789 3758 ἡμετέραν
824 3687 1099 3759 σωτηρίαν
1144 3688 1436 3745 ἀναλαϐεῖν
1476 3691 1821 3760 κατεδέξατο,

230 3780 327 3834 καὶ
354 3778 554 3850 φωνὴν
581 3778 930 3850 ἀνθρωπίνην
958 3778 1133 3843 ἐνθεὶς
1170 3783 1236 3851 τῇ
1264 3781 1471 3854 ἐλάφῳ,
1494 3784 1824 3855 προσκαλεί-

226 3889 321 3926 ται
348 3870 446 3924 τὸν
493 3869 798 3937 Πλακίδαν,
858 3869 1059 3940 λέγων’
1088 3867 1159 3924 Ὦ
1188 3873 1460 3938 Πλακίδα,
1488 3875 1543 3929 τί
1600 3893 1667 3949 με
1696 3877 1822 3932 διώ-

228 3980 390 4029 κεις;
425 3960 545 4014 ἰδοὺ
579 3960 763 4015 ἕνεκέν
790 3979 883 4015 σου
916 3962 1121 4032 παρῆν,
1157 3964 1251 4017 καὶ
1280 3966 1337 4017 ἐν
1378 3965 1456 4037 τῷ
1491 3966 1615 4039 ζώῳ
1646 3969 1822 4042 τούτῳ

225 4053 423 4124 ὤφθην
467 4069 570 4107 σοι.
610 4051 752 4121 Ἐγώ
789 4053 906 4123 είμι
950 4053 1158 4125 Ἰησοῦς
1190 4056 1218 4107 6
1245 4057 1499 4127 Χριστὸς,
1534 4059 1593 4112 ὃν
1612 4062 1821 4131 ἀγνοῶν

228 4146 386 4216 σέϐῃ.
417 4145 497 4198 Ai
527 4143 636 4216 γὰρ
667 4143 908 4198 εὐποιίαι
928 4162 1046 4213 σου,
1067 4146 1134 4209 ἃς
1169 4146 1233 4201 σὺ
1258 4151 1433 4214 ποιεῖς
1458 4152 1538 4215 είς
1570 4153 1694 4217 τοὺς
1714 4154 1823 4208 δεο-

229 4236 461 4306 μένους,
496 4235 848 4306 παρέστησαν
881 4235 1111 4291 ἐνώπιόν
1145 4255 1247 4309 μου
1268 4280 1281 4304 ,
1320 4241 1412 4294 καὶ
1435 4237 1599 4313 ἦλθον
1643 4246 1822 4317 ἐμφα-

229 4325 379 4380 νίσαι
416 4340 512 4378 σοι
549 4323 786 4393 ἐμαυτὸν
815 4323 903 4377 διὰ
940 4322 1036 4378 τοῦ
1059 4326 1258 4396 ἐλάφου
1288 4327 1502 4395 τούτου,
1526 4330 1620 4383 καὶ
1667 4332 1819 4385 ἀντι-

234 4415 528 4489 ζωγρῆσαί
560 4431 643 4481 σε,
692 4415 786 4469 καὶ
837 4418 1054 4488 συσχεῖν
1079 4419 1192 4481 τοῖς
1228 4418 1465 4484 δικτύοις
1492 4421 1589 4493 τῆς
1628 4423 1815 4493 φιλαν-
1841 4456 1892 4517 D

236 4507 492 4579 Ορωπίας
544 4523 668 4575 μου.
699 4507 772 4561 O6
806 4508 911 4579 γάρ
943 4509 1059 4563 ἐστι
1095 4509 1324 4576 δίκαιον,
1373 4512 1467 4566 τὸν
1495 4515 1619 4585 ἐμοὶ
1648 4532 1817 4588 προσ-

236 4599 371 4671 φιλῆ
415 4598 508 4653 διὰ
559 4597 670 4651 τῶν
719 4598 941 4666 ἀγαθῶν
991 4599 1190 4671 ἔργων,
1245 4602 1516 4658 δουλεύειν
1568 4606 1820 4678 δαίμοσιν

239 4687 579 4759 ἀκαθάρτοις
607 4687 701 4741 καὶ
725 4686 964 4753 εἰδώλοις
986 4693 1198 4760 νεκροῖς
1222 4692 1319 4746 καὶ
1341 4696 1562 4763 κωφοῖς.
1588 4696 1689 4750 Διά
1710 4699 1820 4771 γὰρ

237 4773 400 4830 τοῦτο
426 4775 594 4850 ἦλθον
625 4779 719 4832 ἐπὶ
745 4779 848 4848 γῆς
877 4782 935 4834 ἐν
964 4780 1043 4852 τῷ
1069 4781 1200 4836 εἴδει
1228 4786 1422 4856 τούτῳ,
1463 4781 1507 4856 ᾧ
1536 4788 1629 4845 νῦν
1663 4792 1817 4863 ὁρᾷς,

243 4869 416 4926 σῶσαι
446 4872 619 4928 θέλων
651 4874 714 4927 τὸ
740 4872 848 4928 τῶν
872 4874 1175 4947 ἀνθρώπων
1214 4880 1389 4948 γένος.
1440 4900 1460 4934 ι
1523 4874 1535 4885 ’

198 5195 205 5201 _
245 5126 362 5187 Τοῦ
383 5132 561 5205 ἁγίου
582 5136 866 5215 Λεοντίου
885 5139 1247 5215 βεαξεόᾷεως
1270 5140 1377 5208 τῆς
1397 5143 1682 5215 Κυπρίων
1711 5147 1811 5215 νή,

527 5219 664 5272 σου,
693 5207 839 5273 πρὸς
885 5208 1234 5277 Ἰουδαίους,
1260 5218 1302 5264 ε’
1329 5207 1535 5284 λόγου.

320 5308 341 5343 σ
384 5293 523 5367 Φέρε
572 5294 634 5366 δὴ
686 5297 890 5361 λοιπὸν,
933 5300 1071 5371 φέρε
1105 5304 1424 5374 προθύμως,
1459 5309 1553 5362 καὶ
1590 5310 1687 5383 τὴν
1719 5313 1816 5384 τῆς

247 5380 606 5449 ἐκτυπώσεως
629 5388 738 5441 τῶν
762 5392 973 5445 σεπτῶν
999 5396 1224 5450 εἰκόνων
1248 5399 1543 5469 ἀπολογίαν
1579 5407 1817 5476 ποιησώ-

1930 1863 2165 1934 ipsemet
2202 1863 2498 1933 asperitate
2532 1861 2777 1916 locorum
2820 1859 3177 1929 fatiscerent;
3207 1872 3260 1917 et
3286 1878 3509 1919 cervum

1931 1954 2142 2010 diutius
2160 1954 2500 2025 adurgendo,
2532 1952 2722 2024 procul
2754 1968 2814 2007 se
2843 1954 2911 2008 ab
2939 1955 3185 2011 exercitu
3209 1956 3510 2013 recessisse

1930 2045 2093 2117 373
2148 2046 2554 2101 animadvertit.
2611 2044 2782 2100 Porro
2831 2044 3074 2116 fugiente
3134 2060 3322 2112 cervo,
3379 2062 3506 2102 cum

1930 2138 2118 2193 nullus
2146 2137 2410 2193 comitum
2456 2136 2697 2202 adesset,
2728 2144 2899 2206 petra:
2936 2137 3199 2192 verticem
3242 2152 3510 2193 conscen-

1931 2230 2030 2295 dit,
2087 2239 2202 2285 tum
2241 2229 2727 2299 circumaspicerc,
2761 2243 3062 2299 secumque
3106 2230 3371 2300 cogitare,
3397 2245 3507 2301 quo

1928 2320 2150 2378 tandem
2183 2329 2342 2391 pacto
2380 2320 2618 2390 praedam
2653 2332 3010 2389 assequatur.
3047 2320 3116 2375 At
3156 2321 3507 2392 sapientissi-

1929 2428 2055 2469 mus
2103 2412 2680 2481 clemenlissimusque
2719 2409 2894 2476 Deus,
2930 2411 3023 2480 qui
3054 2411 3235 2467 nullas
3273 2428 3383 2466 non
3412 2428 3507 2468 cx-

1930 2504 2134 2575 cogitat
2182 2506 2318 2570 vias,
2356 2491 2560 2573 quibus
2600 2501 2665 2557 ad
2714 2503 2949 2557 salutem
2996 2500 3251 2558 homines
3302 2503 3506 2566 ducat,

1931 2595 2080 2649 hunc
2131 2594 2185 2648 in
2239 2595 2472 2664 ipsamet
2523 2593 2815 2649 venatione
2872 2600 3105 2647 venatur
3152 2611 3164 2647 :
3208 2608 3317 2648 non
3361 2592 3507 2649 Petri

1930 2701 2125 2756 opera;
2159 2694 2222 2739 ut
2268 2687 2398 2739 olim
2435 2684 2779 2751 Cornelium,
2810 2685 2987 2756 magis
3023 2693 3205 2740 autem
3246 2685 3328 2739 uti
3374 2700 3507 2754 per-

1930 2785 2236 2832 secutorem
2264 2774 2517 2840 Paulum,
2546 2776 2762 2847 objecta
2788 2792 2887 2832 sua
2922 2777 3129 2847 specie.
3160 2774 3348 2846 Itaque
3377 2792 3509 2832 con-

1930 2869 2143 2923 sistenti
2178 2868 2268 2922 diu
2296 2867 2550 2935 Placide),
2576 2872 2837 2939 cervique
2866 2868 3250 2938 proceritatem
3279 2869 3507 2927 intentis

1929 2959 2106 3014 oculis
2138 2956 2453 3023 demiranti,
2490 2974 2613 3013 cum
2650 2957 2800 3014 illius
2836 2958 3089 3028 capiendi
3124 2959 3274 3014 nulla
3299 2961 3384 3015 via
3409 2974 3506 3015 oc-

1930 3059 2199 3116 curreret,
2256 3049 2534 3119 ejusmodi
2596 3056 2914 3119 portentum
2978 3050 3240 3106 Dominus
3312 3050 3505 3117 edidit,

1926 3139 2072 3210 quod
2100 3139 2322 3210 quidem
2356 3140 2491 3194 nihil
2520 3141 2775 3196 absimile
2802 3142 2915 3197 veri
2938 3152 3041 3208 est,
3075 3156 3175 3196 nec
3206 3141 3379 3211 ipsius
3405 3157 3506 3213 po-

1926 3233 2111 3287 lentiae
2142 3233 2577 3303 magnitudinem
2617 3233 2852 3290 evcedit.
2889 3232 3019 3300 Sed,
3041 3236 3505 3304 quemadmodum

1927 3322 2099 3378 asinae
2131 3322 2349 3377 Balaam
2405 3323 2659 3393 loquendi
2715 3324 2888 3379 indita
2920 3323 3179 3380 facultate
3217 3325 3286 3393 ",
3315 3340 3381 3381 ea
3412 3340 3506 3380 ar-

1925 3416 2063 3487 guit,
2099 3431 2219 3485 quae
2249 3423 2403 3470 vates
2435 3416 2621 3471 animo
2651 3417 2929 3483 versabat,
2962 3418 3256 3474 consimile
3295 3419 3504 3490 aliquid

1926 3515 2059 3561 tunc
2085 3507 2247 3559 etiam
2276 3504 2351 3559 illi
2394 3507 2741 3563 monstravit.
2766 3506 2823 3561 In
2847 3508 2992 3563 cervi
3018 3510 3278 3567 cornibus
3299 3520 3504 3569 sancta:

1925 3596 2107 3650 crucis
2142 3595 2262 3665 ipso
2295 3596 2409 3651 sole
2437 3595 2597 3666 longe
2623 3595 3011 3667 fulgentiorem
3052 3598 3307 3670 ﬁguram,
3338 3611 3501 3673 atque

1925 3687 2069 3742 inter
2096 3700 2304 3741 cornua
2335 3685 2506 3741 divini
2548 3687 2634 3743 sui
2671 3688 2948 3758 corporis,
2997 3692 3145 3760 quod
3178 3707 3277 3761 pro
3309 3703 3501 3751 nostra

1924 3778 2104 3834 salute
2135 3792 2357 3833 sumere
2403 3776 2664 3847 dignatus
2694 3785 2799 3844 est,
2842 3778 3070 3851 efﬁgiem
3098 3778 3376 3852 Ostendit;
3413 3784 3500 3840 in-

1922 3869 2148 3939 ditaque
2182 3883 2347 3924 cervo
2381 3883 2515 3924 voce
2549 3868 2812 3937 humana,
2858 3870 2944 3926 his
2996 3869 3277 3928 Placidam
3313 3876 3498 3932 verbis

1922 3959 2219 4029 compellat
2259 3977 2273 4014 :
2309 3956 2453 4024 Quid
2503 3975 2590 4015 me
2648 3963 3034 4031 persequeris,
3091 3963 3356 4022 Placida?
3418 3968 3497 4025 En

1923 4051 2002 4106 tui
2032 4066 2201 4106 causa
2233 4050 2479 4117 aderam,
2524 4066 2721 4122 meque
2754 4053 2850 4108 tibi
2885 4053 2988 4110 hoc
3018 4055 3071 4109 in
3107 4057 3329 4113 animali
3361 4074 3496 4116 con-

1922 4143 2263 4216 spiciendum
2297 4143 2523 4213 praebui.
2553 4143 2662 4212 Ego
2688 4161 2810 4201 sum
2844 4144 3004 4203 Jesus
3028 4146 3306 4218 Christus,
3335 4167 3497 4221 quem

1922 4238 2185 4309 ignorans
2215 4236 2371 4292 colis.
2401 4234 2517 4290 Tua
2550 4251 2680 4307 erga
2711 4252 2987 4308 pauperes
3037 4240 3214 4296 ofﬁcia
3260 4256 3498 4314 conspe-

1922 4330 2036 4385 ctui
2103 4344 2225 4385 meo
2260 4327 2554 4400 praesentia
2615 4327 2861 4385 luerunt.
2928 4330 3298 4397 Quamobrem
3351 4336 3497 4393 istuc

1921 4422 2066 4485 veni,
2099 4429 2153 4475 ut
2205 4437 2302 4491 per
2345 4421 2493 4478 hunc
2535 4437 2756 4478 cervum
2806 4440 2891 4479 me
2945 4426 3312 4494 patefacerem
3373 4430 3495 4498 tibi,

1920 4521 2081 4584 teque
2132 4513 2381 4569 vicissim
2435 4523 2638 4570 venatu
2687 4517 3233 4587 comprehenderem,
3281 4530 3337 4577 et
3382 4525 3498 4579 cle-

1920 4606 2137 4662 mentiae
2176 4621 2309 4662 mea:
2335 4606 2590 4677 indagine
2625 4608 2925 4682 cingercm.
2950 4611 3060 4667 Nec
3093 4613 3238 4669 enim
3277 4630 3493 4687 aequum

1920 4695 2107 4763 fuerit,
2145 4705 2203 4751 ιιι
2231 4713 2391 4768 quem
2420 4699 2489 4754 ob
2528 4708 2679 4755 recte
2714 4703 2992 4773 probeque
3025 4702 3169 4759 facta
3201 4704 3392 4777 diligo,
3447 4708 3494 4765 is

1921 4791 2265 4848 dtemonibus
2300 4791 2556 4862 impuris,
2607 4794 2949 4865 mortuisque
2982 4802 3037 4849 et
3086 4795 3274 4853 surdis
3314 4799 3492 4853 simu-

1921 4882 2088 4938 lacris
2132 4883 2355 4939 serviat.
2403 4881 2614 4939 idcirco
2659 4884 2865 4955 quippe
2895 4886 2963 4941 ad
2995 4893 3196 4951 terras,
3227 4900 3289 4944 ea
3326 4903 3490 4960 quam

1920 4973 2103 5031 cernis
2153 4974 2336 5044 specie
2385 4974 2535 5042 veni,
2578 4984 2638 5030 ut
2686 4976 2872 5046 generi
2924 4977 3210 5036 hominum
3258 4980 3491 5038 salutem

1922 5066 2193 5123 adferrem.
2236 5086 2257 5120 ›

1924 5158 2109 5215 Sancti
2158 5158 2362 5215 Leontii
2409 5158 2745 5236 _1_Yeapolisin
2778 5160 2953 5236 Cypro
2975 5163 3161 5236 insula
3191 5162 3491 5236 [episcopi],

2303 5245 2369 5284 ex
2402 5228 2543 5285 libro
2567 5248 2599 5286 v
2639 5228 2840 5285 Contrd
2856 5228 3113 5288 'Juda'os.

1994 5340 2011 5373 ι
2052 5321 2298 5393 Agedum
2346 5319 2648 5393 deinceps,
2692 5336 2789 5393 age
2816 5322 2930 5391 jam
2964 5338 3122 5394 teque
3172 5322 3360 5379 animo
3397 5340 3484 5378 ve-

1916 5412 2240 5467 nerabilium
2290 5410 2592 5480 imaginum
2646 5411 3020 5467 defensionem
3075 5412 3485 5483 aggrediamur,

250 5471 586 5574 μεθα,“δπως
620 5480 978 5551 ἐμφρασθῶσι
1025 5486 1267 5557 στόματα
1311 5489 1548 5561 ἀνόμων,
1590 5471 1814 5549 λαλούν-

1930 5512 1973 5559 ιι
2006 5504 2370 5560 obstruantur
2409 5517 2505 5557 ora
2550 5502 2892 5573 loquentium
2926 5502 3144 5574 iniqua.
3188 5503 3306 5563 Non
3338 5504 3487 5559 enim

248 5575 356 5616 των
403 5563 589 5620 ἄδικα·
624 5569 820 5643 νομικὴ
860 5572 968 5644 γάρ
997 5576 1134 5648 αὕτη
1172 5579 1204 5649 ἡ
1235 5581 1554 5651 παράδοσις,
1586 5587 1679 5641 καὶ
1716 5589 1813 5660 οὐχ

322 5686 366 5720 ⁸⁵
385 5701 548 5760 Num.
577 5722 708 5775 uti,
741 5709 829 5767 23.

1922 5594 2208 5656 inventum
2250 5603 2499 5651 nostrum
2535 5594 2669 5651 illud
2696 5602 2801 5662 est,
2836 5596 2930 5653 sed
2958 5596 3093 5667 legis
3121 5597 3304 5667 potius
3332 5596 3491 5655 insti-
