3904 6358
315 312 452 377 I367

1501 317 1562 378 S.
1603 315 1924 380 JOANNIS
1961 315 2356 384 DAMASCEN
2363 324 2391 383 Ι

3424 323 3560 390 i368

310 439 476 495 quam
516 426 650 482 deos
681 426 1011 490 adoramus,
1059 426 1202 482 sicut
1239 427 1446 483 ethnici
1488 429 1696 485 faciunt
1735 449 1748 486 :
1789 432 1886 486 ab-

2010 451 2095 488 ιεν
2118 435 2167 488 οἰ
2190 436 2391 501 πιστοὶ,
2417 433 2494 506 μὴ
2519 433 2749 502 γένοιτο,
2807 432 2995 506 ὥσπερ
3032 435 3083 488 οἰ
3102 431 3392 504 Ἕλληνες,
3419 430 3558 492 ἀλλὰ

315 517 420 573 sit!
477 519 575 576 sed
617 517 871 594 allectum
917 518 1220 586 duntaxat,
1262 528 1316 575 et
1360 521 1646 578 charitatis
1685 531 1886 578 nostrae

314 610 557 668 studium
587 597 862 667 adversus
891 625 1140 682 personae
1172 610 1227 666 in
1269 612 1507 682 imagine
1544 614 1778 684 depicta:
1824 614 1887 669 Il-

315 716 506 771 guram
542 699 916 759 declaramus.
949 702 1294 773 Quapropter
1328 719 1438 759 non
1474 721 1635 773 raro,
1669 707 1885 761 oblitte-

315 800 433 846 rata
465 793 636 864 ligura
657 835 672 857 ,
702 794 909 864 lignum
958 801 1222 863 tanquam
1259 795 1456 851 inutile
1483 797 1883 854 comburimus.

318 886 475 940 Sicut
507 901 638 956 ergo
668 885 840 941 Iacob
883 887 1046 940 morti
1080 886 1365 956 proximus
1398 887 1680 960 fastigium
1723 889 1888 960 virga:

314 975 516 1047 Ioseph
542 977 796 1033 adoravit
838 977 904 1043 ⁸⁸,
950 992 1061 1032 non
1106 978 1314 1050 virgam
1359 980 1532 1051 ipsam
1576 980 1884 1047 honorans,

317 1069 413 1124 sed
463 1067 617 1123 illum
664 1069 759 1139 qui
805 1083 925 1124 eam
961 1070 1253 1140 gestabat;
1301 1071 1378 1124 ita
1431 1084 1531 1126 nos
1585 1070 1888 1126 Christiani

318 1158 465 1213 haud
519 1158 625 1214 alia
684 1159 901 1214 ratione
960 1159 1233 1231 imagines
1285 1161 1628 1226 salutamus,
1697 1175 1889 1232 quem-

317 1250 608 1306 admodum
643 1250 784 1307 ﬁlios
813 1261 1182 1323 parentesque
1213 1263 1436 1308 nostros
1463 1254 1800 1316 osculamur,
1833 1263 1890 1308 ut

317 1356 414 1410 per
444 1342 559 1396 haec
603 1341 775 1396 animi
816 1343 994 1398 nostri
1029 1342 1287 1399 aﬂectum
1317 1343 1684 1399 iusinuemus.
1725 1342 1890 1400 Velut

314 1431 536 1486 Iudaeus
567 1432 698 1486 olim
726 1433 862 1502 legis
897 1433 1114 1490 tabulas
1134 1475 1150 1501 ,
1177 1440 1232 1489 et
1257 1432 1366 1492 duo
1392 1432 1689 1489 Cherubin}
1721 1448 1890 1490 aurea

314 1529 370 1576 et
397 1521 669 1591 sculptilia
702 1522 996 1588 adorabat,
1025 1538 1132 1578 non
1161 1523 1395 1594 lapidis,
1423 1524 1610 1580 aurive
1638 1532 1889 1580 naturam

316 1612 584 1680 colendo,
621 1613 718 1670 sed
751 1613 1044 1670 Dominum
1077 1615 1288 1685 ipsum,
1324 1615 1416 1686 qui
1453 1629 1518 1670 ea
1551 1615 1732 1672 facere
1773 1614 1891 1686 jus-

315 1714 484 1762 serat.
506 1724 524 1758 ι

317 1920 480 1994 367
516 1924 706 1980 Sancti
745 1923 1135 1996 Chrysostomi,
1170 1926 1225 1979 in
1266 1926 1403 1992 psal.
1449 1942 1508 1982 III
1548 1928 1605 1982 in
1638 1927 1808 1983 David
1840 1937 1890 1984 et

971 1995 1244 2050 Absalom.

393 2126 414 2160 ε
444 2107 806 2179 Imperatores
851 2111 1090 2168 ducibus
1125 2115 1264 2181 suis,
1303 2129 1538 2185 quorum
1569 2129 1674 2184 ope
1713 2115 1892 2170 victo—

319 2201 400 2255 ria
429 2208 590 2270 parta
617 2209 724 2268 est,
760 2203 1128 2273 triumphales
1159 2213 1376 2262 statuas
1409 2206 1667 2276 erigunt;
1718 2221 1892 2277 quos-

317 2294 440 2346 dam
474 2293 605 2348 item
641 2295 836 2350 titulos
887 2295 1130 2351 victoriae
1167 2295 1478 2368 insignibus
1508 2305 1759 2366 ornatos,
1791 2313 1893 2354 au-

319 2385 454 2454 rigis
521 2386 853 2457 athletisque
921 2388 1207 2458 principes
1270 2389 1516 2458 erigunt;
1593 2389 1893 2461 additaque

318 2473 680 2544 inscriptione
715 2471 882 2530 veluti
937 2485 1229 2533 stemmate
1281 2479 1544 2548 quodam,
1597 2480 1892 2536 materiam

319 2567 563 2622 victoria:
625 2583 936 2638 praeconem
978 2569 1247 2626 reddunt.
1299 2571 1409 2626 Alii
1456 2587 1682 2628 rursum
1731 2573 1891 2630 libris

317 2666 372 2712 et
417 2657 618 2715 litteris
662 2660 936 2715 victorum
991 2661 1183 2716 laudes
1235 2661 1597 2730 describunt;
1634 2663 1739 2719 hoc
1773 2679 1891 2719 am-

318 2749 553 2815 bientes,
619 2759 679 2806 ut
733 2767 891 2807 suam
945 2753 999 2807 in
1032 2753 1265 2808 dicendo
1313 2754 1445 2821 vim,
1507 2769 1698 2810 eorum
1751 2770 1891 2826 quos

319 2841 546 2896 laudant
603 2842 933 2898 fortitudine
986 2845 1331 2914 superiorem
1392 2861 1516 2901 esse
1573 2847 1889 2902 ostendant.

317 2933 494 3002 Atque
569 2935 893 3004 scriptores,
965 2936 1234 3006 pictores,
1310 2939 1588 3004 statuarii,
1679 2939 1890 3009 populi,

320 3024 626 3094 principes,
693 3026 950 3082 civitates
1001 3037 1055 3082 et
1117 3028 1396 3100 regiones,
1461 3029 1704 3085 victores
1761 3043 1892 3084 suos

1987 527 2088 598 τὴν
2115 527 2300 606 σχέσιν
2335 527 2516 598 μόνον,
2549 526 2646 579 καί
2668 526 2760 580 τὸν
2801 525 2968 580 πόθον
3002 525 3100 597 τῆς
3144 526 3305 597 ἡμῶν
3334 527 3558 597 ἀγάπης
3577 539 3658 616 αι

1989 618 2125 690 πρὸς
2149 620 2239 672 τὸν
2266 619 2596 691 χαρακτῆρα
2625 618 2719 672 τοῦ
2757 616 3051 688 προσώπου
3077 618 3179 688 τῆς
3205 619 3416 683 εἰκόνος
3455 620 3557 690 ἐμ·-

1989 708 2327 777 φανίζοντες.
2351 710 2515 765 Ὅθεν
2573 709 2833 772 πολλάκις
2864 707 2959 762 τοῦ
2998 709 3350 781 χαρακτῆρος
3399 709 3560 764 λεανο

1988 801 2190 868 θέντος,
2213 803 2288 866 ὡς
2313 802 2468 868 ξύλον
2479 803 2666 885 {gmina
2696 803 2865 875 ἀργὸν
2888 803 2987 874 τήν
3014 819 3148 856 ποτε
3187 803 3374 858 εἰκόνα
3397 821 3560 858 κατα-
3589 839 3596 842 -
3623 821 3668 858 επ
3705 829 3710 832 ·
3745 831 3748 834 ~
3779 815 3810 832 ’ν

1989 895 2238 968 καίομεν.
2282 897 2493 966 Ὠσπερ
2514 891 2606 950 οὖν
2629 897 2658 948 ό
2691 895 2886 949 Ἰακὼϐ
2920 895 3133 967 μέλλων
3163 895 3442 966 τελευτᾷν,
3463 897 3584 976 ἐπὶ,
3647 945 3650 948 .
3675 899 3700 920 “”

1987 989 2048 1040 τὸ
2078 987 2248 1058 ἀκρον
2269 989 2370 1059 τῆς
2397 987 2594 1059 ῥάϐδου
2626 986 2722 1041 τοῦ
2770 985 2969 1059 Ἰωσὴφ
3020 987 3448 1060 προσεκύνησεν,
3481 987 3557 1060 -ού

1989 1078 2086 1150 τὴν
2107 1078 2303 1150 ῥάϐδον
2322 1078 2518 1150 τιμῶν,
2582 1077 2719 1132 ἀλλὰ
2745 1077 2836 1132 τὸν
2864 1077 3072 1149 ταύτην
3109 1078 3430 1150 κατέχοντα,
3466 1077 3560 1134 οὖ-

1987 1189 2097 1236 τως
2133 1173 2182 1226 οἱ
2205 1172 2409 1237 πιστοὶ,
2429 1173 2489 1225 οὺ
2519 1171 2586 1226 δι’
2615 1171 2802 1243 ἕτερόν
2835 1188 2958 1224 τινα
2979 1171 3180 1243 τρόπον
3220 1172 3320 1236 τὰς
3346 1171 3563 1233 εἰκόνας
3603 1215 3606 1232 ,

1988 1261 2366 1332 ἀσπαζόμεθα,
2395 1263 2584 1333 ὥσπερ
2603 1263 2697 1316 καί
2722 1261 2790 1318 τὰ
2822 1261 2988 1314 τέκνα
3012 1261 3169 1332 ἡμῶν
3199 1262 3292 1314 καί
3314 1262 3563 1332 πατέρας

1989 1354 2250 1418 πολλάκις
2276 1353 2722 1424 καταφιλοῦντες,
2741 1352 2854 1407 ἀλλ’
2879 1353 2966 1406 ἵνα
2993 1351 3085 1406 τδν
3097 1351 3260 1410 πόθον
3287 1352 3391 1422 τῆς
3418 1353 3561 1423 ἡμε-

1989 1447 2156 1518 τέρας
2186 1445 2367 1516 ψυχῆς
2411 1443 2824 1516 ὲμφανίσωμεν.
2869 1443 3080 1513 Ὠσπερ
3105 1442 3214 1514 γὰρ
3237 1444 3334 1498 καί
3360 1443 3390 1496 ό
3428 1444 3563 1496 Ἰουξ

1989 1539 2156 1606 δαῖος,
2181 1538 2280 1602 τάς
2304 1537 2397 1592 τοῦ
2430 1538 2598 1611 νόμου
2656 1536 2888 1600 πλάκας,
2923 1536 3016 1589 καί
3052 1533 3122 1588 τὰ
3147 1533 3242 1588 δύο
3279 1533 3562 1604 Χερουϐὶμ

1991 1631 2058 1686 τὰ
2077 1631 2252 1702 χρυσᾶ
2285 1630 2380 1686 καὶ
2407 1628 2623 1698 γλυπτά
2655 1630 2998 1700 προσεκύνει,
3031 1626 3092 1681 ού
3121 1625 3296 1696 τιμῶν
3320 1625 3418 1698 τὴν
3460 1624 3560 1678 τοῦ

1992 1720 2142 1774 λίθου
2164 1719 2257 1775 καὶ
2276 1720 2500 1793 χρυσίου
2518 1719 2700 1789 φύσιν,
2727 1717 2862 1772 ἀλλά
2885 1717 2977 1772 τὸν
2995 1715 3171 1770 ταῦτα
3192 1713 3564 1787 ἐπιτρέψαντα

1991 1813 2218 1885 Κύριον.
2252 1830 2272 1865 ι

1997 1923 2109 1980 Τοῦ
2138 1923 2311 1994 ἁγίου
2337 1924 2796 1996 Χρυσοοῖτ-όμου,
2818 1925 2913 1996 ,εἰς
2935 1925 3043 1979 τὸν
3063 1934 3266 1996 τριτον
3290 1924 3557 1996 ψαλμὸν,

2339 1991 2427 2061 εἰς
2458 1991 2636 2048 Δαὸἰὸ
2657 1991 2775 2048 ’καί
2816 1991 3222 2066 Ἀϐεσσαλώμ.

2069 2128 2088 2161 ‹
2152 2107 2484 2171 Ἑπινικίους
2533 2107 2632 2179 μὲν
2681 2107 3010 2179 ἀνδρίαντας
3061 2109 3113 2162 οἰ
3155 2107 3395 2180 βασιλεῖς
3445 2110 3562 2175 τοῖς

1994 2201 2323 2271 στρατηγοῖς
2379 2200 2668 2270 νικήσασιν
2726 2199 3042 2254 ἀνατιθέασι
3067 2215 3082 2230 ο
3138 2201 3468 2272 νικηφόρους
3501 2201 3562 2255 δέ

1991 2309 2144 2356 τινας
2179 2291 2382 2363 στήλας
2428 2290 2807 2362 ἐπεγείρουσιν
2864 2289 3125 2362 ἄρχοντες
3175 2290 3412 2362 ἡνιόχοις
3465 2291 3562 2347 καὶ

1992 2383 2291 2455 ἀθληταῖς,
2367 2383 2465 2436 καὶ
2534 2383 2614 2454 τῷ
2680 2383 3100 2455 ἐπιγράμματι,
3153 2383 3231 2449 ὡς
3262 2384 3560 2455 στέμματι,

1993 2477 2216 2548 κήρυκα
2259 2476 2362 2546 τῆς
2425 2475 2584 2546 νίκης
2641 2475 2740 2546 τὴν
2799 2471 2935 2546 ὕλην
2989 2476 3339 2546 ἐργάζονται.
3377 2476 3561 2530 ’Ἄλλοι
3625 2501 3636 2520 π

1995 2567 2156 2622 πάλιν
2188 2568 2248 2622 ὲν
2278 2566 2484 2638 βίϐλοις
2521 2567 2616 2621 καὶ
2647 2568 2941 2638 γράμμασι
2980 2567 3108 2631 τοὺς
3155 2567 3409 2631 ἐπαίνους
3447 2569 3562 2631 τοῖς

1993 2660 2241 2730 νικηταῖς
2273 2658 2568 2730 γράφουσι,
2599 2658 2700 2729 τὴν
2737 2658 2919 2712 αὐτῶν
2957 2660 3015 2712 ὲν
3045 2658 3124 2729 τῷ
3157 2658 3370 2730 ἐπαίνῳ
3396 2658 3559 2712 δύνα-

1983 2762 2112 2820 μιν,
2141 2749 2494 2821 ἰσχυροτέραν
2520 2748 2631 2802 τῶν
2659 2749 3068 2820 ἐπαινουμένων
3096 2749 3267 2816 δεῖξαι
3293 2749 3557 2812 θέλοντες.

1993 2841 2104 2894 Καὶ
2136 2839 2503 2910 λογογράφοι,
2545 2841 2642 2894 καὶ
2687 2839 3004 2911 ζωγράφοι,
3051 2839 3147 2893 καὶ
3181 2838 3556 2908 λιθογλύπται,

1995 2933 2090 2986 καὶ
2121 2933 2321 3004 δῆμοι,
2362 2933 2458 2987 καὶ
2487 2932 2746 3003 ἄρχοντες
2772 2973 2786 2996 ,
2823 2932 2918 2986 καὶ
2952 2932 3135 2996 πόλεις
3158 2970 3174 2996 ,
3226 2931 3323 2986 καὶ
3363 2931 3561 3002 χῶραι,

1995 3025 2123 3089 τοὺς
2165 3023 2397 3096 νικητὰς
2454 3023 2847 3094 θαυμάζουσιν.
2897 3022 3088 3086 Οὐδεὶς
3132 3023 3190 3076 δὲ
3243 3023 3561 3093 φεύγοντος,

319 3115 686 3170 admiratione
732 3117 929 3188 dignos
991 3117 1222 3174 habent.
1276 3116 1564 3189 Fugientis
1605 3135 1758 3183 vero,
1791 3127 1888 3175 aut

2010 3119 2087 3172 ιαί
2120 3117 2196 3190 μὴ
2225 3117 2660 3189 πολεμήσαντος,
2699 3115 2917 3179 εἰκόνας
2944 3115 3206 3188 ἔγραψεν.
3244 3134 3265 3168 ι

323 3220 556 3276 pugnam
629 3206 992 3264 detrectantis
1070 3223 1234 3266 nemo
1307 3225 1548 3281 unquam
1619 3209 1891 3282 imagines

320 3297 522 3368 pinxit.
558 3317 577 3350 ι

321 3409 513 3465 Sancti
543 3411 739 3482 Cyrilli
773 3413 1113 3469 Alexandria:
1157 3415 1558 3483 archiepiscopi,
1585 3431 1651 3470 ea:
1683 3416 1892 3472 allocu-

567 3485 708 3536 tione
757 3483 826 3536 ad
862 3484 1213 3538 Theodosium
1255 3487 1646 3555 imperatorem.

395 3591 728 3664 «Imagines
774 3603 954 3649 autem
1006 3596 1417 3666 exemplaribus
1468 3597 1783 3668 archctypis
1816 3597 1894 3653 si-

324 3685 481 3741 miles
519 3693 670 3742 sunt.
712 3685 943 3756 Oportet
988 3685 1137 3743 enim
1187 3695 1246 3742 ut
1296 3688 1424 3755 hoc,
1466 3704 1567 3745 nec
1592 3689 1702 3745 alio
1732 3689 1896 3744 modo

322 3786 382 3830 se
410 3775 671 3835 habeant.
711 3795 730 3830 ι

742 3867 1020 3940 Ejusdem,
1051 3885 1116 3925 ea:
1165 3869 1475 3927 Thesauris.

397 3978 416 4008 ι
450 3957 723 4030 Imagines
755 3962 904 4018 enim
960 3961 1176 4017 amnem
1209 3977 1427 4033 semper
1455 3961 1524 4018 ad
1555 3961 1896 4033 exemplaria

325 4050 746 4108 similitudinem
789 4061 1036 4110 servant.
1075 4072 1094 4106 ι

325 4160 606 4250 Εηιδιίιξηιι
638 4181 702 4219 ex
733 4166 952 4250 [ﬁniti
984 4166 1141 4250 Quod
1178 4168 1231 4247 in
1273 4165 1514 4250 omnibus
1571 4167 1774 4250 Moysis
1813 4185 1899 4250 vg-

396 4234 682 4290 luminibus
738 4234 938 4290 Christi
1003 4238 1317 4291 misterium
1367 4234 1712 4308 designatur;
1755 4257 1773 4290 ι
1820 4237 1900 4292 De

399 4303 666 4359 Abraham
696 4315 746 4358 et
775 4255 1184 4372 Melchisedéch,
1211 4323 1336 4378 cap.
1370 4305 1425 4361 6.
1465 4326 1484 4359 ι

1999 3409 2108 3466 Τοῦ
2130 3409 2302 3480 ἁγίου
2321 3409 2626 3480 Κυρίλλου
2653 3404 3221 3480 Ἀλεξανδρείας-,ἐκ
3235 3404 3352 3480 τοῦ
3377 3417 3566 3474 προσ-

2096 3475 2438 3552 φώνητικοῦ
2477 3478 2628 3547 πρὸς
2678 3479 2785 3532 τὸν
2812 3477 3081 3543 βασιλέα
3113 3475 3454 3530 Θεοδόσιον.

2070 3612 2088 3647 ι
2127 3594 2194 3646 Ai
2243 3591 2302 3646 δὲ
2345 3592 2584 3658 εἰκόνες,
2629 3591 2821 3662 ὥσπερ
2868 3590 2963 3643 καί
3008 3588 3078 3642 τὰ
3122 3587 3446 3660 ἀρχέτυπα’
3482 3586 3571 3641 δεῖ

1995 3685 2103 3756 γὰρ
2130 3683 2304 3750 οὕτως
2331 3683 2524 3750 αὐτὰς,
2550 3683 2642 3737 καὶ
2670 3683 2769 3753 οὐχ
2801 3681 3004 3753 ἑτέρως
3031 3679 3195 3751 ἔχειν.
3235 3698 3256 3732 ι

2272 3859 2386 3914 Τοῦ
2423 3857 2632 3924 αὐτοῦ,
2671 3859 2741 3912 ἐκ
2780 3857 2902 3912 τῶν
2943 3853 3296 3924 Θησαυρῶν.

2073 3972 2093 4005 ι
2133 3952 2199 4006 Δί
2230 3951 2339 4023 γὰρ
2367 3951 2577 4014 εἰκόνες
2606 3951 2693 4006 ἀεὶ
2726 3949 2864 4021 πρὸς
2901 3949 2973 4003 τὰ
3008 3948 3292 4020 ἀρχέτυπα
3324 3944 3426 4018 τὴν
3464 3944 3570 4016 ἑμ-

1997 4045 2063 4114 φέ
2073 4061 2222 4116 ρειαν
2253 4043 2492 4114 ἔχουσιν.
2532 4061 2551 4096 ι

2005 4157 2116 4211 Τοῦ
2166 4155 2386 4218 αὑτοῦ,
2426 4154 2498 4208 ἐκ
2535 4153 2641 4207 τοῦ
2695 4151 3041 4222 πονήματρς
3067 4149 3212 4222 τοῦ,
3251 4167 3279 4222 _r
3317 4148 3437 4222 ξρτι
3471 4148 3573 4222 δ’ιρ

2069 4225 2276 4292 πάσης
2308 4215 2420 4292 τῆς
2461 4223 2758 4288 Μωῦσέως
2797 4215 3033 4290 πραςοῆξ
3070 4220 3137 4292 τό
3172 4217 3282 4292 τοῦ
3313 4215 3572 4292 Χριστοῦ

2065 4287 2410 4365 avara-iper}?
2451 4287 2954 4365 ἐνσημαίκεέὰιίι
2983 4287 3132 4359 Περί
3162 4288 3269 4344 τοῦ
3315 4287 3571 4357 Ἀϐραὰμ

2069 4361 2168 4419 καί
2197 4365 2303 4419 τοῦ
2335 4361 2734 4434 Μελχισεδὲκ,
2770 4378 2907 4432 κερ.
2940 4367 3016 4426 ς’.

403 4504 418 4532 ε
452 4481 690 4538 Omnino
751 4485 1126 4540 necessarium
1191 4494 1297 4550 est,
1358 4493 1418 4539 ut
1465 4501 1531 4540 ex
1581 4485 1891 4558 archetypis

2075 4498 2093 4530 ι
2123 4478 2252 4531 Δεόν
2285 4495 2377 4549 μοι
2407 4477 2508 4542 τὰς
2536 4475 2752 4541 εἰκόνας
2787 4473 3100 4547 γράφεσθαι
3140 4471 3277 4544 πρὸς
3300 4471 3368 4526 τὰ
3403 4468 3572 4542 ἀρχέ-

329 4577 626 4645 pingantur
661 4575 954 4646 imagines.
989 4595 1007 4626 ι

328 4687 515 4742 Sancti
565 4687 804 4758 Gregorii
856 4687 1214 4752 Nazianzeni,
1261 4704 1326 4743 ex
1378 4689 1618 4744 oratione
1668 4687 1901 4744 secunda

971 4759 1034 4812 de
1066 4759 1230 4812 Filio.

403 4867 418 4896 ι
451 4845 527 4901 Ea
582 4848 784 4918 quippe
830 4857 914 4904 est
970 4850 1232 4919 imaginis
1281 4859 1505 4918 natura,
1547 4860 1608 4907 ut
1652 4853 1901 4908 imitetur

327 4938 632 5008 exemplar,
670 4940 830 5010 cujus
864 4957 991 4995 esse
1020 4940 1245 4995 dicitur.
1283 4961 1302 4993 ι

329 5029 712 5100 Chrysostomi,
787 5047 852 5086 ex
902 5033 1122 5104 homilia
1176 5034 1332 5088 tertia
1384 5034 1440 5088 in
1475 5033 1765 5104 Epistolam
1822 5036 1893 5092 ad

923 5102 963 5156 C
969 5102 1018 5156 οί
1024 5119 1166 5158 essen
1175 5119 1276 5158 ses.

404 5211 422 5244 ι
456 5193 581 5263 Ipsa
611 5207 832 5264 quoque
883 5193 1184 5250 invisibilis
1239 5195 1316 5250 rei
1351 5197 1552 5268 imago,
1592 5198 1894 5254 invisibilis

328 5293 452 5337 est:
513 5284 760 5354 alioquin
814 5285 993 5355 imago
1029 5301 1139 5341 non
1200 5296 1371 5343 esset.
1420 5288 1716 5360 Imaginem
1749 5290 1896 5345 enim

327 5390 436 5448 «lira
471 5373 651 5446 imago
679 5384 786 5454 est,
836 5377 1004 5432 etiam
1066 5378 1213 5448 apud
1267 5395 1390 5444 nos,
1443 5380 1592 5434 nulla
1632 5381 1899 5437 varietate

331 5467 571 5522 similem
623 5485 748 5524 esse
798 5477 1040 5539 oportet,
1098 5477 1158 5525 ut
1207 5486 1327 5540 quae
1384 5471 1769 5530 similitudinis
1801 5485 1899 5529 ex-

330 5573 522 5628 pressa
552 5558 721 5630 ﬁgura
740 5559 830 5614 sit.
859 5580 877 5613 ι

397 5733 446 5767 ’⁸
480 5739 607 5798 Gen.
638 5751 836 5805 sum,
859 5739 924 5793 15
956 5757 966 5794 ι
998 5737 1162 5794 Hebr.
1195 5753 1269 5804 xi,
1297 5736 1359 5791 21

1996 4587 2162 4625 τυπα.
2199 4588 2218 4620 )

2073 4683 2184 4740 Τοῦ
2212 4682 2387 4754 ἁγίου
2409 4684 2740 4754 Γρηγορίου
2767 4679 3111 4754 Nachr-(mi,
3137 4679 3206 4733 ἐκ
3229 4677 3338 4734 τοῦ
3366 4677 3500 4748 περι

2561 4753 2697 4808 Υἱοῦ
2723 4754 2909 4821 λόγου
2931 4753 3013 4817 β’.

2076 4868 2095 4902 ι
2134 4848 2286 4919 Αὕτη
2321 4846 2431 4916 γὰρ
2458 4846 2665 4910 εἰκόνος
2703 4845 2888 4914 φύσις.
2922 4844 3150 4915 μίμημα
3174 4839 3318 4896 εἰναι
3345 4837 3442 4894 τοῦ
3468 4839 3575 4910 ἀρ-

2001 4942 2264 5014 χετύπου,
2305 4941 2400 4993 καὶ
2427 4933 2489 4994 οὗ
2513 4939 2753 5007 λέγεται.
2793 4957 2813 4992 ι

2079 5035 2190 5092 Τοῦ
2213 5032 2669 5156 Χρυσοστόμέἕ,
2705 5032 2774 5086 ἐκ
2806 5031 2914 5118 τοῦ
2947 5028 3099 5098 πρὸς
3129 5025 3505 5092 Κολοσσαεῒς

2647 5119 2753 5156 γου
2788 5118 3013 5156 τοιτου.

2647 5119 2753 5172 γου
2788 5118 3013 5170 τριτου.

2079 5217 2099 5252 ι
2145 5199 2210 5251 Ἦ
2237 5197 2339 5266 τοῦ,
2370 5196 2606 5267 ἀοράτου
2634 5192 2823 5256 εἰκὼν,
2865 5191 2962 5244 καὶ
2996 5189 3136 5260 αὕτη
3169 5189 3418 5260 ἀόρατος,
3451 5183 3577 5237 ἐπεὶ

2003 5291 2115 5347 οὐδ⁹
2165 5291 2232 5344 ἂν
2283 5288 2446 5344 εἰκὼν
2477 5289 2584 5358 εἴη.
2627 5286 2740 5357 Τὴν
2776 5285 2887 5356 γὰρ
2921 5284 3108 5337 εἰκόνα
3135 5323 3150 5348 ,
3194 5279 3390 5354 καθώς
3421 5280 3579 5354 ἐστιν

2005 5385 2189 5449 εἰκὼν,
2220 5385 2314 5439 καὶ
2343 5385 2471 5456 παρ’
2503 5351 2636 5453 ἡμῖν
2671 5351 3106 5454 ἀπαράλλακτον
3149 5351 3232 5430 δεῖ
3257 5351 3428 5441 εἶναι,
3459 5351 3579 5427 οἷον
3621 5363 3696 5421 ’.·.

2006 5461 2097 5532 τὸν
2128 5477 2452 5548 χαρακτῆρα
2479 5475 2577 5544 τῆς
2616 5471 2950 5543 ὁμοιώσεως.
2985 5491 3003 5522 ι
