3904 6358
533 391 670 458 1371

1713 385 1774 447 S.
1815 380 2134 447 JOANNIS
2156 378 2584 442 DAMASCENI

3629 373 3758 442 1372

527 507 654 568 cha,
690 503 747 556 in
772 497 923 570 regia
961 495 1377 554 Trachonitidis
1409 495 1673 565 regionis,
1709 493 1766 549 in
1802 493 1940 548 urbe
1974 505 2096 562 qua:

2205 487 2531 560 δτοπάρχης
2578 485 2760 556 είςῄτδ,
2785 484 3065 558 βασίλειον
3093 487 3194 559 τῆς
3221 487 3622 560 ’Τραχωνίτιδος
3655 492 3757 564 χώ.

527 595 763 649 Sebaste
811 591 1038 655 dicitur,
1075 586 1412 658 amputavit,
1463 594 1660 642 octavo
1719 585 1838 640 Kal.
1876 584 2093 649 Junias,

527 685 730 740 Flacco
763 689 819 740 et
865 681 1082 738 Ruﬁino
1135 694 1284 738 coss.
1336 678 1398 734 Id
1435 692 1580 748 aegre
1630 675 1810 733 ferens
1846 675 2097 732 Herodes

525 792 646 841 rex,
701 773 945 844 Philippi
993 771 1162 835 ﬁlius,
1200 784 1232 825 e
1277 766 1466 824 Iudaea
1505 781 1797 839 regressus
1825 771 1932 822 est.
1966 765 2095 820 Sta-

527 866 739 934 timque
765 862 832 917 ad
866 876 992 916 eum
1030 857 1268 916 accessit
1298 856 1500 912 mulier
1539 854 1790 926 quaedam
1820 853 2097 924 locuples,

525 955 758 1010 nomine
803 952 1089 1016 Berenice,
1122 965 1244 1022 qua:
1295 949 1440 1005 idem
1487 947 1745 1018 oppidum
1787 945 2098 1001 Paneadem

527 1045 830 1099 incolebat.
869 1042 1016 1107 Haec,
1053 1042 1316 1113 quoniam
1347 1055 1376 1094 a
1413 1038 1542 1095 Jesu
1587 1045 1781 1094 sanata
1817 1045 1957 1101 erat,
1987 1045 2099 1093 sta-

526 1147 679 1190 tuam
721 1135 826 1204 ipsi
865 1134 1078 1205 erigere
1108 1131 1360 1204 cupiens,
1392 1146 1492 1187 nec
1523 1131 1643 1186 sine
1688 1129 1836 1200 regis
1865 1128 2099 1200 permis-

527 1228 689 1282 siune
726 1225 782 1280 id
826 1239 960 1280 ausa
1013 1223 1302 1294 perﬁcere,
1361 1221 1563 1278 Herodi
1625 1221 1741 1293 regi
1794 1220 2098 1291 supplicem

525 1317 733 1372 obtulit
785 1315 1052 1381 libellum,
1103 1329 1304 1385 rogans
1339 1321 1402 1369 ut
1455 1314 1648 1370 liceret
1703 1311 1810 1368 sibi
1873 1311 1926 1366 in
1963 1311 2100 1368 urbe

528 1422 631 1463 sua
692 1406 918 1464 ϐίη-ἱειο
973 1405 1246 1462 Salvatori
1295 1412 1546 1460 auratam
1603 1409 1843 1462 statuam
1892 1402 2097 1459 dicare.

525 1499 775 1556 Libellus
818 1512 986 1568 porro
1041 1495 1362 1567 bujusmodi
1423 1505 1579 1552 erat:
1643 1512 1662 1546 ι
1693 1493 1944 1564 Augusto
1991 1491 2101 1548 lle-

533 1610 550 1642 ι
602 1590 741 1655 rodi,
769 1588 1062 1659 toparebaa,
1089 1595 1146 1642 et
1164 1586 1339 1658 legum
1360 1583 1872 1659 datoriJudaaorum
1895 1583 2102 1639 Graeco-

533 1701 550 1732 ‹
602 1655 854 1750 rumque,
893 1677 1006 1749 regi
1041 1655 1478 1743 Traclionitidis,
1519 1675 1832 1738 Berenices,
1865 1675 2102 1729 honora-

531 1790 550 1821 ε
601 1769 729 1827 bilis
750 1768 1018 1824 Paneadis
1049 1768 1267 1831 incolae,
1303 1768 1492 1836 petitio
1509 1765 1738 1836 supplex
1771 1773 1824 1820 et
1846 1765 2098 1821 obsecra-

535 1880 551 1912 ι
601 1864 698 1917 tio.
719 1860 941 1918 Iustitia
956 1869 1011 1917 et
1030 1860 1364 1922 humanitas,
1387 1865 1710 1927 caeteraeque
1729 1856 1961 1913 virtutes
1978 1871 2100 1912 ver-

531 1970 550 2003 ι
600 1952 761 2006 licem
793 1959 1040 2008 vestrum
1075 1951 1251 2008 instar
1275 1963 1498 2005 corona:
1531 1948 1779 2018 cingunt.
1813 1946 1969 2014 Quod
1999 1960 2100 2017 ego

533 2062 550 2094 ι
602 2043 925 2120 neutiquam
954 2043 1237 2114 ignorans,
1261 2043 1404 2098 bona
1433 2057 1530 2112 spe
1550 2042 1734 2096 omnia
1755 2056 2101 2111 consequen-

533 2153 551 2186 ι
599 2135 654 2190 di
684 2143 973 2205 concepta,
1005 2134 1104 2190 tibi
1150 2135 1390 2190 scribo.»
1429 2132 1561 2200 Qua:
1587 2149 1752 2204 porro
1786 2134 1859 2190 sit
1887 2132 2100 2188 exordii

529 2223 694 2294 hujus
745 2225 916 2305 ratio,
945 2225 1221 2281 sermonis
1256 2223 1430 2280 series
1459 2223 1782 2279 declarabit.
1833 2241 1851 2275 ι
1898 2223 2038 2278 Cum
2069 2237 2101 2277 a

531 2332 552 2367 ι
600 2299 949 2387 prima-aetate
973 2315 1261 2387 sanguinis
1276 2314 1430 2370 ﬂuxu
1451 2314 1955 2379 laborarem,omni
1978 2316 2102 2371 vitae

527 2426 551 2459 ι
597 2408 906 2463 substantia
933 2407 1408 2478 facultatibusque
1455 2407 1594 2462 meis
1623 2407 1680 2461 in
1711 2407 1958 2463 medicus
2004 2423 2100 2463 ex-

530 2519 548 2551 ι
599 2502 840 2566 haustis,
874 2501 1143 2556 medelam
1175 2500 1385 2554 nullam
1418 2507 1584 2554 nacta
1604 2514 1752 2556 sum.
1782 2498 1884 2556 Ubi
1917 2507 2099 2556 autem

531 2612 550 2644 ι
597 2593 782 2662 accepi
812 2593 1158 2648 admirabilis
1193 2591 1404 2648 Christi
1445 2592 1784 2658 curationes,
1819 2591 1914 2662 qui
1948 2606 2102 2646 mor-

532 2701 551 2734 ι
598 2692 723 2738 tuos
748 2682 819 2737 ad
851 2683 1031 2738 lucem
1056 2695 1327 2738 revocans
1365 2681 1686 2747 suscitaret,
1718 2681 1997 2738 daemones
2035 2696 2101 2736 ex

527 2793 548 2826 ι
598 2775 907 2830 mortalium
933 2776 1261 2844 corporibus
1289 2775 1534 2844 cjieeret,
1572 2789 1876 2845 omnesque
1911 2773 2100 2830 confc-

531 2886 548 2917 ι
597 2872 718 2920 ctos
741 2865 949 2921 morbis
999 2865 1170 2920 verbo
1223 2872 1480 2930 sanaret,
1525 2863 1596 2919 ad
1651 2879 1776 2919 eum
1829 2864 1980 2918 velut
2032 2863 2099 2917 ad

527 2976 548 3007 ‹
598 2956 768 3012 Deum
787 2955 1036 3026 confugi.
1050 2955 1252 3011 Verum
1272 2953 1626 3009 considerata
1643 2953 1996 3007 multitudine
2011 2967 2102 3008 eo-

529 3063 550 3096 ι
596 3060 718 3100 rum
741 3047 832 3116 qui
863 3046 1015 3099 illum
1041 3046 1346 3115 cingerent,
1368 3052 1622 3098 metuens
1663 3057 1732 3098 ne
1753 3042 1926 3097 morbi
1949 3057 2104 3112 spur-

2203 598 2324 651 ρας,
2352 582 2411 636 ὲν
2438 581 2682 652 Σεϐαστῇ
2712 582 2777 651 τῇ
2805 580 2983 643 πόλει,
3015 580 3125 653 πρὸ
3144 579 3292 634 ὀκτὼ
3315 579 3606 639 Καλανδῶν
3626 586 3753 639 Ἰου-

2199 674 2329 728 νίων
2354 712 2370 740 ,
2415 673 2476 726 έν
2521 673 2756 754 ύπατεία
2797 673 3122 738 Φλάκκωνος
3171 671 3268 726 καὶ
3313 672 3614 743 Ῥουφίνου.
3661 677 3756 732 Διὰ

2196 762 2358 817 τοῦτο
2394 762 2734 835 λυπούμενος
2756 763 2786 816 6
2821 761 3071 837 Ἡρώδης
3099 764 3128 818 ό
3167 761 3423 834 βασιλεὺς
3449 765 3478 818 ό
3502 765 3756 821 Φιλίππου

2199 854 2434 924 ἀνῆλθεν
2481 854 2592 910 ἀπὸ
2635 855 2737 926 τῆς
2783 853 3047 918 Ἰουδαίας
3073 895 3090 922 ,
3143 853 3241 909 καὶ
3281 855 3585 926 προσῆλθεν
3618 857 3758 928 αὐτῷ

2199 947 2337 1018 γυνή
2392 963 2478 1011 τις
2531 945 2767 1018 εὔπορος
2793 984 2811 1011 ,
2867 945 3098 1002 οἰκοῦσα
3144 946 3244 1018 τὴν
3293 947 3467 1020 αὐτὴν
3520 949 3758 1005 Πανεάδα

2199 1037 2377 1104 πόλιν,
2411 1037 2638 1108 ὀνόματι
2669 1037 2927 1108 Βερνίκη,
2961 1034 3290 1108 βουλομένη,
3313 1036 3391 1100 ὡς
3424 1037 3631 1092 ίαθεῦτα
3657 1039 3760 1092 eis

2199 1127 2292 1182 τοῦ
2335 1126 2512 1196 Ἰησοῦ
2534 1165 2551 1193 ,
2583 1125 2788 1197 στήλην
2828 1124 2980 1196 αὐτῷ
3028 1124 3337 1194 ἀναστῆσαι
3361 1141 3376 1156 ’
3419 1127 3514 1182 καὶ
3543 1127 3614 1197 μὴ
3646 1129 3759 1182 τολ-

2204 1221 2356 1291 μᾶσα
2410 1219 2532 1290 δίχα
2587 1217 2878 1289 βασιλικῆς
2939 1216 3242 1280 κελεύσεως
3315 1217 3473 1274 τοῦτο
3521 1219 3756 1289 ποιῆσαι,

2207 1311 2394 1382 δέησιν
2455 1309 2658 1364 δέδωκε
2683 1307 2763 1380 τῷ
2793 1307 3004 1378 βασιλεί
3040 1305 3276 1379 Ἡρώδῃ,
3315 1308 3540 1364 αίτοῦσα
3569 1312 3762 1382 στήλην

2203 1401 2410 1473 χρυσῆν
2465 1399 2545 1472 τῷ
2591 1399 2806 1472 Σωτῆρι
2844 1398 3065 1470 Χριστῷ
3133 1399 3194 1453 ἂν
3249 1401 3317 1470 τῇ
3364 1401 3565 1470 ἑαυτῆς
3617 1403 3760 1457 πόλει

2204 1493 2432 1563 στῆσαιο
2494 1493 2617 1564 ῆτις
2676 1490 2860 1561 δέησις
2933 1484 3079 1561 εἶχεν
3147 1489 3323 1553 οὕτως
3364 1505 3380 1519 ’
3430 1509 3450 1544 ι
3519 1491 3762 1565 Σεϐαστῷ

2209 1597 2228 1631 ι
2286 1579 2533 1652 Ἡρώδῃ,
2583 1579 2869 1650 τοπάρχῃ,
2920 1576 3230 1650 θεσμοθέτῃ
3278 1579 3552 1635 Ἰουδαίων
3582 1599 3640 1636 τε
3674 1584 3763 1637 καὶ

2211 1690 2228 1722 ι
2287 1669 2576 1742 Ἑλλήνων,
2609 1669 2824 1740 βασιλεί
2851 1668 3269 1740 Τραχωνίτιδος,
3300 1670 3487 1742 δέησις
3528 1674 3623 1730 καὶ
3665 1675 3767 1728 ίκε-

2210 1780 2227 1811 ι
2273 1760 2362 1813 σία
2393 1761 2548 1832 παρά
2585 1760 2853 1830 Βερνίκης
2883 1759 3295 1832 ἀξιωματικῆς,
3324 1763 3533 1829 πόλεως
3561 1766 3765 1823 Πανεά-

2213 1872 2230 1904 ι
2275 1853 2384 1917 δος.
2419 1854 2748 1924 Δικαιοσύνη
2775 1893 2791 1920 ,
2825 1853 2918 1908 καὶ
2946 1853 3353 1926 φιλανθρωπία,
3385 1857 3482 1912 καὶ
3511 1858 3580 1912 τά
3611 1859 3766 1915 λοιπὰ

2211 1964 2229 1997 ι
2277 1944 2385 2000 τῶν
2418 1945 2633 2017 ἀρετῶν
2685 1945 3077 2016 περιστέφουσι
3129 1946 3228 2017 τὴν
3286 1949 3559 2020 ὑμετέραν
3607 1967 3768 2023 κορυ-

2212 2056 2230 2090 ι
2280 2038 2388 2110 φήν
2413 2054 2428 2070 ’
2459 2037 2584 2092 ὅθεν
2615 2037 2772 2107 κάγὼ
2817 2036 2978 2092 τοῦτο
3025 2037 3198 2093 είδυία
3223 2079 3238 2104 ,
3270 2041 3370 2096 σὺν
3399 2041 3630 2110 ἀγαθαῖς
3650 2046 3770 2107 ταῖς

2213 2151 2231 2184 ι
2277 2131 2464 2186 ἐλπίσι
2530 2132 2752 2188 πάντων
2790 2133 3094 2205 τευξομένη
3119 2175 3134 2202 ,
3182 2135 3268 2188 σοὶ
3295 2137 3512 2208 γράφω.
3557 2156 3578 2190 ι
3615 2139 3772 2205 Ἦτις

2205 2224 2240 2293 ή
2264 2221 2360 2276 τοῦ
2394 2223 2664 2293 παρόντος
2692 2225 2983 2296 προοιμίου
3017 2225 3248 2300 κρηπὶς,
3283 2226 3493 2300 προϊών
3530 2245 3590 2282 σε
3619 2231 3649 2283 ὁ
3689 2232 3776 2284 λό-

2205 2332 2302 2384 γος
2341 2315 2562 2382 διδάξει.
2604 2334 2624 2368 ι
2689 2317 2785 2372 Ἐκ
2828 2318 3036 2374 παιδῶν
3081 2317 3350 2388 ληφθεῖσα
3391 2319 3540 2392 πάθη
3581 2324 3776 2396 αἱμορ-

2212 2425 2232 2462 ι
2279 2407 2434 2480 ῥοίας
2475 2407 2720 2487 όχετῶν,
2771 2411 2854 2475 εἰς
2885 2412 3107 2482 ἰατροὺς
3150 2412 3481 2468 ἀναλώσασα
3531 2431 3635 2484 μου
3687 2417 3777 2470 τὸν
3833 2465 3836 2468 .
3883 2443 3885 2462 ι

2211 2518 2231 2553 ι
2280 2501 2394 2572 βίον
2423 2501 2519 2554 καὶ
2544 2501 2636 2554 τὸν
2663 2501 2918 2569 πλοῦτον,
2965 2503 3114 2557 ίασιν
3144 2503 3244 2573 οὐχ
3273 2498 3433 2575 εὗρον
3455 2520 3472 2537 ο
3505 2505 3781 2574 ἀκηκουῖα

2213 2612 2231 2644 ι
2275 2594 2333 2647 δὲ
2361 2592 2456 2646 τοῦ
2493 2593 2910 2664 θαυμαζομένου
2949 2594 3189 2667 Χριστοῦ
3223 2596 3293 2650 τὰ
3325 2597 3551 2668 ίάματα,
3583 2597 3660 2663 ώς
3689 2617 3779 2654 νε-

2214 2701 2232 2733 ι
2277 2683 2444 2755 κροὺς
2471 2683 2801 2753 διανίστησι,
2841 2684 3006 2738 πάλιν
3030 2685 3110 2749 είς
3141 2684 3258 2754 φῶς
3293 2685 3488 2752 ἕλκων,
3523 2689 3625 2741 καὶ
3658 2688 3781 2743 δαί-

2215 2793 2233 2825 ι
2284 2790 2454 2842 μονας
2483 2775 2548 2828 ὲκ
2575 2772 2785 2844 βροτῶν
2815 2774 3160 2842 ἀπελαύνων,
3199 2777 3295 2830 καὶ
3321 2777 3530 2842 πάντας
3555 2780 3688 2842 τοὺς
3724 2782 3784 2834 ὲν

2215 2885 2234 2917 ι
2278 2865 2420 2936 νόσῳ
2449 2867 2886 2938 μαραινομένους
2914 2867 3059 2938 λόγῳ
3089 2867 3426 2939 θεραπεύων,
3457 2871 3614 2940 κάγὼ
3642 2873 3782 2943 πρὸς

2215 2973 2233 3005 ι
2280 2954 2442 3014 αὑτὸν
2469 2955 2547 3018 ὡς
2587 2955 2724 3026 πρὸς
2756 2955 2888 3009 Θεὸν
2925 2954 3180 3028 ἔδραμον.
3222 2957 3335 3012 Καὶ
3365 2964 3778 3032 προσεσχηκυία

2215 3065 2232 3096 ι
2278 3045 2356 3116 τῷ
2398 3046 2708 3118 περιέχοντι
2752 3047 2916 3101 αὑτὸν
2949 3047 3181 3120 πλήθει,
3210 3049 3530 3103 δειλιάσασα
3576 3050 3655 3122 μὴ
3691 3053 3784 3106 τὸν

528 3157 549 3189 ι
596 3135 782 3192 citiem
813 3147 1126 3199 aversatus,
1177 3150 1304 3206 erga
1345 3149 1431 3190 me
1466 3133 1866 3204 indignaretur,
1895 3135 2098 3204 major-

2214 3153 2232 3187 ι
2279 3136 2342 3191 ἐκ
2369 3139 2462 3192 τοῦ
2494 3138 2698 3202 πάθους
2741 3139 3018 3211 μολυσμὸν
3066 3141 3550 3212 ἀποστρεφόμενος
3572 3182 3588 3206 ,
3623 3143 3784 3214 ὀργι-

530 3246 548 3278 σ
593 3241 700 3296 que
721 3227 1066 3298 aegritudinis
1083 3227 1240 3296 plaga
1269 3225 1442 3291 ﬁeret,
1459 3240 1672 3282 mecum
1700 3225 1816 3295 ipsa
1837 3225 2100 3298 cogitavi,

530 3335 550 3368 ι
596 3316 762 3389 369
793 3317 940 3388 quod
972 3319 1017 3374 si
1053 3319 1138 3373 vel
1180 3319 1449 3373 ﬁmbriam
1493 3318 1806 3373 vestimenti
1837 3316 1961 3388 ejus
1984 3325 2104 3372 tan—

529 3429 547 3461 ι
596 3425 724 3480 gere
782 3410 919 3466 mihi
974 3409 1187 3477 liceret,
1219 3410 1516 3464 sanitatem
1552 3408 1916 3478 adipiscerer.
1951 3407 2105 3465 Hane

529 3521 546 3555 ι
595 3502 687 3558 ubi
721 3502 961 3572 primum
993 3502 1165 3574 tetigi,
1192 3515 1487 3572 suppresso
1520 3501 1807 3572 sanguinis
1837 3499 2010 3566 fonte,
2039 3502 2104 3555 il-

531 3614 547 3645 ι
596 3595 700 3648 lico
719 3593 998 3649 convalui.
1043 3592 1141 3649 ille
1185 3608 1340 3658 vero,
1376 3606 1501 3647 cum
1525 3592 1712 3648 cordis
1742 3592 1844 3647 mei
1872 3592 2102 3648 consilia

531 3707 548 3738 ι
596 3691 921 3758 prmnosset,
956 3685 1098 3740 elata
1134 3699 1298 3749 voce,
1329 3682 1485 3750 Quis,
1545 3683 1745 3754 inquit,
1781 3700 1862 3737 me
1889 3683 2104 3755 tetigit?

531 3795 547 3826 ι
594 3776 758 3830 virtus
785 3791 850 3830 ex
867 3792 946 3831 me
970 3775 1193 3846 prodiit.
1217 3773 1358 3830 Tum
1386 3788 1487 3844 ego
1502 3773 1739 3844 pallens,
1770 3789 2103 3845 gemensque

529 3887 548 3918 ι
596 3874 650 3923 et
696 3869 1004 3939 graviorem
1031 3868 1284 3923 morbum
1335 3867 1403 3922 ad
1441 3881 1528 3921 me
1565 3881 1918 3922 reversurum
1951 3866 2102 3922 arbi-

531 3979 549 4010 ι
594 3966 772 4026 trans,
794 3961 859 4016 ad
879 3960 1002 4030 ejus
1032 3959 1202 4030 pedes
1225 3973 1450 4027 corruo,
1473 3958 1813 4028 humumque
1842 3957 2102 4028 lacrymls

531 4069 548 4102 ι
597 4048 911 4116 infundens,
945 4050 1238 4106 audaciam
1289 4063 1466 4105 meam
1516 4048 1834 4120 proﬁtebar.
1877 4049 1949 4101 At
1985 4048 2096 4112 ille,

525 4159 549 4191 4
598 4140 675 4194 uti
693 4140 936 4196 clemens
958 4148 1012 4196 et
1029 4141 1327 4210 benignus,
1350 4139 1526 4194 vicem
1552 4153 1725 4194 meam
1751 4141 2102 4194 commisera-

527 4251 550 4280 ι
591 4237 702 4298 ῑιιε,
721 4232 1065 4288 sanationem
1095 4232 1231 4286 mihi
1255 4231 1341 4286 his
1355 4230 1544 4286 verbis
1564 4229 1942 4285 conﬁrmavit:
1969 4229 2101 4286 Con-

526 4340 550 4372 4
597 4320 724 4390 ﬁde,
742 4320 880 4387 lilia,
906 4320 1037 4390 ﬁdes
1061 4331 1157 4375 tua
1176 4331 1224 4376 te
1241 4321 1445 4376 salvam
1470 4321 1616 4391 fecit.
1646 4319 1788 4375 Vade
1810 4321 1863 4374 in
1885 4337 2013 4391 pace
2030 4323 2096 4380 δ’.

527 4430 550 4462 ι
600 4411 694 4467 Sic
717 4420 774 4466 tu
809 4427 1050 4483 quoque,
1077 4413 1344 4483 Auguste,
1379 4411 1514 4466 mihi
1541 4413 1880 4482 supplicanti
1909 4421 2100 4484 postu-

2213 3247 2230 3278 ι
2279 3227 2378 3299 σθῇ
2426 3229 2548 3282 κατ’
2580 3230 2715 3300 ἐμοῦ
2742 3272 2756 3295 ,
2803 3232 2897 3284 καὶ
2925 3231 3128 3286 πλείων
3161 3250 3250 3303 μοι
3280 3233 3486 3308 ἐπέλθῃ
3513 3236 3548 3304 ή
3595 3237 3785 3308 πληγὴ

2211 3338 2230 3371 ι
2276 3318 2376 3388 τῆς
2396 3319 2574 3387 νόσου,
2606 3321 2730 3374 καθ’
2767 3322 2967 3394 ἑαυτὴν
2997 3322 3351 3396 ἐλογισάμην,
3382 3327 3464 3378 ὅτι
3493 3325 3593 3380 ἐὰν
3620 3325 3788 3397 δυνη-

2211 3429 2228 3460 ι
2275 3409 2429 3480 θείην
2458 3409 2700 3481 ἅψασθαι
2741 3410 2836 3465 τοῦ
2869 3413 3181 3485 κρασπέδου
3209 3414 3305 3468 τοῦ
3343 3415 3558 3486 ἱματίου
3588 3415 3786 3482 αὐτοῦ,

2210 3521 2228 3554 ι
2276 3501 2619 3573 σωθήσομαι.
2653 3496 2730 3558 Οὗ
2761 3503 2858 3558 καὶ
2894 3504 3184 3576 ἁψαμένη,
3217 3506 3313 3559 καὶ
3344 3505 3640 3576 σταθείσης
3682 3525 3787 3577 μου

2209 3609 2229 3642 ι
2272 3592 2373 3662 τῆς
2401 3592 2586 3663 πηγῆς
2606 3593 2701 3647 τοῦ
2730 3594 2984 3666 αἵματος,
3007 3595 3206 3664 γέγονα
3233 3597 3575 3668 παραχρῆμα
3596 3599 3785 3671 ὑγιής.

2210 3701 2227 3733 ι
2272 3683 2446 3747 Αὐτὸς
2472 3683 2529 3738 δὲ
2561 3685 2784 3755 μᾶλλον,
2819 3685 2897 3750 ὡς
2930 3687 3202 3758 προγνοὺς
3232 3687 3332 3758 τῆς
3369 3690 3512 3759 ἐμῆς
3549 3691 3792 3762 καρδίας

2209 3795 2226 3822 ι
2271 3773 2342 3828 τά
2371 3774 2732 3846 βουλεύματα,
2763 3776 3032 3848 ἀνέκραξε
3059 3794 3072 3809 ο
3123 3777 3220 3844 Τις
3253 3795 3375 3846 μου
3413 3776 3648 3846 ἦψατω
3685 3780 3791 3836 δύο

2210 3885 2228 3917 ι
2273 3883 2449 3936 ναμις
2483 3867 2584 3922 ἀπ’
2617 3867 2767 3938 ἐμοῦ
2791 3867 3072 3938 ἐξῆλθεν.
3118 3869 3260 3938 Ἐγὼ
3305 3866 3401 3923 οὗν
3431 3870 3790 3940 ὠχριάσασα,

2208 3977 2227 4010 ι
2272 3959 2369 4011 καὶ⁹
2400 3959 2686 4025 στένουσα,
2715 3959 2816 4032 τὴν
2843 3959 3000 4015 νόσον
3039 3961 3382 4033 θρασυτέραν
3409 3963 3796 4036 ἀποστρέφειν

2212 4071 2229 4102 ι
2276 4049 2364 4104 ἐπ’
2401 4050 2503 4121 ἐμὲ
2540 4050 2890 4124 λογιζομένη,
2921 4052 3310 4124 προσπεσοῦσα
3340 4053 3513 4125 αὐτῷ,
3547 4055 3656 4127 τὴν
3689 4058 3798 4128 γῆν

2208 4165 2227 4195 ‹
2269 4143 2571 4215 ὲπλήρωσα
2597 4143 2874 4214 δακρύων,
2905 4143 3006 4217 τὴν
3034 4145 3240 4216 τόλμαν
3259 4145 3577 4211 ἐξειποῦσα.
3605 4148 3798 4212 Αὐτὸς

2209 4255 2226 4285 ι
2271 4234 2330 4289 δὲ
2357 4235 2434 4298 ὼς
2463 4234 2666 4305 ἀγαθὸς
2684 4277 2702 4302 ,
2735 4235 3159 4307 σπλαγχνισθεὶς
3189 4236 3278 4290 ἐπ’
3307 4238 3427 4307 ἐμοὶ
3450 4279 3465 4304 ,
3496 4239 3801 4312 ἐπεστρρᾶ-

2209 4347 2225 4380 ι
2271 4326 2390 4396 γιζέ
2427 4345 2528 4399 μου
2559 4326 2658 4400 τὴν
2690 4329 2872 4396 ίασιν,
2913 4328 3182 4401 είρηκώς’
3217 4329 3464 4398 Θάρσει,
3495 4331 3802 4401 θυτὰτερ.

2205 4439 2225 4472 ι
2273 4422 2312 4490 ἡ
2345 4422 2547 4486 πίστις
2583 4438 2700 4475 σου
2754 4422 2992 4477 σέσωκέ
3028 4437 3104 4477 σε
3133 4440 3147 4453 ’
3185 4423 3441 4492 πορεύου
3486 4419 3583 4488 είς
3628 4425 3798 4493 ειρή-

526 4519 550 4552 ε
597 4501 856 4558 lationem
884 4503 1090 4573 justam
1127 4503 1369 4573 indulge.
1395 4521 1414 4554 ι
1440 4503 1567 4558 Ηωο
1592 4503 1822 4559 audiens
1855 4502 2098 4561 Herodes

2211 4530 2229 4563 ι
2266 4529 2401 4579 νην.
2435 4512 2592 4567 Οὕτω
2631 4513 2726 4566 καὶ
2767 4513 2956 4585 ὑμεῖς,
3000 4513 3263 4568 Σεϐαστοὶ
3286 4554 3302 4582 ,
3347 4512 3445 4583 τὴν
3485 4512 3704 4585 δέησιν
3731 4518 3800 4584 τῇ

525 4609 623 4649 rex
646 4609 712 4650 ex
746 4595 932 4651 libello
961 4593 1231 4665 supplice,
1263 4594 1516 4650 miraculi
1565 4595 1943 4666 magnitudine
1973 4611 2098 4667 per-

522 4686 740 4753 culsus,
784 4686 1197 4758 curationisque
1264 4685 1535 4742 reveritus
1581 4700 1866 4752 arcanum,
1917 4687 2096 4742 dixit:

530 4795 550 4827 ι
585 4776 724 4845 Tua,
756 4793 792 4836 ο
818 4778 1038 4845 mulier,
1069 4778 1288 4834 sanatio
1335 4777 1713 4848 pra'stantiori
1771 4777 1934 4850 digna
1983 4793 2098 4835 mo-

594 4955 642 4989 ¹¹⁰
659 4953 851 5012 Matth.
883 4971 956 5022 lx,
985 4955 1077 5010 22.

2202 4624 2220 4657 ι
2265 4603 2493 4677 δεομένῃ
2523 4604 2680 4673 ἀξίαν
2710 4606 3041 4676 παράσχετε.
3073 4625 3093 4658 ι
3141 4609 3203 4661 '0
3231 4606 3289 4660 δὲ
3312 4605 3575 4678 βασιλεὺς
3601 4606 3802 4677 Ἦρώ·

2193 4692 2290 4762 δης
2318 4693 2574 4764 ἀκηκοὼς
2604 4694 2777 4749 ταῦτα
2806 4695 2897 4751 διὰ
2936 4696 3038 4767 τῆς
3076 4698 3319 4768 δεήσεως
3342 4736 3359 4761 ,
3393 4695 3702 4768 ἐξεπλάγη
3739 4698 3802 4752 τὸ

2195 4779 2411 4852 θαῦμα,
2467 4783 2560 4837 καὶ
2606 4782 2865 4854 φοϐηθεὶς
2914 4783 2978 4838 τὸ
3035 4785 3338 4856 μυστήριον
3390 4784 3492 4852 τῆς
3555 4785 3802 4848 lassare,

2007 5057 2238 5114 ΝΟΤίΕ.

521 5209 833 5284 Curterius,
873 5209 1306 5284 Ducangiusque
1337 5227 1401 5284 ex
1438 5229 1528 5284 qq.
1570 5215 1951 5273 Anastasianis
1995 5230 2088 5269 ae-

520 5296 740 5374 cgperc,
769 5282 1046 5336 Chronico
1064 5280 1694 5374 dieaandri‘noﬂoanne
1726 5288 1849 5374 ipso
1871 5285 2088 5352 Malala,

527 5351 794 5423 aliisque,
847 5351 1284 5423 prmtcrﬂJulium
1339 5353 1685 5419 Africanum,
1724 5351 2089 5420 Clementem,

521 5421 887 5496 Theophilum
907 5464 921 5487 ,
945 5430 1011 5496 _et
1039 5422 1384 5496 Timotheum
1408 5463 1422 5484 ,
1457 5441 1596 5495 quos
1626 5426 1938 5496 Hesychius
1975 5426 2092 5496 ipse

518 5491 798 5565 et‘Malala
835 5493 1078 5565 laudant.
1109 5491 1505 5565 Nequemagni
1546 5491 1858 5550 faciendum
1889 5503 1974 5550 est
1996 5491 2092 5550 'tc-

523 5561 847 5636 alimonium
883 5561 1313 5636 Abull‘araji'qui
1362 5561 1720 5635 Theotihilum
1753 5566 2088 5636 astrologum

520 5627 837 5685 Rohensem
906 5650 1002 5688 seu
1059 5627 1436 5698 Edcssenum,
1494 5627 1751 5692 ﬂoruisse
1809 5637 1881 5691 ait
1945 5627 2088 5689 circa

395 5689 410 5714 ¹
515 5711 726 5782 annum
740 5700 942 5782 Christi
960 5702 1062 5782 785
1076 5703 1355 5782 etiilcgira‘
1379 5705 1405 5782 _i
1419 5689 1508 5771 ίίί),
1523 5716 1575 5761 et
1601 5689 2091 5782 Egﬁrc‘girc’historiw

503 5773 804 5827 auctorem
839 5770 1052 5829 haberi.
1085 5770 1263 5828 Nimia
1302 5776 1501 5841 quippe
1537 5787 1621 5833 est
1649 5770 1975 5845 'Aliult‘araji
2006 5777 2091 5831 in-

2194 5215 2500 5287 diligentia,
2525 5226 2582 5272 ut
2609 5217 2729 5288 ipso
2761 5217 2879 5274 solo
2911 5218 3242 5273 testiﬁcante
3274 5217 3569 5274 credamus
3605 5220 3806 5280 Theu-

2195 5288 2407 5356 philum
2453 5288 2603 5359 hunc
2653 5289 2990 5358 astrologum
3033 5288 3218 5359 hujus,
3248 5289 3486 5359 egregiae
3527 5291 3810 5350 histor-ix

2195 5366 2474 5430 parentem
2511 5357 2685 5413 fuisse
2708 5399 2722 5421 ,
2774 5366 2869 5430 aut
2922 5357 3115 5414 saltem
3147 5357 3307 5412 nihil'
3331 5357 3484 5430 urget
3524 5375 3647 5416 nos
3677 5403 3696 5426 ,
3753 5373 3809 5417 ut

2195 5427 2577 5503 concedamus
2610 5443 2735 5483 cum
2773 5429 3064 5503 ipsummet
3108 5443 3232 5503 esse
3264 5427 3426 5498 quem
3464 5430 3808 5503 liesychius

2194 5509 2249 5552 et
2276 5495 2474 5570 phialala
2529 5495 2811 5570 citavcref
2844 5496 2936 5570 Ad
2969 5495 3305 5570 Hesychiuni
3332 5499 3492 5570 quod
3539 5495 3810 5570 spectat,

2195 5568 2384 5639 quidni
2421 5565 2559 5639 idem
2591 5569 2661 5622 sit
2687 5583 2810 5622 cum
2842 5565 3111 5639 llesychio
3140 5565 3810 5638 lllustri,'quihis'(oriam

2200 5636 2227 5689 a
2262 5636 2390 5692 Belo
2418 5638 2774 5709 Assyriorum
2826 5636 2967 5708 rege‘
2994 5639 3278 5709 usquead
3321 5636 3626 5695 Anastasii
3667 5645 3808 5709 imp.

2201 5655 2227 5689 a
2263 5655 2390 5692 uelo
2418 5655 2774 5709 assyriorum
2826 5655 2952 5708 rege
2994 5655 3058 5694 us
3100 5655 3169 5694 ue
3212 5655 3278 5692 aa
3321 5655 3621 5695 anaStasu
3668 5657 3808 5709 ιιιιρ.

2201 5716 2469 5783 tempora
2503 5709 2797 5783 produxit?
2846 5709 3010 5762 Plura
3059 5655 3133 5764 (ille
3175 5708 3364 5763 Malala
3405 5709 3620 5782 lcgcsis
3657 5713 3810 5783 apud

2201 5777 2428 5834 Curium
2456 5777 2515 5834 in
2543 5777 2683 5835 Hist.
2721 5779 2950 5836 litterar.
2985 5785 3157 5849 parte.
3197 5794 3257 5833 ιι.
