3904 6358
8 3450 53 3467 vl
78 3454 105 3471 ,ι’
134 3428 168 3469 ΚῙ

224 453 359 518 1373

1309 451 1407 510 DE
1450 446 1909 510 IMAGINIBUS
1946 446 2228 508 ORATIO
2266 448 2359 507 III

3329 445 3464 512 13⁷14

226 558 376 618 εἷπεν
398 578 415 595 ’
460 578 481 615 ι
526 560 591 617 Ἦ
618 561 700 626 είς
731 560 789 614 σὲ
839 561 1110 633 γενομένη
1144 561 1290 624 ίασις
1314 598 1329 624 ,
1358 555 1404 613 ὦ
1431 558 1629 629 γύναι,
1665 558 1785 631 μεί-

1903 573 1915 608 ι
1962 565 2227 614 numento
2255 565 2360 612 est.
2384 555 2486 611 Abi
2511 570 2665 627 ergo,
2690 563 2743 614 et
2771 570 2938 627 quam
2969 556 3216 613 volueris
3244 556 3346 622 illi,
3368 560 3462 627 qui

233 674 249 703 ι
287 652 439 717 ζονος
465 652 668 724 στήλης
702 652 854 705 ἐστὶν
888 651 1036 716 ἀξία.
1072 651 1407 722 Πορευθεῑσα
1435 650 1641 719 τοίνυν,
1672 652 1791 707 οἵαν

232 763 249 795 ι
296 743 476 813 βούλει
533 743 841 813 άνάστησον
889 741 1041 812 αύτῷ
1094 741 1328 812 στήλην,
1373 740 1673 809 δοξάζουσα
1701 742 1793 796 τὸν

231 853 250 886 ι
291 834 601 904 ἰασάμενον.
642 852 661 886 ι
699 834 813 887 Καὶ
842 833 1042 897 εὐθέως
1072 832 1210 904 αὑτὴ
1237 834 1471 904 Βερνίκη
1490 872 1505 898 ,
1541 835 1574 903 ή
1600 833 1793 905 πρώην

227 925 615 996 αἱμορροοῦσα,
653 927 713 979 ὲν
746 926 894 996 μέσῳ
921 926 1020 995 τῆς
1051 924 1188 989 ίδίας
1216 924 1389 995 αὑτῆς
1428 925 1640 989 πόλεως
1675 928 1791 980 Πα-

226 1015 405 1080 νεάδος
448 1015 712 1087 ἀνέστησε
741 1016 820 1087 τῷ
847 1016 967 1088 Θεῷ
994 1016 1091 1071 καὶ
1119 1016 1310 1089 Κυρίῳ
1347 1018 1554 1089 στήλην
1583 1017 1794 1089 χαλκῆν

227 1107 288 1161 ὲκ
315 1107 522 1179 χαλκοῦ
544 1106 912 1179 θερμηλάτου,
942 1108 1146 1179 μίξασα
1174 1109 1379 1183 χρυσὸν
1407 1109 1503 1163 καὶ
1530 1111 1790 1183 ἄργυρον.

229 1199 386 1264 ἽΙτις
416 1198 585 1271 στήλη
618 1200 771 1269 μένει
802 1202 860 1253 έν
890 1202 1124 1256 Πανεάδι
1157 1204 1224 1272 τῇ
1257 1202 1407 1256 πόλει
1435 1201 1541 1266 ἕως
1569 1201 1664 1255 νῦν
1683 1243 1696 1267 ,
1730 1202 1792 1255 οὑ

229 1274 331 1360 πρὸ
359 1288 554 1343 πολλοῦ
580 1289 774 1360 χρόνου
809 1291 1214 1362 μετενεχθείσα,
1264 1293 1357 1362 ἀφ’
1401 1286 1463 1347 οῦ
1499 1292 1704 1357 ἵστατο,
1735 1293 1793 1346 ὲν

232 1378 375 1450 μέσῳ
405 1383 504 1451 τῆς
535 1381 742 1444 πόλεως
791 1384 871 1446 είς
904 1384 1061 1447 ἅγιον
1088 1384 1283 1450 τόπον,
1317 1386 1397 1449 είς
1425 1381 1574 1439 οἷκον
1602 1386 1795 1458 εὑκτή-

232 1485 363 1540 ριον.
395 1471 583 1549 Ὅπερ
611 1473 911 1551 ὑπόμνημα
938 1475 1137 1547 εὑρέθη
1170 1477 1227 1530 ὲν
1255 1479 1321 1548 τῇ
1354 1477 1505 1532 πόλει
1537 1478 1791 1543 Πανεάδι,

229 1559 377 1630 παρὰ
425 1562 619 1633 Βάσσῳ
659 1566 800 1629 τινὶ,
849 1566 1129 1637 γενομένῳ
1184 1567 1293 1622 ἀπὸ
1346 1567 1616 1623 Ἰουδαίων
1661 1571 1793 1639 Χρι-

231 1649 461 1720 στιανῷ,
503 1652 561 1704 ὲν
609 1645 655 1719 ᾧ
699 1654 944 1724 ὑπῆρχεν
973 1656 1002 1707 ό
1035 1656 1151 1727 βίος
1193 1656 1302 1709 τῶν
1358 1657 1794 1726 βασιλευσάντων

228 1738 440 1795 πάντων
470 1740 569 1812 τῆς
614 1742 912 1813 Ἰουδαϊκῆς
942 1743 1141 1815 χώρας.
1182 1763 1199 1795 ι

234 1980 356 2070 Ἐξ,
380 1978 489 2070 τῆς
511 1983 784 2070 ,ἐϐδίξέιης
804 1986 1077 2070 ἐβίϐυῑου.
1113 1987 1224 2070 tjc
1284 1989 1795 2070 έθξκλησιαστικῆς

318 2054 603 2143 {metes
626 2054 1079 2143 £0026“va
1116 2054 1466 2129 Παμφίλουέ
1516 2068 1650 2137 περι
1690 2054 1796 2143 τῆξ

291 2124 727 2193 αιμορῤοούσης
752 2124 1080 2192 Πανεάδος.

293 2278 311 2312 ι
366 2260 585 2330 Ἐπειδὴ
634 2258 798 2330 τῆσδε
850 2260 949 2331 τῆς
997 2261 1211 2327 πόλεως
1259 2264 1615 2338 ἐμνήσθημεν
1642 2311 1657 2337 ,
1694 2272 1795 2325 οὑκ

219 2356 362 2423 ἄξιον
404 2351 650 2423 ἡγοῦμαι
700 2350 953 2423 διήγησιν
1004 2354 1337 2425 παρελθεῖν,
1382 2359 1475 2411 xa‘t
1514 2362 1628 2423 τοῖς
1676 2362 1795 2431 μεθ’

220 2447 361 2517 ἡμᾶς
392 2441 825 2515 μνημονεύεσθαι
871 2443 1047 2509 ἀξίαν.
1081 2445 1194 2516 Τήν
1222 2447 1329 2518 γὰρ
1360 2450 1793 2523 αίμορῤοοῦσαν,

220 2537 282 2603 ἣν
324 2536 389 2587 ὲκ
441 2534 548 2586 τῶν
602 2533 772 2603 ἱερῶν
805 2532 1153 2601 Εὑαγγελίων
1200 2536 1351 2606 παρὰ
1403 2536 1496 2590 τοῦ
1541 2540 1795 2613 Σωτῆρος

220 2624 373 2695 ήμῶν
413 2622 508 2677 τοῦ
562 2625 767 2686 πάθους
814 2623 1136 2695 ἀπαλλαγὴν
1179 2625 1435 2696 εὑρέσθαι
1468 2627 1795 2699 μεμαθήκα-

224 2731 318 2785 μεν
344 2754 359 2778 ,
395 2714 607 2767 ἐνθένδε
655 2714 837 2781 ἔλεγον
869 2715 1173 2785 ὁρμᾶσθαι,
1205 2716 1297 2770 τόν
1343 2734 1403 2770 τε
1439 2714 1585 2772 οἷκον
1628 2721 1796 2790 αὑτῆς

220 2808 311 2861 ἐπὶ
343 2807 442 2877 τῆς
472 2806 684 2868 πόλεως
712 2805 1049 2873 δείκνυσθαι,
1082 2806 1175 2859 καὶ
1204 2807 1304 2877 τῆς
1347 2809 1451 2863 ὑπὸ
1480 2811 1573 2864 τοῦ
1605 2810 1794 2883 Σωτῆ-

224 2916 313 2969 ρος
340 2898 421 2959 είς
459 2896 631 2967 αὑτήν
660 2897 980 2968 εὐεργεσίας
1012 2898 1304 2968 θαυμαστά
1335 2899 1571 2969 τρόπαια
1615 2918 1793 2974 παρα-

224 2986 391 3056 μένει.
450 2986 702 3039 Ἐστάναι
745 2986 851 3056 γὰρ
895 2986 980 3055 ἐφ’
1032 2986 1237 3059 ὑψηλοῦ
1267 2988 1450 3054 λίθου,
1505 2991 1642 3060 πρὸς
1695 2990 1794 3061 μὲν

219 3076 339 3135 ταῖς
369 3072 569 3136 πύλαις
609 3073 705 3127 τοῦ
745 3074 920 3144 αὑτῆς
965 3075 1120 3129 οἴκου
1151 3117 1166 3143 ,
1198 3078 1457 3146 γυναικὸς
1488 3080 1794 3149 ὲκτύπωμα

221 3161 445 3233 χάλκεον
494 3163 589 3216 ἐπὶ
618 3164 747 3233 γόνυ
802 3165 1159 3232 κεκλιμένον,
1205 3169 1302 3222 καὶ
1342 3169 1672 3239 τεταμέναις
1699 3171 1793 3222 ἐπὶ

221 3252 600 3325 τοὺμπροσθεν
652 3257 776 3318 ταῖς
832 3258 1052 3327 χερσὶν,
1105 3259 1423 3332 ίκετευούσῃ
1475 3262 1690 3325 ἐοικός⁹
1730 3254 1792 3314 οὗ

220 3346 469 3415 ἀντικρὺ,
494 3345 626 3399 ἄλλο
642 3346 739 3417 τῆς
763 3346 934 3417 αὑτῆς
965 3346 1121 3418 ὕλης,
1154 3350 1347 3421 ἀνδρὸς
1370 3352 1552 3423 ὄρθιον
1585 3353 1793 3423 σχῆμα,

170 3452 201 3475 ηκ
218 3434 464 3505 διπλοΐδα
494 3436 735 3507 κοσμίως
766 3437 1096 3508 βεϐλημένον
1124 3478 1140 3506 ,
1190 3442 1285 3493 καὶ
1313 3440 1411 3512 τὴν
1441 3445 1598 3512 χεῖρα
1629 3441 1795 3496 αὑτοῦ

223 3528 336 3580 ἐκεῖ
359 3528 663 3598 προτεῖνον.
696 3521 772 3581 Ob
797 3528 950 3599 παρὰ
988 3532 1101 3593 τοϊς
1139 3532 1297 3584 ποσὶν
1323 3534 1416 3585 ἐπὶ
1454 3534 1553 3603 τῆς
1588 3533 1797 3605 στήλης

221 3619 438 3689 ταύτης,
488 3618 637 3684 ξένον
664 3637 715 3673 τι
750 3620 984 3694 βοτάνης
1016 3617 1154 3687 εἶδος
1192 3622 1368 3692 φύειν,
1401 3624 1477 3688 ὡς
1511 3625 1671 3697 μέχρι
1700 3624 1795 3680 τοῦ

26 3738 59 3787 ι’
128 3726 129 3731 η
223 3710 532 3781 κρασπέδου
561 3711 663 3783 τῆς
695 3712 788 3777 τοῦ
812 3712 1022 3787 χαλκοῦ
1071 3715 1341 3780 διπλοΐδος
1387 3717 1535 3771 ἀνιὸν
1560 3756 1575 3781 ,
1617 3716 1798 3783 ἀλεξι-

0 3836 19 3869 χ
52 3784 61 3789 κ
108 3844 115 3847 ς
221 3804 512 3875 φάρμακον
543 3804 765 3891 πάντων
799 3784 910 3859 τῶν
940 3807 1266 3879 νοσημάτων
1308 3810 1627 3884 τυγχάνειν.
1662 3811 1798 3864 Τοῦ-

2 3904 29 3967 ι,
186 3948 209 3995 ἃ
222 3908 310 3950 τον
342 3896 399 3949 δὲ
427 3895 519 3950 τὸν
546 3897 843 3968 άνδρίαντα
862 3938 877 3964 ,
908 3899 1094 3953 είκόνα
1136 3899 1311 3970 Ἰησοῦ
1343 3901 1531 3974 φέρειν
1578 3902 1792 3973 ἔλεγον·

194 3988 404 4058 Ἔμεινε
431 3990 487 4043 δὲ
517 3990 610 4045 καὶ
649 3992 730 4054 εἰς
761 3993 945 4063 ἡμᾶς,
998 3992 1076 4057 ὡς
1124 3994 1220 4048 καὶ
1263 3993 1383 4064 ὕψει
1430 3996 1794 4065 παραλαϐεῖν,

0 4094 11 4145 μ
50 4138 63 4153 Σ
128 4156 133 4159 η
221 4079 660 4151 ἐπιδημήσαντος
690 4084 757 4155 τῇ
789 4084 964 4138 πόλει.
989 4085 1101 4138 Καὶ
1131 4084 1441 4158 θαυμαστὸν
1470 4087 1641 4153 οὐδὲν,
1670 4090 1797 4153 τοὺς

223 4171 391 4225 πάλαι
438 4170 497 4238 ἐξ
538 4172 709 4225 ἐθνῶν
748 4173 1151 4245 εὑεργηθέντας
1202 4178 1351 4249 παρὰ
1398 4179 1492 4234 τοῦ
1544 4182 1798 4252 Σωτῆρος

216 4263 251 4330 ἡ
262 4261 400 4332 μῶν,
430 4262 657 4317 τοιαῦτα
688 4266 1072 4335 πεποιηκέναι,
1102 4270 1266 4323 ὁπότε
1295 4271 1391 4325 καὶ
1420 4272 1529 4325 τῶν
1560 4272 1796 4325 ἀποστό-

220 4354 329 4407 λων
358 4355 540 4408 αὐτῶν
568 4355 669 4418 τὰς
719 4357 967 4423 εἰκόνας,
1014 4359 1223 4431 Πέτρου
1255 4362 1350 4415 καὶ
1386 4363 1601 4417 Παύλου
1628 4406 1644 4429 ,
1702 4364 1797 4417 καὶ

220 4442 387 4495 αὑτοῦ
418 4442 516 4496 τοῦ
545 4444 799 4515 Σωτῆρος
824 4486 837 4511 ,
878 4447 1464 4522 διαχρωματιζομένας
1498 4453 1795 4526 ἱστορήσα-

1821 1886 1869 1947 Β

1823 3232 1865 3290 C

1899 666 1917 698 ι
1957 654 2010 704 ιο
2042 649 2282 713 curavit,
2306 656 2547 704 statuam
2584 649 2756 720 erige,
2803 649 3093 720 ipsiusque
3119 649 3351 720 gloriam
3375 663 3465 705 ce-

1898 757 1916 790 ι
1953 739 2125 794 lebra.
2154 756 2172 790 ι
2202 737 2327 794 Mox
2363 738 2555 810 igitur,
2585 739 2840 806 Bernice,
2863 755 2985 810 quae
3011 739 3219 796 ﬂuxum
3245 741 3467 812 sangui-

1892 831 1981 886 nis
2010 841 2141 886 ante
2174 844 2337 902 passa
2369 839 2513 898 erat,
2546 831 2602 885 in
2637 832 2879 888 civitatis
2908 848 3022 888 suae
3052 830 3325 888 Paneadis
3352 846 3466 887 me-

1893 922 1986 978 dio
2015 930 2254 980 statuam
2285 937 2515 988 aeneam,
2548 938 2613 977 ex
2657 939 2763 980 aere
2795 923 2965 988 fusili,
3009 938 3169 992 auro,
3220 932 3468 993 argento-

1894 1029 2003 1085 que
2054 1014 2355 1084 permistis,
2416 1012 2709 1069 conﬂatam
2784 1013 3019 1071 Domino
3078 1025 3132 1071 et
3189 1014 3300 1071 Deo
3364 1028 3467 1069 suo

1895 1105 2261 1162 consecravit.
2317 1104 2449 1171 Quae
2514 1105 2736 1175 quidem
2799 1114 2979 1161 statua
3028 1106 3097 1163 ad
3147 1107 3252 1163 hoc
3295 1120 3468 1177 usque

1894 1203 2112 1265 tempus
2172 1191 2425 1251 Paneade
2480 1205 2847 1266 perseverat:
2893 1202 3057 1267 atque
3105 1213 3173 1253 ex
3223 1211 3289 1253 eo
3344 1197 3469 1253 loco

1895 1285 1990 1340 ubi
2023 1283 2299 1355 quondam
2328 1285 2530 1348 stabat,
2573 1300 2641 1341 ex
2674 1286 2851 1341 media
2901 1302 3096 1357 nempe
3131 1287 3375 1352 civitate,
3414 1288 3471 1341 in

1896 1379 2078 1433 locum
2115 1391 2339 1433 sacrum
2365 1377 2481 1433 sive
2505 1379 2810 1433 oratorium
2842 1380 3109 1435 translata
3142 1378 3262 1435 fuit.
3296 1378 3470 1455 liuius

1895 1483 2062 1543 porro
2093 1468 2172 1524 rei
2196 1468 2455 1541 narratio
2486 1469 2541 1523 in
2579 1469 2684 1525 hac
2720 1470 2838 1539 ipsa
2870 1469 3210 1525 Paneadensi
3250 1454 3479 1526 civitate

1896 1568 2111 1631 reperta
2144 1568 2253 1624 est,
2302 1561 2446 1630 apud
2480 1559 2709 1617 Bassum
2740 1561 3061 1632 quemdam,
3118 1562 3213 1631 qui
3268 1577 3333 1616 ex
3377 1560 3475 1616 Ju-

1895 1652 2011 1707 daeo
2038 1651 2391 1707 Christianus
2416 1650 2596 1709 factus
2640 1652 2865 1707 fuerat:
2901 1652 2957 1706 in
2992 1668 3106 1723 quo
3136 1654 3299 1709 etiam
3333 1653 3473 1708 libro

1896 1757 2086 1815 regum
2126 1743 2373 1797 omnium
2433 1745 2526 1814 qui
2560 1744 2615 1800 in
2655 1742 2843 1800 Judaca
2886 1744 3320 1816 imperaverunt,
3376 1744 3462 1799 hi-

1897 1832 2066 1887 storia
2079 1833 2391 1903 conscripta
2408 1843 2547 1889 erat.
2577 1852 2595 1885 ι

1901 1985 1985 2041 Ea:
2020 1986 2155 2041 libro
2204 1988 2424 2053 septimo
2462 1985 2718 2043 Ilistoriw
2769 1987 2985 2042 Eusebii
3068 1986 3357 2055 Pamphili,
3411 1986 3476 2042 de

1968 2056 2189 2112 muliere
2240 2056 2594 2122 Paneadensi,
2640 2075 2757 2127 qua:
2806 2059 3082 2129 sanguinis
3136 2060 3285 2127 ﬂuxu
3328 2059 3478 2113 labo-

1970 2136 2197 2181 raverat.

1975 2280 1993 2313 ι
2034 2260 2499 2331 Quandoquidem
2537 2260 2693 2317 urbis
2742 2260 2909 2330 hujus
2948 2260 3285 2317 mentionem
3340 2258 3475 2315 feci-

1898 2367 2041 2414 mus.
2080 2360 2518 2407 consentaneum
2549 2364 2658 2404 non
2696 2350 2865 2406 fuerit
2919 2351 3294 2405 narrationem
3336 2365 3475 2421 pra:-

1898 2444 2231 2507 termittere,
2266 2458 2390 2513 quae
2425 2442 2594 2512 digna
2648 2442 2812 2512 plane
2842 2450 2946 2507 est,
2998 2449 3058 2497 ut
3122 2450 3477 2513 posterorum

1898 2536 2174 2590 memoria:
2244 2535 2682 2589 commendetur.
2758 2533 2911 2588 Illam
2983 2534 3130 2590 enim
3191 2534 3476 2590 mulierem

1898 2628 2189 2698 sanguinis
2220 2626 2369 2681 ﬂuxu
2402 2627 2767 2694 laborantem,
2800 2642 2966 2704 quam
3001 2642 3067 2682 ex
3109 2625 3284 2683 sacris
3307 2625 3481 2680 Evan-

1897 2720 2117 2793 geliisa
2177 2718 2467 2775 Salvatore
2521 2726 2713 2775 nostro
2767 2728 3024 2775 sanatam
3082 2719 3256 2775 fuisse
3281 2719 3481 2774 didici-

1897 2827 2043 2878 mus,
2105 2811 2258 2865 illinc
2322 2826 2448 2866 csse
2505 2810 2809 2881 profectam
2879 2810 3089 2877 ferunt,
3147 2810 3479 2881 domumque

1897 2904 2071 2975 ipsius
2102 2919 2164 2960 ea
2197 2904 2251 2959 in
2286 2904 2511 2959 civitate
2560 2904 2881 2968 monstrari,
2927 2904 2982 2959 in
3016 2918 3128 2975 qua
3177 2904 3481 2960 Salvatoris

1898 2995 1951 3050 in
1974 3010 2093 3050 eam
2128 2994 2506 3051 beneficentiae
2543 2993 2785 3049 mirifica
2842 3002 3045 3066 tropaza
3103 3002 3478 3065 perseverant.

1898 3084 2077 3156 Super
2127 3086 2296 3139 altum
2359 3084 2566 3155 quippe
2631 3083 2869 3154 lapidem
2925 3092 3052 3139 ante
3103 3083 3301 3138 mdium
3333 3082 3483 3137 illius

1901 3178 2071 3242 fores,
2106 3192 2304 3233 azream
2342 3177 2559 3232 feminae
2584 3174 2839 3247 effigiem,
2898 3174 3056 3232 ﬂexis
3089 3176 3350 3247 genibus.
3382 3189 3480 3228 ex-

1899 3270 2199 3342 pansisque
2258 3269 2624 3340 supplicantis
2681 3283 2835 3324 more
2894 3269 3172 3330 manibus,
3234 3266 3480 3337 conspici

1900 3368 2126 3413 narrant
2160 3376 2174 3413 :
2204 3374 2233 3414 e
2271 3360 2490 3427 regione
2521 3373 2652 3413 vero
2687 3359 2923 3412 alteram
2979 3372 3044 3414 ex
3078 3356 3267 3412 eadem
3310 3367 3481 3411 mate-

1899 3450 1983 3503 ria
2031 3461 2237 3506 rectam
2275 3457 2423 3504 stare
2480 3449 2582 3503 viri
2642 3450 2899 3518 figuram,
2960 3449 3125 3503 modo
3174 3448 3485 3517 composito

1900 3540 2146 3611 diploide
2193 3540 2461 3601 indutam,
2500 3553 2838 3606 manumque
2891 3538 3106 3593 mulieri
3138 3538 3484 3608 protenden-

1901 3637 2031 3685 tem.
2074 3630 2156 3684 Ad
2204 3629 2369 3698 hujus
2412 3637 2614 3685 statua:
2666 3630 2836 3699 pedes
2895 3628 3248 3699 peregrinum
3307 3626 3485 3698 quod-

1901 3723 2025 3776 dam
2056 3722 2240 3777 herba:
2271 3737 2446 3792 genus
2485 3720 2662 3784 nasci,
2706 3718 2854 3790 quod
2899 3717 2991 3774 ubi
3024 3718 3091 3774 ad
3118 3734 3274 3773 oram
3312 3733 3487 3789 usque

1899 3813 2163 3883 diploidis
2188 3812 2457 3883 pervenit,
2493 3813 2812 3867 morborum
2851 3811 3097 3869 omnium
3144 3812 3485 3869 medicamen

1900 3906 2105 3961 evadit.
2141 3902 2293 3959 Hanc
2336 3918 2506 3975 porro
2545 3910 2784 3959 statuam
2833 3902 2964 3961 Jesu
3018 3903 3235 3959 Domini
3293 3905 3487 3978 imagi-

1903 4012 2028 4052 nem
2083 3998 2395 4068 exprimere
2449 3995 2635 4061 aiunt;
2697 3996 3014 4067 mansitque
3067 3995 3164 4051 illa
3213 4011 3389 4065 usque
3417 3998 3485 4053 ad

1903 4100 2149 4145 nostram
2204 4096 2444 4154 aetatem,
2484 4094 2547 4142 ut
2580 4087 2676 4157 qui
2713 4088 2768 4141 in
2806 4086 3092 4142 civitatem
3124 4087 3267 4141 hanc
3316 4087 3483 4144 adve-

1904 4181 2083 4243 niunt,
2116 4179 2297 4236 oculis
2328 4193 2449 4235 eam
2502 4177 2742 4234 lustrare
2774 4177 3017 4249 possint.
3059 4175 3247 4247 Neque
3285 4177 3484 4230 mirum

1904 4272 2080 4329 videri
2115 4272 2297 4339 debet,
2327 4279 2544 4327 veteres
2575 4271 2699 4326 illos
2729 4286 2794 4325 ex
2832 4270 3112 4341 gentibus,
3150 4269 3244 4340 qui
3293 4267 3485 4323 Salva-

1908 4372 2079 4418 torem
2105 4376 2234 4434 erga
2268 4376 2330 4417 se
2371 4359 2678 4416 beneﬁcum
2715 4358 2927 4429 experti
2957 4365 3141 4422 erant,
3192 4355 3372 4412 eidem
3402 4364 3485 4409 ta-

1907 4454 1978 4508 lia
2006 4452 2330 4523 prmstitisse
2350 4494 2364 4519 ,
2389 4450 2612 4522 quando
2653 4458 2765 4502 tum
2820 4447 3199 4518 apostolorum
3252 4445 3401 4501 Petri
3430 4453 3484 4500 ct

221 4551 324 4605 μεν
348 4551 363 4567 ·
416 4536 492 4600 ὡς
530 4537 676 4600 εἰκὸς
707 4536 816 4590 τῶν
849 4539 1095 4594 παλαιῶν
1141 4542 1661 4613 ἀπαραφυλάκτως,
1710 4543 1794 4600 οἷα

1908 4543 2099 4607 Pauli,
2134 4551 2248 4597 tum
2297 4540 2589 4612 ipsiusmct
2621 4539 2830 4595 Christi
2870 4539 3047 4610 pictas
3092 4537 3361 4607 imagines
3406 4537 3486 4590 vi-

222 4627 447 4698 ἐθνικῆς
476 4628 767 4700 συνηθείας
793 4629 962 4701 οὑσης
1006 4633 1138 4705 παρ’
1168 4633 1371 4703 αὐτοῖς,
1407 4638 1597 4692 τοῦτον
1627 4640 1794 4711 τιμᾷν

1904 4635 2087 4692 dimus
2120 4648 2286 4689 zeum
2319 4642 2532 4689 veteres
2584 4633 2795 4703 absque
2849 4632 2964 4686 ullo
3020 4630 3283 4701 scrupulo
3336 4629 3486 4699 ejus-

218 4719 490 4776 είωθότων
515 4720 608 4777 τὸν
637 4722 860 4794 τρόπον.
903 4741 922 4775 ι

224 4937 339 5016 Τοῦ
372 4941 888 5016 9Αὑτοῦ,ᾐὲκ-τῆς
938 4944 1130 5014 αὐτῆς
1192 4947 1493 5016 Ἱστορίας
1539 4951 1796 5008 ἐννάτου

282 5009 556 5077 βιϐλίου,
586 5014 673 5080 είς
705 5014 812 5068 τὸν
839 5009 1118 5080 βασιλέᾰ
1137 5009 1618 5076 Κωνστὶιντῗνον.

296 5141 317 5177 ι
348 5120 423 5180 Εὗ
465 5126 612 5197 μάλα
639 5129 739 5200 τῆς
767 5130 833 5185 ὲκ
870 5131 1008 5185 Θεοῦ
1056 5133 1464 5206 συνῃσθημένος
1522 5136 1795 5207 βοηθείας,

218 5217 425 5273 αὐτίκα
468 5220 564 5274 τοῦ
609 5223 885 5294 σωτηρίου
936 5225 1198 5297 τρόπαιον
1236 5227 1445 5291 πάθους
1484 5229 1592 5283 ὑπὸ
1638 5234 1799 5301 χεῖρα

220 5308 363 5373 ἰδίας
411 5310 616 5375 είκόνος
662 5313 995 5384 ἀνατεθῆναι
1058 5318 1407 5387 προστάττει.
1466 5322 1577 5375 Καὶ
1620 5321 1684 5392 δή
1736 5321 1799 5375 τὸ

218 5400 495 5472 σωτήριον
540 5402 637 5457 τοῦ
673 5404 913 5477 σταυροῦ
968 5412 1196 5478 σημεῖον
1241 5410 1298 5462 έν
1349 5414 1415 5482 τῇ
1466 5412 1618 5484 δεξιᾷ
1661 5431 1792 5468 κατα

215 5492 421 5564 έχοντα
451 5494 614 5549 αὑτὸν
652 5498 711 5551 ὲν
739 5498 819 5570 τῷ
849 5498 1083 5570 μάλιστα
1123 5500 1231 5555 τῶν
1259 5504 1352 5555 ἐπὶ
1393 5505 1613 5577 Ῥώμης
1640 5506 1798 5578 δεδη-

219 5583 569 5655 μοσιευμένῳ
596 5585 747 5659 τόπῳ
778 5589 1111 5659 στήσαντας,
1148 5588 1319 5659 αὑτὴν
1348 5590 1412 5661 δὴ
1439 5592 1641 5663 ταύτην
1673 5594 1801 5646 ὑπο-

211 5674 443 5745 γραφὴν
519 5677 736 5744 ἐντάξαι
808 5681 1049 5752 ρήμασιν
1119 5681 1305 5744 αὑτοῖς
1376 5684 1443 5751 τῇ
1511 5683 1797 5753 Ῥωμαίων

214 5765 578 5833 ἱγκελεύεται
608 5774 784 5842 φωνῇ’
825 5791 842 5823 ι
874 5772 1063 5842 Τούτῳ
1088 5770 1164 5842 τῷ
1195 5771 1525 5842 σωτηριώδει
1561 5775 1795 5846 σημείῳ,

122 5856 129 5921 ἕ
219 5875 243 5912 ε
292 5856 373 5930 τῷ
402 5859 641 5933 ἀληθινῷ
670 5864 879 5934 ἐλέγχῳ
903 5864 1001 5935 τῆς
1032 5864 1308 5937 ἀνδρείας,
1338 5864 1434 5934 τὴν
1464 5866 1615 5921 πόλιν
1643 5868 1799 5937 ὑμῶν

1903 4725 2053 4782 modi
2095 4726 2380 4789 honorem,
2415 4723 2822 4780 consuetudine
2853 4739 2882 4778 a
2908 4722 3209 4794 gentilibus
3235 4727 3483 4790 accepta,

1900 4815 2279 4873 servatoribus
2307 4815 2425 4874 suis
2449 4815 2800 4871 adhiberent.
2839 4833 2857 4867 ι

1899 4950 2064 5022 37o
2100 4949 2372 5020 Ejusdem,
2394 4964 2460 5004 ea:
2493 4949 2626 5003 libro
2674 4965 2812 5022 γιοηο
2840 4948 3077 5022 ejusdem
3106 4945 3363 5001 Historiae
3415 4944 3482 5000 de

2325 5023 2641 5089 imperatore
2672 5018 3052 5076 Constantino.

1983 5154 2003 5188 ι
2035 5135 2170 5191 Cum
2228 5148 2350 5191 sese
2403 5133 2592 5189 divino
2649 5132 2903 5204 adjutum
2962 5147 3088 5188 esse
3122 5128 3356 5187 consilio
3381 5141 3482 5199 ap-

1901 5224 2080 5295 prime
2144 5225 2436 5288 sensisset,
2492 5237 2620 5276 mox
2684 5221 2988 5278 salutifera:
3046 5219 3326 5290 passionis
3368 5226 3481 5272 troo

1901 5333 2079 5389 pzeum
2116 5324 2315 5373 statua:
2348 5331 2463 5374 suae
2490 5316 2677 5373 manui
2700 5313 2900 5386 apponi
2933 5312 3212 5384 praecepit.
3248 5310 3325 5365 Ae
3353 5323 3482 5365 eum

1900 5424 2020 5465 eam
2048 5409 2315 5465 salutaris
2354 5410 2538 5465 crucis
2582 5409 2802 5478 signum
2860 5406 3088 5460 dextera
3133 5416 3234 5459 sua
3288 5409 3484 5457 tenen-

1901 5507 2036 5568 tem,
2076 5501 2131 5555 in
2156 5500 2605 5570 frequentissimo
2641 5499 2903 5554 Romanae
2933 5497 3092 5553 urbis
3118 5497 3241 5551 loco
3278 5492 3484 5553 erexis-

1901 5602 2047 5658 sent,
2105 5593 2520 5663 inscriptionem
2572 5593 2718 5647 hanc
2775 5590 2972 5646 Latino
3021 5602 3279 5647 sermone
3308 5586 3487 5657 subji-

1900 5684 2150 5743 ciendam
2172 5686 2385 5739 curavit
2418 5704 2429 5739 :
2476 5703 2493 5737 ι
2534 5684 2647 5740 lloc
2679 5683 2905 5739 salutari
2940 5683 3116 5752 signo,
3154 5678 3300 5749 quod
3329 5691 3475 5732 verae

1907 5796 1925 5830 ι
1969 5777 2191 5832 virtutis
2232 5776 2448 5849 insigne
2508 5785 2613 5841 est,
2659 5775 2853 5831 urbem
2906 5784 3145 5829 vestram
3185 5768 3493 5841 tyrannicae

1909 5890 1926 5923 ι
1968 5869 2248 5929 servitutis
2278 5870 2410 5941 jugo
2439 5877 2735 5933 servatam,
2764 5869 2820 5924 in
2844 5866 3154 5922 libertatem
3184 5857 3487 5916 vindicavi.
