3904 6358
456 445 598 516 1θηῦ

1628 441 1692 503 S.
1732 439 2052 503 JOANNIS
2076 435 2505 501 DAMASCENI

3339 308 3406 337 ι,.”

3339 314 3406 337 ι,.’
3555 314 3616 345 έι
3675 314 3678 320 '

2795 373 2816 406 -ι
2905 399 2916 410 .
2977 379 3060 410 rw
3149 383 3178 402 κν
3207 387 3238 396 ι-

2807 399 2822 418 η
2977 399 3038 412 ,β
3099 399 3173 404 -.ν
3568 430 3714 492 13⁷6

436 581 484 617 »ι
530 567 588 618 s.
616 561 676 616 Ρ.
702 559 770 627 ρ.
816 557 884 614 Β.
949 558 1007 614 in
1066 557 1376 614 libertatem
1433 556 1672 623 asserui,
1721 555 2023 626 pristinum

2191 555 2301 610 ἀπὸ
2351 551 2518 623 ζυγοῦ
2571 547 2669 606 τοῦ
2733 551 3001 624 τυράννου
3047 547 3442 614 διασωθείσαν,
3480 546 3717 630 ῂλευθέο
3761 535 3767 546 ’

463 675 485 710 ι
529 655 696 711 decus
723 651 1022 720 nobilitati,
1056 651 1516 722 splendoremque
1550 648 1791 706 restitui.
1827 666 1846 701 ι

468 979 555 1038 Ea:
582 981 836 1038 Historia:
871 978 1245 1036 ecclesiastica:
1283 979 1518 1036 Socratis
1548 980 1683 1036 libro
1714 993 1760 1048 ι,
1788 993 1909 1047 cap.
1939 980 2029 1050 18,

915 1052 979 1106 de
1020 1053 1200 1108 eodem
1227 1052 1567 1120 imperatore.

540 1267 560 1300 ι
598 1246 849 1303 Posthaec
874 1254 1059 1302 autem
1115 1247 1418 1316 imperator
1443 1245 1868 1312 Constantinus,
1903 1243 2037 1300 reli-

463 1345 644 1417 gionis
675 1343 1005 1400 Christianae
1062 1342 1361 1398 studiosior
1419 1341 1624 1406 factus,
1658 1357 1688 1396 a
1750 1340 2037 1412 gentilium

464 1432 616 1486 cultu
653 1446 882 1501 prorsus
912 1431 1224 1496 abhorruit,
1278 1430 1690 1500 singulariaque
1735 1428 2040 1485 certamina

465 1521 770 1592 prohibuit,
807 1529 863 1575 et
915 1535 1047 1578 suas
1091 1520 1361 1591 imagines
1415 1520 1472 1576 in
1515 1521 1734 1592 templis
1800 1519 2040 1574 colloca-

464 1613 542 1669 Vit
563 1613 716 1696 fl(50).j
743 1633 763 1666 ι

587 1709 862 1814 ’8ἰὲρήαηὶ
893 1743 1162 1806 Bostreni,
1193 1749 1379 1796 contra
1405 1738 1646 1802 Judu’os,
1668 1753 1792 1809 cap.
1824 1739 1879 1793 4.

544 1897 564 1933 ι
591 1877 704 1936 Nos
738 1893 904 1950 porro
957 1883 1274 1931 sanctorum
1311 1873 1580 1942 imagines
1629 1871 1695 1926 ad
1737 1885 1928 1926 eorum
1958 1885 2041 1924 re-
2073 1907 2115 1962 Β

467 1968 844 2023 cordatiouem
875 1966 1188 2028 statuimus,
1223 1970 1352 2034 puta
1402 1963 1698 2026 Abraham,
1742 1963 1919 2026 Isaac,
1951 1958 2045 2014 Ja-

469 2060 596 2124 cob,
645 2059 870 2130 Moysis,
923 2057 1072 2121 Elite,
1111 2054 1420 2121 Zachariae,
1456 2063 1510 2108 et
1534 2053 1770 2107 aliorum
1808 2053 2045 2122 prophe-

468 2157 673 2215 tarum,
706 2156 1136 2216 sanctorumque
1183 2145 1280 2200 Dei
1330 2153 1653 2215 martyrum,
1696 2143 1790 2212 qui
1821 2149 2046 2213 propter

474 2239 657 2311 ipsum
707 2249 938 2296 mortem
998 2239 1327 2301 subierunt;
1389 2245 1450 2290 ut
1502 2236 1818 2306 quicunque
1855 2233 2047 2304 imagi-

471 2348 571 2388 nes
622 2347 815 2387 eorum
857 2329 1162 2401 aspexerit,
1212 2329 1431 2384 illorum
1478 2326 1838 2391 recordetur,
1889 2339 2050 2379 cum-

467 2439 578 2494 que
613 2422 874 2480 laudibus
901 2421 1149 2488 extollat,
1178 2419 1273 2492 qui
1309 2418 1484 2491 gloria
1522 2418 1722 2489 dignos
1752 2417 1881 2472 illos
1916 2413 2044 2471 red-

469 2512 632 2568 didit.
673 2529 696 2565 ν

542 2649 819 2720 Ejusdem.
868 2667 889 2701 ι
922 2647 1079 2715 Quod
1137 2651 1323 2701 autem
1375 2647 1589 2713 spectat
1621 2639 1688 2694 ad
1729 2637 1998 2711 imagines
2025 2676 2042 2703 ,

469 2742 655 2797 omnia
685 2755 808 2812 qua:
863 2740 918 2794 in
975 2738 1070 2794 Dei
1119 2737 1344 2792 nomine
1403 2733 1567 2798 ﬁunt,
1607 2732 1752 2786 bona
1809 2745 1929 2787 esse
1992 2738 2044 2785 et

470 2841 663 2888 sancta
735 2829 1124 2886 conﬁdimus:
1181 2825 1326 2882 idola
1409 2838 1542 2880 vero
1600 2829 1656 2877 et
1723 2819 2043 2882 simulacra,

470 2936 660 2992 apage.
707 2918 832 2974 llaec
884 2918 1030 2973 enim
1068 2915 1213 2971 mala
1263 2913 1565 2986 spuriaque
1617 2915 1769 2974 sunt,
1819 2907 2046 2978 perinde

470 3021 634 3082 atque
660 3011 737 3065 illi
780 3009 877 3082 qui
923 3008 1134 3065 faciunt
1175 3021 1259 3062 ea.
1292 3004 1456 3059 Aliud
1493 3003 1697 3073 quippe
1738 3008 1824 3056 est
1867 2999 2046 3069 imago

473 3101 758 3171 propheta:
812 3101 1037 3166 sancti,
1089 3105 1144 3154 et
1194 3096 1342 3151 aliud
1393 3095 1749 3150 simulacrum
1784 3092 1899 3148 sive
1928 3100 2046 3145 sta-

470 3201 563 3248 tua
595 3193 843 3259 Saturni,
875 3190 1128 3256 Veneris,
1159 3189 1325 3255 Solis,
1349 3195 1404 3243 et
1428 3185 1615 3241 Lunae.
1649 3183 1844 3250 Porro,
1875 3198 2049 3254 quan-

471 3283 770 3354 doquidem
834 3283 997 3336 homo
1043 3280 1111 3336 ad
1175 3280 1468 3348 imaginem
1548 3275 1642 3330 Dei
1698 3275 1878 3330 factus
1939 3281 2043 3338 cst,

472 3375 682 3431 idcirco
713 3373 998 3428 adoratur.
1033 3371 1272 3442 Serpens
1319 3378 1527 3434 autem,
1563 3367 1696 3438 quia
1727 3366 1931 3420 diaboli
1964 3371 2050 3420 cst

473 3469 675 3538 imago,
711 3465 1028 3521 immundus
1065 3473 1150 3520 est
1196 3459 1260 3517 et‘
1299 3459 1678 3516 exsecrabilis.
1714 3456 1872 3524 Quod
1904 3457 1951 3512 si
1984 3471 2048 3511 ea

471 3572 595 3627 quat
644 3555 929 3611 hominum
985 3552 1240 3608 manibus
1298 3549 1565 3604 fabricata
1608 3556 1760 3613 sunt,
1797 3545 2046 3616 respuis,

471 3649 583 3709 dic,
634 3644 1080 3717 qumsoJudme,
1138 3642 1406 3712 quidnam
1471 3639 1739 3694 adoratur
1774 3639 1829 3692 in
1881 3647 2048 3701 terra,

472 3738 617 3811 quod
651 3738 934 3792 hominum
971 3751 1137 3791 manu
1172 3734 1514 3789 elaboratum
1547 3747 1656 3786 non
1698 3731 1814 3786 sit?
1841 3731 2048 3794 Altare,

472 3829 946 3901 propitiatorium,
1010 3826 1335 3894 Cherubim,
1407 3839 1548 3878 urna
1609 3835 1775 3878 aurea
1840 3820 2052 3876 habens

475 3934 699 3986 manna,
735 3933 948 3986 mensa,
982 3915 1405 3972 tabernaculum
1447 3913 1716 3984 interius,
1742 3911 1925 3967 omnia
1953 3911 2053 3965 de-

475 4024 624 4065 mum
657 4024 782 4079 quae
828 4007 1028 4062 Sancta
1078 4015 1396 4062 sanctorum
1433 4003 1503 4058 ab
1545 4003 1663 4072 ipso
1702 4001 1813 4056 Deo
1862 4000 2053 4070 appel-

473 4101 586 4154 lata
625 4099 796 4157 sunt?
820 4097 1012 4154 Nonne
1043 4095 1356 4152 manufacta
1387 4093 1682 4149 Cherubim
1727 4091 2052 4162 angelorum

474 4201 631 4248 erant
656 4191 966 4263 imagines?
994 4187 1125 4260 quid
1174 4187 1243 4243 ad
1294 4189 1411 4242 haec
1443 4183 1786 4256 respondes?
1816 4181 1973 4248 Quod
2005 4179 2052 4235 si

475 4286 581 4340 ista
633 4285 890 4340 nominas
950 4283 1119 4345 idola,
1173 4279 1306 4351 quid
1383 4277 1678 4333 dicendum
1727 4289 1924 4330 censes
1985 4273 2056 4328 de

475 4377 656 4448 Moyse
714 4383 768 4432 et
822 4375 1035 4439 lsrael,
1091 4373 1186 4442 qui
1239 4371 1355 4424 haec
1414 4363 1825 4422 adoraverunt?
1881 4363 2052 4433 Atqui

476 4467 728 4522 adoratio
776 4463 1002 4536 quidem
1046 4461 1278 4516 honoris
1313 4465 1702 4530 argumentum
1758 4465 1863 4512 est.
1898 4455 2052 4522 Quo-

2139 667 2159 700 ι
2207 663 2357 718 ρωσα
2379 661 2393 677 ⁸
2429 644 2509 700 ετι
2541 643 2648 716 μὴν
2678 643 2776 698 καὶ
2805 643 2902 714 τὴν
2940 640 3266 712 σύγκλητον,
3297 642 3393 694 καὶ
3418 641 3511 695 τὸν
3536 641 3714 714 δῆμον

2136 753 2156 788 ι
2211 734 2539 805 Ῥωμαίων,
2589 735 2656 804 τῇ
2700 733 2907 804 ἀρχαίᾳ
2939 731 3270 803 ἐπιφανείᾳ,
3313 732 3410 784 καί
3448 735 3516 803 τῇ
3569 733 3713 805 λαμ·-

2137 847 2156 880 ι
2204 826 2441 898 πρότητι
2465 823 2865 898 ἐλευθερώσας,
2896 823 3344 894 ἀποκατέστησα.
3382 839 3402 875 ι

2146 983 2250 1036 Ἕκ
2289 981 2402 1049 τῆς
2457 977 2974 1049 ἐκκλησιωτικῆς
3026 973 3323 1049 Ἱστορίας
3359 975 3703 1049 Σωκράτους

2200 1046 2450 1115 βιϐλίου
2483 1046 2718 1120 πρώτου
2738 1088 2754 1114 ,
2792 1050 3007 1119 stega}.
3045 1053 3140 1114 ιη’,
3185 1047 3320 1116 napi
3362 1046 3470 1103 τοῦ
3513 1047 3710 1103 αὑτοῦ

2203 1120 2529 1187 βασιλέως.

2214 1264 2234 1298 ι
2271 1247 2426 1302 Μετὰ
2466 1245 2642 1301 ταῦτα
2688 1247 2746 1300 δὲ
2790 1249 2818 1299 ὁ
2849 1243 3104 1315 βασιλεὺς
3132 1245 3550 1307 Κωνσταντῖνος
3590 1246 3708 1297 ἑπι-

2141 1339 2469 1410 μελέστερος
2497 1338 2574 1391 ὢν
2603 1338 2672 1392 τὰ
2717 1337 2848 1408 περὶ
2895 1334 3350 1407 Χριστιανισμοῦ,
3380 1335 3712 1405 ἀπεστράφη

2139 1430 2237 1493 τὰς
2275 1426 2594 1498 Ἑλληνικὰς
2621 1427 2939 1499 θρησκείας,
2971 1427 3066 1481 καὶ
3091 1426 3256 1482 παύει
3285 1427 3352 1480 τὰ
3371 1427 3711 1498 μονομάχια·

2140 1520 2354 1583 εἰκόνας
2390 1519 2447 1573 δὲ
2475 1519 2576 1584 τὰς
2606 1519 2747 1584 ἰδίας
2775 1520 2835 1573 ἐν
2859 1521 2974 1583 τοῖς
3002 1521 3151 1584 ναοῖς
3179 1518 3436 1574 ἀπέθετο.
3477 1536 3496 1569 ι

2143 1734 2452 1806 Στεφάνου
2473 1735 2822 1806 Βοστρηνοῦ
2857 1734 3008 1790 κατὰ
3042 1734 3370 1800 Ἰουδαίων,
3396 1736 3612 1804 usual.
3642 1731 3714 1786 δ’.

2220 1889 2238 1920 ι
2281 1871 2470 1940 Ἡμεῖς
2497 1871 2594 1935 τὰς
2635 1870 2850 1934 εἰκόνας
2878 1869 2988 1923 τῶν
3021 1869 3194 1938 ἀγίων
3232 1870 3313 1932 είς
3355 1870 3576 1939 μνήμην
3605 1867 3719 1920 τῶν

2146 1961 2318 2029 ἁγίων
2353 1962 2694 2032 ἐποιήσαμεν
2714 2004 2728 2028 ,
2765 1957 2876 2015 οἷον
2917 1960 3170 2032 ’Δϐραάμ
3191 2002 3206 2027 ,
3236 1959 3331 2014 καὶ
3363 1959 3579 2025 Ἰσαὰκ,
3620 1959 3722 2012 καὶ

2157 2049 2355 2105 Ἰακὼϐ
2374 2091 2390 2116 ,
2431 2052 2526 2105 καὶ
2553 2053 2834 2117 Μωῦσέως
2857 2094 2872 2120 ,
2923 2053 3020 2108 καὶ
3079 2052 3265 2116 Ἠλία,
3298 2051 3395 2105 καὶ
3420 2050 3720 2122 Ζαχαρίου,

2145 2143 2242 2198 καὶ
2277 2145 2386 2197 τῶν
2442 2144 2648 2199 λοιπῶν
2699 2145 2996 2216 προφητῶν
3038 2145 3133 2198 καί
3179 2145 3352 2213 ἁγίων
3397 2143 3722 2214 μαρτύρων,

2144 2236 2254 2290 τῶν
2284 2238 2352 2290 δι’
2383 2237 2547 2292 αὑτὸν
2575 2237 3001 2310 ἀναιρεθέντων,
3044 2238 3136 2292 ἵνα
3163 2239 3272 2300 πᾶς
3298 2239 3327 2291 ὁ
3350 2237 3490 2308 ὁρῶν
3531 2235 3728 2290 αὐτῶν

2145 2329 2243 2394 τὰς
2265 2331 2499 2396 εἰκόνας,
2535 2330 2850 2404 μνημονεύῃ
2878 2329 3079 2394 αὐτῶν,
3110 2331 3206 2384 καὶ
3231 2328 3430 2400 δοξάζῃ
3455 2329 3546 2382 τὸν
3569 2326 3726 2395 605d-

2149 2439 2319 2476 σαντα
2351 2422 2570 2486 αὐτούς.
2611 2442 2632 2477 ι

2237 2643 2349 2698 Τοῦ
2389 2644 2596 2699 αὐτοῦ.
2640 2663 2659 2698 ι
2694 2645 2832 2717 Περί
2875 2643 2933 2698 δὲ
2982 2645 3209 2699 εἰκόνων
3255 2629 3730 2718 θαῤῥοῦμενίὸτι

2148 2734 2258 2786 πᾶν
2309 2733 2472 2804 ἔργον
2501 2733 2786 2804 γινόμενον
2817 2734 2874 2786 ὲν
2918 2733 3144 2804 ὀνόματι
3189 2733 3364 2800 Θεοῦ,
3405 2733 3573 2788 καλὸν
3623 2734 3731 2790 καὶ
3847 2756 3852 2762 ’

2148 2823 2304 2892 ἅγιόν
2329 2825 2466 2878 ἐστι.
2501 2825 2573 2877 Ile
2584 2826 2637 2896 ρὶ
2655 2824 2712 2878 δὲ
2734 2823 2970 2879 εἰδώλων
2994 2826 3088 2879 καὶ
3112 2823 3464 2896 ἀγαλμάτων.
3497 2825 3688 2894 ἄπαγε
3709 2842 3726 2858 ο

2149 2915 2296 2969 κακά
2324 2915 2433 2987 γὰρ
2460 2916 2554 2970 καὶ
2581 2916 2867 2991 ἀλλόκοτα,
2901 2917 2995 2970 καὶ
3023 2916 3187 2981 αὐτὰ,
3223 2917 3319 2970 καὶ
3352 2916 3406 2970 οἰ
3437 2915 3729 2980 ποιοῦντες

2148 3006 2308 3062 αὐτά.
2343 3008 2573 3076 ’Ἕτερον
2603 3007 2713 3079 γάρ
2746 3009 2900 3086 ἐστιν
2921 3005 3092 3086 ,εἰκὼν
3117 3009 3272 3077 ἁγίου
3296 3011 3602 3082 προφήτου.
3625 3011 3732 3064 καὶ

2148 3101 2334 3170 ἓτερον
2386 3099 2607 3170 ἄγαλμα
2955 3077 3183 3170 ιΚρόνου
3235 3077 3352 3156 καὶ⁷
3375 3077 3730 3174 Ἀφροδίτης,

2161 3189 2342 3242 Ἠλίου
2367 3207 2426 3243 τε
2461 3191 2556 3244 καὶ
2584 3189 2841 3261 Σελήνης.
2884 3191 3039 3243 Ἐπεὶ
3067 3190 3123 3244 δὲ
3157 3192 3254 3245 καὶ
3281 3191 3572 3262 ἄνθρωπος
3601 3192 3732 3246 κατ’

2152 3280 2334 3334 εἰκόνα
2349 3280 2482 3334 Θεοῦ
2511 3281 2726 3348 γέγονε,
2755 3283 3170 3351 προσκυνεῖται.
3200 3281 3258 3333 '0
3284 3281 3340 3334 δὲ
3362 3281 3506 3350 ὄφις,
3534 3279 3732 3351 ἐπειδὴ

2151 3369 2314 3423 εἰκών
2350 3371 2465 3422 ἐστι
2513 3370 2797 3434 διαϐόλου,
2831 3369 3142 3441 ἀκάθαρτος
3182 3370 3300 3424 ἐστι
3340 3371 3435 3424 καὶ
3482 3369 3734 3442 ἀπόϐλη-

2151 3477 2260 3524 τος.
2295 3461 2357 3514 Εἰ
2394 3460 2452 3514 δὲ
2475 3461 2544 3514 τὰ
2571 3463 2924 3532 χειροποίητα
2954 3461 3236 3533 ἀποϐάλλῃ
3257 3499 3273 3526 ,
3317 3461 3443 3516 είπὲ
3463 3502 3477 3528 ,
3509 3456 3557 3516 ὦ
3594 3461 3734 3516 Ἰου-

2153 3550 2288 3616 δαίε,
2319 3552 2372 3605 τί
2397 3553 2544 3605 ἐστιν
2570 3551 2664 3605 ἐπὶ
2683 3553 2786 3623 γῆς
2809 3552 3222 3624 ἀχειροποίητον
3245 3553 3274 3606 ὃ
3299 3555 3734 3624 προσκυνεῖταις

2154 3639 2246 3710 Μὴ
2277 3641 2309 3710 ή
2337 3639 2568 3704 κιϐωτὸς
2601 3640 2695 3694 τοῦ
2723 3641 2858 3695 Θεοῦ
2889 3643 3270 3714 χειροποίητος
3295 3638 3404 3714 ἦν;
3445 3644 3507 3698 τὸ
3541 3643 3740 3698 θυσια-

2156 3731 2380 3802 στήριον
2403 3772 2416 3794 ,
2447 3733 2542 3786 καὶ
2569 3732 2631 3786 τὸ
2666 3732 2979 3806 ἰλαστήριον
3003 3775 3020 3802 ,
3050 3735 3144 3789 καὶ
3179 3735 3249 3790 τὰ
3278 3735 3564 3806 Χερουϐὶμ
3588 3777 3606 3802 ,
3637 3738 3739 3790 καὶ

2154 3822 2188 3892 ἡ
2222 3821 2456 3892 στάμνος
2482 3824 2515 3893 ἠ
2547 3825 2748 3894 χρυσῆ,
2789 3824 2824 3895 ή
2857 3823 3058 3894 ἔχουσα
3081 3824 3144 3878 τὸ
3175 3825 3374 3895 μάννα,
3405 3825 3502 3879 καὶ
3523 3827 3558 3896 ή
3595 3826 3737 3899 τρά-

2154 3908 2317 3977 πεζα,
2361 3911 2456 3964 καὶ
2486 3913 2520 3982 ή
2553 3911 2728 3983 σκηνή
2765 3913 2800 3982 ἡ
2842 3913 3118 3985 ὲσωτέρα,
3153 3913 3250 3968 καί
3280 3915 3462 3969 πάντα
3496 3915 3536 3970 ἀ
3564 3916 3742 3984 ’Δγια

2154 4004 2326 4073 ἁγίων
2355 4004 2667 4078 ἐκλήθησαν
2705 4005 2810 4060 ύπδ
2842 4007 2936 4061 τοῦ
2971 4007 3110 4062 Θεοῦ
3140 4026 3154 4076 ;
3191 4009 3304 4064 Οὐκ
3336 4004 3480 4081 ἦσαν
3515 4011 3587 4064 τὰ
3623 4012 3741 4065 Χε-

2159 4097 2357 4169 ρουϐὶμ
2403 4099 2778 4171 χειροποίητα,
2822 4100 3031 4166 εἰκόνες
3081 4102 3376 4171 ἀγγέλων;
3422 4103 3478 4157 τί
3507 4103 3740 4173 λέγεις;

2153 4188 2218 4241 Εἰ
2259 4189 2451 4243 εἴδωλα
2493 4190 2786 4254 ἀποκαλεῖς
2827 4191 3000 4257 αὐτὰ,
3049 4193 3104 4246 τί
3154 4193 3334 4262 λέγεις
3385 4193 3466 4264 τῷ
3521 4195 3740 4268 Μωῦσῇ

2155 4283 2617 4352 προσκυνήσαντι,
2652 4283 2746 4336 καὶ
2769 4282 2847 4354 τῷ
2889 4284 3133 4356 Ἰσραὴλς
3161 4285 3272 4338 Καὶ
3296 4287 3330 4355 ή
3365 4285 3462 4355 μὲν
3482 4287 3740 4356 προσκύ-

2155 4389 2329 4443 νησις,
2352 4373 2517 4444 τιμῆς
2541 4375 2657 4428 ἐστι
2679 4373 2968 4446 σύμϐολον.
3001 4375 3203 4439 Καθὼς
3232 4377 3330 4429 καὶ
3362 4378 3524 4447 ἡμεῖς
3557 4378 3744 4450 ἀμαρ-

2153 4464 2312 4518 τωλοὶ
2341 4465 2776 4538 προσκυνοῦμεν,
2813 4467 2906 4522 τὸν
2937 4467 3038 4538 μὲν
3075 4467 3226 4533 Θεὸν,
3260 4468 3398 4522 κατὰ
3420 4470 3520 4540 τὴν
3546 4471 3744 4542 θείκῂν

477 4560 628 4614 circa
657 4571 760 4611 nos
789 4569 1010 4624 quoque
1044 4557 1386 4622 peccatores,
1440 4547 1609 4604 Deum
1657 4546 1882 4618 quidem
1916 4544 2048 4600 ado-

2156 4555 2411 4627 λατρείαν
2468 4558 2564 4611 καὶ
2599 4555 2759 4622 ἀξίαν
2827 4557 3199 4630 προσκύνησιν
3244 4558 3581 4630 δοξάζομεν,
3641 4561 3743 4615 καὶ

476 4661 665 4704 ramus
725 4645 936 4710 divino,
994 4643 1089 4713 qui
1173 4641 1280 4711 ipsi
1339 4639 1592 4703 debetur,
1636 4639 1813 4692 latriae
1870 4637 2048 4704 cultu,

475 4744 767 4813 ipsumque
796 4753 894 4794 ceu
927 4742 1233 4792 creatorem
1267 4741 1323 4789 et
1353 4730 1660 4787 beneﬁcum
1691 4744 2007 4785 reveremur
2033 4745 2047 4782 :

478 4831 701 4904 angelos
729 4843 881 4894 vero,
915 4826 1122 4896 Deique
1163 4823 1422 4891 famulos,
1475 4822 1544 4877 ad
1599 4821 1692 4876 Dei
1733 4820 1908 4891 ipsius
1937 4821 2054 4892 glo-

477 4925 642 4988 riam,
682 4931 942 4991 tanquam
976 4933 1068 4974 res
1102 4932 1132 4971 a
1164 4915 1274 4971 Deo
1327 4913 1600 4977 conditas,
1654 4912 1814 4982 eique
1861 4911 2052 4982 subje—

477 5021 616 5069 ctas.
657 5010 842 5081 Imago
900 5007 1170 5078 siquidem
1221 5014 1305 5061 est
1367 5017 1566 5059 nomen
1625 5001 2049 5072 similitudoque

477 5106 626 5162 illius
659 5103 754 5174 qui
787 5102 842 5156 in
870 5101 984 5171 ipsa
1013 5099 1264 5168 depictus
1297 5107 1402 5151 est.
1431 5093 1796 5160 Quamobrem
1829 5091 2044 5148 Domini

479 5203 912 5263 sanctorumque
939 5191 1332 5261 prophetarum
1379 5183 1684 5247 cruciatus,
1716 5183 1810 5253 qui
1838 5181 1894 5236 in
1930 5182 2050 5252 lege

479 5297 535 5343 et
589 5285 897 5359 Evangeliis
955 5277 1218 5350 descripti
1268 5283 1420 5342 sunt,
1479 5283 1594 5330 tum
1658 5287 1756 5343 per
1808 5272 2048 5340 litteras,

479 5389 597 5435 tum
643 5394 742 5450 per
797 5376 1097 5446 imaginum
1155 5369 1562 5442 expressiones,
1615 5365 1673 5422 in
1724 5364 2046 5421 memoriam

481 5486 698 5544 semper
725 5481 1071 5528 revocamus.
1101 5482 1122 5518 ι

2150 4649 2429 4721 τρέμομεν
2476 4649 2552 4714 ὡς
2591 4649 2822 4721 ποιητὴν
2859 4649 2954 4704 καὶ
2996 4649 3233 4723 χορηγὸν
3272 4651 3466 4721 ήμῶν
3510 4651 3650 4714 τοὺς
3681 4651 3740 4706 δὲ

2151 4740 2422 4809 ἀγγέλους
2465 4740 2826 4812 καὶγδούλους
2868 4741 2964 4795 τοῦ
3011 4742 3150 4795 Θεοῦ
3203 4741 3348 4796 κατά
3415 4741 3588 4812 τιμὴν
3637 4741 3738 4794 τοῦ

2149 4831 2285 4884 Θεοῦ
2313 4870 2329 4896 ,
2378 4831 2456 4894 ὡς
2511 4831 2798 4902 ποιήματα
2838 4831 2934 4885 τοῦ
2968 4829 3106 4884 Θεοῦ
3147 4833 3241 4886 καὶ
3282 4829 3504 4894 δούλους
3538 4831 3736 4886 αὐτοῦ.

2150 4924 2329 4980 Εἰκὼν
2371 4923 2482 4996 γάρ
2527 4925 2676 4978 ἐστιν
2716 4923 2890 4995 ὄνομα
2939 4923 3036 4978 καλ⁵
3073 4923 3334 4994 ὁμοίωσις
3357 4922 3454 4976 τοῦ
3493 4925 3554 4978 ὲν
3588 4923 3736 4996 αὐτῇ

2152 5017 2471 5090 γραφέντος.
2504 5016 2596 5070 Διὸ
2627 5019 2721 5071 καὶ
2751 5017 3048 5088 γράμμασι
3088 5017 3183 5069 καὶ
3236 5015 3592 5088 χαράγμασιν
3645 5017 3738 5071 ἀεὶ

2156 5107 2568 5180 μνημονεύομεν
2597 5107 2705 5162 τῶν
2732 5107 2828 5162 τοῦ
2864 5109 3070 5179 Κυρίου
3105 5106 3469 5178 παθημάτων,
3497 5107 3594 5161 καὶ
3622 5108 3738 5163 τῶν

2153 5197 2325 5266 ἁγίων
2378 5198 2676 5270 προφητῶν
2698 5237 2714 5264 ,
2759 5197 2870 5253 τῶν
2915 5199 2974 5253 ἐν
3024 5197 3176 5270 νόμῳ
3231 5197 3329 5253 καὶ
3373 5196 3738 5266 Εύαγγελίοις

2153 5293 2572 5364 γεγραμμένων.
2614 5309 2634 5345 ι

1997 5642 2227 5700 NOTAE.

485 5851 516 5895 ⁸
558 5762 678 5891 (3‘0)
739 5762 965 5822 Deorum
1024 5763 1250 5837 utique,
1304 5763 1420 5822 sive
1469 5763 1771 5830 idolorum;

525 5855 592 5895 un
637 5869 655 5886 -

525 5855 655 5896 υιιιο

1862 5768 1921 5818 ut
1973 5777 2083 5820 non
2153 5761 2298 5818 male
2352 5757 2888 5832 Christophorsonus
2950 5764 3005 5814 ct
3073 5752 3326 5812 Valesius
3383 5748 3735 5825 interpretati
