3904 6358
112 4756 157 4817 με
218 4778 259 4809 at

289 276 421 345 που

457 454 566 515 τοῦ
610 454 759 512 κατὰ
803 454 1130 511 Ἰουλιαγοῦ
1164 455 1270 510 τοῦ
1313 454 1678 523 παραϐάτου.

365 567 386 602 ι
419 541 494 604 Οὗ
526 547 595 603 τά
634 547 881 617 σύμϐολα
915 547 1013 618 τῆς
1054 546 1147 599 ἐπὶ
1172 544 1348 617 τούτῳ
1377 545 1615 617 πληγῆς,
1639 544 1697 597 αι
1724 544 1869 597 εἰκό-

286 656 379 703 νες
402 640 677 710 φέρουσιν,
716 636 799 690 ἔτι
822 637 1080 708 δημοσῑαι
1114 634 1493 707 προκείμεναι.
1526 652 1545 686 ι

290 729 402 785 Τοῦ
429 728 863 798 Χρυσοστόμου
903 728 1036 850 (Sil),
1076 724 1290 851 sali?
1304 724 1618 795 ἑρμηνείας
1648 721 1755 778 τοῦ
1782 721 1867 775 δι-

898 815 973 851 κα
1000 815 1071 851 ου
1256 835 1272 850 .

898 815 1071 853 καιου
1133 815 1272 851 νιωο.

361 908 382 944 ι
432 891 522 946 Ἐν
545 889 761 954 τούτοις
803 890 942 942 πᾶσι
980 890 1096 952 τοῖς
1144 886 1547 959 συμϐεϐηκόσιν
1571 883 1740 955 αὐτῷ,
1765 884 1867 937 οὐκ

218 946 223 963 1
285 981 485 1036 ἔδωκεν
517 946 832 1052 ἀφροσύνην
870 979 947 1050 τῷ
983 946 1135 1051 Θεῷ·
1186 946 1439 1050 καθάπερ
1465 977 1558 1031 ἐπὶ
1587 946 1703 1030 τῶν
1722 946 1866 1028 εικό-

284 1087 413 1133 νων,
442 1070 662 1125 ἐπειδάν
698 1086 819 1123 τινα
844 1070 1146 1140 γράφωμεν
1182 1068 1239 1121 ἐν
1262 1069 1328 1138 τῇ
1371 1068 1615 1137 “copim
1654 1065 1864 1135 “tum.

296 1162 361 1215 '0
400 1161 569 1215 δεῖνα
607 1161 885 1229 ἀνέθηκε,
932 1160 1242 1231 γράφομεν,
1292 1156 1435 1210 οὕτω
1484 1157 1577 1210 καὶ
1606 1154 1862 1220 ἐνταῦθα,

284 1251 384 1323 τὴν
415 1252 596 1305 εἰκόνα
618 1252 715 1322 τῆς
744 1251 922 1322 ψυχῆς
944 1249 1106 1305 αὑτοῦ
1134 1248 1370 1321 γράψας,
1407 1250 1436 1301 ὁ
1458 1247 1674 1318 γράψας
1696 1246 1756 1299 τὸ
1784 1246 1867 1317 βι-

285 1343 454 1411 ϐλίον,
478 1343 666 1414 ὥσπερ
703 1343 760 1395 ἐν
784 1340 1032 1413 χοινικίδι
1060 1341 1304 1395 κάτωθεν
1340 1340 1671 1409 ὑπογράφων
1692 1337 1861 1407 λέγει’

298 1433 402 1489 Ἐν
441 1436 674 1499 τούτοις
713 1432 866 1488 πᾶσι
914 1432 1036 1500 τοῖς
1065 1433 1517 1503 συμϐεϐηκόσιν
1545 1428 1704 1497 αὺτῷ
1747 1432 1861 1500 οὐχ

286 1525 551 1595 ἥμαρτεν
594 1523 736 1580 Ἰὼϐ.
776 1543 795 1575 ι

284 1618 382 1670 Ἐκ
408 1616 516 1670 τοῦ
530 1616 677 1681 ,ϐίου
695 1617 801 1671 τοῦ
821 1617 996 1688 ἁγίου
1022 1614 1770 1681 Κωνσταντίνου,,βι6λίου
1791 1611 1863 1668 δ’.

1385 274 1484 336 DE
1511 271 1972 335 IMAGINIBUS
2001 270 2282 331 ORATIO
2314 271 2429 331 III.

293 388 405 446 Τοῦ
438 386 613 459 ἁγὶου
669 384 997 459 Γρηγορίου
1031 383 1371 459 Νιιζὶανζοῦ,
1418 384 1637 459 sese?)
1677 383 1864 453 λόγου

1977 379 2126 450 371
2153 380 2345 436 Sancti
2366 382 2438 459 G_r

3409 273 3551 357 1373

2438 381 2603 447 egorii
2634 380 2993 447 Nazianzeni,
3012 396 3077 437 ea:
3100 383 3339 440 oratione
3365 398 3555 442 contra

2383 398 2465 437 ,νε
2501 398 2601 435 om
2634 398 3115 447 uastanzent,ex¢

2383 398 2664 505 Julqianum
2707 462 3010 521 apostatam
3048 454 3115 507 “.

2041 554 2062 590 ι
2103 536 2283 608 lliijus
2330 542 2533 612 quippe
2566 543 2809 599 vnlneris
2847 543 3007 615 signa
3039 553 3303 613 promunt
3350 546 3547 618 imagi-

1967 645 2066 687 nes
2094 632 2149 685 in
2184 631 2324 689 locis
2353 635 2590 703 publicis
2614 643 2834 690 erectze.
2866 653 2885 687 ι

1968 722 2153 778 Sancti
2217 723 2446 780 Joannis
2508 727 2915 850 Cirrysostoilnib,
2978 740 3044 781 ex
3097 727 3438 783 enarratione
3494 727 3550 783 in

2566 806 2770 850 iustum
2840 814 2869 850 ο
2910 836 2924 850 .

2558 806 2770 864 justum
2800 806 2924 851 Job.

2040 899 2061 934 ι
2093 882 2152 937 1η
2192 883 2279 938 bis
2332 884 2594 939 omnibus
2641 900 2764 955 quae
2819 886 2921 955 ipsi
2974 885 3344 957 contigerunt,
3411 886 3551 941 nihil

1966 973 2296 1044 insipienter
2341 975 2610 1031 adversus
2646 976 2815 1032 Deum
2864 977 3084 1033 locutus
3116 986 3222 1033 est.
3271 977 3548 1044 Quemad-

1966 1065 2281 1122 modumin
2333 1066 2670 1138 imaginibus
2709 1082 2833 1123 cum
2886 1069 3204 1139 cujuspiam
3268 1072 3551 1141 pinximus

1964 1156 2299 1222 historiam,
2348 1157 2631 1213 ascribere
2684 1157 2932 1213 solemus
2982 1176 2996 1212 :
3063 1156 3139 1212 Ν.
3188 1160 3547 1223 consecravit;

1965 1250 2050 1306 sic
2104 1252 2198 1321 qui
2253 1251 2454 1307 librum
2517 1252 2665 1306 hunc
2717 1252 2962 1323 scripsit,
3010 1260 3300 1323 postquam
3351 1254 3550 1308 animae

1964 1341 2117 1397 illius
2152 1342 2446 1412 imaginem
2475 1343 2791 1409 delineavit,
2834 1343 2982 1399 velut
3032 1344 3090 1397 in
3136 1352 3381 1398 extrema
3430 1359 3549 1396 mo-

1965 1432 2094 1487 dioli
2122 1440 2281 1502 parte
2302 1432 2695 1499 subscribens,
2734 1433 2874 1487 dixit
2906 1450 2920 1487 :
2963 1430 3029 1487 In
3063 1434 3302 1488 omnibus
3331 1433 3410 1487 his
3437 1448 3553 1502 qua:

1966 1521 2277 1577 acciderunt
2299 1523 2422 1592 ipsi,
2456 1538 2559 1577 non
2592 1524 2823 1591 peccavit
2849 1522 2950 1576 Job
2991 1522 3063 1576 ".
3106 1541 3125 1575 ι

2071 1612 2140 1670 In
2179 1614 2299 1669 Vita
2324 1616 2495 1669 sancti
2522 1613 2861 1670 Constantini
2899 1614 3032 1668 libro
3062 1630 3114 1669 tv
3150 1613 3295 1684 (cap.
3333 1613 3443 1685 IS).

362 1724 380 1757 ι
414 1706 554 1776 Ὄση
586 1704 641 1759 δὲ
672 1707 835 1761 αὑτοῦ
869 1709 901 1779 ή
932 1708 1111 1779 ψυχὴ,
1146 1708 1381 1770 πίστεως
1419 1705 1605 1759 ἐνθέου
1645 1706 1863 1776 ἐστήρι-

2039 1721 2059 1756 ι
2094 1703 2313 1770 Quanto
2353 1712 2536 1759 autem
2583 1703 2707 1759 ﬁdei
2736 1705 2935 1759 robore
2976 1704 3200 1761 animus
3234 1705 3354 1774 ejus
3386 1705 3553 1760 obfir-

287 1813 382 1850 κτο
406 1796 651 1868 δυνάμει,
682 1798 842 1867 μάθοι
873 1798 939 1852 ἄν
964 1816 1048 1863 τις
1078 1799 1173 1852 καὶ
1213 1800 1277 1852 ὲκ
1317 1797 1491 1863 τοῦδε,
1517 1797 1865 1867 λογιζόμενος

284 1889 360 1951 ὡς
380 1889 438 1940 ὲν
457 1889 569 1951 τοῖς
587 1890 808 1959 χρυσοῖς
828 1888 1178 1959 νομίσμασιν,
1200 1888 1360 1952 αὐτὸς
1384 1886 1481 1960 τὴν
1498 1888 1563 1940 αύ
1573 1885 1662 1940 τοῦ
1682 1887 1865 1941 εἰκόνα

283 1980 628 2051 διεγράφετο,
678 1979 755 2045 ὼς
790 1981 902 2035 ἄνω
942 1980 1162 2050 βλέπειν
1204 1980 1416 2048 δοκεῖν,
1453 1980 1864 2052 άνατεταμένην

285 2071 421 2142 πρὸς
442 2070 596 2138 Θεὸν,
619 2072 916 2142 εὐχομένου
944 2073 1164 2144 τρόπον.
1196 2073 1399 2127 Τούτου
1436 2072 1535 2143 μὲν
1555 2067 1646 2126 οὖν
1675 2072 1747 2126 τὰ
1774 2075 1865 2125 ὲκ-

285 2161 608 2233 τυπώματα,
647 2162 766 2217 καθ’
797 2163 926 2234 ὃλης
951 2164 1049 2235 τῆς
1085 2163 1372 2236 Ῥωμαίων
1394 2164 1496 2235 γῆς
1522 2178 1571 2230 ι,
1606 2165 1663 2217 ὲν
1682 2164 1865 2228 αὐτοῖς

282 2254 340 2307 δὲ
368 2255 479 2317 τοῖς
509 2253 798 2324 βασιλείοις
848 2255 991 2309 κατά
1035 2274 1186 2319 τινας
1209 2256 1413 2322 πόλεις,
1452 2259 1509 2309 ὲν
1550 2259 1669 2320 ταῖς
1699 2258 1778 2319 εἰς
1805 2258 1866 2311 τὸ

286 2345 561 2419 μετέωρον
581 2346 691 2399 τῶν
720 2347 1011 2419 προπύλων
1036 2348 1424 2419 ἀνακειμένοις
1447 2349 1669 2412 εἰκόσιν,
1695 2348 1865 2413 ἑστὼς

284 2435 463 2506 ὄρθιος
490 2437 782 2510 ἐγράφετο,
819 2439 931 2494 ἄνω
956 2439 1056 2510 μὲν
1086 2439 1167 2504 εἰς
1187 2438 1279 2493 τὸν
1299 2438 1528 2510 οὐρανὸν
1553 2438 1863 2509 ἐμϐλέπων,

284 2531 363 2584 τὼ
386 2532 531 2601 χεῖρε
563 2530 929 2601 ἐκτεταμένοι,
981 2532 1275 2603 εὐχομένου
1306 2533 1566 2602 σχήματι.
1595 2526 1725 2583 ’Ὧδε
1766 2531 1866 2602 μὲν

236 2619 243 2626 ’
284 2616 378 2676 οὖν
406 2621 566 2687 αὐτὸς
607 2623 800 2678 ἑαυτὸν
847 2624 907 2677 ὲν
936 2625 1056 2688 ταῖς
1106 2623 1543 2695 εῖκονογραφίαις
1572 2622 1866 2695 εὐχόμενον

286 2715 507 2786 ἐξερρεῖ.
550 2732 570 2768 ι

520 2889 630 2945 Τοῦ
653 2889 861 2957 αὐτοῦ,
891 2889 960 2943 ἐκ
994 2889 1100 2945 τοῦ
1128 2889 1329 2958 τρίτου
1350 2889 1617 2955 βιϐλίου.

362 2999 381 3032 ι
410 2972 539 3036 Ὧδε
570 2980 669 3051 μὲν
698 2978 792 3034 οὖν
817 2983 849 3051 ἡ
888 2981 1152 3050 βασιλέως
1180 2980 1477 3055 ἐτελειοῦτο
1510 2982 1715 3054 μήτηρ,
1739 2981 1867 3047 ἀξία

1224 3046 1355 3055 ᾟῄ
1392 3050 1449 3055 μ..

1971 1802 2157 1851 matus
2187 1793 2369 1860 fuerit,
2403 1810 2471 1850 ex
2506 1809 2571 1851 eo
2594 1795 2806 1865 quisvis
2836 1794 3127 1865 intelligat,
3160 1795 3303 1865 quod
3358 1797 3543 1851 aureis

1970 1885 2026 1941 in
2059 1886 2301 1942 nummis
2327 1900 2483 1943 suam
2513 1885 2632 1955 ipse
2663 1885 2960 1956 imaginem
2999 1884 3076 1938 ita
3111 1885 3372 1956 cogitavit
3399 1886 3552 1941 eliin-

1971 1976 2245 2047 gendam,
2283 1985 2342 2031 ut
2396 1977 2452 2031 in
2499 1976 2867 2046 supplicantis
2910 1975 3131 2030 modum
3176 1990 3439 2031 conversa
3482 1974 3552 2029 ad

1971 2068 2143 2124 Deum
2202 2068 2365 2134 facie,
2418 2077 2670 2139 spectare
2724 2082 2947 2124 sursum
2999 2065 3306 2125 videretur.
3368 2066 3551 2135 Atque

1970 2159 2091 2230 ejus
2121 2159 2345 2229 quidem
2378 2159 2582 2230 elIigies
2614 2161 2896 2230 impressa:
2933 2173 3032 2228 per
3082 2158 3393 2214 universam
3437 2155 3551 2213 Ro-

1971 2250 2557 2327 manorum'ditionem
2610 2251 3033 2321 spargebantur.
3072 2249 3418 2316 Quibusdam
3452 2264 3554 2305 au-

1971 2348 2079 2396 tem
2133 2341 2191 2395 in
2242 2340 2560 2396 civitatibus
2592 2340 2648 2395 in
2680 2340 3034 2396 eminentiori
3087 2340 3362 2409 regiarum
3410 2340 3557 2410 ipsa-

1971 2446 2094 2485 rum
2155 2431 2403 2501 porticus
2456 2438 2615 2502 parte
2672 2431 2938 2502 imagines
3000 2431 3174 2501 ipsius
3230 2431 3307 2484 ita
3365 2429 3557 2502 depin-

1972 2522 2257 2592 gebantur,
2291 2530 2355 2576 ut
2388 2533 2574 2578 rectus
2606 2522 2745 2592 ipse,
2776 2520 3166 2591 protensisque
3197 2520 3556 2591 supplicantis

1972 2628 2126 2669 more
2160 2614 2415 2670 manibus
2450 2622 2628 2682 stans,
2676 2616 2876 2670 coelum
2920 2613 3250 2683 suspiceret.
3302 2611 3395 2667 Sic
3426 2628 3557 2685 ergo

1973 2710 2216 2777 seipsum
2272 2709 2329 2764 in
2384 2709 2617 2781 picturis
2682 2708 2961 2779 precantis
3008 2706 3200 2763 habitu
3254 2721 3557 2779 typrgesen-

1972 2798 2145 2871 [1399}.
2188 2818 2208 2852 ι

2403 2890 2660 2959 Ejusdem
2688 2907 2755 2948 ex
2784 2892 2917 2947 libro
2952 2891 3131 2947 tertio.

2049 3002 2070 3037 ι
2106 2985 2223 3041 Hoc
2262 2984 2428 3056 igitur
2461 2984 2627 3039 modo
2657 2984 3011 3055 imperatoris
3040 2990 3215 3038 mater
3242 2982 3429 3059 vivere
3460 2982 3555 3039 dc-

284 3091 345 3127 τε
374 3074 540 3145 τιμῆς
572 3073 849 3144 πλείστης,
912 3073 1019 3127 τῶν
1070 3091 1131 3127 τε
1171 3074 1345 3145 αὐτῆς
1385 3074 1549 3128 ἕνεκα
1606 3073 1866 3143 θεοφιλῶν

1977 3076 2082 3155 siit,
2107 3092 2254 3148 quae,
2277 3091 2401 3132 cum
2433 3083 2661 3147 propter
2706 3077 2991 3147 religionis
3020 3090 3084 3131 ac
3114 3076 3333 3147 pietatis
3362 3090 3555 3146 opera,

286 3165 562 3237 πράξεων,
596 3164 691 3220 τοῦ
742 3181 801 3218 τε
857 3164 919 3229 ἐξ
968 3165 1139 3237 αὐτῆς
1192 3165 1389 3236 φύντος
1423 3166 1736 3237 ὑπερφυοῦς
1771 3168 1868 3220 καὶ

286 3257 590 3328 παραδόξου
639 3256 808 3326 φυτοῦ
829 3272 842 3287 ⁸
890 3256 949 3311 ὃν
980 3257 1115 3327 πρὸς
1165 3260 1280 3321 τοῖς
1307 3258 1502 3324 ἅπασι,
1541 3257 1636 3312 καὶ
1662 3258 1761 3329 τῆς
1788 3260 1869 3321 εἰς

284 3350 385 3418 τὴν
405 3348 813 3419 γεννησαμένην
835 3349 1008 3414 ὁσίας,
1034 3349 1357 3419 μακαρίζειν
1381 3350 1549 3417 ἄξιον.
1585 3349 1743 3404 Οὕτω
1768 3350 1867 3421 μὲν

285 3437 455 3509 αὐτὴν
476 3437 699 3510 θεοσεϐῆ
722 3442 1165 3510 καταστήσαντα,
1201 3438 1276 3511 μὴ
1297 3436 1461 3494 οὖσαν
1490 3440 1550 3493 τὸ
1580 3441 1866 3512 πρότερον,

285 3530 363 3594 ὼς
394 3528 544 3609 αὐτῷ
575 3530 750 3585 δοκεῖν
781 3532 844 3584 ὲκ
880 3531 1101 3602 πρώτης
1123 3530 1201 3602 τῷ
1237 3530 1401 3601 κοινῷ
1444 3531 1661 3602 Σωτῆρι
1688 3531 1868 3603 μεμά-

287 3619 581 3690 θητεῦσθαι
602 3637 615 3652 ·
659 3620 802 3674 οὕτω
839 3620 896 3674 δὲ
917 3620 997 3691 τῷ
1029 3619 1304 3692 ἀξιώματι
1348 3619 1616 3691 βασιλικῷ
1644 3638 1868 3692 τετιμη-

287 3709 441 3774 κότα,
471 3709 547 3775 ὡς
566 3711 623 3764 ὲν
651 3710 852 3765 ἅπασιν
872 3710 1071 3776 ἔθνεσι,
1099 3710 1196 3765 καὶ
1216 3710 1346 3782 παρ’
1366 3711 1551 3774 αὐτοῖς
1571 3712 1683 3775 τοῖς
1706 3728 1868 3783 στρα-

286 3803 557 3864 τιωτικοῖς
602 3802 897 3873 τάγμασιν,
929 3803 1290 3872 Αὐγούσταν
1320 3800 1619 3866 βασιλίδα
1669 3802 1867 3870 άναγοο

292 3888 569 3960 ρεύεσθαι,
600 3895 823 3962 χρυσοῖς
858 3910 917 3946 τε
947 3892 1248 3963 νομίσμασι
1278 3890 1374 3945 καὶ
1395 3889 1493 3962 τὴν
1518 3889 1689 3962 αὐτῇς
1709 3892 1869 3944 ὲκτυ-

290 3985 521 4042 ποῦσθαι
545 3985 749 4040 εἰκόνα.
787 4004 806 4038 ι

435 4247 547 4303 Τοῦ
578 4245 766 4302 αὐτοῦ
800 4244 1081 4315 τετάρτου
1112 4244 1323 4314 λόγου,
1368 4244 1582 4313 negaui.
1615 4242 1723 4309 ἔθ’.

260 4366 265 4410 ~_
363 4358 383 4393 ι
416 4341 481 4392 Οἱ
500 4339 558 4394 δὲ
588 4338 688 4410 τὴν
710 4337 957 4409 βασιλίδα
980 4335 1133 4390 πόλιν
1159 4334 1452 4401 οἰκοῦντες,
1476 4333 1616 4405 2m
1644 4335 1710 4405 τῇ
1734 4350 1865 4402 συγ-

1970 3170 2165 3227 honori
2203 3170 2441 3239 plurimo
2484 3169 2651 3240 digna
2698 3168 2822 3235 fuit,
2856 3177 2972 3223 tum
3011 3175 3235 3239 propter
3272 3168 3556 3225 excellen—

1972 3268 2080 3316 tem
2102 3267 2158 3315 et
2189 3260 2573 3315 admirabilem
2609 3260 2854 3331 plantam
2891 3259 3043 3314 illam
3075 3272 3244 3330 quam
3275 3272 3343 3314 ex
3368 3274 3427 3315 se
3456 3273 3553 3329 gen

1969 3351 2121 3415 nuit;
2163 3365 2333 3419 quem
2364 3349 2606 3419 quidem,
2640 3364 2766 3404 cum
2804 3350 3069 3406 omnibus
3100 3349 3226 3405 aliis
3250 3347 3319 3405 de
3346 3349 3554 3414 causis,

1967 3449 2083 3495 tum
2117 3440 2188 3494 ob
2216 3441 2338 3510 ejus
2364 3453 2494 3510 erga
2522 3447 2759 3494 matrem
2791 3440 3049 3510 pietatem
3092 3440 3313 3495 beatum
3358 3439 3556 3510 prredi~

1969 3545 2098 3587 care
2127 3531 2434 3587 debemus:
2488 3530 2696 3601 quippe
2739 3531 2836 3601 qui
2888 3530 3059 3598 illam,
3092 3545 3217 3586 cum
3252 3530 3349 3586 Dei
3380 3531 3554 3586 cultui

1968 3621 2184 3677 addicta
2209 3621 2362 3691 prius
2392 3635 2502 3675 non
2532 3628 2700 3687 esset,
2735 3622 2819 3679 sic
2848 3621 3170 3691 religiosam
3202 3620 3461 3689 reddidit,
3495 3633 3556 3678 ut

1968 3727 1999 3767 a
2030 3713 2291 3784 primaeva
2329 3718 2491 3767 aztate
2543 3726 2576 3767 a
2625 3713 2909 3768 communi
2960 3714 3209 3768 omnium
3270 3712 3557 3770 Salvatore

1966 3804 2180 3860 erudita
2210 3803 2509 3859 videretur.
2537 3802 2713 3873 Ipsam
2738 3803 2960 3859 demum
2996 3804 3351 3875 imperatoria
3379 3804 3557 3875 digni-

1967 3900 2078 3947 tate
2107 3892 2507 3955 cohonestavit,
2540 3901 2601 3946 ut
2647 3893 2790 3963 apud
2826 3908 3018 3951 omnes
3047 3902 3239 3965 gentes
3262 3937 3278 3963 ,
3335 3909 3553 3951 necnon

1968 3981 2111 4053 apud
2130 3983 2393 4053 ipsasmet
2409 3983 2646 4039 militum
2673 3984 2954 4050 cohortes,
2982 3986 3296 4054 imperatria:
3314 3986 3555 4058 Augusta

1967 4072 2435 4144 proclamaretur,
2465 4073 2755 4145 imagoque
2788 4074 2912 4144 eius
2941 4073 3192 4132 nummis
3220 4075 3407 4131 aureis
3445 4075 3553 4130 im-

1967 4165 2316 4237 primeretur.
2361 4182 2382 4217 ι
2460 4212 2463 4215 .

2324 4254 2580 4325 Ejusdem
2608 4270 2675 4310 ea:
2707 4254 2844 4310 libro
2872 4270 2948 4321 tv,
2980 4270 3098 4325 cap.
3132 4254 3223 4313 69.

2046 4366 2065 4399 ι
2100 4345 2204 4413 Qui
2256 4362 2387 4403 vero
2429 4348 2623 4403 urbem
2655 4347 2861 4419 regiam
2901 4346 3240 4415 incolebant,
3285 4362 3395 4403 una
3427 4362 3552 4406 cum

262 4402 474 4543 ὶκλήτῳ
504 4431 597 4484 καὶ
840 4428 1125 4543 Tinga!in
1151 4468 1175 4543 ἰ
1215 4428 1298 4543 ὡς
1322 4426 1441 4543 τὴνὶ
1464 4402 1728 4534 βασιλέοέ
1770 4427 1866 4543 ξπ-

1977 4402 2169 4494 εεηεῖυ
2199 4440 2513 4510 populoque
2542 4402 2816 4506 Romano,
2849 4439 2942 4496 ubi
2975 4402 3554 4511 primum'imperato:

268 4518 535 4592 ἶέγνωσαν
558 4521 812 4589 τελευτὴν
837 4563 853 4588 ,
891 4521 1036 4592 δεινῇ
1083 4519 1180 4574 καῒ¹
1224 4522 1404 4590 πάσης
1436 4518 1738 4589 ’συμφορᾶς
1769 4518 1866 4571 ἐπ-

1977 4529 2053 4587 ris
2090 4531 2301 4586 obitum
2335 4541 2684 4603 acceperunt,
2712 4532 2911 4590 acerbo
2938 4538 2995 4587 et
3021 4530 3216 4603 quavis
3240 4530 3555 4587 calamitate

291 4616 474 4670 ἐκεινα
500 4618 566 4686 τῇ
598 4616 734 4686 ἀκοῇ
766 4613 1061 4684 δεδεμένοι,
1084 4612 1280 4675 πένθος
1309 4612 1536 4682 ἄσχετον
1566 4610 1869 4664 ἐποιοῦντο.

250 4778 254 4783 _
294 4710 508 4780 Λουτρᾶ
535 4708 590 4762 δὲ
618 4707 971 4763 ἁπεκλείοντο
991 4707 1083 4760 καὶ
1104 4707 1319 4777 ἀγοραὶ,
1345 4705 1615 4777 πάνδημοί
1636 4722 1696 4758 τε
1726 4703 1868 4769 θέαι,

293 4891 552 4961 πράττειν
584 4891 704 4956 ἔθος
739 4887 829 4962 ἦν.
865 4892 1145 4961 Κατηφεῖς
1188 4890 1244 4943 δὲ
1299 4891 1348 4943 οἱ
1378 4890 1543 4944 πάλαι
1580 4890 1865 4960 τρυφηλοὶ,

294 4982 392 5045 τὰς
428 4982 684 5054 προόδους
716 4984 996 5037 ἐποιοῦντο
1017 4999 1029 5011 ·
1082 4983 1215 5052 ὁμοῦ
1240 5000 1298 5035 τε
1331 4983 1533 5046 πάντες
1566 4982 1657 5035 τὸν
1688 4984 1867 5053 μακά-

297 5090 410 5145 ριον
457 5074 829 5146 ἀνευφήμουν,
878 5075 970 5128 τὸν
1006 5073 1251 5143 θεοφιλῆ,
1288 5073 1379 5128 τὸν
1424 5073 1499 5137 ὡς
1529 5073 1742 5144 ἀληθῶς
1771 5073 1870 5142 τῆς

395 5255 440 5287 ³⁸
477 5253 689 5310 invect.
719 5254 937 5323 t,p.95.
1012 5253 1057 5285 ⁵³
1084 5252 1186 5307 Job
1236 5268 1272 5317 ι,
1312 5251 1403 5307 22.

295 4801 389 4853 καὶ
426 4800 603 4855 πάντα
639 4800 740 4853 ὅσα
773 4799 864 4851 ἐπὶ
890 4797 1141 4870 ῥᾳστώνῃ
1170 4799 1285 4869 βίου
1311 4800 1425 4863 τοῖς
1446 4797 1871 4869 εύθυμουμένοις

1973 4621 2212 4693 graviori
2239 4623 2435 4678 nuntio
2462 4624 2728 4693 perculsi,
2762 4624 2973 4679 nullum
3004 4623 3178 4679 luctui
3202 4623 3425 4678 modum
3455 4638 3553 4694 po-

1971 4719 2221 4766 suerunt.
2256 4710 2474 4768 Balnea:
2516 4721 2571 4768 et
2603 4714 2722 4767 lora
2750 4713 2935 4769 clausa
2982 4721 3132 4777 sunt,
3163 4713 3382 4783 publica
3412 4728 3553 4783 quo-

1970 4815 2082 4871 que
2122 4801 2461 4870 spectacula,
2485 4809 2539 4858 et
2565 4816 2912 4873 quaecunque
2937 4800 3194 4857 homines
3234 4802 3348 4855 otio
3376 4800 3549 4856 dediti

1971 4901 2025 4946 et
2051 4891 2212 4961 genio
2245 4892 2591 4963 indulgentes
2625 4893 2935 4949 consectari
2986 4893 3187 4958 solent,
3233 4891 3550 4948 intermissa

1975 4992 2122 5037 sunt.
2163 4984 2269 5049 Qui
2305 4993 2431 5040 ante
2480 4986 2534 5040 in
2585 4985 2799 5042 deliciis
2847 4984 3229 5050 versabantur,
3289 4981 3545 5055 [ultuwin

1975 5085 2176 5132 terram
2213 5077 2451 5153 demisso
2483 5079 2741 5135 incedere
2771 5093 2989 5151 unaque
3020 5090 3208 5137 omnes
3248 5086 3384 5132 voce
3417 5071 3548 5128 bea-

1590 5342 1827 5401 VARUE
1860 5344 2268 5402 LECTIONES.

367 5476 397 5509 ι
426 5462 591 5524 Deest
627 5479 733 5520 vox
760 5463 1058 5535 διέτρεχεν,
1094 5479 1156 5520 ex
1191 5462 1429 5519 Eusebio
1462 5463 1791 5533 supplenda.

1808 5572 2039 5629 NOTAE.

370 5695 482 5767 (3i)
520 5694 578 5752 S.
633 5695 1012 5767 Cbrysostomi
1072 5694 1454 5751 commentarii
1491 5693 1546 5748 in
1606 5691 1707 5749 Job
1757 5692 2060 5765 fragmenta
2086 5698 2302 5748 exstant
2334 5691 2389 5746 in
2417 5700 2612 5748 catena
2642 5688 2816 5747 Junii.
