3986 6346
66 306 87 353 τι

70 338 73 353 |
82 338 85 349 l

69 356 74 365 ι

291 299 426 367 1381
1391 296 1488 358 DE
1522 288 1983 355 IMAGINIBUS
2012 288 2294 349 ORATIO
2333 289 2448 349 III.
3407 286 3542 353 i382

286 392 395 468 Ἐκ
420 429 526 468 του
548 410 875 480 μαρτυρίου
897 406 1003 461 τοῦ
1026 408 1197 480 ἁγίου
1224 407 1582 471 Εὑσταθίου,
1619 404 1724 460 τοῦ
1765 404 1859 457 καὶ

2060 397 2142 451 Ea:
2173 399 2428 468 martyrio
2460 396 2630 451 sancti
2662 393 2950 461 Eustathii,
2977 393 3065 464 qui
3092 403 3138 449 et
3176 392 3446 457 Placidus.

920 478 1115 531 ῙΙ.2ακί
1117 477 1212 531 δα.

363 588 384 625 ι
440 569 775 638 Ἐξελθόντος
811 566 976 623 αὑτοῦ
1010 571 1066 624 ἐν
1104 570 1204 640 μιᾷ
1233 568 1416 641 ἡμέρᾳ
1458 568 1600 623 κατὰ
1649 566 1709 622 τὸ
1740 566 1862 620 σύν-

287 664 418 737 ηθες
480 661 571 716 sui.
603 658 673 715 τά
727 660 829 734 ὅρη
862 660 1127 733 θηρεῦσαι
1179 661 1316 732 μετὰ
1345 660 1439 714 τοῦ
1471 658 1860 731 στρατοπέδου,

288 757 384 811 καὶ
414 753 595 826 πάσης
616 753 716 823 τῆς
739 751 1053 824 θεραπείας,
1086 752 1242 823 ὤφθη
1267 752 1415 824 αὐτῷ
1450 752 1619 826 ἀγέλη
1648 752 1864 822 ἐλάφων

290 847 617 919 βοσκομένη.
646 846 754 898 Καὶ
769 845 1065 915 διαστήσας
1081 843 1222 898 κατά
1248 844 1310 898 τὸ
1337 844 1566 915 σύνηθες
1586 845 1678 896 τὸν
1699 860 1864 914 στρα-

286 938 397 1004 τὸν,
430 937 666 990 ἐποιεῖτο
692 936 795 1005 τὴν
839 934 958 989 κατ’
989 934 1169 988 αὐτῶν
1204 932 1407 1000 δίωξιν.
1452 930 1660 995 Παντὸς
1686 930 1741 985 δὲ
1769 932 1863 986 τοῦ

291 1025 522 1098 στρατοῦ
549 1025 642 1078 ἐπὶ
667 1025 766 1096 τὴν
787 1024 1048 1095 σύλληψιν
1076 1024 1475 1096 ἀσχολουμένου
1499 1024 1607 1078 τῶν
1628 1022 1862 1092 ἐλάφων,

289 1121 316 1173 ό
343 1116 890 1190 ύπερμεγεθέστατος
918 1116 1099 1187 πάσης
1129 1118 1227 1187 τῆς
1283 1116 1505 1188 ἀγέλης,
1539 1116 1632 1171 καὶ
1661 1116 1866 1170 εὐειδέ-

290 1228 503 1276 στατος,
534 1209 909 1273 ἀποσπασθεὶς
958 1209 1057 1279 τῆς
1090 1209 1317 1279 ἀγέλης,
1348 1209 1577 1280 ὥρμησε
1602 1207 1742 1263 κατά
1773 1206 1865 1261 τοῦ

287 1301 493 1373 δρυμοῦ
528 1300 719 1364 ἐντοῖς
749 1299 1063 1370 δασυτέροις
1091 1300 1277 1363 τόποις
1308 1301 1405 1371 τῆς
1434 1300 1587 1371 ὕλης,
1629 1300 1724 1354 καὶ
1745 1300 1869 1352 δυσ-

288 1392 477 1456 ϐάτοις
519 1390 759 1463 χωρίοις.
826 1392 924 1443 Ὃν
972 1390 1309 1460 θεασάμενος
1349 1390 1377 1442 ό
1424 1390 1717 1457 Πλακίδας,
1773 1396 1869 1445 καὶ

288 1481 641 1552 ἐπιθυμήσας
662 1480 1049 1535 συλλαϐεῖσθαι
1081 1480 1265 1544 αὐτὸν,
1297 1481 1612 1536 καταλιπὼν
1637 1484 1869 1551 πάντας,

290 1574 408 1642 μετ’
431 1568 627 1638 ὀλίγων
665 1568 1015 1641 στρατιωτῶν
1058 1570 1386 1624 κατεδίωκεν
1422 1572 1603 1627 αὐτόν.
1654 1573 1871 1643 ’Λτονη-

289 1665 499 1717 σάντων
529 1661 587 1714 δὲ
636 1660 749 1714 τῶν
806 1661 1099 1725 συνόντων,
1133 1662 1295 1731 μόνος
1336 1662 1768 1735 προσεκαρτέρει
1800 1665 1865 1733 τῇ

2039 568 2055 603 ι
2095 549 2229 604 Cum
2272 550 2361 605 die
2415 548 2649 620 quodam
2684 587 2699 611 ,
2757 547 2823 603 de
2870 554 3135 602 consueto
3184 560 3361 610 more,
3414 561 3540 601 cum

1963 642 2212 697 exercitu
2285 640 2653 710 universeque
2700 637 3030 693 famulorum
3082 646 3230 693 coetu
3285 648 3541 694 venatum

1962 733 2217 799 exiisset,
2280 747 2572 787 cervorum
2626 730 2968 802 pascentium
3019 730 3371 800 conspicatus
3423 745 3545 802 gre-

1965 841 2109 898 gem,
2139 825 2390 881 exercitu
2424 824 2476 877 in
2514 832 2627 879 tres
2660 832 2865 895 partes,
2900 822 2979 877 uti
3013 822 3248 887 solebat,
3277 822 3545 879 distribu-

1967 927 2046 985 to,
2074 934 2172 975 eos
2199 916 2600 973 insectabatur.
2632 914 2704 968 At
2733 928 2856 969 cum
2891 913 3004 968 illis
3041 912 3324 983 capiendis
3364 913 3546 969 inten-

1966 1019 2055 1065 tus
2082 1017 2229 1064 esset
2250 1007 2549 1071 exercitus,
2586 1005 2678 1059 ille
2713 1005 2807 1074 qui
2850 1005 2905 1058 in
2951 1005 3266 1060 universum
3298 1019 3543 1077 gregem,

1968 1109 2085 1154 tum
2135 1099 2487 1170 proceritate,
2547 1105 2661 1150 tum
2713 1094 2892 1149 forma
2926 1094 3222 1159 eminebat,
3254 1111 3284 1149 a
3316 1096 3546 1165 reliquis

1966 1191 2276 1256 discedens,
2310 1206 2406 1262 per
2437 1190 2771 1246 densissima
2825 1189 2977 1244 silva:
3012 1196 3399 1261 praeruptaque
3423 1191 3571 1245 loca‘

1969 1286 2025 1340 in
2056 1300 2251 1341 nemus
2278 1284 2535 1354 prosiliit.
2574 1281 2731 1337 llune
2764 1281 3014 1337 Placidas
3056 1283 3362 1348 contuitus,
3393 1283 3544 1352 ejus-

1969 1394 2075 1447 que
2134 1374 2639 1447 comprehendendi
2704 1374 2983 1429 desiderio
3040 1387 3353 1441 accensus,
3417 1387 3546 1428 cum

1970 1469 2234 1524 militibus
2259 1467 2476 1537 paucis,
2515 1466 2734 1521 caneris
2766 1464 3025 1519 omnibus
3053 1464 3285 1529 relictis,
3329 1466 3548 1521 insecu-

1972 1568 2059 1615 tus
2086 1566 2192 1614 est.
2219 1556 2340 1612 Jam
2364 1554 2499 1611 socii
2517 1553 2901 1611 deficientibus
2924 1553 3136 1608 viribus
3158 1554 3546 1620 constiterant,

1972 1666 2096 1707 eum
2124 1651 2280 1707 solus
2311 1649 2432 1720 ipse
2470 1645 2853 1719 persequendo
2886 1653 3291 1716 perseveraret,
3328 1645 3548 1701 divina-

286 1752 486 1818 διώξει,
513 1751 654 1806 κατὰ
685 1751 940 1823 πρόνοιαν
959 1750 1016 1805 δὲ
1041 1750 1198 1815 Θεοῦ,
1230 1753 1369 1823 μήτε
1388 1752 1484 1806 τοῦ
1506 1753 1673 1806 ἵππου
1702 1753 1864 1807 αὐτοῦ
1898 1737 1940 1792 Β
1970 1758 2076 1814 quc
2135 1740 2338 1796 [auum
2393 1738 2739 1810 Ρΐονίάθιιῑίίὶ
2791 1746 2897 1801 (δεῖν
2946 1744 3006 1789 ut
3052 1750 3154 1791 nec
3192 1751 3367 1806 εαυιιε
3390 1777 3404 1804 ν
3444 1750 3548 1792 nec

287 1845 667 1913 ἀτονήσαντος,
702 1843 838 1915 μήτε
868 1842 1035 1896 αὐτοῦ
1085 1843 1222 1915 πρὸς
1272 1843 1371 1915 τὴν
1422 1844 1742 1917 δυσχέρειαν
1771 1845 1864 1899 τοῦ

287 1937 452 1989 τόπου
484 1934 921 2006 άποκνήσαντος,
954 1935 1048 1988 ἐπὶ
1081 1936 1218 1989 πολὺ
1246 1935 1619 2006 καταδιώκων,
1647 1940 1864 2010 μακράν

288 2026 490 2098 εὑρέθη
519 2026 614 2080 τοῦ
641 2027 1006 2098 στρατοπέδου
1037 2027 1224 2082 αὐτοῦ.
1256 2029 1315 2081 Ὁ
1340 2028 1396 2082 δὲ
1421 2027 1618 2099 ἔλαφος
1646 2028 1865 2099 ἔφευγε,

288 2118 495 2182 ἐκεῖνος
527 2118 584 2172 δὲ
635 2116 973 2188 παραλαϐὼν
1006 2116 1318 2190 ἀκρώρειαν
1362 2118 1589 2190 πέτρας,
1641 2119 1867 2190 μηδενὸς

291 2210 543 2273 συνόντος
574 2208 743 2280 αὐτῷ,
776 2208 905 2281 ἔστη
937 2209 1289 2279 περισκοπῶν
1327 2209 1622 2276 πάντοθεν,
1647 2211 1745 2265 καὶ
1777 2213 1867 2263 ἐν-

291 2301 427 2355 νοῶν
460 2300 597 2371 ποίῳ
628 2301 815 2372 τρόπῳ
842 2299 1078 2371 λάϐηται
1097 2302 1195 2371 τῆς
1238 2299 1439 2370 ἐλάφου
1462 2318 1475 2331 ·
1514 2300 1627 2355 ἀλλ’
1669 2302 1698 2353 ὁ
1735 2301 1867 2355 πάν-

293 2409 454 2460 σοφος
492 2392 588 2445 καὶ
616 2393 916 2463 οἰκτίρμων
935 2391 1087 2458 Θεὸς,
1120 2393 1149 2446 ό
1179 2392 1441 2455 παντοίας
1471 2392 1624 2454 ὁδοὺς
1652 2391 1746 2444 ἐπὶ
1768 2408 1870 2444 σω·-

290 2484 456 2555 τηρίᾳ
479 2483 589 2537 τῶν
616 2484 920 2554 ἀνθρώπων
942 2484 1238 2555 ἐπινοήσας
1255 2523 1271 2548 ,
1304 2483 1650 2554 άντιθηρεύει
1682 2483 1870 2537 τοῦτον

291 2576 349 2628 ἐν
368 2577 436 2646 τῇ
467 2574 608 2646 θήρᾳ
630 2591 644 2607 ο
679 2575 776 2646 οὐχ
804 2574 876 2640 ώς
911 2574 1211 2646 Κορνήλιον
1241 2576 1333 2629 διὰ
1363 2575 1594 2646 Πέτρου,
1632 2574 1746 2628 ἀλλ’
1794 2575 1871 2639 ώς

294 2665 504 2719 Παῦλον
526 2664 811 2729 διώκοντα,
830 2665 919 2719 διὰ
934 2666 1033 2734 τῆς
1056 2665 1190 2728 ἰδίας
1212 2664 1557 2734 ἐπιφανείας.
1592 2665 1716 2719 Ἐπὶ
1735 2665 1869 2719 πολὺ

293 2758 349 2811 δὲ
376 2758 609 2820 ἑστῶτος
635 2757 729 2811 τοῦ
760 2758 1023 2823 Πλακίδα.
1056 2758 1152 2812 καὶ
1182 2758 1521 2823 ἁτενίζοντος
1554 2758 1655 2829 μὲν
1681 2759 1760 2822 εἰς
1780 2757 1871 2812 τὸν

292 2850 507 2920 ἔλαφον,
533 2847 906 2919 θαυμάζοντος
944 2848 1002 2901 δὲ
1033 2848 1199 2902 αὑτοῦ
1233 2848 1293 2901 τὸ
1329 2847 1581 2919 μέγεθος,
1610 2847 1705 2901 καὶ
1728 2848 1873 2918 άμη-

294 2941 581 3014 χανοῦντος
611 2941 740 3011 περὶ
767 2940 867 3011 τὴν
893 2940 1175 3011 σύλληψιν,
1206 2939 1447 2994 δείκνυσι
1478 2941 1682 3011 Κύριος
1710 2939 1873 3011 τερά-

296 3036 443 3091 στιόν
472 3054 525 3090 τι
557 3034 818 3099 τοιοῦτον,
850 3034 952 3088 οὐκ
980 3034 1227 3097 ἀπεικὸς,
1254 3032 1375 3087 οὐδὲ
1402 3032 1731 3104 ύπερϐαῖνον
1770 3033 1872 3104 τῆς

296 3126 461 3182 αὑτοῦ
483 3126 769 3196 δυνάμεως
794 3124 856 3179 τὸ
899 3124 1130 3194 μέγεθος
1156 3139 1171 3155 ⁸
1226 3123 1344 3179 ἀλλ’
1388 3123 1575 3196 ὥσπερ
1628 3123 1723 3175 ἐπὶ
1774 3122 1868 3176 τοῦ

295 3217 526 3288 Βαλαὰμ
545 3216 704 3286 λόγον
730 3214 906 3279 ἐνθεὶς
940 3216 1006 3287 τῇ
1040 3216 1168 3286 ὖνῳ,
1200 3214 1426 3286 ἦλεγξεν
1446 3215 1611 3270 αὐτοῦ
1637 3214 1736 3286 τὴν
1758 3214 1873 3269 διά-

296 3323 469 3371 νοιαν,
503 3305 645 3360 οὕτω
701 3304 797 3360 καὶ
841 3302 1073 3358 ἐνταῦθα
1119 3304 1358 3359 δείκνυσι
1384 3306 1578 3374 τούτῳ.
1616 3303 1744 3357 Ἐπὶ
1773 3303 1872 3374 μὲν

296 3398 542 3470 κεράτων
564 3395 660 3450 τοῦ
700 3394 903 3465 ἐλάφου
947 3395 1040 3448 τὸν
1084 3394 1254 3448 τύπον
1283 3393 1377 3447 τοῦ
1417 3394 1574 3462 ἁγίου
1610 3393 1869 3466 σταυροῦ,

299 3488 439 3558 ὑπὲρ
470 3487 569 3558 τὴν
600 3486 962 3558 λαμπρότητα
980 3484 1075 3540 τοῦ
1110 3485 1262 3556 ἡλίου
1292 3483 1599 3554 λάμποντα,
1626 3485 1791 3555 μέσον
1814 3486 1872 3539 δὲ

295 3579 404 3635 τῶν
428 3579 677 3649 κεράτων
700 3577 797 3650 τὴν
821 3579 1006 3633 εἰκόνα
1053 3576 1149 3630 τοῦ
1181 3575 1443 3647 θεοφόρου
1498 3574 1770 3647 σώματος,
1808 3569 1872 3631 οὗ

296 3669 385 3723 διὰ
420 3669 519 3739 τὴν
560 3668 838 3739 ἡμετέραν
873 3666 1147 3738 σωτηρίαν
1193 3666 1485 3721 ἀναλαϐεῖν
1525 3666 1870 3734 κατεδέξατο,

301 3760 394 3815 καὶ
420 3760 604 3831 φωνὴν
631 3759 979 3831 ἀνθρωπίνην
1008 3757 1183 3821 ἐνθεὶς
1220 3760 1286 3829 τῇ
1313 3758 1520 3830 ἐλάφῳ,
1543 3758 1873 3831 προσκαλεῖ-

297 3870 389 3906 ται
414 3850 505 3905 τὸν
544 3850 813 3906 Πλακίδαν
831 3889 848 3917 ,
908 3848 1109 3919 λέγων’
1138 3845 1209 3902 Ὦ
1238 3850 1511 3914 Πλακίδα,
1539 3850 1592 3904 τί
1651 3868 1717 3923 με
1746 3851 1872 3906 διώ-

300 3960 456 4010 κεις;
488 3942 595 3995 ἰδοὺ
630 3941 814 3995 ἕνεκέν
841 3959 933 3995 σου
966 3941 1171 4011 παρῆν,
1207 3941 1303 3995 καὶ
1331 3942 1388 3994 ἐν
1429 3941 1507 4013 τῷ
1542 3941 1666 4014 ζώῳ
1696 3943 1873 4015 τούτῳ

299 4034 488 4104 ὤφθην
521 4050 622 4089 σοι.
661 4032 804 4102 Ἐγώ
840 4033 958 4103 εἰμι
1001 4031 1208 4103 Ἰησοῦς
1241 4033 1269 4085 ὁ
1297 4032 1551 4104 Χριστὸς,
1586 4033 1645 4087 ὃν
1664 4036 1873 4104 ἀγνοῶν

302 4126 455 4196 σὲὅῃ.
484 4126 551 4177 Ai
580 4124 688 4197 γὰρ
719 4124 959 4178 εύποιίαι
980 4140 1097 4192 σου,
1119 4124 1186 4188 ἀς
1221 4124 1285 4178 σὺ
1310 4127 1486 4190 ποιεῖς
1510 4127 1590 4191 είς
1622 4127 1747 4191 τοὺς
1766 4128 1875 4182 δεο-

303 4216 517 4286 μένους,
549 4216 901 4287 παρέστησαν
934 4214 1163 4269 ἐνώπιόν
1197 4233 1300 4287 μου
1320 4256 1335 4282 ,
1372 4218 1466 4271 καὶ
1488 4213 1651 4289 ἦλθον
1697 4220 1875 4291 ἐμφα-

301 4305 446 4360 νίσαι
482 4322 567 4358 σοι
603 4303 839 4375 ἐμαυτὸν
868 4302 957 4356 διὰ
994 4301 1089 4356 τοῦ
1113 4304 1311 4373 ἐλάφου
1342 4303 1555 4370 τούτου,
1580 4305 1673 4358 καὶ
1721 4306 1873 4359 ἀντι-

301 4396 583 4469 ζωγρῆσαί
614 4412 697 4462 σε,
745 4395 840 4449 καὶ
891 4397 1108 4466 συσχεῖν
1133 4397 1246 4458 τοῖς
1282 4395 1519 4459 δικτύοις
1545 4396 1643 4467 τῆς
1682 4397 1869 4467 φιλαν-
1896 4429 1946 4490 D

303 4486 549 4560 θρωπίας
599 4503 723 4556 μου.
754 4487 827 4541 Οὐ
861 4487 966 4557 γάρ
997 4488 1114 4541 ἐστι
1150 4487 1379 4552 δίκαιον,
1428 4488 1521 4542 τὸν
1550 4490 1674 4560 ἐμοὶ
1702 4507 1872 4562 προσ-

303 4579 434 4650 φιλῆ
476 4578 565 4633 διὰ
614 4578 724 4632 τῶν
774 4577 996 4646 ἀγαθῶν
1046 4577 1245 4649 ἔργων,
1300 4578 1571 4634 δουλεύειν
1624 4581 1875 4651 δαίμοσιν

304 4667 635 4739 ἀκαθάρτοις
662 4667 757 4722 καὶ
780 4666 1019 4731 εἰδώλοις
1042 4670 1253 4737 νεκροῖς
1278 4668 1375 4722 καὶ
1397 4671 1618 4738 κωφοῖς.
1644 4671 1745 4724 Διὰ
1766 4672 1876 4744 γάρ

303 4754 463 4811 τοῦτο
488 4754 651 4830 ἦλθον
681 4760 775 4812 ἐπὶ
801 4759 904 4828 γῆς
933 4761 991 4813 ὲν
1020 4758 1099 4831 τῷ
1126 4758 1256 4813 εἴδει
1284 4761 1479 4832 τούτῳ,
1520 4756 1564 4831 ᾧ
1592 4762 1686 4819 νῦν
1719 4766 1873 4837 ὁρᾷς,

308 4850 478 4907 σῶσαι
507 4853 676 4909 θέλων
708 4855 771 4908 τὸ
797 4852 905 4908 τῶν
928 4853 1232 4925 ἀνθρώπων
1272 4856 1447 4924 γένος.
1498 4876 1517 4908 ι
1580 4848 1592 4859 ’

261 5181 269 5187 _
310 5110 425 5170 Τοῦ
446 5113 620 5186 ἁγίου
640 5116 924 5189 Λεοντίου
947 5118 1306 5189 ,Νεαπόλεως
1328 5116 1436 5185 τῆς
1459 5118 1741 5186 Κυπρίων
1770 5121 1869 5189 νήσ

586 5200 724 5253 σου,
752 5187 897 5253 πρὸς
944 5187 1293 5253 Ἰουδαίους,
1318 5195 1360 5241 ε’
1388 5189 1594 5259 λόγου.

383 5291 403 5327 t
446 5274 583 5348 Φέρε
631 5275 695 5347 δὴ
745 5277 950 5341 λοιπὸν,
993 5279 1130 5349 φέρε
1165 5280 1484 5351 προθύμως,
1519 5283 1613 5337 καὶ
1650 5285 1746 5357 τὴν
1779 5287 1876 5357 τῆς

309 5366 667 5431 ἐκτυπώσεως
690 5369 798 5421 τῶν
823 5372 1033 5423 σεπτῶν
1059 5374 1284 5427 εἰκόνων
1308 5375 1602 5445 ἀπολογίαν
1639 5381 1877 5450 ποιησώ-

310 5456 470 5523 μεθα,
502 5459 648 5522 ὅπως
682 5460 1039 5531 ἐμφρασθῶσι
1087 5464 1329 5533 στόματα
1372 5465 1608 5537 ἀνόμων,
1650 5469 1875 5523 λαλούν-

309 5563 418 5602 των
464 5546 651 5602 ἇδικα’
686 5550 882 5622 νομικὴ
921 5551 1029 5622 γάρ
1058 5554 1196 5625 αὕτη
1234 5556 1267 5626 ἡ
1296 5557 1615 5626 παράδοσις,
1646 5561 1739 5615 καὶ
1777 5563 1874 5633 οὐχ

382 5673 427 5705 ⁸⁵
446 5686 610 5742 Num.
640 5703 771 5756 xxii,
804 5689 892 5745 28.

1967 1836 2202 1907 ipsemet
2239 1832 2535 1903 asperitate
2570 1830 2815 1884 locorum
2858 1825 3215 1893 fatiscerent;
3245 1836 3299 1881 et
3324 1841 3547 1881 cervum

1969 1927 2181 1982 diutius
2198 1923 2538 1994 adurgendo,
2570 1919 2760 1993 procul
2793 1935 2852 1975 se
2881 1920 2949 1974 ab
2978 1920 3224 1976 exercitu
3248 1918 3549 1975 recessisse

1969 2017 2132 2089 373
2186 2015 2593 2071 animadvertit.
2650 2012 2822 2067 Porro
2870 2011 3113 2082 fugiente
3173 2025 3361 2075 cervo,
3418 2024 3545 2064 cum

1970 2110 2157 2164 nullus
2185 2107 2449 2163 comitum
2495 2104 2737 2170 adesset,
2768 2111 2939 2173 petra:
2976 2102 3239 2157 verticem
3283 2116 3549 2157 conscen-

1970 2202 2071 2266 dit,
2127 2210 2241 2256 tum
2281 2198 2767 2267 circumaspicere,
2801 2208 3102 2265 secumque
3148 2194 3411 2264 cogitare,
3437 2207 3547 2264 quo

1969 2291 2190 2349 tandem
2223 2298 2382 2361 pacto
2420 2289 2659 2359 praedam
2694 2298 3051 2356 assequatur.
3088 2285 3157 2340 At
3198 2284 3548 2357 sapientissi-

1970 2399 2096 2440 mus
2144 2381 2721 2449 clementissimusqne
2760 2376 2935 2442 Deus,
2972 2376 3064 2445 qui
3096 2375 3276 2430 nullas
3314 2392 3423 2429 non
3453 2391 3548 2431 ex-

1972 2475 2175 2547 cogitat
2222 2476 2359 2539 vias,
2397 2459 2601 2543 quibus
2642 2469 2706 2523 ad
2756 2469 2992 2524 salutem
3038 2465 3293 2521 homines
3344 2466 3547 2529 ducat,

1973 2566 2121 2621 hunc
2172 2565 2227 2619 in
2280 2565 2515 2634 ipsumet
2565 2560 2857 2615 venatione
2914 2565 3147 2612 venatur
3194 2575 3206 2612 :
3250 2571 3359 2610 non
3403 2555 3549 2611 Petri

1973 2672 2168 2728 opera;
2201 2664 2264 2710 ut
2311 2656 2440 2708 olim
2478 2653 2822 2717 Cornelium,
2853 2651 3029 2721 magis
3066 2657 3248 2704 autem
3289 2648 3371 2703 uti
3418 2663 3549 2717 per-

1974 2756 2279 2804 secutorem
2307 2745 2561 2809 Paulum,
2590 2743 2805 2814 objecta
2832 2758 2930 2799 sua
2965 2741 3172 2812 specie.
3203 2738 3391 2809 Itaque
3420 2754 3551 2794 eon-

1974 2840 2187 2895 sistenti
2221 2838 2313 2892 diu
2340 2836 2594 2903 Placidw,
2619 2838 2881 2905 cervique
2910 2832 3294 2904 proceritatem
3322 2831 3551 2889 intentis

1974 2930 2149 2986 oculis
2182 2927 2497 2992 demiranti,
2534 2941 2657 2981 cum
2694 2925 2844 2981 illius
2880 2922 3133 2994 capiendi
3169 2922 3319 2977 nulla
3343 2924 3429 2977 via
3453 2937 3551 2977 oc-

1975 3031 2244 3087 curreret,
2300 3017 2579 3089 ejusmodi
2641 3023 2959 3088 portentum
3023 3015 3285 3070 Dominus
3357 3013 3550 3079 edidit,

1972 3111 2117 3183 quod
2144 3110 2367 3182 quidem
2401 3109 2536 3163 nihil
2566 3109 2820 3165 absimile
2847 3108 2960 3164 veri
2983 3117 3086 3173 est,
3120 3120 3221 3161 nec
3251 3104 3424 3175 ipsius
3450 3120 3551 3176 po-

1971 3205 2156 3261 tentia:
2188 3203 2623 3273 magnitudinem
2662 3200 2898 3257 excedit.
2935 3198 3065 3266 Sed,
3088 3199 3551 3270 quemadmodum

1973 3294 2145 3351 asinae
2177 3294 2395 3348 Balaam
2450 3291 2706 3363 loquendi
2762 3292 2935 3347 indita
2966 3289 3226 3346 facultate
3263 3290 3333 3358 ",
3361 3304 3427 3345 ea
3458 3303 3553 3343 ar-

1972 3389 2109 3460 guit,
2146 3402 2265 3457 quae
2295 3393 2450 3440 vates
2481 3386 2667 3440 animo
2698 3384 2976 3449 versabat,
3009 3383 3302 3439 consimile
3342 3382 3550 3453 aliquid

1974 3487 2106 3533 tunc
2132 3478 2295 3531 etiam
2323 3474 2399 3529 illi
2441 3475 2789 3531 monstravit.
2813 3474 2871 3528 ln
2895 3474 3040 3529 cervi
3066 3475 3326 3530 cornibus
3347 3482 3552 3531 sancta:

1973 3567 2155 3623 crucis
2189 3566 2310 3636 ipso
2342 3565 2457 3621 sole
2485 3565 2645 3635 longe
2672 3564 3059 3635 fulgentiorem
3100 3564 3355 3635 figuram,
3386 3574 3549 3636 atque

1973 3660 2117 3714 inter
2144 3672 2353 3712 cornua
2384 3655 2555 3710 divini
2596 3655 2683 3712 sui
2719 3655 2998 3725 corporis,
3045 3657 3194 3726 quod
3226 3671 3326 3726 pro
3358 3665 3550 3713 nostra

1973 3750 2153 3806 salute
2184 3763 2407 3804 sumere
2452 3746 2713 3816 dignatus
2744 3752 2849 3811 est,
2892 3744 3120 3817 eﬂigiem
3163 3746 3426 3816 ostendit;
3463 3747 3549 3802 in-

1972 3842 2199 3911 ditaque
2232 3853 2396 3895 cervo
2430 3852 2565 3893 voce
2598 3836 2862 3904 humana,
2908 3836 2994 3893 his
3046 3835 3326 3892 Placidam
3363 3839 3548 3896 verbis

1972 3930 2269 4001 compellat
2310 3947 2323 3984 :
2360 3926 2503 3994 Quid
2554 3944 2641 3983 me
2699 3929 3084 3998 persequeris,
3141 3928 3406 3985 Placida?
3468 3931 3548 3987 En

1974 4023 2053 4079 tui
2083 4037 2253 4078 causa
2284 4021 2530 4086 aderam,
2575 4035 2772 4090 meque
2806 4020 2902 4075 tibi
2936 4019 3039 4076 hoc
3068 4021 3122 4074 in
3158 4022 3380 4077 animali
3412 4038 3547 4079 cou-

1974 4114 2315 4188 spiciendum
2349 4112 2575 4183 prmbui.
2604 4112 2713 4181 Ego
2741 4128 2861 4168 sum
2895 4111 3056 4169 Jesus
3080 4113 3358 4182 Christus,
3388 4130 3548 4185 quem

1974 4211 2237 4282 ignorans
2268 4206 2423 4263 colis.
2453 4203 2571 4259 Tua
2603 4218 2732 4275 erga
2763 4219 3039 4275 pauperes
3089 4204 3266 4260 officia
3313 4220 3550 4278 conspe-

1975 4303 2088 4358 etni
2156 4315 2278 4357 meo
2313 4296 2607 4370 praesentia
2669 4296 2913 4352 luerunt.
2980 4296 3350 4363 Quamobrem
3404 4299 3550 4355 istuc

1975 4394 2120 4457 veni,
2152 4400 2206 4447 ut
2259 4407 2355 4462 per
2399 4391 2547 4447 hunc
2589 4405 2810 4447 cervum
2860 4407 2945 4446 me
2998 4392 3365 4461 patefacerem
3426 4394 3548 4461 tibi,

1974 4494 2135 4556 teque
2187 4483 2435 4540 vicissim
2489 4490 2693 4538 venatu
2742 4483 3288 4554 comprehenderem,
3335 4494 3391 4541 et
3436 4488 3552 4542 cle-

1975 4578 2193 4633 mentia?
2231 4592 2365 4632 meae
2390 4576 2644 4646 indagine
2680 4575 2979 4649 eingerem.
3006 4576 3115 4632 Nec
3147 4577 3292 4633 enim
3332 4594 3547 4650 aequum

1976 4667 2163 4734 fuerit,
2201 4675 2259 4723 ut
2287 4682 2447 4738 quem
2476 4667 2544 4722 ob
2583 4676 2734 4723 recte
2769 4668 3047 4738 probeque
3081 4667 3225 4724 facta
3257 4668 3447 4741 diligo,
3503 4671 3549 4727 is

1977 4762 2322 4818 daemonibus
2356 4761 2612 4831 impuris,
2663 4760 3006 4831 mortuisque
3038 4767 3092 4815 et
3142 4759 3330 4816 surdis
3370 4762 3549 4817 simu-

1978 4853 2145 4909 lacris
2189 4853 2412 4910 serviat.
2460 4849 2671 4907 Idcirco
2716 4851 2922 4922 quippe
2952 4851 3019 4906 ad
3052 4858 3253 4915 terras,
3285 4864 3347 4908 ea
3383 4866 3547 4923 quam

1977 4944 2161 5002 cernis
2211 4944 2395 5015 specie
2443 4943 2593 5010 veni,
2635 4952 2696 4998 ut
2744 4942 2930 5013 generi
2982 4942 3267 5000 hominum
3315 4943 3549 5000 salutem

1979 5038 2252 5094 al'ferrem.
2294 5056 2315 5091 ι

1982 5130 2168 5187 Sancti
2216 5128 2421 5185 Leontii
2471 5126 2803 5200 Neapolisin
2836 5127 3011 5200 Cypro
3037 5128 3220 5200 insula
3250 5125 3550 5200 [episcopi],

2362 5214 2428 5253 ea:
2461 5196 2595 5253 libro
2626 5215 2659 5255 ν
2698 5196 2895 5252 Contra
2916 5196 3172 5253 'Juda'os.

2053 5312 2071 5345 ι
2112 5292 2358 5363 Agedum
2406 5288 2708 5360 deinceps,
2751 5303 2848 5360 age
2876 5287 2990 5358 jam
3024 5303 3182 5359 aequo
3232 5286 3419 5342 animo
3456 5302 3544 5340 ve-

1975 5383 2300 5439 nerabilium
2351 5379 2652 5449 imaginum
2706 5377 3081 5432 defensionem
3136 5375 3545 5447 aggrediamur,

1974 5484 2034 5531 ut
2067 5476 2430 5531 obstruantur
2470 5486 2566 5527 ora
2611 5470 2953 5540 loquentium
2987 5468 3205 5539 iniqua.
3249 5467 3367 5526 Non
3400 5466 3548 5522 enim

1983 5566 2269 5627 inventum
2311 5572 2560 5620 nostrum
2597 5562 2730 5618 illud
2758 5569 2863 5629 est,
2898 5561 2992 5620 sed
3020 5562 3155 5633 legis
3183 5560 3366 5632 potius
3393 5558 3553 5618 iusti-
