3986 6346
202 453 318 520 1385
1272 457 1370 517 DE
1410 459 1791 522 IMAGlNlBl

1905 451 2188 513 ORATIO
2219 451 2334 511 III.
2735 520 2743 526 ,
3293 447 3429 508 1386

257 559 364 616 Τοῦ
392 557 598 614 αὑτοῦ.
625 575 643 609 ι
670 557 782 612 Καὶ
809 558 897 612 διὰ
923 557 1080 611 τοῦτο
1114 560 1370 631 Χριστὸν,
1396 564 1492 615 καὶ
1522 564 1595 616 τά
1617 564 1754 636 Χρι-
1785 611 1791 623 ι

1935 557 2209 627 Ejusdem.
2251 573 2282 628 ι,
2306 555 2484 622 Atque
2537 566 2658 606 eam
2717 551 2789 607 ob
2840 564 3063 606 causam
3117 547 3428 615 ChriStum,

198 649 304 704 ατοῦ
335 649 518 721 πάθη,
547 649 609 702 ἐν
650 648 992 719 ἐκκλησίαις,
1028 650 1121 702 καὶ
1159 651 1349 715 οἴκοις,
1376 652 1472 705 καί¹
1506 653 1754 724 ἀγοραῖς,

1891 647 2177 718 :hristique
2232 643 2543 714 passionem
2592 643 2646 714 in
2695 642 2968 704 ecclesiis,
3005 642 3060 695 in
3089 641 3342 707 aedibus,
3375 642 3430 696 in

195 743 274 794 mi
300 742 356 794 ἐν
379 739 572 804 εἰκόσι,
613 739 710 792 καὶ
730 740 789 792 ὲν
826 739 1048 806 σινδόνι,
1083 743 1177 794 καὶ
1203 743 1260 794 ὲν
1291 743 1559 813 ταμείοις,
1585 745 1680 818 καῖ
1700 745 1758 796 ὲν

1891 740 2023 804 oris,
2075 740 2140 818 in.
2181 736 2405 812 tabulis,
2455 736 2508 789 in
2551 735 2770 798 linteis,
2828 734 2882 787 in
2931 735 3216 789 cubilibus
3265 745 3324 789 et
3375 734 3431 787 in

197 833 433 900 ἱματίοις,
466 833 562 884 καὶ
596 832 656 884 ὲν
687 831 850 882 παντὶ
880 831 1032 901 τόπῳ
1067 831 1290 884 ὲκτυπῶ
1325 833 1418 885 καὶ
1447 832 1756 903 διαγράφω,

1895 835 2134 898 estibus,
2178 842 2342 902 atque
2385 832 2440 884 in
2487 829 2638 884 omni
2670 830 2794 896 loco
2819 830 3068 898 exprimo
3093 837 3146 884 et
3177 829 3431 899 designo,

1 967 4 974 .
83 915 86 918 ’
197 926 270 976 ἵνα
296 922 558 990 διηνεκῶς
587 921 952 993 ὁρῶνταῦτα,
980 923 1516 1002 ἀναμιμνήσκωμαι,
1557 924 1650 976 καὶ
1683 926 1762 993 μὴ

1891 934 1921 979 ιι
1975 940 2070 994 per
2129 924 2447 994 continuam
2515 921 3038 989 considerationem,
3113 919 3434 975 memoriam

195 1013 548 1083 ἐπιλάθωμαι,
602 1013 795 1084 ῶσπερ
833 1017 898 1068 σὺ
944 1013 1212 1067 ἐπελάθου
1262 1015 1466 1085 Κυρίου
1502 1013 1598 1068 τοῦ
1623 1014 1760 1068 Θεοῦ

1895 1029 2051 1068 orum
2093 1012 2474 1082 perfricemus,
2512 1025 2613 1064 nec
2647 1027 2886 1080 unquam
2921 1012 3334 1076 obliviscamur,
3379 1021 3452 1076 ut.

197 1123 280 1159 σου
305 1105 408 1159 ἀεί.
447 1105 559 1158 Καὶ
585 1104 776 1178 ὥσπερ
801 1106 864 1158 σὺ
897 1105 1219 1175 προσκυνῶν
1241 1106 1301 1158 τὸ
1331 1105 1537 1175 βιϐλίον
1562 1106 1658 1159 τοῦ
1678 1106 1764 1159 νό-

1891 1121 1921 1157 ιι
1963 1119 2178 1174 semper
2230 1105 2548 1176 oblitushes
2613 1102 2979 1176 Dominiﬂei
3027 1103 3126 1158 tui.
3177 1102 3438 1168 Quinimo

200 1213 314 1266 μου,
343 1196 404 1248 ού
441 1195 543 1264 τὴν
572 1196 733 1263 φύσιν
779 1196 890 1250 τῶν
934 1197 1220 1267 δερμάτων
1270 1191 1372 1249 καὶ.¹
1405 1195 1500 1250 τοῦ
1535 1197 1764 1274 μέλανος

1891 1195 2054 1260 'elnti,
2092 1210 2216 1248 cum
2245 1195 2504 1270 volumen
2551 1195 2700 1264 legis
2743 1195 2976 1274 adoras,
3023 1209 3132 1248 non
3171 1194 3440 1250 membra-

200 1288 538 1359 προσκυνεῖς,
571 1285 709 1340 ἀλλά
735 1288 861 1350 τοὺς
894 1286 1086 1355 λόγους
1123 1286 1221 1340 τοῦ
1262 1287 1398 1340 Θεοῦ
1432 1288 1560 1349 τοὺς
1581 1275 1766 1355 ἐγκει-

1891 1303 2062 1340 larum
2093 1295 2146 1342 et
2187 1287 2479 1356 atramenti
2512 1297 2767 1354 naturam
2810 1285 3035 1350 adoras,
3064 1286 3158 1340 sed
3198 1285 3292 1338 Dei
3319 1301 3440 1340 ser-

201 1375 385 1453 μένρυς
414 1379 472 1430 ὲν
505 1377 674 1449 αὐτῷ,
713 1377 887 1436 οὕτως
918 1377 1072 1446 κάγὼ
1097 1381 1162 1448 τῇ
1194 1379 1366 1432 εἰκόνι
1398 1378 1492 1432 τοῦ
1525 1379 1766 1450 Χριστοῦ

1891 1396 2060 1436 nones
2113 1381 2206 1450 qui
2262 1381 2320 1442 in
2358 1396 2424 1436 eo
2479 1381 2672 1450 scripti
2725 1389 2890 1446 sunt;
2951 1381 3226 1436 consimili
3281 1370 3442 1433 modo

199 1467 509 1538 προσκυνῶ,
542 1469 604 1522 ού
638 1471 707 1540 τῇ
746 1467 906 1536 φύσει
931 1468 1027 1522 τοῦ
1069 1469 1226 1534 ξύλου
1257 1471 1350 1523 καὶ
1384 1470 1494 1522 τῶν
1541 1459 1768 1542 χρωμά-

1891 1470 2076 1526 lhristi
2135 1471 2429 1541 imaginem
2485 1469 2679 1536 adoro,
2736 1484 3082 1539 nequaquam
3115 1484 3262 1524 .vero
3311 1469 3468 1537 lignii

199 1574 330 1611 τωνο
365 1557 442 1629 μὴ
472 1558 720 1629 γένοιτοί
767 1559 884 1614 ἀλλ’
933 1559 1128 1630 ἀψύχῳ
1176 1561 1485 1630 χαρακτῆρι
1533 1553 1769 1631 Χριστοῦ

1891 1563 2192 1616 :olorumve
2227 1570 2520 1628 naturam;
2558 1561 2737 1632 absit!
2772 1560 2868 1616 sed
2905 1560 3206 1619 inanimam
3233 1559 3442 1616 Christi

201 1645 533 1718 προσκυνῶν,
564 1648 633 1702 δι’
673 1649 840 1702 αὐτοῦ
863 1689 878 1714 ,
921 1651 1084 1703 αὐτὸν
1117 1651 1352 1721 Χριστὸν
1377 1650 1519 1704 δοκῶ
1553 1653 1770 1722 κρατεῖν

1891 1650 2103 1718 iguram
2139 1649 2426 1722 adorans...
2439 1663 2539 1722 per
2584 1663 2706 1716 eam
2747 1648 2885 1712 mihi
2933 1647 3126 1710 videor
3152 1646 3448 1717 ipsummet

200 1739 286 1792 καὶ
305 1742 651 1810 προσκυνεῖν.
676 1741 786 1794 Καὶ
813 1740 1003 1812 ὥσπερ
1044 1741 1240 1796 Ἰακὼϐ
1284 1741 1578 1812 δεξάμενος
1623 1741 1773 1812 παρά

1893 1741 2155 1795 Zhristum
2210 1738 2500 1806 complecti
2553 1749 2602 1802 et
2644 1737 2918 1806 adorare.”
2946 1741 3016 1790 At
3063 1737 3204 1792 sicut
3251 1735 3445 1799 Jacob,

199 1831 300 1886 τῶν
337 1832 584 1902 ἀδελφῶν
623 1831 719 1885 τοῦ
785 1832 984 1903 Ἰωσὴφ
1013 1833 1105 1884 τὸν
1135 1831 1338 1902 χιτῶνα
1382 1831 1472 1886 τὸν
1525 1831 1769 1884 ποικίλον

1891 1845 1999 1882 :nm
2033 1845 2064 1881 a
2097 1827 2319 1897 Iosephi
2363 1828 2629 1888 fratribus
2679 1829 2770 1897 qui
2825 1829 3007 1896 ipsum
3060 1827 3443 1891 vendiderant,

201 1921 530 1992 ᾑμαγμένον,
565 1924 656 1977 ὅτε
689 1902 1006 1994 ἐπίπρασαν
1027 1923 1119 1977 τὸν
1149 1907 1352 1996 «Ἰωσὴφ
1375 1961 1389 1986 ,
1438 1921 1768 1990 κατεφίλησε

1891 1922 2079 1974 variam
2114 1919 2360 1988 ejusdem
2393 1919 2642 1974 tunicmn
2675 1918 2944 1990 sanguine
2976 1927 3262 1976 cruentam
3295 1933 3448 1972 recc-

202 2009 407 2073 πάντως
449 2014 541 2064 τὸν
583 2011 788 2082 χιτῶνα
818 2013 956 2084 μετά
987 2013 1262 2084 δακρύων,
1306 2013 1400 2066 καὶ
1428 2014 1538 2074 τοῖς
1569 2011 1770 2081 ὀφθαλ-

1891 2013 2064 2071 )isset,
2093 2010 2237 2064 hanc
2270 2026 2394 2064 cum
2437 2010 2700 2082 lacrymis
2729 2010 3101 2076 deosculatus,
3133 2008 3449 2064 oculissuis
3481 2061 3488 2072 ,

201 2100 313 2167 μοῖς
338 2103 450 2163 τοῖς
479 2100 628 2163 ίδίοις
653 2101 844 2154 τοῦτον
866 2102 1083 2172 ἔθηκεν,
1113 2103 1172 2155 ού
1194 2101 1255 2154 τὸ
1287 2101 1504 2172 ἱμάτιον
1532 2098 1772 2179 θρηνῶν,

1891 2104 2168 2173 Ipposuit;
2226 2117 2336 2156 non
2391 2085 2550 2173 quasi
2602 2101 2844 2155 tunicam
2901 2100 2993 2156 ille
3048 2099 3294 2164 deﬁeret,
3353 2097 3452 2155 sed

198 2188 328 2243 ἀλλά
357 2191 426 2242 δι’
452 2179 621 2243 αὑτοῦ
664 2191 756 2244 τὸν
807 2192 1005 2262 Ἰωσὴφ
1035 2192 1273 2262 νομίζων
1305 2191 1648 2260 καταφιλεῖν,
1679 2191 1774 2243 καὶ

1891 2196 2019 2263 ιιιοό
2049 2209 2142 2264 per
2172 2210 2292 2248 eam
2322 2191 2624 2264 Josephum
2661 2193 2836 2260 ipsum
2882 2193 3152 2256 osculari,
3183 2201 3240 2247 et
3275 2191 3457 2245 mani-

197 2281 254 2334 ἐν
279 2282 465 2350 χερσὶν
495 2280 656 2333 αὐτὸν
679 2281 954 2350 κατέχειν·
976 2282 1120 2335 οὕτω
1148 2284 1241 2335 καὶ
1271 2282 1614 2352 Χριστιανῶν
1643 2284 1772 2332 παῖ-

196 2371 282 2433 δες
342 2370 530 2423 εἰκόνα
558 2369 822 2440 Χριστοῦ,
848 2370 881 2440 ἢ
905 2372 1226 2436 ἀποστόλου,
1251 2373 1284 2442 ἦ
1313 2372 1588 2442 μάρτυρος
1642 2387 1776 2424 κατι

196 2460 564 2533 ασπαζόμενω
583 2463 649 2532 τῇ
681 2463 941 2533 caram
959 2461 1106 2533 ψυχῇ
1127 2462 1423 2532 νομίζομεν
1447 2461 1611 2516 αὐτὸν
1636 2463 1778 2514 ἐκεί-

196 2478 564 2603 denegans?
583 2478 628 2532 τι

195 2565 283 2605 νον
319 2551 411 2603 τὸν
540 2567 628 2622 pro;

198 2637 414 2698 σθαι....
432 2641 523 2705 Ὠς
542 2658 608 2710 γο

194 2729 286 2785 ἐπὶ
311 2731 512 2794 παντὸς
532 2729 851 2804 ἀσπασμὸῦῖ
866 2735 963 2787 καὶ
987 2733 1082 2786 ἐπὶ
1111 2733 1296 2803 πάσης
1326 2733 1776 2803 προσκυνήσεως,

193 2823 260 2877 Ei
283 2823 342 2876 δὲ
377 2823 502 2893 ἐμοὶ
543 2823 818 2892 ἐγκαλεῖς,
867 2825 1063 2894 λέγων,
1096 2825 1178 2900 ὅτι
1209 2825 1504 2899 προσκυνῶ
1529 2825 1609 2896 τῷ
1639 2823 1781 2895 ξύλῳ

191 2913 290 2968 τοῦ
324 2912 582 2984 σταυροῦ,
617 2913 706 2968 διὰ
737 2916 792 2967 τί
835 2916 936 2969 οὐκ
959 2916 1208 2984 ἐγκαλεῖς
1247 2917 1324 2987 τῷ
1366 2915 1584 2981 Ἰακὼϐ,
1621 2933 1783 2987 προσ-

195 3008 491 3078 κυνήσαντι
541 3009 635 3059 ἐπὶ
689 3005 751 3059 τὺ
787 3007 960 3079 ἀκρον
1007 3009 1108 3077 τῆς
1161 3007 1360 3079 ῥάϐδου
1405 3007 1500 3061 τοῦ
1541 3007 1781 3078 Ἰωσήφ;

212 3096 374 3151 una.
404 3095 691 3168 πρόδηλον,
723 3098 804 3151 ὅτι
844 3098 907 3150 ού
944 3096 1006 3150 τὸ
1035 3097 1191 3164 ξύλον
1227 3097 1404 3169 τιμῶν
1436 3098 1783 3169 προσεκύνη-

197 3204 319 3256 σεν,
350 3187 487 3244 ἀλλά
519 3184 608 3242 διά
639 3187 734 3241 τοῦ
786 3187 945 3254 ξύλου
977 3189 1055 3260 τῷ
1114 3189 1314 3260 Ἰωσὴφ
1347 3189 1780 3260 προσεκύνησεν,

195 3281 394 3352 ὥσπερ
432 3284 526 3337 καὶ
559 3285 723 3353 ἡμεῖς
752 3281 840 3335 διὰ
863 3281 958 3335 τοῦ
993 3282 1228 3354 σταυροῦ
1257 3282 1336 3352 τῷ
1361 3281 1604 3352 Χριστῷ.
1625 3283 1784 3336 Ἐπεὶ

195 3372 296 3425 καὶ
333 3371 583 3443 Ἀϐραὰμ
606 3373 716 3433 τοῖς
755 3370 1072 3441 πωλήσασιν
1103 3370 1253 3441 αὐτῷ
1273 3372 1364 3425 τὸν
1387 3371 1558 3439 τάφον
1582 3369 1784 3441 ἀνδρά-

583 2463 649 2532 τῇ
681 2477 784 2532 σαρ
908 2463 941 2533 ἦ

564 2463 950 2692 mea

564 2659 608 2692 νο
920 2660 950 2692 ιι

992 2551 1249 2624 μάρτυρα
1315 2551 1480 2605 αὑτοῦ
1535 2550 1779 2615 ἀσπάζε-

193 3479 288 3516 σιν
312 3464 534 3519 ἀσεϐέσι
561 3464 964 3535 προσεκύνησε,
1005 3464 1100 3518 καὶ
1129 3463 1260 3530 γόνυ
1287 3461 1534 3532 ἔκαμψεν
1567 3461 1659 3514 ἐπὶ
1685 3465 1785 3529 τὴν
1819 3519 1824 3524 ,

192 3554 332 3625 γῆν,
380 3555 494 3608 ἀλλ’
521 3555 618 3625 οὐχ
651 3556 728 3619 ὼς
769 3556 926 3617 θεοὺς
979 3555 1178 3616 αὐτοὺς
1225 3553 1628 3623 προσεκύνησε.
1677 3553 1788 3604 Καὶ

194 3644 388 3711 πάλιν,
431 3647 460 3697 ό
514 3643 708 3698 Ἰακὼϐ
749 3645 842 3697 τὸν
887 3634 1086 3713 Φαραὼ
1113 3627 1456 3712 ηὐλόγησεν,
1485 3641 1659 3710 ἀσεϐῆ
1693 3629 1796 3694 καῖ

193 3735 598 3806 είδωλολάτρην
637 3734 784 3801 ὄντα,
820 3735 1028 3788 καὶτὸν
1074 3733 1245 3787 Ἡσαῦ
1275 3732 1526 3797 ἑπτάκις,
1552 3733 1668 3786 ἀλλ’
1691 3732 1788 3802 οὐχ

190 3827 280 3892 ὡς
303 3827 458 3882 Θεόν.
494 3827 818 3893 ἰδὲπόσους
846 3827 1174 3896 ἀσπασμοὺς
1202 3825 1299 3879 καὶ
1343 3825 1516 3888 πόσας
1547 3841 1786 3895 προσκυ-

191 3919 392 3990 νήσεις
431 3917 688 3982 ἀπέδειξά
725 3923 846 3976 σοι.
879 3918 1156 3988 γραφικάς
1199 3915 1681 3984 τεκαὶ-φυσικάς,
1711 3915 1788 3984 μὴ

63 4008 435 4082 πασχούσας
469 4009 842 4080 κατάγνωσιν;
885 4010 986 4079 ἐμὲ
1009 4009 1065 4061 δὲ
1098 3999 1246 4061 ἐπὰν
1271 4008 1388 4078 ἴδῃς
1428 4007 1615 4059 εἰκόνα
1651 4007 1790 4076 Χρι-

196 4098 360 4162 στοῦ,
389 4098 422 4169 ἢ
453 4101 553 4170 τῆς
587 4099 864 4169 πανάγνου
893 4097 1058 4153 αὑτοῦ
1089 4097 1331 4168 Μητρὸς,
1363 4095 1398 4168 ἢ
1425 4096 1582 4165 ἁγίου
1617 4112 1790 4167 προσ-

192 4189 500 4271 κυνοῦντα,
533 4191 862 4259 ἀγανακτεῖς
905 4187 1129 4256 εὐθέως,
1162 4190 1256 4243 καὶ
1297 4188 1662 4259 βλασφημεῖς,
1697 4188 1791 4242 καὶ

193 4281 516 4352 ἁποπηδᾷς,
544 4282 640 4336 καὶ
672 4281 1070 4353 εἰδωλολάτρην
1115 4297 1183 4350 με
1213 4280 1530 4346 ἀποκαλεῖς,
1553 4279 1649 4334 καὶ
1693 4281 1792 4333 οὐκ

192 4374 473 4454 αἰσχύνῃς
500 4375 595 4428 καὶ
631 4375 895 4446 φρίττεις,
941 4375 1040 4428 καὶ
1080 4373 1364 4445 ἐρυθριᾷς,
1387 4373 1532 4444 ὁρῶν
1562 4389 1630 4444 με
1667 4371 1804 4446 καθ’.

197 4463 451 4532 ἑκάστην
477 4461 689 4533 ἡμέραν
710 4463 766 4516 ὲν
788 4462 938 4535 πάσῃ
960 4464 1026 4533 τῇ
1049 4463 1198 4515 οίκου
1207 4462 1345 4533 μένῃ
1369 4462 1532 4524 ναοὺς
1560 4460 1794 4514 εἰδώλων

1875 2287 1978 2340 bus
2005 2284 2308 2362 complecti.
2332 2283 2436 2338 sibi
2480 2282 2758 2336 videretur
2789 2283 2831 2312 ⁵⁷
2871 2300 2886 2336 :
2922 2283 3005 2338 sic
3052 2292 3108 2338 et
3157 2298 3258 2339 nos
3287 2281 3452 2336 Chri-

1877 2375 2043 2432 stiani
2083 2375 2376 2444 imaginem
2418 2373 2652 2442 apostoli
2697 2373 3028 2443 martyrisve
3063 2375 3273 2430 carnali
3301 2390 3455 2430 more

1877 2483 1998 2520 com
2009 2467 2336 2536 plectentes,
2359 2464 2546 2519 animo
2569 2471 2886 2533 reputamus
2917 2481 3038 2529 nos,
3060 2464 3144 2519 vel
3171 2464 3454 2522 Christum

1879 2558 2095 2626 ipsum,
2143 2556 2229 2610 vel
2285 2563 2575 2625 martyrem
2624 2555 2746 2624 ejus
2796 2554 3188 2623 amplexari....
3253 2555 3459 2621 Quaru-

920 2631 967 2706 ἴς
988 2638 1164 2707 εἷπον,
1187 2643 1214 2694 ό
1243 2631 1444 2706 σκοπὸς
1466 2642 1778 2707 ἐξετάζεται

1891 2649 2090 2711 ιιιιειιι,
2113 2656 2172 2701 ιιι
2202 2647 2402 2716 saepius
2438 2645 2573 2710 dixi,
2611 2645 2662 2699 in
2693 2646 2840 2699 omni
2875 2645 3204 2708 salutatione
3225 2647 3308 2701 vel
3334 2646 3466 2704 ado-_

1880 2736 2093 2790 ratione
2121 2735 2453 2806 disquiritur
2489 2736 2740 2790 intentio.
2770 2735 2927 2801 Quod
2959 2736 3004 2791 si
3035 2737 3166 2808 mihi
3199 2735 3460 2790 crimina—
3497 2793 3504 2798 _

1883 2829 1980 2895 ris,
2009 2830 2167 2899 quasi
2199 2829 2387 2883 crucis
2421 2827 2647 2898 lignum,
2675 2844 2772 2882 ceu
2805 2828 2972 2882 Deum
3006 2827 3264 2895 adorem;
3287 2843 3460 2898 quare

1884 2936 1995 2976 non
2034 2920 2162 2975 item
2194 2918 2366 2975 Jacob
2389 2935 2640 2984 accusas,
2671 2920 2767 2988 qui
2801 2920 2964 2992 virgae
2982 2917 3205 2990 Iosephi
3232 2918 3460 2982 sumtni-
3493 2975 3496 2980 ,

1884 3020 2050 3068 tatem
2075 3011 2328 3066 adoravit
2349 3011 2432 3086 ⁵⁸2
2451 3009 2520 3063 At
2549 3009 2903 3064 manifestum
2934 3019 3017 3064 est
3045 3025 3168 3064 eum
3190 3025 3302 3064 non
3327 3009 3457 3080 ligni

1884 3103 2190 3161 honorandi
2225 3117 2392 3158 causa
2431 3102 2812 3156 adorationem
2829 3101 3166 3178 exhibuisse
3187 3141 3202 3166 ,
3234 3099 3331 3154 sed
3359 3115 3459 3170 po-

1884 3200 1995 3255 tius
2019 3212 2118 3268 per
2147 3197 2419 3251 honorem
2457 3193 2604 3264 ligno
2650 3195 2978 3262 praestitum,
3016 3192 3282 3263 adorasse
3311 3189 3462 3246 Jose-

1885 3291 2077 3360 phum,
2131 3283 2294 3358 375
2329 3285 2474 3340 sicut
2518 3284 2575 3338 in
2612 3298 2778 3338 cruce
2807 3282 3092 3339 Christum
3142 3283 3486 3348 adoramus.
3519 3325 3524 3340 ;

1886 3380 2092 3435 Eodem
2131 3381 2294 3448 plane
2321 3375 2492 3444 modo
2516 3389 2629 3443 quo
2663 3374 2942 3429 Abraham
2984 3373 3233 3428 homines
3265 3373 3464 3443 impios

1887 3489 1916 3524 a
1949 3471 2147 3541 quibus
2174 3469 2490 3536 sepulcrum
2520 3466 2887 3528 mercabatur,
2913 3463 3148 3534 genibus
3173 3463 3226 3516 in
3255 3471 3462 3517 terram

1888 3557 2147 3614 demissis
2180 3557 2456 3620 adoravit,
2495 3569 2842 3625 nequaquam
2888 3562 3072 3608 tamen
3123 3553 3203 3608 uti
3236 3554 3368 3608 deos
3395 3554 3461 3608 δ’.

1888 3647 1969 3701 Ad
1997 3648 2132 3712 haec,
2175 3645 2346 3700 Jacob
2387 3643 2694 3707 Pharaoni,
2721 3642 2891 3720 impio
2923 3641 3049 3714 licet
3077 3641 3494 3710 idolorumque,

1889 3739 2112 3803 cultori,
2142 3736 2425 3793 benedixit
2449 3736 2514 3802 ⁶⁰,
2541 3745 2703 3803 atque
2732 3735 2936 3802 septies
2965 3735 3108 3789 Esau
3137 3734 3206 3799 ⁶¹,
3229 3731 3326 3788 sed
3355 3747 3464 3786 non

1893 3831 1970 3887 uti
2013 3830 2208 3894 Deum,
2243 3807 2512 3884 adoravit.
2545 3824 2704 3892 Vide,
2747 3834 2884 3896 quot
2928 3825 3027 3880 tibi
3077 3825 3736 3906 salutationem-qrurive;

1891 3933 2133 3995 quotque
2171 3920 2548 3984 adorationes,
2583 3927 2695 3995 tum
2725 3919 2800 3995 in
2831 3916 3136 3994 Scripturis
3181 3916 3466 3990 probatas.

1892 3993 2006 4070 tum
2041 3993 2350 4076 naturales,
2384 4009 2520 4064 nulli
2567 3993 2800 4079 prorsus
2845 3993 3259 4077 reprehensioni
3291 4007 3468 4062 obno-

1891 4091 2011 4162 xias
2038 4085 2382 4176 protulerim.
2414 4098 2497 4154 Tu
2539 4114 2692 4164 vero,
2727 4115 2852 4152 cum
2885 4097 3113 4161 Christi,
3150 4105 3246 4152 aut
3270 4097 3469 4152 castis—

1893 4199 2047 4255 simae
2079 4195 2270 4250 Matris
2297 4193 2469 4258 illius,
2513 4201 2607 4246 aut
2643 4191 2823 4246 sancti
2856 4190 3146 4259 cujusdam
3175 4189 3466 4258 imaginem

1893 4305 1996 4345 nos
2021 4287 2176 4343 vides
2204 4285 2457 4348 adorare,
2493 4282 2789 4338 confestim
2844 4280 3299 4351 indignabundus
3330 4279 3385 4334 id
3409 4281 3465 4336 in

1894 4384 2103 4438 crimen
2137 4377 2306 4434 vertis
2327 4419 2343 4444 ,
2372 4373 2717 4446 aufugisque,
2747 4380 2803 4428 et
2850 4387 2935 4426 me
2970 4364 3312 4424 idololatram
3366 4383 3469 4422 no-

1895 4471 2095 4526 minas.
2129 4466 2250 4522 Non
2276 4475 2329 4522 te
2361 4463 2563 4535 pudet?
2599 4479 2709 4517 non
2754 4459 3166 4532 perhorrescis“!
3211 4471 3322 4512 non
3373 4471 3470 4511 ru-

197 4553 571 4620 καταλύοντα,
601 4554 698 4608 καὶ
720 4555 881 4618 ναοὺς
911 4556 1202 4626 μαρτύρων
1223 4553 1608 4624 ἀνεγείροντα;
1641 4537 1791 4632 Είτά

1898 4562 2031 4617 bore
2062 4557 2416 4620 suﬂ‘underis,
2447 4554 2664 4626 quando
2698 4568 2784 4608 me
2820 4552 2970 4606 vides
3000 4550 3055 4604 in
3089 4549 3348 4604 universo
3377 4563 3472 4603 or-

195 4645 412 4700 εῖδωλα
436 4644 828 4716 προσεκύνουν,
858 4645 1003 4698 διατι
1033 4647 1160 4708 τοὺς
1182 4645 1469 4715 μάρτυρας
1492 4643 1641 4714 τιμῶ
1667 4645 1796 4706 τοὺς

199 4733 632 4799 καταλύσαντας
659 4733 730 4788 τὰ
756 4733 984 4800 εῖδωλα;
1017 4735 1067 4786 εί
1095 4733 1154 4786 δὲ
1182 4732 1250 4786 τά
1279 4731 1432 4799 ξύλα,
1465 4731 1542 4795 ὡς
1566 4732 1691 4802 φὴς,
1715 4732 1803 4784 δο-

195 4824 388 4894 ξάζω,
415 4827 533 4891 πῶς
558 4825 704 4898 τιμῷ
728 4827 857 4889 τοὺς
881 4825 1092 4896 ἁγίους,
1123 4827 1248 4890 τοὺς
1295 4826 1366 4879 τὰ
1409 4823 1596 4890 ξύλινα
1633 4824 1799 4890 ξόανα

193 4915 328 4971 τῶν
348 4915 619 4986 δαιμόνων
648 4916 1136 4982 κατακαύσαντας
1165 4915 1228 4968 Ei
1257 4914 1320 4992 ,δὲ
1346 4915 1442 4968 καὶ
1459 4915 1588 4978 τοὺς
1620 4914 1801 4976 λίθους

191 5005 448 5072 δοξάζω,
481 5005 598 5068 πῶς
617 5005 827 5073 δοξάζω
849 5007 978 5070 τοὺς
999 5005 1348 5068 ἀποστόλους,
1385 5007 1510 5067 τοὺς
1535 5007 1604 5059 τὰ
1625 5005 1803 5058 λίθινα

193 5097 413 5150 εῖδωλα
437 5097 918 5162 κατακλάσαντας;
947 5098 1008 5149 Εἰ
1029 5097 1124 5160 τὰς
1155 5096 1372 5158 εἰκόνας
1395 5096 1502 5148 τῶν
1524 5097 1804 5165 ψευδωνύ-

198 5205 343 5260 μων
365 5187 504 5241 θεῶν
533 5188 697 5251 σέϐω,
739 5188 858 5252 πῶς
886 5188 1132 5256 δοξάζω,
1158 5189 1251 5243 καὶ
1284 5187 1512 5251 ἐπαινῶ,
1565 5189 1659 5241 καὶ
1686 5189 1802 5256 ἐορ-

191 5279 322 5342 τάς
375 5280 609 5333 ὲπιτελῶ
653 5281 762 5334 τῶν
811 5280 1036 5342 παιδῶν,
1076 5280 1184 5333 τῶν
1215 5279 1273 5332 ὲν
1306 5277 1583 5333 Βαϐυλῶνι
1635 5278 1803 5349 ἀθλη-

197 5369 458 5436 σάντων,
483 5373 577 5426 καὶ
600 5375 666 5442 τῇ
695 5372 866 5425 εἰκόνι
894 5374 960 5442 τῇ
981 5373 1156 5443 χρυσῇ
1179 5370 1254 5442 μὴ
1282 5359 1799 5442 προσκυνησάντων,

192 5463 292 5533 τῇ
325 5463 612 5534 είδωλικῇ;
647 5462 788 5516 Ἀλλ’
821 5463 990 5526 ὅντως
1037 5462 1205 5532 πολλὴ
1242 5462 1352 5516 τῶν
1373 5463 1591 5532 ἀνόμων
1623 5466 1654 5532 ἡ

55 5621 60 5624 ,
87 5613 96 5622 ε
131 5601 162 5614 ,.
196 5573 418 5632 ρῳσις,
449 5557 618 5630 πολλὴ
639 5555 933 5628 τύφλωσις.
967 5552 1039 5608 Ὦ
1082 5557 1330 5623 Ἰουδαῖε,
1373 5556 1543 5628 πολλὴ
1571 5561 1604 5624 ὴ
1645 5554 1800 5610 ἀναί-

347 5735 392 5768 ⁵⁷
423 5733 561 5789 Gen.
598 5748 814 5802 xxxvn,
857 5732 926 5786 52
958 5707 1114 5802 seqq.

189 5804 260 5838 ⁵⁸
299 5801 434 5860 Gen.
462 5819 657 5868 xum,
691 5805 744 5857 5.
820 5803 864 5834 ⁸³
885 5802 1019 5856 Dan.
1041 5801 1136 5866 ιιι,
1169 5801 1195 5855 1
1225 5817 1380 5871 seqq.

549 5897 821 5955 Ρλτιιοι..
853 5897 972 5953 (in.
1016 5894 1212 5952 XCIV.

1210 5731 1256 5763 "
1292 5729 1430 5787 Gen.
1488 5747 1680 5794 sum,
1726 5727 1823 5794 15;
1867 5725 2032 5782 llebr.
2075 5740 2150 5790 ιι,
2197 5723 2288 5779 2i.

1896 4655 1965 4710 be
2037 4651 2307 4706 idolorum
2375 4647 2603 4702 delubra
2663 4645 3094 4710 demolientem,
3162 4643 3476 4714 templaque

1898 4747 2205 4810 martyrum
2268 4735 2464 4789 honori
2528 4729 2944 4788 exstruentem?
3008 4731 3156 4801 quod
3215 4731 3263 4786 si
3324 4729 3474 4785 idola

1898 4829 2087 4891 adoro,
2119 4824 2249 4896 quid
2279 4833 2364 4879 est
2409 4839 2509 4878 cur
2553 4829 2824 4892 martyres
2858 4819 3131 4874 idolorum
3182 4832 3475 4873 eversores

1899 4915 2204 4973 honorem?
2231 4913 2378 4984 quod
2431 4913 2479 4968 si
2506 4911 2692 4982 lignis,
2731 4911 2811 4964 uti
2844 4907 2994 4980 loqui
3033 4924 3208 4974 amas,
3242 4909 3476 4979 gloriam

1902 5005 2088 5061 defero
2115 5020 2130 5070 ;
2161 5003 2256 5074 qui
2287 5003 2366 5066 Iit,
2413 5011 2472 5056 ut
2503 5001 2710 5055 honore
2742 4998 2994 5054 homines
3027 5009 3252 5054 sanctos
3279 5013 3476 5069 prose-

1901 5113 2060 5167 quar,
2084 5095 2177 5166 qui
2204 5095 2410 5164 ligneas
2435 5093 2744 5147 daemonum
2775 5103 2987 5146 statuas
3015 5087 3479 5146 combusserunt?

1905 5189 2010 5244 Sed
2056 5188 2102 5242 si
2143 5187 2352 5256 lapides
2400 5185 2649 5251 celebro;
2696 5199 2798 5238 cur
2840 5183 3123 5254 apostolos
3179 5183 3350 5254 ipsos,
3379 5182 3477 5254 qui

1903 5276 2116 5348 lapidea
2172 5277 2465 5342 simulacra
2521 5275 3007 5340 comminuerunt,
3067 5275 3422 5336 celebravere
3454 5275 3494 5337 ἲ,

1905 5369 2050 5440 quod
2073 5369 2116 5423 si
2145 5367 2363 5422 tandem
2387 5367 2652 5422 falsorum
2674 5365 2903 5420 deorum
2924 5380 3158 5420 veneror
3175 5367 3478 5437 imagines;

1908 5475 2076 5529 quare
2110 5459 2278 5528 igitur
2339 5462 2501 5516 trium
2577 5471 2878 5528 puerorum
2903 5456 2970 5520 ⁸³,
2990 5449 3142 5532 quia,
3161 5472 3230 5510 ne
3257 5470 3478 5510 auream

1910 5553 2042 5607 idoli
2071 5551 2362 5622 imaginem
2393 5549 2710 5614 adorarent,
2728 5547 3004 5619 Babylone
3031 5547 3478 5612 decertaverunt,

2385 5725 2431 5758 ”
2465 5723 2602 5781 Gen.
2638 5739 2795 5786 mn,
2827 5722 2877 5776 7.
2979 5722 3024 5754 ‘°
3053 5721 3190 5778 Gen.
3230 5737 3398 5788 xuii,
3425 5720 3481 5774 9.

3093 5885 3169 5946 Us
