3986 6346
483 330 618 395 I387
1653 327 1712 387 S.
1753 328 2074 392 JOANNIS
2113 331 2544 393 DAMASCENI
3614 333 3771 399 1388

475 445 707 517 gloriam
771 443 1069 511 laudesque
1131 439 1392 510 praedii-.0,
1461 437 1774 513 horumque
1839 443 2046 498 nomine

2160 444 2280 500 δειὰ
2319 462 2414 497 σου
2449 445 2544 498 καὶ
2568 445 2602 515 ἡ
2631 443 2856 498 ἀσέϐεια
2877 457 2890 473 ⁸
2931 442 3151 516 ἀληθῶς
3200 442 3470 498 ἀδικεῖται
3517 444 3630 499 ὑπὸ
3663 463 3772 499 σου

475 541 595 594 dies
645 537 814 594 festos
857 535 1002 607 ago?
1033 533 1236 590 Verum
1287 533 1456 587 nimia
1503 535 1666 604 plane
1691 535 2046 593 scelestorum

2154 536 2186 605 ἡ
2221 535 2466 606 ἀλήθεια.
2490 554 2508 586 ι
2544 535 2795 600 Ἀνάστα,
2829 535 2858 587 ό
2879 533 3030 599 Θεὸς,
3063 532 3284 586 δίκασον
3310 533 3408 604 τὴν
3428 532 3588 604 δίκην
3617 549 3726 586 σου
3746 549 3767 567 ο

475 629 784 684 οδοαιοοιίο
823 637 930 691 est,
985 627 1152 681 nimia
1203 625 1444 681 czecitas.
1493 624 1693 698 Magna
1733 642 1986 698 prorsus,
2023 642 2046 682 ο

2154 627 2337 694 κρῖνον
2367 627 2464 680 καὶ
2495 627 2715 680 δίκασον
2763 627 2896 696 ἡμῖν
2923 625 2984 690 ἐξ
3037 624 3224 688 ἔθνους
3271 624 3372 695 οὑχ
3421 625 3602 688 ὁσίου,
3633 619 3768 678 ἀλλ’

473 720 682 783 Iudaee,
714 720 1055 791 impudentia
1089 728 1204 772 tua.
1238 715 1490 773 Profecto
1506 718 1606 774 abs
1637 727 1691 775 te
1712 720 1916 775 veritas
1946 719 2046 774 ini-

2154 717 2374 771 ἀνοσίου
2398 719 2492 771 καὶ
2521 717 2826 789 ἀλλοτρίου,
2852 717 2950 772 καὶ
2981 715 3382 788 παροξύνοντος
3409 731 3470 767 σε
3494 713 3588 768 διὰ
3611 732 3770 768 παν-

471 829 578 880 qne
608 813 897 882 premitur.
920 831 938 862 ι
961 811 1230 881 Exsurge,
1249 807 1418 872 Deus,
1436 809 1625 879 judica
1641 825 1866 866 causam
1886 820 2055 865 luam.
2155 808 2270 872 τός.
2310 825 2331 861 ι

471 904 684 969 Indica,
717 914 771 961 et
800 905 1059 962 discerne
1098 919 1324 962 causam
1357 912 1603 960 nostram
1638 905 1704 960 de
1739 912 1902 975 gente
1930 917 2042 959 non
2080 909 2295 969 sancta,
2335 901 2405 958 ab
2433 901 2622 973 iniqua
2653 909 2709 958 et
2740 901 2949 964 aliena,
2976 913 3100 972 quae
3155 905 3210 954 te
3275 895 3346 954 ad
3405 898 3765 954 iracundiam

475 1004 756 1066 provocat.
793 1014 812 1047 ι

546 1087 823 1158 Ejusdem.
857 1106 880 1140 ι
913 1086 972 1142 Si
998 1103 1154 1158 ergo.
1185 1094 1244 1141 ut
1272 1101 1420 1157 saepe
1456 1084 1594 1150 dixi,
1643 1085 1852 1156 lignum
1906 1084 2048 1154 lapi-

468 1176 707 1247 demque
731 1176 1045 1241 adorarem,
1083 1175 1253 1246 lapidi
1281 1175 1472 1245 utique
1496 1183 1552 1230 et
1582 1174 1734 1246 ligno
1766 1173 2008 1230 dicerem
2033 1191 2046 1229 :

472 1265 551 1320 Tu
582 1282 663 1320 me
691 1266 921 1336 genuisti
955 1267 1022 1321 “.
1066 1265 1166 1321 Sin
1197 1275 1381 1322 autem
1423 1273 1746 1322 sanctorum
1777 1265 2050 1336 imagines

469 1360 662 1425 adoro,
695 1360 805 1414 imo
837 1373 966 1416 vero
1013 1359 1062 1415 si
1105 1367 1332 1415 sanctos
1388 1357 1562 1430 ipsos,
1617 1364 2050 1428 sanctorumque

465 1450 772 1506 certamina
814 1466 1044 1507 veneror
1090 1459 1145 1506 et
1177 1450 1326 1514 colo,
1375 1450 1656 1522 quomodo
1711 1459 1790 1515 tu,
1832 1451 2047 1516 insane,

471 1544 585 1598 haec
614 1543 758 1599 idola
791 1545 998 1600 vocas?
1024 1543 1175 1599 idola
1201 1543 1406 1614 quippe
1427 1543 1824 1599 similitudines
1843 1542 2053 1597 fuerint

465 1651 680 1702 eorum,
707 1635 802 1706 qui
839 1634 1097 1701 adulteri,
1144 1634 1458 1700 homicidae,
1502 1633 1740 1688 ﬁliorum
1781 1641 2051 1688 mactato-

468 1743 579 1791 res,
611 1737 666 1783 ct
691 1727 994 1783 eﬁ‘eminati
1026 1727 1286 1782 homines
1320 1727 1686 1793 exstiterunt,
1722 1741 1826 1780 non
1866 1733 2051 1780 autem
2109 1791 2112 1794 ξ

2224 1079 2336 1136 Τοῦ
2361 1079 2573 1136 αὐτοῦ.
2612 1096 2633 1131 ι
2680 1079 2744 1132 Et
2776 1077 2877 1149 μὲν
2905 1069 2998 1148 οὖν
3031 1073 3109 1139 ὡς
3148 1072 3416 1135 πολλάκις
3465 1069 3643 1139 εἷπον,
3678 1074 3762 1145 τῷ

2151 1169 2295 1241 ξύλῳ
2328 1169 2422 1224 κα)⁸
2473 1169 2554 1240 τῷ
2607 1167 2766 1238 λίθῳ,
2789 1167 2867 1231 ὡς
2919 1164 3040 1236 Θεῷ
3093 1163 3499 1236 προσεκύνουν,
3535 1160 3671 1217 εἶπα
3689 1165 3759 1218 ἂν
3803 1221 3812 1236 ι

2148 1262 2307 1332 κάγὼ
2330 1261 2410 1333 τῷ
2457 1261 2600 1332 ξύλῳ
2631 1261 2729 1314 καὶ
2769 1258 2932 1330 λίθῳ’
2970 1259 3054 1311 Σύ
3105 1273 3182 1327 με
3216 1255 3577 1325 ἐγέννησας.
3603 1257 3670 1311 Εἰ
3699 1257 3758 1309 δὲ
3801 1265 3810 1334 li

2147 1354 2247 1419 τὰς
2285 1353 2504 1418 εἰκόνας
2530 1353 2640 1407 τῶν
2683 1352 2858 1421 ἁγίων
2901 1348 3217 1422 προσκυνῶ,
3242 1349 3369 1410 τοὺς
3394 1348 3587 1416 ἁγίους
3615 1348 3759 1419 pii).-

2147 1447 2262 1513 λον,
2290 1446 2389 1502 καὶ
2419 1444 2713 1518 προσκυνῶ
2745 1445 2844 1508 τὰς
2875 1443 2984 1498 τῶν
3037 1442 3207 1511 ἁγίων
3258 1441 3554 1513 μαρτύρων
3582 1441 3759 1512 ἀθλή-

2149 1553 2266 1601 σεις
2299 1536 2397 1591 καὶ
2421 1537 2591 1606 τιμῶ,
2625 1535 2742 1600 πῶς
2763 1535 2943 1605 λέγεις
2983 1535 3182 1590 εἴδωλα
3213 1533 3422 1600 ταῦτα,
3444 1528 3488 1586 ὦ
3517 1533 3757 1605 ἁνόητες

2148 1627 2232 1681 Τὰ
2259 1626 2371 1697 γὰρ
2406 1625 2625 1692 εἴδωλα,
2658 1625 2770 1678 τῶν
2814 1625 3187 1696 ψευδωνύμων
3210 1665 3227 1692 ,
3251 1624 3361 1678 τῶν
3389 1623 3624 1696 μοιχῶν,
3657 1623 3760 1677 καὶ

2149 1718 2424 1789 φονευτῶν
2446 1759 2464 1785 ,
2518 1719 2619 1773 καὶ⁵
2669 1713 3012 1772 τεκνοθυτῶν
3032 1757 3048 1784 ,
3081 1718 3178 1771 καὶ
3232 1717 3494 1788 μαλακῶν
3549 1716 3759 1788 ὁμοιὼο

469 1820 862 1890 proplietarnm
899 1830 951 1875 et
990 1821 1397 1890 apostolorum.
1433 1821 1614 1890 Atque
1659 1827 1722 1873 ut
1763 1833 1832 1873 ex
1868 1818 2046 1888 aliqua

2154 1810 2304 1883 ματὰ
2331 1812 2460 1877 εἰσι,
2493 1811 2588 1865 καὶ
2633 1811 2696 1864 ού
2744 1810 3066 1881 προφητῶν,
3101 1809 3224 1863 οὐδὲ
3254 1809 3596 1868 ἀποστόλων.
3639 1809 3761 1862 Καὶ

465 1881 643 1982 parie,
681 1905 851 1968 brevi
913 1881 1340 1981 ccrtissimoque
1409 1881 1666 1980 exemplo
1721 1881 2046 1980 intelligas,

2155 1881 2244 1959 ίνα
2279 1903 2344 1956 ὲκ
2385 1902 2590 1974 μέρους
2609 1903 2952 1973 παραστήσω
2988 1901 3256 1973 σύντομον
3284 1901 3384 1956 καὶ
3421 1900 3759 1954 πιστότατον

465 2006 597 2076 quid
627 2005 977 2061 Christianos
1028 2005 1174 2060 inter
1221 2012 1276 2060 et
1312 2003 1546 2076 gentiles
1586 2001 1846 2074 paritatis
1881 2003 2052 2057 inter-

464 2094 648 2162 cedat,
692 2093 846 2148 audi.
892 2091 1180 2148 Habebam
1214 2092 1495 2164 Babylone
1543 2090 1791 2146 Chaldaei
1838 2091 2052 2145 musica

463 2185 646 2242 omnis
676 2184 894 2257 generis
927 2199 1157 2255 organa,
1179 2168 1392 2255 quibus.
1413 2182 1712 2238 simulacra
1735 2181 2051 2237 daemonum

465 2274 1094 2330 colebant:.babebant
1155 2283 1211 2329 et
1269 2273 1367 2328 ﬁlii
1419 2271 1591 2329 Israel
1647 2270 2052 2344 Hierosolymis

463 2374 743 2433 asportata
797 2379 1026 2434 organa,
1062 2378 1184 2434 quae
1219 2363 1274 2418 in
1311 2363 1576 2420 salicibus
1611 2364 2048 2436 suspenderunt.

465 2455 708 2526 Utraque
765 2457 1131 2511 instrumenta
1188 2465 1372 2519 erant,
1427 2455 1639 2522 nablia,
1691 2456 1942 2519 cithara,
1993 2463 2050 2511 et

461 2549 612 2603 tibiae
640 2566 653 2602 :
689 2547 788 2602 scd
822 2547 926 2603 ista
954 2547 1020 2602 ad
1051 2548 1143 2602 Dei
1175 2548 1408 2618 gloriam
1435 2565 1452 2616 ;
1492 2547 1588 2602 illa
1615 2561 1750 2603 vero
1781 2547 2047 2603 similitu-

460 2639 608 2694 dinis
636 2639 832 2694 horum
855 2639 1075 2706 aemula,
1108 2641 1176 2695 ad
1209 2643 1516 2695 daemonum
1555 2639 1768 2695 cultum
1795 2639 2045 2710 pertine-

461 2733 617 2788 bant.
644 2733 791 2788 ldem
815 2731 929 2803 jam
969 2733 1269 2788 discrimen
1301 2734 1446 2788 inter
1475 2731 1746 2802 imagines
1770 2729 2046 2788 Christia-

459 2840 660 2880 norum
699 2834 752 2880 et
782 2824 928 2880 idola
978 2824 1269 2895 gentilium
1314 2824 1518 2895 cogita.
1563 2821 1694 2879 Haec
1742 2824 1947 2895 quippe
1977 2821 2045 2877 ad

459 2916 665 2972 diaboli
697 2915 928 2988 gloriam
955 2931 1020 2972 ac
1045 2915 1408 2983 memoriam;
1443 2915 1536 2971 illa
1561 2930 1695 2973 vero
1716 2916 1784 2971 ad
1811 2915 2043 2978 Christi,

458 3018 513 3065 ct
559 3009 939 3080 apostolorum
977 3019 1419 3079 martyrumque,
1459 3016 1514 3063 et
1547 3019 1868 3064 sanctorum
1923 3006 2042 3076 ejus

459 3100 678 3157 laudem
709 3099 980 3156 fabricata
1009 3107 1158 3182 sunt.
1201 3117 1220 3150 ι

529 3189 808 3259 Ejusdem.
843 3207 862 3240 ι
902 3187 1138 3243 Proinde
1172 3185 1396 3258 quando
1419 3185 1797 3244 Christianum
1833 3185 2043 3242 videris

2154 1994 2462 2066 ὑπόδειγμα
2499 1997 2631 2068 περὶ
2652 1993 3058 2066 Χριστιανικῶν
3078 1993 3176 2048 καὶ
3210 1992 3539 2064 Ἑλληνικῶν
3555 1995 3761 2064 ὁμοιω-

2156 2087 2346 2158 μὰτων
2368 2126 2384 2154 ,
2419 2088 2555 2143 ἁκου
2571 2105 2684 2144 σον.
2734 2082 2896 2160 Εἶχον
2942 2088 3001 2140 ὲν
3055 2086 3338 2141 Βαϐυλῶνι
3394 2087 3444 2140 oi
3488 2085 3760 2140 Χαλδαῖοι

2151 2177 2361 2250 ὄργανα
2412 2181 2646 2234 παντοῖα
2684 2177 2926 2251 μουσικὰ
2979 2178 3115 2249 πρὸς
3167 2177 3470 2251 θεραπείαν
3509 2176 3762 2232 εἰδώλων

2151 2269 2444 2341 δαιμόνων.
2468 2267 2629 2342 Εἶχον
2654 2270 2714 2324 δὲ
2745 2270 2844 2326 καὶ
2868 2271 2918 2324 οί
2945 2270 3052 2323 υίοὶ
3077 2269 3298 2342 Ἰσραὴλ
3325 2269 3436 2325 ἀπὸ
3473 2269 3756 2340 Ἰερουσα-

2150 2360 2264 2432 λὴμ
2314 2362 2525 2433 ὄργανα
2545 2402 2560 2428 ,
2587 2361 2622 2416 ἁ
2653 2363 2746 2415 ἐπὶ
2781 2364 2904 2424 ταῖς
2937 2361 3453 2434 ίτέαιςέκρέμασαχ
3474 2402 3490 2428 ,
3517 2347 3870 2434 ways";
3911 2357 3917 2380 ⁴

2152 2377 2264 2432 Αημ
2314 2377 2525 2433 οργανα
2545 2402 2560 2428 ,
2587 2377 2622 2416 α
2653 2377 2746 2415 επι
2781 2377 2904 2424 ταις
2937 2377 3076 2415 ιτεαι
3135 2377 3453 2432 εκρεμασαν
3474 2402 3490 2428 ,
3517 2377 3808 2434 και-ειμι»
3847 2377 3870 2432 ’ν

2151 2454 2358 2528 segregat
2381 2455 2613 2527 ὄργανα,
2639 2454 2735 2507 καὶ
2766 2441 2984 2522 νᾴρλει,
3004 2377 3382 2690 ᾢι
3403 2415 3548 2521 ,καὶ
3590 2434 3846 2521 αύλοὶξ’
3875 2497 3878 2500 .

2151 2545 2420 2617 ὑπῆρχον,
2440 2545 2476 2601 ἃ
2503 2546 2594 2600 ἐπὶ
2619 2549 2741 2610 ταῖς
2779 2545 2951 2609 ίτέαις
2973 2547 2998 2599 ὲ
3369 2544 3516 2598 Αλλὰ
3541 2545 3614 2599 τὰ
3651 2546 3760 2616 μὲν
3795 2563 3814 2567 ’·
3853 2561 3856 2563 ‘

2151 2637 2231 2690 είς
2261 2637 2420 2690 δόξαν
2457 2635 2595 2690 Θεοῦ
2647 2637 2919 2690 ἐγένοντο.
2950 2637 3021 2690 τὰ
3061 2637 3121 2690 δὲ
3225 2655 3254 2690 c
3297 2637 3598 2690 θεραπείαν
3637 2637 3757 2690 τῶν

2150 2545 2420 2617 ὑπῆρχον,
2440 2545 2476 2601 ἃ
2503 2546 2594 2600 ἐπὶ
2619 2549 2741 2610 ταῖς
2779 2545 2951 2609 ίτέαις
2973 2544 3516 2617 ὲΜΑλλά
3541 2545 3614 2599 τὰ
3651 2546 3760 2616 μὲν
3795 2563 3814 2567 ._
3853 2561 3856 2563 .

2147 2637 2231 2702 είς
2261 2637 2420 2703 δόξαν
2457 2635 2595 2691 Θεοῦ
2647 2637 2919 2706 ἐγένοντο,
2950 2637 3021 2691 τὰ
3061 2635 3254 2700 δὲ’ᾟς
3297 2637 3598 2708 θεραπείαν
3637 2637 3757 2692 τῶν

2148 2726 2422 2799 δαιμόνων
2445 2769 2462 2795 ,
2497 2729 2793 2806 ἁντίμιμα.
2825 2726 2985 2782 Οὕτω
3029 2727 3240 2794 λοιπὸν,
3268 2731 3365 2782 καὶ
3391 2727 3487 2782 ἐπὶ
3517 2727 3636 2783 τῶν
3673 2731 3814 2783 εί-ιε,

2147 2821 2344 2886 κόνων,
2372 2823 2468 2876 καὶ
2517 2821 2775 2889 εἰδώλων,
2819 2818 3150 2890 Ἑλληνικῶν
3202 2819 3300 2873 καὶ
3341 2819 3756 2891 Χριστιανιιοῶν

2147 2913 2260 2966 νόει
2293 2913 2377 2967 ὄτι
2414 2914 2598 2967 ἐκεῖνα
2633 2913 2734 2984 μὲν
2772 2914 2855 2976 είς
2893 2911 3054 2980 δόξαν
3097 2911 3348 2965 διαϐόλου
3389 2913 3485 2967 καὶ
3519 2913 3756 2984 μνήμην

2147 3003 2698 3076 κατεσκευάσθησαν,
2724 3004 2904 3060 ταῦτα
2933 3003 2992 3058 δὲ
3044 3005 3126 3067 είς
3169 3003 3332 3068 δόξαν
3358 3004 3620 3076 Χριστοῦ,
3649 3007 3754 3059 καὶ

2143 3094 2482 3162 ἀποστόλων,
2500 3095 2597 3149 καὶ
2629 3096 2948 3168 μαρτύρων,
2978 3097 3072 3150 καὶ
3096 3097 3269 3164 ἁγίων
3305 3095 3529 3152 αὐτοῦ.»

2226 3184 2338 3240 Τοῦ
2359 3185 2570 3241 αὐτοῦ.
2609 3203 2629 3238 ι
2662 3187 2834 3242 Ὅταν
2854 3187 3039 3242 τοίνυν
3068 3187 3186 3260 ῐδῃς
3212 3189 3546 3260 Χριστιανὸν
3570 3207 3752 3262 προσ-

458 3251 967 3346 cruccm'adorare,
1011 3280 1065 3334 id
1105 3251 1291 3335 ab'eo
1331 3277 1448 3334 ﬁeri
1499 3287 1730 3350 propter
1762 3278 2044 3334 Christum

2154 3276 2419 3333 κυνοῦντα
2447 3277 2526 3350 τῷ
2555 3278 2802 3350 σταυρῷ,
2845 3279 3038 3349 γνῶθι,
3083 3251 3169 3335 ὅτι
3218 3251 3308 3335 διὰ
3363 3251 3752 3354 Χριστὸίτὺν

458 3373 782 3430 cruciﬁxum
835 3373 1021 3436 scito,
1073 3386 1187 3426 non
1235 3381 1418 3426 autem
1479 3379 1536 3425 ut
1578 3371 1787 3442 lignum
1833 3370 2046 3426 adoret.

458 3465 676 3536 Alioqui
731 3464 990 3520 universa
1039 3463 1188 3536 ligna
1242 3463 1627 3530 adoraremus,
1677 3462 1826 3519 sicut
1873 3461 2048 3518 Israel

459 3556 614 3612 lucos
644 3565 699 3610 et
731 3556 959 3611 arbores
985 3554 1274 3620 adorabat,
1303 3561 1468 3624 atque
1497 3553 1718 3609 dicebat
1748 3573 1761 3609 :
1798 3555 1872 3608 Tu
1907 3552 2046 3608 Deus

457 3664 605 3703 meus
660 3663 753 3712 es;
802 3657 859 3700 tu
898 3663 980 3701 me
1033 3647 1263 3718 genuisti
1296 3645 1364 3701 “.
1398 3643 1512 3701 Nos
1553 3660 1683 3701 vero
1713 3659 1824 3700 non
1877 3644 2043 3713 item;

457 3741 554 3795 scd
598 3737 925 3794 memoriam
969 3739 1362 3809 picturamque
1406 3735 1708 3792 Dominicae
1743 3735 2042 3806 passionis,

455 3840 511 3886 et
537 3829 703 3900 376
729 3829 953 3884 illorum
991 3829 1084 3900 qui
1119 3843 1221 3899 pro
1251 3829 1374 3899 ipso
1419 3837 1836 3899 pugnaverunt,
1870 3825 1924 3881 in
1957 3841 2046 3883 ec-

455 3921 647 3977 clesiis
693 3936 758 3976 ac
813 3921 1069 3976 domibus
1122 3929 1412 3986 tenemus;
1467 3919 1655 3974 omnia
1691 3933 1888 3990 nempe
1914 3933 2041 3988 pro-

455 4025 580 4085 pter
608 4011 898 4068 Dominum
936 4021 1188 4070 nostrum
1225 4012 1516 4068 facientes.
1549 4010 1925 4082 Rursumque,
1954 4011 2042 4068 dic

457 4108 679 4172 amabo,
703 4105 916 4170 Judaae,
951 4121 1202 4177 quaenam
1231 4107 1510 4177 scriptura
1556 4104 1726 4176 Moysi
1765 4103 2037 4175 permisit,

455 4197 982 4256 uththrosocerum
1006 4214 1168 4255 suum
1187 4199 1455 4254 cultorem
1477 4197 1752 4252 idolorum
1773 4215 1788 4262 ;
1807 4194 2038 4262 Jacobo,

456 4276 945 4358 ut'Plia‘raonem;
981 4290 1331 4356 Abrahamo,
1373 4298 1436 4344 ut
1482 4289 1624 4344 ﬁlios
1672 4287 1897 4342 Enimor
1939 4287 2040 4343 ad-

455 4382 714 4438 orarent?
750 4396 937 4437 annon
965 4381 1044 4436 illi
1077 4381 1220 4451 justi
1252 4390 1414 4435 erant
1451 4387 1507 4434 et
1537 4378 1861 4450 prophetae?
1887 4394 2039 4450 quae-

454 4489 581 4528 nam
609 4472 841 4539 Danieli,
862 4482 922 4528 ut
942 4473 1168 4544 impium
1193 4469 1737 4526 Nabuchodonosor?
1755 4471 1831 4524 Ac
1851 4471 1896 4526 si
1920 4485 2039 4540 pro-

2151 3369 2555 3442 σταυρωθέντα,
2574 3372 2670 3426 καὶ
2693 3374 2757 3426 οὺ
2789 3375 2888 3444 τὴν
2913 3374 3078 3444 φύσιν
3102 3372 3200 3428 τοῦ
3227 3375 3390 3443 ξύλου
3419 3380 3746 3448 προσκυνεῖ.

2161 3460 2316 3514 Ἐπεὶ
2346 3462 2529 3517 πάντα
2560 3461 2628 3517 ἂν
2656 3463 2726 3518 τὰ
2745 3463 2880 3532 ξύλα
2915 3467 3370 3539 προσεκυνοῦμεν
3397 3469 3492 3522 τοῦ
3532 3470 3747 3542 ἀγροῦ,

2148 3552 2244 3607 καὶ
2264 3551 2454 3625 ὥσπερ
2477 3555 2506 3607 ό
2538 3554 2756 3627 Ἰσραὴλ
2784 3557 3111 3628 προσεκύνει
3136 3558 3206 3611 τὰ
3235 3559 3374 3632 ἁλση
3396 3561 3490 3614 καὶ
3515 3562 3591 3615 τὰ
3614 3562 3744 3616 δέν-

2145 3641 2270 3714 δρα,
2301 3643 2500 3712 λέγων’
2533 3649 2616 3701 Σύ
2631 3663 2755 3715 μου
2775 3643 2834 3702 εἴ
2855 3646 3022 3714 Θεὸς,
3053 3649 3153 3703 καί
3185 3651 3268 3704 σύ
3280 3666 3359 3721 με
3379 3651 3744 3722 ἐγέννησας.

2155 3737 2347 3809 Ἡμεῖς
2373 3737 2432 3791 δὲ
2470 3740 2570 3811 οὐχ
2595 3739 2790 3806 οὕτως,
2826 3742 2965 3797 ἀλλὰ
3007 3744 3236 3816 μνήμην
3261 3747 3357 3799 καὶ
3374 3748 3601 3818 γραφὴν
3626 3749 3746 3804 τῶν

2143 3828 2240 3883 τοῦ
2295 3831 2501 3904 Κυρίου
2559 3832 2937 3905 παθημάτων,
2969 3836 3064 3890 καὶ
3108 3836 3218 3891 τῶν
3261 3837 3332 3891 δι’
3360 3839 3526 3893 αὑτὸν
3564 3839 3744 3913 ἀθλη-

2147 3923 2376 3987 σὰντων,
2401 3925 2460 3977 ὲν
2500 3928 2622 3990 ταῖς
2651 3926 2967 3997 ἐκκλησίαις
3001 3930 3095 3982 καὶ
3127 3931 3298 3994 οῐκοις
3312 3929 3529 4002 ἔχομεν,
3559 3934 3745 3988 πάντα

2142 4014 2211 4069 δι’
2242 4013 2404 4068 αὐτὸν
2431 4016 2715 4082 ποιοῦντες
2739 4017 2834 4092 τὸν,
2860 4019 3132 4092 ἡμέτερον
3163 4021 3388 4093 Κύριον.
3413 4023 3526 4077 Καὶ
3555 4019 3742 4094 αὖθις,

2143 4106 2285 4175 εἰπὲ,
2309 4100 2356 4160 ὦ
2380 4105 2625 4174 Ἰουδαϊε,
2658 4109 2787 4164 ποία
2811 4111 3001 4182 Γραφὴ
3032 4111 3302 4184 ἐπέτρεψε
3338 4114 3533 4168 Μωσεί
3563 4133 3745 4187 προσ-

2142 4200 2377 4271 κυνῆσαι
2401 4201 2573 4272 Ῐζοθρρ
2595 4201 2675 4273 τῷ
2695 4202 2934 4276 γαμϐρῷ
2961 4204 3154 4270 αὐτοῦ,
3183 4205 3550 4280 είδωλολὰτρῃ
3578 4209 3704 4264 ὄντι
3721 4249 3740 4278 ,

2141 4292 2238 4345 καὶ
2282 4290 2476 4346 Ἰακὼϐ
2501 4293 2578 4364 τῷ
2604 4293 2832 4366 Φαραὼ,
2861 4295 2956 4350 καὶ
2997 4295 3250 4368 ’Δϐραὰμ
3275 4300 3388 4362 τοῖς
3427 4300 3563 4362 υἱοῖς
3595 4301 3742 4373 Ἐμ-

2144 4383 2297 4455 μώρ;
2330 4385 2427 4439 καὶ
2450 4385 2648 4440 ἐκεῖνοι
2685 4387 2885 4442 δίκαιοι
2934 4388 3030 4442 καὶ
3066 4389 3379 4460 προφῆται·
3415 4392 3509 4446 καὶ
3529 4395 3744 4468 Δανιὴλ

2139 4473 2218 4546 τῷ
2265 4475 2739 4551 Ναϐουχοδονόσορ
2769 4478 2958 4534 ἀσεϐεῖ
3000 4479 3148 4549 ϐντι;
3182 4482 3294 4536 Καὶ
3320 4484 3370 4537 εί
3407 4485 3607 4539 ἐκείνοι
3644 4488 3742 4542 διὰ

455 4573 578 4636 pter
597 4564 932 4619 mundanam
946 4562 1445 4634 temporariamquc
1457 4563 1620 4617 vitam
1641 4562 1744 4617 hoc
1761 4562 2034 4630 fecerunt,

2154 4565 2414 4637 κοσμικὴν
2436 4568 2535 4620 καὶ
2581 4567 2920 4640 πρόσκαιρον
2953 4568 3102 4642 ζωὴν
3137 4569 3310 4624 ταῦτα
3337 4571 3577 4641 ἐποίουν,
3609 4576 3742 4640 πῶς

453 4671 620 4712 eccur
643 4669 854 4710 mecum
885 4655 1230 4726 expostulas,
1258 4653 1404 4724 quod
1437 4654 1492 4708 in
1521 4655 1696 4712 sacris
1721 4663 2036 4711 sanctorum

454 4743 762 4812 memoriis,
798 4747 922 4826 sive
950 4761 1046 4824 per
1079 4746 1433 4826 scripturam,
1470 4746 1586 4821 sive
1617 4762 1715 4820 per
1771 4747 2042 4817 picturam

453 4839 756 4918 expressis,
798 4823 1118 4894 earumdem
1157 4823 1440 4895 cruciatus
1482 4847 1537 4894 et
1575 4839 1878 4893 certamina
1915 4838 2048 4895 ado-

455 4916 732 4998 rent—per
775 4945 898 5000 qua:
943 4929 1180 5001 singulis
1226 4927 1424 4985 diebus
1478 4928 1765 4986 beneﬁciis
1810 4945 2045 5001 augeor,

456 5031 891 5094 perpetuamque
941 5030 996 5077 et
1039 5021 1430 5092 sempiternam
1474 5021 1636 5075 vitam
1687 5021 1983 5092 exspecto?
2021 5041 2040 5075 ι

457 5114 543 5170 Ex
581 5113 828 5169 Historia
880 5113 1242 5168 ecclesiastica
1299 5110 1580 5177 Theodori,
1640 5123 1779 5166 tomo
1829 5123 2040 5184 quarto.

349 5335 360 5342 _
535 5293 554 5328 ι
595 5275 712 5331 Sub
743 5275 848 5329 hoc
868 5271 1186 5339 consulatu,
1209 5268 1298 5324 die
1326 5284 1432 5324 xxv
1457 5268 1668 5324 mensis
1695 5266 2038 5333 Decembris,

427 5367 706 5452 Eterribile
737 5367 1045 5439 ingensque
1089 5363 1420 5418 miraculum
1453 5359 1704 5434 contigit,
1737 5361 1885 5432 quod
1922 5375 2042 5417 om-

531 5501 804 5559 "Jerem.
837 5517 900 5569 ιι,
939 5500 1030 5556 27.
1108 5500 1155 5532 “
1185 5501 1318 5558 ibid.

2141 4653 2267 4724 ἐμοὶ
2300 4655 2555 4725 ἐγκαλεῖς
2603 4657 3000 4730 προσκυνοῦντι
3020 4662 3142 4723 ταῖς
3190 4662 3375 4731 ἁγίαις
3409 4663 3517 4717 τῶν
3557 4665 3742 4734 ἁγίων

2142 4749 2392 4818 μνήμαις
2417 4789 2433 4815 ,
2462 4725 2765 4823 γραφικαϊς
2826 4753 2924 4807 καὶ
2963 4725 3300 4827 ἱστορικαῖς,
3333 4725 3429 4810 καὶ
3469 4758 3541 4811 τὰ
3579 4725 3782 4826 τέὰθινΓ⁴
3805 4799 3880 4822 ,ρ
3915 4725 3917 4780 1

2139 4839 2236 4895 xci.
2269 4839 2370 4905 τὰς
2409 4841 2698 4915 ἁθλήσεις,
2731 4843 2789 4911 ἐξ
2819 4837 2895 4898 ὧν
2919 4845 3042 4900 καθ’
3070 4848 3286 4918 ἡμέραν
3309 4848 3739 4921 εὐεῃετοῦμαι,

2141 4930 2236 4985 καὶ
2273 4929 2492 4985 αἰώνιον
2521 4932 2615 4986 καὶ
2645 4933 2819 4988 ἀΐδιον
2855 4934 3000 5008 ζωὴν
3049 4937 3360 5008 ὲκδὲχοὶιαη
3398 4958 3418 4989 ι

2155 5107 2270 5177 Τῆς
2321 5109 2852 5192 οιέδικνίησιοιστικῆςΔ
2892 5112 3189 5192 Ἰᾳτοριας
3243 5111 3740 5192 Θεοδωρήτουρξδ,
3815 5091 3818 5102 Ι

2808 5183 2852 5237 δ’
2885 5183 3089 5239 τόιιου.

2808 5201 2850 5237 ο⁷
2885 5201 2953 5236 το
3033 5203 3089 5239 υ.

2227 5292 2246 5324 ι
2269 5271 2404 5326 Ὑπὸ
2423 5272 2482 5326 δὲ
2497 5275 2710 5348 ταύτην
2729 5276 2828 5346 τὴν
2855 5201 3147 5341 ﬁngi”,
3179 5279 3323 5332 κατὰ
3343 5280 3432 5332 τὸν
3458 5279 3608 5350 μῆνα
3641 5281 3742 5334 τὸν

2147 5366 2506 5438 Δεκέμϐριον,
2535 5367 2732 5440 ἔχοντα
2766 5371 2930 5424 αὑτὸν
2968 5371 3162 5427 εἰκάδα
3192 5374 3286 5426 καὶ
3316 5372 3742 5445 πέμπτὴνήμέ-

1772 5593 1860 5649 VA
1871 5593 2012 5650 RUE
2051 5591 2465 5654 LECTIONES.

529 5687 582 5731 ιι·
623 5687 794 5771 Lege;
822 5687 1125 5771 curmBillio
1153 5688 1452 5771 Θεοδώρου,
1487 5688 2075 5771 Τίιερᾴονιηῐιεοιοτξειη
2101 5693 2332 5771 scilicet.
2368 5692 2514 5771 Nam
2534 5694 2637 5771 sub
2664 5695 2959 5771 Anastasio
2984 5695 3126 5769 imp.
3146 5708 3428 5771 superstes
3467 5715 3577 5758 non
3607 5709 3736 5760 erat

357 5791 362 5804 κ
457 5757 861 5822 Theodoretus.
893 5758 1162 5831 Ejusdem
1183 5757 1428 5819 historiae
1455 5777 1578 5832 qua:
1603 5761 1692 5817 hic
1717 5760 1976 5831 refertur,
2012 5761 2376 5834 Theophanes
2405 5772 2458 5821 et
2483 5763 2684 5823 Suidas
2739 5767 3061 5824 meminere.

3831 2437 3918 2768 il
