3986 6346
63 0 84 40 i‘
123 0 413 54 'T“"'i°'7“’“
444 0 677 54 "..“’.."".
745 0 901 54 “VU.
933 0 1060 54 ‘3}??—
1115 44 1154 54 ..
1185 44 1205 54 ,κ
1239 0 1361 54 ιξ,.Ϊ,
1401 0 1417 54 “Ϊ
1479 16 1508 54 :"
1536 0 1622 54 ι’ίῗ
1697 19 1738 54 ’μ

65 135 70 144 ι
165 119 170 126 ’
360 123 368 140 Ι
531 119 580 148 3,’

493 152 512 166 ς
547 143 573 166 ι
607 143 682 178 w

198 765 227 794 ¹ι

33 785 38 796 ι
152 783 227 806 ς,1

34 807 39 818 .
138 805 228 940 Ἣ

876 27 1040 83 διιιιζίκ
1110 44 1154 70 ιν
1185 44 1212 66 α
1240 27 1368 76 ἀλιι
1413 53 1418 56 -
1655 65 1662 74 .
1695 27 1816 82 :4":

1541 87 1592 146 ιη’.
1617 96 1736 152 V1,“.

464 43 484 58 ε’
510 59 538 105 .1}
557 37 754 105 ..μήκη
801 56 834 74 οτ

531 99 580 166 τ’]
607 99 684 178 gi,“-
779 119 862 176 μὶ
897 181 904 196 ν
951 101 1208 190 ωςςξέλαίδίυ.
1265 121 1428 200 ,ξυνὴ
1469 117 1522 184 ἕαδε

512 197 711 278 [.‘l‘folv
739 200 921 280 .Yh‘(n’
961 253 968 262 _
997 197 1048 256 τέ
1101 209 1180 284 ιιι
1209 239 1211 242 ‹
1240 221 1363 276 κῆρας
1389 229 1484 248 ,μιν

253 405 393 472 1389

1189 441 1244 500 ε,
1349 405 1450 466 DE
1487 361 1959 470 Imoiumus
1979 403 2267 468 ORATIO
2292 407 2410 471 III.

2593 0 2676 37 ,πη
2791 0 2886 30 Ἰ--.
2933 0 2950 45 ὲ

1899 83 1994 164 ξιιμ.
2059 94 2218 176 Ἑγηι,
2296 80 2481 168 (wit-'4.
2583 98 2650 140 ιο(
2693 77 2798 178 ς)
2838 107 2916 136 με,
2962 72 3129 140 halt...

1880 105 1892 116 Γ

1879 143 1906 154 ει

1525 247 1528 251 ,
1565 185 1812 246 ειμι-ναοὶιᾷ
1843 189 1902 252 ι’-
1938 185 2106 258 ,στλτέχ
2229 211 2244 226 ·-
2292 187 2420 270 ξοηυμ
2469 169 2586 250 ,ιλλ
2636 169 2821 246 ’λα-ξεί.

3383 415 3516 480 1390

255 532 377 588 ραν,
400 511 586 584 θαῦμα
637 510 870 583 φοϐερὸν
903 513 1002 568 καὶ
1025 512 1268 593 ἐξαίσιον
1291 556 1305 580 ,
1338 505 1522 570 πᾶσάν
1569 531 1629 568 τε
1665 513 1828 587 ἀκοὴν

1939 515 2093 569 nium
2132 529 2296 572 aures
2328 519 2584 594 perculit.
2631 521 2913 592 Olympius
2947 521 3093 579 enim
3143 525 3364 596 quidam
3418 545 3520 584 no-

251 607 559 680 ἀνθρώπων
609 607 991 678 καταπλῆττον
1016 608 1333 681 γεγένηται.
1377 610 1680 682 Ὀλύμπιος
1724 610 1836 684 γάρ

251 718 338 765 τις
369 698 632 770 τοῦνομα,
660 699 940 771 Εὑθυμίου
990 699 1087 754 τοῦ
1139 702 1239 774 τῆς
1277 703 1488 776 Ἀρείου
1535 703 1836 784 θρησκείας

255 794 576 864 ἐξάρχοντος
608 832 625 858 ,
653 791 746 865 τὸν
793 789 1054 863 βαδιστὴν
1089 802 1114 831 α
1163 789 1724 866 παραχορεύονταέὲν
1759 796 1838 868 τῷ

252 882 464 953 λουτρῷ
519 881 613 935 τοῦ
666 881 933 935 παλατίου
983 883 1096 938 τῶν
1146 884 1499 952 Ἐλενιανῶν,
1544 889 1838 958 γενόμενος

253 973 396 1028 κατὰ
430 973 523 1027 τὸν
553 972 1032 1043 προμαλάττοντα,
1068 975 1163 1029 καὶ
1194 973 1532 1048 θεασάμενός
1554 992 1710 1044 τινας
1728 979 1838 1034 τῶν

250 1063 558 1136 λουομένων
603 1063 702 1135 τὴν
745 1063 840 1118 τοῦ
890 1065 1182 1136 όμοουσίου
1228 1068 1388 1134 δόξαν
1433 1071 1836 1142 σεμνύνοντας,

251 1158 383 1228 ἔφη,
406 1157 600 1220 αὐταῖς
629 1155 862 1222 λέξεσιν,
893 1155 1094 1223 οὕτως’
1127 1159 1194 1212 Τί
1226 1160 1336 1231 γάρ
1371 1163 1522 1216 ἐστιν
1553 1163 1587 1234 ή
1626 1163 1834 1235 Τρίαςς

251 1247 398 1319 Ποίῳ
417 1247 474 1300 δὲ
498 1248 664 1318 τοίχῳ
686 1249 789 1302 οὐκ
820 1248 1229 1320 ἐπιγέγραπται
1250 1269 1266 1318 ;
1289 1252 1403 1306 Καὶ
1422 1255 1703 1327 κρατήσας
1729 1255 1840 1308 τῶν

251 1340 450 1394 ἑαυτοῦ
495 1341 814 1410 ἀναγκαίων
838 1381 854 1408 ,
897 1341 1030 1414 ἔφης
1071 1343 1168 1398 Ἰδὲ
1189 1385 1205 1411 ,
1237 1344 1396 1412 κάγὼ
1446 1347 1654 1418 Τριάδα
1705 1347 1837 1418 ἔχω.

252 1431 432 1486 Ὥστε.
479 1432 805 1504 κινηθέντας
865 1435 994 1498 τοὺς
1049 1435 1170 1490 ἐκεῖ
1214 1436 1543 1508 εὑρεθέντας
1569 1479 1584 1506 ,
1622 1439 1838 1510 μέλλειν

252 1522 418 1578 αὑτὸν
455 1523 1042 1596 διαχειρίζεσθαι,ἀλλ’
1071 1525 1371 1599 εἴρχθησαν
1403 1529 1511 1584 ύπό
1540 1547 1688 1594 τινος
1719 1531 1840 1586 Md-

251 1631 408 1684 γνου,
467 1615 846 1688 πρεσϐυτέρου
882 1616 994 1671 τῶν
1038 1617 1239 1687 Ἀγίων
1280 1620 1618 1675 ’Δποστόλων
1665 1624 1723 1676 ἑν
1760 1623 1840 1694 τῷ

251 1707 732 1778 περιτειχίσματι,
769 1705 1061 1778 ἀνθρώπου
1091 1710 1432 1782 θαυμαστοῦ,
1460 1714 1556 1767 καὶ
1583 1713 1678 1769 τὸν
1705 1715 1840 1770 Θεὸν

183 1817 188 1820 ·
253 1797 672 1869 θεραπεύοντος,
715 1800 992 1872 φήσαντος
1043 1801 1182 1872 πρὸς
1237 1802 1438 1868 αὐτοὺς
1461 1843 1476 1869 ,
1505 1805 1584 1870 ὡς
1621 1805 1722 1860 οὐκ
1766 1805 1834 1863 ἂν

206 1871 222 1886 “
249 1889 481 1964 διαλάθῃ
509 1890 601 1943 τὸν
620 1890 722 1961 τῆς
759 1869 1104 1972 πανὸεφόροιὲ
1133 1893 1292 1965 δίκης
1330 1895 1631 1968 ὀφθαλμὸν»
1671 1899 1834 1970 ἀκρι-

251 1983 339 2037 ϐεῖ
367 1982 512 2054 λόγῳ
541 1982 846 2054 γράφοντα.
863 1981 1017 2040 Ᾱίδοῑ
1041 1985 1099 2040 δὲ
1122 1987 1218 2041 τοῦ
1241 1986 1434 2056 ἀνδρὸς
1459 1988 1559 2059 τῆς
1588 1991 1834 2061 ταραχῆς

255 2079 648 2144 παυσαμένων,
673 2072 934 2146 ἐξανέστη
961 2076 990 2128 δ
1027 2075 1346 2148 Ὀλύμπιος,
1382 2077 1476 2131 καὶ
1506 2080 1574 2150 τῇ
1599 2077 1833 2154 ἐμϐᾴσει

121 2146 130 2155 ’
248 2167 358 2220 τῶν
403 2167 625 2239 θερμῶν
669 2166 746 2231 ὡς
794 2165 916 2230 ἔθος
973 2146 1343 2240 χρησάμενος,
1369 2146 1572 2238 ἔξεισιν
1599 2146 1696 2228 ἐῖι
1713 2147 1834 2243 *τὴν

247 2259 359 2314 τῶν
383 2259 609 2331 ψυχρῶν
652 2259 862 2314 ὑδάτων
892 2258 1196 2332 δεξαμενὴν
1217 2301 1234 2327 ,
1292 2261 1413 2333 ἥτις
1452 2261 1723 2334 λαμϐάνει
1763 2264 1835 2319 τὰ

250 2353 420 2409 ὕδατα
445 2355 511 2409 ἐκ
543 2354 728 2426 πηγῆς
755 2355 1088 2426 τικτομένης
1115 2356 1281 2427 μέσον
1299 2355 1396 2410 τοῦ
1420 2359 1620 2412 σεπτοῦ
1643 2358 1833 2413 θυσια-

250 2444 476 2515 στηρίου
504 2443 602 2498 τοῦ
629 2443 1044 2518 eboreus-prmo
1081 2444 1178 2498 τοῦ
1204 2445 1675 2518 πρωτομάρτυρος
1699 2448 1834 2501 Στε-

248 2535 446 2604 φάνου,
475 2535 536 2590 ὃν
563 2537 623 2589 ὲν
681 2535 932 2600 παλαπ
978 2535 1222 2603 ἔκτισεν,
1253 2537 1556 2608 ἀξιώμασιν
1584 2539 1832 2611 ἄρχοντι-

246 2631 364 2693 κοῖς
407 2627 740 2700 διαλάμψας,
764 2628 1105 2702 Αύρηλιανός
1123 2644 1139 2660 ο
1162 2629 1375 2684 ἐνθένδε
1404 2630 1647 2703 ἠγοῦμαι
1680 2629 1832 2695 θείας

245 2720 479 2790 ὲποψίας
521 2721 582 2775 τὸ
624 2719 769 2792 ὕδωρ
804 2719 1111 2788 ἀξιοῦσθαι.
1152 2715 1306 2796 Ἐνῇ
1351 2721 1597 2786 καταϐὰς
1637 2721 1830 2778 θᾶττον

245 2813 631 2876 ἐπαναϐαίνει,
663 2813 994 2884 κραυγάζων
1013 2829 1028 2845 ⁶
1073 2813 1365 2886 Ἐὶεησατέ
1417 2831 1510 2886 με,
1535 2815 1826 2886 ἐλεήσατει

243 2905 359 2960 Καὶ
376 2904 593 2977 κνηθων
612 2902 779 2958 αὐτοῦ
799 2905 898 2968 τὰς
925 2905 1156 2978 σάρκας,
1172 2904 1282 2960 τῶν
1307 2905 1482 2960 ὀστῶν
1501 2905 1828 2978 ἀπεμέριζε.

243 3000 454 3062 Πάντες
476 2998 534 3053 δὲ
572 2999 704 3070 περὶ
740 2997 904 3053 αὑτὸν
944 2997 1267 3069 γενόμενοι,
1299 2999 1397 3054 καὶ
1425 2999 1828 3071 κρατήσαντες,

246 3092 444 3146 σινδόνι
492 3090 972 3161 περιτυλίξαντες,
1004 3091 1294 3147 ἀνέκλιναν
1347 3088 1824 3162 ψυχορραγοῦντα.

1938 606 2111 672 mine,
2141 607 2298 676 juxta
2320 624 2526 680 equum
2557 614 2961 672 ambulatorem
3001 615 3286 690 Euthymii
3307 622 3526 678 Arianae

1939 697 2199 755 factionis
2229 703 2480 758 exarchae
2523 705 2820 763 subsultim
2853 709 3111 766 incedere
3139 711 3358 776 solitus,
3396 730 3522 768 cum

1938 801 2089 847 esset
2122 792 2179 847 in
2216 792 2440 850 lavacro
2465 797 2651 867 palatii
2688 799 3140 871 llelenianorum,
3183 804 3240 859 in
3271 806 3409 860 cella
3440 815 3523 862 te-

1941 885 2154 954 pidaria
2187 888 2484 944 nonnullos
2511 905 2701 945 eorum
2733 894 2830 964 qui
2867 887 3225 964 lavabantur,
3277 901 3524 955 consub-

1939 977 2222 1032 stantialis
2267 977 2427 1033 ﬁdem
2483 983 2830 1039 celebrantes
2881 987 3260 1058 conspicatus,
3298 989 3385 1045 his
3427 1005 3526 1046 eos

1941 1068 2129 1123 verbis
2174 1070 2458 1144 allocutus
2496 1080 2582 1128 est
2612 1092 2624 1127 :
2658 1072 2871 1144 Ecquid
2921 1078 3066 1132 enim
3111 1087 3198 1134 est
3231 1080 3526 1137 Trinitas?

1943 1165 2040 1212 aut
2081 1143 2192 1229 quo
2224 1162 2276 1214 in
2308 1163 2516 1232 pariete
2561 1143 2835 1233 inscripta
2866 1180 2975 1220 non
3030 1168 3158 1222 est?
3209 1168 3526 1243 Statimque

1943 1250 2202 1307 virilibus
2259 1268 2426 1307 manu
2483 1254 2890 1324 apprehensis:
2937 1256 3104 1326 Ecce,
3163 1261 3362 1332 inquit,
3421 1277 3525 1334 ego

1941 1356 2163 1412 quoque
2215 1343 2544 1398 Trinitatem
2594 1345 2794 1403 habeo.
2835 1347 2972 1404 Eam
3033 1350 3104 1406 ob
3149 1367 3266 1408 rem
3315 1354 3393 1408 illi
3428 1357 3524 1426 qui

1943 1433 2174 1489 aderant
2221 1434 2421 1490 animis
2459 1436 2762 1504 concitati,
2809 1454 2936 1494 eum
2973 1442 3165 1498 statim
3209 1445 3524 1502 interfecis-

1941 1534 2088 1592 sent,
2125 1527 2238 1583 nisi
2266 1541 2362 1582 eos
2396 1527 2481 1582 vir
2507 1529 2733 1599 quidam
2779 1532 3128 1591 admirabilis
3151 1575 3166 1600 ,
3200 1551 3264 1593 ac
3297 1538 3525 1610 religio-

1941 1633 2040 1675 sus
2072 1618 2171 1674 Dei
2189 1619 2390 1684 cultor,
2416 1619 2650 1690 Magnus
2677 1623 3524 1700 nomine,SanctorumAposto—

1942 1709 2123 1764 lorum
2157 1711 2412 1766 ecclesiae
2443 1711 2587 1767 intra
2623 1713 2768 1768 muri
2807 1715 3076 1771 ambitum
3103 1721 3416 1793 presbyter,
3434 1738 3524 1779 re-

1940 1801 2260 1871 pressisset,
2292 1800 2595 1868 affirmans,
2620 1803 2673 1859 ιιι
2701 1803 2938 1874 justitiaa
2968 1815 3170 1863 cuncta
3212 1814 3523 1880 spectantis

1937 1889 2160 1946 oculum
2217 1891 2390 1948 latere
2446 1907 2560 1948 non
2609 1908 2796 1964 posse,
2833 1897 2927 1966 qui
2959 1897 3180 1969 singula
3227 1901 3523 1972 diligenter

1937 1979 2284 2036 conscribat.
2342 1981 2481 2037 Cum
2538 1983 2709 2054 igitur
2736 1995 2961 2056 propter
2992 1988 3096 2042 viri
3153 1992 3520 2047 reverentiam

1935 2073 2097 2128 turba
2149 2073 2480 2144 quievisset,
2533 2076 2782 2132 surrexit
2834 2078 3147 2152 Olympius,
3179 2089 3234 2138 et
3268 2083 3518 2141 thermas

1936 2162 2246 2235 ingressus,
2295 2165 2465 2237 inque
2512 2169 2677 2240 aquis
2709 2169 2914 2226 calidis
2956 2171 3025 2227 de
3055 2187 3211 2229 more
3247 2173 3419 2242 lotus,
3451 2174 3521 2231 ad

1935 2255 2262 2329 frigidarum
2325 2259 2601 2330 piscinam
2651 2260 2843 2328 vadit;
2883 2278 3006 2333 quae
3061 2265 3286 2336 quidem
3343 2281 3522 2339 aquas

1933 2348 2164 2419 excipit.
2196 2365 2229 2405 e
2257 2351 2441 2407 medio
2473 2351 2635 2408 altari
2668 2363 2880 2410 sanctae
2913 2355 3168 2412 ecclesia:
3202 2366 3519 2428 protomar-

1933 2439 2075 2510 tyris
2113 2437 2406 2510 Stephani,
2437 2441 2570 2497 ollm
2603 2442 2676 2499 ab
2709 2443 3016 2500 Aureliano
3055 2446 3403 2516 pmleeturaa
3430 2449 3518 2504 di-

1933 2529 2246 2601 gnitatibus
2293 2530 2502 2587 illustri
2531 2541 2894 2597 constructae,
2933 2536 3330 2595 scaturientes.
3370 2537 3516 2595 Hinc

1932 2622 2096 2692 plane
2136 2637 2334 2693 aquam
2371 2623 2522 2678 illam
2573 2623 2798 2696 dignam
2832 2626 3008 2682 fuisse
3039 2627 3306 2692 arbitror,
3349 2644 3516 2701 quam

1933 2713 2078 2772 Deus
2109 2715 2228 2784 ipse
2256 2721 2558 2786 spectaret.
2583 2713 2643 2771 In
2673 2715 2816 2772 hanc
2835 2716 2928 2772 ille
2949 2732 3078 2774 cum
3107 2718 3513 2785 descendisset,
3627 2709 3630 2711 λ

1931 2805 2083 2861 dicto
2105 2806 2263 2863 ocius
2294 2807 2582 2872 remeavit,
2611 2821 2740 2864 cum
2777 2807 2990 2880 ejulatu
3021 2809 3314 2868 clamans:
3346 2810 3515 2868 Mise-

1931 2897 2131 2954 remini
2172 2899 2303 2963 mei,
2337 2899 2683 2956 miseremini
2729 2901 2833 2957 mei
2860 2903 2874 2956 l
2905 2900 2972 2956 Et
3021 2916 3220 2960 carnes
3249 2917 3383 2960 suas
3412 2920 3515 2960 un-

1929 2989 2136 3061 guibus
2187 2989 2471 3061 scalpens,
2519 2991 2592 3046 ab
2641 2992 2868 3049 ossibus
2901 2995 3222 3052 divellehat.
3255 2995 3414 3054 Tunc
3444 2999 3514 3054 ad

1929 3079 2112 3151 ipsum
2143 3094 2336 3138 omnes
2361 3095 2724 3148 concurrere,
2759 3085 3163 3155 apprehensum
3210 3087 3382 3144 linteo
3431 3089 3515 3146 in-

257 3183 591 3255 Ἐπηρώτων
622 3183 703 3246 δὲ,
728 3184 784 3237 τί
828 3183 896 3238 ἂν
943 3183 1030 3256 εἴη
1089 3182 1154 3238 τὸ
1202 3182 1438 3256 συμϐὰν,
1463 3183 1560 3237 καί
1593 3199 1762 3254 φησιν
1799 3181 1828 3236 ό

1931 3171 2174 3237 volvere,
2201 3186 2266 3228 ac
2296 3189 2412 3244 prae
2443 3173 2651 3246 frigore
2679 3176 3030 3233 deﬁcientem
3060 3180 3358 3237 reclinare.
3404 3181 3515 3237 Ro-

257 3276 554 3346 Ὀλύμπιος
572 3291 588 3307 ⁸
625 3275 830 3348 ’Ἄνδρα
874 3275 1124 3331 κατεῖδον
1175 3272 1631 3348 λευχειμονοῦντα
1652 3313 1667 3339 ,
1699 3276 1825 3327 ὲπι-

119 3379 162 3430 ξ.
241 3366 414 3421 ϐάντα
451 3384 542 3437 μοι
572 3365 716 3421 κατὰ
757 3367 858 3437 τῆς
889 3366 1216 3443 νεροφόρου,
1259 3368 1356 3422 καὶ
1410 3369 1562 3439 τρεῖς
1592 3363 1824 3428 σίκλεκβι

34 5687 48 5696 “
127 5681 142 5780 l

239 3457 450 3528 θερμοῦ
503 3457 835 3528 περιχέαντά
871 3474 984 3529 μοι,
1013 3459 1110 3512 καὶ
1161 3457 1394 3526 λέγοντά
1427 3472 1552 3528 μοι’
1574 3457 1668 3528 Μὴ
1699 3456 1826 3510 δυσ-

237 3546 434 3616 φήμει.
468 3546 739 3610 Λαϐόντες
769 3547 828 3600 δὲ
867 3546 1032 3600 αὑτὸν
1060 3547 1264 3619 φορείῳ
1289 3546 1514 3618 οἱάύτῷ
1542 3547 1826 3617 διαφέρον-

231 3651 335 3698 οτες
358 3676 373 3700 ,
407 3634 773 3706 μετεκόμισαν
829 3637 888 3690 ιν
951 3636 1126 3708 ἑτέρῳ
1181 3634 1393 3707 λουτρῷ
1443 3635 1825 3707 προσκειμένῳ

231 3729 310 3797 τῇ
355 3728 466 3780 τῶν
523 3727 820 3799 Ἀρειανῶν
855 3727 1144 3800 ἐκκλησίᾳ.
1196 3727 1474 3782 Θελόντων
1523 3726 1582 3780 δὲ
1635 3726 1818 3782 αὐτῶν

232 3817 567 3883 ἁποτυλίξαι
597 3817 696 3890 τὴν
755 3818 974 3873 σινδόνα
1012 3818 1110 3872 ἀπ’
1142 3811 1308 3874 αὐτοῦ
1330 3860 1347 3886 ,
1377 3817 1771 3890 συνεξέπαιρον
1796 3828 1822 3858 ο

231 3912 424 3976 πάσας
468 3913 569 3976 τὰς
620 3911 830 3983 σάρκας
878 3910 1044 3966 αὑτοῦ
1076 3951 1092 3977 ,
1127 3912 1224 3966 καὶ
1273 3911 1450 3976 οὕτως
1500 3910 1819 3982 νεκρωθεὶς,

230 4004 491 4060 ἀπέδωκε
509 4003 572 4058 τὸ
598 4003 833 4076 πνεῦμα.
865 4005 1110 4060 Γνωστὸν
1137 4005 1196 4059 δὲ
1223 4005 1439 4074 ἐγένετο
1460 4003 1620 4058 τοῦτο
1634 4004 1821 4074 σχεδὸν

232 4094 363 4150 καθ’
388 4094 518 4166 ὅλης
549 4095 651 4166 τῆς
705 4095 998 4166 βασιλίδος.
1037 4097 1338 4169 Ἐφήμιζον
1386 4096 1444 4151 δέ
1489 4113 1637 4160 τινες
1688 4095 1820 4167 περὶ

228 4185 336 4241 τοῦ
365 4185 717 4250 πεπονθότος,
749 4187 824 4251 ὡς
855 4188 1067 4259 χρόνοις
1093 4188 1258 4256 τισὶν,
1283 4187 1393 4242 ἀπὸ
1419 4188 1521 4258 τῆς
1547 4189 1608 4241 τὸ
1624 4186 1820 4259 όμοού-

233 4295 357 4332 σιον
401 4276 732 4346 δοξαζούσης
799 4278 1096 4350 θρησκείας
1147 4280 1228 4344 είς
1272 4279 1374 4350 τὴν
1425 4278 1637 4351 Ἀρείου
1690 4294 1819 4349 μετ-

230 4369 574 4424 εϐαπτίσατο
605 4368 880 4438 λατρείαν.
927 4369 1144 4442 Ἐπειδὴ
1175 4371 1234 4424 δὲ
1262 4373 1326 4424 τὸ
1353 4370 1700 4442 συμϐεϐηκὸς
1721 4371 1818 4424 καὶ

230 4463 430 4524 ἀκοαῖς
484 4458 750 4530 βασιλέων
788 4460 1123 4530 ἐπλησίασεν
1145 4477 1161 4494 ο
1204 4463 1557 4526 ’Λναστάσιος
1599 4461 1658 4516 δὲ
1701 4457 1771 4533 ἦν
1793 4477 1810 4493 ·

1933 3265 2192 3334 gantibus
2220 3273 2407 3323 autem
2437 3269 2704 3337 quidnam
2735 3270 2786 3324 ei
2819 3271 3174 3340 contigisset,
3214 3275 3515 3345 respondet

1933 3351 2263 3426 Olympius:
2301 3354 2596 3412 Hominem
2648 3358 2904 3415 candidis
2955 3360 3215 3416 indutum
3267 3363 3515 3419 vestibus
3589 3423 3606 3436 Ι,

1932 3446 2070 3510 vidi,
2103 3448 2197 3518 qui
2225 3446 2388 3517 juxta
2439 3448 2658 3517 labrum
2703 3449 2971 3506 incedens
2994 3491 3010 3517 ,
3045 3459 3157 3507 tres
3188 3453 3324 3508 mihi
3356 3470 3512 3526 aquae
3623 3441 3760 3508 1‘21’3.

1933 3536 2125 3593 calidae
2146 3538 2349 3594 situlas
2375 3537 2578 3593 infudit
2607 3538 2805 3596 dicens
2835 3559 2852 3597 :
2883 3538 2963 3596 Ne
2987 3542 3346 3613 blasphemus
3367 3555 3508 3602 esto.

1932 3627 2074 3684 Tum
2107 3631 2205 3700 qui
2237 3629 2313 3684 illi
2339 3631 2749 3688 necessitudine
2772 3632 3056 3701 conjuncti
3089 3643 3274 3700 erant,
3300 3634 3512 3692 ferculo

1929 3736 2056 3777 eum
2089 3722 2370 3790 tollentes,
2391 3723 2447 3778 in
2479 3722 2634 3777 aliud
2674 3723 2932 3780 balneum
2964 3725 3299 3781 Arianorum
3331 3729 3509 3785 eccle-

1930 3813 2029 3868 siae
2057 3813 2304 3868 vicinum
2333 3811 2702 3868 transferunt.
2731 3811 2840 3871 Sed
2866 3829 2992 3870 cum
3034 3815 3267 3872 linteum
3299 3820 3508 3876 vellent

1929 3902 2231 3974 explicare,
2266 3917 2461 3959 omnes
2482 3902 2602 3972 ejus
2623 3918 2822 3961 carnes
2845 3904 3180 3971 lacerarunt,
3209 3915 3376 3980 atque
3401 3911 3506 3966 hoc

1927 3995 2094 4050 modo
2152 4003 2442 4059 enecatus,
2501 3995 2757 4061 spiritum
2807 3997 3068 4052 reddidit.
3123 3998 3228 4067 Qui
3282 4002 3504 4072 quidem

1926 4098 2159 4144 eventus
2187 4103 2285 4158 per
2334 4090 2657 4144 universum
2693 4087 2808 4146 fere
2843 4091 3135 4161 imperium
3183 4093 3504 4165 divulgatus

1925 4190 2030 4236 est.
2065 4179 2327 4235 Nonnulli
2359 4179 2610 4236 ferebant
2639 4179 2975 4253 Olympium,
3010 4184 3104 4255 qui
3142 4184 3272 4240 talia
3303 4201 3504 4256 passus

1923 4282 2030 4337 est,
2070 4273 2262 4342 aliquo
2290 4287 2361 4327 ex
2385 4280 2636 4342 tempore
2669 4273 2740 4328 ab
2777 4288 2843 4329 ea
2888 4275 3176 4346 religione,
3209 4292 3332 4348 quae
3363 4293 3501 4334 con-

1924 4361 2345 4418 substantialem
2374 4358 2696 4416 Trinitatem
2721 4362 2985 4428 celebrat,
3013 4363 3080 4416 ad
3107 4364 3367 4419 Arianarn
3393 4367 3502 4422 hm-

1922 4453 2086 4509 resim
2143 4453 2391 4510 secundo
2439 4453 2788 4527 baptismate
2818 4455 3133 4511 transiisse.
3185 4456 3349 4528 377
3393 4457 3496 4515 Ubi

231 4549 542 4620 ἐπέτρεψεν
561 4548 732 4603 εικόνι
763 4550 1145 4620 χρωματισθὲν
1170 4549 1233 4604 τὸ
1270 4551 1576 4622 τεράστιον,
1611 4550 1816 4623 ὕπερθε

1931 4560 2053 4600 vero
2097 4561 2187 4601 res
2237 4545 2346 4600 ista
2395 4546 2462 4601 ad
2507 4547 2861 4617 imperatoris
2924 4562 3087 4602 aures
3129 4550 3381 4618 pervenit
3425 4550 3498 4618 (is

99 4661 162 4720 -Ξ
225 4643 339 4726 τῇς
352 4643 652 4725 νεροφόρου
689 4643 1100 4712 καταπαγῆναι.
1144 4643 1396 4715 Ἰωάννης
1427 4644 1486 4698 δέ
1513 4661 1598 4708 τις
1633 4645 1820 4700 διάκο-

133 4733 138 4738 ’
227 4751 352 4798 νος,
373 4735 466 4787 καὶ
498 4733 714 4798 ἔκδικος
761 4733 864 4804 τῆς
909 4731 1005 4786 τοῦ
1047 4732 1440 4805 προλεχθέντος
1482 4733 1712 4804 εύαγοῦς
1743 4735 1820 4790 οῐ-

222 4841 337 4881 κου
381 4826 656 4895 Στεφάνου
695 4825 793 4880 τοῦ
823 4825 933 4879 τῶν
968 4824 1264 4898 μαρτύρων
1302 4827 1520 4899 πρώτου
1543 4868 1558 4893 ,
1594 4828 1735 4900 ἀνὴρ
1768 4828 1824 4882 ετ

219 4932 320 4978 τις
352 4913 510 4978 ἄλλος
561 4914 725 4986 ζῆλον
765 4915 908 4988 ὑπὲρ
936 4914 1032 4970 τοῦ
1079 4918 1365 4987 όμοουσίου
1387 4919 1658 4990 δόγματος
1685 4919 1818 4973 ἑκά-

222 5019 392 5058 στοτε
423 5003 857 5074 ἐνδεικνύμενος,
891 5005 986 5083 καὶ
1020 5006 1183 5069 αὐτὸς
1228 5008 1397 5084 είκόνι
1441 5008 1813 5086 κατέγραψεν,

216 5093 350 5149 ἀλλ’
373 5096 472 5165 οὐχ
504 5095 717 5159 ἁπλῶς·
744 5097 853 5152 τῶν
881 5099 991 5168 γὰρ
1016 5100 1196 5153 ἐκεῖσε
1227 5084 1542 5169 λουομένων
1561 5101 1657 5154 καὶ
1686 5084 1817 5154 θεα-

218 5187 490 5255 σαμένων
521 5187 762 5259 ὀνόματα
805 5188 1144 5262 κατέγραψε,
1172 5191 1270 5244 καὶ
1297 5188 1428 5244 ἔνθα
1459 5189 1545 5262 εἴη
1585 5189 1817 5254 ἕκαστος

215 5275 423 5341 οξκῶν,
457 5275 538 5332 ἔτι
584 5294 646 5331 τε
699 5278 792 5332 καὶ
839 5278 948 5333 τῶν
997 5280 1110 5343 τοῖς
1142 5279 1330 5334 ὕδασιν
1371 5279 1813 5352 ὑπηρετούντων.

1917 4653 2087 4709 porro
2117 4637 2447 4693 Anastasius
2474 4638 2637 4708 erat),
2666 4639 2837 4709 jussit
2865 4639 3266 4694 utmiraculum
3297 4642 3494 4696 colori-

1920 4731 2026 4786 bus
2076 4731 2134 4782 in
2167 4727 2358 4783 tabula
2407 4729 2685 4800 depictum
2725 4729 2784 4785 in
2835 4730 3108 4801 superiori
3163 4732 3304 4786 labri
3339 4743 3496 4802 parte
3517 4757 3536 4774 --
3565 4741 3620 4774 κει

1919 4819 2252 4892 adigeretur.
2297 4818 2474 4876 Porro
2523 4819 2765 4878 Joannes
2811 4821 3042 4892 quidam
3087 4821 3382 4888 diaconus,
3438 4835 3495 4882 et

1916 4920 2123 4968 sancta:
2166 4909 2318 4966 illius
2358 4911 2624 4974 ecclesiae,
2673 4909 2838 4982 cujus
2897 4927 3064 4983 supra
3114 4913 3491 4977 meminimus.

1915 5003 2183 5074 Stephani
2219 5003 2385 5074 primi
2415 5001 2676 5076 Martyris
2705 5005 2932 5060 nomine
2971 5004 3171 5061 dicatae
3202 5005 3489 5070 defensor,

1913 5096 2020 5161 vir,
2046 5095 2090 5150 si
2121 5094 2248 5166 quis
2271 5094 2433 5161 alius,
2468 5095 2648 5151 zelum
2684 5110 2786 5167 pro
2817 5095 3074 5169 dogmate
3119 5097 3492 5153 consubstan-

1913 5187 2066 5244 tialis
2105 5185 2312 5243 tuendo
2343 5201 2613 5258 nusquam
2649 5202 2761 5243 non
2806 5202 3098 5253 exserens,
3129 5188 3247 5258 ipse
3273 5203 3493 5258 quoque

1913 5294 2024 5335 non
2055 5277 2390 5352 pingendam
2421 5277 2610 5344 modo,
2638 5279 2735 5336 sed
2763 5284 2820 5336 et
2845 5293 3040 5335 eorum
3066 5279 3162 5350 qui
3192 5278 3306 5334 illic
3339 5279 3490 5334 lava-

1523 5499 1761 5557 ἾΔΒΙᾹΞ
1794 5497 2204 5558 LECTIONES.

309 5670 334 5701 ο
368 5659 556 5717 Billius
582 5659 837 5717 emendat
889 5658 1128 5724 καλέσας
1149 5658 1242 5713 τὸν
1269 5657 1562 5729 βαδιστην.
1587 5656 1838 5729 Valesius
1869 5673 2000 5715 vero
2039 5659 2132 5729 τῷ
2171 5654 2430 5729 βαδιοτὴν
2460 5651 2879 5729 παραχορεύων,
2891 5653 3054 5722 juxta
3079 5670 3266 5729 equum
3299 5655 3488 5729 ambu-

205 5734 458 5789 latorem
488 5731 766 5787 subsultim
794 5729 1059 5786 incedens.
1091 5723 1225 5797 Quae
1270 5723 1492 5784 'verior'
1513 5727 1734 5785 videtur
1781 5728 1964 5786 lectio.
2038 5723 2472 5803 tlLuc-gfquigétsi
2504 5723 2701 5798 ῌθιὶιιο
2742 5723 2960 5803 titillat.
3037 5736 3061 5766 ⁶

200 5803 460 5874 επῇρονο

3144 5735 3262 5781 orte
3299 5724 3460 5789 συνεξ
3476 5739 3489 5747 ·

2743 5799 2756 5838 ¹τ
2781 5825 2804 5840 -·
2828 5793 2998 5857 "intr
