3986 6346
324 276 460 342 1381

1424 277 1522 339 DE
1555 270 2017 337 IMAGINIBUS
2045 271 2328 332 ORATIO
2367 272 2482 332 IlI.

3440 275 3576 342 1382

318 367 428 445 Ἐκ
453 406 559 445 του
580 388 907 457 μαρτυρίου
930 385 1035 440 τοῦ
1058 388 1230 453 ἁγίου
1256 387 1614 453 Εὺσταθίου,
1652 387 1756 442 τοῦ
1798 386 1892 440 καί

2093 380 2175 435 Ea;
2206 382 2462 450 martyrio
2495 380 2662 433 sancti
2694 378 2982 447 Eustathii,
3009 381 3097 449 qui
3123 392 3170 437 et
3206 381 3478 447 Placidus,

952 457 1244 511 Πυὶακίδα.

396 564 417 601 ι
472 547 806 615 Ἐξελθόντος
843 546 1007 601 αὐτοῦ
1041 550 1098 604 ἐν
1136 551 1236 621 μιᾷ
1264 548 1448 622 ἡμέρᾳ
1490 551 1632 605 κατά
1680 550 1740 604 τὸ
1772 550 1894 603 σύν-

319 640 450 713 ηθες
511 638 602 693 ἐπὶ
635 637 705 693 τά
758 639 859 712 ὅρη
893 639 1159 713 θηρεῦσαι
1209 642 1347 713 μετά
1376 641 1469 695 τοῦ
1502 641 1891 714 στρατοπέδου,

320 733 415 787 καὶ
446 730 626 803 πάσης
647 732 746 801 τῆς
770 730 1083 803 θεραπείας,
1118 733 1273 804 ὤφθη
1298 733 1445 805 αὐτῷ
1480 734 1650 808 ἀγέλη
1679 734 1895 804 ἐλάφων

321 824 648 895 βοσκομένη.
676 824 784 877 Καὶ
799 824 1095 895 διαστήσας
1111 824 1253 878 κατὰ
1278 824 1339 879 τὸ
1367 824 1597 895 σύνηθες
1616 827 1709 878 τὸν
1730 842 1894 897 στρα-

316 914 427 980 τὸν,
460 914 696 967 ἐποιεῖτο
723 914 824 983 τὴν
868 914 988 969 κατ’
1019 914 1198 969 αὐτῶν
1234 912 1437 981 δίωξιν.
1481 913 1691 978 Παντὸς
1716 912 1771 968 δὲ
1799 916 1893 969 τοῦ

322 1001 552 1074 στρατοῦ
579 1003 671 1056 ἐπὶ
697 1003 796 1074 τὴν
817 1003 1077 1074 σύλληψιν
1106 1005 1503 1077 ἀσχολουμένου
1528 1006 1637 1060 τῶν
1658 1006 1892 1075 ἐλάφων,

319 1097 346 1148 ὀ
372 1093 918 1166 ύπερμεγεθέστατος
947 1095 1128 1168 πάσης
1158 1098 1256 1168 τῆς
1313 1098 1534 1170 ἀγέλης,
1568 1099 1661 1154 καὶ
1690 1099 1895 1153 εὐειδέ-

320 1204 532 1252 στατος,
563 1186 938 1252 ἀποσπασθεὶς
987 1189 1086 1259 τῆς
1120 1190 1345 1260 ἀγέλης,
1376 1191 1605 1262 ὥρμησε
1630 1191 1770 1246 κατά
1801 1190 1893 1245 τοῦ

316 1276 522 1349 δρυμοῦ
557 1278 748 1342 ἐντοῖς
777 1278 1092 1349 δασυτέροις
1120 1280 1305 1344 τόποις
1336 1283 1433 1351 τῆς
1463 1282 1615 1353 ὕλης,
1657 1283 1752 1337 καλ⁸
1773 1283 1896 1336 δυσ·-

316 1368 505 1432 6ἀτοις
548 1367 788 1439 χωρίοις.
855 1371 953 1422 Ὃν
1001 1369 1337 1441 θεασάμενος
1376 1372 1405 1423 ὁ
1451 1372 1745 1441 Πλακίδας,
1800 1379 1896 1429 καὶ

315 1458 669 1529 ἐπιθυμήσας
690 1458 1077 1513 συλλαϐεῖσθαι
1109 1460 1293 1525 αὐτὸν,
1324 1463 1639 1518 καταλιπὼν
1664 1467 1895 1534 πάντας,

317 1550 436 1617 μετ’
458 1545 654 1614 ὀλίγων
693 1547 1043 1618 στρατιωτῶν
1085 1550 1413 1605 κατεδίωκεν
1449 1554 1630 1609 αὐτόν.
1681 1556 1898 1626 ’Δτονη-

316 1640 527 1691 σάντων
556 1637 614 1690 δέ
663 1637 776 1692 τῶν
834 1639 1126 1705 συνόντων,
1160 1641 1323 1711 μόνος
1363 1644 1794 1716 προσεκαρτέρει
1827 1648 1892 1717 τῇ

2071 553 2087 587 ι
2126 533 2260 587 Cum
2304 533 2394 589 die
2448 531 2682 603 quodam
2717 570 2731 595 ,
2790 532 2856 587 de
2902 540 3167 587 consueto
3217 548 3393 599 more,
3446 551 3571 592 cum

1994 626 2244 680 exercitu
2316 624 2686 694 universoque
2732 621 3062 677 famulorum
3115 632 3263 679 coetu
3317 636 3572 683 venatum

1994 716 2248 782 exiisset,
2312 730 2604 770 cervorum
2659 714 3001 786 pascentium
3051 717 3403 786 conspicatus
3455 734 3576 790 gre-

1995 825 2139 881 gem,
2169 809 2421 865 exercitu
2455 809 2507 862 in
2545 816 2658 863 tres
2690 815 2896 879 partes,
2932 807 3011 862 uti
3045 808 3279 874 solebat,
3310 810 3577 865 distribu-

1997 910 2076 969 to,
2105 917 2202 958 eos
2230 899 2630 957 insectabatur.
2662 898 2734 953 At
2764 912 2886 953 cum
2922 898 3035 953 illis
3073 899 3355 969 capiendis
3396 900 3578 957 inten-

1996 1003 2084 1048 tus
2111 1001 2258 1048 esset
2279 992 2579 1056 exercitus,
2616 991 2707 1045 ille
2742 990 2837 1059 qui
2880 990 2934 1044 in
2982 990 3298 1046 universum
3330 1007 3574 1063 gregem,

1996 1092 2113 1138 tum
2164 1083 2517 1154 proceritate,
2577 1090 2690 1135 tum
2743 1079 2921 1135 forma
2955 1080 3253 1146 eminebat,
3285 1097 3314 1137 a
3346 1084 3576 1153 reliquis

1995 1176 2305 1241 discedens,
2339 1191 2435 1246 per
2466 1174 2800 1231 densissima
2853 1176 3005 1231 silva:
3040 1183 3428 1249 praeruptaque
3453 1178 3601 1233 loca‘

1996 1269 2053 1324 in
2084 1284 2280 1325 nemus
2305 1268 2563 1339 prosiliit.
2602 1266 2759 1322 Hune
2792 1266 3040 1324 Plaeidas
3083 1271 3389 1337 contuitus,
3421 1272 3574 1341 ejus-

1997 1378 2103 1431 que
2162 1360 2667 1432 comprebendendi
2731 1359 3010 1415 desiderio
3067 1375 3379 1430 accensus,
3444 1377 3574 1418 cum

1996 1454 2261 1509 militibus
2286 1452 2503 1523 paucis,
2542 1452 2761 1506 creteris
2793 1451 3051 1506 omnibus
3080 1452 3311 1519 relictis,
3355 1455 3575 1511 insecu-

1999 1552 2087 1600 tus
2113 1552 2219 1599 est.
2246 1541 2366 1597 Jam
2390 1540 2526 1597 socii
2544 1539 2927 1597 deﬁcientibus
2952 1539 3162 1596 viribus
3183 1543 3572 1611 constiterant,

1998 1650 2123 1691 cum
2151 1636 2307 1691 solus
2338 1634 2459 1705 ipse
2497 1631 2879 1704 persequendo
2913 1643 3315 1703 perseveraret,
3352 1635 3573 1691 divina-

313 1727 512 1793 διώξει,
540 1728 681 1783 κατὰ
712 1728 967 1800 πρόνοιαν
986 1728 1043 1783 δὲ
1068 1730 1225 1795 Θεοῦ,
1257 1733 1396 1804 μήτε
1415 1734 1510 1787 τοῦ
1533 1734 1699 1788 ἵππου
1728 1736 1891 1790 αὐτοῦ

1996 1742 2102 1798 que
2162 1726 2364 1781 factum
2419 1723 2765 1795 providentia
2817 1733 2922 1789 est,
2972 1731 3032 1776 ut
3078 1738 3180 1779 nec
3218 1740 3430 1795 equus,
3470 1740 3573 1783 nec

314 1819 694 1889 ἀτονήσαντος,
729 1820 865 1892 μήτε
895 1821 1061 1875 αὐτοῦ
1112 1823 1249 1893 πρὸς
1299 1823 1398 1896 τὴν
1448 1825 1769 1899 δυσχέρειαν
1797 1828 1891 1882 τοῦ

313 1912 479 1964 τόπου
509 1911 947 1983 ἀποκνήσαντος,
980 1915 1074 1967 ἐπὶ¹
1107 1915 1244 1968 πολὺ
1272 1916 1644 1988 καταδιώκων,
1673 1922 1891 1992 μακρὰν

314 2001 515 2073 εὑρέθη
544 2002 639 2056 τοῦ
666 2004 1031 2075 στρατοπέδου
1063 2007 1249 2061 αὐτοῦ.
1281 2008 1340 2061 'O
1366 2008 1422 2062 δὲ
1446 2008 1644 2080 ἔλαφος
1672 2010 1890 2082 ἔφευγε,

313 2094 520 2158 ἐκεῖνος
552 2094 609 2149 δέ
660 2095 997 2166 παραλαϐὼν
1030 2096 1343 2170 ἀκρώρειαν
1387 2099 1614 2171 πέτρας,
1666 2101 1892 2173 μηδενὸς

316 2184 567 2249 συνόντος
599 2185 768 2257 αὐτῷ,
800 2186 929 2259 ἔστη
961 2189 1314 2259 περισκοπῶν
1352 2190 1647 2258 πάντοθεν,
1672 2193 1769 2247 καὶ
1802 2195 1892 2246 ἐν-

315 2276 451 2330 νοῶν
485 2276 621 2347 ποίῳ
653 2279 839 2350 τρόπῳ
867 2277 1102 2351 λάϐηται
1121 2283 1219 2352 τῆς
1262 2280 1463 2351 ἐλάφου
1486 2299 1499 2313 ·
1537 2281 1651 2336 ἀλλ’
1693 2285 1722 2336 ὁ
1759 2284 1892 2338 πάν-

316 2383 478 2435 σοφος
515 2369 612 2421 καὶ
640 2371 940 2440 οἰκτίρμων
959 2370 1111 2438 Θεὸς,
1144 2373 1173 2426 ὁ
1203 2373 1463 2436 παντοίας
1495 2374 1647 2437 ὁδοὺς
1676 2374 1769 2426 ἐπὶ
1791 2391 1893 2428 σω-

312 2459 479 2530 τηρίᾳ
502 2460 613 2513 τῶν
640 2461 943 2532 ἀνθρώπων
966 2462 1261 2534 ἐπινοήσας
1279 2503 1293 2528 ,
1328 2464 1673 2536 ἀντιθηρεύει
1704 2466 1893 2520 τοῦτον

246 2548 249 2551 “
313 2550 371 2602 ἐν
391 2552 458 2622 τῇ
489 2549 631 2622 θήρᾳ
653 2567 667 2584 ⁸
702 2552 799 2623 οὐχ
827 2552 900 2618 ὡς
934 2554 1235 2625 Κορνήλιον
1264 2556 1355 2609 διά
1386 2556 1617 2627 Πέτρου,
1654 2557 1769 2611 ἀλλ’
1817 2558 1893 2622 ώς

316 2640 526 2694 Παῦλον
548 2640 834 2707 διώκοντα,
852 2642 941 2696 διὰ
958 2645 1056 2713 τῆς
1079 2645 1213 2708 ἰδίας
1236 2646 1580 2714 ἐπιφανείας.
1614 2648 1738 2700 Ἐπὶ
1758 2648 1892 2702 πολὺ

314 2733 370 2785 δὲ
397 2735 632 2798 ἑστῶτος
658 2735 751 2788 τοῦ
782 2736 1045 2802 Πλακίδα.
1079 2737 1175 2791 καὶ
1204 2739 1543 2803 ἀτενίζοντος
1576 2739 1677 2811 μέν
1702 2740 1782 2804 εἰς
1802 2740 1893 2794 τὸν

312 2825 527 2895 ἔλαφον,
554 2825 927 2897 θαυμάζοντος
966 2826 1023 2880 δὲ
1055 2827 1221 2881 αὐτοῦ
1254 2828 1315 2881 τὸ
1351 2828 1602 2899 μέγεθος,
1632 2829 1727 2883 καὶ
1750 2830 1895 2901 ἀμη-

314 2917 601 2990 χανοῦντος
631 2919 761 2989 περ)⁸
788 2918 888 2989 τὴν
914 2918 1195 2989 σύλληψιν,
1228 2919 1468 2974 δείκνυσι
1499 2922 1703 2991 Κύριος
1732 2921 1894 2992 τερά-

315 3012 462 3066 στιόν
490 3030 544 3066 τι
576 3011 838 3077 τοιοῦτον,
870 3012 972 3066 οὐκ
1000 3012 1247 3077 ἀπεικὸς,
1275 3012 1395 3066 οὐδὲ
1423 3013 1752 3084 ὑπερϐαῖνον
1791 3015 1893 3086 τῆς

315 3102 479 3157 αὐτοῦ
502 3103 787 3173 δυνάμεως
813 3102 875 3158 τὸ
917 3103 1150 3173 μέγεθος
1176 3118 1191 3134 ·
1247 3103 1364 3158 ἀλλ’
1408 3103 1595 3177 ὥσπερ
1649 3104 1743 3157 ἐπὶ
1794 3104 1889 3158 τοῦ

313 3193 544 3265 Βαλαὰμ
564 3193 722 3263 λόγον
749 3192 925 3258 ἐνθεὶς
958 3195 1025 3265 τῇ
1059 3194 1187 3265 ὕνῳ,
1219 3193 1445 3266 ἤλεγξεν
1466 3195 1631 3251 αὐτοῦ
1657 3194 1756 3268 τὴν
1778 3196 1893 3251 διά-

314 3299 486 3347 νοιαν,
520 3281 664 3336 οὕτω
720 3282 815 3336 καὶ
860 3282 1093 3336 ἐνταῦθα
1138 3283 1377 3338 δείκνυσι
1403 3288 1597 3355 τούτῳ.
1636 3285 1763 3339 Ἐπὶ
1792 3285 1892 3357 μὲν

313 3373 559 3446 κεράτων
582 3370 679 3426 τοῦ
719 3370 923 3441 ἐλάφου
966 3373 1059 3425 τὸν
1103 3374 1273 3427 τύπον
1301 3374 1396 3427 τοῦ
1436 3375 1593 3443 ἁγίου
1629 3376 1887 3448 σταυροῦ,

315 3463 457 3534 ὑπὲρ
488 3463 588 3534 τήν
619 3462 981 3535 λαμπρότητα
999 3462 1094 3517 τοῦ
1129 3463 1280 3534 ήλίου
1312 3463 1618 3533 λάμποντα,
1646 3467 1809 3537 μέσον
1832 3468 1891 3521 δὲ

312 3555 421 3611 τῶν
446 3556 695 3626 κεράτων
719 3553 816 3626 τήν
840 3556 1025 3610 είκόνα
1071 3554 1167 3607 τοῦ
1200 3554 1461 3626 θεοφόρου
1516 3554 1788 3628 σώματος,
1826 3552 1890 3614 οὗ

312 3645 401 3698 διὰ
437 3646 536 3715 τὴν
578 3644 856 3715 ήμετέραν
890 3644 1165 3715 σωτηρίαν
1210 3644 1503 3701 ἀναλαϐεῖν
1544 3648 1887 3716 κατεδέξατο,

318 3736 411 3791 καὶ
436 3736 621 3807 φωνὴν
648 3735 996 3807 ἀνθρωπίνην
1025 3735 1200 3801 ἐνθεὶς
1236 3740 1303 3807 τῇ
1330 3737 1538 3810 ἐλάφῳ,
1561 3739 1890 3811 προσκαλεῖ-

314 3845 405 3883 ται
430 3826 521 3881 τὸν
559 3827 829 3882 Πλακίδαν
847 3866 864 3894 ,
925 3826 1126 3897 λέγων·
1155 3823 1226 3880 Ὦ
1254 3830 1527 3895 Πλακίδα,
1556 3830 1609 3885 τί
1667 3849 1734 3904 με
1763 3833 1888 3887 διώ-

316 3936 471 3986 κεις;
503 3919 611 3972 ἰδοὺ
646 3918 830 3972 ἕνεκέν
857 3936 949 3971 σου
982 3919 1187 3989 παρῆν,
1223 3920 1318 3973 καὶ
1347 3922 1404 3973 ἐν
1445 3921 1523 3993 τῷ
1558 3921 1682 3995 ζώω
1713 3924 1889 3997 τούτῳ

314 4010 503 4080 ὤφθην
536 4027 637 4065 σοι.
676 4009 819 4079 Ἐγώ
856 4010 972 4081 εἰμι
1016 4010 1224 4082 Ἰησοῦς
1256 4012 1284 4064 ὁ
1312 4013 1566 4083 Χριστὸς,
1601 4015 1660 4068 ὃν
1679 4017 1889 4086 ἀγνοῶν

317 4102 470 4172 σέϐῃ.
499 4102 565 4154 Ai
594 4101 703 4173 γάρ
734 4101 974 4156 εὐποιίαι
995 4119 1112 4169 σου,
1134 4104 1200 4167 ἃς
1236 4103 1300 4157 σὺ
1325 4107 1500 4170 ποιεῖς
1525 4108 1605 4171 εἰς
1637 4109 1761 4172 τοὺς
1781 4110 1891 4164 δεοο

317 4192 531 4263 μένους,
564 4193 915 4263 παρέστησαν
948 4192 1177 4248 ἐνώπιόν
1211 4213 1314 4266 μου
1334 4236 1348 4261 ,
1387 4198 1480 4251 καὶ
1502 4194 1665 4269 ἦλθον
1711 4201 1889 4272 ἐμφα-

314 4281 459 4335 νίσαι
496 4297 580 4334 σοι
617 4280 853 4350 ἐμαυτὸν
882 4280 970 4333 διὰ
1008 4280 1102 4334 τοῦ
1127 4282 1325 4353 ἐλάφου
1355 4284 1569 4351 τούτου,
1594 4286 1687 4339 καὶ
1734 4288 1887 4341 ἀντι-

314 4372 596 4444 ζωγρῆσαί
628 4388 711 4437 σε,
759 4372 853 4425 καὶ
904 4375 1121 4444 συσχεῖν
1146 4376 1259 4437 τοῖς
1295 4375 1532 4440 δικτύοις
1558 4377 1657 4449 τῆς
1695 4380 1883 4449 φιλαν-
1909 4412 1960 4473 D

314 4462 562 4535 θρωπίας
612 4479 736 4532 μου.
766 4464 840 4518 Οὐ
874 4464 979 4535 γάρ
1010 4466 1126 4519 ἐστι
1162 4466 1391 4533 δίκαιον,
1441 4469 1533 4523 τὸν
1562 4471 1687 4542 ἐμοὶ
1716 4488 1885 4544 προσ-

316 4555 446 4626 ιριλῆ
489 4553 577 4610 διὰ
627 4554 737 4608 τῶν
786 4554 1009 4623 ἀγαθῶν
1059 4556 1258 4628 ἔργων,
1312 4559 1583 4615 δουλεύειν
1636 4562 1888 4634 δαίμοσιν

316 4643 647 4715 ἀκαθάρτοις
674 4643 769 4699 καὶ
792 4643 1031 4709 εἰδώλοις
1054 4650 1265 4717 νεκροῖς
1289 4649 1386 4702 καὶ
1408 4652 1629 4719 κωφοῖς.
1655 4653 1756 4707 Διά
1778 4655 1887 4726 γὰρ

313 4730 474 4787 τοῦτο
498 4730 662 4806 ἦλθον
692 4737 787 4789 ἐπὶ
812 4736 916 4805 γῆς
945 4739 1003 4791 ἐν
1032 4737 1110 4809 τῷ
1138 4738 1268 4793 εῖδει
1296 4743 1490 4813 τούτῳ,
1531 4737 1575 4812 ᾧ
1603 4744 1697 4800 νῦν
1731 4748 1885 4819 δρᾷς,

319 4827 489 4883 σῶσαι
518 4829 687 4885 θέλων
718 4831 781 4884 τὸ
808 4829 916 4885 τῶν
939 4831 1243 4903 ἀνθρώπων
1282 4836 1457 4904 γένος.
1508 4856 1528 4889 ι
1592 4830 1603 4841 ’

270 5156 279 5162 ν
319 5085 434 5145 Τοῦ
454 5089 629 5162 ἁγίου
649 5093 933 5171 Λεοντίου
953 5096 1315 5171 ’Νεαπόςλεως
1338 5096 1447 5165 τῆς
1465 5099 1751 5171 Κυπρίων
1780 5102 1880 5171 νήσ

595 5177 732 5229 σου,
761 5164 906 5230 πρὸς
952 5166 1302 5232 Ἰουδαίους,
1328 5175 1369 5220 ε’
1398 5164 1604 5240 λόγου.

391 5266 412 5302 r
455 5250 590 5324 Φέρε
640 5251 703 5323 δὴ
753 5254 958 5318 λοιπὸν,
1001 5258 1139 5328 φέρε
1173 5260 1493 5331 προθύμως,
1528 5265 1622 5318 καὶ
1659 5266 1755 5339 τήν
1787 5269 1884 5339 τῆς

317 5341 674 5407 ἐκτυπώσεως
698 5346 806 5398 τῶν
830 5349 1041 5403 σεπτῶν
1067 5352 1292 5406 εἰκόνων
1315 5355 1612 5426 ἀπολογίαν
1648 5363 1885 5433 ποιησώ-

1994 1819 2229 1890 ipsemet
2265 1818 2561 1888 asperitate
2597 1816 2841 1870 locorum
2883 1813 3240 1882 fatiscerent;
3271 1824 3324 1870 et
3350 1831 3572 1871 cervum

1996 1910 2206 1966 diutius
2224 1908 2563 1979 adurgendo,
2596 1906 2786 1978 procul
2818 1922 2877 1961 se
2906 1907 2974 1962 ab
3003 1908 3249 1964 exercitu
3273 1908 3574 1966 recessisse

1995 2001 2158 2073 373
2212 2000 2618 2056 animadvertit.
2675 1998 2847 2053 Porro
2895 1998 3138 2070 fugiente
3198 2014 3386 2065 cervo,
3443 2015 3570 2055 cum

1995 2094 2183 2148 nullus
2211 2092 2474 2147 comitum
2520 2090 2761 2156 adesset,
2793 2098 2963 2159 petrae
3000 2091 3262 2147 verticem
3306 2106 3573 2147 conscen-

1995 2185 2095 2250 dit,
2152 2194 2267 2240 tum
2306 2184 2791 2254 eireumaspicere,
2825 2197 3126 2254 secumque
3171 2184 3433 2254 cogitare,
3460 2199 3570 2255 quo

1994 2275 2215 2333 tandem
2247 2284 2407 2346 pacto
2444 2275 2683 2345 prmdam
2718 2286 3074 2343 assequatur.
3111 2274 3180 2329 At
3221 2275 3571 2347 sapientissi-

1994 2383 2120 2424 mus
2168 2366 2745 2436 clementissimusqne
2783 2364 2959 2430 Deus,
2995 2365 3087 2435 qui
3118 2365 3298 2421 nullas
3336 2382 3446 2421 non
3476 2382 3570 2422 ex-

1995 2458 2199 2530 cogitat
2246 2461 2383 2525 vias,
2421 2446 2624 2528 quibus
2665 2456 2729 2511 ad
2779 2458 3015 2512 salutem
3061 2455 3315 2512 homines
3366 2457 3569 2521 ducat,

1996 2550 2145 2605 hunc
2196 2549 2250 2603 in
2304 2549 2537 2619 ipsamet
2588 2547 2880 2603 venatione
2936 2555 3169 2601 venatur
3217 2565 3229 2602 :
3273 2562 3381 2601 non
3426 2546 3571 2603 Petri

1995 2656 2190 2711 opera;
2224 2649 2287 2694 ut
2333 2641 2463 2694 olim
2501 2639 2844 2705 Cornelium,
2875 2640 3051 2710 magis
3088 2648 3269 2694 autem
3311 2639 3393 2693 uti
3439 2655 3571 2709 per-

1996 2740 2302 2787 secutorem
2330 2730 2583 2795 Paulnm,
2612 2731 2827 2802 objecta
2853 2747 2952 2787 sua
2986 2731 3193 2800 specie.
3224 2728 3412 2800 Itaque
3441 2746 3573 2786 con-

1996 2823 2209 2878 sistenti
2243 2823 2334 2877 diu
2362 2822 2615 2890 Placidm,
2641 2826 2902 2893 cervique
2931 2822 3315 2892 proceritatem
3344 2822 3572 2880 intentis

1995 2914 2171 2969 oculis
2204 2911 2518 2978 demiranti,
2555 2928 2678 2967 eum
2715 2912 2865 2969 illius
2902 2912 3155 2982 capiendi
3189 2913 3339 2967 nulla
3364 2915 3449 2968 via
3474 2928 3572 2968 oc-

1996 3015 2265 3071 curreret,
2322 3004 2600 3074 ejusmodi
2662 3010 2979 3074 portentum
3043 3004 3305 3061 Dominus
3377 3003 3570 3071 edidit,

1993 3094 2137 3166 quod
2165 3095 2388 3165 quidem
2422 3095 2557 3149 nihil
2586 3095 2840 3151 absimile
2868 3096 2981 3151 veri
3003 3106 3106 3163 est,
3141 3110 3241 3151 nec
3272 3095 3445 3166 ipsius
3470 3111 3571 3167 po-

1992 3188 2176 3243 tentize
2208 3188 2643 3258 magnitudinem
2683 3188 2918 3244 excedit.
2955 3186 3085 3254 Sed,
3107 3190 3571 3259 quemadmodum

1992 3278 2165 3333 asina:
2197 3277 2415 3331 Balaam
2470 3278 2725 3348 loquendi
2781 3279 2954 3334 indita
2986 3277 3245 3334 facultate
3282 3281 3353 3349 ",
3381 3295 3446 3335 ea
3478 3295 3572 3335 ar-

1990 3373 2129 3443 guit,
2165 3386 2285 3441 qua:
2314 3378 2469 3425 vates
2501 3371 2686 3426 animo
2718 3372 2995 3437 versabat,
3028 3372 3321 3429 consimile
3361 3373 3569 3444 aliquid

1992 3471 2125 3517 tunc
2151 3462 2313 3515 etiam
2342 3459 2418 3514 illi
2460 3462 2807 3518 monstravit.
2832 3460 2889 3516 ln
2914 3463 3059 3517 cervi
3085 3465 3345 3521 cornibus
3365 3475 3570 3523 sanetre

1991 3551 2173 3606 crucis
2208 3551 2328 3621 ipso
2360 3551 2475 3606 sole
2504 3550 2663 3622 longe
2690 3550 3077 3622 fulgentiorem
3118 3553 3373 3624 ﬁguram,
3404 3566 3567 3628 atque

1990 3643 2134 3698 inter
2162 3656 2371 3697 cornua
2402 3640 2572 3696 divini
2614 3642 2701 3698 sui
2737 3643 3015 3712 corporis,
3063 3646 3211 3715 quod
3244 3661 3343 3716 pro
3376 3657 3567 3705 nostra

1990 3733 2170 3789 salute
2201 3748 2423 3788 sumere
2469 3731 2730 3802 dignatus
2761 3740 2866 3800 est,
2909 3732 3137 3806 eﬂigiem
3164 3734 3443 3807 Ostendit;
3480 3738 3567 3794 in-

1989 3825 2215 3894 ditaque
2248 3838 2413 3879 cervo
2447 3838 2582 3879 voce
2615 3823 2879 3892 humana,
2924 3824 3011 3881 his
3063 3824 3343 3883 Placidam
3380 3831 3565 3887 verbis

1989 3914 2285 3985 compellat
2326 3932 2339 3969 :
2376 3911 2519 3979 Quid
2570 3930 2657 3970 me
2715 3918 3100 3986 persequeris,
3158 3917 3423 3977 Placida?
3484 3922 3564 3979 En

1990 4007 2069 4061 tui
2098 4021 2269 4062 causa
2299 4006 2546 4072 aderam,
2591 4021 2788 4076 meque
2821 4008 2917 4063 tibi
2952 4008 3055 4064 hoc
3085 4010 3138 4063 in
3175 4011 3396 4068 animali
3428 4029 3563 4070 οοιιο

1989 4099 2330 4171 spiciendum
2364 4098 2590 4168 praebui.
2620 4098 2729 4168 Ego
2756 4115 2876 4156 sum
2910 4098 3072 4158 Jesus
3095 4101 3373 4172 Christus,
3403 4122 3564 4176 quem

1990 4194 2252 4265 ignorans
2282 4192 2438 4248 colis.
2468 4189 2585 4245 Tua
2617 4206 2747 4262 erga
2778 4206 3054 4263 pauperes
3104 4193 3281 4250 oliicia
3328 4211 3566 4269 conspe-

1989 4286 2103 4341 ctui
2169 4300 2292 4341 meo
2327 4283 2621 4355 praesentia
2682 4282 2928 4339 luerunt.
2994 4284 3365 4351 Quamobrem
3419 4289 3565 4347 istuc

1989 4378 2133 4441 veni,
2165 4384 2220 4431 ut
2272 4392 2369 4447 per
2412 4377 2560 4434 hunc
2602 4392 2823 4434 cervum
2874 4394 2959 4433 me
3012 4381 3379 4449 patefacerem
3441 4385 3562 4452 tibi,

1987 4476 2148 4540 teque
2200 4469 2449 4525 vicissim
2502 4478 2705 4525 venatu
2755 4472 3301 4542 comprehenderem,
3349 4484 3405 4532 et
3450 4478 3566 4533 cle-

1987 4562 2205 4617 mentia:
2244 4577 2377 4617 meae
2402 4562 2656 4633 indagine
2692 4563 2993 4637 cingerem.
3018 4565 3128 4622 Nec
3160 4567 3306 4623 enim
3346 4585 3560 4641 mquum

1986 4650 2176 4718 fuerit,
2212 4660 2271 4707 ut
2299 4668 2459 4723 quem
2487 4654 2557 4709 ob
2595 4663 2747 4711 recte
2781 4657 3060 4727 probeque
3094 4656 3238 4713 facta
3270 4658 3460 4732 diligo,
3516 4663 3561 4719 is

1989 4746 2333 4803 daamonibus
2368 4746 2624 4817 impuris,
2674 4749 3017 4819 mortuisque
3049 4756 3105 4803 et
3154 4750 3343 4807 surdis
3383 4753 3560 4808 simu-

1989 4837 2156 4893 lacris
2200 4838 2423 4893 serviat.
2471 4836 2681 4893 Idcirco
2727 4839 2933 4910 quippe
2963 4840 3030 4895 ad
3063 4847 3264 4905 terras,
3296 4854 3358 4898 ea
3394 4858 3558 4914 quam

1988 4928 2172 4986 cernis
2222 4930 2405 5000 specie
2452 4929 2603 4997 veni,
2646 4939 2706 4985 ut
2754 4930 2941 5000 generi
2992 4932 3278 4990 hominum
3326 4934 3559 4992 salutem

1989 5021 2262 5079 aﬂerrem.
2304 5041 2325 5076 ι

1992 5113 2177 5170 Sancti
2226 5113 2430 5171 Leontii
2478 5113 2746 5190 _1_l_leapolis
2760 5115 2813 5168 in
2845 5114 3020 5190 Cypro
3044 5117 3230 5190 insula
3260 5116 3559 5190 [episcopi],

2371 5200 2437 5239 ea;
2470 5183 2604 5240 libro
2636 5203 2667 5241 v
2707 5183 3181 5242 Contrd'Judtcos.

2062 5296 2080 5329 ι
2121 5276 2367 5347 Agedum
2414 5274 2717 5347 deinceps,
2759 5290 2857 5347 age
2884 5275 2998 5346 jam
3033 5292 3190 5348 aaquo
3240 5276 3428 5333 animo
3466 5293 3553 5332 ve-

1984 5367 2309 5423 nerabilium
2359 5365 2660 5435 imaginum
2714 5365 3089 5422 defensionem
3143 5366 3554 5437 aggrediamur,

317 5432 477 5499 μεθα,
508 5434 654 5529 δπως
689 5437 1046 5509 ἐιιφρασθῶσι
1093 5443 1335 5513 στόματα
1379 5445 1617 5517 ἀνόμων,
1659 5450 1883 5505 λαλούν-

1994 5467 2042 5514 ut
2075 5459 2438 5515 obstrnantur
2478 5472 2573 5513 ora
2618 5457 2961 5527 loquentium
2995 5458 3212 5529 iniqua.
3257 5458 3375 5517 Non
3408 5458 3556 5513 enim

316 5538 425 5577 των
470 5522 657 5578 ἄδικα·
692 5526 889 5599 νομική
928 5530 1036 5601 γὰρ
1065 5532 1202 5605 αὕτη
1240 5536 1273 5606 ή
1303 5537 1622 5606 παράδοσις,
1654 5542 1748 5596 καὶ
1785 5545 1882 5615 οὐχ

389 5648 433 5681 ⁸⁵
451 5662 615 5718 Num.
645 5680 776 5733 ml,
809 5667 898 5723 ‘28.

1991 5549 2276 5611 inventum
2318 5557 2567 5605 nostrum
2604 5549 2737 5605 illud
2765 5557 2869 5617 est,
2905 5550 2999 5609 sed
3028 5551 3162 5622 legis
3191 5551 3374 5621 potius
3401 5550 3561 5609 msti-
