3986 6346
561 265 698 338 i383

556 389 753 436 tutum.
797 379 931 436 Nam
972 380 1140 439 Deum
1181 384 1361 458 ipsum
1404 391 1528 446 audi
1585 392 1754 467 Moysi
1793 402 2118 472 praecipien-

552 478 684 538 tem,
743 482 804 527 ut
853 475 1101 545 geminas
1150 477 1451 537 Cherubim
1515 485 1784 558 imagines
1841 495 2130 564 sculptiles

564 561 980 634 conﬂatilesque
1025 566 1385 639 fabrefaciat,
1437 576 1636 646 quibus
1690 561 2128 652 propitiatorium

550 653 1000 712 obumbraretur.
1042 659 1280 729 Adhtec,
1324 667 1588 737 templum
1655 669 1926 730 Ezechieli
1981 676 2126 736 Deus

549 745 812 811 ostendit,
869 749 1016 819 quod
1069 765 1099 804 a
1148 754 1460 823 pavimento
1508 760 1573 814 ad
1633 753 1908 833 laquearis
1968 767 2128 824 fasti-

547 837 720 908 gium,
752 839 1043 911 sculptilcs
1077 843 1320 916 leonum,
1351 851 1678 921 palmarum,
1701 855 2120 932 hominumque,

545 939 599 986 et
625 929 924 988 Cheruhim
956 935 1123 993 facies
1154 939 1418 999 habuisse
1448 945 1602 1003 dicit.
1623 948 1915 1008 Terribilis
1942 929 2124 1026 reipsa

546 1021 635 1076 hic
683 1038 865 1078 sermo
913 1034 1020 1081 est.
1068 1029 1208 1085 Deus
1256 1035 1350 1102 qui
1401 1034 1589 1092 lsraeli
1645 1040 1904 1110 injunxit,
1939 1061 2008 1101 ne
2043 1046 2122 1102 rei

543 1114 732 1178 ullius,
763 1115 877 1170 sive
906 1132 1028 1185 quae
1063 1119 1117 1172 in
1149 1123 1328 1188 caelis,
1361 1125 1477 1182 sive
1510 1145 1632 1198 qua:
1667 1132 1717 1184 in
1753 1140 1900 1188 terra
1926 1136 2120 1204 fuerit,

543 1204 802 1273 sculptile
823 1208 1143 1277 quodpiam,
1179 1223 1274 1268 aut
1304 1214 1598 1286 imaginem
1637 1221 2121 1286 similitudinciuve

543 1291 771 1362 faceret,
825 1297 942 1367 ipse
993 1299 1163 1372 Moysi
1202 1306 1470 1376 praeripit,
1507 1319 1566 1364 ut
1599 1315 1818 1385 seulpta
1865 1319 2118 1375 animan-

539 1385 636 1446 tia,
693 1387 1014 1457 Cherubim,
1068 1393 1316 1463 inquam,
1375 1397 1624 1458 fabricet.
1674 1404 1932 1473 Quinimo
1980 1412 2117 1470 Eze-

536 1475 700 1531 chieli
735 1481 994 1550 templum
1042 1493 1334 1555 monstrat,
1380 1490 1733 1565 imaginibus,
1779 1503 2118 1576 sculptisque

536 1562 774 1632 leonum,
837 1569 1169 1639 palmarum,
1217 1587 1271 1631 et
1319 1579 1605 1638 hominum
1659 1589 1972 1649 simulacris
2025 1611 2113 1652 re-

536 1650 755 1709 fertum.
812 1656 1070 1717 Salomon
1115 1663 1241 1720 item
1297 1667 1525 1739 figuram
1561 1674 2114 1754 designationemque

530 1757 598 1798 ex
639 1745 756 1816 lege
791 1758 1098 1820 mutuatus,
1133 1757 1306 1814 aeneis
1345 1760 1532 1828 boum,
1565 1745 1898 1835 palmarum,
1925 1780 1980 1826 et
2010 1773 2110 1830 ho-

530 1835 740 1892 minum
807 1839 1118 1901 simulacris
1173 1847 1390 1917 plenum
1475 1857 1734 1925 templum
1793 1865 2108 1922 exstruxit:

527 1941 705 1998 neque
761 1932 832 1987 ob
889 1934 942 1988 id
1000 1953 1231 2006 usquam
1279 1956 1309 1995 a
1367 1942 1478 2000 Deo
1543 1951 1914 2019 reprehensus
1973 1956 2109 2012 fuit.

527 2015 893 2084 Quamobrem
951 2027 996 2080 si
1062 2044 1149 2084 me
1200 2044 1422 2104 propter
1469 2037 1735 2110 imagines
1775 2045 2108 2104 condemna-

526 2123 588 2164 re
643 2112 750 2177 vis,
813 2113 982 2171 Deum
1034 2121 1188 2189 prius
1251 2138 1515 2193 accuses,
1567 2133 1663 2203 qui
1722 2134 1838 2191 haec
1900 2139 2108 2199 idcirco

528 2196 644 2254 ﬂeri
668 2201 872 2272 jussit,
900 2215 958 2262 ut
993 2209 1168 2280 ipsius
1212 2215 1356 2285 apud
1402 2235 1502 2275 nos
1545 2229 1808 2282 memoria
1849 2244 2105 2299 ρει-θενε-

523 2300 692 2347 raret.
744 2313 766 2348 ι

839 2388 1006 2464 375I
1040 2391 1288 2464 Ejusdem
1314 2416 1380 2455 ex
1413 2401 1548 2460 libro
1581 2407 1781 2476 quinto.

595 2493 617 2529 ι
657 2474 824 2536 Nobis
874 2497 1093 2540 rursum
1127 2488 1388 2561 illudunt,
1437 2474 1599 2565 quod?
1638 2501 1935 2570 pretiosam
1971 2520 2101 2561 cru-

517 2579 636 2621 cem
675 2567 1002 2652 divinaeque
1047 2577 1318 2652 imagines
1364 2585 1742 2658 designemus,
1782 2594 2100 2654 adoremus-

516 2673 653 2728 que,
713 2649 925 2734 noSque
987 2668 1265 2728 idolorum
1327 2689 1392 2731 ac
1447 2678 1748 2750 ligneorum
1806 2689 2095 2746 numinum

514 2749 754 2810 cultores
781 2766 1002 2825 vocant,
1035 2761 1136 2816 viri
1163 2766 1257 2835 qui
1283 2765 1451 2823 Deum
1483 2773 1706 2829 omnino
1729 2791 1836 2832 non
1869 2788 2074 2837 norunt

513 2841 670 2908 Quod
721 2845 794 2914 si,
847 2857 908 2904 ut
943 2855 1173 2923 asseris,
1208 2857 1403 2928 atliee,
1453 2861 1619 2919 Deum
1655 2867 1894 2939 ligneum
1945 2874 2090 2940 colo,

510 2941 659 2989 certe
689 2937 873 3006 plures
908 2957 1130 3013 quoque
1165 2962 1416 3003 veneror.
1448 2950 1506 3006 Si
1541 2937 1753 3024 plures,
1781 2960 1972 3030 utique
1998 2937 2092 3019 de;

504 3022 737 3093 jerando
789 3029 1002 3100 dixero,
1063 3035 1166 3089 Per
1211 3037 1336 3093 deos
1371 3055 1391 3094 :
1426 3022 1969 3112 quemadmodumet
2003 3063 2083 3123 tu,

2201 3022 2386 3120 θεούς,
2415 3022 2690 3130 ’καθάπερ

1721 286 1782 348 S.
1823 287 2066 352 JOANN
2073 293 2144 354 IS
2183 295 2611 365 DAMASCENI

3695 326 3838 395 1381

2156 411 2203 468 A
2233 411 2495 484 ἡμετέρα.
2557 417 2824 474 Ἄκουσον
2861 421 2970 494 γὰρ
3011 424 3192 492 ,αὐτοῦ
3227 428 3320 483 τοῦ
3359 433 3498 488 Θεοῦ
3562 437 3834 510 λέγοντος

2235 501 2370 572 πρὸς
2419 506 2689 573 Μωῦσέα,
2737 511 2953 578 εἰκόνας
2988 515 3080 570 δύο
3104 519 3387 594 Χερουϐὶμ
3417 501 3690 594 γλυπτῶν
3735 501 3833 590 καί

2221 595 2517 663 χωνευτῶν
2550 601 2981 669 κατασκευάσαι,
3019 609 3350 674 σκιαςόντων
3376 615 3438 669 τὺ
3473 619 3828 695 ἱλαστήριον.

2228 686 2340 740 Καὶ
2381 689 2564 756 πάλιν,
2612 692 2702 746 τὸν
2756 694 2882 750 ναὸν
2937 696 3137 765 ἔδειξεν
3173 705 3202 756 ό
3230 703 3365 771 Θεὸς
3400 709 3478 780 τῷ
3515 686 3821 785 Ἰεζεκιὴλ,

2226 777 2441 845 γλυπτὰ
2495 783 2780 853 πρόσωπα,
2831 790 3014 860 φησὶν,
3049 786 3184 863 εἶχε,
3216 777 3464 868 λεόντων,
3501 806 3601 857 καὶ

2225 882 2357 941 κων,
2390 867 2485 923 καὶ
2508 871 2827 943 ἀνθρώπων,
2863 880 2956 932 καὶ
2975 881 3278 954 Χερουϐὶμ,
3311 889 3420 942 ἀπὸ
3454 893 3547 946 τοῦ
3574 867 3817 968 ἐδᾶἶςους

2225 957 2392 1012 αὑτοῦ
2421 961 2525 1025 ἕως
2563 964 2656 1017 τοῦ
2682 966 3044 1044 φ-ατνὼματος
3080 973 3182 1044 τῆς
3213 978 3432 1050 στέγης,
3467 957 3812 1059 Ὅντωξφσί
3877 1025 3880 1030 -

2223 1044 2381 1117 σερὺς
2411 1051 2440 1103 ό
2461 1049 2636 1121 λόγος.
2673 1054 2730 1110 Ὀ
2750 1055 2895 1122 ⁸Θεὸς
2928 1062 3305 1136 ἐντειλάμενος
3321 1044 3410 1141 *τῶ
3469 1044 3696 1150 Ἰσραὴλ
3721 1044 3804 1152 ’μὴ

2224 1138 2448 1209 ποιῆσαι
2481 1143 2738 1212 γλυπτδν,
2782 1150 2920 1222 μήτε
2953 1152 3161 1222 εἰκόνα,
3201 1161 3342 1230 μήτε
3365 1138 3657 1237 όμοίωίιαί
3703 1138 3806 1226 δ’ςᾶ

2220 1229 2370 1284 ἐστὶν
2391 1233 2450 1287 ἐν
2468 1235 2547 1306 τῷ
2572 1237 2807 1310 οὐρανῷ,
2831 1243 2928 1297 καὶ
2949 1245 3050 1300 ὅσα
3075 1248 3221 1303 ἐστὶν
3265 1229 3358 1306 επὶ
3398 1229 3502 1327 τῆς
3541 1229 3675 1330 γῆς,
3708 1264 3804 1316 ad.

2218 1321 2314 1386 τὸς
2374 1329 2705 1396 προστάσσει
2742 1333 2821 1404 τῷ
2873 1337 3080 1410 Μωῦσῇ
3142 1343 3367 1414 ποιῆσαι
3413 1321 3803 1418 γλυπταηζιία

2217 1413 2518 1516 Χεφυδίμ·
2545 1422 2638 1474 καὶ
2666 1423 3015 1499 τῷΊεζεκιὴλ
3032 1431 3215 1503 πλήρη
3240 1413 3461 1492 εἰκόνων
3478 1443 3574 1495 καὶ
3593 1413 3802 1516 empi-

2462 1487 2467 1488 ,
2713 1487 2725 1494 ,
2838 1487 2853 1490 -
2969 1487 2981 1499 ,
3126 1487 3161 1503 ,,
3203 1487 3215 1503 ,
3277 1487 3798 1516 μνη-ν-.ν-,..-,....κ

2214 1487 2398 1578 τωὶίΡ)
2421 1511 2698 1580 Υλυπτῶν,
2729 1516 2978 1586 λεόντων,
3012 1524 3105 1576 καὶ
3141 1528 3419 1594 φοινίκων,
3451 1535 3545 1586 καὶ
3580 1536 3798 1606 ἀνθρὼ-

2218 1614 2354 1665 πων,
2385 1600 2627 1658 δείκνυσι
2657 1605 2748 1659 τὸν
2779 1609 2906 1664 ναὸν
2931 1614 2959 1665 ό
2985 1613 3147 1679 Θεός’
3177 1619 3272 1670 καὶ
3313 1621 3586 1692 Σολομὼν,
3617 1600 3804 1685 ὲκννό-

2220 1705 2320 1758 μου
2354 1689 2534 1764 λαϐὼν
2581 1694 2642 1746 τὸ
2688 1696 2946 1769 τύπωμα,
2998 1703 3180 1776 πλήρη
3231 1689 3498 1782 πεποίηκε
3537 1689 3628 1769 τδν
3668 1720 3797 1774 ναὸν
3841 1697 3921 1796 ’,Ι

2213 1781 2430 1850 χαλκῶν
2454 1784 2731 1854 γλυπτῶν,
2783 1792 2942 1861 βοῶν,
2983 1797 3078 1850 καὶ
3121 1802 3382 1867 φοινίκων
3406 1781 3429 1871 ,⁷
3456 1808 3548 1860 καὶ
3576 1810 3795 1882 ἀνθ

2213 1888 2349 1939 πων,
2382 1875 2476 1928 καὶ
2501 1875 2560 1929 ού
2591 1881 2945 1954 κατεγνώσθη
2989 1886 3094 1940 ὑπὸ
3141 1890 3234 1943 τοῦ
3261 1891 3397 1947 Θεοῦ
3423 1897 3479 1948 ἐν
3500 1900 3702 1968 τούτῳ.
3733 1902 3794 1955 ΕΞ

2209 1962 2390 2020 τοίνυν
2435 1965 2570 2036 ἐμοῦ
2629 1972 3066 2039 καταγινώσκειν
3116 1978 3293 2046 θέλεις
3350 1987 3478 2058 περὶ
3537 1990 3792 2060 εἰκόνων,

2209 2058 2628 2127 προκατάγνωθι
2663 2061 2754 2116 τοῦ
2797 2063 2932 2118 Θεοῦ
2978 2068 3154 2124 ταῦτα
3193 2077 3367 2128 ποιεῖν
3406 2078 3789 2150 κελεύσαντος,

2205 2144 2281 2211 ὡς
2309 2147 2614 2222 ὑπόμνησιν
2648 2152 2813 2208 αὑτοῦ
2847 2150 2987 2212 εῖναι
3027 2160 3162 2232 παρ’
3201 2164 3356 2234 ἡμῖν.
3402 2185 3423 2221 ι

2419 2417 2528 2472 Τοῦ
2557 2421 2765 2486 αὐτοῦ,
2805 2423 2874 2478 ἐκ
2902 2426 3010 2481 τοῦ
3047 2428 3320 2499 πέμπτου
3354 2436 3560 2505 λόγου.

2279 2522 2298 2556 ι
2335 2505 2504 2559 Πάλιν
2534 2509 2682 2579 ἡμᾶς
2713 2511 3060 2579 διαπαίζουσι
3091 2523 3218 2592 περὶ
3256 2523 3351 2578 τοῦ
3388 2529 3573 2598 τιμίου
3609 2549 3787 2591 σταυ-

2204 2595 2318 2666 ροῦ,
2351 2599 2444 2652 καὶ
2472 2598 2572 2670 τῆς
2610 2604 2721 2658 τῶν
2767 2605 3123 2664 θεοτυπώτων
3151 2614 3375 2671 εἰκόνων
3420 2625 3784 2691 σημεώσεὼς

2197 2703 2254 2740 τε
2277 2689 2371 2742 καὶ
2405 2695 2848 2766 προσκυνήσεως,
2891 2698 3280 2774 εἰδωλολάτρας
3311 2689 3583 2776 ἡμᾶςκαὶ
3617 2689 3780 2779 gula.
3813 2721 3818 2738 '

2197 2776 2352 2842 θέους
2371 2779 2751 2853 ὀνομάζοντες,
2777 2787 2826 2839 οἱ
2857 2789 3139 2846 πανάοεοι.
3172 2795 3233 2848 Εἰ
3261 2795 3318 2848 δὲ
3353 2797 3598 2866 ξυλόθεός
3628 2776 3776 2876 εἰμι,

2193 2871 2270 2934 ὡς
2290 2872 2490 2942 λέγεις,
2513 2875 2661 2942 ἄθεε,
2698 2877 2793 2932 καὶ
2821 2879 3082 2948 πολύθεος
3128 2886 3366 2953 πάντως.
3407 2892 3468 2944 Εἰ
3509 2893 3567 2947 δὲ
3599 2871 3777 2952 πολύ-ὲ

2193 2959 2334 3027 Θεος,
2385 2967 2554 3036 ὲχρῆν
2589 2984 2657 3039 με
2716 2969 2933 3036 πάντως
2965 2975 3207 3043 ὀμνύντα
3249 2979 3428 3049 λέγειν
3450 3001 3464 3015 ·
3499 2989 3596 3042 Μὰ
3624 2990 3776 3058 τοὺς

2737 3062 2832 3115 καὶ
2884 3064 2948 3116 σὺ
2977 3065 3071 3118 ἕνα
3108 3068 3248 3138 δρῶν
3279 3073 3500 3144 μόσχον,
3539 3078 3730 3148 ἔλεγες
3754 3098 3769 3112 ’

506 3118 786 3183 quondam
816 3121 1050 3177 vitulum
1082 3141 1254 3182 unum
1281 3132 1577 3201 aspiciens,
1607 3137 1795 3196 aiebas
1823 3159 1837 3194 :
1867 3141 1938 3196 Ηὶ
1965 3157 2086 3201 sunt

506 3203 584 3248 dii
632 3207 712 3248 ιηὶ
797 3206 967 3248 ΙενηοΙ
1015 3214 1062 3246 Μ
1133 3217 1188 3248 Α·
1250 3220 1519 3248 Arum-"ha:
1577 3225 1778 3248 :_-_s_-x-
1847 3233 1859 3248 .

2201 3118 2367 3201 οὗτοι
2403 3148 2459 3200 οἰ
2497 3148 2619 3202 θέοι
2658 3118 2804 3217 σου,
2841 3153 3080 3224 Ἰσραήλ
3100 3118 3128 3187 '7
3142 3118 3265 3213 In»
3279 3118 3420 3217 Γοὐξι
3472 3118 3769 3248 damma-(:1;

505 3203 584 3258 dii
631 3207 733 3274 mi,
790 3206 967 3266 Israel
1015 3214 1082 3269 ⁸⁸.
1124 3217 1193 3271 At
1249 3220 1521 3288 ejusmodi
1570 3225 1956 3298 jusjurandum
2017 3253 2085 3294 ex

504 3309 602 3353 ore
657 3299 1096 3364 Christianorum
1149 3322 1205 3368 te
1258 3317 1538 3376 audivisse
1573 3327 1894 3398 neutiquam
1932 3346 2084 3388 asse-

503 3391 734 3448 veraris.
801 3394 999 3453 Verum
1055 3403 1321 3466 adulterae
1385 3411 1683 3486 Syuagogze
1734 3391 2081 3482 consuetudo

501 3489 606 3548 est,
638 3491 698 3537 ut
743 3488 1127 3562 castissimam,
1158 3495 1361 3554 Christi
1398 3500 1733 3576 Ecclesiam,
1760 3525 1860 3568 ceu
1897 3530 2078 3573 mere-

501 3571 693 3628 tricem
726 3574 974 3635 infamet.
1013 3599 1032 3632 ι

572 3661 853 3733 Ejusdem.
892 3688 911 3722 ι
952 3669 1139 3744 Neque
1165 3679 1311 3736 enim
1333 3693 1650 3743 sanctorum
1678 3688 1904 3762 formas,
1942 3695 2078 3753 ima-

498 3753 653 3825 gines
683 3767 736 3812 et
771 3759 970 3831 figuras
1016 3768 1097 3821 uti
1129 3769 1266 3828 deos
1327 3777 1644 3836 adoramus.
1688 3782 1822 3840 Nam
1867 3789 1912 3844 si
1955 3797 2076 3845 tan-

496 3861 660 3916 quam
697 3847 864 3904 Deum
896 3853 1131 3924 ligneam
1181 3862 1474 3936 imaginem
1504 3871 1883 3944 adoraremus,
1919 3895 2076 3936 eum-

495 3934 618 3990 dem
650 3938 880 3996 omnino
911 3944 1120 4000 cultum
1166 3934 1399 4024 reliquis
1437 3959 1602 4014 etiam
1639 3961 1806 4033 lignis
1843 3934 2072 4026 exhibe-

493 4041 699 4094 remus,
747 4047 948 4104 neque,
977 4046 1038 4092 ut
1065 4056 1212 4112 saepe
1240 4048 1533 4122 contingit,
1569 4053 1863 4128 imaginem
1897 4059 2071 4120 forma

490 4119 664 4177 deleta
714 4127 1189 4191 combureremus.
1232 4136 1296 4192 Et
1331 4119 1572 4211 rursum,
1625 4119 1870 4219 qu'andiu
1923 4152 2070 4224 ligna

488 4215 671 4272 crucis
736 4229 989 4290 coaptata
1064 4239 1313 4297 manent,
1383 4233 1614 4291 formam
1691 4239 1840 4296 illam
1895 4245 2066 4304 adoro

486 4319 710 4378 propter
736 4325 860 4366 eum
895 4318 984 4385 qui
1023 4322 1328 4379 crucifixus
1359 4324 1496 4381 fuit:
1532 4329 1621 4382 ubi
1655 4346 1784 4388 vero
1814 4335 2064 4404 sejuncta

2184 3238 2344 3293 τοῦτο

2183 3420 2279 3492 τὴν
2326 3427 2695 3500 πανσὼφρονα
2743 3431 2982 3503 Χριστοῦ
3036 3432 3390 3509 Ἐκκλησίαν,
3427 3439 3503 3506 ὡς
3546 3420 3763 3520 πόρνην

2179 3509 2539 3584 διαγορεύειν.
2573 3534 2592 3569 ι
2641 3533 2672 3607 91
2700 3531 2796 3578 ,λιι

2251 3692 2363 3748 Τοῦ
2397 3695 2600 3751 αὺτοῦ.
2629 3713 2650 3748 ι
2687 3696 2820 3752 Οὐδὲ
2845 3697 2954 3771 γὰρ
2981 3700 3114 3773 παρ’
3139 3701 3316 3773 ἡμῶν,
3339 3703 3415 3768 ὡς
3442 3704 3559 3760 Θεοὶ
3587 3727 3760 3781 προσ-

2177 3783 2463 3837 κυνοῦνται
2503 3785 2554 3838 οἰ
2602 3785 2712 3838 τῶν
2763 3787 2936 3855 ἁγίων
2973 3789 3338 3862 χαρακτῆρες,
3392 3793 3488 3846 καὶ
3521 3795 3757 3863 εἰκόνες,

2174 3873 2269 3928 καὶ
2297 3874 2480 3930 τύποι.
2522 3877 2586 3929 Εἰ
2618 3876 2727 3948 γὰρ
2753 3877 2827 3942 ὡς
2859 3878 2978 3948 Θεῷ
3011 3882 3458 3955 προσεκυνοῦμεν
3489 3885 3567 3956 τῷ
3608 3888 3758 3961 ξύλῳ

2172 3964 2273 4036 τῆς
2309 3965 2536 4033 εἰκόνος,
2595 3968 2898 4040 ἐμέλλομεν
2953 3970 3172 4036 πάντως
3230 3975 3323 4028 καὶ
3370 3978 3484 4040 τοῖς
3541 3979 3756 4046 λοιποῖς

2173 4059 2500 4126 προσκυνεῖν
2535 4055 2732 4124 ξύλοις,
2769 4059 2865 4114 καὶ
2883 4061 2983 4132 οὐχ
3012 4061 3088 4127 ὡς
3117 4064 3396 4130 πολλάκις,
3431 4067 3754 4135 λεανθέντος

2169 4142 2262 4197 τοῦ
2297 4146 2676 4218 χαρακτῆρος,
2723 4148 2802 4219 τῷ
2841 4151 2974 4221 πυρὶ
3006 4152 3105 4223 τὴν
3147 4154 3328 4208 εἰκόνα
3355 4157 3749 4230 κατεκαίομεν.

2168 4237 2280 4291 Καὶ
2309 4237 2493 4306 πάλιν,
2528 4241 2634 4304 ἕως
2668 4241 2769 4312 μὲν
2816 4243 2931 4297 ἐστι
2971 4244 3326 4317 συνδεδεμένα
3365 4248 3433 4301 τὰ
3472 4249 3610 4316 ξύλα
3646 4254 3753 4308 τοῦ

2169 4327 2429 4400 σταυροῦ,
2461 4332 2754 4402 προσκυνῶ
2773 4332 2865 4386 τὸν
2886 4334 3055 4390 τύπον
3081 4335 3170 4389 διὰ
3197 4337 3289 4390 τὸν
3318 4339 3376 4390 ὲν
3398 4339 3545 4410 αὑτῷ
3576 4358 3752 4396 σταυ-

487 4397 713 4468 fuerint,
747 4404 934 4460 eadem
973 4411 1176 4482 abjicio
1207 4423 1371 4486 atque
1395 4420 1679 4478 comburo.
1708 4423 1774 4478 Et
1799 4397 2062 4496 quemad-

2201 4397 2408 4474 ωθέντα
2433 4397 2688 4491 Χριστὸν,
2725 4422 2863 4476 ἐπὰν
2907 4424 2964 4478 δὲ
2987 4423 3336 4497 διαιρεθῶσιν
3371 4428 3431 4493 ἐξ
3465 4397 3750 4501 ἀλλήλων,

485 4493 729 4559 modum,
754 4496 846 4566 qui
881 4499 1234 4572 imperatoris
1258 4507 1499 4564 edictum
1527 4493 1878 4586 obsignatum
1911 4521 2062 4577 acci-

483 4583 584 4652 pit,
618 4583 967 4658 sigillumque
999 4596 1308 4664 osculatur,
1338 4599 1384 4654 is
1415 4615 1523 4654 non
1555 4583 1751 4669 lutum,
1781 4605 2061 4665 chartam-

480 4687 568 4734 ve.
607 4681 702 4728 aut
733 4677 1018 4746 plumbum
1045 4695 1364 4754 veneratur,
1398 4689 1494 4745 sed
1531 4691 1846 4763 imperatori
1873 4699 2058 4767 potius

480 4761 746 4819 honorem
780 4766 961 4825 defert
995 4779 1050 4826 et
1091 4774 1514 4846 adorationem;
1550 4761 1632 4838 sic
1681 4799 1784 4841 nos
1832 4801 2054 4859 quoque

477 4849 804 4921 Christiani,
857 4860 1040 4915 crucis
1099 4861 1334 4921 formam
1391 4869 1702 4940 adorando,
1753 4890 1868 4931 non
1923 4878 2056 4950 ligni

476 4947 787 5014 materiam,
848 4951 946 5006 sed
1009 4957 1186 5028 magis
1237 4963 1610 5031 signaculum,
1669 4968 1929 5024 annulum
2001 4981 2057 5028 et

475 5037 851 5096 characterem
896 5041 1106 5100 Christi
1157 5049 1338 5119 ipsius
1387 5055 1775 5125 respicientes,
1813 5075 1910 5129 per
1960 5077 2055 5118 ca-

472 5127 594 5182 dem
649 5129 802 5187 illum
849 5135 947 5205 qui
996 5136 1149 5192 cruci
1202 5138 1396 5198 aliixus
1454 5141 1579 5212 fuit,
1641 5127 1950 5209 salutamus
1997 5164 2056 5210 et

473 5220 788 5282 adoramus.
819 5245 838 5280 ι

444 5512 448 5516 Ι
513 5417 585 5466 ’⁵⁸
614 5445 784 5505 Exod.
814 5467 988 5518 xxxii,
1014 5458 1066 5514 4.

2167 4509 2346 4580 ρίπτω
2397 4510 2539 4564 αὐτὰ
2585 4515 2680 4567 καὶ
2711 4515 3015 4569 κατακαίω.
3071 4517 3182 4571 Καὶ
3213 4517 3403 4591 ὥσπερ
3430 4522 3459 4573 ὁ
3489 4521 3750 4578 κέλευσεν

2163 4603 2430 4674 βασιλέως
2457 4605 2748 4677 δεξάμενος
2772 4609 3240 4682 ὲσφραγισμένην,
3272 4614 3366 4666 καὶ
3409 4615 3750 4687 ἀσπασάμε-
3811 4673 3844 4696 μ

2161 4713 2250 4760 νος
2277 4697 2375 4768 τὴν
2409 4699 2702 4769 σφραγίδα,
2723 4701 2784 4753 οὐ
2805 4700 2894 4754 τὸν
2915 4701 3086 4772 mles
3103 4703 3379 4776 ἐτίμησεν,
3401 4709 3463 4760 ού
3489 4708 3579 4762 τὸν
3599 4711 3747 4781 χάρ-
3775 4717 3846 4787 ιιι

2157 4803 2279 4858 την,
2315 4788 2348 4860 ἢ
2397 4787 2488 4842 τὸν
2539 4789 2806 4866 pegasea»
2839 4792 2974 4846 ἀλλὰ
3025 4793 3102 4865 τῷ
3135 4793 3347 4864 βασιλεί
3379 4799 3640 4870 ἀπένειμε
3677 4803 3745 4855 τὸ

2159 4879 2327 4944 σέϐας
2375 4880 2470 4934 καὶ
2497 4881 2598 4953 τὴν
2637 4883 3009 4955 προσκύνησιν
3031 4901 3046 4917 ο
3093 4885 3235 4940 οὕτω
3265 4888 3359 4942 καὶ¹
3391 4891 3744 4960 Χριστιανῶν

2152 4971 2376 5036 παῖδες,
2417 4969 2496 5042 τῷ
2521 4971 2678 5044 τύπῳ
2727 4973 2822 5026 τοῦ
2870 4975 3108 5047 σταυροῦ
3161 4979 3621 5048 προσκυνοῦντες,
3668 4984 3737 5036 οὐ

2149 5061 2250 5133 τὴν
2287 5061 2449 5132 φύσιν
2479 5063 2573 5116 τοῦ
2603 5061 2760 5130 ξύλου
2792 5066 3231 5138 προσκυνοῦμεν,
3269 5069 3406 5124 ἀλλὰ
3436 5071 3736 5144 σεραγίδα,
3757 5063 3914 5141 θίαν

2149 5153 2247 5207 καὶ
2271 5153 2580 5236 δακτύλιον,
2611 5156 2706 5208 καὶ
2748 5161 3071 5230 χαρακτῆρα
3105 5158 3343 5231 Χριστοῦ
3395 5161 3560 5216 αὑτοῦ
3616 5163 3740 5232 βλέ-
3797 5195 3864 5252 ,.-..‘
3919 5199 3921 5216 .

2157 5227 2462 5311 ποντεςξδιί
2487 5233 2658 5300 αὐτοῦ
2695 5247 2784 5303 τὸν
2805 5251 2862 5304 ἐν
2890 5250 3038 5323 αὐτῷ
3073 5253 3455 5325 σταυρωθέντα
3483 5253 3737 5319 ἀσπαζὸ-

2159 5335 2302 5404 μεθα
2331 5336 2424 5391 καὶ
2448 5339 2881 5410 προσκυνοῦμεν.
2923 5361 2940 5392 ι

3381 5423 3414 5436 κ

1747 5558 1975 5616 VARle
2015 5561 2416 5621 LECTIONES.

534 5670 560 5712 δ
583 5671 734 5744 Lego
759 5678 1138 5751 ὁμοιωμάτων,
1176 5694 1226 5738 ιιι
1268 5686 1436 5742 Ziuus
1464 5699 1513 5742 et
1547 5689 1707 5774 Tilm.
1749 5705 1803 5748 et
1835 5694 1888 5748 in
1920 5703 2026 5750 act.
2057 5697 2088 5750 7
2127 5711 2247 5767 syn.

2392 3243 2540 3311 παρὰ
2589 3244 2928 3314 Χριστιανῶν
2979 3254 3266 3322 στομάτων
3304 3257 3539 3313 ἀκοῦσαί
3590 3282 3762 3318 ποτε·

2184 3329 2298 3383 ἀλλ’
2325 3331 2557 3388 εἴθισται
2586 3337 2673 3390 ἀεὶ
2703 3339 2735 3409 ἡ
2769 3339 3019 3412 μοιχαλὶς
3044 3344 3137 3398 καὶ
3165 3345 3394 3413 ἄπιστος
3439 3352 3762 3428 Συναγωγή,
3855 3337 3878 3402 δ.
