3986 6346
192 449 317 515 1385

1271 454 1369 514 DE
1410 456 1870 519 IMAGINIBUS
1904 446 2187 510 ORATIO
2218 446 2333 506 III.

3292 445 3428 507 1386

255 555 363 612 Τοῦ
392 554 597 611 αὑτοῦ.
624 573 641 605 ι
670 555 780 608 Καὶ
808 555 896 609 διὰ
922 553 1078 607 τοῦτο
1113 557 1368 627 Χριστὸν,
1395 562 1491 612 καὶ
1521 516 1593 613 τά
1616 516 1752 633 Χρι-

1934 554 2207 624 Ejusdem.
2250 568 2281 621 ι,
2306 550 2483 617 Atque
2538 562 2656 601 eam
2717 547 2788 602 ob
2840 562 3063 602 causam
3117 544 3426 614 Christum,

189 646 303 700 στοῦ
335 646 517 717 πάθη,
547 646 607 698 ἐν
649 645 991 715 ἐκκλησίαις,
1026 647 1119 699 καὶ
1158 648 1347 711 οἴκοις,
1375 650 1471 702 καί⁹
1505 651 1752 721 ἀγοραῖς,

186 739 270 790 καὶ
298 738 356 789 ἐν
378 736 570 800 εἰκόσι,
611 736 709 789 καί⁸
729 737 787 789 ἐν
825 737 1045 802 σινδόνι,
1082 740 1175 791 καὶ
1202 740 1259 790 ἐν
1289 740 1557 810 ταμείοις,
1584 742 1679 815 καί
1699 742 1756 793 ἐν

188 829 432 896 ἰματίοις,
465 829 561 880 καὶ
594 828 654 880 ἐν
685 828 849 879 παντί
879 828 1030 897 τόπῳ
1066 828 1289 881 ἐκτυπῶ
1324 830 1416 882 καὶ
1445 829 1755 900 διαγράφω,

187 921 264 971 ἵνα
292 918 556 985 διηνεκῶς
586 918 950 988 όρῶνταῦτα,
979 920 1515 990 ἀναμιμνήσκωμαι,
1556 920 1649 972 καί
1682 922 1759 989 μὴ

1857 645 2176 717 Christique
2231 640 2542 710 passionem
2592 638 2646 707 in
2694 638 2968 699 ecclesiis,
3006 638 3060 691 in
3111 639 3341 705 aedibus,
3375 642 3429 694 in

1860 738 2021 800 foris,
2073 736 2139 811 in.
2180 732 2404 807 tabulis,
2455 731 2507 784 in
2551 730 2769 793 linteis,
2828 730 2882 783 in
2932 731 3216 787 cubilibus
3266 742 3323 786 et
3374 733 3431 785 in

1859 832 2133 894 vestibus,
2178 839 2341 897 atque
2386 828 2439 879 in
2487 826 2636 879 omni
2670 826 2794 891 loco
2819 826 3068 894 exprime
3094 835 3147 881 et
3179 826 3431 896 designo,

1863 931 1920 975 ut
1975 936 2069 990 per
2128 920 2445 972 continuam
2514 918 3039 983 considerationem,
3114 917 3433 971 memoriam

186 1010 547 1079 ἐπιλάθωμαι,
601 1009 793 1081 ὥσπερ
832 1013 896 1065 σὺ
943 1010 1210 1064 ἐπελάθου
1260 1012 1465 1082 Κυρίου
1501 1011 1596 1064 τοῦ
1621 1011 1759 1064 Θεοῦ

1880 1026 2050 1066 :orum
2090 1008 2472 1078 perfricamus,
2510 1022 2611 1061 nec
2646 1023 2887 1077 unquam
2922 1008 3333 1072 obliviscamur,
3379 1018 3437 1062 ut

188 1119 275 1155 σου
303 1100 407 1155 ἀεί.
447 1102 558 1155 Καὶ
584 1100 774 1175 ὥσπερ
799 1103 863 1155 σὺ
895 1102 1217 1171 προσκυνῶν
1239 1104 1299 1156 τὸ
1330 1102 1535 1172 βιϐλίον
1560 1103 1655 1156 τοῦ
1676 1104 1762 1155 νό-

1863 1111 1919 1154 ιιι
1962 1116 2176 1170 semper
2229 1101 2546 1171 oblitusﬂes
2611 1100 2853 1165 Domini
2884 1099 2978 1154 Dei
3028 1099 3126 1153 tui.
3178 1098 3438 1163 Quinimo

191 1210 310 1262 μου,
342 1193 403 1245 οὐ
441 1192 541 1261 τὴν
571 1193 732 1260 φύσιν
777 1193 889 1247 τῶν
933 1194 1218 1264 δερμάτων
1268 1188 1369 1247 καί
1403 1193 1498 1247 τοῦ
1535 1194 1764 1265 μέλανος

1880 1192 2053 1256 veluti,
2091 1208 2215 1246 cum
2253 1192 2503 1261 volumen
2550 1193 2686 1260 legis
2741 1193 2974 1269 adoras,
3022 1205 3131 1245 non
3170 1191 3440 1245 membra-

191 1285 536 1355 προσκυνεῖς,
571 1283 708 1336 ἀλλά
733 1286 859 1347 τοὺς
893 1283 1085 1352 λόγους
1121 1284 1219 1337 τοῦ
1261 1284 1396 1338 Θεοῦ
1430 1286 1558 1346 τοὺς
1580 1288 1764 1352 ἐγκει-

192 1376 383 1449 μένους
413 1375 471 1427 ἐν
504 1373 672 1445 αύτῷ,
712 1374 886 1433 οὕτως
916 1375 1070 1442 κάγὼ
1095 1379 1161 1446 τῇ
1193 1377 1364 1429 εἰκόνι
1396 1376 1490 1429 τοῦ
1523 1377 1763 1447 Χριστοῦ

190 1464 508 1535 προσκυνῶ,
540 1466 603 1518 ού
637 1468 705 1536 τῇ
744 1465 903 1533 φύσει
930 1466 1025 1519 τοῦ
1068 1466 1224 1531 ξύλου
1255 1469 1348 1521 καὶ
1382 1467 1493 1520 τῶν
1540 1469 1767 1540 χρωμά-

1880 1467 2073 1524 Christi
2135 1468 2427 1538 imaginem
2484 1467 2678 1528 adoro,
2735 1482 3079 1537 nequaquam
3133 1482 3260 1522 vero
3307 1468 3465 1535 ligni-

190 1571 328 1607 των·
364 1555 439 1625 μὴ
470 1555 718 1624 γένοιτοί
765 1556 882 1611 ἀλλ’
932 1557 1126 1628 ἀψύχῳ
1176 1559 1484 1628 χαρακτῆρι
1531 1552 1767 1629 Χριστοῦ

192 1642 531 1713 προσκυνῶν,
563 1644 631 1698 δι’
672 1645 838 1699 αὑτοῦ
861 1686 876 1710 ,
920 1648 1083 1700 αὑτὸν
1117 1649 1350 1718 Χριστὸν
1375 1649 1517 1701 δοκῶ
1552 1651 1769 1719 κρατεῖν

193 1735 282 1788 καὶ
302 1739 649 1806 προσκυνεῖν.
674 1738 785 1791 Καὶ
811 1737 1001 1809 ῶσπερ
1043 1738 1238 1793 Ἰακὼϐ
1282 1739 1576 1810 δεξάμενος
1621 1739 1771 1810 ποιρά

192 1828 296 1881 τῶν
335 1828 582 1898 ἀδελφῶν
621 1828 718 1882 τοῦ
784 1829 983 1900 Ἰωσὴφ
1012 1830 1104 1881 τὸν
1134 1829 1336 1900 χιτῶνα
1380 1830 1471 1883 τὸν
1524 1828 1767 1882 ποικίλον

1867 1300 2061 1337 narum
2092 1293 2145 1339 et
2186 1284 2478 1351 atramenti
2512 1294 2765 1349 naturam
2808 1283 3032 1346 adoras,
3062 1283 3155 1338 sed
3197 1283 3291 1336 Dei
3318 1298 3439 1338 ser-

1869 1394 2059 1433 mones
2113 1379 2206 1447 qui
2261 1378 2319 1433 in
2357 1394 2423 1433 eo
2479 1377 2670 1447 scripti
2722 1387 2888 1443 sunt;
2949 1379 3223 1434 consimili
3280 1370 3441 1431 modo

1870 1561 2190 1613 coloruntve
2225 1567 2519 1625 naturam;
2556 1558 2735 1629 absit!
2770 1557 2873 1617 sed,
2902 1558 3202 1613 inanimam
3231 1558 3439 1614 Christi

1873 1648 2101 1717 figuram
2138 1647 2396 1707 adorans,
2440 1660 2537 1719 per
2582 1660 2702 1699 eam
2746 1645 2882 1698 mihi
2932 1644 3123 1707 videor
3150 1645 3445 1715 ipsummet

1872 1738 2153 1793 Christum
2209 1736 2499 1804 complecti
2552 1746 2601 1799 et
2643 1735 2915 1803 adorare.“
2944 1738 3013 1788 At
3061 1735 3203 1790 sicut
3249 1734 3442 1797 Jacob,

1874 1844 1997 1880 cum
2032 1842 2062 1879 a
2096 1824 2317 1894 Iosephi
2362 1825 2627 1880 fratribus
2677 1826 2769 1893 qui
2824 1826 3004 1894 ipsum
3058 1825 3441 1889 vendiderant,

195 1918 527 1987 ᾑμαγμένον,
563 1921 654 1974 ὅτε
687 1920 1004 1991 ἐπίπρασαν
1027 1921 1118 1974 τὸν
1153 1921 1351 1992 Ἰωσὴφ
1374 1960 1388 1983 ,
1436 1920 1766 1988 κατεφίλησε

1880 1920 2077 1972 variam
2114 1917 2359 1985 ejusdem
2392 1917 2639 1971 tuniCam
2674 1916 2942 1987 sanguine
2974 1925 3259 1970 cruentam
3294 1932 3446 1971 recc-

195 2004 404 2069 πάντως
448 2010 539 2061 τὸν
582 2006 787 2078 χιτῶνα
816 2011 954 2080 μετά
986 2010 1260 2080 δακρύων,
1304 2011 1398 2063 καὶ
1427 2011 1537 2072 τοῖς
1567 2008 1768 2078 ὀφθαλ-

195 2096 309 2163 μοῖς
336 2099 448 2159 τοῖς
477 2096 625 2159 ἰδίοις
651 2097 842 2151 τοῦτον
865 2098 1081 2168 ἔθηκεν,
1112 2100 1171 2151 ού
1194 2099 1254 2151 τὸ
1287 2099 1502 2169 ἰμάτιον
1530 2096 1770 2177 θρηνῶν,

1872 2011 2062 2080 pisset.
2092 2008 2235 2062 hanc
2268 2023 2392 2061 cum
2437 2007 2697 2079 lacrymis
2727 2008 3099 2074 deosculatus,
3130 2006 3447 2063 oculis/suis

1871 2102 2167 2171 apposuit;
2224 2114 2334 2153 non
2389 2084 2549 2168 quasi
2600 2099 2841 2152 tunicam
2899 2098 2991 2153 ille
3045 2098 3291 2163 defieret,
3351 2095 3450 2153 Sed

190 2184 325 2238 ἀλλά
356 2187 423 2238 δι’
450 2188 618 2240 αὐτοῦ
662 2188 753 2241 τὸν
805 2189 1004 2259 Ἰωσὴφ
1034 2190 1271 2259 νομίζων
1304 2189 1647 2258 καταφιλεῖν,
1678 2189 1772 2241 καὶ

1880 2194 2017 2261 quod
2047 2208 2141 2262 per
2170 2208 2289 2246 eam
2320 2189 2623 2261 Josephum
2659 2190 2833 2258 ipsum
2879 2191 3148 2254 osculari,
3180 2200 3236 2245 et
3272 2190 3453 2243 mani-

189 2277 249 2329 ἐν
276 2278 462 2346 χερσὶν
493 2277 654 2330 αὑτὸν
677 2279 951 2348 κατέχειψ
974 2279 1118 2333 οὕτω
1146 2282 1239 2333 κοιλ⁸
1271 2279 1612 2350 Χριστιανῶν
1641 2282 1770 2330 παῖ-

188 2367 278 2428 δες
340 2367 527 2419 εἰκόνα
556 2367 820 2437 Χριστοῦ,
846 2369 879 2438 ἦ
903 2370 1224 2434 ἀποστόλου,
1250 2370 1281 2439 ἢ
1311 2369 1586 2439 μάρτυρος
1640 2385 1773 2421 κατ-

186 2456 561 2531 ασπαζόμενν
581 2460 646 2529 τῇ
679 2460 939 2531 mpm
956 2460 1103 2531 ψυχῇ
1125 2460 1420 2530 νομίζομεν
1445 2459 1609 2513 αὑτὸν
1634 2461 1775 2512 ἐκεῖ·

186 2475 509 2527 ασπαςομεν
581 2475 646 2529 τῃ
679 2475 781 2530 σαρ
956 2475 1103 2531 ψυχῃ
1125 2475 1420 2530 νομιζομεν
1445 2475 1609 2513 αυτον
1634 2475 1775 2512 εκει-

186 2561 279 2600 νον
317 2547 407 2599 τὸν
482 2475 947 2622 Χῗιισω
990 2549 1247 2622 μάρτυρα
1313 2550 1478 2603 αὑτοῦ
1534 2549 1777 2613 ἀσπάζε-

188 2634 411 2693 σθαι....
429 2637 519 2701 Ὠς
539 2630 964 2707 rem;
986 2636 1161 2704 εἷπον,
1184 2641 1212 2693 ό
1240 2630 1441 2704 σκοπὸς
1463 2640 1775 2705 ἐξετάζεται

183 2725 283 2781 ἐπὶ
308 2728 509 2791 παντὸς
529 2725 848 2800 ἀσπασμῒιπ
863 2732 961 2784 καὶ
986 2731 1080 2783 ἐπί
1109 2731 1293 2801 πάσης
1324 2731 1774 2800 προσκυνήσεως.

185 2820 255 2873 Εἰ
279 2819 339 2872 δέ
374 2819 499 2889 ἐμοὶ
541 2821 815 2888 ἐγκαλεῖς,
864 2822 1061 2892 λέγων,
1094 2824 1175 2876 ὅτι
1206 2823 1501 2896 προσκυνῶ
1527 2823 1606 2893 τῷ
1637 2821 1778 2893 ξύλῳ

181 2910 285 2964 τοῦ
321 2910 579 2981 σταυροῦ,
614 2911 703 2966 διὰ
735 2913 789 2964 τί
833 2914 933 2966 οὐκ
956 2914 1205 2982 ἐγκαλεῖς
1245 2915 1320 2984 τῷ
1363 2913 1581 2978 Ἰακὼϐ,
1618 2932 1780 2985 προσ-

184 3004 487 3074 κυνήσαντι
537 3005 631 3056 ἐπὶ
687 3003 748 3056 τὸ
784 3004 955 3075 ἀκρον
1005 3006 1105 3074 τῆς
1158 3005 1356 3076 ῥάϐδου
1402 3005 1496 3059 τοῦ
1539 3005 1777 3075 Ἰωσήφ;

199 3092 369 3147 Ἀλλά
400 3093 687 3164 πρόδηλον,
719 3096 801 3147 ὅτι
841 3095 903 3147 ού
940 3093 1003 3147 τὸ
1033 3094 1188 3160 ξύλον
1224 3095 1401 3166 τιμῶν
1434 3096 1779 3167 προσεκύνη-

185 3200 314 3251 σεν,
346 3183 482 3239 ἀλλά
514 3182 602 3238 διὰ
633 3184 729 3237 τοῦ
782 3184 940 3251 ξύλου
973 3186 1052 3257 τῷ
1111 3185 1311 3257 Ἰωσὴφ
1344 3186 1775 3257 προσεκύνησεν,

183 3278 389 3347 ὥσπερ
427 3280 520 3332 καὶ
554 3282 717 3349 ἡμεῖς
747 3279 834 3331 διὰ
857 3278 953 3333 τοῦ
988 3279 1224 3350 σταυροῦ
1253 3279 1331 3349 τῷ
1357 3278 1601 3349 Χριστῷ.
1622 3280 1779 3333 Ἐπεὶ

182 3368 291 3421 καὶ
329 3367 577 3438 ’Λϐραὰμ
601 3369 711 3429 τοῖς
751 3367 1069 3438 πωλήσασιν
1099 3367 1249 3438 αὺτῷ
1268 3369 1360 3421 τὸν
1383 3368 1554 3436 τάφον
1578 3366 1779 3438 ἀνδρά-

180 3477 281 3513 σιν
308 3459 529 3514 ἀσεϐέσι
556 3460 959 3530 προσεκύνησε,
1001 3461 1096 3514 καὶ
1126 3459 1256 3527 γόνυ
1283 3459 1529 3528 ἔκαμψεν
1563 3460 1655 3510 ἐπὶ
1682 3462 1781 3527 τὴν

180 3551 326 3621 γῆν,
375 3551 489 3604 ἀλλ’
517 3552 615 3619 οὐχ
648 3550 724 3614 ὡς
766 3551 921 3612 θεοὺς
975 3551 1173 3611 αὐτοὺς
1220 3550 1623 3619 προσεκύνησε.
1673 3550 1783 3600 Καὶ

182 3640 383 3706 πάλιν,
426 3643 455 3693 ὁ
510 3638 704 3692 Ἰακὼϐ
745 3639 837 3692 τὸν
884 3630 1082 3708 Φαραὼ
1110 3638 1414 3707 ηὐλόγησεν
1437 3680 1452 3702 ,
1482 3637 1655 3707 ἀσεϐῆ
1688 3626 1791 3691 καί

182 3730 593 3800 εἰδωλολάτρην
633 3729 780 3796 ὄντα,
817 3730 1024 3783 καὶτὸν
1071 3714 1241 3781 Ἡσαῦ
1272 3729 1521 3792 ἑπτάκις,
1548 3728 1664 3782 ἀλλ’
1687 3730 1784 3799 οὐχ

179 3824 271 3888 ὡς
296 3823 453 3876 Θεόν.
489 3822 814 3887 Ἰδέπόσους
842 3822 1171 3897 ἀσπασμοὺς
1199 3821 1295 3874 καὶ
1338 3821 1511 3883 πόσας
1543 3837 1782 3890 προσκυ-

178 3916 387 3986 νήσεις
426 3913 683 3977 ἀπέδειξα
737 3929 841 3970 σοι.
875 3913 1151 3983 γραφικάς
1199 3911 1392 3977 τεκαὶ
1412 3911 1676 3980 φυσικὰς,
1707 3912 1783 3981 μὴ

10 4038 19 4069 ;
54 4028 71 4047 ς
104 4004 429 4078 ἐχούσας
465 4005 837 4073 κατάγνωσιν;
880 4005 981 4074 ἐμὲ
1005 4004 1060 4056 δὲ
1094 3996 1239 4056 ἐπὰν
1268 4004 1383 4074 ἴδῃς
1423 4004 1611 4055 εἰκόνα
1648 4004 1786 4073 Χρι-

180 4094 354 4157 στοῦ,
384 4094 418 4164 ἢ
448 4096 548 4165 τῆς
583 4094 859 4163 πανάγνου
889 4092 1054 4147 αὑτοῦ
1084 4093 1326 4163 Μητρὸς,
1358 4092 1393 4163 ἢ
1421 4092 1577 4161 ἁγίου
1612 4109 1785 4163 προσ-

177 4184 495 4249 κυνοῦντα,
528 4186 858 4254 ἀγανακτεῖς
900 4184 1124 4251 εὐθέως,
1158 4186 1253 4237 καί
1294 4184 1657 4255 βλασφημεῖς,
1694 4184 1786 4238 καὶ

177 4262 511 4347 ἁποπήδᾷς,
539 4278 635 4331 καὶ
667 4276 1065 4348 εἰδωλολάτρην
1110 4293 1178 4347 με
1208 4276 1525 4341 ἀποκαλεῖς,
1548 4276 1644 4330 καί
1688 4277 1788 4329 οὐκ

177 4358 468 4451 αἰσχύνῃς
495 4370 590 4424 καὶ
626 4369 890 4441 φρίττεις,
936 4370 1035 4424 καὶ
1058 4369 1359 4441 ἐρυθριᾷς,
1382 4369 1526 4440 δρῶν
1557 4386 1625 4440 με
1663 4369 1787 4423 καθ’

180 4460 445 4528 ἑκάστην
471 4457 684 4528 ἡμέραν
705 4458 762 4510 ἐν
782 4457 933 4530 πάσῃ
955 4460 1020 4529 τῇ
1043 4458 1339 4529 οἰκουμένῃ
1363 4459 1526 4521 ναοὺς
1555 4457 1788 4511 εἰδώλων

1874 2285 1976 2338 bus
2004 2282 2297 2351 complecti
2330 2281 2434 2336 sibi
2478 2280 2755 2334 videretur
2787 2281 2883 2355 ⁸⁷ης
2920 2282 3002 2337 sic
3050 2291 3105 2336 et
3153 2297 3254 2338 nos
3283 2280 3448 2335 Chri-

1875 2375 2040 2430 stiani
2081 2374 2373 2442 imaginem
2416 2372 2650 2441 apostoli
2695 2373 3025 2442 martyrisve
3061 2374 3269 2428 carnali
3298 2389 3452 2428 more

1874 2466 2334 2534 complectentes,
2357 2463 2542 2517 animo
2567 2471 2884 2532 reputamus
2916 2480 3036 2528 nos,
3058 2464 3141 2518 vel
3169 2464 3451 2521 Christum

1876 2557 2093 2624 ipsum,
2140 2555 2227 2608 vel
2282 2562 2572 2624 martyrem
2622 2554 2744 2623 ejus
2794 2553 3184 2622 ampleXari....
3250 2555 3455 2621 Quam-

1876 2648 2087 2709 obrem,
2111 2655 2169 2699 ut
2199 2645 2400 2714 sapius
2436 2644 2570 2709 dixi,
2609 2644 2659 2698 in
2690 2646 2837 2698 omni
2873 2646 3201 2709 salutatione
3223 2646 3304 2700 vel
3331 2646 3457 2703 ado-

1878 2735 2090 2789 ratione
2120 2734 2450 2805 disquiritur
2486 2735 2736 2789 intentio.
2767 2735 2924 2800 Quod
2956 2736 3001 2790 si
3031 2737 3163 2807 mihi
3196 2736 3457 2790 crimina—
3496 2794 3499 2797 _

1879 2828 1977 2893 ris,
2006 2829 2163 2897 quasi
2197 2827 2384 2882 crucis
2418 2826 2644 2896 lignum,
2672 2843 2768 2882 ceu
2802 2828 2969 2881 Deum
3003 2827 3224 2885 adorem
3247 2846 3261 2895 ;
3284 2843 3456 2897 quare

1880 2935 1991 2973 non
2031 2919 2159 2973 item
2192 2917 2364 2973 Jacob
2386 2934 2637 2983 accusas,
2668 2919 2763 2988 qui
2798 2917 3202 2990 v'irganJosephi
3229 2918 3457 2981 summi-
3490 2976 3493 2979 _

1881 3018 2047 3065 tatem
2072 3009 2325 3064 adoravit
2346 3010 2429 3083 ⁵⁸2
2448 3009 2517 3062 At
2547 3008 2900 3063 manifestum
2931 3018 3013 3063 est
3042 3025 3165 3064 eum
3188 3024 3298 3065 non
3325 3009 3454 3080 ligni

1881 3101 2188 3159 honorandi
2222 3116 2389 3155 causa
2428 3100 3161 3175 adorationemexhibuisse
3184 3141 3198 3165 ,
3231 3099 3327 3154 sed
3356 3116 3456 3171 po-

1881 3197 1991 3252 tius
2016 3210 2113 3265 per
2144 3194 2415 3248 honorem
2453 3192 2602 3262 ligno
2648 3194 2975 3261 praestitum,
3013 3192 3278 3261 adorasse
3307 3190 3459 3246 lusco

1883 3288 2073 3356 phum,
2128 3282 2289 3355 375
2326 3284 2470 3338 sicut
2515 3283 2573 3336 in
2609 3296 2775 3336 cruce
2805 3281 3088 3338 Christum
3139 3282 3456 3339 adoramus.

1882 3378 2088 3432 Eodem
2128 3378 2291 3445 plane
2324 3373 2488 3428 modo
2513 3388 2625 3440 quo
2659 3373 2938 3427 Abraham
2980 3373 3229 3428 homines
3262 3373 3460 3443 impios

1816 3518 1817 3521 η
1884 3487 1911 3520 a
1945 3468 2143 3538 quibus
2170 3466 2487 3535 sepulcrum
2518 3464 2883 3526 mercabatur,
2910 3463 3144 3533 genibus
3169 3463 3223 3516 in
3252 3471 3458 3517 terram

1884 3555 2143 3612 demissis
2176 3554 2452 3618 adoravit,
2491 3568 2838 3623 nequaquam
2884 3561 3067 3607 tamen
3119 3554 3199 3608 uti
3232 3554 3364 3609 deos
3391 3554 3457 3608 ⁵⁸.

1884 3645 1964 3698 Ad
1992 3646 2126 3709 lu-c,
2171 3643 2342 3697 Jacob
2384 3641 2680 3706 Pharaoni,
2718 3640 2886 3717 impio
2920 3641 3045 3713 licet
3073 3641 3461 3710 idolorumque

1885 3736 2107 3801 cultori,
2138 3735 2421 3790 benedixit
2445 3734 2510 3800 ⁶⁰,
2537 3744 2699 3802 atque
2729 3735 2931 3801 septies
2962 3734 3104 3788 Esau
3134 3734 3202 3798 “,
3225 3732 3322 3789 sed
3351 3748 3460 3787 non

1889 3830 1965 3883 uti
2010 3827 2203 3892 Deum,
2238 3808 2507 3882 adoravit.
2542 3823 2700 3889 Vide,
2744 3834 2880 3894 quot
2925 3825 3023 3879 tibi
3073 3826 3537 3901 salutationes.“

1887 3930 2128 3991 quotque
2167 3919 2544 3981 adorationes,
2579 3927 2691 3969 tum
2731 3918 2785 3970 in
2827 3915 3132 3991 Scripturis
3180 3916 3462 3989 probatas,

1888 4020 2002 4067 tum
2040 4011 2345 4075 naturales,
2380 4008 2516 4063 nulli
2563 3994 2795 4077 prorsus
2842 4007 3254 4075 reprehensioni
3286 4008 3463 4062 obno-

1887 4088 2006 4159 xias
2034 4100 2378 4172 protulerim.
2410 4097 2493 4153 Tu
2535 4114 2688 4162 vero,
2722 4114 2847 4151 cum
2881 4098 3108 4161 Christi,
3145 4105 3241 4151 aut
3265 4098 3464 4153 castis-

1888 4196 2042 4251 sima:
2075 4192 2265 4247 Matris
2292 4192 2465 4256 illius,
2508 4200 2603 4245 aut
2639 4191 2819 4246 sancti
2852 4190 3141 4259 cujusdam
3170 4190 3461 4259 imaginem

1888 4302 1991 4341 nos
2017 4285 2171 4340 vides
2199 4283 2452 4347 adorare,
2489 4282 2784 4337 Confestim
2839 4280 3294 4351 indignabundus
3327 4280 3460 4335 idin

1889 4381 2098 4434 crimen
2132 4376 2301 4431 vertis
2322 4417 2339 4442 ,
2367 4372 2713 4444 aufugisque,
2742 4379 2798 4427 et
2845 4387 2930 4426 me
2966 4366 3307 4424 idololatram
3361 4383 3463 4422 uo-

1889 4468 2089 4523 minas.
2124 4464 2245 4520 Non
2272 4472 2324 4519 te
2356 4463 2558 4534 pudet?
2594 4478 2704 4516 non
2750 4459 3160 4532 perhorrescis?
3206 4471 3317 4512 non
3367 4472 3463 4510 ru-

180 4549 566 4613 καταλύοντα,
596 4550 693 4603 καί
715 4550 876 4613 ναοὺς
905 4551 1196 4621 μαρτύρων
1218 4550 1601 4620 ἀνεγείροντας
1635 4549 1778 4602 Εἰτά

1893 4560 2025 4614 bore
2057 4555 2410 4618 sulfunderis,
2442 4552 2659 4624 quando
2694 4568 2780 4623 me
2816 4552 2965 4606 vides
2995 4550 3049 4603 in
3084 4550 3342 4603 universo
3370 4563 3466 4603 or-

177 4640 405 4698 εἴδωλα
430 4639 822 4711 προσεκύνουν,
853 4640 997 4693 διατί
1027 4642 1154 4704 τοὺς
1177 4641 1463 4711 μάρτυρας
1487 4626 1789 4710 τιμῶντοὺς

181 4729 627 4795 καταλύσαντας
654 4729 724 4783 τά
751 4728 979 4794 εἶδωλα;
1011 4731 1061 4781 εἰ
1090 4729 1148 4782 δὲ
1177 4728 1244 4782 τά
1274 4728 1426 4794 ξύλα,
1460 4728 1536 4791 ὼς
1560 4728 1685 4798 φὴς,
1710 4729 1797 4780 δο-

177 4822 381 4893 ξάζω,
410 4822 527 4886 πῶς
552 4821 697 4893 τιμῷ
722 4822 852 4884 τοὺς
876 4821 1085 4891 ἁγίους,
1117 4823 1243 4886 τοὺς
1290 4823 1360 4875 τά
1404 4820 1591 4886 ξύλινα
1628 4820 1793 4886 ξόανα

176 4914 319 4969 τῶν
342 4911 613 4982 δαιμόνων
642 4911 1130 4977 κατακαύσαντας
1160 4911 1222 4964 Et
1251 4910 1313 4988 δὲ
1340 4912 1436 4965 καὶ
1453 4912 1582 4974 τοὺς
1614 4910 1794 4973 λίθους

172 5000 441 5069 δοξάζω,
475 5001 591 5064 πῶς
611 5001 820 5068 δοξάζω
843 5002 971 5065 τοὺς
993 5001 1342 5065 ἀποστόλους,
1380 5004 1504 5064 τοὺς
1530 5004 1597 5055 τὰ
1619 5001 1796 5055 λίθινα

174 5092 406 5148 εἴδωλα
431 5093 912 5157 κατακλάσαντας;
940 5094 1001 5145 Εἰ
1022 5093 1118 5155 τὰς
1148 5093 1365 5155 εἰκόνας
1389 5092 1495 5145 τῶν
1518 5093 1798 5162 ψευδωνύ-

177 5201 336 5258 μων
360 5182 497 5235 θεῶν
527 5184 690 5246 σέϐω,
733 5184 852 5248 πῶς
880 5185 1088 5252 δοξάζω
1108 5225 1124 5249 ,
1152 5185 1244 5239 καὶ
1277 5184 1504 5246 ἐπαινῶ,
1558 5185 1653 5238 καὶ
1679 5186 1795 5253 ἐορ-

171 5278 307 5338 τὰς
370 5276 602 5328 ἐπιτελῶ
647 5277 756 5329 τῶν
804 5277 1028 5339 παιδῶν,
1069 5276 1177 5329 τῶν
1208 5277 1266 5329 ἐν
1299 5274 1575 5330 Βαϐυλῶνι
1629 5276 1797 5347 ἀθλη-

174 5368 451 5431 σάντων,
476 5368 571 5420 καὶ
594 5370 659 5438 τῇ
690 5368 858 5421 εἰκόνι
887 5370 953 5438 τῇ
974 5370 1149 5439 χρυσῇ
1172 5367 1246 5439 μὴ
1274 5356 1792 5439 προσκυνησάντων,

170 5462 262 5533 τῇ
306 5458 605 5529 εἰδωλικῇ;
640 5458 782 5511 Ἀλλ’
814 5458 982 5521 ὅντως
1029 5458 1197 5527 πολλὴ
1234 5459 1344 5512 τῶν
1366 5459 1584 5528 ἀνόμων
1616 5464 1646 5529 ἠ
1671 5458 1793 5535 πῶ-

119 5600 131 5610 ,
174 5530 412 5630 ρῷσις,
442 5552 611 5624 πολλὴ
633 5551 925 5622 τύφλωσις.
959 5547 1031 5603 Ὦ
1074 5552 1322 5618 Ἰουδαῖε,
1365 5552 1536 5623 πολλὴ
1564 5558 1596 5621 ἡ
1638 5530 1793 5607 ἀναί-

334 5729 386 5762 "
416 5728 554 5784 Gen.
591 5742 805 5796 xxxvn,
849 5726 918 5780 32
950 5702 1106 5797 seqq.

167 5805 228 5837 οι
264 5799 427 5858 Gen.
455 5815 648 5863 sum,
682 5800 735 5853 5.
812 5799 856 5829 θ’
876 5797 1010 5852 Dan.
1047 5813 1127 5862 ιιι,
1161 5797 1187 5851 ἰ
1218 5813 1373 5867 seqq.

542 5894 812 5950 ΡΑτιιοι..
844 5892 962 5949 Cn.
1008 5890 1204 5949 XCIV.

1203 5727 1248 5759 ⁸⁸
1284 5726 1423 5782 Gen.
1482 5743 1672 5791 XLVIII,
1718 5725 1815 5791 l5;
1860 5723 2025 5780 Hebr.
2068 5738 2144 5788 ιιι,
2191 5721 2281 5777 2i.

1890 4653 1959 4707 be
2032 4649 2302 4704 idolorum
2370 4647 2598 4700 delubra
2658 4644 3089 4709 demolientem,
3156 4643 3469 4713 templaque

1891 4744 2199 4807 martyrum
2262 4734 2458 4787 honori
2522 4730 2938 4787 exstruentem?
3003 4730 3149 4799 quod
3209 4731 3256 4785 si
3317 4729 3468 4784 idola

1893 4826 2081 4888 adoro,
2113 4822 2244 4893 quid
2275 4832 2359 4877 est
2403 4837 2503 4876 cur
2548 4829 2818 4891 martyres
2853 4817 3124 4871 idolorum
3176 4832 3469 4873 eversores

1894 4913 2199 4969 honorem?
2226 4911 2372 4982 quod
2425 4911 2473 4966 si
2501 4910 2687 4979 lignis,
2726 4910 2805 4963 uti
2838 4905 2988 4977 loqui
3027 4922 3201 4973 amas,
3236 4908 3470 4978 gloriam

1896 5002 2082 5057 defero
2110 5017 2123 5066 ;
2156 5001 2250 5071 qui
2282 5000 2360 5064 fit,
2408 5009 2466 5054 ut
2497 4999 2704 5053 ltonore
2736 4997 2987 5052 homines
3020 5007 3245 5053 sanctos
3272 5013 3469 5068 prose-

1895 5109 2055 5163 quar,
2078 5092 2171 5163 qui
2198 5092 2404 5161 ligneas
2429 5091 2738 5145 daemonum
2768 5101 2980 5144 statuas
3008 5088 3472 5145 combusserunt?

1899 5186 2004 5241 Sed
2050 5186 2095 5239 si
2137 5184 2346 5254 lapides
2394 5184 2643 5250 celebro;
2690 5197 2791 5236 cur
2834 5181 3116 5251 apostolos
3172 5182 3343 5252 ipsos,
3373 5182 3469 5252 qui

1897 5274 2111 5345 lapidea
2166 5274 2459 5330 simulacra
2516 5273 2999 5337 comminuerunt,
3060 5272 3415 5333 celebravero
3447 5275 3485 5335 ?.

1899 5367 2044 5437 quod
2067 5366 2110 5421 si
2140 5354 2356 5420 tandem
2382 5365 2646 5420 falsorum
2668 5364 2896 5418 deorum
2916 5365 3471 5436 venerorimagiues;
3502 5422 3505 5425 .

1901 5473 2070 5527 quare
2104 5456 2273 5526 igitur
2333 5460 2495 5513 trium
2570 5469 2870 5525 puerorum
2896 5455 2962 5519 δ’,
2983 5448 3223 5529 quia,ne
3250 5469 3471 5509 auream

1902 5550 2035 5604 idoli
2064 5549 2356 5620 imaginem
2387 5547 2702 5611 adorarent,
2721 5545 2997 5617 Babylone
3024 5547 3471 5611 decertaverunt,

2380 5723 2425 5755 ”
2458 5720 2595 5777 Cen.
2631 5737 2788 5785 mn,
2820 5722 2870 5775 7.
2972 5721 3017 5753 “
3045 5720 3182 5778 Cen.
3223 5737 3389 5788 xcv",
3417 5720 3472 5773 9.

3083 5884 3159 5945 44

3699 3772 3817 3812 ι’βή

3566 3842 3731 3895 ,φημί

3684 3888 3771 3929 καί
3802 3918 3807 3925 ›
3842 3886 3891 3929 ιη

3684 3910 3807 3938 ,‘v‘,
3848 3910 3855 3929 ι
3890 3910 3919 3921 ι-
