3986 6346
485 327 620 393 1387
1655 325 1715 386 S.
1755 327 2076 391 JOANNIS
2115 330 2514 392 DAMASCEN
2524 332 2546 390 Ι
3617 331 3778 398 1388

478 443 708 514 gloriam
773 441 1072 510 laudesque
1132 437 1394 508 praedico,
1463 437 1777 511 horumque
1840 441 2045 496 nomint

2163 442 2282 498 δειὰ
2321 461 2416 496 σου
2452 444 2547 497 καὶ
2572 444 2604 514 ὴ
2633 441 2892 497 ἀσέϐεια·
2933 441 3154 515 ἀληθῶς
3203 441 3473 496 ἀδικεῖται
3519 443 3634 499 ὑπὸ
3667 462 3774 499 σου

477 537 598 592 dies
647 535 816 591 festos
859 533 1005 604 ago?
1036 530 1238 587 Verum
1289 531 1458 586 nimia
1506 533 1668 602 plane
1693 532 2045 591 scelestorum

2155 535 2188 604 ἡ
2223 534 2468 605 ἀλήθεια.
2493 553 2512 585 ι
2547 534 2798 600 Ἀνάστα,
2833 533 2861 586 ὁ
2882 533 3033 598 Θεὸς,
3065 531 3287 585 δίκασον
3312 532 3410 603 τὴν
3431 531 3590 604 δίκην
3619 549 3728 586 σου
3749 549 3769 567 ο

479 626 786 681 ubaecatio
825 635 932 687 est,
987 624 1155 678 nimia
1206 623 1447 679 caecitas.
1496 622 1696 696 Magna
1735 640 1987 696 prorsus,
2024 641 2058 681 ο

475 717 685 780 Judare,
716 718 1058 788 impudentia
1091 725 1206 770 tua.
1240 713 1492 770 Profecto
1508 716 1607 772 abs
1639 726 1692 773 te
1714 719 1918 773 veritas
1948 717 2057 771 iui—

473 825 580 877 quc
609 810 899 878 premitur.
922 827 940 860 ι
964 809 1232 879 Exsurge,
1253 805 1420 870 Deus,
1438 807 1626 877 judica
1643 823 1867 864 causam
1887 819 2057 864 tuam.

2154 625 2340 693 κρῖνον
2370 626 2466 679 καί⁵
2498 625 2717 678 δίκασον
2765 626 2898 695 ἡμῖν
2927 624 2986 690 ἐξ
3039 623 3225 687 ἔθνους
3274 623 3374 694 οὐχ
3423 624 3605 689 ὁσίου,
3637 619 3770 678 ἀλλ’

2155 715 2376 770 ἀνοσίου
2401 718 2494 770 καὶ
2524 716 2829 788 ἀλλοτρίου,
2855 715 2952 771 καὶ
2983 713 3385 786 παροξύνοντός
3411 730 3472 767 σε
3497 713 3590 768 διὰ
3614 731 3772 767 mv-

2157 806 2272 870 τός.
2311 824 2333 859 ι

473 901 686 966 J-udica,
719 911 774 958 et
802 902 1061 960 discerne
1099 917 1325 959 causam
1359 911 1605 957 nostram
1639 902 1706 958 de
1741 910 1904 972 gente
1931 915 2044 956 non
2081 907 2296 967 sancta,
2337 900 2407 956 ab
2436 899 2625 972 iniqua
2656 908 2712 956 et
2743 900 2951 964 aliena,
2978 913 3102 971 quae
3157 905 3212 954 te
3277 895 3348 953 ad
3407 898 3766 954 iracundiam

475 1001 757 1062 provocat.
796 1011 814 1044 ι

547 1085 824 1154 Ejusdem.
859 1103 882 1137 ‹
915 1083 974 1139 Si
1000 1100 1156 1156 ergo,
1188 1093 1247 1139 ut
1274 1099 1421 1155 saepe
1457 1082 1595 1148 dixi,
1645 1082 1854 1154 lignum
1908 1083 2050 1152 lapi-

471 1173 708 1244 demque
733 1173 1047 1238 adorarem,
1086 1173 1256 1244 lapidi
1283 1173 1473 1242 utique
1497 1181 1554 1228 et
1583 1172 1735 1244 ligno
1767 1171 2009 1228 dicerem
2034 1190 2048 1227 :

473 1261 552 1317 Tu
583 1280 664 1318 me
691 1263 923 1334 genuisti
957 1264 1024 1318 ⁸⁸.
1068 1262 1168 1318 Sin
1199 1273 1382 1320 autem
1423 1271 1746 1320 sanctorum
1779 1263 2051 1335 imagines

470 1357 662 1422 adoro,
697 1357 806 1412 imo
839 1371 968 1414 vero
1015 1357 1063 1412 si
1107 1363 1334 1413 sanctos
1390 1356 1563 1427 ipsos,
1619 1363 2052 1427 sanctorumque

467 1447 773 1503 certamina
815 1463 1045 1504 veneror
1092 1457 1147 1503 et
1179 1449 1328 1512 colo,
1377 1448 1658 1519 quomodo
1712 1458 1791 1514 tu,
1833 1449 2049 1514 insane,

471 1541 587 1595 haec
614 1541 760 1596 idola
792 1542 999 1597 vocas?
1024 1541 1177 1596 Idola
1202 1541 1408 1611 quippe
1428 1541 1826 1597 similitudines
1845 1540 2054 1595 fuerint

466 1648 682 1699 eorum,
708 1633 802 1703 qui
840 1631 1098 1698 adulteri,
1145 1631 1458 1698 homicidae,
1503 1631 1742 1686 ﬁliorqu
1782 1638 2053 1686 mactato-

468 1739 580 1788 res,
612 1733 668 1780 ct
692 1724 996 1780 ell‘eminati
1028 1725 1288 1780 homines
1321 1724 1686 1792 exstiterunt,
1723 1739 1827 1778 uon
1867 1731 2053 1778 autem

469 1817 864 1887 prophetarum
901 1827 952 1873 et
991 1819 1398 1888 apostolorum.
1433 1817 1615 1887 Atque
1659 1825 1723 1871 ut
1763 1831 1832 1871 ex
1869 1817 2052 1886 aliqua

2226 1078 2338 1134 Τοῦ
2363 1077 2576 1134 αὐτοῦ.
2615 1095 2636 1130 ι
2682 1077 2746 1131 Εἰ
2778 1077 2879 1148 μὲν
2907 1069 3000 1146 οὖν
3032 1073 3111 1138 ὡς
3149 1072 3418 1135 πολλάκις
3468 1068 3647 1139 εἷπον,
3681 1073 3764 1145 τῷ

2152 1168 2297 1240 ξύλῳ
2329 1167 2424 1222 καὶ
2475 1167 2556 1238 τῷ
2609 1165 2768 1237 λίθῳ,
2791 1167 2868 1230 ὼς
2920 1163 3042 1234 Θεῷ
3095 1162 3502 1235 προσεκύνουν,
3538 1159 3672 1216 εἶπα
3691 1164 3760 1218 ἂν
3803 1223 3812 1244 γ

2150 1260 2308 1330 κάγὼ
2331 1260 2412 1332 τῷ
2459 1260 2603 1331 ξύλῳ
2633 1260 2731 1314 καὶ
2772 1257 2933 1329 λίθῳ’
2971 1257 3055 1310 Σύ
3107 1273 3183 1326 με
3217 1255 3578 1324 ἐγέννησας.
3606 1257 3673 1310 Εἰ
3701 1256 3760 1309 δὲ
3801 1265 3810 1332 έ

2149 1353 2248 1418 τὰς
2287 1352 2506 1416 εἰκόνας
2532 1352 2642 1406 τῶν
2685 1351 2860 1420 ἁγίων
2903 1347 3218 1420 προσκυνῶ,
3243 1349 3371 1410 τοὺς
3395 1348 3588 1416 ἁγίους
3616 1348 3759 1419 μᾶλ-

2149 1445 2264 1512 λον,
2291 1445 2390 1500 καὶ
2421 1444 2715 1517 προσκυνῶ
2747 1444 2846 1507 τὰς
2877 1442 2986 1497 τῶν
3038 1442 3208 1510 ἁγίων
3259 1441 3556 1513 μαρτύρων
3585 1441 3759 1512 ἀθλή-

2151 1552 2267 1600 σεις
2301 1536 2399 1590 καὶ
2423 1535 2592 1606 τιμῶ,
2627 1534 2744 1599 πῶς
2765 1534 2945 1604 λέγεις
2983 1533 3183 1588 εἴδωλα
3213 1532 3390 1588 ταῦτα
3407 1573 3423 1599 ,
3445 1527 3490 1586 ὦ
3518 1533 3758 1605 ἁνόητες

2150 1626 2234 1680 Τὰ
2261 1625 2372 1696 γὰρ
2407 1624 2627 1691 εἴδωλα,
2660 1623 2771 1678 τῶν
2816 1623 3188 1695 ψευδωνύμων
3211 1664 3228 1692 ,
3251 1623 3362 1677 τῶν
3390 1623 3626 1695 μοιχῶν,
3658 1623 3760 1676 καὶ

2150 1717 2426 1788 φονευτῶν
2448 1757 2466 1784 ,
2519 1719 2620 1772 καὶ
2671 1707 3050 1783 τεκνοθυτῶν,
3083 1717 3179 1770 καὶ
3233 1717 3496 1788 μαλακῶν
3551 1715 3760 1787 ὁμοιώ-

2156 1809 2306 1881 ματὰ
2333 1811 2462 1876 είσι,
2495 1810 2589 1864 καὶ
2635 1810 2698 1862 οὑ
2746 1809 3067 1880 προφητῶν,
3103 1807 3226 1863 οὐδὲ
3255 1808 3598 1868 ἀποστόλων.
3641 1809 3761 1862 Καὶ

465 1879 644 1980 parte,
683 1901 852 1966 brevi
913 1879 1341 1978 certissimoque
1410 1879 1666 1978 exemplo
1721 1907 2045 1978 intelligas,

2156 1879 2245 1957 ἰνα
2280 1902 2345 1955 ὲκ
2387 1901 2590 1974 μέρους
2611 1879 2953 1972 παραστήσω
2989 1900 3256 1972 σύντομον
3284 1901 3384 1955 καὶ
3422 1900 3760 1954 πιστότατον

465 2003 598 2074 quid
629 2003 979 2058 Christianos
1030 2001 1174 2057 inter
1222 2009 1278 2056 et
1314 2001 1546 2073 gentiles
1586 2000 1848 2071 paritatis
1883 2000 2054 2056 inter-

2155 1993 2464 2065 ὑπόδειγμα
2500 1995 2632 2067 περὶ
2653 1991 3059 2066 Χριστιανικῶν
3079 1993 3177 2046 καὶ
3211 1991 3540 2064 Ἑλληνικῶν
3557 1995 3761 2064 ὁμοιω-

457 2091 648 2159 cedat,
693 2090 847 2145 audi.
894 2088 1182 2146 Habebaut
1215 2089 1496 2174 Babylone
1545 2088 1793 2144 Chaldaei
1840 2089 2045 2143 musica

2157 2085 2386 2156 μάτων,
2420 2086 2556 2142 ἁκου
2572 2104 2685 2142 σον.
2735 2081 2896 2159 Εῐχον
2943 2087 3002 2140 ὲν
3056 2085 3338 2140 Βαϐυλῶνι
3395 2087 3446 2140 οἰ
3489 2085 3760 2140 Χαλδαῖοι

463 2183 647 2239 omnis
677 2181 896 2254 generis
929 2196 1158 2252 organa,
1180 2181 1383 2252 quibus
1414 2180 1713 2236 simulacra
1736 2179 2045 2235 daemonum

2155 2175 2362 2249 ϐργανα
2413 2180 2647 2233 παντοῖα
2685 2176 2927 2250 μουσικὰ
2979 2177 3116 2248 πρὸς
3168 2176 3471 2250 θεραπείαν
3509 2175 3763 2232 εἰδώλων

465 2271 1095 2326 colebant:.babebant
1157 2280 1212 2327 et
1270 2271 1368 2326 ﬁlii
1420 2268 1592 2327 lsrael
1649 2268 2045 2342 Hierosolymis

2155 2267 2444 2340 δαιμόνων.
2469 2265 2630 2340 Εἶχον
2655 2269 2715 2323 δὲ
2746 2269 2845 2324 καὶ
2869 2270 2919 2322 οἱ
2946 2269 3053 2322 υἰοὶ
3078 2269 3300 2342 Ἰσραὴλ
3326 2269 3436 2324 ἁπδ
3473 2269 3757 2340 Ἰερουσα-

464 2371 743 2430 asportata
797 2375 1027 2432 organa,
1063 2375 1185 2432 quae
1220 2361 1275 2416 in
1312 2360 1578 2418 salicibus
1611 2362 2045 2434 suspenderunt.

2155 2359 2265 2431 λὴμ
2315 2361 2525 2431 δργανα
2547 2401 2562 2427 ,
2587 2360 2624 2416 ἁ
2653 2361 2746 2414 ἐπὶ
2783 2363 2905 2444 ταῖς
2937 2359 3454 2463 ίτέαΰιρέμασῗ
3475 2401 3491 2426 ,
3517 2347 3870 2457 uigil-3::

2151 2453 2359 2526 φότερα
2383 2454 2614 2526 ὕργανα,
2640 2453 2736 2506 καὶ
2768 2453 2985 2521 ιιᾴϐλει,
3018 2453 3383 2526 ,ᾕρει
3404 2453 3549 2520 fatal
3591 2453 3840 2520 αὑλοὶνῗ,
3873 2497 3876 2500 .

2153 2377 2265 2431 Αημ
2315 2377 2525 2431 οργανα
2547 2401 2562 2427 ,
2587 2377 2624 2416 at
2653 2377 2746 2414 επι
2783 2377 2905 2424 ταις
2937 2377 3076 2414 ιτεαι
3136 2377 3454 2463 εκρεμασῆι
3475 2401 3491 2426 ,
3517 2377 3808 2433 asurgit-9

2151 2453 2359 2526 φρτερα
2383 2454 2614 2526 ὕργανα,
2640 2453 2736 2506 καὶ
2768 2453 2985 2521 νᾴϐλει,
3219 2453 3280 2506 θ’
3365 2471 3383 2506 ι
3404 2493 3420 2520 ,
3451 2453 3549 2506 καὶ
3591 2433 3814 2520 αὑλοὶνξ

2151 2544 2421 2616 ὑπῆρχον,
2441 2543 2477 2599 ἁ
2504 2545 2596 2599 ὲπὶ
2620 2547 2742 2609 ταῖς
2779 2544 2952 2608 ἰτέαις
2974 2377 3516 2690 ὲῴᾼλλὰ
3542 2544 3614 2598 τὰ
3651 2546 3760 2616 μὲν
3809 2565 3814 2567 ·

2151 2635 2232 2690 εἰς
2262 2635 2421 2690 δόξαν
2458 2633 2596 2690 Θεοῦ
2648 2636 2920 2690 ἐγένοντο.
2950 2636 3021 2690 τὰ
3061 2636 3121 2689 δὲ
3227 2654 3255 2690 ε
3298 2635 3597 2690 θεραπείαν
3637 2637 3758 2690 τῶν

465 2453 709 2524 Utraque
766 2454 1132 2508 instrumenta
1189 2463 1373 2516 erant,
1428 2454 1639 2520 nablia,
1691 2454 1943 2518 citharas,
1994 2461 2050 2510 et

463 2547 613 2600 tibia:
640 2564 654 2599 :
689 2544 789 2600 sed
823 2545 927 2600 ista
955 2544 1022 2600 ad
1052 2545 1144 2599 Dei
1175 2545 1408 2615 gloriam
1436 2563 1452 2614 ;
1493 2546 1589 2600 illa
1617 2559 1751 2601 vero
1781 2545 2047 2602 similitu-

461 2637 608 2692 diuis
637 2637 833 2692 horum
855 2637 1076 2703 aemula,
1109 2639 1177 2692 ad
1209 2640 1517 2693 daemonum
1557 2637 1768 2693 cultum
1795 2638 2046 2708 pertine-

461 2730 617 2786 bant.
645 2729 792 2786 ldem
815 2729 929 2800 jam
969 2730 1270 2786 discrimen
1302 2731 1447 2786 inter
1476 2730 1746 2800 imagines
1770 2728 2046 2785 Christia-

459 2837 661 2878 uorum
699 2832 752 2878 et
782 2821 929 2877 idola
979 2822 1270 2893 gentilium
1315 2822 1518 2894 cogita.
1564 2820 1695 2877 Haec
1742 2823 1946 2893 quippe
1978 2819 2046 2875 ad

459 2914 665 2970 diaboli
698 2913 929 2986 gloriam
956 2928 1021 2970 ac
1046 2914 1408 2981 memoriam;
1444 2914 1536 2969 illa
1562 2929 1696 2971 vero
1716 2914 1785 2970 ad
1811 2913 2042 2976 Christi,

459 3015 513 3062 ct
560 3007 939 3077 apostolorum
977 3017 1420 3076 martyrumque,
1459 3015 1514 3061 et
1547 3017 1868 3062 sanctorum
1923 3004 2042 3074 ejus

460 3097 678 3154 laudem
709 3095 980 3153 fabricata
1009 3104 1160 3181 sunt.
1201 3115 1220 3148 ι

531 3186 809 3256 Ejusdem.
844 3205 862 3238 ι
903 3185 1138 3241 Proinde
1172 3183 1397 3256 quando
1419 3183 1798 3241 Christianum
1833 3183 2042 3240 videris

2148 2635 2232 2700 εἰς
2262 2635 2421 2701 δόξαν
2458 2633 2596 2690 Θεοῦ
2648 2636 2920 2704 ἐγένοντο,
2950 2636 3021 2690 τὰ
3061 2633 3255 2700 δὲᾝς
3298 2635 3597 2707 θεραπείαν
3637 2637 3758 2691 τῶν

2148 2725 2422 2798 δαιμόνων
2446 2767 2462 2792 ,
2498 2727 2794 2805 ἁντίμιμα.
2827 2725 2985 2780 Οὕτω
3029 2726 3240 2792 λοιπὶν,
3269 2730 3365 2781 καὶ⁵
3391 2727 3486 2782 ὲπὶ
3516 2727 3636 2782 τῶν
3673 2731 3814 2783 eius.
3841 2747 3866 2772 ι.
3903 2713 3914 2766 Α

2148 2819 2344 2884 κόνων,
2372 2821 2470 2874 καὶ
2517 2820 2776 2887 εἰδώλων,
2819 2817 3151 2888 Ἑλληνικῶν
3203 2819 3300 2872 καὶ
3340 2818 3756 2890 Χριστιανικῶν

2147 2911 2260 2964 νόει
2293 2911 2377 2966 ὅτι
2415 2913 2600 2965 ἐκεῖνα
2634 2911 2736 2982 μὲν
2773 2913 2855 2975 εἰς
2894 2911 3055 2978 δόξαν
3098 2909 3349 2964 διαϐόλου
3389 2912 3484 2966 καὶ
3518 2912 3756 2983 μνήμην

2147 3001 2698 3074 κατεσκευάσθησαν,
2725 3001 2904 3058 ταῦτα
2933 3002 2992 3057 δὲ
3044 3003 3127 3066 εἰς
3170 3001 3332 3068 δόξαν
3358 3003 3621 3075 Χριστοῦ,
3649 3006 3756 3058 καὶ

2143 3093 2482 3160 ἀποστόλων,
2500 3094 2598 3148 καὶ
2629 3095 2949 3166 μαρτύρων,
2978 3095 3073 3149 καὶ
3097 3095 3270 3163 ἁγίων
3306 3095 3528 3150 αὑτοῦ.»

2227 3183 2338 3238 Τοῦ
2360 3185 2570 3239 αὐτοῦ.
2609 3202 2629 3236 ι
2662 3185 2836 3240 Ὅταν
2855 3186 3040 3240 τοίνυν
3069 3187 3186 3259 ῐδῃς
3213 3188 3544 3260 Χριστιανὸν
3571 3206 3752 3261 προσ.

459 3249 680 3334 crucem
713 3277 968 3343 adorare,
1011 3277 1066 3331 id
1106 3249 1291 3332 ab'eo
1331 3275 1449 3332 ﬁeri
1500 3286 1730 3348 propter
1761 3275 2044 3332 Christum

2155 3274 2419 3331 κυνοῢντα
2447 3275 2526 3348 τῷ
2556 3277 2802 3348 σταυρῷ,
2846 3279 3039 3348 γνῶθι,
3219 3249 3308 3334 διὰ
3363 3249 3626 3354 Χριστὸν.
3651 3283 3752 3337 τὸν

459 3369 783 3427 cruciﬁxum
836 3370 1021 3432 scito,
1074 3384 1187 3424 non
1236 3379 1418 3424 autem
1479 3377 1537 3423 ut
1578 3369 1787 3440 lignum
1833 3368 2046 3424 adoret.

459 3462 676 3534 Alioqui
731 3461 992 3517 universa
1041 3461 1189 3533 ligna
1243 3460 1626 3528 adoraremus,
1677 3459 1826 3516 sicut
1873 3459 2047 3516 Israel

459 3553 615 3609 lucos
645 3562 700 3608 et
731 3553 960 3608 arbores
986 3552 1275 3616 adorabat,
1303 3558 1467 3622 atque
1497 3551 1719 3607 dicebat
1747 3571 1760 3606 :
1798 3553 1872 3606 Tu
1907 3550 2045 3605 Deus

457 3661 605 3700 meus
661 3660 753 3710 es;
803 3655 859 3698 tu
898 3661 980 3698 me
1033 3645 1263 3714 genuisti
1296 3642 1364 3698 ⁸³⁵.
1397 3640 1512 3698 Nos
1552 3657 1684 3698 vero
1713 3656 1824 3698 non
1877 3641 2042 3710 item;

458 3739 554 3792 sed
597 3735 926 3790 memoriam
969 3736 1361 3806 picturamque
1407 3733 1708 3789 Dominicte
1743 3733 2041 3804 passionis,

455 3837 511 3882 et
537 3827 703 3898 376
728 3827 953 3882 illorum
991 3826 1084 3896 qui
1120 3841 1221 3896 pro
1251 3826 1374 3896 ipso
1418 3835 1836 3895 pugnaverunt,
1870 3823 1924 3879 in
1957 3840 2046 3881 ec-

455 3919 648 3974 clesiis
693 3933 758 3973 ac
815 3918 1069 3974 domibus
1122 3927 1412 3984 tenemus;
1467 3916 1654 3971 omnia
1691 3931 1888 3987 nempe
1914 3931 2041 3986 pro-

457 4021 580 4082 pter
607 4009 899 4065 Domiuum
936 4017 1188 4066 nostrum
1225 4009 1516 4065 iacientes.
1549 4007 1925 4081 Rursumque,
1953 4009 2041 4066 dic

457 4104 680 4169 amabo,
703 4101 916 4167 Iudaee,
951 4118 1202 4174 quamam
1231 4103 1509 4174 scriptura
1555 4101 1726 4174 Moysi
1765 4101 2037 4173 permisit,

456 4194 718 4252 uththro
729 4211 982 4252 socerum
1006 4211 1168 4251 suum
1187 4196 1455 4252 cultorem
1476 4194 1750 4250 idolorum
1773 4192 2037 4261 ;Jacobo,

455 4273 945 4354 ut_Pltaraonetit;
981 4288 1331 4353 Abrahamo,
1373 4295 1436 4342 ut
1482 4285 1623 4342 ﬁlios
1671 4285 1896 4340 Emmor
1938 4285 2040 4340 ad-

455 4379 714 4434 orarent?
750 4393 937 4433 anuon
965 4377 1044 4432 illi
1077 4378 1220 4448 justi
1252 4388 1414 4433 erant
1451 4385 1506 4431 et
1536 4376 1860 4448 prophetae?
1886 4392 2039 4447 quaa-

454 4486 580 4525 uam
609 4469 841 4535 Danieli,
862 4478 922 4525 ut
942 4470 1168 4541 impium
1193 4467 1736 4523 Nabuchodonosor?
1753 4467 1830 4522 Ac
1850 4468 1895 4524 si
1919 4483 2038 4538 pro-

2152 3367 2556 3440 σταυρωθέντα,
2575 3371 2670 3425 καὶ
2693 3373 2758 3426 οὐ
2789 3373 2888 3443 τὴν
2913 3373 3077 3442 φύσιν
3103 3371 3201 3427 τοῦ
3228 3374 3390 3442 ξύλου
3419 3379 3747 3448 προσκυνεῖ.

2161 3458 2317 3512 Ἐπεὶ
2347 3461 2528 3516 πάντα
2560 3460 2628 3516 ἁν
2656 3461 2726 3517 τὰ
2745 3462 2880 3530 ξύλα
2916 3466 3370 3538 προσεκυνοῦμεν
3397 3468 3492 3522 τοῦ
3532 3469 3746 3542 ἀγροῦ,

2147 3551 2244 3605 καὶ
2265 3549 2454 3623 ῶσπερ
2477 3553 2506 3606 ό
2537 3553 2756 3626 Ἰσραὴλ
2785 3556 3111 3628 προσεκύνει
3136 3558 3206 3611 τὰ
3235 3558 3374 3631 ἁλση
3395 3559 3490 3613 καὶ
3515 3561 3591 3614 τὰ
3614 3561 3744 3614 δέν-

2145 3639 2270 3712 δρα,
2301 3641 2500 3711 λέγων’
2533 3647 2616 3700 Σύ
2631 3662 2755 3714 μου
2775 3641 2834 3701 εἷ
2855 3645 3022 3714 Θεὸς,
3054 3649 3153 3702 καί
3185 3651 3267 3704 σύ
3280 3665 3359 3720 με
3379 3650 3743 3720 ἐγέννησας.

2155 3735 2348 3807 Ἡμεῖς
2373 3735 2432 3790 δὲ
2470 3739 2570 3809 οὺχ
2595 3737 2790 3804 οὕτως,
2825 3740 2966 3796 ἁλλὰ
3007 3743 3236 3815 μνήμην
3262 3747 3358 3798 καὶ
3373 3747 3600 3818 γραφὴν
3625 3748 3745 3803 τῶν

2143 3827 2240 3881 τοῦ
2295 3829 2501 3902 Κυρίου
2559 3831 2937 3904 παθημάτων,
2969 3835 3064 3889 καὶ
3108 3835 3218 3890 τῶν
3261 3837 3332 3890 δι’
3361 3838 3526 3893 αὐτὸν
3564 3838 3744 3912 ἀθλη-

2146 3921 2376 3986 σάντων,
2401 3923 2460 3976 ὲν
2500 3927 2622 3988 ταῖς
2650 3925 2966 3996 ἐκκλησίαις
3001 3929 3095 3982 καὶ
3127 3930 3298 3993 οἴκοις
3311 3929 3528 4002 ἔχομεν,
3558 3933 3744 3987 πάντα

2142 4012 2211 4067 δι’
2241 4013 2404 4067 αὑτὸν
2431 4015 2714 4080 ποιοῦντες
2739 4016 2830 4072 τὸν
2860 4017 3132 4091 ἡμέτερον
3162 4021 3388 4092 Κύριον.
3414 4023 3525 4076 Καὶ
3554 4018 3741 4091 αὖθις,

2143 4105 2284 4173 εἰπὲ,
2309 4099 2355 4159 ὦ
2379 4104 2624 4172 ἰουδαῖε,
2657 4109 2786 4162 ποία
2810 4110 3002 4181 Γραφὴ
3032 4111 3303 4183 ἐπέτρεψε
3339 4113 3532 4167 Μωσεῖ
3562 4131 3744 4185 προσ-

2141 4199 2376 4269 κυνῆσαι
2399 4199 2572 4271 ξζοθὸρ
2595 4200 2674 4272 τῷ
2695 4201 2933 4276 γαμϐρῷ
2961 4203 3154 4270 αὐτοῦ,
3182 4204 3549 4279 είδωλολάτρῃ
3576 4207 3701 4262 ϐντι
3719 4249 3739 4277 ,

2141 4290 2238 4343 καὶ
2281 4288 2476 4344 Ἰακὼϐ
2501 4291 2578 4362 τῷ
2603 4292 2832 4364 Φαραὼ,
2860 4293 2955 4348 καὶ
2997 4295 3250 4367 ’Δϐραὰμ
3275 4300 3389 4362 τοῖς
3427 4299 3562 4360 υἰοῖς
3595 4299 3741 4372 Ἐμ-

2143 4381 2296 4453 μώρ;
2329 4383 2426 4438 καὶ
2449 4384 2648 4439 ἐκεῖνοι
2684 4385 2885 4440 δίκαιοι
2933 4387 3030 4440 καὶ
3065 4388 3379 4458 προφῆταιο
3414 4391 3507 4444 καὶ
3527 4393 3743 4467 Δανιὴλ

2139 4472 2218 4544 τῷ
2266 4473 2738 4550 Ναϐουχοδονόσορ
2767 4477 2958 4533 ἀσεϐεῖ
2999 4478 3148 4548 ὄνασις
3182 4480 3293 4535 Καὶ
3320 4483 3369 4536 εἰ
3407 4483 3607 4538 ἐκεῖνοι
3643 4487 3741 4542 διὰ

454 4570 578 4632 pter
597 4561 931 4616 mundanam
945 4559 1445 4632 temporariamque
1455 4560 1620 4615 vitam
1641 4559 1743 4614 hoc
1761 4559 2034 4627 fecerunt,

2155 4563 2414 4635 κοσμικὴν
2436 4566 2534 4618 καὶ
2580 4566 2919 4638 πρόσκαιρον
2952 4567 3101 4641 ζωὴν
3136 4569 3310 4624 ταῦτα
3336 4569 3576 4640 ἐποίουν,
3609 4575 3742 4639 πῶς

453 4667 620 4708 eccur
642 4667 854 4707 mecum
884 4652 1229 4723 expostulas,
1258 4651 1404 4721 quod
1435 4652 1491 4706 in
1521 4652 1696 4710 sacris
1719 4661 2036 4709 sanctorum

453 4741 761 4810 memoriis,
797 4745 922 4824 sive.
949 4758 1046 4820 per
1079 4743 1448 4823 scripturam,
1469 4743 1586 4816 sive
1616 4760 1714 4816 per
1771 4745 2042 4816 picturam

2141 4651 2266 4723 ἐμοὶ
2300 4653 2554 4723 ἐγκαλεῖς
2602 4656 3000 4728 προσκυνοῦντι
3019 4661 3141 4723 ταῖς
3189 4660 3375 4730 ἁγίαις
3409 4662 3516 4716 τῶν
3555 4665 3742 4733 ἁγίων

2142 4746 2391 4817 μνήμαις
2416 4787 2432 4814 ,
2461 4727 2764 4820 γραφικαῖς
2825 4752 2924 4805 καὶ
2963 4727 3299 4826 ἱστορικαῖς,
3332 4757 3428 4809 καὶ
3469 4757 3541 4810 τὰ
3578 4727 3780 4825 πάθη.
3911 4727 3913 4780 ἲ

453 4837 756 4914 expressis,
797 4835 1118 4890 eorumdem
1156 4835 1440 4892 cruciatus
1481 4845 1536 4891 et
1574 4838 1876 4892 certamina
1914 4837 2045 4894 ado-

2155 4837 2236 4892 tal
2269 4837 2370 4904 τὰς
2407 4839 2697 4912 ἁθλήσεις,
2729 4841 2788 4910 ἐξ
2818 4836 2894 4897 ὦν
2918 4843 3041 4898 καθ’
3069 4846 3284 4917 ἡμέραν
3308 4847 3738 4920 εὐεργετοῦμαι,

454 4944 592 4994 rem,
635 4943 732 4996 per
774 4941 897 4997 quae
943 4926 1179 4998 singulis
1225 4925 1423 4982 diebus
1477 4926 1764 4984 beneﬂciis
1809 4943 2044 4998 augeor,

455 5028 891 5090 perpetuamque
940 5026 995 5074 ct
1037 5019 1430 5090 sempiternam
1473 5019 1636 5073 vitam
1686 5020 1981 5090 exspecto?
2019 5039 2038 5072 ι

456 5111 542 5166 Ea:
581 5110 828 5166 Historia
879 5110 1241 5164 ecclesiastica
1297 5108 1580 5174 Theodori,
1639 5120 1778 5164 temo
1827 5120 2038 5181 quarto.

347 5331 358 5339 ,
533 5291 554 5325 ι
594 5272 712 5328 Sub
742 5272 848 5326 hoc
867 5269 1184 5336 consulatu,
1207 5266 1296 5321 die
1325 5282 1430 5321 xxv
1455 5265 1666 5322 mensis
1693 5263 2036 5332 Decembris,

427 5365 704 5462 ,rterribile
736 5365 1044 5436 ingensque
1088 5361 1418 5415 miraculum
1451 5358 1703 5431 contigit,
1735 5359 1884 5430 quod
1921 5374 2040 5415 om-

531 5498 802 5556 "Jerem.
836 5514 899 5566 tt,
937 5497 1030 5554 27.
1107 5497 1154 5530 “
1185 5498 1316 5558 ibid.

2140 4928 2235 4983 καὶ
2271 4927 2490 4983 αἰώνιον
2519 4931 2614 4984 καὶ
2643 4931 2818 4986 ἀΐδιον
2854 4933 2999 5006 ζωὴν
3047 4935 3358 5006 ἐκδέχομαις
3397 4957 3417 4988 ι

2155 5105 2269 5175 Τῆς
2320 5107 2851 5235 ἐκκλησιαστικῆἓ
2891 5111 3188 5235 'Idatoplac
3242 5111 3738 5190 Θεοδωρήτουέξῗ,
3811 5105 3819 5134 ¹⁴

2884 5199 2914 5235 τ
2955 5200 3088 5235 μου.

2884 5199 3088 5253 τομου.

2226 5289 2245 5322 ι
2267 5268 2403 5324 Ὑπὸ
2422 5271 2481 5324 δὲ
2495 5273 2708 5346 ταύτην
2727 5275 2826 5344 τὴν
2853 5277 3146 5340 ὑπατείαν,
3178 5278 3322 5330 κατὰ
3341 5279 3432 5330 τὸν
3458 5278 3606 5348 μῆνα
3639 5281 3741 5333 τὸν

2145 5363 2505 5436 Δεκέμϐριον,
2533 5366 2731 5438 ἔχοντα
2765 5370 2929 5422 αὑτὸν
2967 5370 3160 5426 εἰκάδα
3190 5372 3284 5425 καὶ
3315 5371 3740 5443 πέμπτὴνὴμὲ-

1769 5591 1859 5647 VA
1869 5591 2010 5648 RIE
2050 5589 2464 5652 LECTIONES.

529 5685 580 5730 tr
621 5685 793 5770 μίξεσί
821 5685 1123 5770 eumBillio
1151 5685 1451 5770 Θερδώρου,
1469 5686 2072 5770 ..Τάρρᾷοηηῐιεοιοι-ξε-
2099 5691 2330 5770 scilicet.
2367 5690 2513 5770 Nam
2533 5693 2635 5770 sub
2663 5693 2957 5770 Anastasio
2982 5694 3124 5767 imp.
3143 5706 3426 5770 superstes
3465 5713 3577 5757 non
3604 5709 3736 5758 erat

355 5789 360 5802 ι
455 5756 859 5822 Theodoretus.
891 5755 1156 5829 Ejusdem
1183 5755 1426 5817 historia:
1453 5775 1576 5830 quae
1601 5759 1691 5814 hic
1715 5758 1974 5828 refertur,
2010 5759 2375 5832 Theophanes
2403 5770 2457 5820 et
2481 5762 2682 5821 Suidas
2737 5756 3060 5849 meminere;
