3986 6346
294 287 430 354 1381

1394 282 1493 344 DE
1526 273 1988 342 IMAGINIBUS
2016 273 2299 335 ORATIO
2339 274 2454 333 IlI.

3412 271 3547 339 1382

289 378 398 456 Ἐκ
424 416 530 455 του
552 397 878 468 μαρτυρίου
901 393 1008 447 τοῦ
1030 395 1202 468 ἁγίου
1228 393 1586 458 Εὑσταθίου,
1623 391 1729 446 τοῦ
1770 390 1865 443 καὶ

2066 383 2147 437 Ea:
2179 383 2434 453 martyrio
2467 381 2634 435 sancti
2667 378 2954 446 Eustathii,
2982 380 3069 449 qui
3096 390 3143 435 el
3180 378 3450 443 Placidus.

924 463 1216 518 Πλακίδα.

366 575 388 612 ι
443 556 778 625 Ἐξελθόντος
815 553 980 609 αὐτοῦ
1014 557 1071 611 ἐν
1108 557 1209 627 μιᾷ
1236 554 1420 628 ἡμέρᾳ
1462 555 1604 610 κατὰ
1653 553 1714 608 τὸ
1745 554 1867 607 σύν-

290 651 421 724 ηθες
483 647 574 704 ἐπὶ
608 646 677 701 τά
731 647 832 720 ὅρη
866 647 1131 719 θηρεῦσαι
1183 647 1321 719 μετά
1349 646 1443 700 τοῦ
1475 645 1865 719 στρατοπέδου,

292 744 387 798 κα)⁸
418 740 599 813 πάσης
620 740 719 810 τῆς
742 738 1058 811 θεραπείας,
1091 739 1247 810 ῶφθη
1272 739 1419 811 αὐτῷ
1454 739 1624 813 ἀγέλη
1652 739 1869 808 ἐλάφων

294 834 621 906 βοσκομένη.
649 833 758 886 Καὶ
772 832 1069 903 διαστήσας
1085 831 1226 885 κατὰ
1252 830 1314 885 τὸ
1341 830 1570 901 σύνηθες
1590 831 1682 883 τὸν
1703 847 1869 901 στρα-

290 926 400 991 τὸν,
434 924 670 977 ἐποιεῖτο
696 923 799 993 τὴν
843 922 962 976 κατ’
993 920 1173 975 αὐτῶν
1208 919 1411 987 δίωξιν.
1456 917 1665 982 Παντὸς
1691 917 1745 972 δὲ
1774 919 1867 973 τοῦ

295 1012 526 1085 στρατοῦ
553 1012 646 1066 ἐπὶ
671 1012 770 1083 τὴν
791 1011 1052 1082 σύλληψιν
1080 1011 1479 1083 ἀσχολουμένου
1503 1011 1611 1065 τῶν
1633 1010 1866 1079 ἐλάφων,

293 1108 320 1159 ό
346 1103 893 1177 ῦπερμεγεθέστατος
922 1103 1103 1175 πάσης
1133 1105 1231 1174 τῆς
1287 1103 1509 1175 ἀγέλης,
1542 1103 1637 1158 καὶ
1665 1103 1870 1157 εὐειδέ-

294 1214 508 1263 στατος,
537 1196 914 1260 ἀποσπασθεὶς
962 1196 1061 1266 τῆς
1095 1196 1321 1267 ἀγέλης,
1352 1196 1581 1267 ὥρμησε
1606 1194 1746 1249 κατά
1777 1193 1869 1248 τοῦ

292 1288 498 1360 δρυμοῦ
533 1287 723 1351 ἐντοῖς
753 1286 1067 1357 δασυτέροις
1096 1287 1281 1350 τόποις
1312 1288 1410 1357 τῆς
1439 1287 1592 1357 ῦλης,
1634 1287 1728 1340 καὶ
1750 1286 1873 1339 δυσ-

293 1379 481 1443 ϐάτοις
524 1377 764 1449 χωρίοις.
831 1379 929 1430 Ὃν
977 1377 1314 1447 θεασάμενος
1352 1377 1381 1429 ὁ
1429 1377 1721 1444 Πλακίδας,
1777 1382 1873 1433 καὶ

292 1468 645 1539 ἐπιθυμήσας
667 1467 1053 1521 συλλαϐεἰσθαι
1086 1467 1269 1530 αὐτὸν,
1302 1467 1617 1522 καταλιπὼν
1641 1470 1873 1537 πάντας,

294 1560 413 1629 μετ’
436 1554 631 1625 ὀλίγων
670 1555 1020 1627 στρατιωτῶν
1062 1557 1390 1612 κατεδίωκεν
1426 1559 1608 1613 αὐτόν.
1658 1560 1875 1629 Ἀτονη-

294 1652 504 1703 σάντων
534 1647 592 1701 δὲ
641 1647 754 1701 τῶν
811 1647 1103 1712 συνόντων,
1138 1648 1300 1718 μόνος
1340 1648 1772 1721 προσεκαρτέρει
1803 1651 1870 1720 τῇ

2044 555 2060 589 ι
2100 536 2233 591 Cum
2277 535 2367 591 die
2421 533 2655 605 quodam
2689 571 2704 595 ,
2763 532 2829 587 de
2876 539 3140 586 consueto
3190 546 3366 596 more,
3419 548 3544 588 cum

1968 629 2218 683 exercitu
2289 625 2659 695 universeque
2706 622 3036 677 famulorum
3089 631 3236 678 coetu
3290 634 3545 680 venatum

1968 719 2222 785 exiisset,
2286 732 2578 773 cervorum
2632 714 2975 787 pascentium
3024 715 3377 784 conspicatus
3429 731 3550 787 gre-

1969 828 2113 884 gem,
2144 810 2395 867 exercitu
2430 810 2481 863 in
2519 817 2632 864 tres
2664 816 2871 879 partes,
2906 806 2985 861 uti
3019 807 3253 872 solebat,
3284 807 3550 863 distribu-

1972 913 2051 971 to,
2079 920 2177 961 eos
2203 901 2605 959 insectabatur.
2636 899 2710 954 At
2738 913 2861 954 cum
2897 898 3010 953 illis
3047 897 3329 968 capiendis
3370 898 3553 954 inten-

1971 1006 2059 1051 tus
2086 1003 2233 1050 esset
2254 993 2555 1057 exercitus,
2591 991 2683 1046 illc
2718 991 2813 1059 qui
2855 990 2910 1043 in
2957 990 3272 1045 universum
3304 1004 3548 1062 gregem,

1972 1096 2089 1141 tum
2139 1084 2493 1156 proceritate,
2553 1091 2665 1136 tum
2718 1080 2896 1135 forma
2930 1079 3227 1145 eminebat,
3260 1095 3289 1135 a
3321 1081 3551 1151 reliquis

1971 1178 2280 1243 discedens,
2314 1192 2411 1248 per
2442 1175 2775 1231 densissima
2829 1176 2981 1230 silvae
3017 1181 3404 1246 praeruptaque
3428 1176 3577 1231 loca‘

1974 1273 2029 1327 in
2061 1287 2256 1327 nemus
2282 1269 2540 1341 prosiliit.
2578 1267 2737 1323 llunc
2768 1266 3017 1323 Placidas
3060 1269 3365 1334 contuitus,
3397 1268 3550 1339 ejus-

1973 1380 2080 1434 que
2139 1361 2644 1432 compreliendendi
2708 1359 2987 1415 desiderio
3044 1374 3356 1428 accensus,
3421 1374 3551 1415 cum

1974 1455 2239 1511 militibus
2264 1454 2480 1524 paucis,
2519 1452 2738 1506 caeteris
2771 1450 3029 1505 omnibus
3058 1451 3289 1516 relictis,
3333 1452 3552 1508 insecu-

1977 1554 2064 1602 tus
2090 1552 2196 1600 est.
2224 1542 2344 1598 Jam
2368 1541 2503 1598 socii
2521 1538 2905 1597 deficientibus
2929 1539 3140 1594 viribus
3161 1541 3550 1607 constiterant,

1977 1652 2100 1693 cum
2128 1637 2285 1693 solus
2316 1635 2437 1706 ipse
2474 1631 2857 1705 persequendo
2890 1640 3294 1702 perseveraret,
3331 1632 3551 1689 divina-

291 1739 491 1805 διώξει,
518 1738 659 1793 κατά
690 1738 945 1809 πρόνοιαν
964 1737 1021 1791 δὲ
1046 1737 1202 1803 Θεοῦ,
1235 1739 1373 1811 μήτε
1393 1740 1488 1793 τοῦ
1511 1739 1677 1793 ἵππου
1706 1739 1869 1794 αὐτοῦ

1978 1745 2081 1800 que
2140 1727 2343 1783 factum
2398 1723 2744 1795 providentia
2796 1732 2901 1787 est,
2950 1730 3011 1776 ut
3056 1736 3158 1777 nec
3196 1737 3408 1792 equus,
3449 1737 3552 1779 nec

292 1831 673 1900 ἀτονήσαντος,
707 1829 843 1901 μήτε
874 1828 1039 1883 αὐτοῦ
1090 1831 1226 1901 πρὸς
1277 1830 1377 1902 τὴν
1426 1830 1747 1904 δυσχέρειαν
1775 1831 1869 1886 τοῦ

292 1923 457 1976 τόπου
488 1921 926 1993 ἀποκνήσαντος,
958 1922 1053 1976 ἐπὶ
1086 1922 1222 1976 πολὺ
1250 1922 1623 1993 καταδιώκων,
1652 1927 1869 1997 μακρὰν

293 2013 495 2084 εὑρέθη
524 2012 619 2066 τοῦ
646 2014 1011 2086 στρατοπέδου
1042 2014 1228 2069 αὐτοῦ.
1260 2016 1319 2067 '0
1345 2015 1401 2068 δὲ
1426 2014 1623 2085 ἔλαφος
1651 2015 1870 2086 ἔφευγε,

293 2105 499 2169 ἐκεῖνος
532 2105 589 2159 δέ
640 2103 977 2175 παραλαϐὼν
1010 2103 1322 2177 ἀκρώρειαν
1367 2104 1593 2176 πέτρας,
1645 2105 1871 2177 μηδενὸς

296 2196 547 2259 συνόντος
579 2195 748 2267 αὐτῷ,
780 2195 909 2268 ἔστη
942 2196 1294 2267 περισκοπῶν
1331 2196 1627 2263 πάντοθεν,
1651 2198 1748 2251 καὶ
1782 2199 1871 2250 ἐν-

296 2288 431 2341 νοῶν
465 2286 601 2357 ποίῳ
633 2289 820 2359 τρόπῳ
847 2285 1082 2359 λάϐηται
1102 2290 1199 2359 τῆς
1242 2287 1443 2357 ἐλάφου
1466 2304 1480 2318 ·
1518 2286 1631 2342 ἀλλ’
1674 2289 1702 2341 ὁ
1738 2288 1872 2342 πάν-

298 2395 459 2447 σοφος
497 2379 593 2431 καὶ
620 2380 921 2450 οἰκτίρμων
940 2378 1092 2444 Θεὸς,
1125 2380 1154 2432 ὁ
1184 2379 1444 2442 παντοίας
1476 2379 1628 2441 ὁδοὺς
1656 2379 1749 2431 ἐπὶ
1772 2395 1875 2431 σω-

294 2470 460 2541 τηρίᾳ
484 2470 594 2523 τῶν
621 2470 924 2541 ἀνθρώπων
947 2470 1242 2541 ἐπινοήσας
1260 2510 1275 2534 ,
1309 2470 1654 2541 ἀντιθηρεύει
1686 2470 1875 2524 τοῦτον

296 2562 353 2614 ὲν
374 2563 441 2633 τῇ
472 2560 613 2633 θήρᾳ
635 2577 649 2593 ·
684 2562 781 2632 οὐχ
809 2561 881 2626 ὡς
915 2561 1216 2632 Κορνήλιον
1246 2562 1337 2616 διά
1368 2561 1598 2633 Πέτρου,
1636 2562 1750 2615 ἀλλ’
1799 2562 1875 2626 ὠς

298 2652 509 2705 Παῦλον
530 2650 816 2715 διώκοντα,
835 2651 923 2705 διὰ
939 2652 1039 2720 τῆς
1061 2652 1195 2714 ἰδίας
1218 2651 1561 2721 ἐπιφανείας.
1596 2652 1720 2705 Ἐπὶ
1740 2652 1874 2706 πολὺ

297 2746 354 2797 δέ
380 2746 615 2808 ἑστῶτος
640 2744 735 2798 τοῦ
765 2744 1028 2810 Πλακίδα,
1060 2745 1157 2799 καὶ
1186 2744 1526 2809 ἀτενίζοντος
1558 2744 1659 2816 μὲν
1685 2745 1765 2809 εἰς
1786 2744 1875 2798 τὸν

295 2837 510 2906 ἔλαφον,
537 2834 911 2907 θαυμάζοντος
949 2834 1006 2887 δὲ
1038 2834 1204 2889 αὐτοῦ
1237 2834 1298 2888 τὸ
1334 2834 1585 2905 μέγεθος,
1616 2834 1710 2888 καὶ¹
1733 2835 1877 2905 ἀμη-

297 2928 585 3001 χανοῦντος
614 2928 745 2998 περὶ
771 2927 871 2997 τὴν
897 2926 1179 2997 σύλληψιν,
1211 2925 1452 2980 δείκνυσι
1482 2927 1687 2996 Κύριος
1715 2925 1877 2997 τερά-

299 3023 446 3077 στιόν
475 3041 527 3077 τι
560 3020 822 3085 τοιοῦτον,
854 3020 956 3073 οὑκ
983 3019 1231 3083 ἀπεικὸς,
1259 3018 1379 3072 οὑδέ
1406 3018 1735 3089 ύπερϐαἴνον
1775 3019 1877 3089 τῆς

300 3113 464 3169 αὐτοῦ
486 3112 772 3182 δυνάμεως
797 3110 859 3166 τὸ
902 3110 1134 3181 μέγεθος
1160 3124 1175 3139 ο
1231 3108 1348 3163 ἀλλ’
1392 3108 1580 3181 ὥσπερ
1633 3109 1727 3160 ἐπὶ
1779 3108 1873 3161 τοῦ

298 3203 529 3275 Βαλαὰμ
549 3203 707 3273 λόγον
733 3201 909 3266 ἐνθεὶς
943 3203 1009 3272 τῇ
1044 3200 1172 3271 ὄνῳ,
1204 3200 1429 3271 ἤλεγξεν
1451 3199 1616 3255 αὐτοῦ
1642 3198 1741 3271 τὴν
1762 3199 1877 3254 διά-

300 3310 472 3358 νοιαν,
506 3291 648 3346 οὕτω
704 3290 801 3346 καὶ
844 3288 1077 3344 ἐνταῦθα
1123 3289 1362 3344 δείκνυσι
1388 3292 1582 3359 τούτῳ.
1621 3289 1748 3343 Ἐπ)⁸
1777 3288 1877 3360 μὲν

300 3384 545 3457 κεράτων
568 3380 664 3436 τοῦ
704 3380 907 3451 ἐλάφου
950 3380 1044 3434 τὸν
1088 3380 1259 3434 τύπον
1286 3379 1382 3433 τοῦ
1421 3380 1579 3448 ἁγίου
1614 3380 1873 3452 σταυροῦ,

302 3474 444 3545 ὑπὲρ
474 3473 574 3544 τὴν
605 3472 966 3544 λαμπρότητα
984 3470 1080 3526 τοῦ
1114 3471 1266 3542 ἡλίου
1297 3470 1604 3540 λάμποντα,
1631 3471 1795 3541 μέσον
1819 3471 1876 3525 δὲ

299 3566 409 3621 τῶν
433 3566 682 3636 κεράτων
704 3563 802 3636 τήν
825 3565 1010 3619 εἰκόνα
1057 3563 1153 3616 τοῦ
1185 3562 1446 3633 θεοφόρου
1502 3560 1774 3633 σώματος,
1812 3556 1876 3617 οῦ

300 3656 389 3710 διὰ
424 3656 523 3725 τὴν
566 3653 842 3725 ἡμετέραν
876 3652 1151 3724 σωτηρίαν
1197 3652 1489 3707 ἀναλαϐεῖν
1530 3652 1874 3720 κατεδέξατο,

306 3747 398 3802 καὶ
424 3746 608 3817 φωνὴν
635 3744 983 3816 ἀνθρωπίνην
1012 3743 1187 3808 ἐνθεὶς
1223 3747 1290 3815 τῇ
1317 3744 1525 3816 ἐλάφῳ,
1548 3744 1877 3816 προσκαλεί-

302 3856 393 3893 ται
418 3837 510 3891 τὸν
547 3836 817 3892 Πλακίδαν
835 3875 852 3903 ,
912 3835 1113 3905 λέγων·
1142 3831 1214 3888 Ὦ
1242 3837 1515 3900 Πλακίδα,
1543 3836 1596 3891 τί
1655 3855 1722 3909 με
1751 3837 1877 3892 διώ-

305 3947 459 3997 κεις;
491 3929 600 3983 ἰδοὺ
634 3927 819 3982 ἕνεκέν
845 3945 938 3981 σου
970 3927 1176 3997 παρῆν,
1211 3927 1307 3981 καὶ
1335 3929 1392 3980 ἐν
1434 3927 1511 3999 τῷ
1546 3927 1670 4000 ζώῳ
1701 3930 1877 4002 τούτῳ

303 4021 492 4091 ὤφθην
524 4037 625 4075 σοι.
665 4018 807 4089 Ἐγὼ
844 4020 961 4090 είμι
1005 4018 1213 4089 Ἰησοῦς
1245 4020 1273 4071 ὁ
1301 4020 1555 4090 Χριστὸς,
1590 4020 1649 4073 ὃν
1668 4022 1877 4091 ἀγνοῶν

307 4114 458 4183 σέὅῃ.
488 4113 555 4165 Ai
584 4111 692 4183 γὰρ
723 4110 963 4166 εὐποιίαι
984 4127 1101 4178 σου,
1124 4111 1189 4174 ἃς
1226 4110 1290 4165 σὺ
1314 4114 1489 4176 ποιεῖς
1515 4114 1594 4177 εἱς
1627 4114 1751 4177 τοὺς
1771 4114 1880 4169 δεοε

307 4204 522 4274 μένους,
553 4203 905 4273 παρέστησαν
938 4200 1168 4256 ἐνώπιόν
1201 4220 1304 4273 μου
1324 4243 1339 4267 ,
1376 4204 1470 4257 καὶ
1492 4200 1656 4275 ἦλθον
1701 4207 1879 4277 ἐμφα-

305 4292 450 4347 νίσαι
486 4308 571 4345 σοι
607 4290 843 4361 ἐμαυτὸν
872 4289 961 4343 διὰ
998 4288 1093 4344 τοῦ
1117 4291 1316 4360 ἐλάφου
1346 4290 1560 4357 τούτου,
1584 4292 1678 4345 καὶ
1725 4293 1877 4345 ἀντι-

305 4382 587 4456 ζωγρῆσαί
619 4399 702 4448 σε,
750 4382 844 4436 καὶ
895 4384 1112 4454 συσχεῖν
1137 4384 1250 4445 τοῖς
1286 4382 1523 4446 δικτύοις
1550 4383 1648 4454 τῆς
1686 4384 1874 4454 φιλαν-
1900 4416 1951 4477 D

307 4474 553 4548 Ορωπίας
604 4491 728 4543 μου.
758 4474 831 4528 Οὐ
866 4474 970 4545 γάρ
1001 4475 1118 4529 ἐστι
1154 4474 1383 4539 δίκαιον,
1432 4475 1525 4529 τὸν
1554 4476 1678 4546 ἐμοὶ
1707 4493 1877 4548 προσ-

307 4566 438 4638 φιλῆ
482 4565 569 4621 διά
619 4565 729 4619 τῶν
779 4564 1001 4633 ἀγαθῶν
1051 4565 1250 4637 ἔργων,
1304 4565 1575 4620 δουλεύειν
1628 4567 1879 4638 δαίμοσιν

308 4655 639 4727 ἀκαθάρτοις
667 4654 762 4709 καὶ
785 4653 1024 4718 εἰδώλοις
1047 4658 1258 4725 νεκροῖς
1282 4656 1379 4710 καὶ
1401 4658 1622 4725 κωφοῖς.
1649 4657 1749 4711 Διά
1770 4659 1880 4731 γὰρ

307 4742 467 4799 τοῦτο
492 4742 655 4817 ἦλθον
686 4748 780 4800 ἐπὶ⁸
807 4746 909 4815 γῆς
938 4748 996 4800 ἐν
1025 4746 1103 4818 τῷ
1130 4746 1261 4801 εῖδει
1289 4749 1483 4819 τούτῳ,
1524 4743 1569 4818 ᾧ
1597 4748 1691 4805 νῦν
1724 4752 1878 4824 ὁρᾷς,

313 4838 483 4894 σῶσαι
511 4840 681 4896 θέλων
713 4842 775 4895 τὸ
801 4839 910 4895 τῶν
933 4840 1237 4912 ἀνθρώπων
1276 4844 1451 4911 γένος.
1502 4863 1522 4896 ι
1584 4835 1597 4847 ’

266 5168 272 5175 _
314 5098 429 5157 Τοῦ
450 5100 624 5174 ἁγίου
644 5103 929 5176 Λεοντίου
950 5104 1310 5176 ίΝεαπότλεως
1333 5102 1442 5172 τῆς
1463 5105 1746 5176 Κυπρίων
1775 5107 1875 5176 νήο

591 5188 728 5240 σου,
756 5174 902 5240 πρὸς
948 5174 1298 5240 Ἰουδαίους,
1324 5181 1366 5227 ε’
1394 5175 1599 5245 λόγου.

388 5278 408 5313 ι
451 5261 587 5335 Φέρε
636 5262 699 5334 δὴ
749 5264 954 5327 λοιπὸν,
997 5267 1135 5337 φέρε
1170 5267 1490 5338 προθύμως,
1525 5270 1618 5323 καὶ
1655 5271 1751 5344 τὴν
1784 5274 1881 5344 τῆς

314 5352 670 5417 ἐκτυπώσεως
695 5356 802 5408 τῶν
827 5358 1038 5411 σεπτῶν
1064 5361 1289 5414 εἰκόνων
1312 5362 1608 5432 ἀπολογίαν
1644 5368 1882 5437 ποιησώ-

316 5442 475 5509 μεθα,
507 5445 652 5509 ὅπως
686 5447 1043 5519 ἐμφρασθῶσι
1091 5451 1333 5521 στόματα
1377 5452 1614 5524 ἀνόμων,
1656 5455 1880 5510 λαλούν-

314 5549 422 5588 των
468 5533 655 5589 ἀδικα’
690 5536 886 5609 νομικὴ
925 5539 1034 5610 γὰρ
1063 5540 1200 5613 αὕτη
1238 5543 1272 5614 ή
1301 5544 1620 5613 παράδοσις,
1652 5547 1745 5601 καὶ
1783 5549 1879 5619 οὐχ

388 5658 432 5692 ⁸⁵
451 5672 615 5728 Num.
644 5690 774 5743 ιιιιιι,
808 5676 897 5732 Ξ8.

1972 1822 2207 1892 ipsemet
2244 1818 2540 1889 asperitate
2575 1816 2819 1870 locorum
2863 1812 3219 1880 fatiscerent;
3250 1822 3303 1867 et
3328 1828 3551 1869 cervum

1974 1913 2185 1968 diutius
2202 1909 2543 1981 adurgendo,
2574 1906 2765 1978 procul
2797 1922 2857 1960 se
2886 1906 2953 1961 ab
2982 1907 3227 1963 exercitu
3253 1905 3553 1962 recessisse

1974 2003 2137 2076 373
2191 2001 2597 2057 animadvertit.
2655 1998 2826 2054 l‘orro
2874 1997 3117 2069 fugiente
3177 2011 3365 2062 cervo,
3422 2011 3549 2051 cum

1974 2096 2162 2150 nullus
2190 2093 2454 2149 comitum
2499 2091 2741 2156 adesset,
2772 2097 2943 2160 petra:
2980 2088 3242 2144 verticem
3286 2102 3553 2144 conscen-

1975 2188 2075 2253 dit,
2131 2196 2247 2242 tum
2286 2184 2771 2254 circumaspicerc,
2805 2196 3106 2252 secumque
3151 2181 3414 2251 cogitare,
3440 2194 3551 2251 quo

1974 2278 2195 2336 tandem
2227 2285 2388 2348 pacto
2424 2275 2664 2346 prtedam
2698 2285 3055 2343 assequatur.
3091 2272 3161 2326 At
3202 2271 3551 2343 sapientissi—

1974 2386 2101 2427 mus
2149 2368 2726 2436 clementissimusque
2765 2363 2940 2429 Deus,
2976 2363 3070 2433 qui
3100 2362 3280 2417 nullas
3318 2379 3428 2417 non
3457 2378 3552 2418 cx-

1977 2462 2180 2533 cogitat
2227 2463 2365 2526 vias,
2402 2446 2606 2529 quibus
2647 2455 2711 2511 ad
2761 2456 2996 2511 salutem
3041 2452 3296 2509 homines
3348 2453 3551 2516 ducat.

1978 2553 2126 2609 hunc
2178 2552 2232 2606 in
2285 2551 2519 2621 ipsumet
2570 2547 2862 2603 venatione
2918 2552 3151 2599 venatur
3198 2563 3211 2599 :
3255 2558 3364 2598 non
3408 2542 3553 2598 Petri

1978 2658 2173 2715 opera;
2206 2651 2269 2697 ιιι
2316 2642 2445 2695 olim
2483 2640 2826 2704 Cornelium,
2857 2638 3033 2709 magis
3070 2645 3252 2691 autem
3293 2636 3375 2690 uti
3422 2650 3554 2705 per-

1979 2743 2285 2791 secutorem
2313 2731 2565 2796 Paulum,
2594 2731 2809 2801 objecta
2836 2746 2934 2786 sua
2969 2729 3176 2799 specie.
3208 2726 3396 2797 Itaque
3424 2742 3556 2782 con-

1979 2827 2192 2881 sistenti
2226 2825 2317 2879 diu
2345 2823 2599 2890 Placidw,
2624 2826 2885 2893 cervique
2914 2820 3299 2891 proceritatem
3326 2819 3555 2876 intentis

1978 2916 2155 2972 oculis
2187 2914 2501 2978 demiranti,
2538 2928 2662 2969 cum
2699 2912 2849 2968 illius
2884 2910 3137 2981 capiendi
3172 2910 3322 2965 nulla
3347 2912 3433 2965 via
3457 2924 3555 2965 oc-

1979 3016 2249 3072 curreret,
2306 3004 2583 3075 ejusmodi
2645 3009 2963 3074 portentum
3026 3002 3289 3057 Dominus
3361 3000 3555 3067 edidit,

1976 3097 2122 3169 quod
2150 3096 2372 3167 quidem
2406 3095 2541 3149 nihil
2571 3095 2824 3151 absimile
2852 3095 2965 3150 veri
2987 3104 3090 3160 est,
3125 3108 3225 3148 nec
3256 3092 3429 3163 ipsius
3455 3107 3556 3162 po-

1976 3191 2161 3246 tentia:
2193 3188 2628 3259 magnitudinem
2667 3187 2902 3243 excedit.
2940 3185 3069 3252 Sed,
3092 3186 3556 3257 quemadmodum

1977 3280 2150 3336 asilue
2183 3279 2400 3333 Balaam
2455 3277 2710 3348 loquendi
2766 3278 2939 3333 indita
2970 3276 3230 3333 facultate
3267 3277 3338 3345 ⁸⁸,
3366 3291 3432 3331 ea
3463 3290 3558 3330 ar-

1977 3374 2114 3446 guit,
2150 3388 2270 3442 qua:
2300 3379 2455 3426 vates
2486 3371 2671 3425 animo
2703 3371 2981 3435 versabat,
3014 3370 3307 3425 consimile
3347 3369 3555 3440 aliquid

1978 3474 2110 3519 tunc
2137 3463 2300 3517 etiam
2327 3460 2404 3515 illi
2446 3461 2794 3517 monstravit.
2818 3459 2875 3514 In
2899 3460 3044 3515 cervi
3070 3462 3331 3517 cornibus
3352 3470 3556 3517 sancta:

1978 3554 2160 3609 crucis
2195 3552 2315 3623 ipso
2347 3551 2461 3607 sole
2490 3550 2649 3621 longe
2676 3549 3063 3620 fulgentiorem
3104 3550 3359 3621 figuram,
3390 3561 3554 3623 atque

1978 3646 2122 3700 inter
2149 3657 2358 3698 cornua
2389 3641 2559 3696 divini
2601 3641 2687 3697 sui
2724 3641 3002 3711 corporis,
3050 3643 3198 3712 quod
3231 3657 3331 3713 pro
3362 3652 3555 3700 nostra

1978 3737 2158 3793 salute
2189 3748 2411 3791 sumere
2456 3731 2717 3801 dignatus
2748 3739 2853 3798 est,
2896 3730 3124 3804 eﬂigiem
3168 3732 3431 3802 ostendit;
3468 3734 3554 3789 in-

1977 3829 2203 3897 ditaque
2237 3839 2401 3881 cervo
2435 3837 2570 3879 voce
2602 3822 2866 3890 humana,
2912 3822 2999 3879 bis
3052 3821 3331 3879 Placidam
3368 3826 3553 3882 verbis

1977 3916 2274 3988 compellat
2314 3934 2328 3970 :
2364 3912 2507 3981 Quid
2558 3929 2645 3969 me
2703 3915 3089 3984 persequeris,
3146 3913 3411 3972 Placida?
3472 3917 3552 3973 En

1979 4010 2059 4064 tui
2088 4023 2257 4064 causa
2288 4007 2535 4072 aderam,
2579 4021 2777 4076 meque
2811 4006 2906 4062 libi
2941 4006 3044 4062 hoc
3073 4007 3127 4060 in
3164 4008 3385 4064 animali
3417 4024 3552 4065 con-

1979 4101 2320 4175 spiciendum
2354 4098 2580 4170 praebui.
2608 4098 2718 4167 Ego
2745 4114 2866 4154 sum
2899 4098 3061 4156 Jesus
3084 4098 3362 4168 Christus,
3392 4117 3554 4171 quem

1980 4197 2242 4268 ignorans
2272 4193 2428 4249 colis.
2458 4190 2575 4246 Tua
2607 4205 2737 4262 erga
2768 4205 3043 4261 pauperes
3094 4191 3272 4247 oﬂicia
3317 4206 3555 4264 conspe-

1980 4289 2094 4344 ctui
2161 4301 2283 4343 meo
2317 4283 2612 4357 prmsentia
2674 4282 2919 4338 luerunt.
2985 4282 3355 4349 Quamobrem
3408 4285 3555 4342 istuc

1980 4380 2125 4444 veni,
2157 4386 2211 4433 ut
2264 4394 2360 4448 per
2403 4377 2552 4433 hunc
2593 4392 2815 4433 cervum
2864 4393 2949 4432 me
3003 4378 3370 4446 patefacerem
3431 4380 3553 4446 tibi,

1978 4480 2140 4543 teque
2191 4470 2440 4526 vicissim
2494 4477 2697 4525 venatu
2746 4469 3293 4540 comprehenderem,
3340 4480 3395 4527 et
3441 4474 3558 4528 ele-

1979 4564 2197 4620 mentia:
2236 4578 2369 4619 mea":
2394 4562 2650 4633 indagine
2685 4562 2984 4636 cingerem.
3010 4562 3120 4619 Nec
3153 4564 3297 4619 enim
3337 4581 3552 4637 teqnum

1981 4653 2168 4720 fuerit,
2206 4662 2263 4709 ut
2291 4669 2451 4724 quem
2480 4654 2550 4709 ob
2588 4663 2739 4710 recte
2774 4655 3052 4725 probeque
3086 4653 3230 4710 facta
3262 4654 3452 4728 diligo,
3507 4657 3554 4713 is

1982 4748 2327 4804 daemonibus
2361 4747 2618 4818 impuris,
2668 4747 3011 4818 mortuisque
3043 4754 3097 4802 et
3147 4746 3335 4803 surdis
3375 4748 3554 4803 simu-

1983 4840 2150 4896 lacris
2194 4840 2417 4896 serviat.
2465 4837 2676 4894 idcirco
2721 4838 2927 4910 quippe
2958 4839 3025 4894 ad
3057 4846 3258 4901 terras,
3289 4850 3351 4894 ea
3388 4852 3552 4909 quam

1982 4931 2166 4988 cernis
2216 4931 2399 5003 specie
2448 4930 2598 4997 veni,
2640 4939 2701 4985 ut
2749 4929 2935 5000 generi
2988 4930 3273 4987 hominum
3320 4930 3554 4987 salutem

1984 5025 2257 5081 afl‘errem.
2300 5043 2320 5078 ι

1987 5117 2173 5174 Sancti
2222 5115 2426 5172 Leontii
2476 5113 2742 5187 Neapolis
2755 5114 2809 5167 in
2841 5114 3016 5187 Cypro
3047 5114 3224 5168 insula
3255 5111 3555 5187 [episcopi],

2367 5201 2433 5240 ea:
2466 5184 2599 5240 libro
2631 5203 2663 5241 v
2703 5184 2901 5239 Contra
2938 5185 3177 5239 Juda’os.

2059 5299 2076 5332 ι
2118 5279 2363 5350 Agedum
2411 5275 2713 5348 deinceps,
2756 5290 2853 5347 age
2881 5275 2995 5344 jam
3029 5290 3186 5347 aequo
3237 5273 3423 5329 animo
3462 5288 3549 5328 ve-

1982 5370 2305 5426 nerabilium
2356 5366 2657 5435 imaginum
2711 5364 3086 5420 defensionem
3141 5363 3551 5435 aggrediamur,

1980 5470 2039 5517 ut
2073 5462 2436 5518 obstruantur
2475 5472 2570 5513 ora
2615 5457 2958 5526 loquentium
2992 5455 3210 5527 iniqua.
3254 5455 3373 5513 Non
3406 5454 3555 5509 enim

1988 5552 2275 5614 inventum
2316 5558 2565 5607 nostrum
2601 5549 2735 5605 illud
2763 5555 2868 5614 est,
2903 5547 2998 5606 sed
3025 5548 3160 5619 legis
3189 5548 3372 5618 potius
3399 5546 3559 5606 iusti.
