3986 6346
544 281 682 354 1383

537 494 669 552 tem,
728 496 788 541 ut
839 489 1086 558 geminas
1135 489 1436 548 Cherubim
1500 494 1768 568 imagines
1825 502 2114 572 sculptiles

549 575 966 648 conllatilesque
1011 579 1371 650 fabrefaciat,
1422 586 1621 656 quibus
1675 592 2114 661 propitiatorium

536 669 987 725 obumbrantur.
1029 671 1266 740 Adhaec,
1310 677 1574 747 templum
1641 678 1911 738 Ezechieli
1967 683 2112 742 Deus

535 760 800 826 ostendit,
855 762 1004 832 quod
1055 778 1086 817 a
1134 766 1446 835 pavimento
1495 770 1559 824 ad
1618 759 1894 841 laquearis
1953 773 2114 830 fasti-

535 853 707 924 gium,
739 854 1030 924 sculptiles
1063 856 1307 926 leonum,
1339 861 1664 931 palmarum,
1688 864 2107 938 hominumque,

533 954 587 1002 et
613 945 912 1002 Cherubim
944 949 1110 1005 facies
1142 951 1406 1009 habuisse
1435 955 1589 1012 dicit.
1611 957 1902 1016 Terribilis
1928 963 2112 1033 reipsa

534 1037 622 1092 hic
671 1053 852 1093 sermo
901 1048 1008 1093 est.
1055 1042 1197 1097 Deus
1243 1045 1338 1113 qui
1390 1045 1577 1102 lsraeli
1633 1049 1892 1118 injunxit,
1927 1069 1996 1108 ne
2031 1053 2110 1109 rei

532 1129 720 1193 ullius,
751 1129 866 1184 sive
895 1145 1017 1198 qua:
1051 1131 1106 1184 in
1138 1134 1317 1198 caelis,
1349 1136 1465 1192 sive
1499 1154 1621 1208 qua:
1655 1141 1706 1194 in
1741 1149 1888 1196 terra
1915 1144 2109 1210 fuerit,

531 1219 792 1288 sculptile
813 1221 1132 1290 quodpiam,
1168 1233 1263 1279 aut
1295 1225 1588 1296 imaginem
1626 1229 2110 1292 similitudinemve

531 1307 761 1376 faceret,
815 1311 932 1381 ipse
983 1311 1152 1384 Moysi
1192 1317 1460 1386 praaripit,
1496 1328 1556 1374 ut
1588 1323 1807 1394 sculpta
1854 1326 2108 1382 animan-

529 1401 626 1461 tia,
683 1401 1005 1470 Cherubin),
1058 1405 1306 1475 inquam,
1365 1408 1615 1466 fabricet.
1664 1413 1922 1482 Quinimo
1973 1419 2107 1476 Eze—

527 1490 692 1546 chieli
726 1495 984 1564 templum
1032 1505 1325 1564 monstrat,
1371 1501 1724 1573 imaginibus,
1770 1510 2108 1584 sculptisque

527 1579 766 1647 leonum,
829 1582 1160 1651 palmarum,
1207 1597 1262 1642 et
1310 1589 1596 1648 hominum
1651 1597 1963 1657 simulacris
2017 1618 2105 1659 re-

529 1667 747 1727 fertum.
803 1670 1063 1728 Salomon
1106 1675 1232 1731 item
1288 1677 1517 1749 ﬁguram
1553 1683 2106 1761 designationcmque

523 1773 590 1814 ex
632 1760 748 1831 lege
783 1771 1090 1833 mutuatus,
1125 1768 1298 1824 aeneis
1337 1770 1525 1838 boum,
1556 1775 1891 1845 palmarum,
1918 1787 1972 1833 et
2002 1779 2102 1836 ho-
2136 1751 2177 1806 Β

523 1851 732 1906 minum
801 1853 1111 1912 simulacris
1165 1859 1384 1928 plenum
1468 1867 1726 1935 templum
1785 1872 2101 1928 exstruxit:

521 1958 699 2014 neque
754 1946 825 2002 ob
883 1947 935 2002 id
994 1965 1224 2020 usquam
1273 1967 1303 2006 a
1360 1952 1470 2010 Deo
1537 1960 1906 2028 reprehensus
1967 1963 2102 2019 fuit.

521 2031 888 2102 Quamobrem
945 2041 991 2094 si
1056 2057 1142 2097 me
1193 2055 1416 2115 propter
1463 2047 1729 2120 imagines
1769 2053 2101 2110 condemna-

521 2141 582 2181 re
638 2128 745 2192 vis,
809 2129 977 2185 Deum
1027 2134 1184 2202 prius
1245 2151 1510 2204 accuses,
1561 2142 1658 2212 qui
1717 2143 1832 2199 haec
1895 2146 2103 2206 ideirco

524 2214 868 2288 ﬁerijussit,
895 2230 954 2276 ut
988 2223 1164 2294 ipsius
1207 2227 1351 2298 apud
1397 2246 1496 2286 nos
1540 2237 1803 2290 memoria
1844 2252 2100 2307 perseve-

520 2317 689 2364 raret.
741 2329 762 2364 ι

835 2403 1003 2478 374
1037 2406 1286 2478 Ejusdem
1311 2428 1376 2466 ex
1409 2413 1544 2470 libro
1577 2417 1777 2486 quinto.

592 2509 614 2546 ι
654 2491 822 2552 Nobis
871 2513 1091 2554 rursum
1125 2501 1385 2573 illudunt,
1435 2509 1584 2576 quod
1634 2509 1932 2579 pretiosam
1967 2527 2099 2568 cru-

515 2596 635 2638 cem
673 2584 1000 2659 divinasque
1045 2591 1316 2665 imagines
1361 2596 1740 2669 designemus,
1780 2602 2098 2661 adoremus-

515 2690 652 2745 que,
712 2693 924 2750 nosque
985 2681 1263 2740 idolorum
1326 2701 1390 2742 ac
1445 2689 1747 2761 ligneorum
1804 2697 2094 2754 numinum

513 2766 753 2826 cultores
781 2781 1002 2840 vocant,
1034 2775 1136 2829 viri
1163 2779 1256 2848 qui
1283 2777 1450 2834 Deum
1483 2783 1705 2838 omnino
1727 2799 1835 2840 non
1867 2795 2073 2844 norunt

513 2858 668 2926 Quod
721 2861 793 2929 si,
848 2872 908 2918 ut
943 2869 1173 2936 asseris,
1207 2870 1403 2940 atliee,
1452 2872 1619 2928 Deum
1655 2875 1894 2948 ligneum
1945 2881 2090 2948 colo,

511 2957 660 3006 certe
689 2953 874 3022 plures
909 2971 1130 3027 quoque
1166 2975 1416 3016 veneror.
1449 2961 1506 3017 Si
1541 2964 1753 3034 plures,
1782 2968 1973 3039 utique
1999 2973 2092 3026 de—

1705 295 1766 356 S.
1807 295 2127 360 JOANNIS
2166 301 2594 368 DAMASCENI

541 404 738 451 tutum.
781 393 914 449 Nam
956 393 1124 451 Deum
1166 396 1345 469 ipsum
1388 401 1512 456 audi
1568 401 1740 476 Moysi
1777 409 2091 480 praecipien-

2217 417 2480 488 ἡμετέρα.
2541 421 2808 477 ’Ἄκουσον
2846 423 2954 495 γὰρ
2994 424 3175 493 ,αὐτοῦ
3210 427 3305 482 τοῦ
3343 431 3483 486 Θεοῦ
3544 435 3808 506 λέγοντος

2219 507 2355 577 πρὸς
2404 511 2674 576 Μωῦσέα,
2722 514 2937 580 εἰκόνας
2972 516 3065 571 δύο
3089 520 3372 592 Χερουϐὶμ
3402 524 3666 592 γλυπτῶν
3712 533 3808 586 καὶ

2206 599 2504 668 ,χωνευτῶν
2536 603 2967 670 κατασκευάσαι,
3004 610 3335 674 σκιαζόντων
3362 613 3422 667 τὺ
3459 616 3804 692 ἱλαστήριον.

2213 691 2326 745 και
2367 692 2550 761 πάλιν,
2599 694 2689 748 τὸν
2742 697 2868 752 ναὸν
2923 697 3123 765 ἔδειξεν
3159 705 3188 756 ό
3215 702 3350 770 Θεὸς
3387 707 3465 778 τῷ
3502 691 3798 782 Ἰεζεκιὴλ,

2212 782 2428 851 γλυπτὰ
2482 786 2767 857 πρόσωπα,
2817 791 3000 862 φησιν,
3035 787 3171 864 εἶχε,
3203 794 3450 866 λεόντων,
3490 803 3586 855 καὶ
3623 807 3797 886 φρινὶ-

2211 888 2344 948 κων,
2377 871 2472 927 καὶ
2494 874 2814 946 ἀνθρώπων,
2850 881 2944 933 καὶ
2963 882 3264 954 Χερουϐὶμ,
3298 887 3408 941 ἀπὸ
3441 890 3532 944 τοῦ
3559 875 3796 965 easEas;

3669 323 3810 391 138!

2213 962 2379 1017 αὐτοῦ
2408 966 2512 1029 ἕως
2551 967 2642 1020 τοῦ
2669 967 3031 1048 φατνώματος
3068 973 3170 1044 τῆς
3201 977 3420 1049 στέγης,
3454 982 3661 1050 Ὄντως
3687 1007 3792 1055 φο-
3849 1007 3860 1028 ι
3907 975 3909 1022 ἶ

2211 1051 2369 1122 ϐερὺς
2399 1055 2427 1108 ὁ
2448 1053 2624 1124 λόγος.
2661 1057 2718 1112 Ὁ
2738 1059 2883 1124 ,Θεὸς
2916 1063 3293 1136 ἐντειλάμενος
3323 1068 3400 1139 τῷ
3457 1073 3673 1147 Ἰσραὴλ
3699 1051 3786 1148 .μὴ

2211 1143 2436 1214 ποιῆσαι
2470 1147 2726 1216 γλυπτὸν,
2771 1152 2908 1224 μήτε
2941 1153 3150 1222 εἰκόνα,
3189 1159 3330 1230 μήτε
3353 1143 3640 1235 ὁμοίωμα,
3680 1143 3788 1222 ὅσα

2209 1235 2359 1289 ἐστὶν
2381 1237 2438 1292 ἐν
2457 1238 2536 1309 τῷ
2560 1240 2796 1313 οὐρανῷ,
2820 1244 2916 1298 καὶ
2938 1247 3039 1300 ὅσα
3063 1248 3210 1302 ἐστὶν
3253 1251 3347 1305 ἐπὶ
3389 1257 3491 1326 τῆς
3533 1257 3656 1327 γῆς,
3685 1261 3787 1312 αύ-

2207 1327 2303 1392 τὸς
2363 1333 2695 1400 προστάσσει
2733 1335 2811 1406 τῷ
2863 1338 3070 1410 Μωῡσῇ
3131 1343 3357 1413 ποιῆσαι
3404 1347 3620 1415 γλυπτὰ
3667 1349 3787 1414 ζῶα

2207 1419 2508 1514 Χερξιοδίμο
2535 1425 2630 1478 καὶ
2656 1425 2732 1496 τῷ
2747 1428 3005 1500 ’ἰεζεκιὴλ
3022 1431 3206 1503 πλήρη
3230 1436 3452 1491 εἰκόνων
3470 1441 3561 1493 καὶ
3579 1440 3786 1514 ,ὀνομά-

2703 1492 2714 1496 -
2960 1492 2972 1500 .
3116 1492 3152 1503 ..
3193 1492 3206 1503 .
3513 1492 3516 1493 ν
3579 1501 3596 1510 -
3659 1492 3761 1514 τν-

2205 1492 2388 1584 τωιΟι)
2411 1515 2688 1582 γλυπτῶν,
2719 1519 2969 1586 λεόντων,
3003 1524 3096 1576 καὶ
3131 1527 3410 1594 φοινίκων,
3442 1532 3534 1584 καὶ
3568 1533 3784 1602 ἀνθρὼ-

2191 1595 2346 1669 ’πιιῖν,
2376 1605 2618 1662 δείκνυσι
2649 1608 2739 1662 τὸν
2769 1611 2897 1665 ναὸν
2922 1615 2950 1666 ό
2977 1614 3138 1679 Θεός·
3167 1618 3264 1670 καὶ
3305 1619 3575 1690 Σολομὼν,
3607 1595 3790 1682 ἔχ’νόο
3884 1693 3909 1712 ,1

2211 1711 2311 1764 μου
2345 1695 2526 1768 λαϐὼν
2572 1697 2633 1750 τὸ
2680 1699 2938 1771 τύπωμα,
2990 1703 3172 1776 πλήρη
3223 1711 3492 1780 πεποίηκε
3529 1713 3618 1766 τὸν
3654 1716 3784 1769 ναὸν

2206 1785 2423 1856 χαλκῶν
2446 1788 2723 1856 γλυπτῶν,
2777 1794 2935 1862 βοῶν,
2975 1797 3070 1850 καὶ
3115 1801 3373 1866 φοινίκων
3399 1844 3414 1868 ,
3449 1805 3540 1857 καὶ
3567 1806 3782 1878 ἀνθρώ-

2205 1893 2343 1943 πων,
2375 1879 2469 1932 καὶ
2493 1879 2554 1932 ού
2585 1883 2938 1956 κατεγνώσθη
2983 1886 3087 1941 ὑπὸ
3133 1889 3228 1942 τοῦ
3255 1891 3390 1946 Θεοῦ
3417 1895 3473 1946 ὲν
3494 1897 3687 1965 τούτῳ.
3719 1897 3784 1951 Εἰ

2202 1967 2384 2024 τοίνυν
2429 1969 2564 2041 ἐμοῦ
2622 1973 3060 2042 καταγινώσκειν
3110 1979 3288 2045 θέλεις
3343 1985 3472 2056 περὶ
3531 1987 3781 2056 εἰκόνων,

2203 2063 2622 2132 προκατάγνωθι
2657 2063 2749 2118 τοῦ
2791 2065 2927 2120 Θεοῦ
2973 2069 3148 2124 ταῦτα
3187 2077 3361 2127 ποιεῖν
3400 2076 3778 2144 κελεύσαντος,

2199 2149 2276 2217 ὡς
2303 2152 2610 2226 ὑπόμνησιν
2643 2155 2808 2210 αὑτοῦ
2842 2151 2982 2213 εἰναι
3022 2160 3156 2232 παρ’
3196 2163 3352 2234 ἡμῖν.
3397 2183 3418 2218 ι

2415 2421 2525 2476 Τοῦ
2554 2424 2762 2489 αὐτοῦ,
2803 2425 2872 2480 ἐκ
2901 2427 3006 2483 τοῦ
3044 2428 3318 2499 πέμπτου
3350 2435 3554 2504 λόγου.

2277 2527 2296 2562 ι
2332 2511 2501 2564 Πάλιν
2532 2513 2680 2584 ἡμᾶς
2711 2514 3058 2580 διαπαίζουσι
3087 2523 3216 2592 περὶ
3253 2523 3348 2578 τοῦ
3386 2527 3568 2596 τιμίου
3603 2545 3778 2586 σταυ-

2201 2601 2316 2672 ροῦ,
2348 2604 2442 2658 καὶ
2470 2603 2571 2674 τῆς
2609 2607 2719 2678 τῶν
2765 2607 3120 2679 θεοτυπώτων
3148 2614 3373 2669 εἰκόνων
3419 2621 3778 2688 σημειώσεὼς

2195 2709 2252 2746 τε
2276 2694 2369 2748 καὶ
2404 2699 2847 2769 προσκυνήσεως,
2890 2700 3278 2773 εἰδωλολάτρας
3309 2707 3454 2775 ἡμᾶς
3487 2710 3579 2762 καὶ
3614 2699 3774 2776 Eulo-
3807 2715 3811 2730 '

2195 2783 2351 2848 θέους
2370 2785 2750 2857 ὀνομάζοντες,
2776 2789 2826 2842 οἱ
2856 2790 3139 2846 πανάοεοι.
3169 2793 3233 2846 Ei
3260 2794 3318 2848 δὲ
3351 2796 3594 2863 ξυλόθεός
3626 2803 3772 2872 εἰμι,

2193 2877 2269 2941 ὡς
2290 2877 2489 2946 λέγεις,
2513 2879 2662 2946 ἄθεε,
2698 2880 2792 2935 καὶ
2820 2881 3082 2948 πολύθεος
3129 2885 3366 2952 πάντως.
3407 2891 3468 2943 Εἰ
3508 2891 3563 2944 δὲ
3597 2894 3773 2948 πολύ-

2193 2965 2334 3033 Θεος,
2386 2971 2554 3040 ἐχρῆν
2589 2988 2658 3042 με
2716 2971 2933 3037 πάντως
2966 2976 3207 3045 ὀμνύντα
3248 2978 3464 3048 λέγειν·
3500 2985 3595 3040 Μὰ
3623 2987 3773 3054 τοὺς

505 3039 738 3110 jerando
790 3045 1003 3114 dixero,
1063 3049 1168 3104 Per
1212 3050 1337 3106 deos
1373 3067 1392 3105 :
1427 3057 1888 3124 quemadmodum
1920 3071 1970 3117 et
2004 3070 2084 3130 tu,

2198 3060 2387 3124 θεοὺς,
2440 3039 2692 3134 καθάπερ
2738 3063 2832 3118 καὶ
2885 3065 2949 3118 σὺ
2979 3039 3073 3119 ἕνα
3109 3067 3249 3138 ὁρῶν
3279 3039 3501 3142 μόσχον,
3539 3039 3767 3144 ἔλεγεςῖ

2193 3145 2369 3207 Οὗτοι
2405 3153 2460 3205 οἰ
2499 3151 2621 3206 θέοι
2664 3165 2806 3220 σου,
2842 3155 3116 3225 ἰσραήλ’
3149 3159 3266 3212 ἀλλ’
3323 3162 3422 3215 ούκ
3475 3163 3768 3248 ᾴξιωοείης
3877 3161 3909 3224 ,ζ

2186 3243 2346 3298 τοῦτο
2394 3247 2543 3315 παρὰ
2590 3247 2930 3318 Χριστιανῶν
2981 3254 3268 3323 στομάτων
3307 3255 3542 3311 ἀκοῦσαί
3590 3246 3762 3314 ποτεσ
3908 3261 3909 3280 ‘

508 3134 788 3200 quondam
818 3136 1052 3192 vitulum
1083 3155 1255 3196 unum
1283 3144 1579 3213 aspiciens.
1609 3147 1796 3206 aiebas
1824 3168 1838 3204 :
1869 3150 1939 3205 Ili
1967 3163 2087 3208 sunt

507 3220 587 3274 dii
635 3223 736 3289 tui,
793 3222 969 3280 Israel
1018 3228 1085 3283 ⁸⁸.
1127 3231 1196 3285 At
1251 3233 1524 3302 ejusmodi
1572 3236 1958 3308 jusjurandum
2019 3260 2088 3301 ex

507 3327 605 3370 ore
660 3315 1099 3378 Christianorum
1151 3336 1208 3382 te
1261 3329 1541 3388 audivisse
1576 3337 1896 3408 neutiquam
1935 3354 2086 3395 asse-

506 3408 737 3464 veraris.
805 3409 1002 3468 Verum
1059 3417 1324 3479 adulterae
1389 3423 1686 3497 Syuagogze
1737 3433 2085 3488 consuetudo

505 3506 610 3565 est,
642 3508 702 3553 ut
747 3503 1130 3572 castissimam,
1161 3509 1365 3567 Christi
1402 3513 1737 3585 Ecclesiam,
1764 3535 1864 3577 ceu
1900 3538 2082 3580 mere-

505 3588 698 3644 tricem
731 3590 979 3650 infamet.
1017 3613 1036 3647 ι

577 3679 858 3750 Ejusdem.
897 3703 916 3737 ι
957 3684 1144 3758 Neque
1169 3692 1315 3749 enim
1338 3705 1654 3754 sanctorum
1683 3699 1909 3770 formas,
1947 3702 2084 3760 ima-

503 3770 658 3843 gines
689 3783 742 3829 et
775 3775 976 3847 ﬁguras
1021 3782 1102 3836 uti
1134 3783 1271 3842 deos
1333 3789 1648 3846 adoramus.
1695 3792 1828 3849 Nam
1872 3798 1918 3852 si
1961 3805 2082 3853 tan-

502 3878 667 3933 quam
703 3863 870 3920 Deum
901 3868 1136 3939 ligneam
1186 3875 1480 3948 imaginem
1510 3882 1889 3953 adoraremus,
1925 3903 2082 3944 eum-

501 3952 624 4008 dem
657 3954 886 4011 omnino
917 3959 1126 4014 eultum
1172 3966 1405 4036 reliquis
1443 3971 1608 4026 etiam
1645 3972 1812 4043 lignis
1849 3952 2079 4034 exhibe-

501 4059 706 4112 remus,
755 4063 955 4120 neque,
984 4060 1044 4107 ut
1072 4070 1219 4126 saepe
1247 4061 1541 4134 contingit,
1576 4064 1870 4138 imaginem
1904 4069 2079 4128 forma

498 4137 672 4194 deleta
721 4143 1197 4204 eombureremus.
1239 4150 1304 4205 Et
1338 4169 1580 4222 rursum,
1633 4137 1878 4229 quandiu
1932 4161 2078 4232 ligna

497 4231 679 4288 crucis
744 4244 998 4306 coaptata
1073 4251 1321 4310 manent,
1391 4245 1623 4302 formam
1699 4249 1848 4305 illam
1903 4231 2074 4310 adoro

496 4336 718 4394 propter
745 4342 869 4382 eum
904 4333 993 4400 qui
1033 4336 1337 4392 cruciﬁxus
1369 4336 1506 4393 fuit:
1541 4339 1630 4393 ubi
1665 4356 1793 4397 vero
1823 4344 2072 4412 seiuncta

2186 3335 2301 3390 ἀλλ’
2327 3336 2560 3392 εἴθισται
2589 3341 2676 3393 ἀεὶ
2707 3342 2739 3412 ἡ
2773 3341 3022 3413 μοιχαλὶς
3047 3344 3141 3398 καὶ
3167 3344 3396 3411 ἄπιστος
3441 3350 3764 3423 Συναγωγή,
3907 3377 3909 3398 ι

2186 3426 2283 3498 τὴν
2329 3431 2698 3504 πανσὼφρονα
2747 3432 2986 3505 Χριστοῦ
3040 3433 3393 3509 Ἐκκλησίαν,
3430 3437 3507 3503 ὡς
3550 3441 3766 3515 πόρνην

2183 3515 2543 3590 διαγορεύειν.
2577 3537 2596 3572 ι
2643 3535 2800 3598 .‘.,..,.!«
2846 3547 2886 3606 ετ,

2256 3697 2368 3754 Τοῦ
2403 3699 2606 3755 αὐτοῦ.
2635 3716 2656 3752 ι
2693 3699 2825 3754 Οὐδὲ
2851 3699 2960 3772 γὰρ
2986 3701 3118 3774 παρ’
3145 3701 3322 3772 ἡμῶν,
3344 3701 3421 3766 ὥς
3447 3702 3562 3757 θεοὶ
3591 3723 3765 3778 προσ-

2183 3789 2468 3842 κυνοῦνται
2509 3789 2559 3842 οἰ
2608 3788 2718 3842 τῶν
2770 3789 2941 3856 ἁγίων
2979 3789 3345 3861 χαρακτῆρες,
3399 3790 3494 3843 καὶ
3527 3792 3762 3858 εἰκόνες,

2181 3879 2276 3934 καὶ
2303 3879 2486 3934 τύποι.
2528 3881 2592 3942 Εἰ
2625 3879 2733 3950 γὰρ
2759 3879 2834 3944 ὡς
2865 3879 2985 3950 Θεῷ
3017 3881 3465 3952 προσεκυνοῦμεν
3497 3883 3572 3953 τῷ
3613 3884 3764 3957 ξύλῳ

2178 3970 2280 4042 τῆς
2316 3971 2542 4036 εἰκόνος,
2602 3971 2904 4042 ἐμέλλομεν
2961 3971 3178 4036 πάντως
3237 3973 3330 4026 καὶ
3377 3975 3491 4037 τοῖς
3548 3975 3764 4041 λοιποῖς

2181 4062 2508 4132 προσκυνεῖν
2543 4059 2740 4126 ξύλοις,
2777 4061 2872 4116 καὶ
2891 4062 2991 4133 οὐχ
3019 4062 3095 4127 ὡς
3124 4063 3404 4128 πολλάκις,
3439 4064 3762 4130 λεανθέντος

2176 4148 2270 4203 τοῦ
2305 4150 2685 4222 χαρακτῆρος,
2731 4150 2810 4221 τῷ
2849 4152 2983 4222 πυρὶ
3013 4151 3113 4223 τὴν
3154 4153 3336 4207 εἰκόνα
3364 4154 3756 4226 κατεκαίομεν.

2176 4243 2289 4298 Καὶ
2317 4242 2502 4310 πάλιν,
2537 4244 2644 4308 ἕως
2677 4245 2778 4315 μὲν
2825 4245 2940 4299 ἔστι
2979 4244 3335 4316 συνδεδεμένα
3374 4247 3442 4299 τὰ
3482 4246 3618 4313 ξύλα
3653 4249 3761 4303 τοῦ

2177 4332 2438 4406 σταυροῦ,
2471 4335 2764 4406 προσκυνῶ
2783 4333 2874 4388 τὸν
2895 4335 3064 4390 τύπον
3091 4335 3180 4389 διὰ
3206 4336 3299 4389 τὸν
3328 4337 3386 4390 ὲν
3408 4336 3554 4407 αύτῷ
3584 4355 3762 4392 σταυ-

497 4415 723 4485 fuerint,
756 4420 943 4476 eadem
982 4426 1184 4497 abjicio
1217 4437 1381 4499 atque
1404 4431 1688 4487 comburo.
1717 4433 1784 4488 Et
1809 4409 2072 4506 quemad-

2198 4423 2419 4479 ιωθέντα
2443 4425 2698 4496 Χριστὸν,
2735 4423 2872 4477 ὲπὰν
2916 4424 2974 4478 δὲ
2998 4425 3346 4496 διαιρεθῶσιν
3382 4426 3442 4491 ἐξ
3475 4426 3762 4498 ἀλλήλων,

495 4509 740 4577 modum,
764 4513 857 4582 qui
891 4514 1244 4588 imperatoris
1269 4520 1510 4577 edictum
1538 4523 1889 4597 obsignatum
1921 4529 2072 4585 acci-

494 4600 595 4671 pit,
629 4601 978 4674 sigillumque
1010 4610 1318 4678 osculatur,
1349 4611 1395 4667 is
1426 4626 1535 4666 non
1567 4613 1762 4679 lutum,
1791 4615 2072 4673 chartam-

493 4706 580 4752 ve,
618 4698 714 4746 aut
745 4693 1030 4762 plumbum
1057 4707 1375 4768 veneratur,
1410 4701 1507 4758 sed
1544 4703 1858 4774 imperatori
1885 4708 2070 4776 potius

492 4779 758 4836 honorem
792 4782 973 4840 defert
1006 4793 1062 4840 et
1103 4787 1527 4859 adorationem;
1562 4793 1644 4849 sic
1693 4809 1796 4851 nos
1844 4811 2067 4867 quoque

490 4867 816 4937 Christiani,
869 4874 1052 4930 crucis
1112 4875 1347 4935 formam
1405 4882 1714 4950 adoranda,
1767 4899 1880 4940 non
1936 4887 2069 4958 ligni

490 4964 800 5031 materiam,
861 4966 960 5022 sed
1023 4971 1200 5042 magis
1251 4975 1624 5044 signaculum,
1682 4978 1943 5033 annulum
2015 4989 2070 5036 et

489 5056 865 5113 characterem
910 5056 1120 5115 Christi
1172 5063 1352 5133 ipsius
1401 5067 1790 5136 respicientes,
1827 5084 1924 5138 per
1975 5087 2069 5124 ea-

486 5145 609 5200 dem
663 5147 816 5204 illum
864 5150 961 5222 qui
1011 5151 1163 5206 cruci
1217 5151 1412 5210 afﬁxus
1469 5153 1594 5222 fuit,
1655 5157 1965 5217 salutamus
2013 5172 2070 5218 et

487 5239 803 5300 adoramus.
833 5261 854 5296 ι

461 5528 466 5535 ’
555 5454 601 5484 ³⁸
631 5463 800 5522 Exod.
831 5484 1004 5534 xxx",
1031 5473 1084 5529 4.

2178 4515 2358 4586 ῥίπτω
2407 4515 2550 4569 αὐτὰ
2595 4517 2690 4570 καὶ
2722 4516 3025 4570 κατακαίω.
3081 4517 3194 4570 Καὶ
3225 4516 3414 4589 ὥσπερ
3442 4520 3471 4571 ό
3500 4518 3761 4573 κέλευσεν

2175 4609 2441 4681 βασιλέως
2469 4609 2759 4681 δεξάμενος
2784 4610 3252 4682 ἐσφραγισμένην,
3284 4611 3378 4665 καί⁵
3422 4612 3762 4683 ἀσπασάμε-
3820 4666 3848 4690 ι,

2172 4719 2262 4768 νος
2289 4703 2386 4774 τὴν
2420 4703 2714 4774 σφραγίδα,
2735 4703 2796 4756 οὐ
2816 4702 2906 4756 τὸν
2927 4702 3098 4774 πηλὸν
3115 4703 3392 4776 ἐτίμησεν,
3414 4705 3476 4758 ού
3502 4705 3590 4760 τὸν
3609 4706 3760 4777 χάρ-

2170 4811 2292 4865 την,
2327 4794 2361 4865 ἢ
2410 4793 2501 4847 τὸν
2553 4792 2819 4870 μόλιρῥον,
2851 4793 2987 4848 ἀλλὰ
3037 4794 3114 4866 τῷ
3149 4793 3360 4865 βασιλεί
3392 4797 3653 4866 ἀπένειμε
3685 4799 3758 4850 τὸ
3797 4787 3876 4852 με,ξί

2172 4886 2340 4949 σέϐας
2388 4885 2483 4938 καὶ
2511 4885 2611 4956 τὴν
2650 4885 3022 4956 προσκύνησιν
3044 4903 3060 4918 ο
3107 4886 3249 4940 οὕτω
3279 4887 3374 4940 καὶ
3406 4888 3758 4959 Χριστιανῶν

2166 4977 2390 5042 παῖδες,
2431 4974 2510 5047 τῷ
2535 4975 2692 5046 τύπῳ
2741 4975 2836 5029 τοῦ
2884 4976 3122 5048 σταυροῦ
3175 4977 3635 5048 προσκυνοῦντες,
3679 4980 3751 5032 οὐ

3787 4733 3816 4782 Ϋ
3843 4735 3851 4742 .

3787 5059 3792 5066 ν

2164 5068 2265 5140 τὴν
2302 5067 2464 5138 φύσιν
2493 5066 2587 5120 τοῦ
2618 5065 2775 5134 ξύλου
2807 5067 3246 5138 προσκυνοῦμεν,
3284 5068 3422 5123 ἀλλὰ
3451 5068 3751 5141 myth,
3773 5073 3884 5136 τίεν,

2165 5160 2262 5214 καὶ
2287 5157 2595 5242 δακτύλιον,
2627 5159 2721 5212 καὶ
2763 5162 3087 5230 χαρακτῆρα
3121 5158 3359 5230 Χριστοῦ
3412 5158 3574 5213 αὑτοῦ
3631 5159 3756 5228 βλέ-
3817 5191 3868 5246 ,εἴ
3907 5189 3909 5208 ι

2173 5233 2478 5316 ποντεςξῧιῖ
2497 5236 2674 5304 ἀὐτοῦ
2711 5249 2800 5304 τὸν
2821 5252 2879 5305 ὲν
2906 5250 3054 5323 αὐτῷ
3089 5251 3480 5324 σταυρωθέντα
3501 5249 3752 5314 ἀσπαζό-
3860 5249 3909 5292 τ·⁵

2176 5341 2317 5412 μεθα
2347 5341 2439 5396 καὶ
2464 5341 2897 5414 προσκυνοῦμεν.
2940 5361 2956 5393 ι

3399 5421 3430 5434 κ

1765 5567 1994 5624 VARIAS
2032 5568 2434 5626 LECTIONES.

553 5687 752 5766 {Lego
777 5694 1157 5765 ὁμοιωμάτων,
1194 5709 1244 5752 ιιι
1287 5699 1455 5756 Ziuus
1483 5711 1532 5754 et
1567 5699 1726 5784 ΤιΙιιι.
1769 5714 1823 5756 et
1854 5703 1907 5757 in
1939 5710 2045 5758 act.
2076 5705 2106 5758 7
2146 5718 2267 5774 syn.
