3986 6346
211 457 326 523 1385

1273 460 1372 520 DE
1411 461 1873 525 IMAGINIBUS
1906 451 2190 516 ORATIO
2221 452 2336 512 III.

3295 450 3431 512 1386

265 521 367 619 ’Τοῦ
393 561 598 618 αὑτοῦ.
625 579 643 612 ι
671 561 782 615 Καὶ
809 561 897 615 διὰ
923 559 1080 614 τοῦτο
1115 563 1370 633 Χριστὸν,
1398 567 1494 618 καὶ
1523 521 1596 620 τά

1936 560 2210 630 Ejusdem.
2252 574 2284 628 ι,
2308 555 2486 623 Atque
2540 567 2659 606 eam
2720 551 2791 608 ob
2843 566 3066 607 causam
3120 550 3430 620 Christum,

207 653 313 708 στοῦ
341 653 519 724 πάθη,
548 653 608 706 ἐν
650 651 993 722 ἐκκλησίαις,
1027 653 1122 706 καί⁵
1159 654 1350 718 οίκοις,
1377 655 1474 708 καὶ
1507 657 1755 726 ἀγοραῖς.

205 746 282 797 καὶ
307 745 360 796 ὲν
381 743 572 807 εἰκόσι,
613 742 710 795 καὶ
731 743 788 795 ἐν
825 742 1048 809 σινδόνι,
1083 745 1178 797 καὶ
1205 745 1262 797 ἐν
1291 746 1560 816 ταμείοις,
1587 747 1682 821 καὶἴ
1701 748 1759 800 ἐν

206 835 434 903 ἱματίοις,
465 836 562 888 καὶ
595 835 656 886 ἐν
685 834 851 885 παντὶ
880 834 1032 904 τόπῳ
1068 834 1292 887 ἐκτυπῶ
1326 835 1419 888 καὶ
1447 835 1758 906 διαγράφω,

205 929 278 979 ἵνα
303 925 558 992 διηνεκῶς
587 925 952 995 ὁρῶνταῦτα,
980 926 1517 996 ἁναμιμνήσκωμαι,
1558 926 1652 978 καὶ
1684 929 1761 996 μὴ

204 1016 548 1086 ἐπιλάθωμαι.
602 1015 794 1086 ὥσπερ
833 1019 899 1070 σὺ
945 1017 1213 1070 ἐπελάθου
1262 1018 1467 1088 Κυρίου
1503 1017 1599 1070 τοῦ
1623 1016 1762 1070 Θεοῦ

205 1125 287 1162 σου
311 1107 409 1161 ἀεί.
447 1108 560 1162 Καὶ
585 1107 776 1182 ὥσπερ
801 1109 865 1162 σὺ
897 1109 1220 1178 προσκυνῶν
1242 1109 1302 1162 τὸ
1332 1108 1538 1180 βιϐλίον
1563 1109 1658 1162 τοῦ
1679 1109 1765 1162 νό-

208 1216 319 1268 μου,
347 1199 405 1251 οὐ
443 1198 544 1267 τὴν
573 1199 734 1266 φύσιν
779 1200 891 1253 τῶν
935 1192 1221 1270 δερμάτων
1271 1193 1372 1253 καί
1405 1199 1500 1253 τοῦ
1537 1199 1766 1274 μέλανος

209 1291 539 1360 προσκυνεῖς,
573 1289 710 1343 ἀλλὰ
735 1292 862 1354 τοὺς
895 1289 1088 1358 λόγους
1124 1289 1222 1343 τοῦ
1263 1289 1398 1344 Θεοῦ
1433 1291 1561 1352 τοὺς
1582 1293 1766 1358 ἐγκει-

1859 650 2179 723 Christique
2234 645 2545 716 passionem
2594 643 2650 714 in
2697 643 2971 706 ecclesiis,
3008 643 3063 696 in
3114 644 3344 710 aedibus,
3378 647 3432 699 in

1862 743 2024 806 foris,
2076 742 2142 820 ini
2183 737 2406 812 tabulis,
2457 737 2510 790 in
2553 735 2772 800 linteis,
2830 735 2884 789 in
2935 737 3220 790 cubilibus
3269 747 3326 791 et
3377 738 3434 790 in

1861 837 2136 899 vestibus,
2180 845 2344 902 atque
2389 833 2442 886 in
2489 831 2640 885 omni
2673 831 2797 896 loco
2821 832 3070 900 exprime
3096 839 3150 886 et
3181 831 3434 901 designo,

1865 937 1923 982 ιιι
1978 942 2072 996 per
2130 925 2448 996 continuam
2516 923 3042 988 considerationem,
3116 923 3436 978 memoriam

1863 1032 2052 1072 eorum
2093 1014 2475 1084 perfriccmus,
2513 1027 2613 1067 nec
2648 1029 2889 1083 unquam
2924 1013 3338 1078 obliviscamur,
3382 1024 3454 1078 ιιι¹

1865 1117 1922 1160 ιιι
1964 1122 2179 1176 semper
2231 1107 2548 1180 oblitusnes
2613 1105 2832 1160 Domini
2861 1105 2981 1180 ‘Dei
3030 1105 3130 1160 tui.
3181 1105 3440 1170 Quinimo

1866 1197 2056 1262 veluti,
2093 1213 2217 1252 cum
2255 1198 2510 1266 volumen
2553 1199 2690 1266 legis
2744 1199 2977 1268 adoras,
3025 1211 3134 1251 non
3173 1197 3444 1252 membra-

1870 1306 2063 1343 narum
2094 1298 2147 1360 et
2189 1291 2480 1358 atramenti
2513 1273 3036 1356 naturam-adoras,
3064 1289 3158 1344 sed
3199 1289 3294 1342 Dei
3321 1304 3442 1344 ser—

210 1382 386 1456 μένρυς
415 1381 473 1433 ἐν
506 1379 675 1452 αύτῷ,
715 1380 889 1438 οὕτως
919 1381 1073 1448 κάγὼ
1097 1384 1164 1452 τῇ
1195 1383 1367 1435 είκὸνι
1399 1381 1493 1435 τοῦ
1525 1381 1766 1453 Χριστοῦ

1880 1400 2061 1440 mones
2115 1385 2208 1453 qui
2263 1384 2322 1440 in
2359 1401 2425 1439 eo
2481 1383 2672 1454 scripti
2725 1393 2890 1450 sunt;
2952 1385 3227 1440 consimili
3282 1375 3444 1438 modo

208 1469 510 1540 προσκυνῶ,
543 1472 605 1525 ού
639 1474 708 1542 τῇ
746 1470 906 1539 φύσει
933 1471 1028 1524 τοῦ
1070 1472 1227 1537 ξύλου
1258 1474 1351 1526 καὶ
1385 1472 1496 1525 τῶν
1542 1463 1769 1545 χρωμά-

1869 1473 2076 1530 Christi
2137 1474 2430 1544 imaginem
2487 1473 2681 1534 adoro,
2737 1488 3082 1543 nequaquam
3135 1488 3263 1528 vero
3310 1473 3470 1542 ligni'

207 1577 334 1614 τωνο
367 1561 443 1632 μὴ
473 1561 721 1632 γένοιτοὶ
767 1561 885 1616 ἀλλ’
935 1561 1129 1633 ἀψύχῳ
1178 1564 1486 1634 χαρακτῆρι
1533 1557 1770 1634 Χριστοῦ

1880 1566 2193 1619 colorumve
2228 1573 2521 1632 naturam;
2559 1564 2737 1636 absit!
2773 1563 2876 1624 sed,
2905 1563 3206 1623 inanimam
3234 1563 3442 1620 Christi

209 1648 534 1720 προσκυνῶν,
565 1651 634 1704 δι’
675 1651 842 1705 αὑτοῦ
864 1692 880 1716 ,
922 1653 1086 1706 αὐτὸν
1119 1654 1353 1724 Χριστὸν
1378 1653 1520 1706 δοκῶ
1555 1656 1772 1725 κρατεῖν

209 1741 293 1794 καὶ
311 1744 652 1812 προσκυνεῖν.
676 1743 787 1797 Καὶ
813 1743 1004 1815 ὥσπερ
1045 1743 1241 1799 Ἰακὼὸ
1285 1744 1580 1815 δεξάμενος
1624 1744 1774 1816 παρὰ

207 1834 305 1889 τῶν
339 1835 585 1904 ἀδελφῶν
623 1834 720 1888 τοῦ
787 1835 986 1906 Ἰωσὴφ
1015 1835 1107 1887 τὸν
1136 1834 1339 1906 χιτῶνα
1383 1835 1474 1888 τὸν
1527 1833 1770 1887 ποικίλον

209 1925 531 1994 ᾑμαγμένον,
565 1927 656 1980 ὅτε
690 1905 1007 1996 ἐπίπρασαν
1029 1905 1354 1997 τδνἸωσὴφ
1376 1965 1391 1988 ,
1439 1925 1770 1993 κατεφίλησε
1804 1905 1846 1962 Β

210 2011 408 2076 πάντως
451 2016 542 2068 τὸν
584 2013 789 2085 χιτῶνα
819 2017 957 2086 μετὰ
988 2015 1263 2086 δακρύων,
1307 2015 1401 2068 καὶ
1430 2016 1540 2078 τοῖς
1571 2013 1771 2084 ὀφθαλ-

209 2103 317 2169 μοῖς
340 2105 451 2166 τοῖς
479 2103 628 2166 ίδίοις
654 2103 845 2157 τοῦτον
867 2105 1084 2174 έθηκεν,
1114 2106 1174 2157 ού
1196 2104 1257 2157 τὸ
1289 2104 1506 2175 ἱμάτιον
1533 2101 1774 2182 Ορηνῶν,

206 2190 330 2245 ἀλλὰ
359 2193 426 2245 δι’
453 2183 622 2246 αὐτοῦ
665 2194 756 2248 τὸν
808 2195 1007 2265 Ἰωσὴφ
1036 2195 1274 2264 νομίζων
1307 2195 1650 2263 καταφιλεῖν,
1681 2194 1776 2246 καὶ

206 2284 261 2337 ἐν
285 2284 465 2352 χερσὶν
495 2283 657 2337 αὐτὸν
679 2285 954 2354 κατέχειν·
977 2285 1120 2338 οὕτω
1149 2287 1242 2338 καὶ
1273 2285 1616 2355 Χριστιανῶν
1645 2287 1774 2336 παῖ-

204 2373 287 2436 δες
343 2373 530 2426 εἰκόνα
559 2372 823 2443 Χριστοῦ,
849 2373 881 2444 ἢ
905 2375 1228 2439 ἀποστόλου,
1252 2375 1284 2445 ἢ
1314 2375 1590 2445 μάρτυρος
1644 2391 1777 2427 κατ-

204 2463 564 2552 ασπαζόμενν
583 2465 650 2535 τῇ
681 2466 942 2552 cap”
959 2465 1106 2536 ψυχῇ
1128 2466 1424 2536 νομίζομεν
1448 2464 1612 2518 αὑτὸν
1637 2466 1778 2517 ἐκεῖ·

203 2567 288 2607 νον
322 2553 411 2605 τὸν
485 2553 951 2627 ΧρισΜ
992 2555 1250 2627 μάρτυρα
1316 2554 1482 2608 αὑτοῦ
1537 2554 1780 2618 ἀσπάζε-

207 2466 564 2552 ασπαζόμενν
583 2466 650 2535 τῇ
681 2480 784 2536 σαρ
909 2466 1106 2537 ῆψυχῇ
1128 2466 1424 2536 νομίζομεν
1448 2466 1612 2518 αὑτὸν
1637 2466 1778 2517 ἐκεῖ·

207 2567 288 2607 νον
322 2553 411 2605 τὸν
485 2553 628 2625 Χρισ
992 2555 1250 2627 μάρτυρα
1316 2554 1482 2608 αὑτοῦ
1537 2554 1778 2618 ἀσπάζε-

207 2640 414 2700 σθαι....
432 2643 522 2708 Ὧς
542 2466 966 2748 γοψς
989 2642 1164 2710 εἷπον,
1187 2647 1215 2698 ὁ
1242 2634 1444 2709 σκοπὸς
1466 2645 1778 2710 ἐξετάζεται

203 2731 290 2787 ἐπὶ
313 2734 512 2798 παντὸς
532 2731 851 2807 ἀσπασμΐῦζ
866 2738 963 2790 καὶ
988 2737 1082 2789 ἐπὶ
1111 2735 1296 2806 πάσης
1326 2736 1776 2806 προσκυνήσεως.

203 2825 265 2879 Εί
286 2825 343 2879 δὲ
377 2825 502 2896 ἐμοὶ
543 2827 819 2895 ἐγκαλεῖς,
867 2828 1063 2897 λέγων,
1095 2829 1178 2882 ὅτι
1209 2828 1504 2902 προσκυνῶ
1529 2828 1609 2899 τῷ
1640 2826 1782 2898 ξύλῳ

628 2466 951 2596 suam

628 2596 920 2693 Ηῌ

87 2937 90 2946 ’
201 2916 293 2970 τοῦ
326 2915 582 2987 σταυροῦ,
617 2917 706 2972 διὰ
737 2919 792 2970 τί
835 2919 936 2972 οὐκ
959 2919 1208 2988 ἐγκαλεῖς
1247 2920 1324 2990 τῷ
1366 2918 1584 2984 Ἰακὼϐ,
1621 2937 1783 2990 προσ-

205 3011 491 3080 κυνήσαντι
541 3011 634 3062 ἐπὶ
690 3009 752 3062 τὸ
787 3009 959 3082 ἀκρον
1007 3012 1108 3080 τῆς
1161 3011 1360 3082 ῥάϐδου
1405 3010 1500 3064 τοῦ
1541 3011 1780 3081 Ἰωσήφ;

218 3099 373 3153 Ἀλλά
404 3098 691 3170 πρόδηλον,
723 3101 805 3154 ὅτι
844 3101 907 3153 οὐ
943 3099 1006 3154 τὸ
1035 3100 1191 3166 ξύλον
1227 3100 1404 3172 τιμῶν
1437 3101 1782 3173 προσεκύνη-

206 3206 320 3258 σεν,
351 3190 486 3246 ἀλλά
518 3187 607 3244 διὰ
637 3190 732 3244 τοῦ
786 3189 944 3258 ξύλου
977 3191 1056 3263 τῷ
1115 3191 1315 3263 Ἰωσὴφ
1347 3191 1779 3263 προσεκύνησεν,

205 3283 394 3354 ὥσπερ
431 3281 525 3338 καὶ
559 3288 722 3356 ἡμεῖς
751 3285 839 3338 διὰ
862 3284 958 3338 τοῦ
993 3285 1229 3356 σταυροῦ
1257 3284 1336 3355 τῷ
1362 3283 1604 3355 Χριστῷ.
1625 3285 1782 3339 Ἐπεὶ

205 3374 297 3426 καὶ
333 3373 582 3445 Ἀὁραὰμ
605 3375 716 3435 τοῖς
755 3373 1072 3444 πωλήσασιν
1103 3373 1253 3444 αύτῷ
1272 3374 1364 3427 τὸν
1387 3374 1558 3442 τάφον
1581 3372 1783 3444 ἀνδρά-

204 3481 289 3518 σιν
313 3465 534 3520 ἀσεϐέσι
561 3467 963 3537 προσεκύνησε,
1004 3467 1100 3521 καὶ
1128 3465 1260 3544 γόνυ
1287 3464 1532 3534 ἔκαμψεν
1566 3465 1659 3518 ἐπὶ
1684 3469 1784 3534 τὴν
1817 3523 1824 3528 ,

203 3556 330 3627 γῆν,
379 3557 494 3610 ἀλλ’
521 3557 618 3626 οὐχ
651 3557 727 3620 ὡς
769 3557 924 3619 θεοὺς
977 3558 1176 3618 αὐτοὺς
1223 3556 1627 3626 προσεκύνησε.
1675 3557 1802 3608 Καὶ¹

206 3645 388 3713 πάλιν,
429 3649 459 3699 ό
513 3645 708 3699 Ἰακὼὸ
749 3646 841 3699 τὸν
887 3636 1085 3715 Φαραὼ
1113 3646 1418 3715 ηὐλόγησεν
1441 3687 1455 3710 ,
1485 3645 1658 3714 ἀσεϐῆ
1692 3633 1794 3698 και

205 3737 596 3807 είδωλολάτρην
636 3736 783 3803 ὅντα,
819 3737 1028 3790 καὶτὸν
1073 3736 1244 3789 Ἡσαῦ
1275 3735 1525 3800 ἑπτάκις,
1551 3736 1667 3789 ἀλλ’
1690 3736 1787 3806 οὐχ

203 3828 280 3892 ὡς
301 3829 457 3883 Θεόν.
493 3829 817 3896 ἰδέπόσους
845 3829 1174 3899 ἀσπασμοὺς
1202 3828 1298 3882 καὶ
1342 3828 1515 3890 πόσας
1546 3845 1786 3898 προσκυ-

202 3919 392 3990 νήσεις
430 3919 686 3984 άπέδειξά
740 3937 844 3978 σοι.
878 3921 1178 3990 γραφικάς-
1203 3918 1396 3985 τε-ᾉώ
1417 3918 1680 3987 φυσικὰς,
1711 3919 1787 3988 μὴ

21 4037 34 4074 ε
79 4033 100 4070 s
121 4009 434 4082 .tﬁxodcag
469 4011 840 4080 κατάγνωσιν;
883 4012 984 4081 ἐμὲ
1008 4011 1064 4063 δὲ
1097 4001 1244 4064 ἐπάν
1271 4011 1387 4082 ἴδῃς
1427 4011 1615 4063 εἰκόνα
1651 4011 1790 4079 Χρι-

115 5592 166 5612 :‘r

73 5653 88 5674 ι
119 5653 150 5672 μ

203 4100 358 4164 στοῦ,
389 4099 422 4170 ἢ
452 4103 552 4172 τῆς
586 4101 862 4170 πανάγνου
892 4099 1057 4154 αὑτοῦ
1087 4099 1330 4170 Μητρὸς,
1362 4099 1398 4170 ἢ
1425 4099 1582 4168 ἁγίου
1616 4115 1789 4170 προσ-

201 4191 499 4256 κυνοῦντα,
533 4193 861 4261 ἀγανακτεῖς
903 4191 1128 4258 εὐθέως,
1161 4193 1256 4244 καὶ
1297 4191 1662 4262 βλασφημεῖς,
1697 4191 1790 4245 καὶ

201 4265 515 4354 ἀποπηδᾷς,
543 4284 640 4338 καὶ
670 4283 1068 4354 είδωλολάτρην
1113 4299 1182 4353 με
1212 4283 1530 4348 ἀποκαλεῖς,
1553 4282 1648 4337 καὶ
1691 4283 1792 4336 οὐκ

201 4361 472 4447 αἰσχύνῃς
499 4376 594 4430 καὶ
630 4376 894 4448 φρίττεις,
940 4377 1038 4430 καὶ
1079 4375 1364 4447 ἐρυθριᾷς,
1387 4376 1531 4447 δρῶν
1561 4393 1629 4447 με
1665 4375 1791 4430 καθ’

1875 1653 2104 1723 ﬁguram
2140 1652 2540 1726 adorans,l__per
2585 1666 2704 1706 cam
2748 1651 2885 1704 mihi
2934 1651 3126 1713 videor
3153 1651 3448 1721 ipsnmmet

1874 1743 2156 1798 Christum
2211 1742 2500 1811 complecti
2554 1752 2603 1806 et
2645 1741 2918 1808 adorare.“
2947 1744 3016 1794 At
3043 1741 3206 1806 sicut
3251 1740 3445 1803 Jacob.

1877 1849 2000 1886 cum
2035 1848 2065 1885 a
2099 1830 2320 1901 Iosephi
2364 1831 2630 1890 fratribus
2678 1832 2772 1900 qui
2827 1832 3008 1901 ipsum
3061 1831 3444 1895 vendiderant,

1874 1925 2080 1977 variam
2116 1923 2361 1992 ejusdem
2394 1923 2642 1976 tunicam
2676 1922 2944 1994 sanguine
2977 1931 3262 1976 cruentam
3296 1937 3449 1976 recc-

1875 2017 2065 2086 pisset.
2095 2014 2238 2068 hanc
2271 2030 2395 2068 cum
2439 2013 2700 2086 lacrymis
2729 2013 3101 2079 deosculatus,
3133 2012 3450 2068 oculis-suis
3483 2065 3488 2076 ,

1874 2107 2169 2177 apposuit;
2228 2120 2336 2160 non
2391 2089 2550 2174 quasi
2602 2104 2844 2158 tunicam
2901 2104 2993 2160 ille
3048 2104 3294 2168 defieret,
3353 2102 3452 2160 sed

1835 2201 1852 2226 '
1875 2199 2020 2266 quod
2050 2213 2143 2268 per
2173 2213 2291 2252 eam
2323 2195 2625 2268 Josephum
2661 2197 2836 2264 ipsum
2881 2197 3150 2260 osculari,
3183 2205 3240 2251 et
3275 2195 3456 2249 mani-

1876 2290 1979 2344 bus
2007 2287 2299 2358 complecti
2333 2287 2436 2342 sibi
2480 2286 2758 2340 videretur
2789 2287 2885 2362 “_:
2922 2287 3005 2342 sic
3051 2296 3108 2342 et
3156 2302 3256 2344 nos
3286 2285 3452 2341 Chri-

1877 2379 2043 2436 stiani
2083 2363 2376 2448 imaginem
2417 2378 2652 2447 apostoli
2696 2378 3028 2449 martyrisve
3063 2380 3272 2434 carnali
3301 2395 3455 2434 more

1877 2487 1998 2526 com
2009 2471 2336 2540 plectentes,
2359 2469 2545 2524 aninm
2568 2477 2886 2538 reputemus
2917 2486 3039 2534 nos,
3060 2470 3143 2524 vel
3171 2469 3454 2526 Christum

1879 2562 2095 2630 ipsum,
2143 2560 2229 2614 vel
2284 2568 2575 2630 martyrem
2624 2559 2746 2628 ejus
2796 2559 3187 2629 amplexari....
3253 2560 3458 2626 Quam-

1879 2654 2090 2715 obrcm,
2113 2661 2172 2706 ut
2202 2651 2402 2720 saepius
2438 2650 2572 2716 dixi,
2610 2650 2662 2704 in
2692 2651 2839 2705 omni
2875 2651 3204 2706 salutatione
3225 2652 3307 2706 vel
3333 2651 3461 2710 ado-

1880 2741 2092 2794 ratione
2121 2739 2452 2811 disquiritur
2487 2741 2739 2796 intentio.
2769 2740 2926 2806 Quod
2958 2741 3004 2796 si
3034 2743 3166 2812 mihi
3198 2741 3459 2796 crimina—
3497 2799 3504 2804 _

1883 2833 1979 2898 ris,
2008 2834 2166 2903 quasi
2199 2833 2387 2888 crucis
2420 2833 2646 2903 lignum,
2674 2849 2771 2888 ceu
2804 2833 3226 2904 Deumadorem
3249 2851 3264 2901 ;
3287 2849 3460 2903 quare

1883 2939 1994 2980 non
2033 2925 2161 2980 item
2193 2922 2366 2979 Jacob
2388 2939 2640 2988 accusas,
2670 2925 2767 2994 qui
2800 2925 2962 2996 virgae
2981 2923 3204 2995 Josepbi
3231 2923 3460 2988 summi-
3491 2979 3496 2984 ,

1883 3025 2049 3071 tatem
2075 3015 2326 3070 adoravit
2348 3015 2430 3090 ⁸⁸¹ξ
2451 3015 2519 3068 At
2548 3015 2902 3069 manifestum
2933 3023 3016 3069 est
3044 3031 3167 3070 eum
3189 3030 3301 3070 non
3327 3015 3457 3085 ligni

1882 3108 2190 3165 honorandi
2225 3123 2391 3162 causa
2429 3106 3164 3184 adorationemexhibuisse
3185 3147 3200 3172 ,
3233 3105 3330 3160 sed
3357 3121 3458 3176 po-

1883 3204 1994 3259 tius
2019 3216 2116 3272 pcr
2146 3201 2418 3255 honorem
2455 3198 2604 3269 ligno
2650 3200 2977 3268 praestitum,
3014 3198 3280 3268 adorasse
3309 3196 3461 3262 Josc-

1885 3294 2075 3362 phum,
2130 3288 2292 3362 375
2328 3290 2473 3344 sicut
2518 3290 2574 3344 in
2611 3303 2777 3344 cruce
2806 3287 3090 3344 Christum
3141 3289 3459 3350 adoramus.

1885 3384 2091 3438 Eodem
2131 3385 2294 3452 plane
2327 3379 2490 3434 modo
2515 3394 2628 3447 quo
2661 3379 2940 3434 Abraham
2982 3378 3232 3434 homines
3265 3379 3462 3448 impios

1887 3493 1915 3527 a
1948 3474 2146 3544 quibus
2173 3472 2489 3540 sepulcrum
2519 3470 2886 3532 mercabatur,
2912 3468 3147 3538 genibus
3171 3469 3225 3522 in
3254 3475 3461 3523 terram

1887 3561 2146 3618 demissis
2179 3560 2455 3624 adoravit,
2493 3573 2841 3629 nequaquam
2887 3567 3070 3612 tamen
3122 3559 3202 3614 uti
3235 3559 3367 3614 deos
3394 3559 3459 3614 ⁵⁸.

1887 3651 1967 3705 Ad
1995 3652 2130 3717 Iruc,
2173 3649 2345 3704 Jacob
2386 3647 2682 3710 Pharaoni,
2720 3645 2890 3722 impio
2922 3646 3048 3720 licet
3077 3646 3464 3715 idolorumque

1889 3742 2111 3807 cultori,
2140 3741 2424 3796 benedixit
2448 3740 2512 3806 ⁸ο,
2539 3749 2702 3806 atque
2731 3740 2935 3806 septies
2964 3739 3107 3794 Esau
3136 3739 3205 3805 “,
3228 3737 3326 3794 sed
3354 3753 3462 3792 non

1893 3836 1969 3890 uti
2013 3834 2206 3898 Deum,
2241 3819 2510 3887 adoravit.
2544 3827 2703 3894 Vide,
2747 3838 2883 3899 quot
2927 3830 3026 3885 tibi
3076 3831 3735 3912 salutationes,Mamre;
3765 3815 3898 3912 λζ’

1890 3936 2132 3998 quotque
2170 3924 2546 3987 adorationes,
2581 3931 2694 4004 tum
2734 3923 2788 4000 in
2813 3920 3135 4000 'Scriptnris
3159 3921 3466 3994 probatas.

1891 4027 2005 4073 tum
2043 4017 2348 4080 naturales,
2383 4014 2520 4068 nulli
2566 4028 2798 4083 prorsus
2845 4012 3258 4081 reprehensioni
3289 4013 3466 4068 obno-

1890 4110 2010 4165 xias
2037 4091 2380 4179 protulerint.
2413 4103 2496 4158 Tu
2537 4119 2691 4167 vero,
2725 4119 2850 4156 cum
2884 4102 3112 4167 Christi,
3149 4111 3245 4158 aut
3269 4102 3468 4158 castis-

1892 4202 2046 4258 simae
2079 4198 2268 4254 Matris
2295 4197 2468 4262 illius,
2511 4205 2606 4250 aut
2642 4196 2822 4251 sancti
2855 4195 3145 4264 cujusdam
3174 4195 3464 4264 imaginem

1892 4308 1995 4348 nos
2020 4291 2175 4346 vides
2202 4289 2456 4352 adorare,
2492 4286 2787 4342 confestim
2842 4285 3298 4356 indignabundus
3330 4285 3384 4340 id
3408 4287 3463 4340 in

1893 4386 2102 4441 crimen
2135 4381 2305 4438 vertis
2326 4421 2342 4448 ,
2370 4377 2716 4449 aufugisque,
2745 4383 2801 4431 et
2848 4391 2934 4430 me
2969 4373 3312 4429 idololatram
3364 4387 3467 4427 no-

204 4464 450 4534 ἑκάστην
476 4463 688 4535 ἡμέραν
709 4465 766 4517 ἐν
786 4463 937 4537 πάσῃ
959 4466 1024 4535 τῇ
1047 4465 1344 4536 οἰκουμένῃ
1367 4465 1530 4528 ναοὺς
1559 4463 1783 4518 εἰδώλων

1894 4474 2093 4529 minas.
2128 4469 2248 4526 Non
2275 4477 2328 4525 te
2360 4467 2562 4538 pudet?
2596 4482 2707 4521 non
2753 4464 3164 4536 perhorrescis?
3211 4475 3321 4516 non
3370 4476 3468 4516 ru-

204 4555 570 4620 καταλύοντα,
599 4557 697 4610 καὶ
719 4557 880 4620 ναοὺς
909 4557 1200 4628 μαρτύρων
1222 4557 1606 4627 ἀνεγείροντα;
1639 4555 1702 4636 El
1724 4556 1783 4609 τὰ

1897 4566 2030 4621 bore
2061 4560 2414 4624 suffunderis,
2445 4557 2663 4630 quando
2697 4572 2784 4630 me
2819 4556 2968 4610 vides
2998 4554 3053 4608 in
3087 4553 3346 4608 universo
3374 4567 3470 4608 or-

201 4647 410 4702 εῐδωλα
434 4646 826 4718 προσεκύνουν,
857 4647 1001 4700 διατι
1031 4649 1158 4710 τοὺς
1181 4647 1468 4718 μάρτυρας
1491 4647 1640 4718 τιμῶ
1665 4648 1783 4710 τοὺς

1895 4659 1963 4714 be
2035 4655 2306 4710 idolorum
2373 4651 2601 4706 delubra
2661 4649 3093 4712 demolientem,
3159 4647 3473 4718 templaque

203 4735 630 4802 καταλύσαντας
658 4735 728 4790 τὰ
755 4735 982 4801 εἶδωλας
1015 4737 1065 4788 εί
1093 4735 1152 4789 δὲ
1181 4735 1248 4788 τὰ
1279 4734 1431 4801 ξύλα,
1464 4735 1541 4798 ὡς
1565 4721 1801 4805 φὴς,’δο-

201 4826 384 4895 ξάζω,
414 4828 532 4892 πῶς
556 4827 702 4900 τιμῷ
727 4829 856 4891 τοὺς
880 4827 1089 4898 ἁγίους,
1121 4829 1247 4893 τοὺς
1294 4829 1365 4882 τά
1408 4827 1595 4892 ξύλινα
1632 4827 1798 4893 ξόανα

199 4917 322 4972 τῶν
343 4917 617 4988 δαιμόνων
646 4918 1134 4984 κατακαύσαντας
1164 4917 1226 4970 Εἰ
1255 4917 1318 4994 ,δὲ
1344 4919 1440 4971 καὶ
1458 4919 1586 4981 τοὺς
1618 4917 1799 4980 λίθους

198 5007 446 5074 δοξάζω,
480 5007 596 5069 πῶς
615 5007 824 5075 δοξάζω
847 5009 975 5072 τοὺς
997 5007 1347 5072 ἀποστόλους,
1383 5011 1509 5071 τοὺς
1533 5011 1602 5062 τὰ
1624 5008 1801 5062 λίθινα

197 5098 410 5150 εἴδωλα
435 5099 916 5163 κατακλάσαντας;
945 5100 1005 5151 Εἰ
1026 5099 1122 5162 τὰς
1152 5099 1370 5162 εἰκόνας
1393 5099 1500 5151 τῶν
1523 5100 1802 5169 ψευδωνύ-

202 5207 336 5259 μων
360 5188 500 5242 Θεῶν
531 5189 694 5252 σέϐω,
736 5190 856 5254 πῶς
883 5191 1093 5258 δοξάζω
1113 5231 1129 5254 ,
1155 5191 1249 5245 καὶ
1282 5191 1510 5253 ἐπαινῶ,
1563 5192 1658 5244 καὶ
1683 5192 1800 5260 ἐορ-

1895 4750 2203 4814 martyrum
2266 4740 2462 4794 honori
2525 4734 2942 4808 exstruentem?
3006 4735 3154 4804 quod
3213 4735 3261 4790 si
3322 4733 3472 4790 idola

1897 4832 2086 4894 adoro,
2117 4827 2247 4900 quid
2278 4837 2362 4883 est
2407 4843 2507 4883 cur
2551 4833 2822 4896 martyres
2857 4823 3129 4877 idolorum
3181 4837 3473 4878 eversores

1898 4919 2203 4976 honorem?
2230 4917 2376 4988 quod
2429 4917 2477 4972 si
2505 4915 2690 4986 lignis,
2729 4915 2810 4968 uti
2842 4911 2993 4984 loqui
3031 4929 3206 4980 amas,
3240 4913 3474 4984 gloriam

1901 5008 2086 5064 defero
2113 5024 2128 5074 ;
2159 5007 2254 5077 qui
2285 5006 2364 5070 ﬁt,
2411 5015 2470 5060 ut
2501 5005 2708 5059 honore
2739 5003 2992 5058 homines
3025 5014 3250 5059 sanctos
3277 5018 3473 5074 prose-

1899 5116 2059 5170 quar,
2082 5099 2175 5169 qui
2202 5099 2408 5168 ligneas
2433 5097 2742 5151 daemonum
2773 5107 2984 5150 statuas
3013 5093 3476 5150 combusserunt?

1903 5193 2008 5248 Sed
2054 5192 2100 5246 si
2141 5191 2350 5260 lapides
2398 5189 2647 5255 celebro;
2695 5203 2796 5242 cur
2838 5185 3120 5258 apostOlos
3175 5187 3348 5257 ipsos,
3377 5185 3473 5256 qui

196 5280 312 5343 τὰς
370 5281 605 5334 ἐπιτελῶ
650 5282 759 5335 τῶν
808 5283 1033 5346 παιδῶν,
1073 5282 1182 5335 τῶν
1213 5283 1270 5336 ἐν
1304 5280 1580 5366 Βαῦυλῶνι
1633 5282 1800 5353 ἀθλη-

201 5371 456 5438 σάντων,
479 5375 574 5427 καὶ
597 5376 662 5444 τῇ
693 5374 863 5428 εἰκόνι
891 5376 958 5445 τῇ
979 5376 1154 5446 χρυσῇ
1177 5373 1252 5446 μὴ
1279 5374 1783 5446 προσκυνησάντωνι

1903 5373 2048 5444 quod
2071 5372 2115 5427 si
2143 5371 2361 5450 tandem
2385 5371 2650 5426 falsorum
2672 5370 2901 5425 deorum
2922 5383 3156 5424 veneror
3173 5369 3474 5440 imagines;

195 5465 276 5535 τῇ
313 5464 608 5536 είδωλικῇ;
643 5464 786 5518 Ἀλλ’
817 5465 986 5528 ὅντως
1033 5464 1202 5534 πολλὴ
1240 5465 1350 5519 τῶν
1371 5465 1588 5535 ἀνόμων
1620 5470 1651 5536 ἡ

1906 5479 2074 5533 quare
2108 5463 2276 5532 igitur
2337 5466 2500 5520 trium
2574 5476 2876 5532 puerorum
2901 5461 2968 5525 “,
2988 5453 3228 5536 quia,ne
3254 5473 3476 5513 auream

200 5575 414 5631 ρωςξις,
445 5558 615 5631 πολλὴ
635 5557 930 5629 τύφλωσις.
963 5555 1036 5610 Ὦ
1079 5559 1328 5626 Ἰουδαῖε,
1370 5559 1541 5631 πολλὴ
1569 5564 1601 5628 ἡ
1643 5558 1783 5614 ἀναί-

1908 5557 2039 5611 idoli
2069 5555 2360 5626 imaginem
2391 5553 2708 5619 adorarent,
2726 5551 3002 5624 Babylone
3029 5552 3475 5615 decertaverunt,

339 5736 386 5769 ⁵⁷
419 5734 556 5790 Gen.
594 5750 810 5804 xxxvn,
853 5733 923 5788 32
954 5709 1111 5804 seqq.
1175 5733 1254 5804 ,⁵⁸
1289 5732 1428 5790 Gen.
1487 5749 1678 5798 XLVIII,
1723 5731 1821 5797 i5;
1864 5729 2030 5786 Iiebr.
2073 5743 2148 5793 χι,
2195 5727 2286 5784 21.
2385 5729 2430 5761 ⁵³
2463 5727 2601 5783 Gen.
2636 5741 2794 5790 uin,
2825 5726 2876 5780 7.
2977 5726 3023 5758 ⁸⁸
3053 5725 3188 5782 Gen.
3229 5739 3394 5791 sun,
3421 5723 3478 5777 9.

194 5804 248 5836 ⁸⁸
281 5804 430 5863 Gen.
458 5821 652 5870 χχχιιι,
686 5807 739 5860 5.
796 5803 860 5837 ⁷⁸⁸
880 5805 1015 5860 Dan.
1037 5803 1133 5868 in,
1166 5803 1192 5858 1
1223 5820 1378 5874 seqq.

545 5900 817 5958 PATBOL.
849 5899 967 5956 (in.
1012 5897 1209 5956 XCIV.
3092 5888 3168 5949 ut

1902 5280 2114 5352 lapidea
2171 5281 2463 5346 simulacra
2519 5280 3004 5342 comminuerunt,
3065 5277 3420 5336 celebravero
3450 5278 3490 5340 2,
