3986 6346
489 331 623 397 1387

1659 330 1718 389 S.
1759 331 2080 395 JOANNIS
2118 334 2516 396 DAMASCEN
2527 336 2547 394 ι

3620 335 3769 402 i388

482 447 713 518 gloriam
776 445 1075 513 laudesque
1135 441 1397 512 praedico,
1468 440 1780 515 horumque
1844 445 2050 500 nomint

2166 446 2285 501 δειά
2325 465 2419 499 σου
2455 448 2549 501 καὶ
2574 448 2606 518 ή
2636 445 2895 501 ἀσέϐεια⁶
2937 445 3157 519 άληθῶς
3206 446 3477 502 ἀδικεῖται
3525 447 3636 503 ὑπὸ
3663 467 3767 503 σου

481 542 601 596 dies
651 540 819 595 festos
862 538 1008 609 ago?
1040 534 1241 591 Verum
1292 536 1461 590 nimia
1510 537 1671 606 plane
1697 537 2057 595 scelestorum

482 631 789 685 obcaecatio
829 639 935 691 est.
991 628 1157 683 nimia
1210 627 1450 683 caecitas.
1500 626 1699 700 Magna
1739 645 1991 700 prorsus,
2028 645 2061 685 ο

479 722 688 785 Judaee,
720 722 1061 792 impudentia
1095 730 1210 774 tua.
1244 717 1495 775 Profecto
1512 720 1611 777 abs
1643 729 1696 777 te
1718 723 1921 777 veritas
1951 721 2061 775 iui-

477 830 584 881 quc
614 815 903 883 premitur.
926 832 944 864 ι
968 813 1235 883 Exsurge,
1256 810 1423 875 Deus,
1442 811 1630 881 judica
1646 827 1870 868 causam
1891 823 2061 867 tuam.

2158 539 2192 608 ὴ
2226 538 2472 609 ἀλήθεια.
2496 557 2514 588 ι
2550 538 2801 603 Ἀνάστα,
2836 538 2863 589 ὁ
2885 536 3035 602 Θεὸς,
3069 535 3290 589 δίκασον
3315 536 3414 607 τὴν
3435 536 3594 607 δίκην
3622 553 3720 590 σου
3742 553 3762 571 ο

2158 629 2343 697 κρῖνον
2374 630 2469 682 καὶ
2501 629 2720 683 δίκασον
2769 630 2901 699 ἡμῖν
2929 628 2990 693 ἐξ
3043 627 3230 691 ἔθνους
3277 627 3377 697 οὑχ
3428 628 3609 693 ὁσίου,
3641 623 3763 682 ἀλλ’

2160 720 2379 773 ἀνοσίου
2404 722 2497 773 καὶ
2527 720 2831 792 ἀλλοτρίου,
2858 720 2955 774 καὶ
2986 717 3387 791 παροξύνοντος
3416 734 3475 771 σε
3501 717 3592 772 διὰ
3618 736 3765 771 παν-

2162 811 2275 874 τός.
2315 828 2336 863 ι

476 906 691 970 Judica,
723 916 778 962 et
807 906 1064 964 discerne
1104 921 1329 963 causam
1362 915 1608 962 nostram
1644 907 1710 961 de
1745 914 1907 977 gente
1936 920 2047 961 non
2086 911 2301 971 sancta,
2340 904 2410 960 ab
2439 904 2628 976 iniqua
2659 912 2715 961 et
2746 904 2954 967 aliena,
2982 916 3105 974 qua:
3161 909 3217 958 te
3279 899 3351 957 ad
3412 902 3759 958 iracundiam

479 1006 761 1066 provocat.
799 1016 818 1048 ι

553 1089 828 1159 Ejusdem.
863 1108 885 1141 ι
919 1088 977 1143 Si
1004 1104 1160 1159 ergo.
1192 1098 1250 1143 ut
1278 1103 1425 1159 saepe
1461 1087 1599 1152 dixi,
1649 1087 1857 1158 lignum
1912 1087 2053 1157 lapi-

474 1177 713 1248 demque
737 1178 1051 1242 adorarem,
1090 1178 1259 1249 lapidi
1286 1178 1477 1247 utique
1502 1186 1557 1231 et
1587 1176 1739 1248 ligno
1772 1175 2012 1232 dicerem
2038 1195 2051 1231 :

478 1267 557 1321 Ta
588 1284 668 1322 me
696 1268 926 1338 genuisti
961 1269 1027 1322 ⁸³.
1072 1267 1171 1323 Sin
1203 1277 1386 1324 autem
1428 1276 1750 1324 sanctorum
1782 1268 2055 1339 imagines

475 1362 667 1427 adoro,
702 1362 811 1416 imo
843 1376 972 1417 vero
1019 1362 1067 1417 si
1111 1369 1337 1417 sanctos
1394 1360 1567 1431 ipsos,
1623 1367 2055 1431 sanctorumque

472 1452 777 1507 certamina
820 1468 1049 1508 veneror
1096 1461 1151 1507 et
1184 1453 1331 1516 colo,
1381 1452 1662 1523 quomodo
1716 1462 1795 1518 tu,
1838 1454 2052 1518 insane,

476 1546 591 1600 haec
619 1545 764 1600 idola
797 1547 1003 1601 vocas?
1029 1546 1181 1600 ldola
1206 1546 1411 1615 quippe
1432 1545 1829 1602 similitudines
1849 1544 2058 1599 fuerint

471 1652 686 1702 eorum,
713 1637 807 1707 qui
844 1636 1102 1703 adulteri,
1149 1636 1462 1702 homicidae,
1507 1636 1745 1690 ﬁliorum
1786 1643 2056 1690 mactato-

474 1744 585 1792 res.
616 1738 672 1784 ct
697 1728 1000 1784 eﬂ‘eminati
1032 1729 1291 1784 homines
1326 1729 1690 1796 exstiterunt,
1727 1744 1830 1782 non
1872 1736 2057 1783 autem

2230 1082 2341 1137 Τοῦ
2367 1082 2578 1137 αὑτοῦ.
2618 1099 2639 1133 ι
2686 1082 2749 1135 Εἰ
2781 1081 2882 1151 μὲν
2911 1072 3004 1149 οὖν
3037 1076 3114 1141 ὡς
3154 1076 3423 1139 πολλάκις
3471 1072 3648 1143 εἶπον,
3679 1077 3757 1148 τῷ

2156 1172 2301 1244 ξύλῳ
2334 1172 2427 1227 καὶ
2479 1171 2559 1242 τῷ
2613 1169 2771 1241 λίθῳ,
2795 1171 2872 1234 ὼς
2924 1168 3046 1239 θεῷ
3099 1166 3506 1239 προσεκύνουν,
3541 1163 3671 1221 εἶπα
3688 1169 3755 1222 ἂν
3802 1226 3808 1241 δ

2154 1264 2312 1334 κάγὼ
2336 1264 2416 1335 τῷ
2463 1264 2606 1335 ξύλῳ
2637 1264 2734 1317 καὶ
2776 1261 2937 1333 λίθῳ’
2975 1262 3059 1314 Σύ
3110 1276 3188 1330 με
3221 1259 3579 1328 ἐγέννησας.
3608 1261 3671 1314 Εἰ
3697 1260 3754 1313 δὲ

2153 1357 2252 1421 τὰς
2291 1357 2509 1420 εἰκόνας
2536 1356 2645 1409 τῶν
2688 1355 2863 1424 ἁγίων
2906 1351 3223 1424 προσκυνῶ,
3248 1353 3375 1414 τοὺς
3400 1352 3589 1420 ἁγίους
3620 1352 3753 1422 μᾶλ-

2153 1450 2267 1515 λον,
2295 1449 2394 1505 καὶ
2425 1448 2719 1520 προσκυνῶ
2750 1448 2849 1511 τάς
2881 1446 2989 1501 τῶν
3042 1446 3212 1514 ἁγίων
3263 1444 3557 1516 μαρτύρων
3586 1445 3755 1515 ἀθλή-

2155 1556 2271 1603 σεις
2305 1540 2403 1593 καὶ
2427 1540 2596 1610 τιμῶ,
2630 1538 2747 1603 πῶς
2768 1538 2948 1607 λέγεις
2987 1538 3187 1592 εἴδωλα
3218 1536 3428 1602 ταῦτα,
3450 1532 3495 1590 ὦ
3523 1537 3753 1608 ἁνόητε;

2154 1630 2237 1684 Τά
2265 1629 2376 1700 γὰρ
2412 1628 2630 1695 εἴδωλα,
2664 1628 2774 1681 τῶν
2820 1627 3192 1699 ψευδωνύμων
3216 1669 3232 1696 ,
3255 1627 3366 1681 τῶν
3396 1627 3629 1698 μοιχῶν,
3660 1626 3755 1679 καὶ

2154 1721 2469 1792 φονευτῶν,
2524 1722 2624 1776 καὶ
2674 1710 3053 1786 τεκνοθυτῶν,
3086 1721 3183 1774 καὶ
3237 1720 3500 1791 μαλακῶν
3554 1718 3755 1791 ὁμοιώο

475 1822 867 1891 prophctarum
905 1832 957 1877 et
996 1823 1402 1892 apostolorum.
1438 1822 1619 1892 Atque
1664 1829 1726 1875 ut
1768 1836 1836 1875 ex
1873 1821 2050 1890 aliqua

2160 1813 2309 1885 ματὰ
2337 1815 2466 1880 εἰσι,
2499 1814 2593 1867 καὶ
2638 1814 2701 1866 οὑ
2749 1813 3070 1884 προφητῶν,
3106 1812 3229 1866 οὐδὲ
3259 1812 3600 1869 ἀποστόλων.
3645 1813 3759 1865 Καὶ

471 1924 648 1984 parte,
690 1908 857 1970 brevi
918 1915 1345 1982 certissimoque
1415 1912 1671 1983 exemplo
1725 1911 2050 1982 intelligas,

2160 1883 2249 1961 ίνα
2284 1906 2349 1959 ὲκ
2391 1905 2595 1977 μέρους
2615 1906 2957 1976 παραστήσω
2994 1904 3261 1975 σύντομον
3288 1904 3389 1958 καὶ
3427 1904 3757 1958 πιστάτατον

470 2008 602 2078 quid
633 2007 983 2062 Christianos
1033 2006 1179 2061 inter
1226 2014 1282 2061 et
1318 2006 1551 2078 gentiles
1591 2004 1851 2075 paritatis
1887 2004 2057 2059 inter-

469 2096 653 2164 cedat,
698 2095 851 2149 audi.
898 2093 1186 2150 Habebaut
1220 2094 1500 2166 Babylone
1549 2093 1795 2148 Chaldzei
1844 2093 2057 2147 musica

468 2188 651 2244 omnis
681 2186 900 2259 generis
933 2201 1162 2257 organa,
1184 2170 1397 2257 quibus.
1418 2184 1716 2240 simulacra
1740 2183 2055 2239 daemonum

470 2276 1099 2331 colebant:.habebant
1161 2285 1216 2331 et
1275 2276 1372 2331 ﬁlii
1425 2273 1596 2331 Israel
1652 2273 2057 2346 Hierosolymis

469 2376 748 2435 asportata
801 2381 1031 2436 organa,
1067 2381 1189 2436 qua:
1225 2366 1279 2420 in
1316 2365 1581 2422 salicibus
1616 2366 2052 2438 suspenderunt.

470 2457 714 2528 Utraque
770 2459 1136 2512 instrumenta
1194 2467 1377 2521 erant,
1432 2458 1643 2523 nablia,
1695 2458 1947 2522 citharaa,
1999 2465 2055 2513 et

467 2551 617 2605 tibia:
645 2568 658 2603 :
694 2549 793 2605 sed
827 2550 931 2605 ista
959 2550 1025 2604 ad
1057 2550 1147 2603 Dei
1180 2550 1412 2620 gloriam
1440 2567 1456 2618 ;
1497 2550 1592 2604 illa
1620 2564 1755 2605 vero
1785 2549 2051 2605 similitu-

465 2642 613 2696 dinis
641 2642 837 2696 horum
860 2642 1080 2708 aemula,
1114 2644 1181 2697 ad
1214 2645 1521 2697 daemonum
1560 2642 1772 2697 cultum
1800 2642 2050 2712 pertine-

467 2735 622 2790 bant.
650 2734 796 2790 ldem
820 2733 933 2805 jam
974 2735 1275 2790 discrimen
1307 2736 1451 2790 inter
1480 2734 1750 2804 imagines
1774 2732 2050 2789 Christia-

464 2842 665 2882 norum
704 2836 757 2882 et
787 2826 933 2881 idola
983 2826 1273 2897 gentilium
1319 2826 1522 2897 cogita.
1569 2823 1697 2880 llaec
1746 2826 1951 2896 quippe
1982 2824 2050 2879 ad

464 2918 669 2974 diaboli
703 2918 933 2990 gloriam
961 2933 1026 2974 ac
1050 2917 1412 2984 memoriam;
1448 2918 1540 2972 illa
1566 2932 1699 2974 vero
1720 2918 1788 2973 ad
1816 2917 2047 2981 Christi.

463 3020 518 3066 et
565 3011 943 3081 apostolorum
982 3021 1423 3080 martyrumque,
1464 3017 1518 3064 et
1551 3020 1873 3066 sanctorum
1927 3009 2047 3079 ejus

464 3102 682 3158 laudem
714 3102 985 3157 fabricata
1014 3108 1164 3185 sunt.
1206 3119 1224 3153 ι

536 3191 813 3261 Ejusdem.
848 3210 867 3242 ι
907 3190 1143 3246 Proinde
1177 3189 1401 3260 quando
1424 3187 1801 3246 Christianum
1836 3188 2046 3245 videris

2160 1996 2467 2069 ὑπόδειγμα
2504 1999 2635 2070 περὶ
2658 1995 3063 2069 Χριστιανικῶν
3084 1997 3180 2051 καὶ
3215 1995 3543 2067 Ἑλληνικῶν
3560 1999 3759 2067 ὁμοιω-

2162 2089 2351 2160 μάτων
2374 2129 2390 2156 ,
2424 2091 2559 2145 ἁκου
2576 2108 2689 2146 σον.
2740 2085 2900 2162 Εῐχον
2947 2091 3006 2143 ὲν
3060 2089 3343 2144 Βαϐυλῶνι
3400 2091 3450 2143 ot
3495 2088 3759 2143 Χαλδαῖοι

2156 2180 2366 2253 δργανα
2418 2184 2650 2236 παντοῖα
2689 2180 2931 2253 μουσικὰ
2983 2181 3120 2252 πρὸς
3172 2180 3475 2253 θεραπείαν
3516 2179 3761 2235 εἰδώλων

2156 2272 2449 2343 δαιμόνων.
2473 2269 2634 2344 Εἶχον
2660 2273 2718 2327 δὲ
2751 2273 2849 2328 καὶ
2873 2274 2923 2326 οἱ
2950 2274 3057 2326 υἱοί
3082 2272 3303 2345 Ἰσραὴλ
3330 2272 3441 2328 ἀπὸ
3478 2273 3757 2343 Ἰερουσα-

2155 2362 2269 2435 λὴμ
2319 2365 2529 2435 ὄργανα
2551 2405 2565 2431 ,
2592 2364 2627 2419 ἁ
2658 2365 2750 2418 ἐπὶ
2786 2367 2909 2428 ταῖς
2941 2364 3459 2436 ίτέαιςξκρέμασαχ
3481 2406 3496 2430 ,
3522 2363 3619 2418 καὶ
3634 2350 3835 2436 apt--5
3856 2378 3875 2436 "
3916 2364 3921 2377 ¹

2157 2380 2269 2435 Αημ
2319 2380 2529 2435 οργανα
2551 2405 2565 2431 ,
2592 2380 2627 2419 α
2658 2380 2750 2418 επι
2786 2380 2909 2428 ταις
2942 2380 3081 2417 ιτεαι
3140 2380 3459 2435 εκρεμασαν
3481 2406 3496 2430 ,
3522 2380 3809 2436 natatu»
3856 2424 3869 2443 Ψ

2156 2457 2363 2529 φόεεεα
2386 2458 2618 2530 ὄργανα,
2644 2457 2740 2509 καὶ
2772 2444 2989 2523 νάϐλα-ι,
3008 2380 3388 2692 φι
3409 2418 3551 2524 ,καὶ
3593 2438 3865 2523 αὑλοὶέξί
3918 2448 3921 2509 ζ

2156 2548 2425 2619 ὑπῆρχον,
2445 2548 2481 2603 ἁ
2508 2549 2599 2603 ὲπὶ
2624 2551 2746 2612 ταῖς
2783 2548 2956 2611 ίτέαις
2978 2550 3003 2602 ὲ
3374 2548 3522 2601 Δλλὰ
3545 2548 3618 2602 τά
3653 2549 3759 2618 μὲν
3918 2550 3921 2565 ⁴

2156 2640 2236 2692 εἰς
2266 2640 2424 2692 δόξαν
2462 2638 2599 2692 Θεοῦ
2653 2640 2924 2692 ἐγένοντο.
2955 2640 3025 2692 τὰ
3065 2640 3125 2692 δὲ
3230 2658 3258 2692 c
3302 2639 3601 2692 θεραπείαν
3640 2640 3758 2692 τῶν

2155 2548 2425 2619 ὑπῆρχον,
2445 2548 2481 2603 ἁ
2508 2549 2599 2603 ὲπὶ
2624 2551 2746 2612 ταῖς
2783 2548 2956 2611 ίτέαις
2978 2548 3522 2619 ὲΜΔλλὰ
3545 2548 3618 2602 τὰ
3653 2549 3759 2618 μὲν
3918 2550 3921 2565 ⁴

2152 2640 2236 2704 εἰς
2266 2640 2424 2705 δόξαν
2462 2638 2599 2694 Θεοῦ
2653 2640 2924 2708 ἐγένοντο,
2955 2640 3025 2693 τά
3065 2638 3258 2703 διε-είς
3302 2639 3601 2710 θεραπείαν
3640 2640 3758 2695 τῶν

3008 2501 3370 2602 m

2152 2730 2427 2801 δαιμόνων
2450 2771 2466 2797 ,
2502 2731 2797 2809 άντίμιμα.
2830 2729 2989 2784 Οὕτω
3033 2730 3244 2795 λοιπὸν,
3272 2734 3369 2784 καὶ
3396 2730 3492 2784 ὲπὶ
3522 2730 3639 2785 τῶν
3671 2733 3760 2785 εί·
3846 2750 3851 2757 ί
3912 2748 3921 2763 νη

2152 2824 2348 2888 κόνων,
2377 2826 2474 2879 καλ⁵
2522 2824 2778 2890 εἰδώλων,
2823 2821 3154 2892 Ἑλληνικῶν
3206 2823 3304 2875 καὶ
3344 2822 3757 2894 Χριστιανικῶν

2152 2916 2264 2968 νόει
2298 2916 2381 2969 δτι
2419 2916 2603 2969 ἐκεῖνα
2638 2915 2739 2986 μὲν
2777 2917 2858 2979 εἰς
2898 2915 3058 2982 δόξαν
3101 2913 3352 2967 διαϐόλου
3394 2916 3489 2969 καὶ
3525 2916 3756 2987 μνήμην

2151 3006 2701 3078 κατεσκευάσθησαν,
2729 3006 2908 3061 ταῦτα
2937 3006 2996 3061 δὲ
3049 3007 3131 3070 εἰς
3173 3005 3335 3071 δόξαν
3362 3007 3623 3079 Χριστοῦ,
3650 3010 3755 3061 καὶ

2149 3097 2485 3165 ἀποστόλων,
2504 3098 2601 3151 καὶ
2633 3098 2952 3170 μαρτύρων,
2982 3100 3076 3152 καὶ
3101 3099 3272 3167 ἁγίων
3310 3098 3533 3155 αὑτοῦ.»

2232 3188 2342 3243 Τοῦ
2364 3189 2574 3244 αὐτοῦ.
2613 3206 2632 3241 ι
2666 3189 2839 3244 Ὅταν
2859 3190 3043 3244 τοίνυν
3073 3191 3190 3263 ἴδῃς
3216 3192 3548 3263 Χριστιανὸν
3574 3210 3754 3265 προσ-

463 3255 683 3339 crucem
718 3283 972 3348 adorare,
1016 3282 1070 3336 id
1110 3255 1295 3338 ab-eo
1336 3280 1453 3337 fieri
1503 3291 1734 3353 propter
1766 3281 2049 3336 Christum

2160 3279 2423 3335 κυνοῦντα
2451 3280 2529 3353 τῷ
2560 3280 2806 3352 σταυρῷ,
2850 3282 3043 3352 γνῶθι,
3088 3255 3173 3337 ὅτι
3222 3255 3312 3338 διὰ
3368 3255 3754 3358 Χριστὸν-τὸν

463 3375 787 3432 cruciﬁxum
840 3376 1025 3437 scito,
1078 3390 1191 3429 non
1240 3384 1422 3429 autem
1483 3382 1541 3428 ut
1582 3374 1791 3445 lignum
1837 3373 2050 3428 adoret.

463 3468 680 3539 Alioqui
737 3467 995 3522 universa
1045 3466 1193 3538 ligna
1246 3465 1631 3533 adoraremus,
1681 3464 1829 3521 sicut
1877 3464 2052 3520 Israel

463 3559 619 3614 lucos
648 3567 703 3613 et
735 3559 964 3613 arbores
990 3557 1278 3621 adorabat,
1307 3564 1471 3627 atque
1501 3556 1722 3611 dicebat
1752 3575 1764 3611 :
1801 3558 1876 3610 Tu
1911 3554 2049 3610 Deus

461 3666 609 3705 meus
665 3666 757 3714 es;
807 3660 863 3703 tu
902 3666 984 3703 me
1037 3650 1266 3719 genuisti
1300 3648 1368 3704 “.
1402 3646 1515 3703 Nos
1556 3662 1687 3702 vero
1717 3662 1827 3702 non
1881 3647 2047 3715 item;

461 3744 559 3797 scd
602 3740 929 3795 memoriam
973 3741 1365 3811 picturamque
1411 3739 1711 3795 Dominicaa
1747 3739 2045 3809 passionis,

460 3843 515 3888 et
541 3832 707 3903 376
733 3832 956 3886 illorum
995 3831 1087 3901 qui
1124 3846 1225 3901 pro
1255 3832 1377 3901 ipso
1422 3840 1839 3900 pugnaverunt,
1874 3828 1927 3884 in
1960 3845 2050 3886 ec-

459 3924 651 3980 clesiis
697 3938 761 3979 ac
818 3923 1072 3979 domibus
1126 3932 1415 3988 tenemus;
1471 3921 1658 3976 omnia
1695 3936 1891 3992 nempe
1918 3936 2045 3991 pro-

460 4028 584 4087 pter
612 4014 902 4071 Dominum
940 4024 1192 4072 nostrum
1230 4015 1520 4070 facientes.
1553 4013 1929 4085 Rursumque,
1958 4014 2045 4069 dic

461 4110 683 4175 amabo,
707 4107 919 4172 Judme,
955 4124 1206 4179 quaenam
1235 4108 1513 4179 scriptura
1560 4107 1730 4179 Moysi
1769 4106 2041 4178 permisit,

460 4200 721 4258 uththro
734 4217 986 4258 socerum
1010 4217 1173 4257 suum
1192 4201 1459 4257 cultorem
1480 4200 1755 4255 idolorum
1777 4217 1791 4265 ;
1810 4197 2041 4263 Jacoho,

460 4280 949 4360 utVPlia’raonem;
985 4293 1335 4358 Abraliamo,
1377 4301 1439 4347 ut
1486 4291 1627 4347 ﬁlios
1676 4290 1900 4345 Emmor
1942 4290 2044 4345 ad-

459 4385 718 4440 orarent?
754 4399 941 4439 annon
969 4384 1048 4438 illi
1082 4383 1224 4453 justi
1256 4393 1417 4438 erant
1455 4391 1511 4437 et
1540 4381 1865 4453 prophetae?
1891 4397 2042 4452 qua:-

2156 3372 2559 3445 σταυρωθέντα,
2579 3375 2673 3429 καὶ
2697 3377 2761 3429 οὑ
2793 3377 2892 3447 τὴν
2917 3377 3081 3446 φύσιν
3107 3375 3205 3431 τοῦ
3231 3378 3393 3445 ξύλου
3423 3383 3749 3451 προσκυνεῖ.

2166 3462 2321 3517 Ἐπεὶ
2350 3465 2532 3521 πάντα
2564 3464 2632 3520 ἁν
2660 3466 2729 3521 τὰ
2749 3466 2883 3533 ξύλα
2919 3470 3373 3542 προσεκυνοῦμεν
3401 3472 3497 3525 τοῦ
3536 3473 3750 3545 ἀγροῦ,

2152 3556 2247 3609 καὶ
2268 3554 2458 3627 ῶσπερ
2481 3558 2510 3610 ὁ
2542 3557 2759 3630 Ἰσραὴλ
2788 3560 3115 3631 προσεκύνει
3140 3562 3210 3614 τά
3238 3562 3377 3634 ἁλση
3399 3564 3495 3617 καί
3521 3564 3593 3617 τὰ
3618 3565 3747 3617 δέν-

2149 3644 2274 3716 δρα,
2305 3645 2503 3715 λέγων⁶
2537 3652 2620 3704 Σύ
2635 3666 2758 3718 μου
2779 3646 2838 3705 εἷ
2859 3649 3026 3717 Θεὸς,
3058 3652 3157 3705 καὶ
3189 3654 3270 3707 σύ
3284 3669 3362 3724 με
3383 3654 3745 3724 ἐγέννησας.

2159 3739 2351 3811 Ἡμεῖς
2377 3740 2435 3794 δὲ
2474 3743 2573 3813 οὑχ
2598 3741 2794 3809 οὑτως,
2830 3745 2969 3799 ἁλλὰ
3011 3747 3240 3818 μνήμην
3265 3749 3361 3802 καὶ
3377 3751 3602 3821 γραφὴν
3628 3751 3748 3806 τῶν

2147 3831 2244 3885 τοῦ
2298 3833 2504 3906 Κυρίου
2563 3835 2940 3907 παθημάτων,
2973 3840 3067 3892 καὶ
3111 3839 3222 3893 τῶν
3265 3840 3335 3893 δι’
3364 3841 3529 3896 αὑτὸν
3566 3841 3747 3915 ἀθλη-

2150 3926 2379 3990 σάντων,
2405 3928 2464 3979 ἐν
2504 3931 2625 3993 ταῖς
2654 3929 2970 4000 ἐκκλησίαις
3004 3932 3099 3985 καὶ
3130 3932 3532 4005 οἴκοις-ἔχομεν,
3562 3936 3747 3990 πάντα

2146 4016 2215 4071 δι’
2246 4017 2407 4071 αὑτὸν
2435 4019 2718 4084 ποιοῦντες
2742 4019 2834 4075 τὸν
2864 4021 3136 4095 ἡμέτερον
3165 4024 3392 4095 Κύριον.
3419 4026 3529 4080 Καὶ
3556 4021 3744 4095 αὖθις,

2146 4109 2288 4177 εἰπὲ,
2313 4103 2358 4163 ὦ
2384 4108 2627 4176 Ἰουδαϊε,
2662 4112 2790 4166 ποία
2814 4113 3005 4185 Γραφὴ
3036 4114 3306 4187 ἐπέτρεψε
3342 4117 3536 4170 Mosae?
3566 4135 3747 4189 προσ-

2146 4203 2380 4273 κυνῆσαι
2404 4204 2575 4275 ζίοθὸρ
2599 4204 2678 4276 τῷ
2699 4205 2937 4279 γαμϐρῷ
2965 4207 3157 4273 αὑτοῦ,
3187 4208 3551 4282 εἰδωλολάτρῃ
3580 4211 3699 4265 δντι
3719 4252 3740 4280 ,

2145 4294 2241 4347 καὶ
2286 4293 2478 4348 Ἰακὼϐ
2504 4295 2581 4366 τῷ
2607 4296 2836 4368 Φαραὼ,
2864 4297 2960 4352 καὶ
3001 4298 3253 4371 ’Δϐραὰμ
3280 4303 3393 4365 τοῖς
3432 4303 3564 4364 υἱοῖς
3598 4303 3743 4375 Ἐμ-

2148 4385 2300 4457 μώρ;
2333 4387 2430 4442 καὶ
2453 4388 2652 4443 ἐκεῖνοι
2689 4389 2888 4444 δίκαιοι
2938 4391 3034 4444 καὶ
3069 4392 3384 4462 προφῆταιο
3419 4396 3512 4448 καὶ
3531 4397 3746 4470 Δανιὴλ

458 4492 585 4531 nam
614 4475 845 4541 Danieli,
866 4485 927 4531 ut
947 4476 1172 4547 impium
1197 4472 1740 4529 Nabuchodonosor?
1758 4473 1835 4527 Ac
1855 4473 1899 4528 si
1924 4488 2043 4543 pro-

2160 4476 2221 4547 τῷ
2270 4477 2742 4554 Ναϐουχοδονόσορ
2772 4481 2962 4537 άσεϐεἶ
3003 4483 3152 4551 δντι;
3187 4484 3299 4538 Καὶ
3324 4487 3375 4540 εἰ
3412 4488 3610 4541 ἐκεῖνοι
3643 4490 3740 4544 διὰ

459 4576 582 4639 pter
602 4567 935 4622 mundanam
950 4565 1449 4637 temporariamque
1460 4566 1624 4620 vitam
1645 4565 1747 4620 hoc
1765 4565 2038 4632 fecerunt,

2160 4567 2418 4639 κοσμικὴν
2440 4570 2538 4622 καὶ
2584 4570 2923 4643 πρόσκαιρον
2957 4571 3104 4645 ζωὴν
3141 4572 3314 4628 ταῦτα
3341 4574 3580 4643 ἐποίουν,
3613 4577 3741 4641 πῶς

457 4674 624 4714 eccur
647 4673 859 4713 mecum
889 4658 1233 4728 expostulas,
1262 4657 1408 4727 quod
1441 4657 1495 4711 in
1525 4658 1700 4714 sacris
1724 4667 2040 4714 sanctorum

2160 4658 2270 4727 ἐμοὶ⁵
2304 4658 2558 4727 ἐγκαλεῖς
2606 4660 3146 4733 προσκυνοῦντιταϊς
3194 4665 3379 4733 ἁγίαις
3414 4665 3520 4719 τῶν
3560 4668 3742 4736 ἁγίων

458 4750 765 4815 memoriis,
802 4751 919 4827 sive
954 4764 1050 4820 per
1083 4750 1437 4822 scripturam,
1474 4750 1590 4805 sive
1621 4765 1719 4821 per
1775 4750 2046 4820 picturam

2160 4750 2395 4820 κνήμαις
2420 4792 2436 4818 ,
2466 4757 2768 4825 γραφικαϊς
2829 4756 2928 4809 καί
2968 4757 3269 4829 ἱστορικαῖς
3290 4798 3304 4823 ,
3336 4760 3432 4813 καὶ
3474 4760 3544 4813 τὰ
3582 4762 3737 4827 πάθη
3756 4758 3779 4819 “,
3806 4812 3817 4823 ,
3844 4802 3885 4817 ,ε

458 4843 760 4913 expressis,
802 4840 1122 4896 eorumdem
1161 4841 1444 4898 cruciatus
1486 4851 1540 4896 et
1579 4843 1881 4896 certamina
1918 4841 2050 4897 ado-

2160 4842 2239 4896 ιαὶ
2273 4841 2374 4907 τὰς
2412 4843 2702 4917 ἁθλήσεις,
2734 4846 2793 4914 ἐξ
2822 4840 2898 4900 ὧν
2923 4848 3045 4902 καθ’
3072 4850 3290 4920 ἡμέραν
3313 4851 3737 4923 εὑεργετοῦμαι,

460 4950 597 4999 rem,
640 4949 737 5002 per
779 4948 901 5002 quae
947 4932 1184 5004 singulis
1230 4932 1427 4988 diebus
1482 4931 1769 4989 beneﬁciis
1813 4948 2048 5003 augeor,

461 5033 895 5096 perpetuamque
945 5032 999 5079 et
1042 5025 1434 5095 sempiternam
1478 5025 1640 5078 vitam
1691 5024 1985 5095 exspecto?
2024 5043 2043 5077 ι

462 5117 547 5173 Ex
586 5116 833 5171 Historia
885 5116 1245 5170 ecclesiastica
1302 5114 1584 5179 Theodori,
1644 5126 1783 5169 tonio
1832 5125 2043 5185 quarto.

538 5297 558 5331 ι
599 5278 717 5333 Sub
748 5278 853 5332 hoc
873 5275 1189 5341 consulatu,
1212 5272 1301 5327 die
1330 5287 1435 5326 xxv
1461 5271 1671 5327 mensis
1699 5269 2041 5336 Decembris,

432 5412 445 5467 ,7
462 5370 709 5428 terribile
741 5371 1048 5442 ingensque
1093 5338 1423 5420 miraculum
1456 5364 1708 5437 contigit,
1740 5364 1888 5435 quod
1926 5379 2045 5420 om-

536 5504 808 5563 "Jcrem.
842 5520 903 5572 ιι,
943 5503 1034 5559 27.
1112 5504 1159 5536 ⁸⁸
1190 5504 1321 5560 ibid.

2145 4933 2239 4987 καὶ
2276 4931 2495 4987 αἰώνιον
2524 4935 2619 4988 καὶ
2648 4936 2822 4991 άῖδιον
2858 4937 3003 5011 ζωὴν
3051 4939 3363 5010 ὲκδέχοξιαη
3402 4961 3421 4992 ι

2159 5110 2273 5178 Τῆς
2325 5111 2856 5239 ἐκκλησιαστικῆὲ
2896 5115 3193 5239 'Ido'roplac
3247 5114 3737 5193 Θεοδωρήτουρόξ,
3814 5110 3821 5171 ἶ

2889 5204 2920 5239 τ
2961 5204 3092 5239 μου.

2889 5204 3092 5256 τομου.

2231 5294 2250 5326 ι
2272 5273 2407 5328 Ὑπὸ
2428 5275 2485 5328 δὲ
2500 5277 2712 5350 ταύτην
2732 5279 2831 5349 τὴν
2859 5281 3151 5344 ὑπατείαν,
3183 5282 3327 5335 κατὰ
3347 5283 3437 5335 τὸν
3463 5282 3612 5353 μῆνα
3641 5284 3739 5336 τὸν

2150 5368 2509 5439 Δεκέμϐριον,
2538 5370 2735 5442 ἔχοντα
2770 5374 2934 5427 αὑτὸν
2972 5374 3166 5430 εἰκάδα
3196 5377 3291 5428 καὶ
3320 5375 3740 5447 πέμπτὴνήμέο

1776 5596 1864 5652 VA
1875 5596 2015 5653 Ptle
2056 5595 2469 5657 LECTIONES.

535 5691 585 5734 δ’
626 5691 797 5773 Lege,“
826 5690 1128 5773 ουρ.Βὶιίἰο
1490 5692 2078 5773 Theodort,_Lectori_§_
2105 5696 2337 5773 scilicet.
2373 5695 2518 5773 Nam_
2538 5697 2640 5773 sub
2668 5697 2962 5773 Anastasio
2987 5698 3129 5771 imp.
3150 5711 3432 5773 superstes
3472 5718 3584 5761 non
3613 5714 3739 5762 erat

462 5760 863 5825 Theodoretus.
896 5761 1161 5832 Ejusdem
1188 5760 1431 5822 historia:
1458 5780 1581 5835 qua:
1607 5764 1696 5819 hic
1721 5763 1979 5833 refertur,
2016 5764 2380 5837 Theophanes
2408 5775 2462 5824 et
2487 5767 2687 5825 Suidas
2743 5770 3065 5853 meminere.
