3986 6346
567 404 704 471 13Ἷ1

1747 396 1808 457 S.
1849 390 2168 457 JOANNIS
2190 386 2618 452 DAMASCENI

3674 381 3838 448 1312

561 520 688 580 cha,
725 515 782 568 in
807 509 958 582 regia
996 506 1412 566 Tracbonitidis
1443 505 1707 576 regionis,
1743 503 1800 559 in
1837 503 1975 558 urbe
2008 514 2130 572 quae

2243 497 2565 569 Βτοπάρχης
2613 495 2694 562 είς
2725 493 2806 563 τὸ⁸
2813 492 3100 566 βασίλειον
3128 494 3229 567 τῆς
3257 495 3666 568 ’Τραχωνίτιδος
3711 498 3834 571 χώ-

561 608 798 662 Sebaste
845 602 1074 666 dicitur,
1110 597 1447 670 amputavit,
1497 604 1694 652 octavo
1753 595 1873 650 Kal.
1911 594 2128 659 Junias,

561 697 765 752 Flacco
797 701 853 752 et
899 693 1117 749 Rumno
1170 706 1318 748 coss.
1371 689 1432 745 Id
1470 703 1614 760 aegre
1665 687 1844 744 terens
1882 684 2132 741 Herodes

561 805 682 854 rex,
735 785 980 856 Philippi
1028 783 1198 846 (ilius,
1235 796 1267 836 e
1312 777 1500 835 Judma
1540 791 1832 849 regressus
1861 782 1967 832 est.
2001 774 2130 830 Sta-

562 879 774 946 timque
800 875 868 929 ad
901 888 1028 929 eum
1065 869 1302 927 accessit
1333 867 1535 923 mulier
1574 865 1825 936 quaedam
1855 863 2132 934 locuples,

561 967 793 1023 nomine
838 963 1124 1028 Berenice,
1157 977 1279 1033 qua:
1330 959 1475 1016 idem
1522 957 1780 1029 oppidum
1823 955 2133 1012 Paneadem

562 1057 866 1112 incolebat.
905 1053 1051 1118 llaec,
1089 1053 1351 1124 quoniam
1382 1067 1410 1106 a
1448 1049 1577 1106 Jcsu
1623 1056 1816 1105 sanata
1853 1055 1992 1112 erat,
2022 1055 2134 1102 sta-

563 1159 714 1202 tuam
757 1147 863 1217 ipsi
901 1145 1114 1217 erigere
1145 1143 1396 1215 cupiens,
1427 1157 1528 1198 nec
1559 1141 1678 1197 sine
1725 1139 1872 1210 regis
1900 1138 2135 1210 permis-

564 1241 726 1294 siune
762 1237 818 1292 id
861 1250 996 1292 ausa
1050 1234 1337 1306 perlicere,
1397 1231 1598 1289 Herodi
1661 1231 1776 1303 regi
1830 1230 2134 1301 supplicem

562 1329 768 1384 obtulit
822 1328 1089 1392 libellum,
1141 1340 1341 1396 rogans
1375 1332 1438 1380 ut
1491 1325 1684 1380 liceret
1739 1322 1846 1378 sibi
1908 1322 1962 1376 in
1999 1321 2136 1378 urbe

565 1435 668 1476 sua
728 1419 956 1476 Christo
1010 1417 1282 1474 Salvatori
1331 1424 1582 1472 auratam
1639 1419 1880 1472 statuam
1928 1412 2133 1469 dicare.

561 1512 812 1568 Libellus
855 1523 1022 1580 porro
1077 1507 1398 1579 hujusmodi
1460 1515 1616 1562 erat:
1679 1523 1698 1556 ί
1729 1504 1980 1574 Augusto
2027 1501 2138 1558 lle-

570 1623 586 1655 ι
639 1603 778 1668 rodi,
806 1600 1100 1672 toparchte,
1127 1605 1183 1654 et
1201 1597 1376 1669 legum
1397 1593 1908 1681 datoriludaaorum
1931 1592 2139 1649 Graeco-

569 1713 586 1745 ς
639 1706 890 1762 rumque,
929 1689 1042 1761 regi
1078 1687 1515 1754 Tracbonitidis,
1556 1685 1869 1749 Berenices,
1902 1685 2140 1738 honora-

569 1803 587 1833 ι
638 1783 766 1840 bilis
788 1780 1054 1836 Paneadis
1086 1780 1304 1843 incolae,
1339 1778 1528 1847 petitio
1546 1776 1774 1846 suppch
1808 1783 1861 1830 et
1883 1775 2136 1831 obsecra-

572 1893 588 1924 ι
638 1876 735 1930 ιίο.
756 1872 978 1929 Iustitia
993 1881 1048 1928 et
1067 1871 1402 1933 humanitas,
1425 1875 1747 1938 caeteraeque
1767 1866 1998 1922 virtutes
2015 1881 2136 1922 ver-

569 1983 587 2015 o
637 1964 799 2018 ticem
830 1971 1078 2019 vestrum
1113 1962 1288 2018 instar
1311 1974 1535 2016 coronat
1567 1959 1816 2028 cingunt.
1851 1955 2006 2023 Quod
2036 1970 2137 2026 ego

570 2075 588 2106 ι
639 2055 962 2132 neutiquam
991 2055 1274 2126 ignorans,
1299 2055 1442 2110 bona
1471 2068 1567 2123 spe
1587 2052 1771 2107 omnia
1792 2065 2138 2120 consequen-

2237 607 2358 661 ρας,
2386 591 2446 645 ἐν
2473 589 2716 660 Σεόαστῇ
2746 590 2812 659 τῇ
2839 588 3018 652 πόλει,
3050 588 3161 661 πρὸ
3179 587 3328 642 ὀκτὼ
3351 587 3650 646 Καλανδῶν
3672 593 3826 646 ἰου-

2234 683 2364 736 νίων
2388 722 2405 749 ,
2449 681 2510 734 ἐν
2556 681 2790 763 ὑπατεία
2831 681 3158 746 Φλάκκωνος
3207 679 3304 734 καὶ
3348 680 3658 751 Ῥουφίνου.
3717 683 3827 738 Διά

2231 771 2393 827 τοῦτο
2429 771 2768 844 λυπούμενος
2791 771 2821 824 ό
2857 769 3107 845 Ἡρώδης
3135 772 3164 826 ό
3203 769 3458 842 βασιλεὺς
3484 773 3514 826 ό
3539 771 3825 828 Φιλίππου

2233 863 2469 933 ἀνῆλθεν
2516 863 2627 918 ἀπὸ
2670 863 2772 935 τῆς
2819 861 3083 926 Ἰουδαίας
3109 903 3126 930 ,
3180 861 3276 916 καὶ
3318 862 3626 934 προσῆλθεν
3663 865 3822 935 αὐτῷ

2234 956 2372 1027 γυνή
2428 973 2513 1020 τις
2566 954 2803 1026 εὔπορος
2829 992 2846 1020 ,
2903 953 3134 1010 οἰκοῦσα
3180 954 3281 1026 τὴν
3329 954 3504 1028 αὐτὴν
3557 956 3822 1012 Πανεάδα

2235 1047 2413 1113 πόλιν,
2446 1046 2674 1117 όνόματι
2705 1045 2964 1116 Βερνίκη,
2996 1042 3326 1115 βουλομένη,
3350 1043 3426 1109 ὡς
3460 1044 3671 1100 ίαθεῖσα
3702 1046 3822 1099 ὑπὸ

2235 1136 2328 1191 τοῦ
2370 1135 2548 1204 Ἰησοῦ
2570 1174 2586 1202 ,
2619 1134 2824 1206 στήλην
2864 1132 3016 1204 αύτῷ
3063 1132 3374 1204 ἀναστῆσαι
3397 1149 3412 1164 ⁸
3456 1134 3551 1188 καὶ
3581 1134 3655 1204 μὴ
3687 1136 3820 1188 τολ-

2239 1230 2392 1300 μᾶσα
2445 1228 2568 1299 δίχα
2623 1225 2915 1298 βασιλικῆς
2975 1224 3278 1288 κελεύσεως
3351 1225 3512 1281 τοῦτο
3559 1227 3816 1296 ποιῆσαι,

2243 1321 2430 1392 δέησιν
2491 1318 2694 1373 δέδωκε
2720 1316 2799 1388 τῷ
2829 1315 3040 1387 βασιλεῖ
3077 1313 3314 1386 Ἡρώδῃ,
3352 1316 3576 1372 αἰτοῦσα
3609 1319 3820 1388 στήλην

2239 1411 2447 1482 χρυσῆν
2501 1408 2582 1480 τῷ
2627 1409 2842 1480 Σωτῆρι
2880 1405 3101 1478 Χριστῷ
3170 1407 3231 1462 ἐν
3286 1409 3353 1478 τῇ
3401 1408 3603 1477 ἑαυτῆς
3658 1409 3818 1464 πόλει

2241 1502 2468 1572 στῆσαι⁹
2531 1501 2654 1572 ῆτις
2712 1499 2896 1570 δέησις
2969 1492 3115 1568 εἶχεν
3184 1496 3360 1561 οὕτως
3401 1513 3417 1526 ·
3467 1517 3487 1551 ε
3555 1499 3822 1571 ἓὸαστῷ

2246 1607 2264 1640 ι
2323 1588 2569 1661 Ἡρώδῃ,
2620 1587 2906 1659 τοπάρχῃ,
2957 1585 3267 1658 θεσμοθέτῃ
3315 1586 3588 1643 Ἰουδαίων
3619 1606 3681 1644 τε
3720 1591 3822 1644 καὶ

2247 1699 2265 1731 r
2323 1679 2612 1752 Ἑλλήνων,
2646 1678 2860 1749 βασιλεῖ
2888 1677 3307 1748 Τραχωνίτιδος,
3337 1678 3523 1750 δέησις
3562 1681 3664 1736 καὶ
3711 1683 3826 1735 lxa-

2247 1789 2264 1820 ι
2310 1769 2400 1822 σία
2430 1770 2584 1841 παρὰ
2623 1769 2890 1839 Βερνίκης
2921 1767 3332 1840 ἀξιωματικῆς,
3361 1771 3569 1837 πόλεως
3598 1773 3822 1830 Πανεά-

2251 1881 2268 1914 ‹
2313 1862 2421 1926 δος.
2457 1863 2785 1932 Δικαιοσύνη
2813 1902 2828 1928 ,
2862 1862 2956 1916 καὶ
2984 1861 3391 1933 φιλανθρωπία,
3422 1865 3517 1919 καὶ
3546 1865 3620 1919 τὰ
3653 1865 3823 1921 λοιπὰ

2249 1973 2266 2006 ι
2314 1954 2424 2010 τῶν
2456 1954 2670 2026 ἀρετῶν
2722 1953 3114 2025 περιστέφουσι
3166 1955 3267 2025 τὴν
3324 1957 3600 2027 ὑμετέραν
3649 1975 3823 2031 κορυ-

2249 2065 2268 2098 ‹
2318 2047 2426 2119 φήν
2451 2063 2465 2079 ·
2497 2047 2622 2102 ὅθεν
2652 2045 2810 2116 κάγὼ
2855 2045 3016 2100 τοῦτο
3061 2045 3237 2100 είδυῖα
3261 2086 3276 2111 ,
3308 2049 3408 2104 σὺν
3437 2049 3675 2117 ἀγαθαῖς
3697 2053 3825 2113 cui;

571 2165 588 2198 ε
636 2147 691 2203 di
721 2155 1011 2217 concepta,
1043 2146 1141 2201 tibi
1188 2146 1427 2202 scribo.»
1467 2143 1598 2210 Quae
1624 2159 1789 2214 porro
1823 2144 1896 2200 sit
1924 2141 2137 2198 exordii

2249 2160 2269 2194 ι
2315 2141 2504 2195 ἐλπίσι
2567 2141 2790 2196 πάντων
2827 2142 3132 2213 τευξομένη
3157 2183 3172 2209 ,
3219 2143 3306 2196 σοὶ
3333 2144 3549 2216 γράφω.
3598 2163 3620 2197 r
3659 2146 3825 2211 Ἦτις

552 2237 733 2306 hujus
783 2237 954 2317 ratio,
983 2235 1258 2293 sermonis
1293 2234 1468 2291 series
1496 2233 1819 2289 declarabit.
1870 2250 1889 2284 ι
1936 2233 2075 2288 Cum
2107 2246 2137 2286 a

2243 2233 2278 2302 ἡ
2303 2231 2398 2286 τοῦ
2433 2233 2702 2302 παρόντος
2731 2233 3021 2304 προοιμίου
3056 2233 3286 2308 κρηπὶς,
3321 2233 3530 2307 προϊών
3569 2253 3630 2289 σε
3661 2238 3698 2290 ὸ
3739 2239 3825 2290 λόο

569 2345 590 2380 ι
638 2313 987 2399 prima—atate
1010 2325 1298 2398 sanguinis
1315 2324 1467 2381 [lusu
1489 2324 1827 2388 laborarem,
1842 2325 1993 2381 omni
2016 2326 2137 2380 vitae

2243 2342 2340 2394 γος
2379 2324 2601 2391 διδάξει.
2642 2343 2663 2377 ε
2727 2325 2823 2380 Ἐκ
2866 2326 3074 2382 παιδῶν
3119 2325 3389 2396 ληφθεῖσα
3430 2327 3580 2399 πάθη
3623 2331 3824 2401 αἱμορ-

565 2439 589 2472 ‹
633 2420 944 2476 substantia
971 2419 1445 2489 facultatibusque
1493 2418 1632 2473 meis
1661 2417 1718 2472 in
1748 2417 1996 2474 medicbs
2042 2433 2137 2473 ex-

2251 2435 2272 2471 t
2317 2417 2472 2489 ροίας
2514 2416 2759 2496 όχετῶν,
2809 2419 2892 2483 εἱς
2924 2420 3145 2490 ίατροὺς
3189 2420 3518 2475 ἀναλώσασά
3571 2439 3682 2492 μου
3737 2424 3822 2476 τὸν

569 2532 587 2564 ι
637 2514 880 2578 haustis,
912 2513 1181 2568 medelam
1214 2511 1424 2566 nullam
1457 2517 1621 2564 nacta
1642 2525 1790 2566 sum.
1820 2508 1922 2566 Ubi
1955 2517 2137 2565 autem

2251 2528 2270 2562 ι
2319 2509 2432 2581 βίον
2462 2510 2558 2564 καὶ
2582 2510 2674 2563 τὸν
2702 2509 2957 2578 πλοῦτον,
3004 2511 3152 2566 ίασιν
3183 2511 3283 2580 οὐχ
3311 2504 3471 2582 εὖρον
3493 2527 3510 2544 ·
3543 2512 3823 2580 ἀκηκουῖα

569 2625 588 2657 ε
635 2605 820 2675 accepi
850 2604 1196 2660 admirabilis
1232 2601 1442 2658 Christi
1484 2602 1822 2667 curationes,
1857 2602 1951 2672 qui
1987 2615 2137 2656 mor-

2251 2622 2270 2654 ι
2313 2603 2371 2657 δέ
2401 2601 2496 2656 τοῦ
2531 2602 2948 2673 θαυμαζομένου
2988 2602 3228 2674 Χριστοῦ
3263 2603 3331 2657 τά
3364 2605 3592 2674 ίάματα,
3624 2605 3709 2670 ὡς
3737 2623 3821 2660 νε·

571 2715 590 2747 ο
637 2705 762 2751 tuos
787 2694 858 2750 ad
890 2695 1070 2749 lucem
1095 2706 1366 2749 revocans
1404 2691 1725 2756 suscitaret,
1757 2691 2036 2748 daemones
2073 2706 2137 2746 ex

2253 2711 2270 2743 ‹
2316 2693 2483 2764 κροὺς
2509 2692 2840 2762 διανίστησι,
2880 2692 3045 2746 πάλιν
3069 2693 3149 2756 είς
3180 2692 3296 2762 φῶς
3332 2692 3525 2758 ἐλκων,
3564 2696 3669 2748 καὶ
3708 2696 3820 2748 δαί-

566 2806 588 2839 (
637 2787 946 2842 mortalium
972 2787 1300 2856 corporibus
1328 2785 1573 2854 cjiceret,
1611 2799 1914 2855 omnesque
1950 2783 2137 2840 confc-

2253 2803 2271 2834 ε
2323 2799 2492 2852 μονας
2521 2783 2588 2836 ἐκ
2613 2781 2824 2854 βροτῶν
2853 2782 3199 2850 ἀπελαύνων,
3238 2785 3334 2837 καὶ
3359 2784 3569 2849 πάντας
3595 2787 3736 2850 τοὺς
3769 2788 3821 2839 ἐν

570 2900 586 2930 ε
636 2885 758 2933 ctos
780 2877 989 2932 morbis
1039 2876 1209 2931 verbo
1263 2883 1519 2940 sanaret,
1565 2873 1635 2930 ad
1689 2889 1814 2929 eum
1867 2874 2019 2928 velut
2071 2873 2137 2927 ad

2253 2894 2272 2927 ι
2317 2875 2459 2945 νόσῳ
2488 2875 2924 2947 μαραινομένους
2953 2875 3098 2946 λόγῳ
3128 2875 3465 2947 θεραπεύων,
3495 2878 3657 2947 κάγὼ
3691 2880 3818 2949 πρὸς

567 2989 587 3020 ‹
637 2969 807 3025 Deum
827 2967 1075 3038 confugi.
1090 2967 1292 3022 Verum
1311 2963 1665 3020 considerata
1683 2963 2036 3018 multitudine
2050 2978 2137 3018 eo-

2254 2983 2271 3014 r
2319 2963 2482 3024 αὑτὸν
2508 2963 2587 3027 ὡς
2627 2963 2763 3035 πρὸς
2795 2963 2928 3017 Θεὸν
2964 2963 3219 3036 ἔδραμον.
3262 2965 3374 3019 Καὶ
3404 2970 3812 3039 προσεσχφιυία

569 3077 589 3110 ι
636 3073 757 3113 rum
781 3059 872 3128 qui
902 3058 1055 3112 illum
1081 3058 1385 3128 cingerent,
1407 3063 1661 3109 metuens
1701 3069 1770 3108 ne
1792 3052 1965 3107 morbi
1989 3067 2137 3122 spur-

2254 3074 2272 3106 ι
2317 3054 2394 3126 τῷ
2438 3055 2748 3126 περιέχοντι
2791 3055 2956 3109 αὐτὸν
2988 3055 3220 3128 πλήθει,
3251 3057 3571 3110 δειλιάσασα
3615 3057 3704 3130 μὴ
3738 3059 3816 3112 τὸν

568 3171 588 3202 ς
636 3149 822 3204 citiem
853 3159 1165 3212 aversatus,
1216 3163 1344 3218 erga
1385 3161 1471 3202 me
1505 3144 1905 3215 indignaretur,
1935 3145 2137 3214 major-

2254 3163 2271 3196 ι
2319 3145 2382 3200 ἐκ
2409 3148 2501 3202 τοῦ
2533 3147 2738 3211 πάθους
2781 3147 3058 3220 μολυσμὸν
3106 3149 3627 3220 ἀποστρεφόμενος,
3669 3150 3814 3220 όργιυ

570 3259 588 3292 ι
633 3255 740 3310 que
761 3239 1106 3310 aegritudinis
1123 3239 1280 3309 plaga
1308 3238 1482 3303 ﬁeret,
1498 3251 1711 3293 mecum
1739 3236 1856 3306 ipsa
1876 3235 2137 3308 cogitavi,

2252 3257 2270 3287 ι
2318 3236 2418 3309 σθῇ
2465 3238 2587 3291 κατ’
2619 3239 2755 3309 ἐμοῦ
2782 3280 2797 3304 ,
2842 3240 2936 3292 καὶ
2965 3239 3168 3294 πλείων
3200 3257 3290 3311 μοι
3321 3241 3524 3315 ἐπέλθῃ
3555 3243 3589 3311 ὴ
3635 3243 3814 3313 πληγὴ

571 3349 590 3382 ι
635 3329 802 3402 369
832 3331 980 3401 quod
1011 3332 1057 3388 si
1093 3332 1177 3386 vel
1219 3331 1489 3386 ﬁmbriam
1532 3329 1846 3385 vestimenti
1877 3327 2001 3398 ejus
2024 3335 2137 3381 lan-

2251 3348 2270 3380 ι
2316 3327 2416 3398 τῆς
2436 3329 2614 3396 νόσου,
2645 3329 2770 3384 καθ’
2807 3330 3008 3402 ἑαυτὴν
3037 3330 3391 3403 ἐλογισάμην,
3422 3334 3502 3385 ὅτι
3534 3332 3634 3386 ἐὰν
3667 3333 3814 3401 δυνη-

569 3443 587 3475 ε
636 3439 764 3494 gere
822 3424 958 3478 mihi
1014 3422 1227 3490 liceret,
1259 3422 1556 3478 sanitatem
1592 3419 1956 3489 adipiscerer.
1991 3417 2144 3475 lianc

569 3535 587 3568 ι
635 3515 727 3571 ubi
762 3515 1000 3585 primum
1033 3515 1205 3586 tetigi,
1232 3526 1527 3584 suppresso
1560 3511 1846 3582 sanguinis
1877 3508 2050 3576 fonte,
2080 3512 2144 3565 il-

570 3627 587 3658 ι
636 3608 740 3662 lico
759 3606 1038 3662 convalui.
1083 3605 1181 3662 Ille
1225 3621 1381 3669 vero,
1415 3618 1541 3658 cum
1565 3602 1752 3658 cordis
1782 3603 1884 3657 mei
1912 3602 2142 3658 consilia

571 3721 588 3751 ι
637 3705 961 3772 prtenosset,
996 3698 1137 3753 elata
1175 3711 1338 3760 voce,
1370 3694 1525 3760 Quis,
1585 3695 1786 3764 inquit,
1821 3710 1902 3748 mc
1929 3694 2144 3766 tetigit?

571 3809 587 3839 ι
635 3790 798 3844 virtus
825 3804 890 3844 ea:
908 3805 986 3844 me
1010 3788 1232 3859 prodiit.
1257 3785 1398 3841 Tum
1426 3799 1527 3856 ego
1542 3784 1779 3855 pallens,
1811 3798 2144 3856 gemensque

571 3901 589 3932 ι
636 3888 690 3936 et
736 3882 1044 3952 graviorem
1071 3881 1324 3936 morbum
1375 3879 1443 3934 ad
1482 3892 1569 3933 me
1605 3891 1958 3933 reversurum
1992 3876 2143 3932 arbi-

573 3993 590 4024 ‹
635 3980 812 4039 trans,
834 3975 900 4029 ad
919 3973 1042 4043 ejus
1072 3971 1242 4043 pedes
1265 3985 1491 4039 corruo,
1515 3969 1854 4039 humumque
1883 3967 2143 4039 lacrymis

571 4084 589 4116 ι
637 4062 952 4129 infundens,
986 4063 1279 4119 audaciam
1330 4076 1508 4117 meam
1557 4059 1875 4132 proﬁtebar.
1919 4060 1990 4112 At
2026 4059 2138 4122 ille.

567 4173 590 4205 ι
639 4154 716 4209 uti
733 4154 977 4209 clemens
999 4162 1054 4210 et
1071 4153 1368 4222 benignus,
1390 4151 1568 4206 vicem
1593 4164 1766 4204 meam
1793 4151 2144 4204 commisera-

569 4265 591 4295 ε
632 4252 743 4312 tus,
762 4245 1106 4300 sanationem
1136 4245 1272 4299 mihi
1297 4244 1383 4298 his
1397 4242 1585 4298 verbis
1606 4240 1984 4296 conﬁrmavit:
2010 4239 2143 4296 Con-

567 4354 591 4385 ‹
638 4333 766 4404 ﬁde,
783 4333 922 4399 lilia,
947 4333 1078 4402 ﬁdes
1102 4343 1198 4388 tua
1217 4343 1265 4388 te
1282 4334 1487 4388 salvam
1512 4333 1658 4402 fecit.
1688 4330 1830 4386 Vade
1852 4332 1906 4385 in
1927 4348 2055 4402 pace
2072 4333 2138 4389 ⁸⁸.

569 4444 591 4476 ι
642 4425 735 4480 Sic
760 4434 814 4480 tu
850 4440 1091 4496 quoque,
1119 4426 1386 4496 Auguste,
1421 4423 1556 4478 mihi
1583 4423 1922 4494 supplicanti
1952 4432 2142 4494 postu-

2251 3438 2267 3470 ι
2315 3419 2469 3489 θείην
2498 3419 2739 3489 ἅψασθαι
2781 3418 2877 3473 τοῦ
2909 3421 3221 3493 κρασπέδου
3251 3421 3346 3476 τοῦ
3383 3422 3598 3493 ἱματίου
3629 3422 3810 3484 αὑτοῦ,

2251 3530 2268 3563 ι
2316 3510 2659 3582 σωθήσομαι.
2693 3504 2770 3566 Οὗ
2801 3511 2897 3566 καὶ
2934 3511 3225 3583 ἁψαμένη,
3257 3514 3352 3566 καὶ
3384 3512 3688 3584 σταθείσης
3727 3532 3811 3584 μου

2249 3619 2268 3652 ‹
2313 3601 2413 3672 τῆς
2441 3601 2626 3672 πηγῆς
2646 3601 2741 3656 τοῦ
2771 3602 3024 3673 αἵματος,
3047 3603 3246 3671 γέγονα
3272 3604 3614 3675 παραχρῆμα
3639 3607 3808 3676 ὑγιής.

2251 3711 2268 3743 ‹
2313 3692 2487 3756 Αὐτὸς
2512 3693 2569 3746 δὲ
2601 3693 2825 3764 μᾶλλον,
2860 3693 2938 3758 ὡς
2971 3695 3243 3766 προγνοὺς
3272 3695 3372 3766 τῆς
3409 3697 3554 3767 ἐμῆς
3589 3699 3812 3769 καρδίας

2250 3805 2266 3832 ι
2312 3783 2382 3837 τὰ
2411 3783 2772 3855 βουλεύματα,
2803 3784 3073 3856 ἁνέκραξε
3099 3803 3113 3816 υ
3165 3785 3260 3852 Τίς
3293 3802 3414 3854 μου
3454 3783 3696 3854 iurato;
3729 3788 3810 3841 cis-

2250 3894 2268 3926 ι
2314 3892 2490 3946 rapte
2523 3876 2625 3932 ἀπ’
2659 3876 2808 3946 ἐμοῦ
2831 3876 3114 3946 ἐξῆλθεν.
3159 3876 3300 3946 Ἐγὼ
3346 3873 3442 3931 οὖν
3471 3877 3808 3948 ὦχριάσασι.
3847 3865 3851 3935 ί

2249 3987 2268 4020 ‹
2313 3968 2410 4021 καὶ
2441 3968 2728 4034 στένουσα,
2757 3968 2858 4041 τὴν
2884 3968 3040 4023 νόσον
3080 3969 3424 4040 θρασυτέραν
3450 3969 3810 4043 ἀποστρέφειν

2253 4080 2270 4112 ι
2317 4059 2406 4113 ἐπ’
2442 4059 2544 4131 ἐμὲ
2581 4059 2930 4132 λογιζομένη,
2962 4059 3350 4133 προσπεσοῦσα
3380 4060 3555 4132 αὐτῷ,
3587 4063 3702 4135 τὴν
3729 4063 3810 4132 γῆν

2250 4175 2269 4206 ι
2311 4153 2612 4224 ἐπλήρωσα
2638 4153 2915 4223 δακρύων,
2946 4151 3048 4225 τὴν
3075 4153 3280 4224 τόλμαν
3299 4151 3620 4218 ἐξειποῦσα.
3653 4155 3806 4214 λιι-ες

2251 4264 2269 4295 ‹
2313 4244 2371 4299 δὲ
2399 4244 2476 4308 ὡς
2504 4243 2743 4314 ἀγαθὸς,
2777 4244 3201 4315 σπλαγχνισθεὶς
3231 4244 3320 4298 ἐπ’
3347 4245 3468 4314 ἐμοὶ
3493 4285 3508 4310 ,
3540 4245 3806 4317 ἐπεσφρᾶ-

2250 4357 2266 4389 ι
2314 4335 2432 4405 γιζέ
2469 4355 2570 4408 μου
2601 4335 2700 4409 τὴν
2732 4338 2914 4405 ίασιν,
2955 4336 3224 4410 είρηκώς’
3259 4337 3509 4405 Θάρσει,
3541 4339 3804 4407 θυτὰτερ.

2247 4449 2267 4482 ι
2315 4432 2353 4500 ἠ
2387 4431 2589 4496 πίστις
2625 4447 2741 4484 σου
2796 4430 3033 4486 σέσωκέ
3070 4445 3146 4485 σε
3174 4448 3188 4461 '
3226 4431 3484 4500 πορεύου
3532 4427 3628 4496 είς
3674 4431 3801 4498 sipri-

568 4533 592 4566 4
639 4515 898 4570 lationem
926 4516 1132 4586 justam
1168 4516 1411 4586 indulge.
1437 4533 1456 4566 ι
1482 4516 1609 4570 "asc
1634 4515 1864 4570 audiens
1897 4513 2137 4571 Herodes

2254 4540 2271 4572 ι
2308 4539 2443 4590 νην.
2477 4521 2634 4576 Οῦτω
2673 4522 2768 4575 καὶ
2809 4521 2997 4594 ὑμεῖς,
3041 4521 3304 4575 Σεϐαστοὶ
3327 4561 3344 4589 ,
3390 4519 3489 4590 τὴν
3529 4519 3800 4593 δέησιντῇ

567 4623 666 4662 rex
688 4622 754 4663 ex
787 4608 974 4664 libello
1003 4606 1274 4678 supplice,
1305 4606 1560 4662 miraculi
1607 4605 1985 4677 magnitudine
2016 4622 2141 4678 per-

564 4699 782 4767 culsus,
826 4699 1240 4771 curationisque
1307 4698 1577 4754 reveritus
1624 4712 1910 4763 arcanum,
1959 4697 2138 4752 dixit:

573 4808 593 4840 ι
627 4790 767 4859 Tua,
799 4807 835 4850 ο
860 4791 1081 4858 mulier,
1113 4790 1330 4847 sanatio
1377 4788 1756 4860 pra‘stantiori
1814 4789 1977 4860 digna
2025 4804 2141 4845 mo-

637 4968 684 5002 "
703 4966 894 5025 Matth.
927 4984 999 5034 ix,
1028 4967 1120 5024 22.

2244 4633 2263 4666 ‹
2307 4613 2535 4686 δεομένῃ
2565 4613 2722 4682 ἀξίαν
2753 4614 3083 4685 παράσχετε.
3116 4632 3135 4666 ι
3183 4616 3245 4669 '0
3271 4613 3330 4667 δὲ
3353 4613 3622 4685 βασιλεὺς
3650 4612 3800 4682 Ἦρὼ·

2236 4702 2333 4771 δης
2361 4703 2616 4773 ἀκηκοὼς
2647 4703 2820 4758 ταῦτα
2848 4703 2939 4759 διὰ
2978 4704 3080 4775 τῆς
3118 4706 3361 4776 δεήσεως
3384 4743 3401 4769 ,
3435 4702 3733 4774 ἐξεπλάγη
3761 4701 3798 4755 τί

2238 4789 2454 4861 θαῦμα,
2509 4792 2604 4847 καὶ
2649 4791 2907 4863 φοϐηθεὶς
2957 4792 3020 4846 τδ
3078 4794 3380 4865 μυστήριον
3432 4792 3534 4859 τῆς
3599 4792 3798 4850 {diem

2050 5067 2282 5125 NOTAE.

565 5222 877 5290 Curterius,
917 5221 1350 5295 Ducangiusque_
1380 5239 1444 5278 ex
1482 5241 1571 5295 qq.
1614 5225 1995 5284 Anastasianis
2038 5240 2132 5280 ac-

564 5309 784 5365 cepere,
813 5295 1090 5349 Chronico
1108 5292 1738 5365 Alexandrinoﬂoanne
1769 5299 1893 5365 ipso
1916 5296 2132 5361 Malala,

571 5363 838 5435 aliisque,
891 5363 1328 5435 prmterjulium
1384 5365 1730 5430 Africanum,
1768 5363 2134 5431 Clementem,

565 5433 965 5507 Theophilum,
991 5443 1055 5507 et
1083 5433 1429 5507 Timotheum
1453 5475 1466 5496 ,
1501 5453 1640 5506 quos
1671 5437 1983 5507 Hesychius
2019 5437 2137 5507 ipse

563 5503 843 5576 ct‘Malala
879 5505 1122 5560 laudant.
1153 5503 1550 5576 Nequentagni
1591 5503 1903 5561 faciendum
1933 5513 2018 5561 est
2043 5503 2136 5560 'te-

567 5572 892 5646 stimonium
928 5572 1358 5645 Abulfaraji'qui
1407 5572 1766 5646 TEcOphilum
1797 5577 2132 5646 astrologum

564 5639 882 5697 Roheuscm
951 5662 1046 5701 seu
1103 5639 1481 5710 Edcssenum,
1539 5639 1796 5702 floruisse
1855 5648 1927 5701 ait
1991 5639 2134 5700 circa

431 5701 450 5726 ί
556 5723 771 5795 anu-um
785 5711 986 5795 Christi
1005 5713 1107 5795 78_5
1122 5714 1400 5795 etilegirzc
1425 5701 1620 5795 _lt59,et
1647 5701 1883 5795 eq'egt‘re
1908 5716 2136 5795 historia:

545 5785 848 5838 auctorem
883 5781 1096 5840 haberi.
1129 5781 1306 5842 Nimia
1345 5781 1547 5853 quippe
1583 5799 1666 5844 est
1695 5781 2021 5855 'Ab'ult'araji
2053 5788 2137 5842 in-

2238 5225 2543 5298 diligentia,
2569 5235 2626 5280 ut
2653 5227 2774 5298 ipso
2805 5226 2923 5282 solo
2955 5226 3286 5298 testiﬁcante
3316 5224 3618 5298 Credamus
3649 5228 3790 5284 Theo-

2239 5297 2452 5366 philum
2498 5297 2647 5351 hunc
2678 5296 3034 5366 'astrologum
3078 5296 3242 5365 hujus
3292 5297 3527 5366 egregia:
3571 5297 3790 5355 historir

2240 5365 2518 5438 parentem
2556 5366 2767 5430 fuisse,
2818 5365 2931 5438 aut
2966 5367 3157 5422 saltem
3193 5365 3345 5419 nihil
3375 5365 3546 5438 urget
3565 5382 3680 5424 nos
3703 5410 3717 5430 ,
3755 5373 3799 5420 ιι.

2239 5437 2621 5510 Concedamus
2655 5453 2780 5492 cum
2817 5437 3109 5510 ipsumntet
3153 5450 3277 5510 esse
3309 5451 3471 5505 quem
3507 5437 3786 5510 llesycbiut

2239 5519 2293 5563 ct
2325 5506 2518 5577 Malala
2575 5505 2855 5562 citaverc.‘
2891 5505 2978 5577 Ad
3014 5505 3349 5577 llesychium
3377 5506 3532 5577 quod
3584 5505 3795 5577 spectat}

2241 5577 2430 5649 quidni
2465 5575 2604 5649 idem
2636 5578 2855 5649 sitcum
2887 5575 3156 5646 Hesychio
3185 5575 3793 5649 lllus_tri_,quihis‘(orialg

2246 5646 2272 5700 τι
2307 5646 2435 5702 Belo
2463 5647 2819 5718 Assyriorum
2871 5663 2996 5718 rege
3039 5646 3322 5718 usquead
3363 5646 3656 5718 Anastasii
3692 5651 3789 5718 iung.

2247 5726 2514 5789 tempora
2548 5709 2842 5789 produxit?
2891 5709 3055 5770 Plura
3112 5709 3178 5772 de
3221 5715 3409 5770 Malala
3449 5717 3654 5789 Iegcsis
3683 5709 3778 5788 apii

2247 5787 2473 5844 Gavium
2501 5786 2558 5842 in
2588 5786 2728 5843 Hist.
2766 5787 2994 5844 litterar.
3030 5793 3202 5857 parte.
3241 5802 3302 5840 tt.
