3986 6346
209 464 323 530 13Ἷ3

1272 463 1372 522 DE
1414 446 1873 522 IMAGINIBUS
1910 458 2192 519 ORATIO
2230 458 2325 518 III

3292 457 3428 525 13⁵14

209 569 340 630 εἴπεν
362 590 379 607 ’
424 590 445 627 ι
489 573 554 629 Ἦ
581 573 664 637 εἰς
694 572 753 626 σὲ
803 572 1075 645 γενομένη
1108 573 1253 636 ίασις
1278 610 1293 636 ,
1323 567 1368 626 ὦ
1396 570 1593 641 γύναι,
1629 570 1750 643 μεί-

1867 585 1879 620 ι
1925 577 2191 625 numento
2218 575 2324 623 est.
2348 565 2450 622 Abi
2476 580 2629 638 ergo,
2654 573 2708 625 et
2736 581 2903 638 quam
2934 568 3180 625 volueris
3208 569 3309 635 illi,
3331 574 3425 642 qui

215 686 229 714 I
262 664 401 728 ζονος
428 664 632 735 στήλης
665 663 818 718 ἐστὶν
851 663 1000 728 ἀξία.
1036 662 1371 734 Πορευθεῑσα
1399 662 1604 731 τοίνυν,
1636 665 1755 718 οἵαν

213 774 228 807 ι
270 755 439 825 βούλει
497 754 805 824 άνάστησον
853 752 1004 823 αὑτῷ
1057 752 1292 825 στήλην,
1337 752 1638 822 δοξάζουσα
1664 754 1757 809 τὸν

211 864 229 897 ι
265 846 564 916 ἰασάμενον.
606 863 625 898 ι
663 846 777 899 Καὶ
805 844 1006 908 εὐθέως
1035 844 1173 916 αὑτὴ
1201 845 1435 916 Βερνίκη
1454 885 1469 910 ,
1504 847 1537 915 ἡ
1564 845 1757 916 πρώην

207 937 578 1008 αἱμορροοῦσα,
617 938 676 991 ὲν
709 938 857 1008 μέσῳ
884 937 984 1006 τῆς
1015 936 1152 1001 ἰδίας
1180 936 1353 1007 αὐτῆς
1392 937 1604 1002 πόλεως
1639 940 1755 992 Πα-

205 1027 369 1091 νεάδος
411 1027 675 1099 ἀνέστησε
704 1028 783 1099 τῷ
810 1028 931 1100 Θεῷ
958 1027 1054 1083 καὶ
1083 1029 1274 1101 Κυρίῳ
1311 1030 1518 1101 στήλην
1547 1029 1757 1100 χαλκῆν

206 1119 261 1173 ἐκ
286 1118 485 1190 χαλκοῦ
508 1118 875 1191 θερμηλάτου,
905 1120 1109 1191 μίξασα
1138 1121 1343 1194 χρυσὸν
1371 1122 1466 1176 καὶ
1493 1123 1754 1195 ἄργυρον.

207 1211 349 1289 Ἥτις
379 1210 548 1283 στήλη
582 1212 733 1281 μένει
765 1214 823 1265 ἐν
854 1213 1088 1269 Πανεάδι
1120 1216 1188 1285 τῇ
1221 1214 1371 1268 πόλει
1399 1213 1505 1278 ἕως
1534 1213 1627 1267 νῦν
1646 1255 1660 1279 ,
1694 1214 1756 1268 οὑ

206 1300 299 1371 πρὸ
323 1300 517 1355 πολλοῦ
543 1302 736 1372 χρόνου
771 1303 1178 1375 μετενεχθεῑσα,
1228 1305 1322 1373 ἀφ’
1365 1298 1427 1360 οὗ
1462 1304 1667 1369 ἵστατο,
1699 1305 1757 1358 ὲν

208 1389 339 1461 μέσῳ
369 1395 467 1463 τῆς
499 1393 706 1457 πόλεως
754 1396 834 1458 εἰς
867 1396 1025 1459 ἅγιον
1052 1396 1247 1462 τόπον,
1281 1398 1361 1461 εἰς
1389 1393 1537 1451 οἷκον
1565 1398 1759 1469 εὑκτή-

208 1497 327 1552 ριον.
358 1482 537 1559 Ὅπερ
574 1485 875 1563 ὑπόμνημα
901 1488 1100 1559 εὑρέθη
1133 1489 1191 1543 έν
1220 1491 1284 1560 τῇ
1318 1489 1469 1545 πόλει
1500 1491 1754 1555 Πανεάδι,

205 1571 341 1641 παρὰ
388 1574 583 1645 Βάσσῳ
623 1578 763 1641 τινὶ,
812 1579 1093 1649 γενομένῳ
1147 1580 1256 1634 ἀπὸ
1310 1579 1580 1634 Ἰουδαίων
1624 1582 1757 1651 Χρι-

205 1661 425 1731 στιανῷ,
467 1664 524 1715 ὲν
573 1657 618 1731 ᾧ
662 1666 907 1737 ὑπῆρχεν
936 1668 965 1720 ό
998 1668 1114 1739 βίος
1157 1668 1267 1721 τῶν
1322 1669 1758 1739 βασιλευσάντων

202 1749 403 1806 πάντων
434 1751 532 1823 τῆς
578 1753 876 1825 Ἰουδαϊκῆς
906 1756 1105 1827 χώρας.
1146 1775 1162 1807 ι

207 1991 322 2080 Ἐκ,
344 1990 453 2080 τῆς
476 1995 748 2080 ’ἐόδιξμης
769 1997 1039 2080 ἐβίϐλου.
1076 1998 1187 2080 ζῇς
1248 2000 1759 2080 signiﬁcaretur};-

288 2065 567 2155 {efferatae
592 2065 910 2155 βᾼὺσξτᾷίουι
927 2068 1042 2155 ιτοῦ
1079 2065 1430 2141 Παμφίλου,
1479 2080 1613 2148 περὶ

261 2135 691 2204 αιμορῤοούσης
716 2136 1043 2204 Πανεάδος.

263 2289 280 2323 ι
331 2270 549 2343 Ἐπειδὴ
598 2271 761 2342 τῆσδε
813 2273 911 2343 τῆς
960 2272 1174 2340 πόλεως
1221 2276 1621 2351 ἐμνήσθημεν,
1658 2284 1758 2337 οὑκ

189 2367 328 2434 ἀξιον
369 2364 614 2435 ἡγοῦμαι
664 2363 915 2435 διήγησιν
966 2366 1300 2438 παρελθεῖν,
1345 2372 1438 2423 καὶ
1478 2374 1592 2435 τοῖς
1639 2374 1758 2443 μεθ’

188 2458 326 2528 ἡμᾶς
356 2454 788 2527 μνημονεύεσθαι
833 2456 1009 2521 ἀξίαν.
1043 2458 1156 2529 Τὴν
1184 2459 1291 2530 γάρ
1322 2462 1756 2535 αἱμορροοῦσαν,

188 2548 250 2614 ἢν
292 2548 353 2599 ὲκ
405 2546 512 2598 τῶν
566 2545 736 2615 ἱερῶν
768 2544 1116 2613 Εὑαγγελίων
1163 2548 1315 2618 παρὰ
1366 2549 1459 2603 τοῦ
1504 2553 1759 2624 Σωτῆρος

188 2636 338 2707 ήμῶν
377 2634 473 2688 τοῦ
526 2637 731 2698 πάθους
778 2635 1099 2707 ἀπαλλαγὴν
1143 2638 1398 2709 εὑρέσθαι
1431 2640 1758 2711 μεμαθήκα-

190 2742 285 2797 μεν
310 2766 324 2789 ,
360 2725 572 2778 ἐνθένδε
620 2725 801 2792 ἔλεγον
833 2727 1136 2797 ὁρμᾶσθαι,
1168 2729 1260 2782 τόν
1306 2747 1367 2783 τε
1402 2727 1549 2785 οἷκον
1591 2733 1759 2803 αὑτῆς

186 2820 277 2872 ἐπὶ
308 2819 407 2889 τῆς
436 2817 649 2879 πόλεως
677 2816 1013 2884 δείκνυσθαι,
1046 2818 1140 2871 καί
1168 2819 1269 2889 τῆς
1311 2822 1414 2875 ὑπὸ
1443 2823 1537 2876 τοῦ
1568 2823 1758 2895 Σωτῆ-

188 2928 279 2981 ρος
304 2910 384 2970 εἰς
422 2908 596 2979 αὑτὴν
625 2909 945 2979 εὐεργεσίας
976 2910 1269 2979 θαυμαστὰ
1299 2912 1535 2981 τρόπαια
1578 2930 1756 2986 παρα·

188 2999 354 3069 μένει.
414 2997 666 3051 Ἐστάναι
709 2998 815 3068 γὰρ
859 2998 944 3067 ἐφ’
997 2998 1202 3070 ὑψηλοῦ
1231 2999 1414 3066 λίθου,
1469 3003 1606 3072 πρὸς
1659 3002 1757 3073 μὲν

182 3088 303 3147 ταῖς
332 3084 532 3148 πύλαις
572 3085 669 3139 τοῦ
709 3086 883 3156 αὐτῆς
928 3087 1084 3141 οἴκου
1115 3129 1130 3154 ,
1162 3089 1421 3157 γυναικὸς
1453 3092 1757 3161 ἐκτύπωμα

183 3174 407 3245 χάλκεον
456 3175 551 3228 ἐπὶ
580 3176 710 3245 γόνυ
764 3177 1122 3245 κεκλιμένον,
1169 3180 1266 3233 καὶ
1306 3181 1635 3251 τεταμέναις
1663 3183 1757 3234 ἐπὶ

182 3264 562 3338 τοῦμπροσθεν
613 3269 738 3330 ταῖς
794 3270 1013 3339 χερσὶν,
1068 3270 1387 3343 ίκετευούσῃ
1439 3273 1654 3336 ἐοικόςο
1694 3266 1756 3326 οὗ

118 3426 121 3429 δ
180 3359 431 3428 ἀντικρὺ,
456 3358 588 3412 ἄλλο
603 3358 702 3428 τῆς
725 3359 896 3430 αὐτῆς
926 3359 1083 3431 ὕλης,
1117 3362 1310 3432 ἀνδρὸς
1334 3363 1516 3434 ὄρθιον
1549 3364 1756 3435 σχῆμα,

10 3458 61 3483 ιε’
88 3447 157 3489 ια
177 3447 427 3517 διπλοΐδα
456 3447 697 3519 κοσμίως
728 3448 1059 3520 βεϐλημένον
1088 3491 1104 3518 ,
1154 3454 1248 3505 καὶ
1276 3452 1374 3525 τὴν
1404 3457 1562 3525 χεῖρα
1592 3453 1759 3508 αὑτοῦ

22 3908 87 3925 ,4“

181 3541 299 3592 ἐκεῖ
320 3540 626 3610 προτεῖνον.
659 3533 735 3593 υἷι
761 3540 912 3610 παρὰ
952 3544 1065 3604 τοῖς
1103 3545 1260 3597 ποσὶν
1286 3546 1380 3597 ἐπὶ
1417 3547 1516 3617 τῆς
1550 3546 1761 3618 στήλης

178 3631 401 3701 ταύτης,
451 3630 601 3696 ξένον
628 3648 679 3685 τι
713 3631 947 3705 βοτάνης
979 3628 1117 3698 εἶδος
1155 3635 1331 3704 φύειν,
1364 3637 1439 3701 ὡς
1474 3638 1635 3710 μέχρι
1664 3637 1759 3693 τοῦ

10 3796 15 3805 1
78 3742 79 3757 ξ
180 3723 495 3793 κρασπέδου
525 3723 627 3794 τῆς
658 3724 752 3789 τοῦ
780 3724 986 3797 χαλκοῦ
1035 3726 1305 3792 διπλοΐδος
1350 3729 1498 3783 ἀνιὸν
1523 3769 1538 3793 ,
1581 3730 1761 3797 ἀλεξι-

177 3816 474 3887 φάρμακον
506 3816 728 3870 πάντων
763 3818 874 3871 τῶν
903 3820 1230 3889 νοσημάτων
1272 3823 1591 3895 τυγχάνειν.
1625 3824 1762 3877 Τοῦ-

130 3952 159 3985 ,Χ
176 3919 270 3961 τον
303 3907 362 3961 δὲ
390 3906 482 3961 τδν
509 3908 806 3979 άνδρίαντα
826 3949 840 3975 ,
871 3910 1058 3964 εἰκόνα
1100 3910 1275 3982 Ἰησοῦ
1307 3912 1495 3985 φέρειν
1542 3914 1756 3985 έλεγον·

148 4000 367 4069 -τεμεινε
394 4001 573 4055 δὲκαὶ
612 4004 693 4065 εἰς
725 4003 909 4073 ἡμᾶς,
962 4002 1040 4068 ὡς
1087 4005 1183 4058 καὶ
1227 4004 1346 4075 ὄψει
1393 4008 1758 4076 παραλαϐεῖν,

0 4146 13 4165 λ
70 4166 73 4169 ἦ
173 4090 623 4163 ἐπιδημήσαντος
652 4095 721 4165 τῇ
752 4094 928 4150 πόλει.
952 4096 1064 4149 Καὶ
1094 4095 1404 4169 θαυμαστὸν
1434 4098 1605 4164 οὐδὲν,
1635 4101 1761 4165 τοὺς

52 5812 55 5857 J

175 4182 354 4236 πάλαι
401 4182 461 4249 ἐξ
501 4182 673 4235 ἐθνῶν
711 4184 1114 4256 εὑεργηθέντας
1165 4190 1314 4261 παρὰ
1361 4191 1456 4245 τοῦ
1508 4193 1762 4264 Σωτῆρος

166 4272 363 4343 ήμῶν,
393 4273 621 4327 τοιαῦτα
652 4277 1036 4346 πεποιηκέναι,
1066 4281 1229 4334 ὁπότε
1259 4282 1354 4336 καὶ
1383 4283 1493 4337 τῶν
1524 4284 1760 4337 ἀποστό-

169 4366 289 4419 λων
320 4365 504 4419 αὐτῶν
531 4366 633 4429 τὰς
682 4368 931 4434 εἰκόνας,
978 4370 1186 4442 Πέτρου
1217 4374 1313 4426 καί
1348 4374 1565 4429 Παύλου
1592 4418 1607 4442 ,
1666 4376 1761 4429 καὶ

169 4453 350 4507 αὑτοῦ
382 4453 480 4507 τοῦ
509 4455 763 4527 Σωτῆρος
787 4497 801 4521 ,
842 4458 1427 4534 διαχρωματιζομένας
1460 4465 1759 4539 ἱστορήσα-

1786 1898 1833 1958 Β

1787 3245 1829 3302 C

1863 678 1881 711 ι
1920 667 1973 716 te
2005 661 2245 725 curavit,
2270 666 2512 715 statuam
2548 659 2720 730 erige,
2767 660 3057 732 ipsiusque
3083 661 3315 732 gloriam
3338 677 3428 718 ce-

1862 769 1880 802 ι
1916 751 2088 805 lebra.
2118 768 2135 802 ι
2165 749 2292 805 Mox
2327 748 2520 821 igitur,
2549 749 2805 817 Bernice,
2828 766 2950 821 quae
2976 751 3183 808 ﬂuxum
3209 754 3430 824 sangui-

1856 842 1944 898 nis
1973 852 2105 898 ante
2137 856 2300 914 passa
2333 850 2477 909 erat,
2510 842 2566 896 in
2601 842 2844 899 civitatis
2874 858 2986 899 suae
3016 841 3290 900 Paneadis
3316 859 3430 899 me-

1857 934 1950 990 dio
1978 940 2218 991 statuam
2249 949 2479 999 aeneam,
2511 950 2576 989 ex
2620 950 2727 991 aere
2758 934 2930 999 fusili,
2974 950 3133 1003 auro,
3185 944 3433 1005 argento.

1857 1040 1966 1097 que
2017 1025 2318 1096 permistis,
2380 1024 2671 1080 conﬂatam
2748 1025 2983 1082 Domino
3043 1037 3097 1083 et
3153 1026 3265 1083 Deo
3328 1040 3432 1081 suo

1858 1116 2224 1173 consecravit.
2280 1116 2412 1183 Qua:
2478 1118 2699 1187 quidem
2762 1125 2943 1173 statua
2993 1118 3061 1175 ad
3111 1119 3217 1175 hoc
3260 1133 3433 1189 usque

1858 1215 2076 1276 tempus
2136 1203 2389 1263 Paneade
2443 1218 2810 1278 perseverat:
2856 1216 3020 1280 atque
3068 1224 3137 1265 ex
3186 1223 3253 1265 eo
3309 1209 3433 1264 loco

1858 1298 1953 1352 ubi
1986 1296 2263 1367 quondam
2291 1296 2494 1361 stabat,
2537 1312 2602 1353 ex
2638 1298 2814 1354 media
2864 1315 3059 1370 nempe
3093 1299 3337 1365 civitate,
3377 1300 3434 1354 in

1860 1391 2042 1445 locum
2079 1403 2302 1445 sacrum
2329 1388 2445 1445 sive
2468 1391 2773 1446 oratorium
2804 1393 3071 1448 translata
3104 1392 3225 1449 fuit.
3259 1392 3433 1467 Hujus

1859 1495 2026 1550 porro
2057 1480 2136 1536 rei
2158 1481 2418 1553 narratio
2448 1481 2504 1535 in
2543 1481 2647 1537 hac
2683 1482 2802 1552 ipsa
2833 1482 3171 1539 Paneadensi
3212 1465 3442 1540 civitate

1859 1580 2075 1643 reperta
2107 1580 2216 1636 est,
2266 1572 2409 1642 apud
2443 1571 2673 1629 Bassum
2703 1574 3023 1644 quemdam,
3081 1576 3174 1644 qui
3230 1591 3295 1630 ex
3340 1574 3437 1630 Ju-

1859 1664 1975 1719 daeo
2001 1663 2354 1719 Christianus
2380 1662 2560 1720 factus
2605 1664 2828 1719 fuerat:
2864 1665 2921 1719 in
2956 1680 3068 1735 quo
3099 1667 3261 1721 ctiatn
3294 1667 3435 1721 libro

1859 1770 2049 1826 regum
2090 1755 2336 1809 omnium
2396 1757 2489 1826 qui
2523 1757 2578 1812 in
2618 1754 2806 1812 Judzca
2849 1756 3282 1829 imperaverunt,
3338 1758 3425 1812 hi-

1860 1844 2029 1899 storia
2042 1844 2353 1915 conscripta
2371 1855 2510 1901 erat.
2540 1865 2559 1898 ι

1864 1997 1948 2053 Ea:
1983 1997 2119 2052 libro
2167 2000 2387 2065 septimo
2426 1997 2681 2055 Historia!
2732 1999 2949 2055 Eusebii
3031 1998 3320 2068 Pamphili,
3374 1999 3439 2054 de

1932 2068 2153 2123 muliere
2203 2068 2557 2134 l’aneadensi,
2602 2087 2721 2140 qua:
2770 2071 3045 2140 sanguinis
3099 2073 3247 2139 ﬂuxu
3292 2072 3441 2125 labo-

1933 2148 2161 2193 raverat.

1938 2292 1957 2325 r
1998 2272 2462 2344 Quandoquidem
2499 2272 2656 2330 urbis
2704 2272 2872 2342 hujus
2910 2273 3248 2329 mentionem
3302 2270 3437 2327 feci-

1862 2379 2005 2426 mus.
2043 2372 2481 2419 consentaneum
2512 2377 2621 2417 non
2659 2362 2827 2418 fuerit
2881 2364 3257 2418 narrationem
3298 2378 3437 2433 prae-

1862 2456 2194 2520 termittere,
2230 2470 2354 2524 qua:
2388 2454 2556 2525 digna
2610 2455 2775 2525 plane
2805 2462 2908 2520 est,
2960 2462 3020 2511 ut
3083 2462 3438 2525 posterorum

1861 2548 2138 2601 memoriae
2208 2547 2645 2601 commendetur.
2721 2546 2873 2601 Illam
2946 2547 3092 2603 enim
3153 2547 3438 2603 mulierem

1862 2640 2153 2710 sanguinis
2184 2638 2333 2693 ﬂuxu
2366 2640 2730 2707 laborantem,
2764 2655 2929 2719 quam
2964 2656 3030 2696 ex
3071 2639 3247 2696 sacris
3269 2638 3444 2694 Evan-

1861 2732 2080 2805 geliisa
2141 2730 2431 2788 Salvatore
2484 2740 2676 2789 nostro
2730 2742 2986 2788 sanatam
3044 2733 3219 2789 fuisse
3244 2733 3443 2788 didici-

1861 2839 2006 2889 mus,
2069 2822 2222 2878 illinc
2286 2838 2412 2879 esse
2468 2823 2771 2895 profectam
2842 2824 3051 2891 ferunt,
3110 2823 3442 2895 domumque

1861 2916 2035 2987 ipsius
2065 2931 2128 2972 ea
2160 2917 2214 2971 in
2249 2916 2474 2972 civitate
2524 2917 2844 2983 monstrari,
2888 2918 2945 2972 in
2979 2932 3090 2988 qua
3139 2917 3443 2973 Salvatoris

1861 3007 1915 3062 in
1938 3022 2057 3062 eam
2092 3007 2469 3064 beneficentia:
2506 3007 2747 3063 mirifica
2805 3016 3008 3079 tropaea
3066 3014 3440 3078 perseverant.

1862 3097 2041 3167 Super
2091 3098 2260 3151 altum
2322 3097 2529 3168 quippe
2595 3097 2832 3167 lapidem
2889 3105 3015 3152 ante
3066 3096 3263 3151 aedium
3296 3095 3446 3149 illius

1865 3190 2035 3255 fores,
2070 3204 2268 3245 aream
2307 3190 2523 3245 femina:
2548 3187 2803 3260 eﬂigiem,
2862 3187 3019 3245 ﬂexis
3051 3188 3313 3259 genibus,
3346 3201 3443 3241 cx-

1863 3283 2163 3354 pansisque
2222 3282 2588 3353 supplicantis
2644 3296 2799 3337 more
2857 3281 3135 3343 manibus,
3198 3279 3443 3350 conspici

1864 3380 2090 3425 narrant
2124 3389 2137 3425 :
2167 3386 2197 3426 e
2235 3372 2454 3439 regione
2485 3386 2615 3426 vero
2651 3372 2885 3426 alteram
2942 3386 3007 3426 ex
3041 3369 3231 3425 eadem
3272 3380 3445 3425 mate-

1862 3462 1946 3515 ria
1995 3473 2201 3517 rectam
2238 3469 2386 3517 stare
2443 3462 2546 3515 viri
2605 3463 2861 3531 figuram,
2922 3462 3087 3517 modo
3138 3462 3448 3530 composito

1863 3552 2110 3623 diploidc
2156 3552 2424 3614 indutam,
2464 3566 2801 3619 manumque
2854 3551 3069 3606 mulieri
3101 3551 3447 3621 protenden-

1864 3650 1994 3698 tem.
2037 3642 2119 3697 Ad
2166 3642 2332 3711 hujus
2376 3649 2576 3697 statua:
2629 3643 2799 3712 pedes
2857 3641 3210 3713 peregrinum
3270 3640 3448 3711 quod-

1864 3737 1989 3790 dam
2020 3735 2203 3791 herbze
2235 3750 2409 3805 genus
2447 3734 2626 3798 nasci,
2669 3732 2816 3804 quod
2862 3732 2953 3788 ubi
2987 3732 3053 3786 ad
3081 3747 3236 3787 oram
3275 3746 3450 3803 usque

1863 3826 2126 3896 diploidis
2151 3826 2421 3896 pervenit,
2456 3827 2775 3881 morborum
2814 3824 3060 3880 omnium
3106 3825 3449 3882 medicamen

1864 3918 2068 3973 evadit.
2104 3915 2256 3972 lianc
2300 3931 2469 3988 porro
2508 3924 2747 3972 statuant
2796 3916 2926 3974 Jesu
2980 3916 3197 3972 Domini
3256 3918 3450 3990 imagi-

1868 4025 1991 4064 nem
2047 4011 2358 4080 exprimere
2413 4008 2599 4075 aiunt;
2660 4009 2977 4080 mansitque
3030 4009 3126 4064 illa
3177 4025 3351 4079 usque
3380 4010 3448 4066 ad

1867 4112 2113 4157 nostram
2167 4109 2407 4167 aetatem,
2447 4107 2510 4155 ut
2544 4100 2639 4169 qui
2677 4101 2731 4154 in
2769 4100 3055 4156 civitatem
3086 4100 3229 4154 hanc
3279 4100 3445 4158 adve—

1868 4194 2047 4255 niunt,
2080 4192 2260 4248 oculis
2291 4206 2413 4248 eam
2464 4190 2705 4247 lustrare
2737 4190 2980 4262 possint.
3021 4188 3209 4261 Neque
3247 4190 3447 4244 mirum

1868 4284 2044 4340 videri
2080 4285 2261 4353 debet,
2291 4292 2507 4340 veteres
2537 4284 2662 4339 illos
2692 4300 2756 4339 ex
2795 4283 3074 4354 gentibus,
3112 4283 3207 4353 qui
3256 4280 3448 4337 Salva-

1872 4384 2043 4431 torem
2069 4389 2198 4446 erga
2232 4390 2294 4430 se
2334 4373 2641 4430 beneficum
2678 4372 2890 4443 experti
2920 4379 3103 4436 erant,
3154 4369 3334 4426 eidem
3365 4378 3448 4423 ta-

1872 4466 1941 4520 lia
1970 4464 2293 4536 praestitisse
2313 4508 2327 4532 ,
2352 4463 2575 4536 quando
2616 4472 2729 4515 tum
2783 4460 3162 4531 apostolorum
3214 4458 3363 4514 Petri
3392 4467 3446 4515 et

168 4563 284 4617 μεν
308 4563 325 4579 ⁸
380 4547 456 4611 ὡς
494 4547 639 4611 εἰκὸς
672 4547 780 4601 τῶν
812 4550 1059 4605 παλαιῶν
1105 4554 1624 4625 ἀπαραφυλάκτως,
1673 4555 1757 4612 οἷα

1871 4555 2063 4621 Pauli,
2098 4563 2212 4609 tum
2260 4553 2553 4626 ipsiusmet
2585 4552 2793 4608 Christi
2834 4553 3009 4623 pictas
3054 4551 3324 4620 imagines
3369 4550 3449 4604 vi-

167 4639 411 4709 ὲθνικῆς
440 4638 731 4710 συνηθείας
757 4639 926 4712 οὔσης
970 4644 1101 4716 παρ’
1132 4645 1333 4715 αὐτοῖς,
1370 4650 1560 4705 τοῦτον
1589 4652 1757 4723 τιμᾷν

1868 4647 2250 4705 dimuszcum
2283 4656 2495 4702 veteres
2547 4647 2757 4716 absque
2812 4645 2927 4699 ullo
2982 4644 3245 4715 scrupulo
3298 4643 3449 4713 ejus—

164 4730 454 4787 εἰωθότων
479 4731 572 4787 τὸν
601 4732 824 4804 τρόπον.
868 4751 886 4784 ι

168 4948 298 5027 Τοῇ
334 4951 852 5027 ᾳᾼὺτοῦλέκΑτῆς
902 4954 1093 5027 αὐτῆς
1156 4958 1455 5027 Ἱστορίας
1502 4963 1759 5020 ἐννάτου

232 5021 520 5088 βιϐλίου,
549 5025 637 5091 εἰς
669 5023 775 5079 τὸν
804 5021 1078 5091 βασιλέᾱ
1101 5021 1580 5088 Κωνστὶκντῗνον.

247 5153 272 5189 ι
306 5132 387 5192 Εὖ
429 5137 575 5209 μάλα
602 5140 702 5212 τῆς
729 5142 796 5196 ἐκ
834 5142 972 5196 Θεοῦ
1019 5143 1427 5216 συνῃσθημένος
1485 5147 1758 5219 βοηθείας,

157 5229 388 5284 αὐτίκα
432 5232 527 5287 τοῦ
572 5234 848 5305 σωτηρίου
898 5236 1161 5307 τρόπαιον
1200 5237 1408 5303 πάθους
1448 5241 1554 5295 ὑπὸ
1600 5245 1763 5314 χεῖρα

159 5321 322 5385 ἰδίας
373 5322 579 5387 εἰκόνος
625 5324 957 5395 ἀνατεθῆναι
1021 5328 1371 5398 προστάττει.
1430 5333 1540 5387 Καὶ
1582 5333 1647 5405 δὴ
1698 5333 1761 5388 τὸ

156 5413 459 5484 σωτήριον
503 5414 600 5467 τοῦ
636 5415 875 5488 σταυροῦ
930 5423 1159 5489 σημεῖον
1204 5421 1262 5473 ὲν
1314 5424 1380 5493 τῇ
1431 5423 1581 5496 δεξιᾷ
1622 5443 1754 5479 κατ-

151 5504 384 5576 έχοντα
414 5505 577 5561 αὑτὸν
614 5509 673 5563 ὲν
702 5510 781 5581 τῷ
812 5509 1047 5581 μάλιστα
1086 5513 1194 5567 τῶν
1222 5516 1315 5568 ἐπὶ
1357 5516 1577 5588 Ῥώμης
1603 5519 1759 5591 δεδη-

154 5594 532 5666 μοσιευμένῳ
558 5596 709 5668 τόπῳ
741 5601 1074 5669 στήσαντας,
1111 5600 1281 5672 αὑτὴν
1310 5602 1375 5673 δὴ
1401 5602 1605 5675 ταύτην
1636 5606 1763 5659 ὑποσ

145 5686 405 5757 γραφὴν
481 5688 699 5753 ἐντάξαι
770 5692 1011 5762 ῥήμασιν
1081 5694 1267 5757 αὑτοῖς
1339 5697 1405 5764 τῇ
1474 5696 1759 5765 Ῥωμαίων

148 5777 540 5845 ἐγκελεύεται
570 5784 748 5852 φωνῇ’
788 5802 805 5834 ι
837 5783 1026 5853 Τούτῳ
1051 5782 1126 5853 τῷ
1157 5783 1488 5854 σωτηριώδει
1525 5787 1756 5858 σημείῳ,

44 5868 51 5911 ιτ
154 5887 183 5923 ε
237 5867 332 5941 τῷ
363 5870 602 5944 ἀληθινῷ
631 5875 842 5945 ἐλέγχῳ
866 5874 963 5946 τῆς
995 5875 1270 5948 ἀνδρείας,
1300 5876 1397 5946 τὴν
1427 5878 1579 5934 πόλιν
1607 5880 1761 5950 ὑμῶν

1866 4738 2017 4794 modi
2058 4738 2343 4802 honorem,
2378 4737 2786 4793 consuetudine
2816 4752 2845 4792 a
2870 4736 3172 4808 gentilibus
3197 4742 3445 4804 accepta,

1863 4827 2242 4886 servatoribus
2270 4828 2388 4885 suis
2412 4828 2763 4884 adhiberent.
2802 4847 2820 4880 ι

1862 4963 2027 5035 370
2063 4962 2335 5033 Ejusdem,
2357 4976 2423 5017 ea:
2456 4962 2589 5016 libro
2638 4979 2775 5035 anno
2803 4962 3041 5030 ejusdem
3069 4959 3326 5015 Historia:
3378 4958 3445 5014 de

2288 5035 2604 5102 imperatore
2636 5032 3014 5089 Constantino.

1946 5166 1966 5200 ε
1998 5148 2133 5204 Cum
2191 5161 2313 5203 sese
2366 5145 2555 5201 divino
2612 5145 2865 5216 adjutum
2924 5160 3051 5201 esse
3084 5142 3319 5200 consilio
3344 5155 3445 5213 ap-

1863 5236 2042 5307 prime
2106 5236 2398 5300 sensisset,
2455 5249 2583 5289 mox
2647 5234 2951 5290 salutiferae
3008 5233 3290 5303 passionis
3331 5241 3445 5286 tro-

1864 5344 2041 5401 paeum
2079 5336 2277 5384 statua:
2311 5343 2426 5386 suae
2453 5328 2640 5385 manui
2663 5327 2862 5398 apponi
2896 5327 3174 5397 praecepit.
3210 5325 3289 5381 Ac
3317 5338 3446 5380 cum

1862 5436 1982 5478 eam
2010 5421 2277 5477 salutaris
2317 5421 2501 5477 crucis
2545 5422 2765 5491 signum
2823 5420 3050 5474 dextera
3095 5432 3197 5474 sua
3252 5424 3448 5472 tenen-

1864 5520 1998 5580 tem,
2038 5514 2093 5569 in
2118 5512 2568 5584 frequentissimo
2603 5512 2867 5566 Romana:
2895 5510 3054 5566 urbis
3080 5511 3204 5564 loco
3242 5507 3449 5566 erexis-

1863 5615 2009 5671 sent,
2067 5606 2482 5676 inscriptionem
2536 5606 2681 5661 hanc
2738 5603 2936 5658 Latino
2984 5616 3242 5659 sermone
3271 5600 3453 5670 subji-

1862 5697 2111 5755 ciendam
2134 5699 2347 5753 curavit
2379 5718 2392 5751 :
2438 5716 2454 5749 ι
2496 5697 2609 5753 lloc
2642 5695 2870 5751 salutari
2903 5695 3079 5764 signo,
3116 5691 3264 5762 quod
3292 5704 3441 5745 verae

1868 5808 1887 5842 ι
1929 5789 2153 5844 virtutis
2193 5790 2410 5861 insigne
2470 5798 2576 5855 est,
2621 5788 2818 5845 urbem
2870 5796 3107 5841 vestram
3148 5780 3459 5854 tyrannicae

1870 5902 1887 5935 ι
1928 5882 2210 5941 servitutis
2240 5882 2371 5953 jugo
2401 5890 2700 5947 servatam,
2730 5884 2789 5938 in
2811 5879 3119 5935 libertatem
3148 5870 3452 5931 vindicavi.
