3986 6346
491 442 634 513 13⁸⁷5

1665 439 1728 501 s.
1768 437 2088 515 JOANNIS
2112 436 2542 500 DAMASCENI

3375 306 3443 328 .‘
3597 301 3710 328 ‘1“

2764 400 2800 432 ιτ*
2827 392 2976 446 κ”ϋτκλ
3013 379 3094 411 Ν..
3247 385 3276 396 Η
3605 429 3743 446 ιιι-,ρ

497 579 520 614 ς
566 564 624 616 3.
652 557 806 625 P.Q.
852 555 921 612 Β.
985 556 1043 612 in
1102 555 1412 612 libertatem
1471 554 1708 621 asserui,
1757 554 2060 624 pristinum

2187 577 2188 605 :
2227 554 2337 610 ἀπὸ
2387 551 2554 622 ζυγοῦ
2607 546 2705 605 τοῦ
2769 549 3036 622 τυράννου
3083 547 3478 614 διασωθεῖσαν,
3517 546 3748 625 ήλευθέ-
3793 535 3798 546 ’

499 672 521 707 ι
565 652 732 708 decus
759 649 1058 718 nobilitati,
1092 648 1553 720 splendoremque
1587 647 1827 703 restitui.
1864 665 1883 700 ι

503 976 591 1034 Ea:
618 978 872 1036 Historia:
907 977 1281 1034 ecclesiastici:
1319 977 1555 1034 Socratis
1584 979 1719 1034 libro
1750 992 1796 1046 r,
1825 993 1945 1045 cap.
1975 979 2064 1047 18,

951 1049 1015 1104 de
1056 1051 1236 1105 eodem
1263 1050 1604 1118 imperatore.

575 1264 596 1297 ‹
633 1244 885 1300 Posthaec
909 1252 1094 1300 autem
1151 1245 1454 1314 imperator
1479 1243 1903 1310 Constantinus,
1939 1241 2072 1298 reli-

498 1343 680 1415 gionis
711 1341 1040 1397 Christianze
1097 1340 1396 1396 studiosior
1455 1339 1659 1404 factus,
1694 1355 1725 1394 a
1786 1339 2073 1410 gentilium

499 1429 650 1484 cultu
688 1443 926 1499 prorsus.
947 1429 1259 1494 abhorruit,
1313 1429 1724 1498 singulariaque
1771 1427 2075 1483 certamina

500 1519 805 1589 prohibuit,
842 1526 898 1573 et
950 1533 1082 1575 suas
1126 1518 1396 1588 imagines
1450 1518 1507 1574 in
1549 1519 1770 1590 templis
1836 1517 2076 1573 colloca-

500 1611 752 1688 vit-150).,
777 1630 798 1664 ι

621 1711 897 1812 Stephani
928 1740 1197 1804 Bostreni,
1229 1747 1414 1794 contra
1440 1735 1682 1800 Judwos,
1703 1751 1827 1807 cap.
1860 1738 1914 1792 4.

579 1894 599 1930 ι
627 1875 739 1933 Nos
773 1891 940 1947 porro
991 1881 1308 1929 sanctorum
1346 1871 1615 1940 imagines
1663 1869 1730 1924 ad
1773 1883 1964 1924 eorum
1993 1883 2077 1923 re-
2108 1905 2150 1961 Β

503 1965 878 2020 cordationem
910 1964 1223 2026 statuimus,
1259 1969 1387 2031 puta
1437 1961 1734 2024 Abraham,
1779 1961 1954 2024 lsaac,
1985 1957 2080 2013 Ja—

503 2057 631 2121 cob,
680 2056 906 2127 Moysis,
959 2055 1107 2118 Elite,
1147 2052 1455 2119 Zachariae,
1491 2061 1546 2107 et
1569 2051 1805 2105 aliorum
1844 2052 2080 2120 prophe-

503 2153 708 2212 tarum,
741 2153 1172 2214 sanctorumque
1218 2143 1314 2197 Dei
1365 2150 1688 2213 martyrum,
1731 2141 1827 2211 qui
1856 2147 2081 2211 propter

509 2237 692 2308 ipsum
741 2246 973 2293 mortem
1033 2236 1362 2300 subierunt;
1424 2243 1485 2288 ut
1537 2234 1854 2303 quicunque
1889 2232 2082 2302 imagi-

505 2345 606 2385 nes
657 2343 850 2384 eorum
892 2327 1197 2398 aspexerit,
1246 2327 1466 2381 illorum
1513 2324 1873 2389 recordetur,
1924 2337 2084 2377 cum-

503 2435 612 2491 que
649 2420 909 2478 laudibus
935 2419 1184 2486 extollat,
1213 2417 1308 2490 qui
1344 2416 1519 2488 gloria
1557 2416 1756 2486 dignos
1787 2415 1916 2470 illos
1950 2411 2078 2469 red-

503 2510 667 2566 didit.
709 2527 730 2562 ν

577 2646 854 2717 Ejusdem.
903 2664 924 2698 ε
957 2644 1115 2712 Quod
1171 2649 1358 2699 autem
1410 2645 1624 2711 spectat
1656 2637 1723 2693 ad
1763 2636 2033 2710 imagines
2060 2675 2076 2701 ,

504 2739 842 2808 omniaquae
899 2737 953 2791 in
1010 2736 1105 2791 Dei
1155 2735 1378 2789 nomine
1438 2731 1602 2796 ﬁunt,
1643 2729 1786 2784 bona
1844 2743 1964 2786 esse
2027 2736 2080 2783 et

505 2837 698 2885 sancta
769 2826 1159 2883 conﬁdimus:
1215 2823 1360 2879 idola
1445 2836 1577 2877 vero
1635 2827 1690 2875 et
1758 2817 2078 2880 simulacra,

505 2933 694 2988 apage.
740 2915 867 2971 Haec
919 2915 1065 2970 enim
1102 2913 1247 2968 mala
1297 2911 1600 2983 spuriaque
1651 2913 1804 2972 sunt,
1854 2905 2081 2977 perinde

505 3019 670 3079 atque
694 3008 772 3062 illi
815 3007 911 3079 qui
957 3005 1168 3062 faciunt
1209 3019 1294 3060 ea.
1326 3002 1490 3056 Aliud
1528 3001 1732 3071 quippe
1773 3005 1859 3054 est
1901 2998 2081 3068 imago

507 3099 793 3168 prophetae
847 3098 1072 3164 sancti,
1123 3103 1178 3151 et
1229 3094 1376 3149 aliud
1427 3093 1784 3148 simulacrum
1819 3090 1934 3146 sive
1962 3099 2080 3144 sta-

504 3199 598 3245 tua
630 3190 878 3257 Saturni,
908 3188 1162 3254 Veneris,
1193 3186 1360 3253 Solis,
1384 3193 1438 3241 et
1461 3183 1650 3238 Lunae.
1683 3182 1879 3248 Porro,
1909 3196 2083 3252 quan-

505 3281 804 3352 doquidem
868 3281 1032 3334 homo
1077 3277 1145 3334 ad
1209 3277 1503 3346 imaginem
1583 3273 1677 3328 Dei
1732 3272 1912 3328 factus
1974 3280 2077 3335 cst,

507 3373 716 3428 idcirco
747 3371 1032 3426 adoratur.
1067 3369 1306 3440 Serpens
1353 3376 1561 3431 autem,
1597 3365 1729 3436 quia
1762 3363 1965 3419 diaboli
1997 3370 2084 3418 est

507 3466 709 3535 imago,
745 3462 1062 3519 immundus
1099 3470 1184 3517 est
1230 3457 1294 3514 et‘
1332 3457 1711 3514 exsecrabilis.
1749 3454 1906 3521 Quod
1939 3454 1984 3510 si
2017 3469 2082 3509 ea

505 3569 629 3624 quae
679 3553 963 3608 hominum
1019 3550 1275 3605 manibus
1332 3547 1600 3602 fabricata
1643 3554 1794 3610 sunt,
1831 3544 2080 3614 respuis,

505 3646 616 3707 dic,
668 3641 1114 3714 qumsoJudme,
1173 3639 1439 3710 quidnam
1505 3637 1773 3693 adoratur
1808 3637 1864 3691 in
1915 3645 2081 3699 terra,

506 3735 651 3808 quod
684 3735 968 3790 hominum
1006 3748 1170 3788 manu
1206 3732 1548 3786 elaboratum
1582 3745 1690 3784 non
1733 3729 1847 3784 sit?
1875 3729 2082 3792 Altare,

506 3827 980 3898 propitiatorium,
1044 3823 1369 3891 Cherubim,
1442 3837 1582 3876 urna
1643 3833 1808 3875 aurea
1873 3818 2085 3873 habens

508 3931 733 3984 manna,
769 3930 982 3983 mensa,
1017 3913 1439 3970 tabernaculum
1481 3910 1749 3982 interius,
1776 3909 1958 3965 omnia
1987 3909 2086 3963 de-

508 4022 658 4062 mum
691 4021 814 4076 quae
861 4004 1062 4059 Sancta
1112 4012 1430 4058 sanctorum
1467 4001 1537 4056 ab
1579 4001 1697 4070 ipso
1735 3999 1846 4054 Deo
1895 3997 2087 4068 appel-

509 4097 620 4152 lata
657 4096 828 4154 sunt?
852 4095 1046 4150 Nonne
1077 4092 1390 4149 manufacta
1421 4091 1716 4146 Cherubim
1761 4089 2086 4160 angelorum

508 4197 665 4245 erant
690 4188 1000 4260 imagines?
1027 4185 1158 4258 quid
1208 4184 1276 4240 ad
1329 4185 1444 4240 hzec
1477 4181 1820 4254 respondes?
1849 4178 2007 4246 Quod
2039 4177 2086 4234 si

508 4283 615 4337 ista
667 4282 924 4336 nominas
984 4279 1152 4342 idola,
1207 4277 1339 4348 quid
1417 4275 1712 4332 dicendum
1761 4286 1958 4328 censes
2019 4270 2088 4326 de

509 4374 691 4446 Moyse
747 4380 802 4428 et
856 4371 1069 4436 israel,
1124 4371 1220 4440 qui
1273 4369 1388 4422 haec
1447 4361 1858 4420 adoraverunt?
1915 4361 2086 4431 Atqui

509 4463 761 4518 adoratio
810 4460 1035 4532 quidem
1080 4459 1312 4515 honoris
1346 4463 1736 4528 argumentum
1791 4463 1897 4510 est.
1931 4453 2086 4520 Quo-

2175 665 2195 699 ι
2242 663 2392 717 ρωσα
2414 661 2428 676 ·
2464 643 2544 699 ἔτι
2577 642 2684 715 μὴν
2715 642 2812 696 καί
2840 642 2940 713 τὴν
2976 639 3302 712 σύγκλητον,
3333 641 3428 694 καὶ
3453 640 3548 694 τὸν
3573 640 3745 713 δῆμον

2172 752 2192 787 ι
2247 733 2574 804 Ῥωμαίων,
2625 734 2692 804 τῇ
2736 732 2944 803 ἀρχαίᾳ
2975 731 3306 802 ἐπιφανείᾳ,
3350 731 3446 784 καὶ
3485 734 3553 803 τῇ
3605 732 3744 804 λαμ-

2173 845 2192 879 ι
2240 825 2477 896 πρότητι
2501 822 2902 897 ἐλευθερώσας,
2932 821 3380 893 ἀποκατέστησα.
3419 839 3438 874 ι

2182 981 2286 1035 Ἐκ
2325 979 2437 1048 τῆς
2493 976 3010 1048 ἐκκλησιπτικῆς
3062 973 3358 1048 Ἱστορίας
3395 975 3736 1048 Σωκράτους

2236 1046 2486 1114 βιϐλίου
2519 1047 2754 1118 πρώτου
2774 1087 2790 1114 ,
2828 1049 3043 1118 uagum.
3081 1053 3176 1114 ιη’,
3221 1046 3356 1116 περὶ
3397 1046 3506 1102 τοῦ
3548 1046 3742 1102 αὑτοῦ

2239 1119 2564 1186 βασιλέως.

2250 1263 2270 1297 ι
2307 1245 2461 1300 Μετά
2501 1244 2678 1299 ταῦτα
2723 1246 2782 1298 δὲ
2825 1248 2854 1298 ό
2885 1243 3140 1314 βασιλεὺς
3168 1245 3586 1306 Κωνσταντῖνος
3625 1245 3742 1297 ἐπι-

2177 1337 2504 1409 μελέστερος
2533 1337 2609 1390 ὢν
2639 1337 2708 1391 τὰ
2753 1336 2883 1407 περὶ
2931 1334 3386 1406 Χριστιανισμοῦ,
3415 1333 3746 1405 ἀπεστράφη

2174 1428 2273 1491 τὰς
2311 1425 2630 1497 Ἑλληνικὰς
2655 1427 2974 1498 θρησκείας,
3007 1427 3102 1480 καί
3126 1426 3291 1481 παύει
3319 1426 3387 1480 τὰ
3407 1426 3746 1498 μονομάχιον

2175 1518 2390 1582 εἰκόνας
2425 1518 2484 1572 δέ
2511 1517 2611 1582 τάς
2641 1518 2782 1582 ἰδίας
2810 1519 2870 1572 ἐν
2895 1519 3009 1582 τοῖς
3038 1519 3186 1583 ναοῖς
3215 1517 3471 1574 ἀπέθετο.
3513 1535 3533 1569 ι

2178 1733 2487 1804 Στεφάνου
2507 1734 2858 1804 Βοστρηνοῦ
2892 1733 3043 1789 κατὰ
3077 1733 3405 1800 Ἰουδαίων,
3431 1735 3646 1804 mea).
3676 1731 3748 1786 δ’.

2255 1887 2273 1918 ι
2316 1869 2506 1939 Ἡμεῖς
2533 1869 2630 1933 τὰς
2670 1869 2886 1933 εἰκόνας
2913 1868 3022 1923 τῶν
3055 1867 3230 1937 ἁγίων
3267 1869 3348 1931 εἰς
3389 1869 3611 1938 μνήμην
3640 1867 3753 1920 τῶν

2181 1959 2354 2028 ἁγίων
2388 1961 2728 2031 ἐποιήσαμεν
2749 2003 2764 2026 ,
2800 1955 2910 2015 οἷον
2952 1959 3205 2032 Ἀϐραὰμ
3225 2000 3240 2026 ,
3271 1959 3366 2012 καὶ
3397 1959 3614 2024 Ἰσαὰκ,
3655 1958 3757 2011 καὶ

2192 2048 2390 2103 Ἰακὼϐ
2409 2090 2425 2115 ,
2466 2050 2562 2103 καί
2588 2052 2869 2116 Μωῦσέως
2891 2093 2907 2118 ,
2958 2052 3055 2107 καὶ
3114 2051 3301 2116 ⁹Ηλία,
3333 2051 3429 2105 καὶ
3455 2049 3754 2122 Ζαχαρίου,

2179 2142 2276 2196 καὶ
2312 2143 2420 2196 τῶν
2477 2143 2682 2198 λοιπῶν
2735 2144 3030 2216 προφητῶν
3073 2145 3168 2198 καὶ
3213 2145 3386 2212 ἁγίων
3431 2142 3756 2214 μαρτύρων,

2179 2235 2289 2288 τῶν
2319 2237 2387 2290 δι’
2419 2236 2582 2290 αὑτὸν
2611 2237 3036 2309 ἀναιρεθέντων,
3079 2237 3169 2292 ἵνα
3198 2238 3307 2300 πᾶς
3333 2239 3362 2290 ό
3385 2236 3524 2308 ὀρῶν
3565 2235 3761 2289 αὐτῶν

2179 2329 2278 2392 τὰς
2299 2330 2534 2395 εἰκόνας,
2569 2329 2884 2402 μνημονεύῃ
2913 2328 3113 2393 αὐτῶν,
3144 2330 3240 2384 καὶ
3266 2328 3464 2400 δοξάζῃ
3489 2328 3579 2382 τὸν
3603 2325 3761 2394 δοξά-

2183 2438 2354 2474 σαντα
2386 2421 2605 2486 αὐτούς.
2645 2441 2666 2476 ι

2272 2641 2383 2697 Τοῦ
2424 2643 2631 2698 αὑτοῦ.
2675 2662 2693 2696 ι
2729 2643 2866 2716 Περὶ
2909 2643 2968 2698 δὲ
3016 2645 3244 2698 εἰκόνων
3289 2627 3764 2717 θαρῤοῦμενίδτι

2183 2732 2292 2786 πᾶν
2344 2731 2506 2804 ἔργον
2535 2731 2820 2802 γινόμενον
2851 2733 2910 2786 ἐν
2952 2732 3178 2804 ὀνόματι
3223 2732 3398 2800 Θεοῦ,
3439 2732 3606 2787 καλὸν
3657 2733 3762 2789 καὶ

2183 2822 2338 2891 ἅγιόν
2363 2824 2500 2876 ἐστι.
2533 2824 2608 2876 Πε
2619 2824 2671 2894 pl.
2689 2823 2746 2876 δὲ
2768 2822 3004 2879 εἰδώλων
3028 2825 3122 2878 καί
3146 2823 3499 2896 ἀγαλμάτων,
3529 2825 3719 2893 ἄπαγε
3739 2841 3756 2857 ⁸

2183 2914 2330 2968 κακὰ
2358 2914 2467 2986 γὰρ
2493 2915 2588 2969 καί
2615 2915 2901 2980 ἀλλόκοτα,
2934 2916 3028 2969 καὶ
3057 2915 3220 2981 αύτά,
3257 2915 3353 2969 καὶ
3387 2915 3441 2968 οἰ
3471 2915 3759 2980 ποιοῦντες

2182 3005 2342 3061 αὑτά.
2377 3007 2606 3074 Ἕτερον
2637 3006 2747 3078 γάρ
2780 3008 2936 3084 ἐστιν
2954 3005 3126 3084 ,εἰκὼν
3151 3008 3306 3076 ἁγίου
3329 3010 3636 3080 προφήτου,
3659 3010 3760 3064 καὶ

2182 3099 2367 3168 ἕτερον
2420 3097 2640 3169 ἄγαλμα
2773 3077 3216 3169 ξόανονΛΚρόνου
3269 3077 3759 3173 καὶ-Ἀφροδίτης,

2195 3187 2376 3241 Ἠλίου
2401 3205 2460 3242 τε
2495 3189 2590 3242 καὶ
2618 3187 2875 3260 Σελήνης.
2917 3189 3074 3242 Ἐπεὶ
3101 3189 3158 3244 δὲ
3191 3191 3288 3244 καὶ
3315 3190 3606 3261 ἄνθρωπος
3636 3191 3762 3246 κατ’

2185 3279 2368 3332 εἰκόνα
2383 3277 2516 3332 Θεοῦ
2545 3280 2760 3347 γέγονε,
2789 3281 3203 3350 προσκυνεῖται.
3234 3281 3292 3332 '0
3319 3280 3374 3333 δὲ
3395 3280 3539 3349 ὄφις,
3567 3279 3762 3350 ἐπειδὴ

2184 3367 2348 3422 εἰκών
2383 3370 2499 3421 ἐστι
2547 3369 2831 3432 διαϐόλου,
2865 3369 3175 3440 ἀκάθαρτός
3216 3369 3334 3423 ἐστι
3373 3370 3468 3424 καὶ
3515 3369 3764 3441 ἀπόϐλη-

2184 3475 2294 3522 τος.
2329 3459 2391 3512 Εἰ
2428 3458 2485 3512 δὲ
2509 3459 2578 3513 τά
2605 3461 2958 3530 χειροποίητα
2988 3459 3270 3532 ἀποϐάλλῃ
3291 3498 3307 3524 ,
3351 3460 3476 3514 εἰπὲ
3496 3501 3510 3527 ,
3541 3455 3591 3515 ὧ
3628 3461 3765 3515 Ἰου-

2186 3549 2322 3613 δαῖε,
2353 3550 2406 3603 τί
2431 3551 2578 3603 ἐστιν
2604 3550 2699 3604 ἐπὶ
2717 3551 2820 3621 γῆς
2841 3551 3256 3623 ἀχειροποίητον
3278 3552 3308 3605 δ
3331 3555 3765 3623 προσκυνεῖται;

2187 3637 2279 3708 Μὴ
2311 3639 2342 3708 ἡ
2370 3638 2602 3702 κιϐωτὸς
2635 3639 2728 3692 τοῦ
2756 3639 2892 3694 Θεοῦ
2923 3642 3304 3713 χειροποίητος
3328 3637 3437 3714 ἧν;
3478 3643 3540 3696 τὸ
3575 3643 3770 3697 θυσια-

2190 3729 2413 3801 στήριον
2437 3771 2450 3792 ,
2481 3731 2576 3784 καὶ
2603 3731 2664 3784 τὸ
2699 3731 3012 3804 ἱλαστήριον
3037 3773 3054 3800 ,
3083 3734 3177 3788 καὶ
3213 3733 3282 3788 τὰ
3312 3734 3598 3805 Χερουϐὶμ
3623 3775 3640 3802 ,
3671 3737 3771 3789 καὶ

2187 3820 2221 3890 ἡ
2256 3819 2489 3890 στάμνος
2516 3822 2548 3892 ἠ
2581 3824 2782 3893 χρυσῆ,
2823 3823 2856 3894 ἡ
2890 3821 3090 3893 ἔχουσα
3115 3823 3178 3877 τὸ
3208 3824 3407 3894 μάννα,
3439 3823 3534 3878 καὶ
3555 3825 3591 3895 ή
3629 3825 3769 3898 τρά-

2188 3906 2351 3975 πεζα,
2394 3909 2489 3963 καὶ
2520 3911 2553 3980 ή
2586 3910 2762 3982 σκηνὴ
2799 3912 2833 3981 ἡ
2875 3911 3152 3984 ἐσωτέρα,
3187 3912 3283 3966 καὶ
3314 3913 3494 3968 πάντα
3530 3914 3569 3969 ἃ
3598 3915 3774 3984 ’Δγια

2187 4002 2360 4071 ἁγίων
2389 4002 2700 4076 ἐκλήθησαν
2739 4003 2843 4058 ύπδ
2875 4005 2970 4060 τοῦ
3005 4005 3144 4060 Θεοῦ
3173 4025 3187 4076 ;
3224 4007 3338 4062 Ούκ
3369 4003 3514 4079 ἦσαν
3547 4010 3622 4063 τὰ
3657 4011 3774 4064 Χε-

2192 4094 2391 4167 ρουϐὶμ
2437 4097 2812 4170 χειροποίητα,
2855 4099 3064 4164 εἰκόνες
3115 4101 3409 4170 ἀγγέλων;
3455 4102 3512 4156 τί
3541 4102 3773 4172 mea;

2187 4186 2252 4240 Εἰ
2292 4187 2485 4242 είδωλα
2526 4189 2820 4252 ἀποκαλεῖς
2861 4189 3034 4256 αὐτὰ,
3083 4191 3138 4244 τί
3187 4191 3367 4260 λέγεις
3417 4193 3500 4262 τῷ
3554 4194 3775 4267 Monii-3%

2188 4281 2650 4352 προσκυνήσαντι,
2686 4281 2780 4335 καὶ
2802 4280 2880 4352 τῷ
2923 4282 3167 4354 Ἰσραήλ;
3195 4283 3306 4337 Καὶ
3328 4285 3362 4354 ή
3398 4284 3496 4354 μὲν
3515 4286 3776 4355 προσ-κῦ-

2189 4387 2362 4440 νησις,
2385 4372 2551 4443 τιμῆς
2575 4374 2690 4426 ἐστι
2712 4373 3002 4444 σύμϐολον.
3035 4373 3235 4437 Καθὼς
3265 4375 3363 4428 καὶ
3395 4377 3558 4446 ἡμεῖς
3591 4377 3779 4449 ἀμαρ-

2187 4462 2346 4516 τωλοί
2375 4463 2810 4536 προσκυνοῦμεν,
2847 4464 2940 4520 τὸν
2970 4465 3071 4536 μὲν
3107 4465 3259 4532 Θεὸν,
3294 4467 3432 4521 κατὰ
3454 4469 3554 4539 τὴν
3581 4470 3778 4542 θείκὴν

511 4557 662 4611 circa
691 4569 794 4608 nos
823 4567 1044 4622 quoque
1077 4555 1419 4620 peccatores,
1475 4545 1642 4601 Deum
1690 4543 1915 4614 quidem
1949 4542 2082 4597 ado-

2189 4553 2445 4624 λατρείαν
2501 4556 2596 4609 καί
2633 4553 2792 4620 ἀξίαν
2860 4556 3232 4628 προσκύνησιν
3277 4557 3616 4629 δοξάζομεν,
3675 4559 3778 4614 καὶ

511 4659 699 4702 ramus
758 4643 970 4708 divino,
1028 4641 1122 4711 qui
1206 4639 1314 4709 ipsi
1372 4636 1626 4700 debetur,
1669 4636 1846 4689 latrize
1903 4635 2082 4702 cultu,

509 4741 800 4810 ipsumque
829 4751 927 4792 ceu
960 4741 1267 4791 creatorem
1301 4737 1356 4786 et
1386 4728 1694 4784 beneﬁcum
1723 4741 2040 4782 reveremur
2067 4743 2080 4779 ε

511 4829 734 4902 angelos
763 4841 914 4892 vero,
948 4824 1156 4894 Deique
1195 4821 1455 4887 famulos,
1509 4819 1577 4874 ad
1631 4819 1725 4873 Dei
1766 4818 1942 4889 ipsius
1970 4819 2088 4890 glo-

510 4923 675 4985 riam,
714 4928 976 4989 tanquam
1011 4929 1100 4970 res
1135 4929 1165 4967 a
1198 4911 1307 4968 Deo
1361 4909 1633 4976 conditas,
1687 4909 1848 4980 eique
1894 4909 2085 4980 subje-

510 5019 650 5066 ctas.
690 5008 875 5078 Imago
933 5004 1203 5075 siquidem
1253 5011 1338 5058 est
1401 5015 1600 5057 nomen
1657 4999 2082 5070 similitudoque

511 5103 660 5158 illius
692 5100 787 5170 qui
821 5099 876 5153 in
903 5097 1017 5167 ipsa
1046 5095 1297 5165 depictus
1331 5104 1435 5148 est.
1465 5091 1829 5158 Quamobrem
1863 5089 2077 5146 Domini

513 5200 946 5259 sanctorumque
973 5187 1366 5257 prophetarum
1413 5181 1718 5244 cruciatus,
1750 5181 1842 5250 qui
1871 5179 1926 5233 in
1964 5180 2082 5250 lege

513 5294 569 5340 ct
624 5281 930 5356 Evangeliis
988 5276 1252 5348 descripti
1301 5281 1453 5340 sunt,
1511 5281 1628 5328 tum
1692 5285 1789 5341 per
1842 5270 2082 5336 litteras,

512 5385 630 5432 tum
677 5391 775 5448 per
829 5373 1130 5444 imaginum
1187 5367 1595 5440 expressiones,
1648 5363 1708 5420 in
1757 5361 2079 5418 memoriam

517 5483 732 5540 semper
759 5478 1104 5526 revocamus.
1133 5480 1155 5516 ι

2183 4646 2463 4719 τρέμομεν
2509 4647 2586 4712 ὡς
2624 4647 2856 4719 ποιητὴν
2892 4648 2987 4702 καί
3029 4648 3266 4721 χορηγὸν
3305 4650 3500 4720 ἡμῶν·
3545 4649 3684 4713 τοὺς
3715 4650 3776 4704 δὲ

2185 4738 2455 4806 ἀγγέλους
2499 4738 2859 4813 καίἰδούλους
2901 4739 2996 4793 τοῦ
3044 4740 3182 4794 Θεοῦ
3236 4740 3380 4794 κατὰ
3449 4740 3622 4811 τιμὴν
3671 4740 3773 4793 τοῦ

2183 4828 2319 4882 Θεοῦ
2346 4868 2363 4893 ,
2412 4829 2489 4892 ὡς
2544 4829 2830 4900 ποιήματα
2871 4829 2968 4883 τοῦ
3001 4828 3138 4883 Θεοῦ
3179 4831 3273 4884 καί
3315 4828 3537 4894 δούλους
3572 4830 3772 4885 αὐτοῦ.

2183 4922 2362 4978 Εἰκὼν
2405 4921 2514 4994 γάρ
2560 4923 2710 4976 ἐστιν
2749 4921 2923 4994 ὄνομα
2972 4921 3070 4976 καὶ
3106 4921 3366 4992 ὁμοίωσις
3390 4920 3486 4974 τοῦ
3525 4924 3588 4976 ἐν
3623 4922 3772 4994 αὐτῇ

2185 5015 2505 5088 γραφέντος.
2537 5014 2630 5068 Διὸ
2660 5018 2754 5069 καί¹
2785 5015 3080 5086 γράμμασι
3121 5015 3216 5067 καὶ
3269 5013 3626 5086 χαράγμασιν
3679 5016 3774 5070 ἀεὶ

2189 5105 2602 5177 μνημονεύομεν
2629 5105 2738 5160 τῶν
2765 5106 2860 5160 τοῦ
2897 5107 3103 5177 Κυρίου
3137 5104 3502 5176 παθημάτων,
3529 5107 3628 5160 καὶ
3655 5107 3774 5162 τῶν

2187 5195 2358 5264 ἀγίων
2411 5195 2708 5268 προφητῶν
2731 5233 2747 5262 ,
2792 5195 2903 5250 τῶν
2948 5197 3006 5250 ἐν
3057 5195 3209 5268 νόμῳ
3265 5195 3362 5251 καὶ
3407 5195 3775 5265 Εύαγγελίοις

2186 5290 2605 5362 γεγραμμένων.
2648 5307 2668 5342 ι

2030 5640 2260 5697 NOTAE.

521 5849 551 5893 .
591 5760 711 5890 (ὅθ)
771 5759 998 5818 Deorum
1053 5759 1283 5834 utique,
1336 5761 1453 5819 sive
1502 5760 1804 5827 idolorum;

560 5853 627 5893 un
668 5869 686 5885 ο

560 5853 686 5894 υηιο

1895 5765 1954 5815 ut
2007 5773 2116 5817 non
2187 5759 2331 5816 male
2385 5755 2921 5830 Christophorsonus
2983 5763 3038 5812 ct
3105 5751 3359 5810 Valesius
3415 5747 3771 5825 interpretati
