  <div class='ocr_page' id='page_1' title='image "/cluster/home/n/w/nwhite01/storage/ocr_20150623/94/hvd.32044052838174/890.png"; bbox 0 0 3986 6346; ppageno 0'>
   <div class='ocr_carea' id='block_1_1' title="bbox 311 278 442 347">
    <p class='ocr_par' dir='ltr' id='par_1_1' title="bbox 311 278 442 347">
     <span class='ocr_line' id='line_1_1' title="bbox 311 278 442 347; baseline 0.038 -4"><span class='ocrx_word' id='word_1_1' title='bbox 311 278 442 347; x_wconf 68' lang='grc'><strong>13⁸1]</strong></span> 
     </span>
    </p>
   </div>
   <div class='ocr_carea' id='block_1_2' title="bbox 1405 273 2450 339">
    <p class='ocr_par' dir='ltr' id='par_1_2' title="bbox 1405 273 2450 339">
     <span class='ocr_line' id='line_1_2' title="bbox 1405 273 2450 339; baseline -0.004 -1"><span class='ocrx_word' id='word_1_2' title='bbox 1405 276 1505 339; x_wconf 89' lang='lat' dir='ltr'><strong>DE</strong></span> <span class='ocrx_word' id='word_1_3' title='bbox 1531 273 1993 337; x_wconf 85' lang='lat' dir='ltr'>IMAGINIBUS</span> <span class='ocrx_word' id='word_1_4' title='bbox 2021 273 2303 333; x_wconf 83' lang='lat' dir='ltr'><strong>ORATIO</strong></span> <span class='ocrx_word' id='word_1_5' title='bbox 2335 274 2450 334; x_wconf 92' lang='lat' dir='ltr'><strong>III.</strong></span> 
     </span>
    </p>
   </div>
   <div class='ocr_carea' id='block_1_3' title="bbox 3429 276 3573 360">
    <p class='ocr_par' dir='ltr' id='par_1_3' title="bbox 3429 276 3573 360">
     <span class='ocr_line' id='line_1_3' title="bbox 3429 276 3573 360; baseline 0.021 -19"><span class='ocrx_word' id='word_1_6' title='bbox 3429 276 3573 360; x_wconf 81' lang='lat'><strong>1373</strong></span> 
     </span>
    </p>
   </div>
   <div class='ocr_carea' id='block_1_4' title="bbox 314 382 1886 461">
    <p class='ocr_par' dir='ltr' id='par_1_4' title="bbox 314 385 1885 461">
     <span class='ocr_line' id='line_1_4' title="bbox 314 385 1885 461; baseline -0.006 -15"><span class='ocrx_word' id='word_1_7' title='bbox 314 391 426 448; x_wconf 85' lang='grc' dir='ltr'>Τοῦ</span> <span class='ocrx_word' id='word_1_8' title='bbox 458 388 633 461; x_wconf 77' lang='grc' dir='ltr'>ἁγίου</span> <span class='ocrx_word' id='word_1_9' title='bbox 689 387 1018 461; x_wconf 72' lang='grc' dir='ltr'>Γρηγορίου</span> <span class='ocrx_word' id='word_1_10' title='bbox 1051 385 1392 461; x_wconf 63' lang='grc' dir='ltr'>Νιιᾷανζοῦ,</span> <span class='ocrx_word' id='word_1_11' title='bbox 1439 388 1529 461; x_wconf 61' lang='grc' dir='ltr'><strong>(ἔνι⁸</strong></span> <span class='ocrx_word' id='word_1_12' title='bbox 1550 386 1657 461; x_wconf 62' lang='grc' dir='ltr'><strong>τοῦ</strong></span> <span class='ocrx_word' id='word_1_13' title='bbox 1698 385 1885 455; x_wconf 79' lang='grc' dir='ltr'>λόγου</span> 
     </span>
    </p>
   </div>
   <div class='ocr_carea' id='block_1_5' title="bbox 1997 382 3575 461">
    <p class='ocr_par' dir='ltr' id='par_1_5' title="bbox 1997 382 3575 461">
     <span class='ocr_line' id='line_1_5' title="bbox 1997 382 3575 461; baseline 0.005 -24"><span class='ocrx_word' id='word_1_14' title='bbox 1997 382 2147 452; x_wconf 78' lang='lat'><strong>371</strong></span> <span class='ocrx_word' id='word_1_15' title='bbox 2175 383 2365 439; x_wconf 78' lang='lat' dir='ltr'><strong>Sancti</strong></span> <span class='ocrx_word' id='word_1_16' title='bbox 2387 384 2623 461; x_wconf 57' lang='lat' dir='ltr'><strong>Gregorii</strong></span> <span class='ocrx_word' id='word_1_17' title='bbox 2655 384 3014 450; x_wconf 80' lang='lat' dir='ltr'><strong>Nazianzeni,</strong></span> <span class='ocrx_word' id='word_1_18' title='bbox 3033 386 3360 461; x_wconf 40' lang='lat' dir='ltr'><strong>eiuratione</strong></span> <span class='ocrx_word' id='word_1_19' title='bbox 3386 401 3575 445; x_wconf 79' lang='lat' dir='ltr'><strong>contra</strong></span> 
     </span>
    </p>
   </div>
   <div class='ocr_carea' id='block_1_6' title="bbox 478 456 1699 525">
    <p class='ocr_par' dir='ltr' id='par_1_6' title="bbox 478 456 1699 525">
     <span class='ocr_line' id='line_1_6' title="bbox 478 456 1699 525; baseline -0.004 -10"><span class='ocrx_word' id='word_1_20' title='bbox 478 456 587 517; x_wconf 79' lang='grc' dir='ltr'><strong>τοῦ</strong></span> <span class='ocrx_word' id='word_1_21' title='bbox 630 456 780 514; x_wconf 66' lang='grc' dir='ltr'>κατὰ</span> <span class='ocrx_word' id='word_1_22' title='bbox 824 456 1151 513; x_wconf 75' lang='grc' dir='ltr'>Ἰουλιανοῦ</span> <span class='ocrx_word' id='word_1_23' title='bbox 1185 457 1291 512; x_wconf 87' lang='grc' dir='ltr'><strong>τοῦ</strong></span> <span class='ocrx_word' id='word_1_24' title='bbox 1333 456 1699 525; x_wconf 81' lang='grc' dir='ltr'>παραϐάτου.</span> 
     </span>
    </p>
   </div>
   <div class='ocr_carea' id='block_1_7' title="bbox 386 544 1889 621">
    <p class='ocr_par' dir='ltr' id='par_1_7' title="bbox 386 544 1889 621">
     <span class='ocr_line' id='line_1_7' title="bbox 386 544 1889 621; baseline -0.005 -16"><span class='ocrx_word' id='word_1_25' title='bbox 386 569 407 604; x_wconf 81' lang='grc' dir='ltr'><strong>ι</strong></span> <span class='ocrx_word' id='word_1_26' title='bbox 440 544 515 605; x_wconf 75' lang='grc' dir='ltr'><strong>Οὖ</strong></span> <span class='ocrx_word' id='word_1_27' title='bbox 546 549 615 605; x_wconf 81' lang='grc' dir='ltr'><strong>τὰ</strong></span> <span class='ocrx_word' id='word_1_28' title='bbox 654 549 901 620; x_wconf 82' lang='grc' dir='ltr'>σύμϐολα</span> <span class='ocrx_word' id='word_1_29' title='bbox 935 549 1034 621; x_wconf 82' lang='grc' dir='ltr'>τῆς</span> <span class='ocrx_word' id='word_1_30' title='bbox 1075 548 1168 602; x_wconf 72' lang='grc' dir='ltr'><strong>ἐπὶ</strong></span> <span class='ocrx_word' id='word_1_31' title='bbox 1192 546 1368 619; x_wconf 85' lang='grc' dir='ltr'>τούτῳ</span> <span class='ocrx_word' id='word_1_32' title='bbox 1398 547 1636 619; x_wconf 80' lang='grc' dir='ltr'><strong>πληγῆς,</strong></span> <span class='ocrx_word' id='word_1_33' title='bbox 1660 546 1717 599; x_wconf 83' lang='grc' dir='ltr'><strong>αἰ</strong></span> <span class='ocrx_word' id='word_1_34' title='bbox 1745 546 1889 599; x_wconf 87' lang='grc' dir='ltr'>εἰκό-</span> 
     </span>
    </p>
   </div>
   <div class='ocr_carea' id='block_1_8' title="bbox 308 636 1565 712">
    <p class='ocr_par' dir='ltr' id='par_1_8' title="bbox 308 636 1565 712">
     <span class='ocr_line' id='line_1_8' title="bbox 308 636 1565 712; baseline -0.005 -18"><span class='ocrx_word' id='word_1_35' title='bbox 308 658 400 705; x_wconf 88' lang='grc' dir='ltr'><strong>νες</strong></span> <span class='ocrx_word' id='word_1_36' title='bbox 423 641 697 712; x_wconf 85' lang='grc' dir='ltr'>φέρουσιν,</span> <span class='ocrx_word' id='word_1_37' title='bbox 736 638 820 692; x_wconf 76' lang='grc' dir='ltr'>ἔτι</span> <span class='ocrx_word' id='word_1_38' title='bbox 842 639 1101 710; x_wconf 88' lang='grc' dir='ltr'>δημοσίαι</span> <span class='ocrx_word' id='word_1_39' title='bbox 1135 636 1514 709; x_wconf 88' lang='grc' dir='ltr'>προκείμεναι.</span> <span class='ocrx_word' id='word_1_40' title='bbox 1546 654 1565 688; x_wconf 73' lang='grc' dir='ltr'><strong>ι</strong></span> 
     </span>
    </p>
   </div>
   <div class='ocr_carea' id='block_1_9' title="bbox 312 723 1888 854">
    <p class='ocr_par' dir='ltr' id='par_1_9' title="bbox 312 723 1888 854">
     <span class='ocr_line' id='line_1_9' title="bbox 312 723 1888 854; baseline -0.006 -68"><span class='ocrx_word' id='word_1_41' title='bbox 312 730 423 786; x_wconf 84' lang='grc' dir='ltr'>Τοῦ</span> <span class='ocrx_word' id='word_1_42' title='bbox 450 730 883 800; x_wconf 76' lang='grc' dir='ltr'>Χρυσοστόμου</span> <span class='ocrx_word' id='word_1_43' title='bbox 923 730 1057 853; x_wconf 51' lang='lat' dir='ltr'><strong>(Sit),</strong></span> <span class='ocrx_word' id='word_1_44' title='bbox 1096 726 1311 854; x_wconf 57' lang='lat' dir='ltr'><strong>éaflr&#39;gc</strong></span> <span class='ocrx_word' id='word_1_45' title='bbox 1324 726 1638 798; x_wconf 78' lang='grc' dir='ltr'><strong>ἑρμηνείας</strong></span> <span class='ocrx_word' id='word_1_46' title='bbox 1669 723 1776 780; x_wconf 84' lang='grc' dir='ltr'><strong>τοῦ</strong></span> <span class='ocrx_word' id='word_1_47' title='bbox 1802 723 1888 778; x_wconf 81' lang='grc' dir='ltr'>δι-</span> 
     </span>
     <span class='ocr_line' id='line_1_10' title="bbox 918 815 1293 854; baseline -0.003 -1"><span class='ocrx_word' id='word_1_48' title='bbox 918 817 994 854; x_wconf 81' lang='grc' dir='ltr'><strong>κα</strong></span> <span class='ocrx_word' id='word_1_49' title='bbox 1020 817 1092 854; x_wconf 91' lang='grc' dir='ltr'><strong>ου</strong></span> <span class='ocrx_word' id='word_1_50' title='bbox 1190 815 1236 850; x_wconf 73' lang='grc' dir='ltr'><strong>ω</strong></span> <span class='ocrx_word' id='word_1_51' title='bbox 1277 837 1293 852; x_wconf 89' lang='grc'><strong>.</strong></span> 
     </span>
    </p>
   </div>
   <div class='ocr_carea' id='block_1_10' title="bbox 918 815 1293 854">
    <p class='ocr_par' dir='ltr' id='par_1_10' title="bbox 918 815 1293 854">
     <span class='ocr_line' id='line_1_11' title="bbox 918 815 1293 854; baseline -0.003 -1"><span class='ocrx_word' id='word_1_52' title='bbox 918 815 1092 854; x_wconf 81' lang='grc' dir='ltr'>καιου</span> <span class='ocrx_word' id='word_1_53' title='bbox 1152 815 1293 854; x_wconf 71' lang='grc' dir='ltr'><strong>Ἰωσ.</strong></span> 
     </span>
    </p>
   </div>
   <div class='ocr_carea' id='block_1_11' title="bbox 238 885 1888 962">
    <p class='ocr_par' dir='ltr' id='par_1_11' title="bbox 238 885 1888 962">
     <span class='ocr_line' id='line_1_12' title="bbox 238 885 1888 962; baseline -0.004 -16"><span class='ocrx_word' id='word_1_54' title='bbox 238 950 243 961; x_wconf 32' lang='grc' dir='ltr'><strong>λ</strong></span> <span class='ocrx_word' id='word_1_55' title='bbox 381 910 403 945; x_wconf 81' lang='grc' dir='ltr'><strong>ι</strong></span> <span class='ocrx_word' id='word_1_56' title='bbox 453 892 543 948; x_wconf 83' lang='grc' dir='ltr'><strong>Ἐν</strong></span> <span class='ocrx_word' id='word_1_57' title='bbox 565 890 782 955; x_wconf 81' lang='grc' dir='ltr'><strong>τούτοις</strong></span> <span class='ocrx_word' id='word_1_58' title='bbox 823 892 962 945; x_wconf 81' lang='grc' dir='ltr'>πᾶσι</span> <span class='ocrx_word' id='word_1_59' title='bbox 1000 893 1116 954; x_wconf 85' lang='grc' dir='ltr'>τοῖς</span> <span class='ocrx_word' id='word_1_60' title='bbox 1164 888 1568 962; x_wconf 86' lang='grc' dir='ltr'>συμϐεϐηκόσιν</span> <span class='ocrx_word' id='word_1_61' title='bbox 1592 885 1761 958; x_wconf 78' lang='grc' dir='ltr'>αὐτῷ,</span> <span class='ocrx_word' id='word_1_62' title='bbox 1786 886 1888 940; x_wconf 81' lang='grc' dir='ltr'>οὐκ</span> 
     </span>
    </p>
   </div>
   <div class='ocr_carea' id='block_1_12' title="bbox 246 976 1887 1054">
    <p class='ocr_par' dir='ltr' id='par_1_12' title="bbox 246 976 1887 1054">
     <span class='ocr_line' id='line_1_13' title="bbox 246 976 1887 1054; baseline -0.004 -17"><span class='ocrx_word' id='word_1_63' title='bbox 246 1016 247 1019; x_wconf 59' lang='grc' dir='ltr'><strong>η</strong></span> <span class='ocrx_word' id='word_1_64' title='bbox 306 983 506 1037; x_wconf 75' lang='grc' dir='ltr'>ἔδωκεν</span> <span class='ocrx_word' id='word_1_65' title='bbox 538 983 853 1054; x_wconf 84' lang='grc' dir='ltr'><strong>ἀφροσύνην</strong></span> <span class='ocrx_word' id='word_1_66' title='bbox 890 981 968 1053; x_wconf 84' lang='grc' dir='ltr'>τῷ</span> <span class='ocrx_word' id='word_1_67' title='bbox 1003 981 1156 1054; x_wconf 75' lang='grc' dir='ltr'><strong>Θεῷο</strong></span> <span class='ocrx_word' id='word_1_68' title='bbox 1207 981 1459 1052; x_wconf 87' lang='grc' dir='ltr'>καθάπερ</span> <span class='ocrx_word' id='word_1_69' title='bbox 1486 980 1579 1034; x_wconf 77' lang='grc' dir='ltr'><strong>ἐπὶ</strong></span> <span class='ocrx_word' id='word_1_70' title='bbox 1608 977 1717 1032; x_wconf 84' lang='grc' dir='ltr'><strong>τῶν</strong></span> <span class='ocrx_word' id='word_1_71' title='bbox 1743 976 1887 1031; x_wconf 87' lang='grc' dir='ltr'>εἰκό-</span> 
     </span>
    </p>
   </div>
   <div class='ocr_carea' id='block_1_13' title="bbox 305 1068 1885 1143">
    <p class='ocr_par' dir='ltr' id='par_1_13' title="bbox 305 1068 1885 1143">
     <span class='ocr_line' id='line_1_14' title="bbox 305 1068 1885 1143; baseline -0.004 -17"><span class='ocrx_word' id='word_1_72' title='bbox 305 1089 434 1136; x_wconf 85' lang='grc' dir='ltr'>νων,</span> <span class='ocrx_word' id='word_1_73' title='bbox 462 1071 682 1126; x_wconf 79' lang='grc' dir='ltr'>ὲπειδάν</span> <span class='ocrx_word' id='word_1_74' title='bbox 718 1088 840 1125; x_wconf 84' lang='grc' dir='ltr'>τινα</span> <span class='ocrx_word' id='word_1_75' title='bbox 865 1072 1166 1143; x_wconf 79' lang='grc' dir='ltr'><strong>γράφωμεν</strong></span> <span class='ocrx_word' id='word_1_76' title='bbox 1202 1071 1259 1123; x_wconf 83' lang='grc' dir='ltr'>ὲν</span> <span class='ocrx_word' id='word_1_77' title='bbox 1283 1072 1349 1140; x_wconf 82' lang='grc' dir='ltr'><strong>τῇ</strong></span> <span class='ocrx_word' id='word_1_78' title='bbox 1391 1070 1636 1139; x_wconf 75' lang='grc' dir='ltr'><strong>ἱστορικῇ</strong></span> <span class='ocrx_word' id='word_1_79' title='bbox 1674 1068 1885 1137; x_wconf 80' lang='grc' dir='ltr'>γραφῇ,</span> 
     </span>
    </p>
   </div>
   <div class='ocr_carea' id='block_1_14' title="bbox 252 1157 1882 1233">
    <p class='ocr_par' dir='ltr' id='par_1_14' title="bbox 252 1157 1882 1233">
     <span class='ocr_line' id='line_1_15' title="bbox 252 1157 1882 1233; baseline -0.004 -16"><span class='ocrx_word' id='word_1_80' title='bbox 252 1224 255 1227; x_wconf 8' lang='grc' dir='ltr'>ἰ</span> <span class='ocrx_word' id='word_1_81' title='bbox 316 1164 382 1217; x_wconf 92' lang='lat'><strong>&#39;0</strong></span> <span class='ocrx_word' id='word_1_82' title='bbox 421 1162 590 1217; x_wconf 78' lang='grc' dir='ltr'>δεῖνα</span> <span class='ocrx_word' id='word_1_83' title='bbox 627 1163 905 1232; x_wconf 74' lang='grc' dir='ltr'>ἀνέθηκε,</span> <span class='ocrx_word' id='word_1_84' title='bbox 953 1163 1262 1233; x_wconf 79' lang='grc' dir='ltr'><strong>γράφομεν,</strong></span> <span class='ocrx_word' id='word_1_85' title='bbox 1313 1159 1455 1213; x_wconf 74' lang='grc' dir='ltr'>οὕτω</span> <span class='ocrx_word' id='word_1_86' title='bbox 1505 1160 1598 1212; x_wconf 75' lang='grc' dir='ltr'>καὶ</span> <span class='ocrx_word' id='word_1_87' title='bbox 1627 1157 1882 1223; x_wconf 76' lang='grc' dir='ltr'>ἐνταῦθα,</span> 
     </span>
    </p>
   </div>
   <div class='ocr_carea' id='block_1_15' title="bbox 304 1248 1887 1325">
    <p class='ocr_par' dir='ltr' id='par_1_15' title="bbox 304 1248 1887 1325">
     <span class='ocr_line' id='line_1_16' title="bbox 304 1248 1887 1325; baseline -0.004 -18"><span class='ocrx_word' id='word_1_88' title='bbox 304 1253 405 1325; x_wconf 80' lang='grc' dir='ltr'>τὴν</span> <span class='ocrx_word' id='word_1_89' title='bbox 435 1254 616 1307; x_wconf 86' lang='grc' dir='ltr'>εἰκόνα</span> <span class='ocrx_word' id='word_1_90' title='bbox 638 1254 736 1323; x_wconf 85' lang='grc' dir='ltr'>τῆς</span> <span class='ocrx_word' id='word_1_91' title='bbox 764 1253 942 1324; x_wconf 72' lang='grc' dir='ltr'>ψυχῆς</span> <span class='ocrx_word' id='word_1_92' title='bbox 964 1252 1127 1307; x_wconf 84' lang='grc' dir='ltr'>αὑτοῦ</span> <span class='ocrx_word' id='word_1_93' title='bbox 1155 1251 1391 1323; x_wconf 81' lang='grc' dir='ltr'><strong>γράψας,</strong></span> <span class='ocrx_word' id='word_1_94' title='bbox 1428 1252 1456 1304; x_wconf 88' lang='grc' dir='ltr'><strong>ό</strong></span> <span class='ocrx_word' id='word_1_95' title='bbox 1479 1250 1695 1321; x_wconf 79' lang='grc' dir='ltr'>γράψας</span> <span class='ocrx_word' id='word_1_96' title='bbox 1716 1248 1777 1302; x_wconf 78' lang='grc' dir='ltr'>τὸ</span> <span class='ocrx_word' id='word_1_97' title='bbox 1804 1248 1887 1320; x_wconf 84' lang='grc' dir='ltr'>βι-</span> 
     </span>
    </p>
   </div>
   <div class='ocr_carea' id='block_1_16' title="bbox 306 1340 1882 1417">
    <p class='ocr_par' dir='ltr' id='par_1_16' title="bbox 306 1340 1882 1417">
     <span class='ocr_line' id='line_1_17' title="bbox 306 1340 1882 1417; baseline -0.003 -19"><span class='ocrx_word' id='word_1_98' title='bbox 306 1345 475 1412; x_wconf 88' lang='grc' dir='ltr'>ϐλίον,</span> <span class='ocrx_word' id='word_1_99' title='bbox 498 1345 686 1417; x_wconf 83' lang='grc' dir='ltr'>ὥσπερ</span> <span class='ocrx_word' id='word_1_100' title='bbox 724 1346 781 1398; x_wconf 81' lang='grc' dir='ltr'>ὲν</span> <span class='ocrx_word' id='word_1_101' title='bbox 804 1343 1053 1415; x_wconf 90' lang='grc' dir='ltr'>χοινικίδι</span> <span class='ocrx_word' id='word_1_102' title='bbox 1080 1344 1325 1398; x_wconf 82' lang='grc' dir='ltr'><strong>κάτωθεν</strong></span> <span class='ocrx_word' id='word_1_103' title='bbox 1360 1343 1692 1411; x_wconf 80' lang='grc' dir='ltr'>ὑπογράφων</span> <span class='ocrx_word' id='word_1_104' title='bbox 1713 1340 1882 1410; x_wconf 79' lang='grc' dir='ltr'>λέγει·</span> 
     </span>
    </p>
   </div>
   <div class='ocr_carea' id='block_1_17' title="bbox 318 1431 1881 1506">
    <p class='ocr_par' dir='ltr' id='par_1_17' title="bbox 318 1431 1881 1506">
     <span class='ocr_line' id='line_1_18' title="bbox 318 1431 1881 1506; baseline -0.002 -15"><span class='ocrx_word' id='word_1_105' title='bbox 318 1435 422 1491; x_wconf 77' lang='grc' dir='ltr'><em>Ἕν</em></span> <span class='ocrx_word' id='word_1_106' title='bbox 462 1438 694 1502; x_wconf 85' lang='grc' dir='ltr'><strong>τούτοις</strong></span> <span class='ocrx_word' id='word_1_107' title='bbox 734 1435 887 1490; x_wconf 81' lang='grc' dir='ltr'>πᾶσι</span> <span class='ocrx_word' id='word_1_108' title='bbox 933 1435 1057 1502; x_wconf 84' lang='grc' dir='ltr'>τοῖς</span> <span class='ocrx_word' id='word_1_109' title='bbox 1086 1435 1538 1506; x_wconf 79' lang='grc' dir='ltr'>συμϐεϐηκόσιν</span> <span class='ocrx_word' id='word_1_110' title='bbox 1565 1431 1724 1500; x_wconf 84' lang='grc' dir='ltr'>αὐτῷ</span> <span class='ocrx_word' id='word_1_111' title='bbox 1768 1435 1881 1503; x_wconf 85' lang='grc' dir='ltr'>οὐχ</span> 
     </span>
    </p>
   </div>
   <div class='ocr_carea' id='block_1_18' title="bbox 307 1526 816 1596">
    <p class='ocr_par' dir='ltr' id='par_1_18' title="bbox 307 1526 816 1596">
     <span class='ocr_line' id='line_1_19' title="bbox 307 1526 816 1596; baseline -0.004 -17"><span class='ocrx_word' id='word_1_112' title='bbox 307 1527 572 1596; x_wconf 77' lang='grc' dir='ltr'>ἥμαρτεν</span> <span class='ocrx_word' id='word_1_113' title='bbox 615 1526 757 1582; x_wconf 80' lang='grc' dir='ltr'><strong>Ἰὼϐ.</strong></span> <span class='ocrx_word' id='word_1_114' title='bbox 798 1545 816 1577; x_wconf 77' lang='grc' dir='ltr'><strong>ι</strong></span> 
     </span>
    </p>
   </div>
   <div class='ocr_carea' id='block_1_19' title="bbox 305 1614 1883 1691">
    <p class='ocr_par' dir='ltr' id='par_1_19' title="bbox 305 1614 1883 1691">
     <span class='ocr_line' id='line_1_20' title="bbox 305 1614 1883 1691; baseline 0 -20"><span class='ocrx_word' id='word_1_115' title='bbox 305 1619 403 1672; x_wconf 82' lang='grc' dir='ltr'>Ἐκ</span> <span class='ocrx_word' id='word_1_116' title='bbox 429 1618 536 1672; x_wconf 83' lang='grc' dir='ltr'><strong>τοῦ</strong></span> <span class='ocrx_word' id='word_1_117' title='bbox 550 1619 698 1683; x_wconf 86' lang='grc' dir='ltr'>βίου</span> <span class='ocrx_word' id='word_1_118' title='bbox 715 1620 821 1673; x_wconf 84' lang='grc' dir='ltr'><strong>τοῦ</strong></span> <span class='ocrx_word' id='word_1_119' title='bbox 842 1619 1017 1691; x_wconf 77' lang='grc' dir='ltr'>ἁγίου</span> <span class='ocrx_word' id='word_1_120' title='bbox 1042 1619 1527 1683; x_wconf 79' lang='grc' dir='ltr'>Κωνσταντίνου,</span> <span class='ocrx_word' id='word_1_121' title='bbox 1540 1617 1790 1682; x_wconf 81' lang='grc' dir='ltr'>βιϐλίου</span> <span class='ocrx_word' id='word_1_122' title='bbox 1811 1614 1883 1671; x_wconf 83' lang='grc' dir='ltr'><strong>δ’.</strong></span> 
     </span>
    </p>
   </div>
   <div class='ocr_carea' id='block_1_20' title="bbox 2404 453 3136 524">
    <p class='ocr_par' dir='ltr' id='par_1_20' title="bbox 2404 453 3136 524">
     <span class='ocr_line' id='line_1_21' title="bbox 2404 453 3136 524; baseline 0.004 -17"><span class='ocrx_word' id='word_1_123' title='bbox 2404 453 2685 508; x_wconf 81' lang='lat' dir='ltr'><strong>lulianum</strong></span> <span class='ocrx_word' id='word_1_124' title='bbox 2728 465 3031 524; x_wconf 87' lang='lat' dir='ltr'><strong>apostatam</strong></span> <span class='ocrx_word' id='word_1_125' title='bbox 3070 457 3136 510; x_wconf 83' lang='lat'><strong>&quot;.</strong></span> 
     </span>
    </p>
   </div>
   <div class='ocr_carea' id='block_1_21' title="bbox 2063 539 3568 621">
    <p class='ocr_par' dir='ltr' id='par_1_21' title="bbox 2063 539 3568 621">
     <span class='ocr_line' id='line_1_22' title="bbox 2063 539 3568 621; baseline 0.008 -29"><span class='ocrx_word' id='word_1_126' title='bbox 2063 557 2083 592; x_wconf 81' lang='grc' dir='ltr'><strong>ι</strong></span> <span class='ocrx_word' id='word_1_127' title='bbox 2124 539 2305 611; x_wconf 76' lang='lat' dir='ltr'><strong>Hujus</strong></span> <span class='ocrx_word' id='word_1_128' title='bbox 2351 544 2554 614; x_wconf 85' lang='lat' dir='ltr'><strong>quippe</strong></span> <span class='ocrx_word' id='word_1_129' title='bbox 2587 546 2829 602; x_wconf 87' lang='lat' dir='ltr'><strong>vulneris</strong></span> <span class='ocrx_word' id='word_1_130' title='bbox 2868 546 3027 618; x_wconf 88' lang='lat' dir='ltr'><strong>signa</strong></span> <span class='ocrx_word' id='word_1_131' title='bbox 3060 556 3324 616; x_wconf 78' lang='lat' dir='ltr'><strong>promunt</strong></span> <span class='ocrx_word' id='word_1_132' title='bbox 3370 549 3568 621; x_wconf 82' lang='lat' dir='ltr'><strong>imagi-</strong></span> 
     </span>
    </p>
   </div>
   <div class='ocr_carea' id='block_1_22' title="bbox 1988 634 2906 706">
    <p class='ocr_par' dir='ltr' id='par_1_22' title="bbox 1988 634 2906 706">
     <span class='ocr_line' id='line_1_23' title="bbox 1988 634 2906 706; baseline 0.001 -17"><span class='ocrx_word' id='word_1_133' title='bbox 1988 648 2087 689; x_wconf 86' lang='lat' dir='ltr'><strong>nes</strong></span> <span class='ocrx_word' id='word_1_134' title='bbox 2116 635 2171 688; x_wconf 91' lang='lat' dir='ltr'><strong>in</strong></span> <span class='ocrx_word' id='word_1_135' title='bbox 2204 634 2344 691; x_wconf 91' lang='lat' dir='ltr'><strong>locis</strong></span> <span class='ocrx_word' id='word_1_136' title='bbox 2374 638 2611 706; x_wconf 85' lang='lat' dir='ltr'><strong>publicis</strong></span> <span class='ocrx_word' id='word_1_137' title='bbox 2636 646 2855 693; x_wconf 59' lang='lat' dir='ltr'><strong>erectae.</strong></span> <span class='ocrx_word' id='word_1_138' title='bbox 2887 656 2906 690; x_wconf 73' lang='grc' dir='ltr'><strong>ι</strong></span> 
     </span>
    </p>
   </div>
   <div class='ocr_carea' id='block_1_23' title="bbox 1989 724 3571 853">
    <p class='ocr_par' dir='ltr' id='par_1_23' title="bbox 1989 724 3571 853">
     <span class='ocr_line' id='line_1_24' title="bbox 1989 724 3571 853; baseline 0.003 -72"><span class='ocrx_word' id='word_1_139' title='bbox 1989 724 2173 781; x_wconf 89' lang='lat' dir='ltr'><strong><em>Sancti</em></strong></span> <span class='ocrx_word' id='word_1_140' title='bbox 2238 725 2467 782; x_wconf 79' lang='lat' dir='ltr'><strong>Joannis</strong></span> <span class='ocrx_word' id='word_1_141' title='bbox 2529 729 2936 853; x_wconf 46' lang='lat' dir='ltr'><strong>Carysosto‘r&#39;nib,</strong></span> <span class='ocrx_word' id='word_1_142' title='bbox 2998 743 3065 784; x_wconf 79' lang='lat' dir='ltr'><strong>ea:</strong></span> <span class='ocrx_word' id='word_1_143' title='bbox 3118 729 3458 785; x_wconf 74' lang='lat' dir='ltr'><strong>enarratione</strong></span> <span class='ocrx_word' id='word_1_144' title='bbox 3515 730 3571 786; x_wconf 81' lang='lat' dir='ltr'><strong><em>in</em></strong></span> 
     </span>
     <span class='ocr_line' id='line_1_25' title="bbox 2588 808 2945 853; baseline 0 0"><span class='ocrx_word' id='word_1_145' title='bbox 2588 808 2791 853; x_wconf 74' lang='lat' dir='ltr'><strong>iustum</strong></span> <span class='ocrx_word' id='word_1_146' title='bbox 2862 816 2890 853; x_wconf 94' lang='grc' dir='ltr'><strong>ο</strong></span> <span class='ocrx_word' id='word_1_147' title='bbox 2931 839 2945 852; x_wconf 95' lang='grc'><strong>.</strong></span> 
     </span>
    </p>
   </div>
   <div class='ocr_carea' id='block_1_24' title="bbox 2579 808 2945 867">
    <p class='ocr_par' dir='ltr' id='par_1_24' title="bbox 2579 808 2945 867">
     <span class='ocr_line' id='line_1_26' title="bbox 2579 808 2945 867; baseline 0 -16"><span class='ocrx_word' id='word_1_148' title='bbox 2579 808 2791 867; x_wconf 74' lang='lat' dir='ltr'><strong>justum</strong></span> <span class='ocrx_word' id='word_1_149' title='bbox 2821 808 2945 853; x_wconf 84' lang='lat' dir='ltr'><strong>Job.</strong></span> 
     </span>
    </p>
   </div>
   <div class='ocr_carea' id='block_1_25' title="bbox 2060 884 3571 960">
    <p class='ocr_par' dir='ltr' id='par_1_25' title="bbox 2060 884 3571 960">
     <span class='ocr_line' id='line_1_27' title="bbox 2060 884 3571 960; baseline 0.003 -22"><span class='ocrx_word' id='word_1_150' title='bbox 2060 901 2081 937; x_wconf 84' lang='grc' dir='ltr'><strong>ι</strong></span> <span class='ocrx_word' id='word_1_151' title='bbox 2114 884 2173 940; x_wconf 90' lang='lat' dir='ltr'>In</span> <span class='ocrx_word' id='word_1_152' title='bbox 2213 885 2299 941; x_wconf 90' lang='lat' dir='ltr'><strong>bis</strong></span> <span class='ocrx_word' id='word_1_153' title='bbox 2353 886 2615 942; x_wconf 90' lang='lat' dir='ltr'><strong>omnibus</strong></span> <span class='ocrx_word' id='word_1_154' title='bbox 2661 902 2784 958; x_wconf 79' lang='lat' dir='ltr'><strong>quae</strong></span> <span class='ocrx_word' id='word_1_155' title='bbox 2840 888 2942 957; x_wconf 85' lang='lat' dir='ltr'><strong>ipsi</strong></span> <span class='ocrx_word' id='word_1_156' title='bbox 2995 888 3364 960; x_wconf 86' lang='lat' dir='ltr'><strong>contigerunt,</strong></span> <span class='ocrx_word' id='word_1_157' title='bbox 3431 888 3571 944; x_wconf 88' lang='lat' dir='ltr'><strong>nihil</strong></span> 
     </span>
    </p>
   </div>
   <div class='ocr_carea' id='block_1_26' title="bbox 1986 975 3568 1047">
    <p class='ocr_par' dir='ltr' id='par_1_26' title="bbox 1986 975 3568 1047">
     <span class='ocr_line' id='line_1_28' title="bbox 1986 975 3568 1047; baseline 0.003 -17"><span class='ocrx_word' id='word_1_158' title='bbox 1986 975 2317 1047; x_wconf 74' lang='lat' dir='ltr'><strong>insipienter</strong></span> <span class='ocrx_word' id='word_1_159' title='bbox 2362 978 2631 1034; x_wconf 88' lang='lat' dir='ltr'><strong>adversus</strong></span> <span class='ocrx_word' id='word_1_160' title='bbox 2667 978 2836 1034; x_wconf 88' lang='lat' dir='ltr'><strong>Deum</strong></span> <span class='ocrx_word' id='word_1_161' title='bbox 2886 980 3104 1035; x_wconf 89' lang='lat' dir='ltr'><strong>locutus</strong></span> <span class='ocrx_word' id='word_1_162' title='bbox 3136 988 3242 1037; x_wconf 89' lang='lat' dir='ltr'><strong>est.</strong></span> <span class='ocrx_word' id='word_1_163' title='bbox 3291 980 3568 1047; x_wconf 86' lang='lat' dir='ltr'><strong>Quemad-</strong></span> 
     </span>
    </p>
   </div>
   <div class='ocr_carea' id='block_1_27' title="bbox 1986 1068 3571 1143">
    <p class='ocr_par' dir='ltr' id='par_1_27' title="bbox 1986 1068 3571 1143">
     <span class='ocr_line' id='line_1_29' title="bbox 1986 1068 3571 1143; baseline 0.004 -22"><span class='ocrx_word' id='word_1_164' title='bbox 1986 1068 2301 1124; x_wconf 91' lang='lat' dir='ltr'><strong>modumin</strong></span> <span class='ocrx_word' id='word_1_165' title='bbox 2353 1069 2691 1141; x_wconf 82' lang='lat' dir='ltr'><strong>imaginibus</strong></span> <span class='ocrx_word' id='word_1_166' title='bbox 2730 1085 2854 1126; x_wconf 91' lang='lat' dir='ltr'><strong>cum</strong></span> <span class='ocrx_word' id='word_1_167' title='bbox 2907 1071 3225 1141; x_wconf 89' lang='lat' dir='ltr'><strong>cujuspiam</strong></span> <span class='ocrx_word' id='word_1_168' title='bbox 3288 1074 3571 1143; x_wconf 79' lang='lat' dir='ltr'><strong>pinximus</strong></span> 
     </span>
    </p>
   </div>
   <div class='ocr_carea' id='block_1_28' title="bbox 1985 1158 3568 1226">
    <p class='ocr_par' dir='ltr' id='par_1_28' title="bbox 1985 1158 3568 1226">
     <span class='ocr_line' id='line_1_30' title="bbox 1985 1158 3568 1226; baseline 0.001 -13"><span class='ocrx_word' id='word_1_169' title='bbox 1985 1159 2276 1214; x_wconf 81' lang='lat' dir='ltr'><strong>historiam</strong></span> <span class='ocrx_word' id='word_1_170' title='bbox 2305 1199 2320 1225; x_wconf 96' lang='lat'><strong>,</strong></span> <span class='ocrx_word' id='word_1_171' title='bbox 2368 1160 2652 1215; x_wconf 83' lang='lat' dir='ltr'><strong>ascribere</strong></span> <span class='ocrx_word' id='word_1_172' title='bbox 2705 1159 2953 1215; x_wconf 88' lang='lat' dir='ltr'><strong>solemus</strong></span> <span class='ocrx_word' id='word_1_173' title='bbox 3004 1179 3017 1214; x_wconf 91' lang='lat'>:</span> <span class='ocrx_word' id='word_1_174' title='bbox 3084 1158 3160 1214; x_wconf 89' lang='grc' dir='ltr'><strong>Ν.</strong></span> <span class='ocrx_word' id='word_1_175' title='bbox 3209 1163 3568 1226; x_wconf 73' lang='lat' dir='ltr'><strong>consecravit,-</strong></span> 
     </span>
    </p>
   </div>
   <div class='ocr_carea' id='block_1_29' title="bbox 1986 1252 3570 1325">
    <p class='ocr_par' dir='ltr' id='par_1_29' title="bbox 1986 1252 3570 1325">
     <span class='ocr_line' id='line_1_31' title="bbox 1986 1252 3570 1325; baseline 0.002 -18"><span class='ocrx_word' id='word_1_176' title='bbox 1986 1252 2071 1308; x_wconf 89' lang='lat' dir='ltr'><strong>sic</strong></span> <span class='ocrx_word' id='word_1_177' title='bbox 2124 1255 2219 1323; x_wconf 91' lang='lat' dir='ltr'><strong>qui</strong></span> <span class='ocrx_word' id='word_1_178' title='bbox 2273 1253 2475 1309; x_wconf 88' lang='lat' dir='ltr'><strong>librum</strong></span> <span class='ocrx_word' id='word_1_179' title='bbox 2538 1254 2685 1309; x_wconf 88' lang='lat' dir='ltr'><strong>hunc</strong></span> <span class='ocrx_word' id='word_1_180' title='bbox 2738 1254 2983 1325; x_wconf 90' lang='lat' dir='ltr'><strong>scripsit,</strong></span> <span class='ocrx_word' id='word_1_181' title='bbox 3031 1262 3321 1325; x_wconf 75' lang='lat' dir='ltr'><strong>postquam</strong></span> <span class='ocrx_word' id='word_1_182' title='bbox 3371 1257 3570 1311; x_wconf 73' lang='lat' dir='ltr'><strong>anima:</strong></span> 
     </span>
    </p>
   </div>
   <div class='ocr_carea' id='block_1_30' title="bbox 1985 1343 3570 1415">
    <p class='ocr_par' dir='ltr' id='par_1_30' title="bbox 1985 1343 3570 1415">
     <span class='ocr_line' id='line_1_32' title="bbox 1985 1343 3570 1415; baseline 0 -17"><span class='ocrx_word' id='word_1_183' title='bbox 1985 1343 2138 1400; x_wconf 91' lang='lat' dir='ltr'><strong>illius</strong></span> <span class='ocrx_word' id='word_1_184' title='bbox 2173 1345 2467 1415; x_wconf 84' lang='lat' dir='ltr'><strong>imaginem</strong></span> <span class='ocrx_word' id='word_1_185' title='bbox 2496 1345 2812 1411; x_wconf 84' lang='lat' dir='ltr'><strong>delineavit,</strong></span> <span class='ocrx_word' id='word_1_186' title='bbox 2854 1345 3003 1402; x_wconf 83' lang='lat' dir='ltr'><strong>velut</strong></span> <span class='ocrx_word' id='word_1_187' title='bbox 3053 1346 3111 1400; x_wconf 89' lang='lat' dir='ltr'><strong>in</strong></span> <span class='ocrx_word' id='word_1_188' title='bbox 3157 1353 3402 1400; x_wconf 79' lang='lat' dir='ltr'><strong>extrema</strong></span> <span class='ocrx_word' id='word_1_189' title='bbox 3451 1361 3570 1398; x_wconf 89' lang='lat' dir='ltr'><strong>mo-</strong></span> 
     </span>
    </p>
   </div>
   <div class='ocr_carea' id='block_1_31' title="bbox 1985 1433 3573 1505">
    <p class='ocr_par' dir='ltr' id='par_1_31' title="bbox 1985 1433 3573 1505">
     <span class='ocr_line' id='line_1_33' title="bbox 1985 1433 3573 1505; baseline -0.001 -15"><span class='ocrx_word' id='word_1_190' title='bbox 1985 1434 2115 1490; x_wconf 91' lang='lat' dir='ltr'><strong>dioli</strong></span> <span class='ocrx_word' id='word_1_191' title='bbox 2142 1442 2302 1505; x_wconf 89' lang='lat' dir='ltr'><strong>parte</strong></span> <span class='ocrx_word' id='word_1_192' title='bbox 2323 1434 2716 1502; x_wconf 84' lang='lat' dir='ltr'><strong>subscribens,</strong></span> <span class='ocrx_word' id='word_1_193' title='bbox 2756 1435 2895 1489; x_wconf 82' lang='lat' dir='ltr'><strong>dixit</strong></span> <span class='ocrx_word' id='word_1_194' title='bbox 2927 1452 2940 1489; x_wconf 93' lang='lat'>:</span> <span class='ocrx_word' id='word_1_195' title='bbox 2984 1433 3050 1489; x_wconf 85' lang='lat' dir='ltr'><strong>In</strong></span> <span class='ocrx_word' id='word_1_196' title='bbox 3084 1436 3323 1489; x_wconf 86' lang='lat' dir='ltr'><strong>omnibus</strong></span> <span class='ocrx_word' id='word_1_197' title='bbox 3351 1435 3431 1490; x_wconf 83' lang='lat' dir='ltr'><strong>his</strong></span> <span class='ocrx_word' id='word_1_198' title='bbox 3458 1450 3573 1504; x_wconf 79' lang='lat' dir='ltr'><strong>qua:</strong></span> 
     </span>
    </p>
   </div>
   <div class='ocr_carea' id='block_1_32' title="bbox 1986 1524 3145 1594">
    <p class='ocr_par' dir='ltr' id='par_1_32' title="bbox 1986 1524 3145 1594">
     <span class='ocr_line' id='line_1_34' title="bbox 1986 1524 3145 1594; baseline -0.002 -15"><span class='ocrx_word' id='word_1_199' title='bbox 1986 1524 2298 1579; x_wconf 77' lang='lat' dir='ltr'><strong>acciderunt</strong></span> <span class='ocrx_word' id='word_1_200' title='bbox 2319 1526 2443 1594; x_wconf 80' lang='lat' dir='ltr'><strong>ipsi,</strong></span> <span class='ocrx_word' id='word_1_201' title='bbox 2476 1541 2579 1579; x_wconf 83' lang='lat' dir='ltr'><strong>non</strong></span> <span class='ocrx_word' id='word_1_202' title='bbox 2613 1526 2843 1593; x_wconf 82' lang='lat' dir='ltr'><strong>peccavit</strong></span> <span class='ocrx_word' id='word_1_203' title='bbox 2870 1524 2972 1578; x_wconf 85' lang='lat' dir='ltr'><strong>Job</strong></span> <span class='ocrx_word' id='word_1_204' title='bbox 3012 1524 3084 1579; x_wconf 86' lang='grc'><strong>⁵³.</strong></span> <span class='ocrx_word' id='word_1_205' title='bbox 3126 1543 3145 1577; x_wconf 75' lang='grc' dir='ltr'><strong>ι</strong></span> 
     </span>
    </p>
   </div>
   <div class='ocr_carea' id='block_1_33' title="bbox 2092 1615 3465 1686">
    <p class='ocr_par' dir='ltr' id='par_1_33' title="bbox 2092 1615 3465 1686">
     <span class='ocr_line' id='line_1_35' title="bbox 2092 1615 3465 1686; baseline -0.002 -14"><span class='ocrx_word' id='word_1_206' title='bbox 2092 1615 2160 1672; x_wconf 85' lang='grc' dir='ltr'><em>1η</em></span> <span class='ocrx_word' id='word_1_207' title='bbox 2199 1617 2320 1671; x_wconf 84' lang='lat' dir='ltr'><strong><em>Vita</em></strong></span> <span class='ocrx_word' id='word_1_208' title='bbox 2345 1619 2516 1672; x_wconf 88' lang='lat' dir='ltr'><strong>sancti</strong></span> <span class='ocrx_word' id='word_1_209' title='bbox 2543 1616 2882 1672; x_wconf 77' lang='lat' dir='ltr'><strong>Constantini</strong></span> <span class='ocrx_word' id='word_1_210' title='bbox 2920 1616 3053 1670; x_wconf 90' lang='lat' dir='ltr'><strong>libro</strong></span> <span class='ocrx_word' id='word_1_211' title='bbox 3083 1633 3135 1671; x_wconf 77' lang='grc' dir='ltr'><strong>ιν</strong></span> <span class='ocrx_word' id='word_1_212' title='bbox 3171 1615 3316 1686; x_wconf 87' lang='lat' dir='ltr'><strong>(cap.</strong></span> <span class='ocrx_word' id='word_1_213' title='bbox 3353 1615 3465 1686; x_wconf 78' lang='grc'><strong>15).</strong></span> 
     </span>
    </p>
   </div>
   <div class='ocr_carea' id='block_1_34' title="bbox 383 1705 1886 1784">
    <p class='ocr_par' dir='ltr' id='par_1_34' title="bbox 383 1707 1883 1782">
     <span class='ocr_line' id='line_1_36' title="bbox 383 1707 1883 1782; baseline 0.002 -24"><span class='ocrx_word' id='word_1_214' title='bbox 383 1725 401 1758; x_wconf 80' lang='grc' dir='ltr'><strong>ι</strong></span> <span class='ocrx_word' id='word_1_215' title='bbox 435 1708 575 1779; x_wconf 79' lang='grc' dir='ltr'>Ὄση</span> <span class='ocrx_word' id='word_1_216' title='bbox 607 1707 663 1761; x_wconf 83' lang='grc' dir='ltr'>δὲ</span> <span class='ocrx_word' id='word_1_217' title='bbox 693 1710 857 1763; x_wconf 79' lang='grc' dir='ltr'>αὑτοῦ</span> <span class='ocrx_word' id='word_1_218' title='bbox 890 1712 922 1782; x_wconf 80' lang='grc' dir='ltr'>ἡ</span> <span class='ocrx_word' id='word_1_219' title='bbox 954 1710 1132 1781; x_wconf 77' lang='grc' dir='ltr'>ψυχὴ,</span> <span class='ocrx_word' id='word_1_220' title='bbox 1166 1710 1401 1773; x_wconf 88' lang='grc' dir='ltr'>πίστεως</span> <span class='ocrx_word' id='word_1_221' title='bbox 1439 1707 1626 1762; x_wconf 78' lang='grc' dir='ltr'>ἐνθέου</span> <span class='ocrx_word' id='word_1_222' title='bbox 1665 1708 1883 1779; x_wconf 76' lang='grc' dir='ltr'>ἐστήρι-</span> 
     </span>
    </p>
   </div>
   <div class='ocr_carea' id='block_1_35' title="bbox 1997 1705 3573 1784">
    <p class='ocr_par' dir='ltr' id='par_1_35' title="bbox 2060 1705 3573 1776">
     <span class='ocr_line' id='line_1_37' title="bbox 2060 1705 3573 1776; baseline 0.002 -18"><span class='ocrx_word' id='word_1_223' title='bbox 2060 1724 2079 1758; x_wconf 80' lang='grc' dir='ltr'><strong>ι</strong></span> <span class='ocrx_word' id='word_1_224' title='bbox 2114 1705 2333 1773; x_wconf 87' lang='lat' dir='ltr'><strong>Quanto</strong></span> <span class='ocrx_word' id='word_1_225' title='bbox 2373 1715 2556 1762; x_wconf 90' lang='lat' dir='ltr'><strong>autem</strong></span> <span class='ocrx_word' id='word_1_226' title='bbox 2603 1706 2728 1762; x_wconf 87' lang='lat' dir='ltr'><strong>lidei</strong></span> <span class='ocrx_word' id='word_1_227' title='bbox 2757 1707 2955 1762; x_wconf 86' lang='lat' dir='ltr'><strong>robore</strong></span> <span class='ocrx_word' id='word_1_228' title='bbox 2996 1707 3221 1762; x_wconf 87' lang='lat' dir='ltr'><strong>animus</strong></span> <span class='ocrx_word' id='word_1_229' title='bbox 3255 1707 3375 1776; x_wconf 85' lang='lat' dir='ltr'><strong>ejus</strong></span> <span class='ocrx_word' id='word_1_230' title='bbox 3406 1706 3573 1762; x_wconf 85' lang='lat' dir='ltr'><strong>obﬁr-</strong></span> 
     </span>
    </p>
   </div>
   <div class='ocr_carea' id='block_1_36' title="bbox 307 1798 1885 1870">
    <p class='ocr_par' dir='ltr' id='par_1_36' title="bbox 307 1798 1885 1870">
     <span class='ocr_line' id='line_1_38' title="bbox 307 1798 1885 1870; baseline 0 -18"><span class='ocrx_word' id='word_1_231' title='bbox 307 1816 403 1852; x_wconf 87' lang='grc' dir='ltr'><strong>κτο</strong></span> <span class='ocrx_word' id='word_1_232' title='bbox 427 1798 672 1870; x_wconf 85' lang='grc' dir='ltr'>δυνάμει,</span> <span class='ocrx_word' id='word_1_233' title='bbox 703 1800 863 1868; x_wconf 84' lang='grc' dir='ltr'>μάθοι</span> <span class='ocrx_word' id='word_1_234' title='bbox 894 1800 960 1855; x_wconf 74' lang='grc' dir='ltr'>ἄν</span> <span class='ocrx_word' id='word_1_235' title='bbox 986 1818 1069 1865; x_wconf 82' lang='grc' dir='ltr'><strong>τις</strong></span> <span class='ocrx_word' id='word_1_236' title='bbox 1098 1801 1193 1854; x_wconf 80' lang='grc' dir='ltr'>καὶ</span> <span class='ocrx_word' id='word_1_237' title='bbox 1233 1803 1297 1854; x_wconf 81' lang='grc' dir='ltr'>ἐκ</span> <span class='ocrx_word' id='word_1_238' title='bbox 1337 1799 1511 1865; x_wconf 87' lang='grc' dir='ltr'>τοῦδε,</span> <span class='ocrx_word' id='word_1_239' title='bbox 1537 1799 1885 1870; x_wconf 81' lang='grc' dir='ltr'>λογιζόμενος</span> 
     </span>
    </p>
   </div>
   <div class='ocr_carea' id='block_1_37' title="bbox 305 1888 1886 1962">
    <p class='ocr_par' dir='ltr' id='par_1_37' title="bbox 305 1888 1886 1962">
     <span class='ocr_line' id='line_1_39' title="bbox 305 1888 1886 1962; baseline -0.001 -20"><span class='ocrx_word' id='word_1_240' title='bbox 305 1890 381 1952; x_wconf 82' lang='grc' dir='ltr'>ὡς</span> <span class='ocrx_word' id='word_1_241' title='bbox 402 1891 459 1942; x_wconf 80' lang='grc' dir='ltr'>ὲν</span> <span class='ocrx_word' id='word_1_242' title='bbox 478 1891 589 1953; x_wconf 86' lang='grc' dir='ltr'>τοῖς</span> <span class='ocrx_word' id='word_1_243' title='bbox 608 1892 829 1961; x_wconf 83' lang='grc' dir='ltr'>χρυσοῖς</span> <span class='ocrx_word' id='word_1_244' title='bbox 849 1891 1199 1961; x_wconf 84' lang='grc' dir='ltr'>νομίσμασιν,</span> <span class='ocrx_word' id='word_1_245' title='bbox 1220 1890 1381 1954; x_wconf 72' lang='grc' dir='ltr'>αὐτὸς</span> <span class='ocrx_word' id='word_1_246' title='bbox 1404 1888 1501 1962; x_wconf 85' lang='grc' dir='ltr'>τὴν</span> <span class='ocrx_word' id='word_1_247' title='bbox 1518 1890 1583 1942; x_wconf 87' lang='grc' dir='ltr'>αὑ</span> <span class='ocrx_word' id='word_1_248' title='bbox 1594 1888 1682 1942; x_wconf 88' lang='grc' dir='ltr'><strong>τοῦ</strong></span> <span class='ocrx_word' id='word_1_249' title='bbox 1702 1889 1886 1942; x_wconf 88' lang='grc' dir='ltr'>εἰκόνα</span> 
     </span>
    </p>
   </div>
   <div class='ocr_carea' id='block_1_38' title="bbox 304 1981 1884 2054">
    <p class='ocr_par' dir='ltr' id='par_1_38' title="bbox 304 1981 1884 2054">
     <span class='ocr_line' id='line_1_40' title="bbox 304 1981 1884 2054; baseline 0.001 -21"><span class='ocrx_word' id='word_1_250' title='bbox 304 1981 648 2052; x_wconf 85' lang='grc' dir='ltr'>διεγράφετο,</span> <span class='ocrx_word' id='word_1_251' title='bbox 699 1981 776 2047; x_wconf 86' lang='grc' dir='ltr'>ὼς</span> <span class='ocrx_word' id='word_1_252' title='bbox 810 1983 923 2037; x_wconf 84' lang='grc' dir='ltr'><strong>άνω</strong></span> <span class='ocrx_word' id='word_1_253' title='bbox 963 1982 1182 2053; x_wconf 82' lang='grc' dir='ltr'>βλέπειν</span> <span class='ocrx_word' id='word_1_254' title='bbox 1225 1983 1437 2049; x_wconf 85' lang='grc' dir='ltr'>δοκεῖν,</span> <span class='ocrx_word' id='word_1_255' title='bbox 1473 1982 1884 2054; x_wconf 81' lang='grc' dir='ltr'>ἁνατεταμὲνην</span> 
     </span>
    </p>
   </div>
   <div class='ocr_carea' id='block_1_39' title="bbox 306 2070 1886 2146">
    <p class='ocr_par' dir='ltr' id='par_1_39' title="bbox 306 2070 1886 2146">
     <span class='ocr_line' id='line_1_41' title="bbox 306 2070 1886 2146; baseline 0.002 -22"><span class='ocrx_word' id='word_1_256' title='bbox 306 2073 443 2143; x_wconf 81' lang='grc' dir='ltr'>πρὸς</span> <span class='ocrx_word' id='word_1_257' title='bbox 463 2072 616 2141; x_wconf 75' lang='grc' dir='ltr'>Θεὸν,</span> <span class='ocrx_word' id='word_1_258' title='bbox 640 2074 936 2145; x_wconf 83' lang='grc' dir='ltr'>εὐχομένου</span> <span class='ocrx_word' id='word_1_259' title='bbox 965 2075 1185 2146; x_wconf 85' lang='grc' dir='ltr'>τρόπον.</span> <span class='ocrx_word' id='word_1_260' title='bbox 1217 2074 1419 2129; x_wconf 84' lang='grc' dir='ltr'>Τούτου</span> <span class='ocrx_word' id='word_1_261' title='bbox 1457 2074 1555 2145; x_wconf 84' lang='grc' dir='ltr'>μὲν</span> <span class='ocrx_word' id='word_1_262' title='bbox 1575 2070 1666 2129; x_wconf 82' lang='grc' dir='ltr'><strong>οῦν</strong></span> <span class='ocrx_word' id='word_1_263' title='bbox 1695 2074 1766 2127; x_wconf 80' lang='grc' dir='ltr'>τὰ</span> <span class='ocrx_word' id='word_1_264' title='bbox 1794 2076 1886 2127; x_wconf 81' lang='grc' dir='ltr'><strong>ὲκ-</strong></span> 
     </span>
    </p>
   </div>
   <div class='ocr_carea' id='block_1_40' title="bbox 306 2163 1886 2238">
    <p class='ocr_par' dir='ltr' id='par_1_40' title="bbox 306 2163 1886 2238">
     <span class='ocr_line' id='line_1_42' title="bbox 306 2163 1886 2238; baseline 0.01 -23"><span class='ocrx_word' id='word_1_265' title='bbox 306 2163 628 2235; x_wconf 73' lang='grc' dir='ltr'>τυπὼματα,</span> <span class='ocrx_word' id='word_1_266' title='bbox 667 2165 786 2220; x_wconf 86' lang='grc' dir='ltr'>καθ’</span> <span class='ocrx_word' id='word_1_267' title='bbox 818 2166 946 2238; x_wconf 83' lang='grc' dir='ltr'>ὅλης</span> <span class='ocrx_word' id='word_1_268' title='bbox 970 2167 1069 2238; x_wconf 83' lang='grc' dir='ltr'>τῆς</span> <span class='ocrx_word' id='word_1_269' title='bbox 1105 2165 1393 2238; x_wconf 84' lang='grc' dir='ltr'>Ῥωμαίων</span> <span class='ocrx_word' id='word_1_270' title='bbox 1415 2167 1516 2237; x_wconf 79' lang='grc' dir='ltr'><strong>γῆς</strong></span> <span class='ocrx_word' id='word_1_271' title='bbox 1543 2180 1591 2232; x_wconf 66' lang='grc'><strong>³.</strong></span> <span class='ocrx_word' id='word_1_272' title='bbox 1626 2167 1683 2219; x_wconf 75' lang='grc' dir='ltr'>ὲν</span> <span class='ocrx_word' id='word_1_273' title='bbox 1702 2167 1886 2231; x_wconf 80' lang='grc' dir='ltr'>αὐτοῖς</span> 
     </span>
    </p>
   </div>
   <div class='ocr_carea' id='block_1_41' title="bbox 303 2256 1886 2327">
    <p class='ocr_par' dir='ltr' id='par_1_41' title="bbox 303 2256 1886 2327">
     <span class='ocr_line' id='line_1_43' title="bbox 303 2256 1886 2327; baseline 0.003 -18"><span class='ocrx_word' id='word_1_274' title='bbox 303 2256 360 2309; x_wconf 83' lang='grc' dir='ltr'>δὲ</span> <span class='ocrx_word' id='word_1_275' title='bbox 388 2257 500 2319; x_wconf 83' lang='grc' dir='ltr'>τοῖς</span> <span class='ocrx_word' id='word_1_276' title='bbox 529 2256 818 2327; x_wconf 84' lang='grc' dir='ltr'>βασιλείοις</span> <span class='ocrx_word' id='word_1_277' title='bbox 869 2258 1011 2312; x_wconf 81' lang='grc' dir='ltr'>κατά</span> <span class='ocrx_word' id='word_1_278' title='bbox 1055 2277 1206 2322; x_wconf 87' lang='grc' dir='ltr'>τινας</span> <span class='ocrx_word' id='word_1_279' title='bbox 1229 2258 1434 2324; x_wconf 84' lang='grc' dir='ltr'>πόλεις,</span> <span class='ocrx_word' id='word_1_280' title='bbox 1472 2261 1529 2312; x_wconf 82' lang='grc' dir='ltr'>ὲν</span> <span class='ocrx_word' id='word_1_281' title='bbox 1570 2261 1689 2322; x_wconf 85' lang='grc' dir='ltr'>ταῖς</span> <span class='ocrx_word' id='word_1_282' title='bbox 1718 2260 1798 2322; x_wconf 86' lang='grc' dir='ltr'><strong>εἰς</strong></span> <span class='ocrx_word' id='word_1_283' title='bbox 1825 2260 1886 2313; x_wconf 82' lang='grc' dir='ltr'>τὸ</span> 
     </span>
    </p>
   </div>
   <div class='ocr_carea' id='block_1_42' title="bbox 307 2348 1885 2422">
    <p class='ocr_par' dir='ltr' id='par_1_42' title="bbox 307 2348 1885 2422">
     <span class='ocr_line' id='line_1_44' title="bbox 307 2348 1885 2422; baseline 0.001 -21"><span class='ocrx_word' id='word_1_284' title='bbox 307 2348 580 2422; x_wconf 78' lang='grc' dir='ltr'>μετέωρον</span> <span class='ocrx_word' id='word_1_285' title='bbox 601 2348 711 2402; x_wconf 83' lang='grc' dir='ltr'><strong>τῶν</strong></span> <span class='ocrx_word' id='word_1_286' title='bbox 740 2350 1031 2422; x_wconf 89' lang='grc' dir='ltr'>προπύλων</span> <span class='ocrx_word' id='word_1_287' title='bbox 1056 2351 1444 2422; x_wconf 83' lang='grc' dir='ltr'>άνακειμέναις</span> <span class='ocrx_word' id='word_1_288' title='bbox 1467 2351 1689 2415; x_wconf 89' lang='grc' dir='ltr'>εἰκόσιν,</span> <span class='ocrx_word' id='word_1_289' title='bbox 1715 2350 1885 2415; x_wconf 82' lang='grc' dir='ltr'>ἑστὼς</span> 
     </span>
    </p>
   </div>
   <div class='ocr_carea' id='block_1_43' title="bbox 303 2437 1883 2513">
    <p class='ocr_par' dir='ltr' id='par_1_43' title="bbox 303 2437 1883 2513">
     <span class='ocr_line' id='line_1_45' title="bbox 303 2437 1883 2513; baseline -0.001 -21"><span class='ocrx_word' id='word_1_290' title='bbox 303 2437 483 2507; x_wconf 75' lang='grc' dir='ltr'>ὄρθιος</span> <span class='ocrx_word' id='word_1_291' title='bbox 511 2439 803 2513; x_wconf 81' lang='grc' dir='ltr'>ἐγράφετο,</span> <span class='ocrx_word' id='word_1_292' title='bbox 840 2442 951 2497; x_wconf 81' lang='grc' dir='ltr'>ἄνω</span> <span class='ocrx_word' id='word_1_293' title='bbox 977 2442 1077 2513; x_wconf 81' lang='grc' dir='ltr'>μὲν</span> <span class='ocrx_word' id='word_1_294' title='bbox 1107 2442 1188 2507; x_wconf 88' lang='grc' dir='ltr'><strong>εἰς</strong></span> <span class='ocrx_word' id='word_1_295' title='bbox 1208 2441 1299 2495; x_wconf 85' lang='grc' dir='ltr'>τὸν</span> <span class='ocrx_word' id='word_1_296' title='bbox 1319 2440 1548 2512; x_wconf 83' lang='grc' dir='ltr'>οὐρανὸν</span> <span class='ocrx_word' id='word_1_297' title='bbox 1573 2440 1883 2511; x_wconf 78' lang='grc' dir='ltr'>ἐμϐλέπων,</span> 
     </span>
    </p>
   </div>
   <div class='ocr_carea' id='block_1_44' title="bbox 304 2528 1886 2605">
    <p class='ocr_par' dir='ltr' id='par_1_44' title="bbox 304 2528 1886 2605">
     <span class='ocr_line' id='line_1_46' title="bbox 304 2528 1886 2605; baseline -0.001 -19"><span class='ocrx_word' id='word_1_298' title='bbox 304 2534 383 2586; x_wconf 84' lang='grc' dir='ltr'>τὼ</span> <span class='ocrx_word' id='word_1_299' title='bbox 406 2534 551 2603; x_wconf 87' lang='grc' dir='ltr'>χεῖρε</span> <span class='ocrx_word' id='word_1_300' title='bbox 584 2533 951 2603; x_wconf 82' lang='grc' dir='ltr'>ὲκτεταμένω,</span> <span class='ocrx_word' id='word_1_301' title='bbox 1002 2534 1295 2605; x_wconf 82' lang='grc' dir='ltr'>εὐχομένου</span> <span class='ocrx_word' id='word_1_302' title='bbox 1327 2535 1587 2604; x_wconf 83' lang='grc' dir='ltr'>σχήματι.</span> <span class='ocrx_word' id='word_1_303' title='bbox 1615 2528 1745 2585; x_wconf 78' lang='grc' dir='ltr'>Ὧδε</span> <span class='ocrx_word' id='word_1_304' title='bbox 1786 2534 1886 2604; x_wconf 88' lang='grc' dir='ltr'>μὲν</span> 
     </span>
    </p>
   </div>
   <div class='ocr_carea' id='block_1_45' title="bbox 254 2619 1886 2697">
    <p class='ocr_par' dir='ltr' id='par_1_45' title="bbox 254 2619 1886 2697">
     <span class='ocr_line' id='line_1_47' title="bbox 254 2619 1886 2697; baseline 0.001 -21"><span class='ocrx_word' id='word_1_305' title='bbox 254 2621 264 2628; x_wconf 85' lang='grc'><strong>’</strong></span> <span class='ocrx_word' id='word_1_306' title='bbox 304 2619 398 2678; x_wconf 77' lang='grc' dir='ltr'><strong>οὖν</strong></span> <span class='ocrx_word' id='word_1_307' title='bbox 426 2624 587 2689; x_wconf 83' lang='grc' dir='ltr'>αὐτὸς</span> <span class='ocrx_word' id='word_1_308' title='bbox 628 2625 822 2680; x_wconf 82' lang='grc' dir='ltr'>ἑαυτὸν</span> <span class='ocrx_word' id='word_1_309' title='bbox 869 2626 928 2679; x_wconf 68' lang='grc' dir='ltr'>ἐν</span> <span class='ocrx_word' id='word_1_310' title='bbox 957 2628 1078 2690; x_wconf 85' lang='grc' dir='ltr'>ταῖς</span> <span class='ocrx_word' id='word_1_311' title='bbox 1127 2625 1564 2697; x_wconf 80' lang='grc' dir='ltr'>εἰκονογραφίαις</span> <span class='ocrx_word' id='word_1_312' title='bbox 1593 2625 1886 2697; x_wconf 82' lang='grc' dir='ltr'>εὐχόμενον</span> 
     </span>
    </p>
   </div>
   <div class='ocr_carea' id='block_1_46' title="bbox 306 2716 591 2789">
    <p class='ocr_par' dir='ltr' id='par_1_46' title="bbox 306 2716 591 2789">
     <span class='ocr_line' id='line_1_48' title="bbox 306 2716 591 2789; baseline -0.025 0"><span class='ocrx_word' id='word_1_313' title='bbox 306 2716 528 2789; x_wconf 60' lang='lat'><strong>£93995?-</strong></span> <span class='ocrx_word' id='word_1_314' title='bbox 570 2735 591 2770; x_wconf 74' lang='grc' dir='ltr'><strong>ι</strong></span> 
     </span>
    </p>
   </div>
   <div class='ocr_carea' id='block_1_47' title="bbox 540 2891 1638 2961">
    <p class='ocr_par' dir='ltr' id='par_1_47' title="bbox 540 2891 1638 2961">
     <span class='ocr_line' id='line_1_49' title="bbox 540 2891 1638 2961; baseline 0 -14"><span class='ocrx_word' id='word_1_315' title='bbox 540 2892 650 2947; x_wconf 88' lang='grc' dir='ltr'><strong>Τοῦ</strong></span> <span class='ocrx_word' id='word_1_316' title='bbox 673 2892 882 2960; x_wconf 84' lang='grc' dir='ltr'>αὐτοῦ,</span> <span class='ocrx_word' id='word_1_317' title='bbox 912 2891 981 2946; x_wconf 80' lang='grc' dir='ltr'>ἐκ</span> <span class='ocrx_word' id='word_1_318' title='bbox 1014 2892 1120 2947; x_wconf 86' lang='grc' dir='ltr'><strong>τοῦ</strong></span> <span class='ocrx_word' id='word_1_319' title='bbox 1148 2892 1350 2961; x_wconf 82' lang='grc' dir='ltr'>τρίτου</span> <span class='ocrx_word' id='word_1_320' title='bbox 1370 2892 1638 2957; x_wconf 85' lang='grc' dir='ltr'>βιϐλίου.</span> 
     </span>
    </p>
   </div>
   <div class='ocr_carea' id='block_1_48' title="bbox 381 2975 1888 3059">
    <p class='ocr_par' dir='ltr' id='par_1_48' title="bbox 381 2975 1888 3059">
     <span class='ocr_line' id='line_1_50' title="bbox 381 2975 1888 3059; baseline 0.002 -24"><span class='ocrx_word' id='word_1_321' title='bbox 381 3001 400 3035; x_wconf 82' lang='grc' dir='ltr'><strong>ι</strong></span> <span class='ocrx_word' id='word_1_322' title='bbox 428 2975 558 3038; x_wconf 80' lang='grc' dir='ltr'>Ὧδε</span> <span class='ocrx_word' id='word_1_323' title='bbox 589 2983 689 3053; x_wconf 83' lang='grc' dir='ltr'>μὲν</span> <span class='ocrx_word' id='word_1_324' title='bbox 718 2980 812 3037; x_wconf 78' lang='grc' dir='ltr'><strong>οὖν</strong></span> <span class='ocrx_word' id='word_1_325' title='bbox 837 2986 869 3053; x_wconf 81' lang='grc' dir='ltr'>ἡ</span> <span class='ocrx_word' id='word_1_326' title='bbox 908 2983 1172 3053; x_wconf 81' lang='grc' dir='ltr'>βασιλέως</span> <span class='ocrx_word' id='word_1_327' title='bbox 1200 2983 1497 3059; x_wconf 54' lang='grc' dir='ltr'>ἐτελειοῦτο</span> <span class='ocrx_word' id='word_1_328' title='bbox 1530 2985 1735 3056; x_wconf 86' lang='grc' dir='ltr'>μήτηρ,</span> <span class='ocrx_word' id='word_1_329' title='bbox 1760 2984 1888 3049; x_wconf 83' lang='grc' dir='ltr'>ἀξία.</span> 
     </span>
    </p>
   </div>
   <div class='ocr_carea' id='block_1_49' title="bbox 1991 1796 3564 1867">
    <p class='ocr_par' dir='ltr' id='par_1_49' title="bbox 1991 1796 3564 1867">
     <span class='ocr_line' id='line_1_51' title="bbox 1991 1796 3564 1867; baseline 0.001 -16"><span class='ocrx_word' id='word_1_330' title='bbox 1991 1804 2177 1853; x_wconf 83' lang='lat' dir='ltr'><strong>matus</strong></span> <span class='ocrx_word' id='word_1_331' title='bbox 2208 1796 2390 1861; x_wconf 81' lang='lat' dir='ltr'><strong>fuerit,</strong></span> <span class='ocrx_word' id='word_1_332' title='bbox 2424 1811 2491 1852; x_wconf 80' lang='lat' dir='ltr'><strong>ex</strong></span> <span class='ocrx_word' id='word_1_333' title='bbox 2526 1811 2591 1853; x_wconf 90' lang='lat' dir='ltr'><strong>eo</strong></span> <span class='ocrx_word' id='word_1_334' title='bbox 2615 1797 2826 1867; x_wconf 86' lang='lat' dir='ltr'><strong>quisvis</strong></span> <span class='ocrx_word' id='word_1_335' title='bbox 2856 1797 3148 1867; x_wconf 80' lang='lat' dir='ltr'><strong>intelligat,</strong></span> <span class='ocrx_word' id='word_1_336' title='bbox 3180 1797 3323 1867; x_wconf 91' lang='lat' dir='ltr'><strong>quod</strong></span> <span class='ocrx_word' id='word_1_337' title='bbox 3379 1799 3564 1853; x_wconf 91' lang='lat' dir='ltr'><strong>aureis</strong></span> 
     </span>
    </p>
   </div>
   <div class='ocr_carea' id='block_1_50' title="bbox 1990 1887 3572 1958">
    <p class='ocr_par' dir='ltr' id='par_1_50' title="bbox 1990 1887 3572 1958">
     <span class='ocr_line' id='line_1_52' title="bbox 1990 1887 3572 1958; baseline -0.001 -15"><span class='ocrx_word' id='word_1_338' title='bbox 1990 1887 2046 1943; x_wconf 90' lang='lat' dir='ltr'><strong>in</strong></span> <span class='ocrx_word' id='word_1_339' title='bbox 2079 1888 2321 1943; x_wconf 89' lang='lat' dir='ltr'><strong>nummis</strong></span> <span class='ocrx_word' id='word_1_340' title='bbox 2348 1902 2503 1944; x_wconf 91' lang='lat' dir='ltr'><strong>suam</strong></span> <span class='ocrx_word' id='word_1_341' title='bbox 2534 1887 2653 1957; x_wconf 90' lang='lat' dir='ltr'><strong>ipse</strong></span> <span class='ocrx_word' id='word_1_342' title='bbox 2684 1887 2980 1958; x_wconf 79' lang='lat' dir='ltr'><strong>imaginem</strong></span> <span class='ocrx_word' id='word_1_343' title='bbox 3020 1887 3097 1940; x_wconf 91' lang='lat' dir='ltr'><strong>ita</strong></span> <span class='ocrx_word' id='word_1_344' title='bbox 3131 1888 3393 1958; x_wconf 81' lang='lat' dir='ltr'><strong>cogitavit</strong></span> <span class='ocrx_word' id='word_1_345' title='bbox 3420 1888 3572 1943; x_wconf 80' lang='lat' dir='ltr'><strong>ellin-</strong></span> 
     </span>
    </p>
   </div>
   <div class='ocr_carea' id='block_1_51' title="bbox 1992 1975 3573 2048">
    <p class='ocr_par' dir='ltr' id='par_1_51' title="bbox 1992 1975 3573 2048">
     <span class='ocr_line' id='line_1_53' title="bbox 1992 1975 3573 2048; baseline -0.002 -15"><span class='ocrx_word' id='word_1_346' title='bbox 1992 1978 2265 2048; x_wconf 84' lang='lat' dir='ltr'><strong>gendam,</strong></span> <span class='ocrx_word' id='word_1_347' title='bbox 2304 1987 2364 2033; x_wconf 92' lang='lat' dir='ltr'><strong>ut</strong></span> <span class='ocrx_word' id='word_1_348' title='bbox 2417 1979 2472 2033; x_wconf 92' lang='lat' dir='ltr'><strong>in</strong></span> <span class='ocrx_word' id='word_1_349' title='bbox 2520 1978 2887 2048; x_wconf 86' lang='lat' dir='ltr'><strong>supplicantis</strong></span> <span class='ocrx_word' id='word_1_350' title='bbox 2931 1977 3152 2032; x_wconf 91' lang='lat' dir='ltr'><strong>modum</strong></span> <span class='ocrx_word' id='word_1_351' title='bbox 3197 1991 3459 2033; x_wconf 80' lang='lat' dir='ltr'><strong>conversa</strong></span> <span class='ocrx_word' id='word_1_352' title='bbox 3502 1975 3573 2031; x_wconf 90' lang='lat' dir='ltr'><strong>ad</strong></span> 
     </span>
    </p>
   </div>
   <div class='ocr_carea' id='block_1_52' title="bbox 1992 2068 3572 2141">
    <p class='ocr_par' dir='ltr' id='par_1_52' title="bbox 1992 2068 3572 2141">
     <span class='ocr_line' id='line_1_54' title="bbox 1992 2068 3572 2141; baseline -0.003 -16"><span class='ocrx_word' id='word_1_353' title='bbox 1992 2069 2163 2125; x_wconf 90' lang='lat' dir='ltr'><strong>Deum</strong></span> <span class='ocrx_word' id='word_1_354' title='bbox 2223 2070 2386 2136; x_wconf 81' lang='lat' dir='ltr'><strong>facie,</strong></span> <span class='ocrx_word' id='word_1_355' title='bbox 2438 2079 2691 2141; x_wconf 89' lang='lat' dir='ltr'><strong>spectare</strong></span> <span class='ocrx_word' id='word_1_356' title='bbox 2744 2084 2967 2126; x_wconf 83' lang='lat' dir='ltr'><strong>sursum</strong></span> <span class='ocrx_word' id='word_1_357' title='bbox 3020 2068 3326 2126; x_wconf 85' lang='lat' dir='ltr'><strong>videretur.</strong></span> <span class='ocrx_word' id='word_1_358' title='bbox 3388 2068 3572 2137; x_wconf 83' lang='lat' dir='ltr'><strong>Atque</strong></span> 
     </span>
    </p>
   </div>
   <div class='ocr_carea' id='block_1_53' title="bbox 1990 2157 3571 2232">
    <p class='ocr_par' dir='ltr' id='par_1_53' title="bbox 1990 2157 3571 2232">
     <span class='ocr_line' id='line_1_55' title="bbox 1990 2157 3571 2232; baseline -0.001 -16"><span class='ocrx_word' id='word_1_359' title='bbox 1990 2161 2111 2232; x_wconf 87' lang='lat' dir='ltr'><strong>ejus</strong></span> <span class='ocrx_word' id='word_1_360' title='bbox 2142 2161 2365 2231; x_wconf 89' lang='lat' dir='ltr'><strong>quidem</strong></span> <span class='ocrx_word' id='word_1_361' title='bbox 2399 2161 2603 2232; x_wconf 85' lang='lat' dir='ltr'><strong>eliigies</strong></span> <span class='ocrx_word' id='word_1_362' title='bbox 2634 2162 2916 2232; x_wconf 68' lang='lat' dir='ltr'><strong>impressa:</strong></span> <span class='ocrx_word' id='word_1_363' title='bbox 2954 2175 3053 2230; x_wconf 91' lang='lat' dir='ltr'><strong>per</strong></span> <span class='ocrx_word' id='word_1_364' title='bbox 3102 2160 3414 2216; x_wconf 81' lang='lat' dir='ltr'><strong>universam</strong></span> <span class='ocrx_word' id='word_1_365' title='bbox 3458 2157 3571 2215; x_wconf 82' lang='lat' dir='ltr'><strong>Ro-</strong></span> 
     </span>
    </p>
   </div>
   <div class='ocr_carea' id='block_1_54' title="bbox 1991 2251 3575 2331">
    <p class='ocr_par' dir='ltr' id='par_1_54' title="bbox 1991 2251 3575 2331">
     <span class='ocr_line' id='line_1_56' title="bbox 1991 2251 3575 2331; baseline -0.001 -24"><span class='ocrx_word' id='word_1_366' title='bbox 1991 2267 2280 2307; x_wconf 86' lang='lat' dir='ltr'><strong>manorum</strong></span> <span class='ocrx_word' id='word_1_367' title='bbox 2300 2252 2577 2331; x_wconf 80' lang='lat' dir='ltr'><strong>ditionem</strong></span> <span class='ocrx_word' id='word_1_368' title='bbox 2630 2253 3054 2322; x_wconf 87' lang='lat' dir='ltr'><strong>spargebantur.</strong></span> <span class='ocrx_word' id='word_1_369' title='bbox 3093 2251 3438 2318; x_wconf 86' lang='lat' dir='ltr'><strong>Quibusdam</strong></span> <span class='ocrx_word' id='word_1_370' title='bbox 3473 2266 3575 2306; x_wconf 88' lang='lat' dir='ltr'><strong>au-</strong></span> 
     </span>
    </p>
   </div>
   <div class='ocr_carea' id='block_1_55' title="bbox 1991 2341 3578 2412">
    <p class='ocr_par' dir='ltr' id='par_1_55' title="bbox 1991 2341 3578 2412">
     <span class='ocr_line' id='line_1_57' title="bbox 1991 2341 3578 2412; baseline -0.001 -15"><span class='ocrx_word' id='word_1_371' title='bbox 1991 2350 2099 2398; x_wconf 90' lang='lat' dir='ltr'><strong>tem</strong></span> <span class='ocrx_word' id='word_1_372' title='bbox 2154 2343 2212 2397; x_wconf 88' lang='lat' dir='ltr'><strong>in</strong></span> <span class='ocrx_word' id='word_1_373' title='bbox 2263 2342 2581 2398; x_wconf 86' lang='lat' dir='ltr'><strong>civitatibus</strong></span> <span class='ocrx_word' id='word_1_374' title='bbox 2611 2343 2669 2397; x_wconf 92' lang='lat' dir='ltr'><strong>in</strong></span> <span class='ocrx_word' id='word_1_375' title='bbox 2701 2341 3055 2398; x_wconf 90' lang='lat' dir='ltr'><strong>eminentiori</strong></span> <span class='ocrx_word' id='word_1_376' title='bbox 3108 2342 3382 2412; x_wconf 89' lang='lat' dir='ltr'><strong>regiarum</strong></span> <span class='ocrx_word' id='word_1_377' title='bbox 3430 2341 3578 2412; x_wconf 83' lang='lat' dir='ltr'><strong>ipsa-</strong></span> 
     </span>
    </p>
   </div>
   <div class='ocr_carea' id='block_1_56' title="bbox 1991 2432 3578 2504">
    <p class='ocr_par' dir='ltr' id='par_1_56' title="bbox 1991 2432 3578 2504">
     <span class='ocr_line' id='line_1_58' title="bbox 1991 2432 3578 2504; baseline 0.001 -17"><span class='ocrx_word' id='word_1_378' title='bbox 1991 2448 2115 2488; x_wconf 92' lang='lat' dir='ltr'><strong>rum</strong></span> <span class='ocrx_word' id='word_1_379' title='bbox 2176 2434 2423 2503; x_wconf 89' lang='lat' dir='ltr'><strong>porticus</strong></span> <span class='ocrx_word' id='word_1_380' title='bbox 2476 2441 2635 2504; x_wconf 89' lang='lat' dir='ltr'><strong>parte</strong></span> <span class='ocrx_word' id='word_1_381' title='bbox 2692 2433 2958 2504; x_wconf 79' lang='lat' dir='ltr'><strong>imagines</strong></span> <span class='ocrx_word' id='word_1_382' title='bbox 3021 2433 3194 2503; x_wconf 91' lang='lat' dir='ltr'><strong>ipsius</strong></span> <span class='ocrx_word' id='word_1_383' title='bbox 3251 2434 3328 2487; x_wconf 89' lang='lat' dir='ltr'><strong>ita</strong></span> <span class='ocrx_word' id='word_1_384' title='bbox 3386 2432 3578 2503; x_wconf 90' lang='lat' dir='ltr'><strong>depin-</strong></span> 
     </span>
    </p>
   </div>
   <div class='ocr_carea' id='block_1_57' title="bbox 1992 2522 3577 2595">
    <p class='ocr_par' dir='ltr' id='par_1_57' title="bbox 1992 2522 3577 2595">
     <span class='ocr_line' id='line_1_59' title="bbox 1992 2522 3577 2595; baseline -0.001 -15"><span class='ocrx_word' id='word_1_385' title='bbox 1992 2525 2277 2595; x_wconf 81' lang='lat' dir='ltr'><strong>gebantur,</strong></span> <span class='ocrx_word' id='word_1_386' title='bbox 2311 2532 2375 2579; x_wconf 90' lang='lat' dir='ltr'><strong>ut</strong></span> <span class='ocrx_word' id='word_1_387' title='bbox 2409 2535 2594 2580; x_wconf 88' lang='lat' dir='ltr'><strong>rectus</strong></span> <span class='ocrx_word' id='word_1_388' title='bbox 2625 2524 2766 2594; x_wconf 89' lang='lat' dir='ltr'><strong>ipse,</strong></span> <span class='ocrx_word' id='word_1_389' title='bbox 2796 2523 3187 2593; x_wconf 88' lang='lat' dir='ltr'><strong>protensisque</strong></span> <span class='ocrx_word' id='word_1_390' title='bbox 3218 2522 3577 2594; x_wconf 88' lang='lat' dir='ltr'><strong>supplicantis</strong></span> 
     </span>
    </p>
   </div>
   <div class='ocr_carea' id='block_1_58' title="bbox 1992 2613 3577 2687">
    <p class='ocr_par' dir='ltr' id='par_1_58' title="bbox 1992 2613 3577 2687">
     <span class='ocr_line' id='line_1_60' title="bbox 1992 2613 3577 2687; baseline 0.001 -17"><span class='ocrx_word' id='word_1_391' title='bbox 1992 2630 2146 2671; x_wconf 88' lang='lat' dir='ltr'><strong>more</strong></span> <span class='ocrx_word' id='word_1_392' title='bbox 2181 2616 2435 2672; x_wconf 89' lang='lat' dir='ltr'><strong>manibus</strong></span> <span class='ocrx_word' id='word_1_393' title='bbox 2471 2624 2648 2685; x_wconf 88' lang='lat' dir='ltr'><strong>stans,</strong></span> <span class='ocrx_word' id='word_1_394' title='bbox 2696 2618 2896 2673; x_wconf 70' lang='lat' dir='ltr'><strong>malum</strong></span> <span class='ocrx_word' id='word_1_395' title='bbox 2940 2616 3271 2686; x_wconf 88' lang='lat' dir='ltr'><strong>suspiceret.</strong></span> <span class='ocrx_word' id='word_1_396' title='bbox 3322 2613 3416 2670; x_wconf 89' lang='lat' dir='ltr'><strong>Sic</strong></span> <span class='ocrx_word' id='word_1_397' title='bbox 3446 2630 3577 2687; x_wconf 82' lang='lat' dir='ltr'><strong>ergo</strong></span> 
     </span>
    </p>
   </div>
   <div class='ocr_carea' id='block_1_59' title="bbox 1993 2710 3578 2784">
    <p class='ocr_par' dir='ltr' id='par_1_59' title="bbox 1993 2710 3578 2784">
     <span class='ocr_line' id='line_1_61' title="bbox 1993 2710 3578 2784; baseline -0.001 -17"><span class='ocrx_word' id='word_1_398' title='bbox 1993 2712 2237 2780; x_wconf 89' lang='lat' dir='ltr'><strong>seipsum</strong></span> <span class='ocrx_word' id='word_1_399' title='bbox 2294 2711 2349 2766; x_wconf 94' lang='lat' dir='ltr'><strong>in</strong></span> <span class='ocrx_word' id='word_1_400' title='bbox 2404 2712 2638 2784; x_wconf 90' lang='lat' dir='ltr'><strong>picturis</strong></span> <span class='ocrx_word' id='word_1_401' title='bbox 2703 2710 2982 2782; x_wconf 90' lang='lat' dir='ltr'><strong>precantis</strong></span> <span class='ocrx_word' id='word_1_402' title='bbox 3028 2710 3221 2766; x_wconf 89' lang='lat' dir='ltr'><strong>habitu</strong></span> <span class='ocrx_word' id='word_1_403' title='bbox 3275 2723 3578 2782; x_wconf 47' lang='lat' dir='ltr'><strong>repraesen-</strong></span> 
     </span>
    </p>
   </div>
   <div class='ocr_carea' id='block_1_60' title="bbox 1993 2800 2229 2874">
    <p class='ocr_par' dir='ltr' id='par_1_60' title="bbox 1993 2800 2229 2874">
     <span class='ocr_line' id='line_1_62' title="bbox 1993 2800 2229 2874; baseline -0.004 0"><span class='ocrx_word' id='word_1_404' title='bbox 1993 2800 2167 2874; x_wconf 48' lang='lat' dir='ltr'><strong>tabat-</strong></span> <span class='ocrx_word' id='word_1_405' title='bbox 2208 2820 2229 2855; x_wconf 75' lang='grc' dir='ltr'><strong>ι</strong></span> 
     </span>
    </p>
   </div>
   <div class='ocr_carea' id='block_1_61' title="bbox 2422 2893 3152 2962">
    <p class='ocr_par' dir='ltr' id='par_1_61' title="bbox 2422 2893 3152 2962">
     <span class='ocr_line' id='line_1_63' title="bbox 2422 2893 3152 2962; baseline 0.003 -14"><span class='ocrx_word' id='word_1_406' title='bbox 2422 2893 2680 2962; x_wconf 79' lang='lat' dir='ltr'><strong>Ejusdem</strong></span> <span class='ocrx_word' id='word_1_407' title='bbox 2709 2910 2775 2950; x_wconf 77' lang='lat' dir='ltr'><strong>ex</strong></span> <span class='ocrx_word' id='word_1_408' title='bbox 2804 2894 2937 2950; x_wconf 82' lang='lat' dir='ltr'><strong>libro</strong></span> <span class='ocrx_word' id='word_1_409' title='bbox 2972 2894 3152 2950; x_wconf 82' lang='lat' dir='ltr'><strong>tertio.</strong></span> 
     </span>
    </p>
   </div>
   <div class='ocr_carea' id='block_1_62' title="bbox 2070 2984 3576 3059">
    <p class='ocr_par' dir='ltr' id='par_1_62' title="bbox 2070 2984 3576 3059">
     <span class='ocr_line' id='line_1_64' title="bbox 2070 2984 3576 3059; baseline 0.001 -20"><span class='ocrx_word' id='word_1_410' title='bbox 2070 3004 2090 3039; x_wconf 80' lang='grc' dir='ltr'><strong>ι</strong></span> <span class='ocrx_word' id='word_1_411' title='bbox 2127 2987 2244 3043; x_wconf 87' lang='lat' dir='ltr'><strong>Hoc</strong></span> <span class='ocrx_word' id='word_1_412' title='bbox 2283 2986 2450 3057; x_wconf 85' lang='lat' dir='ltr'><strong>igitur</strong></span> <span class='ocrx_word' id='word_1_413' title='bbox 2482 2987 2648 3042; x_wconf 90' lang='lat' dir='ltr'><strong>modo</strong></span> <span class='ocrx_word' id='word_1_414' title='bbox 2677 2987 3032 3057; x_wconf 85' lang='lat' dir='ltr'><strong>imperatoris</strong></span> <span class='ocrx_word' id='word_1_415' title='bbox 3061 2993 3236 3041; x_wconf 86' lang='lat' dir='ltr'><strong>mater</strong></span> <span class='ocrx_word' id='word_1_416' title='bbox 3262 2984 3450 3059; x_wconf 77' lang='lat' dir='ltr'><strong>vivere</strong></span> <span class='ocrx_word' id='word_1_417' title='bbox 3480 2985 3576 3041; x_wconf 89' lang='lat' dir='ltr'><strong>de-</strong></span> 
     </span>
    </p>
   </div>
   <div class='ocr_carea' id='block_1_63' title="bbox 304 3075 1886 3161">
    <p class='ocr_par' dir='ltr' id='par_1_63' title="bbox 304 3075 1886 3147">
     <span class='ocr_line' id='line_1_65' title="bbox 304 3075 1886 3147; baseline 0.001 -18"><span class='ocrx_word' id='word_1_418' title='bbox 304 3093 365 3129; x_wconf 86' lang='grc' dir='ltr'><strong>τε</strong></span> <span class='ocrx_word' id='word_1_419' title='bbox 394 3076 559 3147; x_wconf 78' lang='grc' dir='ltr'>τιμῆς</span> <span class='ocrx_word' id='word_1_420' title='bbox 591 3076 868 3146; x_wconf 76' lang='grc' dir='ltr'>πλείστης,</span> <span class='ocrx_word' id='word_1_421' title='bbox 931 3075 1039 3130; x_wconf 83' lang='grc' dir='ltr'><strong>τῶν</strong></span> <span class='ocrx_word' id='word_1_422' title='bbox 1090 3093 1151 3128; x_wconf 89' lang='grc' dir='ltr'><strong>τε</strong></span> <span class='ocrx_word' id='word_1_423' title='bbox 1192 3076 1365 3147; x_wconf 83' lang='grc' dir='ltr'>αὐτῆς</span> <span class='ocrx_word' id='word_1_424' title='bbox 1406 3076 1570 3130; x_wconf 74' lang='grc' dir='ltr'>ἕνεκα</span> <span class='ocrx_word' id='word_1_425' title='bbox 1626 3076 1886 3145; x_wconf 84' lang='grc' dir='ltr'>θεοφιλῶν</span> 
     </span>
    </p>
   </div>
   <div class='ocr_carea' id='block_1_64' title="bbox 1997 3075 3576 3161">
    <p class='ocr_par' dir='ltr' id='par_1_64' title="bbox 1997 3078 3576 3157">
     <span class='ocr_line' id='line_1_66' title="bbox 1997 3078 3576 3157; baseline -0.001 -24"><span class='ocrx_word' id='word_1_426' title='bbox 1997 3078 2103 3157; x_wconf 67' lang='lat' dir='ltr'><strong>siit,</strong></span> <span class='ocrx_word' id='word_1_427' title='bbox 2128 3094 2275 3149; x_wconf 73' lang='lat' dir='ltr'><strong>quae,</strong></span> <span class='ocrx_word' id='word_1_428' title='bbox 2298 3092 2422 3133; x_wconf 90' lang='lat' dir='ltr'><strong>cum</strong></span> <span class='ocrx_word' id='word_1_429' title='bbox 2454 3085 2681 3148; x_wconf 90' lang='lat' dir='ltr'><strong>propter</strong></span> <span class='ocrx_word' id='word_1_430' title='bbox 2727 3079 3011 3148; x_wconf 75' lang='lat' dir='ltr'><strong>religionis</strong></span> <span class='ocrx_word' id='word_1_431' title='bbox 3041 3092 3105 3133; x_wconf 88' lang='lat' dir='ltr'><strong>ac</strong></span> <span class='ocrx_word' id='word_1_432' title='bbox 3134 3078 3354 3149; x_wconf 88' lang='lat' dir='ltr'><strong>pietatis</strong></span> <span class='ocrx_word' id='word_1_433' title='bbox 3383 3093 3576 3148; x_wconf 85' lang='lat' dir='ltr'><strong>opera,</strong></span> 
     </span>
    </p>
   </div>
   <div class='ocr_carea' id='block_1_65' title="bbox 306 3166 1888 3239">
    <p class='ocr_par' dir='ltr' id='par_1_65' title="bbox 306 3166 1888 3239">
     <span class='ocr_line' id='line_1_67' title="bbox 306 3166 1888 3239; baseline 0.001 -19"><span class='ocrx_word' id='word_1_434' title='bbox 306 3166 580 3239; x_wconf 79' lang='grc' dir='ltr'>πράξεων,</span> <span class='ocrx_word' id='word_1_435' title='bbox 615 3167 710 3222; x_wconf 89' lang='grc' dir='ltr'><strong>τοῦ</strong></span> <span class='ocrx_word' id='word_1_436' title='bbox 761 3183 821 3220; x_wconf 88' lang='grc' dir='ltr'><strong>τε</strong></span> <span class='ocrx_word' id='word_1_437' title='bbox 876 3166 937 3232; x_wconf 77' lang='grc' dir='ltr'>ἐξ</span> <span class='ocrx_word' id='word_1_438' title='bbox 987 3167 1160 3239; x_wconf 80' lang='grc' dir='ltr'>αὐτῆς</span> <span class='ocrx_word' id='word_1_439' title='bbox 1213 3166 1409 3237; x_wconf 84' lang='grc' dir='ltr'>φύντος</span> <span class='ocrx_word' id='word_1_440' title='bbox 1444 3168 1755 3239; x_wconf 79' lang='grc' dir='ltr'>ὑπερφυοῦς</span> <span class='ocrx_word' id='word_1_441' title='bbox 1792 3170 1888 3222; x_wconf 80' lang='grc' dir='ltr'>καὶ</span> 
     </span>
    </p>
   </div>
   <div class='ocr_carea' id='block_1_66' title="bbox 306 3259 1889 3331">
    <p class='ocr_par' dir='ltr' id='par_1_66' title="bbox 306 3259 1889 3331">
     <span class='ocr_line' id='line_1_68' title="bbox 306 3259 1889 3331; baseline 0.001 -19"><span class='ocrx_word' id='word_1_442' title='bbox 306 3259 609 3329; x_wconf 78' lang='grc' dir='ltr'>παραδόξου</span> <span class='ocrx_word' id='word_1_443' title='bbox 658 3259 827 3328; x_wconf 87' lang='grc' dir='ltr'>φυτοῦ</span> <span class='ocrx_word' id='word_1_444' title='bbox 848 3274 861 3289; x_wconf 89' lang='grc'><strong>·</strong></span> <span class='ocrx_word' id='word_1_445' title='bbox 909 3259 968 3313; x_wconf 80' lang='grc' dir='ltr'>ὃν</span> <span class='ocrx_word' id='word_1_446' title='bbox 999 3259 1135 3329; x_wconf 87' lang='grc' dir='ltr'>πρὸς</span> <span class='ocrx_word' id='word_1_447' title='bbox 1186 3261 1300 3323; x_wconf 89' lang='grc' dir='ltr'>τοῖς</span> <span class='ocrx_word' id='word_1_448' title='bbox 1328 3260 1522 3327; x_wconf 82' lang='grc' dir='ltr'>ἆπασι,</span> <span class='ocrx_word' id='word_1_449' title='bbox 1561 3259 1656 3315; x_wconf 75' lang='grc' dir='ltr'>καὶ</span> <span class='ocrx_word' id='word_1_450' title='bbox 1682 3259 1781 3331; x_wconf 86' lang='grc' dir='ltr'><strong>τῆς</strong></span> <span class='ocrx_word' id='word_1_451' title='bbox 1808 3262 1889 3323; x_wconf 90' lang='grc' dir='ltr'><strong>εἰς</strong></span> 
     </span>
    </p>
   </div>
   <div class='ocr_carea' id='block_1_67' title="bbox 305 3349 1888 3423">
    <p class='ocr_par' dir='ltr' id='par_1_67' title="bbox 305 3349 1888 3423">
     <span class='ocr_line' id='line_1_69' title="bbox 305 3349 1888 3423; baseline 0.001 -19"><span class='ocrx_word' id='word_1_452' title='bbox 305 3352 405 3420; x_wconf 81' lang='grc' dir='ltr'>τὴν</span> <span class='ocrx_word' id='word_1_453' title='bbox 425 3349 833 3421; x_wconf 82' lang='grc' dir='ltr'>γεννησαμένην</span> <span class='ocrx_word' id='word_1_454' title='bbox 854 3351 1027 3415; x_wconf 84' lang='grc' dir='ltr'>ὁσίας,</span> <span class='ocrx_word' id='word_1_455' title='bbox 1054 3351 1377 3421; x_wconf 82' lang='grc' dir='ltr'>μακαρίζειν</span> <span class='ocrx_word' id='word_1_456' title='bbox 1400 3352 1569 3418; x_wconf 78' lang='grc' dir='ltr'>ἄξιον.</span> <span class='ocrx_word' id='word_1_457' title='bbox 1605 3351 1763 3405; x_wconf 77' lang='grc' dir='ltr'>Οὕτω</span> <span class='ocrx_word' id='word_1_458' title='bbox 1788 3352 1888 3423; x_wconf 85' lang='grc' dir='ltr'>μὲν</span> 
     </span>
    </p>
   </div>
   <div class='ocr_carea' id='block_1_68' title="bbox 306 3437 1886 3514">
    <p class='ocr_par' dir='ltr' id='par_1_68' title="bbox 306 3437 1886 3514">
     <span class='ocr_line' id='line_1_70' title="bbox 306 3437 1886 3514; baseline 0.001 -20"><span class='ocrx_word' id='word_1_459' title='bbox 306 3439 475 3511; x_wconf 81' lang='grc' dir='ltr'>αὐτὴν</span> <span class='ocrx_word' id='word_1_460' title='bbox 496 3439 720 3511; x_wconf 83' lang='grc' dir='ltr'>θεοσεϐῆ</span> <span class='ocrx_word' id='word_1_461' title='bbox 743 3444 1185 3511; x_wconf 86' lang='grc' dir='ltr'>καταστήσαντα,</span> <span class='ocrx_word' id='word_1_462' title='bbox 1221 3440 1296 3512; x_wconf 85' lang='grc' dir='ltr'>μὴ</span> <span class='ocrx_word' id='word_1_463' title='bbox 1317 3437 1481 3496; x_wconf 80' lang='grc' dir='ltr'>οὖσαν</span> <span class='ocrx_word' id='word_1_464' title='bbox 1510 3442 1571 3495; x_wconf 83' lang='grc' dir='ltr'>τὸ</span> <span class='ocrx_word' id='word_1_465' title='bbox 1600 3443 1886 3514; x_wconf 89' lang='grc' dir='ltr'>πρότερον,</span> 
     </span>
    </p>
   </div>
   <div class='ocr_carea' id='block_1_69' title="bbox 306 3530 1888 3605">
    <p class='ocr_par' dir='ltr' id='par_1_69' title="bbox 306 3530 1888 3605">
     <span class='ocr_line' id='line_1_71' title="bbox 306 3530 1888 3605; baseline 0.003 -21"><span class='ocrx_word' id='word_1_466' title='bbox 306 3531 383 3596; x_wconf 86' lang='grc' dir='ltr'><strong>ὡς</strong></span> <span class='ocrx_word' id='word_1_467' title='bbox 414 3530 564 3605; x_wconf 81' lang='grc' dir='ltr'><strong>αύτῷ</strong></span> <span class='ocrx_word' id='word_1_468' title='bbox 596 3531 771 3586; x_wconf 86' lang='grc' dir='ltr'>δοκεῖν</span> <span class='ocrx_word' id='word_1_469' title='bbox 802 3533 865 3585; x_wconf 83' lang='grc' dir='ltr'>ὲκ</span> <span class='ocrx_word' id='word_1_470' title='bbox 901 3532 1121 3603; x_wconf 83' lang='grc' dir='ltr'>πρώτης</span> <span class='ocrx_word' id='word_1_471' title='bbox 1144 3532 1221 3603; x_wconf 82' lang='grc' dir='ltr'>τῷ</span> <span class='ocrx_word' id='word_1_472' title='bbox 1258 3532 1422 3602; x_wconf 89' lang='grc' dir='ltr'>κοινῷ</span> <span class='ocrx_word' id='word_1_473' title='bbox 1464 3533 1680 3604; x_wconf 82' lang='grc' dir='ltr'>Σωτῆρι</span> <span class='ocrx_word' id='word_1_474' title='bbox 1708 3533 1888 3605; x_wconf 87' lang='grc' dir='ltr'>μεμά-</span> 
     </span>
    </p>
   </div>
   <div class='ocr_carea' id='block_1_70' title="bbox 307 3604 1888 3694">
    <p class='ocr_par' dir='ltr' id='par_1_70' title="bbox 307 3604 1888 3694">
     <span class='ocr_line' id='line_1_72' title="bbox 307 3604 1888 3694; baseline 0.003 -21"><span class='ocrx_word' id='word_1_475' title='bbox 307 3604 602 3692; x_wconf 70' lang='grc' dir='ltr'>θητξῦσθαι</span> <span class='ocrx_word' id='word_1_476' title='bbox 623 3638 636 3654; x_wconf 79' lang='grc' dir='ltr'><strong><em>ο</em></strong></span> <span class='ocrx_word' id='word_1_477' title='bbox 680 3621 823 3675; x_wconf 76' lang='grc' dir='ltr'>οὕτω</span> <span class='ocrx_word' id='word_1_478' title='bbox 860 3621 916 3675; x_wconf 83' lang='grc' dir='ltr'>δὲ</span> <span class='ocrx_word' id='word_1_479' title='bbox 938 3620 1018 3692; x_wconf 83' lang='grc' dir='ltr'>τῷ</span> <span class='ocrx_word' id='word_1_480' title='bbox 1050 3620 1324 3693; x_wconf 80' lang='grc' dir='ltr'>ἀξιώματι</span> <span class='ocrx_word' id='word_1_481' title='bbox 1369 3621 1636 3692; x_wconf 82' lang='grc' dir='ltr'>βασιλικῷ</span> <span class='ocrx_word' id='word_1_482' title='bbox 1664 3604 1888 3694; x_wconf 87' lang='grc' dir='ltr'>τετιμη-</span> 
     </span>
    </p>
   </div>
   <div class='ocr_carea' id='block_1_71' title="bbox 306 3710 1888 3785">
    <p class='ocr_par' dir='ltr' id='par_1_71' title="bbox 306 3710 1888 3785">
     <span class='ocr_line' id='line_1_73' title="bbox 306 3710 1888 3785; baseline 0.003 -21"><span class='ocrx_word' id='word_1_483' title='bbox 306 3710 461 3776; x_wconf 86' lang='grc' dir='ltr'>κότα,</span> <span class='ocrx_word' id='word_1_484' title='bbox 492 3710 567 3776; x_wconf 83' lang='grc' dir='ltr'><strong>ὡς</strong></span> <span class='ocrx_word' id='word_1_485' title='bbox 586 3713 644 3766; x_wconf 80' lang='grc' dir='ltr'>ὲν</span> <span class='ocrx_word' id='word_1_486' title='bbox 672 3711 872 3766; x_wconf 75' lang='grc' dir='ltr'>ἅπασιν</span> <span class='ocrx_word' id='word_1_487' title='bbox 893 3710 1092 3778; x_wconf 74' lang='grc' dir='ltr'>ἔθνεσι,</span> <span class='ocrx_word' id='word_1_488' title='bbox 1120 3712 1217 3765; x_wconf 76' lang='grc' dir='ltr'>καὶ</span> <span class='ocrx_word' id='word_1_489' title='bbox 1236 3711 1367 3783; x_wconf 79' lang='grc' dir='ltr'>παρ’</span> <span class='ocrx_word' id='word_1_490' title='bbox 1386 3712 1571 3776; x_wconf 76' lang='grc' dir='ltr'>αὐτοῖς</span> <span class='ocrx_word' id='word_1_491' title='bbox 1592 3714 1703 3777; x_wconf 86' lang='grc' dir='ltr'>τοῖς</span> <span class='ocrx_word' id='word_1_492' title='bbox 1726 3731 1888 3785; x_wconf 85' lang='grc' dir='ltr'>στρα-</span> 
     </span>
    </p>
   </div>
   <div class='ocr_carea' id='block_1_72' title="bbox 306 3801 1887 3874">
    <p class='ocr_par' dir='ltr' id='par_1_72' title="bbox 306 3801 1887 3874">
     <span class='ocr_line' id='line_1_74' title="bbox 306 3801 1887 3874; baseline 0.001 -20"><span class='ocrx_word' id='word_1_493' title='bbox 306 3804 577 3866; x_wconf 83' lang='grc' dir='ltr'>τιωτικοῖς</span> <span class='ocrx_word' id='word_1_494' title='bbox 622 3804 918 3874; x_wconf 81' lang='grc' dir='ltr'>τάγμασιν,</span> <span class='ocrx_word' id='word_1_495' title='bbox 950 3804 1311 3873; x_wconf 78' lang='grc' dir='ltr'>Αὺγούσταν</span> <span class='ocrx_word' id='word_1_496' title='bbox 1341 3801 1639 3866; x_wconf 76' lang='grc' dir='ltr'>βασιλίδα</span> <span class='ocrx_word' id='word_1_497' title='bbox 1689 3804 1887 3872; x_wconf 81' lang='grc' dir='ltr'>ἀναγο-</span> 
     </span>
    </p>
   </div>
   <div class='ocr_carea' id='block_1_73' title="bbox 312 3889 1889 3964">
    <p class='ocr_par' dir='ltr' id='par_1_73' title="bbox 312 3889 1889 3964">
     <span class='ocr_line' id='line_1_75' title="bbox 312 3889 1889 3964; baseline 0.001 -21"><span class='ocrx_word' id='word_1_498' title='bbox 312 3889 589 3961; x_wconf 87' lang='grc' dir='ltr'>ρεύεσθαι,</span> <span class='ocrx_word' id='word_1_499' title='bbox 620 3895 844 3963; x_wconf 81' lang='grc' dir='ltr'>χρυσοῖς</span> <span class='ocrx_word' id='word_1_500' title='bbox 878 3910 937 3946; x_wconf 85' lang='grc' dir='ltr'><strong>τε</strong></span> <span class='ocrx_word' id='word_1_501' title='bbox 968 3892 1269 3964; x_wconf 85' lang='grc' dir='ltr'>νομίσμασι</span> <span class='ocrx_word' id='word_1_502' title='bbox 1299 3891 1395 3945; x_wconf 74' lang='grc' dir='ltr'>καὶ</span> <span class='ocrx_word' id='word_1_503' title='bbox 1416 3890 1513 3962; x_wconf 81' lang='grc' dir='ltr'>τὴν</span> <span class='ocrx_word' id='word_1_504' title='bbox 1538 3890 1710 3963; x_wconf 76' lang='grc' dir='ltr'>αὐτῇς</span> <span class='ocrx_word' id='word_1_505' title='bbox 1730 3894 1889 3946; x_wconf 81' lang='grc' dir='ltr'>ὲκτυ-</span> 
     </span>
    </p>
   </div>
   <div class='ocr_carea' id='block_1_74' title="bbox 311 3986 827 4044">
    <p class='ocr_par' dir='ltr' id='par_1_74' title="bbox 311 3986 827 4044">
     <span class='ocr_line' id='line_1_76' title="bbox 311 3986 827 4044; baseline -0.008 -1"><span class='ocrx_word' id='word_1_506' title='bbox 311 3987 541 4044; x_wconf 84' lang='grc' dir='ltr'>ποῦσθαι</span> <span class='ocrx_word' id='word_1_507' title='bbox 565 3986 770 4041; x_wconf 80' lang='grc' dir='ltr'>εἰκόνα.</span> <span class='ocrx_word' id='word_1_508' title='bbox 808 4005 827 4039; x_wconf 70' lang='grc' dir='ltr'><strong>ι</strong></span> 
     </span>
    </p>
   </div>
   <div class='ocr_carea' id='block_1_75' title="bbox 456 4243 1744 4316">
    <p class='ocr_par' dir='ltr' id='par_1_75' title="bbox 456 4243 1744 4316">
     <span class='ocr_line' id='line_1_77' title="bbox 456 4243 1744 4316; baseline -0.005 -12"><span class='ocrx_word' id='word_1_509' title='bbox 456 4248 568 4304; x_wconf 84' lang='grc' dir='ltr'>Τοῦ</span> <span class='ocrx_word' id='word_1_510' title='bbox 598 4246 787 4303; x_wconf 83' lang='grc' dir='ltr'>αὐτοῦ</span> <span class='ocrx_word' id='word_1_511' title='bbox 820 4245 1102 4316; x_wconf 82' lang='grc' dir='ltr'>τετάρτου</span> <span class='ocrx_word' id='word_1_512' title='bbox 1133 4245 1343 4316; x_wconf 76' lang='grc' dir='ltr'>λόγου,</span> <span class='ocrx_word' id='word_1_513' title='bbox 1389 4245 1603 4313; x_wconf 74' lang='grc' dir='ltr'>κεφαλ.</span> <span class='ocrx_word' id='word_1_514' title='bbox 1636 4243 1744 4309; x_wconf 66' lang='grc' dir='ltr'><strong>ἔθ’.</strong></span> 
     </span>
    </p>
   </div>
   <div class='ocr_carea' id='block_1_76' title="bbox 250 4334 1885 4411">
    <p class='ocr_par' dir='ltr' id='par_1_76' title="bbox 250 4334 1885 4411">
     <span class='ocr_line' id='line_1_78' title="bbox 250 4334 1885 4411; baseline -0.006 -16"><span class='ocrx_word' id='word_1_515' title='bbox 250 4392 255 4403; x_wconf 81' lang='grc'><strong>,</strong></span> <span class='ocrx_word' id='word_1_516' title='bbox 279 4364 284 4387; x_wconf 68' lang='grc' dir='ltr'><strong>ι</strong></span> <span class='ocrx_word' id='word_1_517' title='bbox 384 4360 404 4394; x_wconf 77' lang='grc' dir='ltr'><strong>ι</strong></span> <span class='ocrx_word' id='word_1_518' title='bbox 437 4341 501 4394; x_wconf 91' lang='grc' dir='ltr'><strong>Οἱ</strong></span> <span class='ocrx_word' id='word_1_519' title='bbox 521 4339 578 4395; x_wconf 79' lang='grc' dir='ltr'>δὲ</span> <span class='ocrx_word' id='word_1_520' title='bbox 610 4339 709 4411; x_wconf 83' lang='grc' dir='ltr'>τὴν</span> <span class='ocrx_word' id='word_1_521' title='bbox 730 4337 977 4409; x_wconf 82' lang='grc' dir='ltr'>βασιλίδα</span> <span class='ocrx_word' id='word_1_522' title='bbox 1001 4337 1154 4391; x_wconf 89' lang='grc' dir='ltr'>πόλιν</span> <span class='ocrx_word' id='word_1_523' title='bbox 1179 4335 1472 4401; x_wconf 85' lang='grc' dir='ltr'>οἰκοῦντες,</span> <span class='ocrx_word' id='word_1_524' title='bbox 1498 4334 1637 4407; x_wconf 48' lang='grc' dir='ltr'>αύτῇ</span> <span class='ocrx_word' id='word_1_525' title='bbox 1664 4336 1730 4406; x_wconf 78' lang='grc' dir='ltr'><strong>τῇ</strong></span> <span class='ocrx_word' id='word_1_526' title='bbox 1754 4350 1885 4403; x_wconf 87' lang='grc' dir='ltr'>συγ-</span> 
     </span>
    </p>
   </div>
   <div class='ocr_carea' id='block_1_77' title="bbox 1990 3169 3577 3241">
    <p class='ocr_par' dir='ltr' id='par_1_77' title="bbox 1990 3169 3577 3241">
     <span class='ocr_line' id='line_1_79' title="bbox 1990 3169 3577 3241; baseline -0.001 -15"><span class='ocrx_word' id='word_1_527' title='bbox 1990 3171 2186 3227; x_wconf 91' lang='lat' dir='ltr'><strong>honori</strong></span> <span class='ocrx_word' id='word_1_528' title='bbox 2224 3171 2462 3239; x_wconf 90' lang='lat' dir='ltr'><strong>plurimo</strong></span> <span class='ocrx_word' id='word_1_529' title='bbox 2505 3170 2671 3241; x_wconf 90' lang='lat' dir='ltr'><strong>digna</strong></span> <span class='ocrx_word' id='word_1_530' title='bbox 2719 3169 2843 3236; x_wconf 82' lang='lat' dir='ltr'><strong>fuit,</strong></span> <span class='ocrx_word' id='word_1_531' title='bbox 2876 3179 2992 3224; x_wconf 87' lang='lat' dir='ltr'><strong>tum</strong></span> <span class='ocrx_word' id='word_1_532' title='bbox 3031 3177 3256 3241; x_wconf 90' lang='lat' dir='ltr'><strong>propter</strong></span> <span class='ocrx_word' id='word_1_533' title='bbox 3293 3170 3577 3226; x_wconf 80' lang='lat' dir='ltr'><strong>excellen-</strong></span> 
     </span>
    </p>
   </div>
   <div class='ocr_carea' id='block_1_78' title="bbox 1992 3260 3573 3332">
    <p class='ocr_par' dir='ltr' id='par_1_78' title="bbox 1992 3260 3573 3332">
     <span class='ocr_line' id='line_1_80' title="bbox 1992 3260 3573 3332; baseline -0.002 -14"><span class='ocrx_word' id='word_1_534' title='bbox 1992 3270 2100 3318; x_wconf 87' lang='lat' dir='ltr'><strong>tem</strong></span> <span class='ocrx_word' id='word_1_535' title='bbox 2123 3268 2179 3317; x_wconf 90' lang='lat' dir='ltr'><strong>et</strong></span> <span class='ocrx_word' id='word_1_536' title='bbox 2210 3260 2594 3316; x_wconf 90' lang='lat' dir='ltr'><strong>admirabilem</strong></span> <span class='ocrx_word' id='word_1_537' title='bbox 2630 3261 2875 3332; x_wconf 90' lang='lat' dir='ltr'><strong>plantam</strong></span> <span class='ocrx_word' id='word_1_538' title='bbox 2912 3261 3064 3316; x_wconf 89' lang='lat' dir='ltr'><strong>illam</strong></span> <span class='ocrx_word' id='word_1_539' title='bbox 3096 3274 3265 3331; x_wconf 88' lang='lat' dir='ltr'><strong>quam</strong></span> <span class='ocrx_word' id='word_1_540' title='bbox 3296 3274 3364 3316; x_wconf 81' lang='lat' dir='ltr'><strong>ex</strong></span> <span class='ocrx_word' id='word_1_541' title='bbox 3389 3276 3448 3317; x_wconf 91' lang='lat' dir='ltr'><strong>se</strong></span> <span class='ocrx_word' id='word_1_542' title='bbox 3477 3275 3573 3331; x_wconf 81' lang='lat' dir='ltr'><strong>ge-</strong></span> 
     </span>
    </p>
   </div>
   <div class='ocr_carea' id='block_1_79' title="bbox 1989 3349 3574 3421">
    <p class='ocr_par' dir='ltr' id='par_1_79' title="bbox 1989 3349 3574 3421">
     <span class='ocr_line' id='line_1_81' title="bbox 1989 3349 3574 3421; baseline 0 -15"><span class='ocrx_word' id='word_1_543' title='bbox 1989 3354 2141 3417; x_wconf 89' lang='lat' dir='ltr'><strong>nuit;</strong></span> <span class='ocrx_word' id='word_1_544' title='bbox 2183 3366 2354 3421; x_wconf 90' lang='lat' dir='ltr'><strong>quem</strong></span> <span class='ocrx_word' id='word_1_545' title='bbox 2384 3350 2627 3421; x_wconf 87' lang='lat' dir='ltr'><strong>quidem,</strong></span> <span class='ocrx_word' id='word_1_546' title='bbox 2660 3366 2787 3405; x_wconf 92' lang='lat' dir='ltr'><strong>cum</strong></span> <span class='ocrx_word' id='word_1_547' title='bbox 2824 3352 3089 3408; x_wconf 89' lang='lat' dir='ltr'><strong>omnibus</strong></span> <span class='ocrx_word' id='word_1_548' title='bbox 3121 3351 3246 3407; x_wconf 87' lang='lat' dir='ltr'><strong>aliis</strong></span> <span class='ocrx_word' id='word_1_549' title='bbox 3270 3349 3340 3407; x_wconf 92' lang='lat' dir='ltr'><strong>de</strong></span> <span class='ocrx_word' id='word_1_550' title='bbox 3367 3351 3574 3418; x_wconf 89' lang='lat' dir='ltr'><strong>causis,</strong></span> 
     </span>
    </p>
   </div>
   <div class='ocr_carea' id='block_1_80' title="bbox 1988 3441 3577 3512">
    <p class='ocr_par' dir='ltr' id='par_1_80' title="bbox 1988 3441 3577 3512">
     <span class='ocr_line' id='line_1_82' title="bbox 1988 3441 3577 3512; baseline 0 -15"><span class='ocrx_word' id='word_1_551' title='bbox 1988 3451 2103 3497; x_wconf 90' lang='lat' dir='ltr'><strong>tum</strong></span> <span class='ocrx_word' id='word_1_552' title='bbox 2137 3442 2208 3497; x_wconf 94' lang='lat' dir='ltr'><strong>ob</strong></span> <span class='ocrx_word' id='word_1_553' title='bbox 2236 3443 2359 3512; x_wconf 87' lang='lat' dir='ltr'><strong>ejus</strong></span> <span class='ocrx_word' id='word_1_554' title='bbox 2384 3455 2514 3512; x_wconf 88' lang='lat' dir='ltr'><strong>erga</strong></span> <span class='ocrx_word' id='word_1_555' title='bbox 2542 3449 2780 3496; x_wconf 89' lang='lat' dir='ltr'><strong>matrem</strong></span> <span class='ocrx_word' id='word_1_556' title='bbox 2811 3442 3069 3512; x_wconf 87' lang='lat' dir='ltr'><strong>pietatem</strong></span> <span class='ocrx_word' id='word_1_557' title='bbox 3112 3442 3334 3497; x_wconf 80' lang='lat' dir='ltr'><strong>beatum</strong></span> <span class='ocrx_word' id='word_1_558' title='bbox 3378 3441 3577 3512; x_wconf 48' lang='lat' dir='ltr'><strong>praedi-</strong></span> 
     </span>
    </p>
   </div>
   <div class='ocr_carea' id='block_1_81' title="bbox 1989 3532 3575 3603">
    <p class='ocr_par' dir='ltr' id='par_1_81' title="bbox 1989 3532 3575 3603">
     <span class='ocr_line' id='line_1_83' title="bbox 1989 3532 3575 3603; baseline 0 -14"><span class='ocrx_word' id='word_1_559' title='bbox 1989 3548 2118 3589; x_wconf 89' lang='lat' dir='ltr'><strong>care</strong></span> <span class='ocrx_word' id='word_1_560' title='bbox 2147 3533 2454 3589; x_wconf 88' lang='lat' dir='ltr'><strong>debemus:</strong></span> <span class='ocrx_word' id='word_1_561' title='bbox 2508 3532 2716 3603; x_wconf 90' lang='lat' dir='ltr'><strong>quippe</strong></span> <span class='ocrx_word' id='word_1_562' title='bbox 2759 3533 2856 3603; x_wconf 91' lang='lat' dir='ltr'><strong>qui</strong></span> <span class='ocrx_word' id='word_1_563' title='bbox 2909 3533 3079 3599; x_wconf 89' lang='lat' dir='ltr'><strong>illam,</strong></span> <span class='ocrx_word' id='word_1_564' title='bbox 3112 3547 3237 3588; x_wconf 91' lang='lat' dir='ltr'><strong>cum</strong></span> <span class='ocrx_word' id='word_1_565' title='bbox 3272 3532 3369 3588; x_wconf 89' lang='lat' dir='ltr'><strong>Dei</strong></span> <span class='ocrx_word' id='word_1_566' title='bbox 3401 3534 3575 3589; x_wconf 90' lang='lat' dir='ltr'><strong>cultui</strong></span> 
     </span>
    </p>
   </div>
   <div class='ocr_carea' id='block_1_82' title="bbox 1988 3622 3576 3694">
    <p class='ocr_par' dir='ltr' id='par_1_82' title="bbox 1988 3622 3576 3694">
     <span class='ocr_line' id='line_1_84' title="bbox 1988 3622 3576 3694; baseline 0.001 -16"><span class='ocrx_word' id='word_1_567' title='bbox 1988 3623 2204 3680; x_wconf 87' lang='lat' dir='ltr'><strong>addicta</strong></span> <span class='ocrx_word' id='word_1_568' title='bbox 2229 3623 2382 3694; x_wconf 92' lang='lat' dir='ltr'><strong>prius</strong></span> <span class='ocrx_word' id='word_1_569' title='bbox 2411 3637 2523 3677; x_wconf 92' lang='lat' dir='ltr'><strong>non</strong></span> <span class='ocrx_word' id='word_1_570' title='bbox 2553 3630 2720 3689; x_wconf 90' lang='lat' dir='ltr'><strong>esset,</strong></span> <span class='ocrx_word' id='word_1_571' title='bbox 2756 3624 2839 3680; x_wconf 90' lang='lat' dir='ltr'><strong>sic</strong></span> <span class='ocrx_word' id='word_1_572' title='bbox 2868 3624 3190 3693; x_wconf 78' lang='lat' dir='ltr'><strong>religiosam</strong></span> <span class='ocrx_word' id='word_1_573' title='bbox 3222 3622 3482 3691; x_wconf 89' lang='lat' dir='ltr'><strong>reddidit,</strong></span> <span class='ocrx_word' id='word_1_574' title='bbox 3516 3636 3576 3680; x_wconf 90' lang='lat' dir='ltr'><strong>ut</strong></span> 
     </span>
    </p>
   </div>
   <div class='ocr_carea' id='block_1_83' title="bbox 1988 3714 3578 3787">
    <p class='ocr_par' dir='ltr' id='par_1_83' title="bbox 1988 3714 3578 3787">
     <span class='ocr_line' id='line_1_85' title="bbox 1988 3714 3578 3787; baseline 0.001 -17"><span class='ocrx_word' id='word_1_575' title='bbox 1988 3729 2019 3770; x_wconf 92' lang='lat' dir='ltr'><strong>a</strong></span> <span class='ocrx_word' id='word_1_576' title='bbox 2050 3716 2311 3787; x_wconf 79' lang='lat' dir='ltr'><strong>primaeva</strong></span> <span class='ocrx_word' id='word_1_577' title='bbox 2348 3720 2511 3769; x_wconf 67' lang='lat' dir='ltr'><strong>aetate</strong></span> <span class='ocrx_word' id='word_1_578' title='bbox 2563 3728 2595 3769; x_wconf 92' lang='lat' dir='ltr'><strong>a</strong></span> <span class='ocrx_word' id='word_1_579' title='bbox 2645 3716 2929 3770; x_wconf 89' lang='lat' dir='ltr'><strong>communi</strong></span> <span class='ocrx_word' id='word_1_580' title='bbox 2981 3715 3229 3770; x_wconf 91' lang='lat' dir='ltr'><strong>omnium</strong></span> <span class='ocrx_word' id='word_1_581' title='bbox 3290 3714 3578 3771; x_wconf 81' lang='lat' dir='ltr'><strong>Salvatore</strong></span> 
     </span>
    </p>
   </div>
   <div class='ocr_carea' id='block_1_84' title="bbox 1986 3804 3577 3877">
    <p class='ocr_par' dir='ltr' id='par_1_84' title="bbox 1986 3804 3577 3877">
     <span class='ocr_line' id='line_1_86' title="bbox 1986 3804 3577 3877; baseline -0.001 -15"><span class='ocrx_word' id='word_1_582' title='bbox 1986 3806 2200 3862; x_wconf 89' lang='lat' dir='ltr'><strong>erudita</strong></span> <span class='ocrx_word' id='word_1_583' title='bbox 2230 3805 2528 3861; x_wconf 83' lang='lat' dir='ltr'><strong>videretur.</strong></span> <span class='ocrx_word' id='word_1_584' title='bbox 2557 3804 2733 3876; x_wconf 89' lang='lat' dir='ltr'><strong>Ipsam</strong></span> <span class='ocrx_word' id='word_1_585' title='bbox 2759 3805 2980 3861; x_wconf 91' lang='lat' dir='ltr'><strong>demum</strong></span> <span class='ocrx_word' id='word_1_586' title='bbox 3016 3806 3372 3877; x_wconf 89' lang='lat' dir='ltr'><strong>imperatoria</strong></span> <span class='ocrx_word' id='word_1_587' title='bbox 3399 3805 3577 3877; x_wconf 84' lang='lat' dir='ltr'><strong>digni-</strong></span> 
     </span>
    </p>
   </div>
   <div class='ocr_carea' id='block_1_85' title="bbox 1987 3894 3574 3967">
    <p class='ocr_par' dir='ltr' id='par_1_85' title="bbox 1987 3894 3574 3967">
     <span class='ocr_line' id='line_1_87' title="bbox 1987 3894 3574 3967; baseline 0.003 -20"><span class='ocrx_word' id='word_1_588' title='bbox 1987 3902 2098 3949; x_wconf 88' lang='lat' dir='ltr'><strong>tate</strong></span> <span class='ocrx_word' id='word_1_589' title='bbox 2127 3894 2527 3958; x_wconf 85' lang='lat' dir='ltr'><strong>cobonestavit,</strong></span> <span class='ocrx_word' id='word_1_590' title='bbox 2560 3904 2621 3949; x_wconf 93' lang='lat' dir='ltr'><strong>ut</strong></span> <span class='ocrx_word' id='word_1_591' title='bbox 2667 3895 2810 3965; x_wconf 88' lang='lat' dir='ltr'><strong>apud</strong></span> <span class='ocrx_word' id='word_1_592' title='bbox 2846 3910 3038 3953; x_wconf 90' lang='lat' dir='ltr'><strong>omnes</strong></span> <span class='ocrx_word' id='word_1_593' title='bbox 3067 3903 3259 3967; x_wconf 76' lang='lat' dir='ltr'><strong>gentes</strong></span> <span class='ocrx_word' id='word_1_594' title='bbox 3283 3939 3298 3964; x_wconf 89' lang='lat'><strong>,</strong></span> <span class='ocrx_word' id='word_1_595' title='bbox 3355 3910 3574 3952; x_wconf 89' lang='lat' dir='ltr'><strong>necnon</strong></span> 
     </span>
    </p>
   </div>
   <div class='ocr_carea' id='block_1_86' title="bbox 1988 3983 3575 4059">
    <p class='ocr_par' dir='ltr' id='par_1_86' title="bbox 1988 3983 3575 4059">
     <span class='ocr_line' id='line_1_88' title="bbox 1988 3983 3575 4059; baseline 0.001 -20"><span class='ocrx_word' id='word_1_596' title='bbox 1988 3983 2131 4054; x_wconf 91' lang='lat' dir='ltr'><strong>apud</strong></span> <span class='ocrx_word' id='word_1_597' title='bbox 2151 3985 2413 4055; x_wconf 89' lang='lat' dir='ltr'><strong>ipsasmet</strong></span> <span class='ocrx_word' id='word_1_598' title='bbox 2429 3986 2665 4041; x_wconf 90' lang='lat' dir='ltr'><strong>militum</strong></span> <span class='ocrx_word' id='word_1_599' title='bbox 2693 3986 2974 4052; x_wconf 88' lang='lat' dir='ltr'><strong>cohortes,</strong></span> <span class='ocrx_word' id='word_1_600' title='bbox 3002 3988 3317 4056; x_wconf 81' lang='lat' dir='ltr'><strong>imperatria:</strong></span> <span class='ocrx_word' id='word_1_601' title='bbox 3335 3988 3575 4059; x_wconf 70' lang='lat' dir='ltr'><strong>Augusta</strong></span> 
     </span>
    </p>
   </div>
   <div class='ocr_carea' id='block_1_87' title="bbox 1987 4074 3573 4147">
    <p class='ocr_par' dir='ltr' id='par_1_87' title="bbox 1987 4074 3573 4147">
     <span class='ocr_line' id='line_1_89' title="bbox 1987 4074 3573 4147; baseline 0.002 -18"><span class='ocrx_word' id='word_1_602' title='bbox 1987 4075 2455 4145; x_wconf 89' lang='lat' dir='ltr'><strong>proclamaretur,</strong></span> <span class='ocrx_word' id='word_1_603' title='bbox 2485 4075 2774 4147; x_wconf 87' lang='lat' dir='ltr'><strong>imagoque</strong></span> <span class='ocrx_word' id='word_1_604' title='bbox 2808 4076 2931 4147; x_wconf 85' lang='lat' dir='ltr'><strong>ejus</strong></span> <span class='ocrx_word' id='word_1_605' title='bbox 2961 4074 3213 4133; x_wconf 90' lang='lat' dir='ltr'><strong>nummis</strong></span> <span class='ocrx_word' id='word_1_606' title='bbox 3242 4076 3428 4132; x_wconf 86' lang='lat' dir='ltr'><strong>aureis</strong></span> <span class='ocrx_word' id='word_1_607' title='bbox 3465 4076 3573 4132; x_wconf 85' lang='lat' dir='ltr'><strong>im-</strong></span> 
     </span>
    </p>
   </div>
   <div class='ocr_carea' id='block_1_88' title="bbox 1988 4167 2402 4238">
    <p class='ocr_par' dir='ltr' id='par_1_88' title="bbox 1988 4167 2402 4238">
     <span class='ocr_line' id='line_1_90' title="bbox 1988 4167 2402 4238; baseline -0.007 -16"><span class='ocrx_word' id='word_1_608' title='bbox 1988 4167 2335 4238; x_wconf 90' lang='lat' dir='ltr'><strong>primeretur.</strong></span> <span class='ocrx_word' id='word_1_609' title='bbox 2381 4184 2402 4219; x_wconf 75' lang='grc' dir='ltr'><strong>ι</strong></span> 
     </span>
    </p>
   </div>
   <div class='ocr_carea' id='block_1_89' title="bbox 2344 4256 3243 4327">
    <p class='ocr_par' dir='ltr' id='par_1_89' title="bbox 2344 4256 3243 4327">
     <span class='ocr_line' id='line_1_91' title="bbox 2344 4256 3243 4327; baseline 0.001 -16"><span class='ocrx_word' id='word_1_610' title='bbox 2344 4256 2599 4327; x_wconf 82' lang='lat' dir='ltr'><strong>Ejusdem</strong></span> <span class='ocrx_word' id='word_1_611' title='bbox 2628 4271 2694 4312; x_wconf 79' lang='lat' dir='ltr'><strong>ea:</strong></span> <span class='ocrx_word' id='word_1_612' title='bbox 2727 4256 2863 4312; x_wconf 85' lang='lat' dir='ltr'><strong>libro</strong></span> <span class='ocrx_word' id='word_1_613' title='bbox 2892 4272 2968 4323; x_wconf 81' lang='lat' dir='ltr'><strong>Iv,</strong></span> <span class='ocrx_word' id='word_1_614' title='bbox 3001 4272 3119 4327; x_wconf 82' lang='lat' dir='ltr'><strong>cap.</strong></span> <span class='ocrx_word' id='word_1_615' title='bbox 3153 4256 3243 4314; x_wconf 87' lang='lat'><strong>69.</strong></span> 
     </span>
    </p>
   </div>
   <div class='ocr_carea' id='block_1_90' title="bbox 2067 4346 3573 4420">
    <p class='ocr_par' dir='ltr' id='par_1_90' title="bbox 2067 4346 3573 4420">
     <span class='ocr_line' id='line_1_92' title="bbox 2067 4346 3573 4420; baseline 0.005 -20"><span class='ocrx_word' id='word_1_616' title='bbox 2067 4367 2085 4400; x_wconf 84' lang='grc' dir='ltr'><strong>ι</strong></span> <span class='ocrx_word' id='word_1_617' title='bbox 2120 4346 2225 4415; x_wconf 83' lang='lat' dir='ltr'><strong>Qui</strong></span> <span class='ocrx_word' id='word_1_618' title='bbox 2276 4364 2407 4404; x_wconf 84' lang='lat' dir='ltr'><strong>vero</strong></span> <span class='ocrx_word' id='word_1_619' title='bbox 2449 4349 2643 4405; x_wconf 86' lang='lat' dir='ltr'><strong>urbem</strong></span> <span class='ocrx_word' id='word_1_620' title='bbox 2674 4349 2880 4420; x_wconf 88' lang='lat' dir='ltr'><strong>regiam</strong></span> <span class='ocrx_word' id='word_1_621' title='bbox 2921 4348 3260 4417; x_wconf 88' lang='lat' dir='ltr'><strong>incolebant,</strong></span> <span class='ocrx_word' id='word_1_622' title='bbox 3305 4364 3415 4405; x_wconf 89' lang='lat' dir='ltr'><strong>una</strong></span> <span class='ocrx_word' id='word_1_623' title='bbox 3447 4364 3573 4407; x_wconf 88' lang='lat' dir='ltr'><strong>cum</strong></span> 
     </span>
    </p>
   </div>
   <div class='ocr_carea' id='block_1_91' title="bbox 284 4410 1886 4531">
    <p class='ocr_par' dir='ltr' id='par_1_91' title="bbox 284 4410 1886 4531">
     <span class='ocr_line' id='line_1_93' title="bbox 284 4410 1886 4531; baseline -0.005 -45"><span class='ocrx_word' id='word_1_624' title='bbox 284 4410 495 4531; x_wconf 40' lang='lat' dir='ltr'><strong>[inultm</strong></span> <span class='ocrx_word' id='word_1_625' title='bbox 524 4431 808 4531; x_wconf 66' lang='grc' dir='ltr'>καὶδήμω</span> <span class='ocrx_word' id='word_1_626' title='bbox 860 4430 1189 4531; x_wconf 61' lang='grc' dir='ltr'>Ῥωμαίων,</span> <span class='ocrx_word' id='word_1_627' title='bbox 1235 4429 1313 4531; x_wconf 77' lang='grc' dir='ltr'><strong>ὡς</strong></span> <span class='ocrx_word' id='word_1_628' title='bbox 1342 4427 1461 4531; x_wconf 70' lang='grc' dir='ltr'><strong>τὴν1</strong></span> <span class='ocrx_word' id='word_1_629' title='bbox 1485 4426 1748 4531; x_wconf 43' lang='grc' dir='ltr'>βασιλέως</span> <span class='ocrx_word' id='word_1_630' title='bbox 1792 4429 1886 4531; x_wconf 57' lang='grc' dir='ltr'>επ-</span> 
     </span>
    </p>
   </div>
   <div class='ocr_carea' id='block_1_92' title="bbox 1997 4410 3574 4531">
    <p class='ocr_par' dir='ltr' id='par_1_92' title="bbox 1997 4410 3574 4512">
     <span class='ocr_line' id='line_1_94' title="bbox 1997 4410 3574 4512; baseline 0.003 -18"><span class='ocrx_word' id='word_1_631' title='bbox 1997 4410 2189 4495; x_wconf 60' lang='grc' dir='ltr'>εεηαῖυ</span> <span class='ocrx_word' id='word_1_632' title='bbox 2220 4441 2532 4512; x_wconf 91' lang='lat' dir='ltr'><strong>populoque</strong></span> <span class='ocrx_word' id='word_1_633' title='bbox 2562 4410 2835 4508; x_wconf 72' lang='lat' dir='ltr'><strong>Romano,</strong></span> <span class='ocrx_word' id='word_1_634' title='bbox 2869 4441 2962 4498; x_wconf 89' lang='lat' dir='ltr'><strong>ubi</strong></span> <span class='ocrx_word' id='word_1_635' title='bbox 2996 4410 3574 4512; x_wconf 37' lang='lat' dir='ltr'><strong>primum&#39;imperato.</strong></span> 
     </span>
    </p>
   </div>
   <div class='ocr_carea' id='block_1_93' title="bbox 312 4502 1890 4593">
    <p class='ocr_par' dir='ltr' id='par_1_93' title="bbox 312 4502 1890 4593">
     <span class='ocr_line' id='line_1_95' title="bbox 312 4502 1890 4593; baseline -0.004 -15"><span class='ocrx_word' id='word_1_636' title='bbox 312 4502 557 4593; x_wconf 68' lang='grc' dir='ltr'>ἔγνωσαν</span> <span class='ocrx_word' id='word_1_637' title='bbox 578 4522 833 4590; x_wconf 84' lang='grc' dir='ltr'>τελευτὴν</span> <span class='ocrx_word' id='word_1_638' title='bbox 858 4564 875 4589; x_wconf 87' lang='grc'><strong>,</strong></span> <span class='ocrx_word' id='word_1_639' title='bbox 912 4522 1057 4592; x_wconf 78' lang='grc' dir='ltr'>δεινῇ</span> <span class='ocrx_word' id='word_1_640' title='bbox 1104 4520 1200 4574; x_wconf 79' lang='grc' dir='ltr'><strong>καὶ</strong></span> <span class='ocrx_word' id='word_1_641' title='bbox 1244 4523 1425 4591; x_wconf 87' lang='grc' dir='ltr'>πάσης</span> <span class='ocrx_word' id='word_1_642' title='bbox 1454 4502 1758 4590; x_wconf 52' lang='grc' dir='ltr'>³συμφορξἳς</span> <span class='ocrx_word' id='word_1_643' title='bbox 1788 4519 1890 4572; x_wconf 84' lang='grc' dir='ltr'><strong>ὲπ-</strong></span> 
     </span>
    </p>
   </div>
   <div class='ocr_carea' id='block_1_94' title="bbox 312 4610 1888 4686">
    <p class='ocr_par' dir='ltr' id='par_1_94' title="bbox 312 4610 1888 4686">
     <span class='ocr_line' id='line_1_96' title="bbox 312 4610 1888 4686; baseline -0.003 -18"><span class='ocrx_word' id='word_1_644' title='bbox 312 4617 494 4671; x_wconf 85' lang='grc' dir='ltr'>έκεινα</span> <span class='ocrx_word' id='word_1_645' title='bbox 520 4619 586 4686; x_wconf 79' lang='grc' dir='ltr'><strong>τῇ</strong></span> <span class='ocrx_word' id='word_1_646' title='bbox 618 4616 755 4686; x_wconf 80' lang='grc' dir='ltr'>ἀκοῇ</span> <span class='ocrx_word' id='word_1_647' title='bbox 787 4613 1081 4684; x_wconf 83' lang='grc' dir='ltr'>δεδεμένοι,</span> <span class='ocrx_word' id='word_1_648' title='bbox 1105 4613 1300 4675; x_wconf 84' lang='grc' dir='ltr'>πένθος</span> <span class='ocrx_word' id='word_1_649' title='bbox 1329 4613 1556 4682; x_wconf 81' lang='grc' dir='ltr'>ἄσχετον</span> <span class='ocrx_word' id='word_1_650' title='bbox 1586 4610 1888 4664; x_wconf 76' lang='grc' dir='ltr'>ἐποιοῦντο.</span> 
     </span>
    </p>
   </div>
   <div class='ocr_carea' id='block_1_95' title="bbox 132 4704 1888 4785">
    <p class='ocr_par' dir='ltr' id='par_1_95' title="bbox 132 4704 1888 4785">
     <span class='ocr_line' id='line_1_97' title="bbox 132 4704 1888 4785; baseline -0.004 -21"><span class='ocrx_word' id='word_1_651' title='bbox 132 4782 133 4785; x_wconf 15' lang='grc' dir='ltr'><strong>η</strong></span> <span class='ocrx_word' id='word_1_652' title='bbox 172 4758 175 4775; x_wconf 85' lang='grc'><strong>,</strong></span> <span class='ocrx_word' id='word_1_653' title='bbox 270 4778 275 4783; x_wconf 15' lang='grc' dir='ltr'>ἱ</span> <span class='ocrx_word' id='word_1_654' title='bbox 314 4710 529 4781; x_wconf 69' lang='grc' dir='ltr'>Λουτρὰ</span> <span class='ocrx_word' id='word_1_655' title='bbox 556 4709 611 4762; x_wconf 80' lang='grc' dir='ltr'>δὲ</span> <span class='ocrx_word' id='word_1_656' title='bbox 638 4708 991 4763; x_wconf 84' lang='grc' dir='ltr'>ἁπεκλείοντο</span> <span class='ocrx_word' id='word_1_657' title='bbox 1011 4708 1105 4759; x_wconf 74' lang='grc' dir='ltr'>καὶ</span> <span class='ocrx_word' id='word_1_658' title='bbox 1124 4707 1339 4777; x_wconf 76' lang='grc' dir='ltr'>ἀγοραὶ,</span> <span class='ocrx_word' id='word_1_659' title='bbox 1365 4705 1635 4777; x_wconf 83' lang='grc' dir='ltr'>πάνδημοί</span> <span class='ocrx_word' id='word_1_660' title='bbox 1655 4722 1715 4758; x_wconf 86' lang='grc' dir='ltr'><strong>τε</strong></span> <span class='ocrx_word' id='word_1_661' title='bbox 1746 4704 1888 4769; x_wconf 82' lang='grc' dir='ltr'>θέαι,</span> 
     </span>
    </p>
   </div>
   <div class='ocr_carea' id='block_1_96' title="bbox 40 4784 1891 4871">
    <p class='ocr_par' dir='ltr' id='par_1_96' title="bbox 40 4784 1891 4871">
     <span class='ocr_line' id='line_1_98' title="bbox 40 4784 1891 4871; baseline 0.008 -25"><span class='ocrx_word' id='word_1_662' title='bbox 140 4784 179 4817; x_wconf 60' lang='grc'><strong>³⁵</strong></span> <span class='ocrx_word' id='word_1_663' title='bbox 240 4790 281 4809; x_wconf 47' lang='grc' dir='ltr'>Μ</span> <span class='ocrx_word' id='word_1_664' title='bbox 316 4802 410 4854; x_wconf 65' lang='grc' dir='ltr'><strong>καλ⁵</strong></span> <span class='ocrx_word' id='word_1_665' title='bbox 447 4801 624 4855; x_wconf 89' lang='grc' dir='ltr'>πάντα</span> <span class='ocrx_word' id='word_1_666' title='bbox 660 4800 761 4854; x_wconf 84' lang='grc' dir='ltr'>ὅσα</span> <span class='ocrx_word' id='word_1_667' title='bbox 794 4799 885 4851; x_wconf 70' lang='grc' dir='ltr'><strong>ἐπὶ</strong></span> <span class='ocrx_word' id='word_1_668' title='bbox 911 4797 1161 4871; x_wconf 75' lang='grc' dir='ltr'>ῥᾳστώνῃ</span> <span class='ocrx_word' id='word_1_669' title='bbox 1190 4799 1305 4868; x_wconf 86' lang='grc' dir='ltr'>βίου</span> <span class='ocrx_word' id='word_1_670' title='bbox 1331 4800 1445 4863; x_wconf 90' lang='grc' dir='ltr'>τοῖς</span> <span class='ocrx_word' id='word_1_671' title='bbox 1465 4797 1891 4869; x_wconf 80' lang='grc' dir='ltr'>εὐθυμουμένοις</span> 
     </span>
    </p>
   </div>
   <div class='ocr_carea' id='block_1_97' title="bbox 314 4888 1884 4962">
    <p class='ocr_par' dir='ltr' id='par_1_97' title="bbox 314 4888 1884 4962">
     <span class='ocr_line' id='line_1_99' title="bbox 314 4888 1884 4962; baseline -0.001 -18"><span class='ocrx_word' id='word_1_672' title='bbox 314 4892 572 4961; x_wconf 84' lang='grc' dir='ltr'>πράττειν</span> <span class='ocrx_word' id='word_1_673' title='bbox 605 4891 726 4956; x_wconf 83' lang='grc' dir='ltr'>ἔθος</span> <span class='ocrx_word' id='word_1_674' title='bbox 760 4888 849 4962; x_wconf 78' lang='grc' dir='ltr'><strong>ἧν.</strong></span> <span class='ocrx_word' id='word_1_675' title='bbox 886 4892 1166 4961; x_wconf 81' lang='grc' dir='ltr'>Κατηφεῖς</span> <span class='ocrx_word' id='word_1_676' title='bbox 1208 4890 1264 4943; x_wconf 83' lang='grc' dir='ltr'>δὲ</span> <span class='ocrx_word' id='word_1_677' title='bbox 1320 4891 1368 4943; x_wconf 85' lang='grc' dir='ltr'>οἱ</span> <span class='ocrx_word' id='word_1_678' title='bbox 1398 4890 1563 4944; x_wconf 86' lang='grc' dir='ltr'>πάλαι</span> <span class='ocrx_word' id='word_1_679' title='bbox 1600 4890 1884 4961; x_wconf 76' lang='grc' dir='ltr'>τρυφηλοὶ,</span> 
     </span>
    </p>
   </div>
   <div class='ocr_carea' id='block_1_98' title="bbox 314 4982 1887 5054">
    <p class='ocr_par' dir='ltr' id='par_1_98' title="bbox 314 4982 1887 5054">
     <span class='ocr_line' id='line_1_100' title="bbox 314 4982 1887 5054; baseline 0.001 -18"><span class='ocrx_word' id='word_1_680' title='bbox 314 4982 412 5046; x_wconf 83' lang='grc' dir='ltr'>τὰς</span> <span class='ocrx_word' id='word_1_681' title='bbox 448 4983 705 5054; x_wconf 79' lang='grc' dir='ltr'>προόδους</span> <span class='ocrx_word' id='word_1_682' title='bbox 737 4983 1016 5037; x_wconf 76' lang='grc' dir='ltr'>ἐποιοῦντο</span> <span class='ocrx_word' id='word_1_683' title='bbox 1037 4998 1049 5011; x_wconf 79' lang='grc'><strong><em>⁸</em></strong></span> <span class='ocrx_word' id='word_1_684' title='bbox 1102 4983 1236 5052; x_wconf 80' lang='grc' dir='ltr'>ὁμοῦ</span> <span class='ocrx_word' id='word_1_685' title='bbox 1260 5000 1319 5036; x_wconf 89' lang='grc' dir='ltr'><strong>τε</strong></span> <span class='ocrx_word' id='word_1_686' title='bbox 1352 4983 1553 5047; x_wconf 90' lang='grc' dir='ltr'>πάντες</span> <span class='ocrx_word' id='word_1_687' title='bbox 1586 4982 1677 5035; x_wconf 77' lang='grc' dir='ltr'><strong>τὸν</strong></span> <span class='ocrx_word' id='word_1_688' title='bbox 1708 4984 1887 5053; x_wconf 84' lang='grc' dir='ltr'>μακά-</span> 
     </span>
    </p>
   </div>
   <div class='ocr_carea' id='block_1_99' title="bbox 317 5072 1890 5146">
    <p class='ocr_par' dir='ltr' id='par_1_99' title="bbox 317 5072 1890 5146">
     <span class='ocr_line' id='line_1_101' title="bbox 317 5072 1890 5146; baseline 0.001 -19"><span class='ocrx_word' id='word_1_689' title='bbox 317 5090 431 5145; x_wconf 85' lang='grc' dir='ltr'>ριον</span> <span class='ocrx_word' id='word_1_690' title='bbox 478 5075 849 5146; x_wconf 83' lang='grc' dir='ltr'>ἀνευφήμουν,</span> <span class='ocrx_word' id='word_1_691' title='bbox 899 5075 990 5128; x_wconf 75' lang='grc' dir='ltr'>τὸν</span> <span class='ocrx_word' id='word_1_692' title='bbox 1026 5074 1271 5143; x_wconf 82' lang='grc' dir='ltr'>θεοφιλῆ,</span> <span class='ocrx_word' id='word_1_693' title='bbox 1308 5074 1400 5128; x_wconf 84' lang='grc' dir='ltr'>τὸν</span> <span class='ocrx_word' id='word_1_694' title='bbox 1444 5072 1518 5137; x_wconf 82' lang='grc' dir='ltr'>ὡς</span> <span class='ocrx_word' id='word_1_695' title='bbox 1548 5074 1762 5145; x_wconf 84' lang='grc' dir='ltr'>ἀληθῶς</span> <span class='ocrx_word' id='word_1_696' title='bbox 1792 5073 1890 5143; x_wconf 79' lang='grc' dir='ltr'>τῆς</span> 
     </span>
    </p>
   </div>
   <div class='ocr_carea' id='block_1_100' title="bbox 416 5251 1423 5323">
    <p class='ocr_par' dir='ltr' id='par_1_100' title="bbox 416 5251 1423 5323">
     <span class='ocr_line' id='line_1_102' title="bbox 416 5251 1423 5323; baseline -0.003 -14"><span class='ocrx_word' id='word_1_697' title='bbox 416 5255 460 5288; x_wconf 81' lang='grc'><strong><em>⁸³</em></strong></span> <span class='ocrx_word' id='word_1_698' title='bbox 497 5253 709 5309; x_wconf 81' lang='lat' dir='ltr'><strong>lnvect.</strong></span> <span class='ocrx_word' id='word_1_699' title='bbox 740 5254 957 5323; x_wconf 77' lang='lat' dir='ltr'><strong>I,p.93.</strong></span> <span class='ocrx_word' id='word_1_700' title='bbox 1032 5253 1077 5285; x_wconf 84' lang='grc'><em>⁸³</em></span> <span class='ocrx_word' id='word_1_701' title='bbox 1104 5252 1206 5308; x_wconf 77' lang='lat' dir='ltr'><strong>Job</strong></span> <span class='ocrx_word' id='word_1_702' title='bbox 1255 5268 1293 5317; x_wconf 84' lang='grc' dir='ltr'><strong>ι,</strong></span> <span class='ocrx_word' id='word_1_703' title='bbox 1332 5251 1423 5307; x_wconf 71' lang='lat'><strong>2‘2.</strong></span> 
     </span>
    </p>
   </div>
   <div class='ocr_carea' id='block_1_101' title="bbox 1989 4531 3575 4604">
    <p class='ocr_par' dir='ltr' id='par_1_101' title="bbox 1989 4531 3575 4604">
     <span class='ocr_line' id='line_1_103' title="bbox 1989 4531 3575 4604; baseline 0.003 -19"><span class='ocrx_word' id='word_1_704' title='bbox 1989 4531 2073 4588; x_wconf 87' lang='lat' dir='ltr'><strong>ris</strong></span> <span class='ocrx_word' id='word_1_705' title='bbox 2110 4532 2320 4587; x_wconf 90' lang='lat' dir='ltr'><strong>obitum</strong></span> <span class='ocrx_word' id='word_1_706' title='bbox 2355 4543 2705 4604; x_wconf 86' lang='lat' dir='ltr'><strong>acceperunt,</strong></span> <span class='ocrx_word' id='word_1_707' title='bbox 2732 4533 2930 4591; x_wconf 90' lang='lat' dir='ltr'><strong>acerbo</strong></span> <span class='ocrx_word' id='word_1_708' title='bbox 2958 4540 3015 4588; x_wconf 86' lang='lat' dir='ltr'><strong>et</strong></span> <span class='ocrx_word' id='word_1_709' title='bbox 3042 4532 3237 4604; x_wconf 70' lang='lat' dir='ltr'><strong>quavis</strong></span> <span class='ocrx_word' id='word_1_710' title='bbox 3260 4532 3575 4589; x_wconf 81' lang='lat' dir='ltr'><strong>calamitate</strong></span> 
     </span>
    </p>
   </div>
   <div class='ocr_carea' id='block_1_102' title="bbox 1993 4622 3572 4696">
    <p class='ocr_par' dir='ltr' id='par_1_102' title="bbox 1993 4622 3572 4696">
     <span class='ocr_line' id='line_1_104' title="bbox 1993 4622 3572 4696; baseline 0.004 -21"><span class='ocrx_word' id='word_1_711' title='bbox 1993 4622 2231 4694; x_wconf 86' lang='lat' dir='ltr'><strong>graviori</strong></span> <span class='ocrx_word' id='word_1_712' title='bbox 2259 4624 2454 4679; x_wconf 91' lang='lat' dir='ltr'><strong>nuntio</strong></span> <span class='ocrx_word' id='word_1_713' title='bbox 2482 4626 2748 4694; x_wconf 91' lang='lat' dir='ltr'><strong>perculsi,</strong></span> <span class='ocrx_word' id='word_1_714' title='bbox 2782 4626 2993 4681; x_wconf 90' lang='lat' dir='ltr'><strong>nullum</strong></span> <span class='ocrx_word' id='word_1_715' title='bbox 3024 4623 3199 4681; x_wconf 90' lang='lat' dir='ltr'><strong>luctui</strong></span> <span class='ocrx_word' id='word_1_716' title='bbox 3222 4625 3445 4679; x_wconf 91' lang='lat' dir='ltr'><strong>modum</strong></span> <span class='ocrx_word' id='word_1_717' title='bbox 3475 4640 3572 4696; x_wconf 80' lang='lat' dir='ltr'><strong>po-</strong></span> 
     </span>
    </p>
   </div>
   <div class='ocr_carea' id='block_1_103' title="bbox 1992 4711 3572 4785">
    <p class='ocr_par' dir='ltr' id='par_1_103' title="bbox 1992 4711 3572 4785">
     <span class='ocr_line' id='line_1_105' title="bbox 1992 4711 3572 4785; baseline 0.001 -18"><span class='ocrx_word' id='word_1_718' title='bbox 1992 4719 2240 4767; x_wconf 88' lang='lat' dir='ltr'><strong>suerunt.</strong></span> <span class='ocrx_word' id='word_1_719' title='bbox 2276 4711 2493 4768; x_wconf 68' lang='lat' dir='ltr'><strong>Balnea:</strong></span> <span class='ocrx_word' id='word_1_720' title='bbox 2536 4721 2590 4769; x_wconf 92' lang='lat' dir='ltr'><strong>et</strong></span> <span class='ocrx_word' id='word_1_721' title='bbox 2623 4715 2742 4768; x_wconf 81' lang='lat' dir='ltr'><strong>lora</strong></span> <span class='ocrx_word' id='word_1_722' title='bbox 2770 4715 2955 4771; x_wconf 88' lang='lat' dir='ltr'><strong>clausa</strong></span> <span class='ocrx_word' id='word_1_723' title='bbox 3002 4723 3152 4779; x_wconf 89' lang='lat' dir='ltr'><strong>sunt,</strong></span> <span class='ocrx_word' id='word_1_724' title='bbox 3183 4714 3401 4785; x_wconf 90' lang='lat' dir='ltr'><strong>publica</strong></span> <span class='ocrx_word' id='word_1_725' title='bbox 3431 4729 3572 4785; x_wconf 83' lang='lat' dir='ltr'><strong>quo-</strong></span> 
     </span>
    </p>
   </div>
   <div class='ocr_carea' id='block_1_104' title="bbox 1990 4802 3568 4873">
    <p class='ocr_par' dir='ltr' id='par_1_104' title="bbox 1990 4802 3568 4873">
     <span class='ocr_line' id='line_1_106' title="bbox 1990 4802 3568 4873; baseline 0.001 -17"><span class='ocrx_word' id='word_1_726' title='bbox 1990 4815 2101 4872; x_wconf 88' lang='lat' dir='ltr'><strong>que</strong></span> <span class='ocrx_word' id='word_1_727' title='bbox 2142 4802 2480 4871; x_wconf 87' lang='lat' dir='ltr'><strong>spectacula,</strong></span> <span class='ocrx_word' id='word_1_728' title='bbox 2504 4809 2559 4859; x_wconf 85' lang='lat' dir='ltr'><strong>et</strong></span> <span class='ocrx_word' id='word_1_729' title='bbox 2584 4816 2932 4873; x_wconf 64' lang='lat' dir='ltr'><strong>quaecunque</strong></span> <span class='ocrx_word' id='word_1_730' title='bbox 2957 4802 3214 4858; x_wconf 88' lang='lat' dir='ltr'><strong>homines</strong></span> <span class='ocrx_word' id='word_1_731' title='bbox 3253 4803 3368 4857; x_wconf 90' lang='lat' dir='ltr'><strong>otio</strong></span> <span class='ocrx_word' id='word_1_732' title='bbox 3396 4802 3568 4857; x_wconf 91' lang='lat' dir='ltr'><strong>dediti</strong></span> 
     </span>
    </p>
   </div>
   <div class='ocr_carea' id='block_1_105' title="bbox 1992 4892 3569 4965">
    <p class='ocr_par' dir='ltr' id='par_1_105' title="bbox 1992 4892 3569 4965">
     <span class='ocr_line' id='line_1_107' title="bbox 1992 4892 3569 4965; baseline 0.001 -19"><span class='ocrx_word' id='word_1_733' title='bbox 1992 4902 2045 4947; x_wconf 90' lang='lat' dir='ltr'><strong>et</strong></span> <span class='ocrx_word' id='word_1_734' title='bbox 2071 4892 2231 4961; x_wconf 80' lang='lat' dir='ltr'><strong>genio</strong></span> <span class='ocrx_word' id='word_1_735' title='bbox 2263 4893 2610 4965; x_wconf 85' lang='lat' dir='ltr'><strong>indulgentes</strong></span> <span class='ocrx_word' id='word_1_736' title='bbox 2644 4895 2955 4950; x_wconf 79' lang='lat' dir='ltr'><strong>consectari</strong></span> <span class='ocrx_word' id='word_1_737' title='bbox 3006 4895 3206 4959; x_wconf 90' lang='lat' dir='ltr'><strong>solent,</strong></span> <span class='ocrx_word' id='word_1_738' title='bbox 3252 4892 3569 4950; x_wconf 74' lang='lat' dir='ltr'><strong>intermissa</strong></span> 
     </span>
    </p>
   </div>
   <div class='ocr_carea' id='block_1_106' title="bbox 1995 4983 3564 5055">
    <p class='ocr_par' dir='ltr' id='par_1_106' title="bbox 1995 4983 3564 5055">
     <span class='ocr_line' id='line_1_108' title="bbox 1995 4983 3564 5055; baseline -0.001 -16"><span class='ocrx_word' id='word_1_739' title='bbox 1995 4993 2142 5039; x_wconf 87' lang='lat' dir='ltr'><strong>sunt.</strong></span> <span class='ocrx_word' id='word_1_740' title='bbox 2182 4984 2289 5050; x_wconf 82' lang='lat' dir='ltr'><strong>Qui</strong></span> <span class='ocrx_word' id='word_1_741' title='bbox 2325 4993 2450 5041; x_wconf 91' lang='lat' dir='ltr'><strong>ante</strong></span> <span class='ocrx_word' id='word_1_742' title='bbox 2498 4987 2553 5041; x_wconf 89' lang='lat' dir='ltr'><strong>in</strong></span> <span class='ocrx_word' id='word_1_743' title='bbox 2604 4986 2819 5043; x_wconf 89' lang='lat' dir='ltr'><strong>deliciis</strong></span> <span class='ocrx_word' id='word_1_744' title='bbox 2867 4986 3248 5051; x_wconf 86' lang='lat' dir='ltr'><strong>versabantur,</strong></span> <span class='ocrx_word' id='word_1_745' title='bbox 3308 4983 3564 5055; x_wconf 26' lang='lat' dir='ltr'><strong>vultuiin</strong></span> 
     </span>
    </p>
   </div>
   <div class='ocr_carea' id='block_1_107' title="bbox 1995 5073 3567 5152">
    <p class='ocr_par' dir='ltr' id='par_1_107' title="bbox 1995 5073 3567 5152">
     <span class='ocr_line' id='line_1_109' title="bbox 1995 5073 3567 5152; baseline -0.003 -20"><span class='ocrx_word' id='word_1_746' title='bbox 1995 5086 2195 5133; x_wconf 80' lang='lat' dir='ltr'><strong>terram</strong></span> <span class='ocrx_word' id='word_1_747' title='bbox 2232 5078 2470 5151; x_wconf 78' lang='lat' dir='ltr'><strong>demisso</strong></span> <span class='ocrx_word' id='word_1_748' title='bbox 2502 5080 2761 5137; x_wconf 87' lang='lat' dir='ltr'><strong>incedere</strong></span> <span class='ocrx_word' id='word_1_749' title='bbox 2790 5095 3008 5152; x_wconf 88' lang='lat' dir='ltr'><strong>unaque</strong></span> <span class='ocrx_word' id='word_1_750' title='bbox 3039 5091 3227 5138; x_wconf 84' lang='lat' dir='ltr'><strong>omnes</strong></span> <span class='ocrx_word' id='word_1_751' title='bbox 3267 5087 3403 5133; x_wconf 80' lang='lat' dir='ltr'><strong>voce</strong></span> <span class='ocrx_word' id='word_1_752' title='bbox 3436 5073 3567 5129; x_wconf 83' lang='lat' dir='ltr'><strong>bea-</strong></span> 
     </span>
    </p>
   </div>
   <div class='ocr_carea' id='block_1_108' title="bbox 1610 5343 2287 5403">
    <p class='ocr_par' dir='ltr' id='par_1_108' title="bbox 1610 5343 2287 5403">
     <span class='ocr_line' id='line_1_110' title="bbox 1610 5343 2287 5403; baseline 0 -1"><span class='ocrx_word' id='word_1_753' title='bbox 1610 5343 1847 5402; x_wconf 70' lang='lat' dir='ltr'><strong>VARl/E</strong></span> <span class='ocrx_word' id='word_1_754' title='bbox 1880 5344 2287 5403; x_wconf 84' lang='lat' dir='ltr'><strong>LECTIONES.</strong></span> 
     </span>
    </p>
   </div>
   <div class='ocr_carea' id='block_1_109' title="bbox 388 5462 1810 5553">
    <p class='ocr_par' dir='ltr' id='par_1_109' title="bbox 388 5462 1810 5553">
     <span class='ocr_line' id='line_1_111' title="bbox 388 5462 1810 5553; baseline -0.006 -28"><span class='ocrx_word' id='word_1_755' title='bbox 388 5476 417 5509; x_wconf 73' lang='grc' dir='ltr'><strong>ι</strong></span> <span class='ocrx_word' id='word_1_756' title='bbox 446 5462 616 5553; x_wconf 82' lang='lat' dir='ltr'><strong>Deest</strong></span> <span class='ocrx_word' id='word_1_757' title='bbox 647 5479 753 5521; x_wconf 81' lang='lat' dir='ltr'><strong>vox</strong></span> <span class='ocrx_word' id='word_1_758' title='bbox 779 5462 1078 5534; x_wconf 77' lang='grc' dir='ltr'>διέτρεχεν,</span> <span class='ocrx_word' id='word_1_759' title='bbox 1114 5479 1177 5519; x_wconf 81' lang='lat' dir='ltr'><strong>ex</strong></span> <span class='ocrx_word' id='word_1_760' title='bbox 1211 5462 1450 5519; x_wconf 87' lang='lat' dir='ltr'><strong>Eusebio</strong></span> <span class='ocrx_word' id='word_1_761' title='bbox 1482 5463 1810 5534; x_wconf 83' lang='lat' dir='ltr'><strong>supplenda.</strong></span> 
     </span>
    </p>
   </div>
   <div class='ocr_carea' id='block_1_110' title="bbox 1827 5572 2058 5629">
    <p class='ocr_par' dir='ltr' id='par_1_110' title="bbox 1827 5572 2058 5629">
     <span class='ocr_line' id='line_1_112' title="bbox 1827 5572 2058 5629; baseline 0.004 -1"><span class='ocrx_word' id='word_1_762' title='bbox 1827 5572 1966 5629; x_wconf 56' lang='grc' dir='ltr'><strong>1λίοΤ</strong></span> <span class='ocrx_word' id='word_1_763' title='bbox 1972 5573 2058 5629; x_wconf 75' lang='grc' dir='ltr'><strong>ΛΞ.</strong></span> 
     </span>
    </p>
   </div>
   <div class='ocr_carea' id='block_1_111' title="bbox 390 5689 2836 5768">
    <p class='ocr_par' dir='ltr' id='par_1_111' title="bbox 390 5689 2836 5768">
     <span class='ocr_line' id='line_1_113' title="bbox 390 5689 2836 5768; baseline -0.003 -16"><span class='ocrx_word' id='word_1_764' title='bbox 390 5696 502 5768; x_wconf 76' lang='lat' dir='ltr'><strong>(5i)</strong></span> <span class='ocrx_word' id='word_1_765' title='bbox 540 5694 598 5753; x_wconf 85' lang='lat' dir='ltr'><strong>S.</strong></span> <span class='ocrx_word' id='word_1_766' title='bbox 653 5695 1032 5768; x_wconf 85' lang='lat' dir='ltr'><strong>Chrysostomi</strong></span> <span class='ocrx_word' id='word_1_767' title='bbox 1092 5693 1474 5751; x_wconf 88' lang='lat' dir='ltr'><strong>commentarii</strong></span> <span class='ocrx_word' id='word_1_768' title='bbox 1511 5693 1567 5749; x_wconf 92' lang='lat' dir='ltr'><strong>in</strong></span> <span class='ocrx_word' id='word_1_769' title='bbox 1626 5692 1726 5749; x_wconf 84' lang='lat' dir='ltr'><strong>Job</strong></span> <span class='ocrx_word' id='word_1_770' title='bbox 1776 5692 2080 5765; x_wconf 78' lang='lat' dir='ltr'><strong>fragmenta</strong></span> <span class='ocrx_word' id='word_1_771' title='bbox 2106 5699 2321 5748; x_wconf 83' lang='lat' dir='ltr'><strong>exstant</strong></span> <span class='ocrx_word' id='word_1_772' title='bbox 2354 5692 2408 5747; x_wconf 91' lang='lat' dir='ltr'><strong>in</strong></span> <span class='ocrx_word' id='word_1_773' title='bbox 2437 5701 2631 5749; x_wconf 85' lang='lat' dir='ltr'><strong>catena</strong></span> <span class='ocrx_word' id='word_1_774' title='bbox 2662 5689 2836 5748; x_wconf 84' lang='lat' dir='ltr'><strong>Junii.</strong></span> 
     </span>
    </p>
   </div>
  </div>
