3986 6346
260 260 394 328 1381

255 352 362 429 Ἐκ
387 391 493 430 του
515 374 841 444 μαρτυρίου
865 371 970 426 τοῦ
993 375 1165 444 ἁγίου
1192 374 1549 440 Εὐσταθίου,
1587 374 1691 430 τοῦ
1732 374 1827 427 καὶ
1861 374 1907 430 Δ

886 444 1081 497 Πλακί
1084 442 1179 498 δα.

330 549 351 586 ε
406 532 741 600 Ἑξελθόντος
778 532 942 587 αὑτοῦ
976 536 1033 590 ὲν
1070 537 1170 607 μιᾷ
1198 536 1383 609 ἡμέρᾳ
1424 538 1566 592 κατὰ
1615 537 1676 592 τὸ
1706 538 1828 590 σύν-

254 625 384 698 ηθες
445 623 536 679 ἐπὶ
569 622 639 678 τά
692 624 794 697 ὅρη
828 625 1093 698 θηρεῦσαι
1144 628 1282 699 μετά
1310 628 1404 682 τοῦ
1436 629 1826 701 στρατοπέδου,

254 718 349 771 καὶ
380 716 560 788 πάσης
581 716 680 786 τῆς
704 716 1018 789 θεραπείας,
1052 719 1207 790 ὤφθη
1232 720 1379 792 αὐτῷ
1414 721 1584 795 ἀγέλη
1613 722 1829 793 ἐλάφων

255 809 582 880 βοσκομένη.
610 810 718 862 Καί
733 809 1030 881 διαστήσας
1046 810 1186 864 κατά
1212 811 1274 865 τὸ
1301 811 1531 883 σύνηθες
1550 814 1643 866 τὸν
1663 830 1828 885 στρα-

251 899 361 965 τὸν,
394 899 630 953 ἐποιεῖτο
656 900 759 970 τὴν
803 900 922 954 κατ’
953 899 1132 954 αὐτῶν
1168 899 1371 967 δίωξιν.
1416 900 1625 965 Παντὸς
1650 900 1704 956 δὲ
1734 904 1827 957 τοῦ

255 987 486 1059 στρατοῦ
513 989 605 1041 ἐπὶ
630 988 729 1059 τὴν
751 989 1011 1060 σύλληψιν
1039 991 1437 1063 ἀσχολουμένου
1462 994 1571 1047 τῶν
1592 993 1826 1062 ἐλάφων,

252 1082 279 1133 ό
305 1079 852 1152 ύπερμεγεθέστατος
881 1082 1061 1153 πάσης
1092 1084 1190 1154 τῆς
1246 1084 1467 1156 ἀγέλης,
1501 1086 1595 1141 καὶ
1623 1087 1829 1141 εὐειδέ-

251 1189 465 1238 στατος,
496 1173 872 1238 ἀποσπασθεὶς
920 1174 1019 1245 τῆς
1053 1175 1278 1246 ἀγέλης,
1310 1177 1539 1248 ὥρμησε
1564 1178 1704 1233 κατά
1735 1177 1827 1233 τοῦ

248 1261 455 1335 δρυμοῦ
490 1264 681 1328 ἐντοῖς
710 1264 1025 1335 δασυτέροις
1052 1267 1238 1330 τόποις
1269 1268 1367 1338 τῆς
1396 1268 1549 1340 ὕλης,
1591 1270 1686 1324 καὶ
1707 1270 1831 1324 δυσ-

248 1354 438 1418 ϐάτοις
481 1353 720 1425 χωρίοις.
788 1357 885 1409 Ὃν
934 1356 1271 1427 θεασάμενος
1310 1358 1338 1410 ὁ
1385 1359 1678 1427 Πλακίδας,
1734 1368 1830 1417 καὶ

248 1443 601 1514 ἐπιθυμήσας
624 1445 1009 1500 συλλαϐεῖσθαι
1041 1447 1225 1512 αὑτὸν,
1257 1450 1573 1506 καταλιπὼν
1598 1454 1829 1522 πάντας,

250 1535 369 1603 μετ’
391 1530 587 1601 ὀλίγων
625 1533 975 1604 στρατιωτῶν
1018 1537 1346 1593 κατεδίωκεν
1382 1542 1563 1596 αὐτόν.
1614 1544 1831 1613 Ἀτονη-

249 1626 459 1677 σάντων
489 1623 547 1677 δὲ
596 1623 709 1679 τῶν
766 1625 1058 1691 συνόντων,
1092 1628 1255 1697 μόνος
1295 1632 1727 1704 προσεκαρτέρει
1759 1636 1825 1704 τῇ

1359 264 1457 326 DE
1490 259 1951 325 IMAGINIBUS
1980 261 2263 322 ORATIO
2303 263 2416 323 III.

3376 267 3509 334 1382

2028 370 2110 424 Ea:
2142 373 2396 441 martyrio
2429 372 2596 425 sancti
2629 370 2917 439 Eustathii,
2944 372 3032 442 qui
3058 382 3105 427 et
3142 372 3412 438 Placidus.

2006 541 2023 575 ι
2061 522 2195 577 Cum
2239 523 2329 579 die
2382 523 2615 594 quodam
2651 563 2665 587 ,
2724 523 2790 579 de
2836 532 3101 579 consueto
3151 539 3327 590 more,
3381 542 3506 582 cum

1929 615 2178 669 exercitu
2251 614 2619 685 universoque
2666 613 2995 670 famulorum
3048 625 3196 672 cmtu
3250 629 3507 674 venatum

1928 705 2182 771 cxiisset,
2246 720 2537 760 cervorum
2592 707 2934 777 pascentium
2984 710 3336 778 conspicatus
3388 726 3509 782 gre-

1929 814 2073 869 gem,
2103 798 2355 854 exercitu
2389 799 2441 852 in
2479 806 2591 854 tres
2624 808 2829 870 partes,
2864 799 2943 853 uti
2977 800 3212 867 solebat,
3242 802 3509 858 distribu-

1931 899 2010 957 to,
2038 906 2135 948 eos
2164 889 2564 946 insectabatur.
2596 889 2669 943 At
2697 904 2819 945 cum
2855 890 2967 946 illis
3005 891 3288 961 capiendis
3328 893 3511 949 inten-

1930 991 2018 1036 tus
2046 989 2193 1036 esset
2213 982 2513 1047 exercitus,
2550 980 2642 1035 ille
2676 982 2771 1050 qui
2814 982 2867 1034 in
2915 982 3230 1039 universum
3262 999 3506 1056 gregem,

1931 1081 2048 1127 tum
2098 1072 2451 1143 proceritate,
2510 1080 2624 1125 tum
2677 1070 2854 1125 forma
2889 1072 3185 1138 eminebat,
3217 1090 3246 1129 a
3279 1077 3508 1146 reliquis

1929 1165 2239 1230 discedens,
2272 1181 2369 1236 per
2399 1165 2733 1221 densissima
2787 1166 2939 1221 silva:
2974 1175 3361 1240 praeruptaque
3386 1171 3531 1225 loca

1931 1258 1986 1312 in
2019 1274 2213 1314 nemus
2239 1258 2496 1328 prosiliit.
2534 1256 2693 1313 IIunc
2726 1256 2975 1315 Placidas
3017 1262 3323 1328 contuitus,
3354 1263 3506 1332 ejus-

1930 1366 2037 1419 que
2096 1350 2600 1420 comprebendendi
2664 1350 2944 1406 desiderio
3001 1365 3313 1421 accensus,
3378 1368 3507 1409 cum

1930 1441 2195 1497 militibus
2220 1442 2436 1511 paucis,
2475 1442 2694 1496 cmteris
2726 1442 2984 1497 omnibus
3015 1443 3245 1509 relictis,
3290 1445 3508 1502 insecu-

1932 1539 2020 1588 tus
2046 1539 2152 1586 est.
2180 1530 2300 1585 Jam
2324 1530 2458 1586 socii
2476 1530 2861 1587 deﬁcientibus
2885 1530 3095 1587 viribus
3116 1534 3506 1601 constiterant,

1932 1637 2055 1679 cum
2084 1624 2240 1679 solus
2270 1623 2391 1694 ipse
2430 1622 2812 1693 persequendo
2846 1633 3249 1693 perseveraret,
3286 1625 3507 1681 divina-

246 1713 445 1779 διώξει,
472 1714 613 1769 κατά
644 1715 899 1787 πρόνοιαν
918 1715 975 1770 δὲ
1000 1717 1156 1782 Θεοῦ,
1189 1720 1328 1791 μήτε
1347 1721 1443 1774 τοῦ
1466 1722 1632 1776 ἵππου
1660 1724 1823 1777 αὐτοῦ

1929 1730 2035 1786 que
2095 1713 2297 1769 factum
2353 1712 2697 1783 providentia
2750 1723 2855 1778 est,
2904 1722 2965 1767 ut
3010 1729 3112 1770 nec
3150 1730 3363 1785 equus,
3404 1731 3507 1773 nec

246 1805 625 1875 ἀτονήσαντος,
660 1807 797 1878 μήτε
827 1807 993 1862 αὐτοῦ
1044 1810 1180 1881 πρὸς
1230 1810 1330 1883 τὴν
1380 1812 1700 1886 δυσχέρειαν
1728 1815 1823 1869 τοῦ

245 1898 411 1950 τόπου
442 1898 879 1970 ἀποκνήσαντος,
911 1901 1006 1955 ἐπὶ
1039 1902 1175 1955 πολὺ
1204 1904 1577 1975 καταδιώκων,
1604 1910 1822 1980 μακρὰν

245 1987 447 2059 εὑρέθη
476 1988 571 2042 τοῦ
598 1991 963 2062 στρατοπέδου
994 1994 1181 2049 αὑτοῦ.
1213 1996 1271 2048 '0
1298 1996 1354 2049 δὲ
1378 1996 1576 2067 ἔλαφος
1604 1998 1823 2069 ἔφευγε,

244 2079 452 2144 ἐκεῖνος
484 2080 541 2134 δὲ
592 2081 929 2152 παραλαϐὼν
962 2083 1275 2157 ἀκρώρειαν
1319 2086 1546 2159 πέτρας,
1598 2088 1824 2160 μηδενὸς

247 2170 499 2235 συνόντος
530 2171 699 2244 αὐτῷ,
732 2173 861 2246 ἔστη
893 2176 1246 2245 περισκοπῶν
1284 2177 1578 2245 πάντοθεν,
1603 2181 1701 2234 καὶ
1734 2182 1823 2233 ἐν-

246 2262 383 2315 νοῶν
416 2262 553 2333 ποίῳ
584 2266 771 2336 τρόπῳ
798 2263 1034 2337 λάϐηται
1053 2269 1151 2338 τῆς
1194 2267 1395 2338 ἐλάφου
1417 2286 1431 2299 ·
1469 2268 1582 2324 ἀλλ’
1625 2273 1654 2324 ό
1690 2271 1824 2325 πάν-

247 2368 410 2421 σοφος
448 2355 544 2407 καὶ
572 2356 871 2427 οίκτίρμων
890 2356 1042 2424 Θεὸς,
1075 2360 1104 2412 ὁ
1134 2360 1396 2423 παντοίας
1427 2361 1579 2423 ὀδοὺς
1608 2361 1700 2413 ἐπὶ
1723 2376 1825 2415 σω-

243 2444 411 2515 τηρίᾳ
434 2446 544 2499 τῶν
571 2447 874 2518 ἀνθρώπων
897 2448 1192 2521 ἐπινοήσας
1210 2490 1225 2515 ,
1259 2451 1605 2522 ἀντιοηρεύει
1636 2453 1825 2507 τοῦτον

244 2536 302 2588 ἐν
322 2538 390 2607 τῇ
421 2535 563 2609 θήρᾳ
585 2552 598 2569 ·
634 2538 731 2609 οὐχ
758 2538 831 2604 ὼς
865 2541 1166 2612 Κορνήλιον
1195 2542 1287 2596 διά
1317 2542 1548 2614 Πέτρου,
1586 2544 1701 2597 ἀλλ’
1749 2545 1825 2609 ὠς

245 2626 457 2680 Παῦλον
479 2626 765 2692 διώκοντα,
784 2629 872 2683 διὰ
888 2631 987 2699 τῆς
1009 2631 1143 2694 ἰδίας
1167 2632 1511 2701 ἐπιφανείας.
1546 2634 1669 2687 Ἐπὶ
1689 2635 1823 2689 πολὺ

243 2719 301 2771 δὲ
327 2720 563 2784 ἑστῶτος
588 2720 682 2774 τοῦ
713 2721 976 2787 Πλακίδα,
1009 2724 1105 2777 καὶ
1135 2725 1475 2789 ἀτενίζοντας
1507 2726 1608 2797 μὲν
1634 2727 1714 2790 εἰς
1734 2727 1824 2781 τὸν

241 2811 458 2880 ἔλαφον,
484 2811 858 2883 θαυμάζοντος
896 2812 954 2866 δὲ
986 2813 1151 2867 αὐτοῦ
1185 2814 1246 2868 τὸ
1281 2815 1533 2886 μέγεθος,
1563 2815 1658 2869 καὶ
1681 2816 1826 2887 ἀμη-

242 2903 532 2975 χανοῦντος
562 2905 691 2975 περὶ
718 2904 818 2975 τὴν
844 2905 1126 2975 σύλληψιν,
1158 2906 1399 2960 δείκνυσι
1430 2908 1634 2978 Κύριος
1662 2908 1825 2979 ’τιερόι⁴

243 2998 390 3051 στιόν
419 3016 474 3051 τι
506 2996 768 3062 τοιοῦτον,
800 2999 902 3052 οὐκ
930 2999 1178 3062 ἀπεικὸς,
1205 2998 1326 3052 οὐδὲ
1353 2999 1683 3071 ὑπερϐαῖνον
1722 3002 1823 3072 τῆς

241 3087 407 3142 αὑτοῦ
431 3089 718 3159 δυνάμεως
743 3060 805 3144 τὸ
848 3090 1080 3159 μέγεοος
1106 3060 1294 3144 ’-ἀλλ’
1338 3060 1526 3162 ὥσπερ
1580 3091 1674 3143 ἐπὶ
1725 3060 1819 3145 τοῦ
1847 3060 1891 3120 c

239 3178 474 3250 Βαλαὰμ
494 3178 652 3249 λόγον
679 3178 855 3244 ἐνθεὶς
888 3181 954 3251 τῇ
989 3180 1117 3251 δνῳ,
1149 3179 1375 3252 ἤλεγξεν
1396 3182 1562 3236 αὐτοῦ
1587 3181 1687 3254 τὴν
1708 3182 1823 3237 διά-

238 3285 409 3334 νοιαν,
451 3267 593 3322 οὕτω
650 3268 745 3323 καὶ
789 3267 1022 3322 ἐνταῦθα
1067 3269 1307 3325 δείκνυσι
1333 3274 1527 3342 τούτῳ.
1566 3271 1692 3325 Ἐπὶ
1722 3272 1822 3343 μὲν

235 3360 490 3432 κεράτων
512 3357 608 3413 τοῦ
648 3357 852 3427 ἐλάφου
895 3359 989 3412 τὸν
1032 3360 1203 3413 τύπον
1231 3360 1326 3414 τοῦ
1366 3362 1523 3430 ἁγίου
1559 3363 1817 3436 σταυροῦ,

233 3450 373 3521 ὑπὲρ
404 3449 517 3521 τὴν
548 3449 910 3521 λαμπρότητα
928 3448 1024 3504 τοῦ
1058 3450 1210 3521 ἡλίου
1240 3450 1547 3520 λάμποντα,
1574 3454 1739 3523 μέσον
1762 3455 1821 3509 δὲ

233 3541 341 3597 τῶν
366 3542 625 3612 κεράτων
648 3539 745 3613 τὴν
769 3542 954 3597 εἰκόνα
1001 3542 1097 3594 τοῦ
1129 3541 1390 3613 θεοφόρου
1445 3542 1717 3615 σώματος,
1756 3540 1820 3601 οὗ

238 3631 326 3684 διὰ
361 3632 464 3701 τὴν
508 3630 785 3701 ἡμετέραν
820 3630 1094 3702 σωτηρίαν
1140 3632 1432 3688 ἀναλαϐεῖν
1472 3635 1817 3704 κατεδέξατο,

243 3723 335 3776 καὶ
361 3722 551 3792 φωνὴν
578 3722 926 3793 ἀνθρωπίνην
955 3721 1130 3787 ἐνθεὶς
1166 3727 1232 3795 τῇ
1260 3725 1467 3797 ἐλάφῳ,
1490 3727 1820 3799 προσκαλεί-

239 3831 328 3869 ται
354 3813 447 3867 τὸν
489 3812 759 3868 Πλακίδαν
778 3852 794 3880 ,
854 3812 1055 3883 λέγων’
1084 3810 1155 3867 Ὦ
1184 3816 1456 3881 Πλακίδα,
1485 3818 1538 3873 τί
1597 3837 1663 3891 με
1692 3820 1818 3875 διώ-

240 3923 395 3973 κεις;
428 3905 541 3959 ἰδοὺ
576 3904 760 3958 ἕνεκέν
787 3922 879 3958 σου
912 3906 1117 3975 παρῆν,
1152 3907 1248 3960 καὶ
1276 3908 1334 3960 ἐν
1375 3909 1453 3980 τῷ
1488 3908 1612 3982 ζώῳ
1642 3913 1818 3985 τούτῳ

238 3996 427 4067 ὤφθην
462 4013 567 4051 σοι.
607 3995 749 4065 Ἐγώ
785 3997 902 4067 ειμι
946 3996 1153 4068 Ἰησοῦς
1186 3999 1214 4051 ό
1242 4000 1496 4071 Χριστὸς,
1530 4002 1590 4055 ὃν
1609 4005 1818 4073 ἀγνοῶν

240 4089 392 4159 σέϐῃ.
423 4089 495 4141 Ai
524 4087 632 4160 γὰρ
664 4088 904 4143 εὐποιίαι
924 4105 1042 4157 σου,
1064 4090 1130 4153 ἃς
1166 4090 1230 4145 σὺ
1255 4094 1430 4157 ποιεῖς
1455 4095 1535 4159 είς
1567 4096 1691 4159 τοὺς
1711 4097 1820 4151 δεο·

240 4178 455 4248 μένους,
493 4179 844 4249 παρέστησαν
878 4179 1107 4235 ἐνώπιόν
1141 4200 1278 4253 μου,
1316 4185 1410 4238 καὶ
1432 4181 1595 4256 ἦλθον
1640 4189 1818 4260 ἐμφα-

237 4267 383 4322 νίσαι
419 4285 510 4321 σοι
546 4266 783 4337 ἐμαυτὸν
811 4266 900 4320 διὰ
937 4266 1032 4321 τοῦ
1056 4269 1254 4339 ἐλάφου
1285 4270 1499 4338 τούτου,
1523 4274 1617 4327 καὶ
1664 4276 1816 4328 ἀντι-

239 4358 524 4431 ζωγρῆσαί
558 4374 640 4424 σε,
688 4358 782 4412 καὶ
834 4362 1051 4430 συσχεῖν
1076 4363 1189 4424 τοῖς
1225 4362 1461 4427 δικτύοις
1488 4364 1586 4436 τῆς
1624 4367 1812 4436 φιλαν-
1838 4400 1889 4461 D

240 4450 489 4521 Ορωπίας
541 4466 666 4519 μου.
696 4451 769 4505 Οὐ
803 4451 908 4521 γάρ
939 4452 1056 4506 ἐστι
1092 4453 1321 4519 δίκαιον,
1370 4456 1463 4509 τὸν
1492 4458 1616 4529 ἐμοὶ
1644 4476 1814 4531 προσ-

240 4542 371 4613 φιλῆ
414 4541 505 4597 διὰ
556 4540 666 4594 τῶν
716 4541 938 4609 ἀγαθῶν
988 4542 1187 4614 ἔργων,
1242 4546 1513 4601 δουλεύειν
1566 4549 1816 4621 δαίμοσιν

240 4630 576 4702 ἀκαθάρτοις
604 4630 698 4684 καὶ
721 4630 961 4695 εἰδώλοις
983 4636 1195 4703 νεκροῖς
1218 4636 1316 4689 καὶ
1338 4639 1559 4706 κωφοῖς.
1585 4640 1686 4694 Διά
1707 4642 1816 4713 γάρ

239 4716 399 4773 τοῦτο
425 4717 592 4793 ἦλθον
622 4723 716 4775 ἐπὶ
742 4722 845 4792 γῆς
874 4726 932 4777 ἐν
961 4723 1039 4795 τῷ
1067 4724 1197 4779 εῖδει
1225 4729 1419 4800 τούτῳ,
1460 4724 1505 4799 ᾧ
1533 4731 1627 4787 νῦν
1660 4734 1814 4806 όρᾷς,

244 4812 414 4869 σῶσαι
444 4815 617 4871 θέλων
648 4817 711 4870 τὸ
737 4815 845 4871 τῶν
868 4817 1173 4889 ἀνθρώπων
1212 4823 1387 4890 γένος.
1437 4844 1457 4877 ι
1520 4816 1531 4827 ’

196 5140 201 5144 ι
244 5070 359 5131 Τοῦ
380 5074 558 5147 ἁγίου
578 5079 863 5158 Λεοντίου
882 5082 1244 5158 ᾗιγεαπόβεως
1267 5082 1375 5151 τῆς
1395 5086 1679 5158 Κυπρίων
1708 5090 1806 5158 νὴ.

523 5162 662 5215 σου,
690 5150 834 5215 πρὸς
882 5151 1232 5219 Ἰουδαίους,
1258 5161 1299 5207 ε’
1326 5150 1533 5226 λόγου.

316 5252 337 5287 t
380 5236 519 5309 Φέρε
569 5237 632 5309 δὴ
682 5239 887 5304 λοιπὸν,
930 5243 1068 5314 φέρε
1103 5246 1421 5317 προθύμως,
1456 5252 1551 5305 καὶ
1588 5253 1684 5326 τὴν
1716 5256 1813 5327 τῆς

242 5325 603 5392 ἐκτυπώσεως
627 5331 735 5383 τῶν
760 5335 970 5388 σεπτῶν
996 5338 1221 5392 εἰκόνων
1245 5342 1540 5412 ἀπολογίαν
1576 5350 1813 5418 ποιησώ-

1926 1807 2161 1877 ipsemet
2198 1806 2494 1877 asperitate
2528 1804 2774 1859 locorum
2817 1803 3172 1873 fatiscerent;
3203 1814 3256 1860 et
3282 1821 3506 1862 cervum

1928 1898 2138 1954 diutius
2156 1896 2496 1968 adurgendo,
2528 1895 2718 1967 procul
2751 1912 2810 1951 se
2839 1897 2907 1952 ab
2935 1899 3180 1955 exercitu
3205 1899 3506 1956 recessisse

1927 1989 2090 2061 373
2144 1990 2550 2045 animadvertit.
2608 1987 2779 2043 Porro
2827 1987 3070 2059 fugiente
3130 2004 3317 2055 cervo,
3375 2005 3502 2045 cum

1927 2082 2114 2136 nullus
2142 2080 2406 2136 comitum
2452 2079 2693 2145 adesset,
2725 2087 2895 2149 petra:
2933 2080 3195 2135 verticem
3238 2096 3506 2136 consecu-

1926 2173 2027 2238 dit,
2084 2182 2199 2228 tum
2237 2172 2723 2243 circumaspicere,
2757 2186 3058 2242 secumque
3103 2173 3367 2243 cogitare,
3393 2188 3503 2244 quo

1925 2264 2146 2321 tandem
2178 2272 2339 2334 pacto
2376 2263 2615 2333 praedam
2650 2275 3006 2332 assequatur.
3043 2263 3112 2318 At
3153 2264 3504 2335 sapientissi-

1926 2371 2051 2411 mus
2100 2354 2676 2424 clementissimusque
2715 2352 2890 2419 Deus,
2926 2353 3019 2423 qui
3050 2354 3230 2410 nullas
3268 2371 3378 2409 non
3408 2371 3503 2411 ex-

1926 2446 2130 2518 cogitat
2178 2448 2314 2512 vias,
2352 2433 2556 2516 quibus
2596 2444 2661 2499 ad
2710 2446 2946 2500 salutem
2992 2443 3247 2501 homines
3297 2446 3502 2509 ducat,

1927 2537 2076 2592 hunc
2127 2537 2181 2591 in
2234 2537 2469 2607 ipsumet
2520 2536 2811 2591 venatione
2868 2543 3100 2589 venatur
3148 2554 3160 2591 :
3204 2550 3312 2590 non
3357 2535 3503 2591 Petri

1926 2643 2121 2699 opera;
2155 2636 2217 2681 ut
2264 2629 2395 2681 olim
2432 2627 2775 2693 Cornelium,
2806 2628 2982 2698 magis
3018 2636 3201 2682 autem
3242 2628 3324 2682 uti
3370 2643 3503 2697 per-

1927 2727 2233 2775 secutorem
2261 2717 2513 2783 Paulum,
2543 2719 2758 2790 objecta
2785 2735 2883 2775 sua
2918 2719 3124 2789 specie.
3156 2717 3344 2789 Itaque
3373 2734 3504 2774 con-

1926 2811 2140 2865 sistenti
2174 2811 2265 2864 diu
2293 2809 2546 2877 Placidar,
2572 2815 2833 2881 cervique
2862 2811 3247 2880 proceritatem
3275 2811 3504 2869 intentis

1926 2900 2102 2956 oculis
2134 2898 2449 2965 demiranti,
2486 2916 2609 2955 cum
2646 2900 2795 2957 illius
2832 2900 3084 2970 capiendi
3121 2901 3270 2956 nulla
3295 2904 3380 2957 via
3405 2917 3503 2957 oc-

1926 3002 2196 3059 curreret,
2252 2991 2530 3061 ejusmodi
2592 2998 2910 3062 portentum
2973 2992 3236 3049 Dominus
3308 2992 3501 3060 edidit,

1923 3082 2068 3153 quod
2096 3081 2319 3152 quidem
2352 3082 2488 3136 nihil
2517 3084 2771 3139 absimilc
2798 3084 2911 3140 veri
2933 3094 3037 3151 cst,
3071 3098 3171 3139 nec
3202 3083 3375 3154 ipsius
3401 3100 3502 3155 po-

1922 3175 2107 3230 tentiae
2139 3175 2574 3245 magnitudinem
2613 3175 2848 3232 evecdit.
2885 3174 3015 3243 Sed,
3038 3179 3502 3247 quemadmodum

1923 3264 2095 3321 asina:
2127 3264 2346 3319 Balaam
2401 3265 2656 3335 loquendi
2712 3267 2884 3321 indita
2916 3266 3176 3322 facultate
3213 3269 3283 3337 ⁸⁸,
3311 3283 3377 3324 ea
3408 3283 3503 3323 ar-

1921 3359 2059 3430 guit,
2095 3373 2215 3429 qua:
2246 3366 2400 3413 vates
2431 3359 2616 3413 animo
2648 3360 2925 3425 versabat,
2958 3360 3252 3417 consimile
3292 3361 3500 3432 aliquid

1921 3458 2055 3504 tunc
2081 3449 2243 3503 etiam
2272 3446 2348 3502 illi
2390 3450 2737 3505 monstravit.
2763 3448 2819 3503 ln
2843 3450 2988 3505 cervi
3015 3453 3275 3509 cornibus
3296 3463 3501 3511 sancta:

1921 3539 2103 3594 crucis
2138 3538 2259 3608 ipso
2290 3538 2405 3594 sole
2433 3538 2593 3609 longe
2619 3538 3007 3609 fulgentiorem
3049 3541 3303 3612 ﬁguram,
3334 3554 3498 3616 atque

1921 3631 2065 3685 inter
2092 3644 2301 3684 cornua
2332 3628 2502 3683 divini
2544 3630 2630 3686 sui
2666 3630 2945 3700 corporis,
2992 3634 3141 3703 quod
3175 3650 3273 3705 pro
3306 3646 3497 3694 nostra

1920 3722 2100 3777 salute
2131 3735 2353 3776 sumere
2399 3719 2659 3789 dignatus
2690 3728 2795 3787 est,
2838 3720 3066 3794 elligicm
3110 3725 3373 3795 ostendit;
3410 3728 3497 3782 in-

1919 3813 2145 3883 ditaque
2179 3826 2343 3867 cervo
2377 3825 2511 3866 voce
2545 3810 2808 3880 humana,
2854 3813 2940 3870 his
2993 3812 3274 3872 Placidam
3310 3819 3494 3875 verbis

1918 3902 2215 3973 compellat
2256 3920 2269 3957 :
2306 3899 2448 3967 Quid
2499 3917 2586 3958 me
2645 3906 3030 3974 persequeris,
3087 3906 3353 3965 Placidal
3414 3910 3494 3967 En

1920 3995 1999 4049 tui
2029 4009 2199 4050 causa
2229 3994 2475 4060 aderam,
2520 4009 2718 4065 meque
2751 3996 2847 4051 tibi
2882 3997 2984 4053 hoc
3014 3999 3068 4052 in
3104 4000 3325 4057 animali
3358 4018 3493 4059 con-

1918 4086 2261 4159 spiciendum
2294 4086 2520 4157 praebui.
2549 4086 2658 4155 Ego
2685 4104 2806 4143 sum
2840 4087 3001 4146 Jesus
3024 4090 3302 4161 Christus,
3332 4110 3493 4165 quem

1918 4182 2182 4252 ignorans
2212 4180 2368 4236 colis.
2398 4177 2514 4233 Tua
2546 4194 2676 4251 erga
2707 4195 2983 4251 pauperes
3033 4182 3210 4239 oﬂicia
3257 4199 3493 4257 conspe-

1918 4274 2032 4329 ctui
2100 4288 2222 4329 meo
2256 4271 2550 4344 praesentia
2612 4271 2856 4327 luerunt.
2923 4273 3293 4340 Quamobrem
3347 4278 3493 4335 istuc

1918 4366 2063 4429 veni,
2096 4372 2150 4419 ut
2202 4381 2299 4435 per
2342 4365 2490 4421 hunc
2532 4380 2753 4421 cervum
2803 4383 2888 4422 me
2941 4368 3307 4436 patefacerem
3369 4372 3490 4440 tibi,

1916 4465 2078 4528 teque
2130 4456 2378 4513 vicissim
2432 4465 2635 4512 venatu
2684 4459 3229 4530 comprehenderem,
3276 4472 3332 4520 et
3378 4466 3494 4521 cle-

1917 4550 2135 4605 mentim
2173 4564 2306 4605 mea:
2332 4549 2586 4620 indagine
2622 4550 2921 4624 cingcrcm.
2946 4552 3055 4609 Nec
3088 4555 3233 4611 enim
3273 4573 3488 4629 acquum

1916 4638 2105 4705 fuerit,
2142 4648 2200 4694 ut
2228 4656 2389 4711 quem
2417 4641 2486 4696 ob
2525 4650 2675 4698 recte
2710 4645 2988 4714 probeque
3022 4644 3165 4701 facta
3197 4646 3388 4720 diligo,
3443 4652 3490 4707 is

1918 4734 2263 4791 daemonibus
2297 4734 2553 4804 impuris,
2604 4736 2946 4807 mortuisque
2978 4745 3033 4792 et
3082 4738 3271 4796 surdis
3311 4741 3489 4796 simu-

1918 4824 2085 4881 lacris
2129 4826 2351 4882 serviat.
2400 4824 2611 4881 Idcirco
2656 4827 2862 4898 quippe
2892 4828 2959 4884 ad
2992 4836 3193 4894 terras,
3224 4843 3286 4887 ea
3323 4846 3486 4902 quam

1916 4916 2100 4973 cernis
2150 4917 2333 4987 specie
2382 4917 2532 4984 veni,
2574 4926 2635 4972 ut
2682 4918 2869 4988 generi
2921 4920 3207 4978 hominum
3255 4922 3487 4980 salutem

1918 5009 2190 5066 aﬂ‘errem.
2232 5028 2254 5062 ι

1920 5100 2105 5158 Sancti
2154 5100 2359 5157 Leontii
2406 5099 2675 5178 _I_l_leapoli£
2688 5102 2741 5155 in
2774 5102 2949 5178 Cypro
2973 5105 3157 5178 insula
3188 5104 3487 5178 [episcoPi],

2299 5187 2365 5226 ea;
2398 5170 2532 5227 libro
2565 5190 2597 5228 v
2636 5170 3110 5229 Contrn'luda’as.

1990 5283 2008 5316 ι
2048 5264 2295 5335 Agedum
2342 5261 2645 5335 deinceps,
2688 5278 2785 5335 age
2813 5263 2927 5333 jam
2961 5279 3118 5335 aequo
3169 5264 3356 5320 animo
3394 5282 3481 5321 ve-

1912 5354 2236 5409 nerabilium
2287 5352 2589 5422 imaginum
2642 5352 3018 5409 defensionem
3072 5354 3482 5424 aggrediamur,

244 5416 583 5517 μεθα,-δπως
618 5422 975 5495 ἐμφρασθῶσι
1023 5429 1264 5499 στόματα
1308 5432 1545 5504 ἀνόμων,
1587 5416 1811 5492 λαλούν-

1925 5454 1970 5501 ιι
2003 5446 2366 5502 obstruantur
2405 5459 2501 5500 ora
2547 5445 2889 5515 loquentium
2923 5444 3141 5517 iniqua.
3185 5445 3303 5504 Non
3336 5446 3486 5501 enim

244 5521 351 5561 των
398 5507 586 5563 ἄδικα·
621 5513 818 5585 νομικὴ
856 5516 965 5587 γὰρ
994 5518 1132 5591 α’ύτη
1170 5522 1202 5591 ή
1233 5524 1550 5593 παράδοσις,
1583 5528 1675 5583 καὶ
1713 5531 1809 5602 ούχ

1925 5537 2204 5597 inventum
2246 5545 2496 5593 nostrum
2531 5507 2665 5594 illud
2692 5545 2798 5605 est,
2833 5538 2927 5596 sed
2956 5507 3090 5610 legis
3118 5539 3301 5609 potius
3329 5538 3491 5599 msti-

316 5632 361 5665 ⁸⁵
379 5646 545 5702 Num.
575 5664 705 5718 χχιι,
738 5652 827 5709 28.
