3986 6346
490 274 628 345 1333
1651 273 1712 334 s.
1753 272 2074 338 JOANNIS
2113 273 2541 337 DAMASCENI
3617 277 3780 344 1:331

488 397 685 443 tutum.
728 383 862 439 Nam
903 381 1071 438 Deum
1112 381 1293 454 ipsum
1335 382 1460 438 audi
1517 382 1687 456 Moysi
1724 385 2050 464 pra-cipien-

2173 389 2428 460 ἡμετέρα.
2489 389 2756 443 Ἄκουσον
2793 387 2902 459 γὰρ
2943 385 3123 456 ,αὐτοῦ
3158 386 3253 443 τοῦ
3291 388 3430 444 Θεοῦ
3491 391 3777 462 λέγοντος

485 487 618 544 tem,
676 486 737 532 ut
787 476 1035 548 geminas
1083 475 1384 531 Clierubim
1448 476 1716 548 imagines
1774 478 2062 548 sculptiles

2173 479 2303 549 πρὸς
2351 479 2623 544 Μωῦσέα,
2671 480 2886 544 εἰκόνας
2921 479 3014 534 δύο
3038 479 3321 552 Χερουϐὶμ
3350 481 3617 550 γλυπτῶν
3661 486 3778 539 καὶ

499 567 916 636 conflatilesque
960 565 1320 633 fabrefaciat,
1372 567 1571 638 quibus
1625 569 2063 639 propitiatorium

487 659 937 716 obumbraretur.
979 658 1216 725 Adhaec,
1261 659 1525 730 templum
1592 658 1862 715 Ezechieli
1917 658 2063 716 Deus

487 750 752 815 ostendit,
807 749 956 821 quod
1007 765 1037 804 a
1086 751 1398 820 pavimento
1446 751 1510 805 ad
1569 739 1846 820 laquearis
1905 749 2066 806 fasti-

487 845 660 917 gium,
693 842 983 913 sculptiles
1017 843 1260 910 leonum,
1291 844 1618 913 palmarum,
1641 843 2060 914 hominumque,

487 947 541 994 et
567 936 866 992 Cherubim
897 936 1064 991 facies
1095 937 1359 992 habuisse
1389 937 1544 992 dicit.
1564 937 1857 993 Terribilis
1883 939 2066 1008 reipsa

489 1029 578 1084 hic
626 1043 808 1084 sermo
856 1035 963 1081 est.
1011 1029 1152 1082 Deus
1199 1030 1294 1097 qui
1345 1027 1532 1083 lsraeli
1588 1027 1848 1097 injunxit,
1883 1044 1951 1084 ne
1986 1027 2064 1083 rei

487 1121 677 1184 ullius,
707 1119 822 1173 sive
851 1135 973 1186 quae
1007 1117 1062 1171 in
1094 1118 1273 1182 cadis,
1305 1119 1422 1174 sive
1455 1135 1576 1190 qua:
1611 1120 1662 1172 in
1697 1127 1844 1173 terra
1872 1120 2064 1184 fuerit,

489 1210 748 1279 sculptile
769 1209 1090 1279 quodpiam,
1125 1217 1221 1263 aut
1251 1208 1544 1279 imaginem
1583 1209 2068 1266 similitudinemve

490 1299 719 1366 faceret,
772 1301 890 1370 ipse
941 1299 1110 1370 Moysi
1151 1300 1418 1370 praeripit,
1455 1308 1514 1354 ut
1547 1303 1766 1372 sculpta
1813 1302 2066 1356 animan-

489 1393 586 1453 tia,
642 1391 965 1456 Cherubim,
1017 1391 1266 1460 inquam,
1325 1391 1574 1446 fabricet.
1623 1392 1881 1460 Quinimo
1932 1395 2067 1450 Eze-

488 1482 652 1538 chicli
687 1483 946 1552 templum
993 1490 1286 1548 monstrat,
1331 1483 1684 1554 imaginibus,
1731 1486 2068 1558 sculptisque

488 1571 728 1636 leonum,
789 1570 1122 1640 palmarum,
1169 1581 1224 1626 et
1271 1572 1558 1628 hominum
1613 1576 1924 1632 simulacris
1979 1593 2066 1633 re—

491 1659 710 1717 fertum.
766 1659 1026 1715 Salomon
1069 1661 1196 1716 item
1252 1661 1480 1732 ﬁguram
1516 1663 2069 1736 designationemque

487 1765 554 1806 ex
595 1751 712 1821 lege
747 1759 1053 1818 mutuatus,
1089 1752 1262 1808 aeneis
1301 1753 1488 1819 boum,
1520 1755 1854 1825 palmarum,
1881 1763 1936 1810 et
1966 1755 2066 1811 ho-

487 1842 698 1896 minum
765 1842 1076 1899 simulacris
1130 1843 1349 1913 plenum
1433 1846 1692 1915 templum
1751 1847 2066 1903 exstruxit:

487 1949 665 2004 neque
720 1935 791 1990 ob
848 1935 901 1989 id
960 1951 1190 2005 usquam
1239 1951 1270 1989 a
1328 1935 1437 1992 Deo
1503 1939 1873 2008 reprehensus
1933 1938 2069 1993 fuit.

487 2024 855 2094 Quamobrem
913 2027 958 2081 si
1024 2043 1110 2082 me
1160 2037 1383 2098 prepter
1430 2029 1697 2100 imagines
1737 2030 2068 2086 condemna-

489 2133 550 2173 re
605 2119 714 2182 vis,
777 2118 945 2173 Deum
996 2119 1152 2189 prius
1214 2134 1478 2185 accuses,
1530 2121 1626 2192 qui
1686 2121 1801 2176 haec
1863 2123 2071 2180 idcirco

493 2206 609 2263 fieri
633 2207 837 2278 jussit,
865 2217 923 2264 ut
957 2209 1133 2280 ipsius
1177 2211 1322 2280 apud
1367 2228 1466 2267 nos
1510 2215 1774 2269 memoria
1814 2229 2070 2284 persevc-

489 2308 660 2355 raret.
711 2318 732 2354 ι

807 2391 974 2466 374I
1008 2391 1256 2464 Ejusdem
1283 2411 1347 2450 ea:
1381 2395 1516 2450 libro
1549 2396 1750 2466 quinto.

565 2500 587 2537 ι
627 2481 794 2540 Nobis
842 2501 1064 2540 rursum
1097 2487 1358 2555 illudunt,
1407 2489 1557 2557 quod
1608 2487 1905 2558 pretiosam
1940 2502 2072 2544 cru«

489 2589 608 2630 cem
647 2573 974 2654 divinasque
1019 2577 1290 2650 imagines
1335 2579 1714 2649 designcmus,
1754 2579 2072 2636 adoremus-

489 2681 626 2737 que,
686 2683 898 2738 nosque
960 2669 1239 2724 idolorum
1301 2683 1366 2724 ac
1419 2670 1722 2741 ligneorum
1779 2672 2069 2726 numinum

489 2757 729 2816 cultores
756 2767 977 2826 vocant,
1010 2760 1112 2815 viri
1138 2762 1232 2832 qui
1257 2760 1426 2816 Deum
1458 2763 1681 2817 omnino
1705 2777 1812 2818 non
1844 2769 2049 2818 norunt

489 2850 646 2917 Quod
699 2850 771 2918 si,
824 2860 885 2906 ut
920 2853 1149 2920 asseris,
1185 2853 1380 2922 allies,
1429 2853 1596 2909 Deum
1631 2855 1872 2926 ligneum
1923 2856 2068 2921 colo,

489 2949 638 2997 certe
667 2943 852 3012 plures
887 2958 1108 3014 quoque
1143 2958 1394 2999 veneror.
1427 2941 1484 2998 Si
1519 2944 1731 3014 plures,
1761 2945 1952 3014 utique
1977 2947 2071 3000 de-

484 3032 718 3102 ierando
769 3033 982 3100 dixero,
1043 3034 1146 3088 Per
1191 3033 1315 3088 deos
1352 3049 1370 3088 :
1406 3036 1867 3105 quemadmodum
1899 3046 1950 3092 et
1983 3044 2064 3104 tu,
2095 3051 2140 3115 ο

489 3125 767 3193 quondam
798 3124 1032 3177 vitulum
1063 3140 1235 3179 unum
1263 3125 1559 3195 aspiciens,
1589 3125 1778 3182 aiebas
1805 3145 1819 3180 :
1849 3125 1920 3180 Hi
1947 3136 2067 3182 sunt

489 3211 567 3266 dii
615 3213 717 3278 tui,
774 3210 950 3267 Israel
999 3214 1066 3268 ⁸⁸.
1108 3215 1177 3269 At
1233 3215 1506 3284 ejusmodi
1554 3215 1940 3286 jusjurandum
2001 3234 2070 3275 ex

2099 1724 2140 1779 Β

489 3319 586 3362 ore
641 3305 1081 3363 Christianorum
1133 3320 1190 3366 te
1243 3311 1524 3368 audivisse
1558 3313 1879 3384 neutiquam
1918 3329 2070 3370 asse-

469 3399 720 3476 Vveraris.
788 3398 986 3455 Verum
1042 3401 1308 3461 adulterae
1372 3404 1670 3475 Syuagogae
1721 3407 2068 3462 consuetudo

489 3497 596 3556 est,
626 3498 686 3544 ut
732 3491 1116 3559 castissimam,
1147 3493 1351 3548 Christi
1387 3493 1722 3563 Ecclesiam,
1749 3511 1850 3553 ceu
1885 3513 2067 3554 mere-

491 3580 683 3634 tricem
715 3580 965 3636 infamet.
1004 3599 1022 3632 ι

565 3670 845 3741 Ejusdem.
883 3691 903 3724 ι
943 3671 1130 3744 Neque
1157 3675 1302 3730 enim
1325 3684 1642 3733 sanctorum
1670 3676 1896 3745 formas,
1933 3677 2070 3734 ima-

491 3762 647 3835 gines
676 3771 730 3818 et
763 3763 963 3834 ﬁguras
1009 3766 1090 3820 uti
1122 3767 1260 3824 deos
1321 3771 1637 3824 adoramus.
1682 3769 1816 3824 Nam
1860 3773 1906 3828 si
1949 3779 2070 3826 tan-

491 3869 656 3925 quam
692 3853 859 3908 Deum
890 3855 1127 3926 ligneam
1176 3858 1469 3930 imaginem
1499 3860 1878 3929 adoraremus,
1915 3878 2071 3918 eum-

491 3944 615 3998 dem
647 3943 876 3998 omnino
907 3945 1116 3999 cultum
1162 3948 1396 4018 reliquis
1434 3950 1600 4005 etiam
1636 3950 1803 4020 lignis
1840 3951 2068 4008 exhibe-

2155 569 2453 641 ,χωνευτῶν
2485 569 2917 634 κατασκευάσαι,
2954 571 3285 635 σκιαξόντων
3311 571 3372 625 τὸ
3409 573 3774 646 ἱλαστήριον.

2164 663 2277 718 Καὶ
2318 663 2502 729 πάλιν,
2549 663 2640 716 τὸν
2693 663 2819 717 ναὸν
2874 661 3074 728 ἔδειξεν
3110 665 3139 717 6
3167 662 3301 728 Θεὸς
3337 665 3416 736 τῷ
3452 666 3768 736 Ἰεζεκιὴλ,

2165 754 2380 823 γλυπτὰ
2433 754 2719 826 πρόσωπα,
2769 755 2952 826 φησὶν,
2987 749 3124 825 εἶχε,
3154 754 3402 823 λεόντων,
3440 759 3539 811 καὶ
3575 760 3766 828 φοινὶ-

2163 860 2297 920 κων,
2329 841 2425 898 καὶ
2448 841 2766 914 ἀνθρώπων,
2803 845 2896 898 καὶ
2917 843 3218 915 Χερουϐὶμ,
3251 845 3361 900 ἀπὸ
3394 847 3486 900 τοῦ
3513 829 3766 919 ἑδάξους

2167 933 2332 988 αὐτοῦ
2362 936 2466 998 ἕως
2505 935 2597 988 τοῦ
2623 933 2986 1012 φατνώματος
3021 935 3124 1005 τῆς
3155 936 3373 1007 στέγης,
3408 940 3621 1004 Ὄντως
3647 961 3762 1010 φα-
3837 969 3850 980 .

2165 1022 2324 1094 ϐερὸς
2355 1025 2382 1078 6
2404 1023 2579 1093 λόγος.
2616 1011 2838 1090 ΌςΘεὸς
2871 1025 3248 1097 ἐντειλάμενος
3277 1027 3355 1098 τῷ
3412 1031 3635 1102 Ἰσραὴλ
3670 1032 3754 1102 μὴ

2168 1115 2393 1186 ποιῆσαι.
2426 1115 2684 1184 γλυπτὸν,
2727 1117 2864 1188 μήτε
2898 1117 3106 1184 εἰκόνα,
3146 1119 3287 1189 μήτε
3309 1120 3584 1190 ὁμοίωμα,
3644 1125 3758 1176 ὅσα

2167 1206 2316 1260 ἐστὶν
2337 1208 2396 1262 ὲν
2415 1207 2493 1278 τῷ
2517 1208 2754 1279 οὐρανῷ,
2778 1209 2874 1262 καὶ
2896 1210 2996 1263 ὅσα
3021 1210 3168 1263 ἐστὶν
3211 1211 3304 1264 ἐπὶ
3346 1214 3449 1283 τῆς
3491 1213 3618 1282 γῆς,
3649 1214 3758 1266 αὑ·-

2165 1299 2262 1363 τὸς
2321 1301 2654 1370 προστάσσει
2691 1301 2770 1372 τῷ
2822 1303 3029 1372 Μωῦσῇ
3090 1303 3316 1372 ποιῆσαι
3362 1305 3580 1373 γλυπτὰ
3631 1303 3758 1368 ζῶα

2166 1391 2467 1470 Χερροὸίμ·
2495 1393 2589 1446 καὶ
2616 1392 2966 1463 τῷἹεζεκιὴλ
2983 1394 3166 1465 πλήρη
3190 1395 3412 1449 εἰκόνων
3429 1397 3523 1449 καὶ
3541 1396 3759 1470 ,ὀνομά-

2165 1463 2349 1554 τω(
2371 1483 2649 1553 γλυπτῶν,
2679 1485 2930 1549 λεόντων,
2964 1486 3058 1538 καὶ⁵
3092 1463 3371 1554 ιροινίκων,
3403 1489 3497 1542 καὶ
3530 1463 3756 1557 ανθρώ-

2151 1561 2308 1640 ’πιιῖν,
2337 1575 2580 1630 δείκνυσι
2610 1575 2700 1629 τὸν
2731 1576 2858 1630 ναὸν
2884 1578 2912 1630 6
2939 1577 3100 1640 Θεός’
3130 1578 3226 1630 καὶ
3267 1578 3539 1647 Σολομὼν,
3571 1581 3636 1631 ὲκ
3660 1583 3764 1635 νό-
3885 1647 3894 1654 _

2175 1683 2274 1736 μου
2308 1665 2488 1738 λαϐὼν
2535 1665 2596 1718 τὸ
2642 1665 2901 1736 τύπωμα,
2953 1665 3135 1738 πλήρη
3186 1669 3454 1738 πεποίηκε
3491 1669 3582 1722 τὸν
3620 1670 3757 1723 ναὸν
3791 1671 3844 1745 ’,ᾔ
3889 1667 3909 1740 ’1

2169 1757 2386 1829 χαλκῶν
2409 1757 2687 1826 γλυπτῶν,
2741 1759 2899 1829 βοῶν,
2939 1760 3035 1813 καὶ
3079 1761 3337 1828 φοινίκων
3362 1802 3377 1826 ,
3413 1761 3504 1814 καὶ
3532 1761 3756 1832 ἀνθρώ-

2170 1865 2308 1914 πων,
2339 1849 2434 1902 καὶ
2458 1848 2518 1902 οὐ
2549 1849 2904 1920 κατεγνώσθη
2947 1850 3052 1903 ὑπὸ
3099 1850 3193 1904 τοῦ
3220 1850 3356 1904 Θεοῦ
3381 1853 3438 1904 ἐν
3459 1853 3660 1920 τούτῳ.
3691 1852 3759 1905 Εἰ

2168 1939 2349 1995 τοίνυν
2395 1937 2530 2010 ἐμοῦ
2589 1938 3027 2008 καταγινώσκειν
3075 1940 3254 2005 θέλεις
3311 1943 3440 2014 περὶ
3499 1943 3758 2010 εἰκόνων,

2170 2031 2590 2103 προκατὰγνωθι
2624 2030 2716 2084 τοῦ
2758 2029 2894 2084 Θεοῦ
2940 2031 3115 2085 ταῦτα
3155 2035 3329 2086 ποιεῖν
3367 2033 3756 2099 κελεύσαντος,

2167 2122 2244 2188 ὡς
2271 2122 2577 2195 ὑπόμνησιν
2611 2121 2776 2176 αὑτοῦ
2811 2116 2950 2177 εῖναι
2990 2121 3124 2194 παρ’
3165 2123 3320 2194 ἡμῖν.
3366 2141 3386 2176 ι

2387 2390 2497 2445 Τοῦ
2525 2390 2734 2455 αὑτοῦ,
2773 2391 2842 2444 ἐκ
2871 2390 2978 2446 τοῦ
3015 2389 3290 2460 πέμπτου
3323 2392 3528 2461 λόγου.

2249 2499 2268 2534 ι
2304 2480 2474 2534 Πάλιν
2505 2481 2652 2551 ἡμᾶς
2683 2480 3030 2544 διαπαίξουσι
3061 2483 3189 2553 περὶ
3226 2481 3322 2536 τοῦ
3359 2484 3542 2553 τιμίου
3579 2501 3760 2540 σταυ-

2176 2572 2289 2644 ροῦ,
2321 2573 2416 2627 καὶ
2444 2571 2544 2642 τῆς
2582 2574 2692 2627 τῶν
2738 2571 3094 2643 θεοτυπώτων
3121 2574 3348 2628 εἰκόνων
3393 2577 3760 2646 σημειώσεώς

2170 2681 2227 2717 τε
2251 2665 2344 2718 καὶ
2379 2665 2822 2736 προσκυνήσεως,
2865 2662 3254 2734 εἰδωλολάτραις
3285 2653 3430 2733 ἡμᾶς
3464 2666 3558 2718 καὶ
3590 2657 3757 2731 ξυλο-
3793 2669 3798 2678 ’

2171 2754 2327 2818 θέους
2347 2754 2727 2826 ὀνομάζοντες,
2752 2754 2802 2806 οἰ
2832 2753 3115 2808 πανάθεοι.
3145 2755 3209 2807 Εἰ
3237 2753 3295 2807 δὲ
3329 2754 3573 2819 ξυλόθεός
3604 2757 3755 2826 εἰμι,

2170 2849 2246 2912 ὡς
2267 2848 2466 2917 λέγεις,
2490 2847 2638 2913 ᾶθεε,
2675 2845 2769 2900 καὶ
2797 2844 3059 2910 πολύθεος
3105 2846 3344 2911 πάντως.
3385 2848 3446 2900 Εἰ
3486 2847 3544 2900 δὲ
3577 2849 3758 2902 πολύ-

2172 2937 2312 3004 θεος,
2365 2939 2532 3009 ἐχρῆν
2567 2955 2636 3009 με
2694 2936 2911 3001 πάντως
2944 2937 3186 3007 ὀμνύντα
3227 2938 3408 3006 λέγειν
3430 2957 3444 2971 ο
3479 2941 3576 2995 Μὰ
3604 2941 3758 3007 τοὺς

2170 3031 2366 3096 θεοὺς,
2419 3028 2671 3100 καθάπερ
2717 3028 2811 3083 καὶ
2864 3029 2928 3081 σὺ
2957 3029 3052 3081 ἕνα
3089 3027 3229 3098 ὀρῶν
3260 3030 3482 3100 μόσχον,
3519 3031 3714 3099 ἔλεγες
3738 3047 3754 3062 ο

2174 3116 2349 3178 Οὗτοι
2385 3121 2441 3174 οἰ
2479 3119 2602 3174 θέοι
2645 3131 2786 3184 σου,
2822 3118 3096 3188 ἰσραήλο
3128 3119 3247 3173 ἀλλ’
3303 3121 3403 3173 οὐκ
3456 3120 3755 3192 ἀξιωθείης

2168 3215 2327 3269 τοῦτο
2375 3215 2524 3284 παρὰ
2572 3213 2912 3284 Χριστιανῶν
2963 3215 3250 3284 στομάτων
3289 3213 3523 3268 ἀκοῦσαί
3573 3233 3748 3269 ποτε·
3809 3221 3854 3292 λ

2169 3306 2282 3362 ἀλλ’
2309 3306 2542 3360 εἰθισται
2571 3308 2659 3360 ἀεὶ
2689 3308 2721 3378 ἡ
2755 3304 3005 3377 μοιχαλὶς
3029 3305 3124 3359 καὶ
3151 3305 3380 3369 ἄπιστος
3425 3306 3753 3378 Συναγωγή,
3863 3339 3870 3350 υ

2170 3398 2266 3469 τὴν
2313 3399 2682 3471 πανσὼφρονα
2730 3395 2968 3470 Χριστοῦ
3023 3395 3378 3469 Ἐκκλησίαν,
3414 3395 3490 3460 ὡς
3535 3397 3754 3469 πόρνην

2167 3487 2527 3560 διαγορεύειν.
2562 3505 2581 3540 ι
2627 3505 2660 3562 -ζ
2689 3499 2784 3548 ,αἶα
2831 3511 2858 3562 τε·

2847 3547 2868 3598 ὶζ

2243 3667 2355 3724 Τοῦ
2390 3667 2592 3723 αὑτοῦ.
2621 3683 2642 3718 ι
2679 3664 2812 3720 Οὐδὲ
2837 3663 2946 3736 γὰρ
2973 3661 3105 3735 παρ’
3131 3661 3310 3733 ἡμῶν,
3331 3660 3408 3724 ὡς
3435 3659 3551 3714 θεοὶ
3579 3678 3755 3733 προσ-

2171 3759 2456 3814 κυνοῦνται
2497 3757 2547 3810 οἰ
2596 3755 2705 3808 τῶν
2757 3753 2929 3821 ἁγίων
2967 3749 3334 3823 χαρακτῆρες,
3387 3747 3482 3801 καὶ
3516 3748 3754 3813 εἰκόνες,

2170 3850 2265 3906 καὶ
2293 3849 2476 3903 τύποι.
2517 3849 2581 3908 El
2613 3846 2722 3916 γὰρ
2747 3845 2822 3908 ὼς
2854 3842 2974 3913 Θεῷ
3006 3839 3455 3914 προσεκυνοῦμεν
3485 3839 3563 3909 τῷ
3604 3839 3756 3910 ξύλῳ

2169 3942 2270 4013 τῆς
2305 3939 2532 4004 εἰκόνος,
2592 3936 2895 4008 ἐμέλλομεν
2951 3933 3168 3996 πάντως
3227 3932 3320 3986 καὶ
3368 3933 3481 3994 τοῖς
3538 3931 3757 3995 λοιποῖς

492 4050 698 4100 remus,
746 4052 946 4107 neque,
976 4046 1036 4093 ut
1063 4054 1210 4110 saepe
1238 4041 1532 4114 contingit,
1567 4043 1861 4115 imaginem
1897 4043 2067 4101 forma

2173 4031 2499 4103 προσκυνεῖν
2534 4027 2731 4093 ξύλοις,
2767 4025 2864 4080 καὶ
2882 4025 2982 4096 οὐχ
3011 4024 3087 4088 ὡς
3115 4023 3396 4086 πολλάκις,
3430 4020 3758 4085 λεανθὲντος

490 4128 664 4185 deleta
713 4109 1190 4188 combureremus.
1231 4133 1297 4188 Et
1331 4109 1574 4201 rursum,
1625 4135 1870 4207 quandiu
1923 4135 2067 4207 ligna

2173 4119 2263 4175 τοῦ
2297 4118 2678 4192 χαρακτῆρος,
2723 4115 2802 4186 τῷ
2841 4115 2975 4186 πυρί⁸
3005 4114 3106 4184 τὴν
3148 4111 3329 4166 εἰκόνα
3357 4109 3753 4181 κατεκαίομεν.

489 4222 673 4278 crucis
737 4231 991 4294 coaptata
1066 4234 1315 4291 manent,
1384 4203 1842 4281 formam—illam
1897 4203 2067 4284 adoro

2173 4214 2283 4269 Καὶ
2311 4211 2495 4279 πάλιν,
2530 4212 2636 4274 ἕως
2671 4210 2770 4281 μὲν
2819 4209 2934 4262 ἔστι
2973 4204 3328 4276 συνδεδεμένα
3367 4205 3436 4257 τὰ
3475 4203 3612 4294 ξύλα
3648 4203 3758 4257 τοῦ

490 4327 712 4385 propter
739 4292 864 4372 eum
898 4319 988 4388 qui
1027 4319 1331 4374 cruciﬁxus
1363 4317 1500 4374 fuit:
1535 4317 1625 4371 ubi
1659 4333 1786 4374 vero
1817 4319 2067 4388 sejuncta

2173 4301 2432 4376 σταυροῦ,
2465 4301 2758 4374 προσκυνῶ
2777 4298 2869 4352 τὸν
2889 4298 3058 4352 τύπον
3086 4296 3174 4350 διὰ
3201 4296 3293 4349 τὸν
3321 4296 3380 4348 ὲν
3402 4292 3549 4364 αὐτῷ
3580 4310 3759 4346 σταυ-

492 4382 718 4474 fuerint,
752 4382 939 4463 eadem
978 4410 1180 4481 abjicio
1212 4419 1376 4480 atque
1399 4410 1684 4465 comburo.
1713 4410 1780 4464 Et
1805 4382 2067 4482 quemad-

2173 4392 2414 4468 ρωθέντα
2438 4392 2694 4463 Χριστὸν,
2731 4388 2868 4442 ἐπὰν
2912 4388 2970 4442 δὲ
2993 4383 3340 4458 διαιρεθῶσιν
3377 4384 3436 4449 ἐξ
3471 4382 3760 4453 ἀλλήλων,

492 4500 736 4564 modum,
761 4500 854 4570 qui
887 4501 1240 4572 imperatoris
1265 4501 1506 4558 edictum
1535 4502 1885 4575 obsignatum
1918 4503 2070 4558 acci-

492 4593 592 4662 pit,
627 4590 976 4661 sigillumque
1007 4592 1316 4659 osculatur,
1346 4593 1393 4648 is
1424 4606 1533 4646 non
1563 4591 1760 4656 lutum,
1789 4591 2070 4646 chartam-

490 4697 578 4743 vc.
617 4687 712 4735 aut
743 4680 1029 4751 plumbum
1055 4689 1374 4749 veneratur,
1409 4681 1506 4738 sed
1543 4681 1856 4752 imperatori
1883 4682 2068 4751 potius

490 4771 758 4826 honorem
792 4768 973 4826 defert
1006 4779 1062 4826 et
1102 4771 1527 4839 adorationem;
1562 4771 1644 4828 sic
1693 4785 1796 4827 nos
1844 4785 2067 4841 quoque

490 4859 818 4926 Christiani,
870 4861 1053 4916 crucis
1112 4861 1348 4916 formam
1405 4861 1716 4928 adorando,
1768 4875 1881 4916 non
1937 4861 2070 4932 ligni

491 4954 802 5019 materiam,
863 4953 962 5009 sed
1024 4955 1202 5026 magis
1252 4955 1626 5024 signaculum,
1684 4953 1945 5008 annulum
2016 4961 2072 5008 et

491 5047 868 5102 characterem
912 5043 1123 5100 Christi
1174 5045 1355 5116 ipsius
1403 5046 1792 5116 respicientes,
1829 5059 1927 5114 per
1977 5059 2072 5098 ea-

490 5137 612 5192 dem
667 5136 820 5192 illum
867 5136 965 5208 qui
1015 5134 1167 5190 cruci
1221 5133 1415 5190 aﬁixus
1473 5133 1599 5201 fuit,
1660 5134 1969 5192 salutamus
2017 5145 2074 5192 et

491 5229 808 5288 adoramus.
838 5249 858 5283 ι

468 5521 472 5526 ,
562 5443 608 5474 ¹⁶
638 5451 807 5509 Exod.
838 5471 1012 5518 xxxii,
1038 5458 1090 5514 4.

2175 4487 2354 4558 ρίπτω
2404 4483 2547 4538 αὐτὰ
2591 4484 2686 4538 καὶ
2718 4479 3022 4536 κατακαίω.
3078 4477 3190 4531 Καὶ
3221 4475 3411 4547 ῶσπερ
3438 4477 3466 4528 6
3497 4475 3761 4528 κέλευσις)

2173 4580 2438 4652 βασιλέως
2466 4577 2756 4648 δεξάμενος
2781 4572 3250 4645 ὲσφραγισμένην,
3281 4571 3374 4624 καὶ
3419 4568 3762 4638 ἀσπασάμε-
3821 4619 3850 4646 θ

2171 4691 2260 4738 νος
2287 4672 2385 4744 τὴν
2418 4669 2713 4741 σφραγίδα,
2733 4667 2794 4720 ού
2815 4665 2906 4720 τὸν
2926 4664 3098 4735 mm;
3114 4663 3391 4735 ἐτίμησεν,
3413 4663 3474 4716 ού
3501 4661 3589 4715 τὸν
3609 4662 3760 4732 χάρ-
3787 4691 3823 4748 τ
3839 4667 3854 4748 :-

2170 4782 2292 4836 την,
2326 4763 2361 4834 ἢ
2409 4761 2500 4815 τὸν
2552 4757 2819 4836 μόλιῷον,
2851 4756 2987 4811 ἀλλὰ
3037 4755 3114 4827 τῷ
3149 4754 3360 4824 βασιλεί
3392 4755 3654 4822 ἀπένειμε
3689 4752 3760 4805 τδ

2173 4856 2340 4919 σέϐας
2389 4854 2484 4908 καὶ
2511 4853 2612 4924 τὴν
2651 4849 3023 4922 προσκύνησιν
3045 4863 3060 4880 ο
3107 4847 3250 4900 οὕτω
3280 4845 3375 4900 καί⁸
3407 4843 3760 4915 Χριστιανῶν

2167 4947 2392 5011 παῖδες,
2433 4942 2512 5015 τῷ
2537 4941 2694 5013 τύπῳ
2742 4940 2838 4994 τοῦ
2886 4937 3124 5010 σταυροῦ
3177 4934 3640 5008 προσκυνοῦντες,
3685 4934 3796 5020 οὐ⁴

2167 5039 2268 5111 τὴν
2305 5036 2466 5108 φύσιν
2497 5034 2590 5088 τοῦ
2620 5032 2777 5100 ξύλου
2809 5028 3250 5101 προσκυνοῦμεν,
3287 5026 3425 5082 ἀλλά
3454 5023 3756 5098 ερραγίδα,
3776 5023 3909 5084 Ὗεε,

2168 5131 2266 5185 καὶ
2291 5126 2598 5206 δακτύλιον,
2629 5125 2725 5178 καὶ
2767 5124 3091 5194 χαρακτῆρα
3125 5118 3363 5191 Χριστοῦ
3416 5115 3580 5170 αὐτοῦ
3637 5115 3762 5206 βλέ-
3791 5195 3794 5198 .
3821 5147 3909 5206 .in

2178 5201 2679 5286 nov-racﬁtraﬁroﬁ
2715 5216 2804 5270 τὸν
2825 5217 2884 5270 ὲν
2910 5213 3059 5285 αὐτῷ
3095 5210 3476 5284 σταυρωθέντα
3505 5205 3759 5270 ἁσπαζό-
3865 5201 3904 5244 έ’¹

2182 5313 2324 5384 μεθα
2353 5310 2446 5366 καὶ
2469 5306 2904 5382 προσκυνοῦμεν.
2946 5324 2962 5357 ι

3405 5378 3438 5392 κ

1773 5544 2002 5599 νΑιιιΑῑ
2041 5539 2443 5598 LECTIONES.

560 5662 762 5754 5:14:30
787 5682 1167 5752 όμοιωμάτων,
1205 5691 1255 5735 ut
1296 5681 1465 5736 Ziuus
1493 5689 1542 5734 et
1577 5678 1736 5732 'l'ilm.
1779 5691 1834 5733 et
1864 5679 1916 5732 in
1949 5684 2055 5732 act.
2086 5677 2117 5730 ’ἵ

2156 5689 2277 5746 syn.
