3986 6346
205 457 316 524 1385
1262 462 1360 522 DE
1400 463 1862 526 IMAGINIBUS
1895 456 2178 518 ORATIO
2209 457 2324 516 III.

3284 452 3418 514 1386

257 563 356 620 ’Τοῦ
382 561 589 618 αὑτοῦ.
615 579 633 613 ι
660 563 772 617 Καὶ
799 563 888 616 διὰ
913 561 1070 615 τοῦτο
1104 565 1359 635 Χριστὸν,
1387 568 1482 620 καὶ
1512 568 1584 621 τά
1607 569 1744 640 Χρι-

1925 562 2199 632 Ejusdem,
2241 578 2272 630 «ι
2296 559 2474 628 Atque
2528 572 2647 612 eam
2707 525 2778 612 ob
2830 571 3053 611 causam
3108 553 3418 622 Christum,

201 653 303 709 ατοῦ
331 653 508 725 πάθη,
538 653 599 706 ὲν
640 653 982 724 ἐκκλησίαις,
1017 655 1110 707 καὶ
1148 656 1338 720 οῖκοις,
1366 657 1462 710 καὶ¹
1495 659 1744 728 ἀγοραῖς,

1848 652 2168 725 Christique
2223 649 2533 720 passionem
2582 648 2637 718 in
2684 647 2958 709 ecclesiis,
2995 647 3050 700 in
3100 647 3331 714 aedibus,
3365 649 3419 701 in

198 747 274 798 καὶ
297 746 349 797 ὲν
369 743 562 808 εἰκόσι,
602 744 701 797 καὶ
720 745 779 796 ὲν
816 744 1037 810 σινδόνι,
1073 748 1167 798 καὶ
1193 747 1250 798 ὲν
1280 748 1549 818 ταμείοις,
1575 749 1671 824 καὶἶ
1691 750 1748 802 ὲν

1874 745 2013 809 Oris,
2065 744 2130 822 in.
2171 741 2394 818 tabulis,
2445 742 2497 795 in
2541 741 2760 804 linteis,
2818 739 2871 793 in
2921 740 3205 796 cubilibus
3255 750 3313 795 et
3364 741 3421 793 in

199 836 423 904 ἱματίοις,
456 837 552 888 καὶ
586 837 646 888 ὲν
677 836 840 887 παντὶ
870 837 1022 906 τόπῳ
1057 836 1280 889 ὲκτυπῶ
1314 837 1408 890 καὶ
1437 837 1747 908 διαγράφω,

1850 840 2125 902 vestibus,
2168 848 2332 905 atque
2376 837 2430 888 in
2477 835 2626 888 onmi
2660 836 2784 900 loco
2809 835 3058 904 exprime
3083 843 3136 890 et
3167 835 3421 904 designo,

199 929 269 980 ἵνα
293 926 548 993 διηνεκῶς
577 926 731 997 όρῶν·
746 927 942 990 ταῦτα,
969 928 1506 1000 ἀναμιμνήσκωμαι,
1547 928 1640 980 καὶ
1673 931 1750 998 μὴ

1874 939 1911 984 ιι
1966 945 2060 999 per
2119 928 2436 981 continuam
2505 927 3028 988 considerationem,
3102 925 3424 980 memoriam

197 1017 538 1087 ἐπιλάθωμαι,
592 1005 784 1089 ὥσπερ
823 1021 887 1073 σὺ
934 1017 1201 1073 ἐπελάθου
1251 1020 1456 1091 Κυρίου
1491 1019 1588 1072 τοῦ
1613 1019 1750 1073 Θεοῦ

1874 1035 2041 1074 :orum
2083 1016 2464 1087 perfricemus,
2502 1029 2602 1070 nec
2637 1031 2876 1086 unquam
2911 1017 3324 1081 obliviscamur,
3369 1026 3428 1070 ut

198 1127 278 1163 σου
302 1109 398 1163 ἀεί.
436 1110 549 1163 Καὶ
575 1108 766 1182 ὥσπερ
790 1111 854 1163 σὺ
886 1110 1208 1180 προσκυνῶν
1229 1111 1290 1164 τὸ
1321 1110 1527 1181 βιϐλίον
1551 1111 1647 1164 τοῦ
1668 1111 1754 1164 νό-

1855 1119 1911 1162 ιιι
1953 1124 2168 1178 semper
2221 1109 2538 1182 oblitus-“es
2603 1107 2820 1172 Domini
2875 1107 2969 1162 Dei
3017 1108 3116 1166 tui.
3168 1108 3427 1173 Quinimo

200 1217 308 1270 μου,
336 1200 394 1252 οὐ
432 1199 533 1269 τὴν
562 1201 723 1268 φύσιν
768 1201 880 1254 τῶν
925 1202 1210 1272 δερμάτων
1259 1203 1355 1255 καὶ
1395 1201 1490 1255 τοῦ
1525 1202 1755 1280 μέλανος

1874 1200 2044 1264 ιειυιὶ,
2081 1216 2206 1254 cum
2237 1200 2494 1274 volumen
2539 1201 2688 1269 legis
2733 1201 2966 1278 adoras,
3013 1214 3122 1254 non
3161 1200 3430 1255 membra-

200 1293 528 1362 προσκυνεῖς,
561 1291 700 1344 ἀλλὰ
724 1293 850 1355 τοὺς
885 1291 1076 1360 λόγους
1113 1291 1210 1345 τοῦ
1252 1292 1387 1346 Θεοῦ
1421 1293 1549 1354 τοὺς
1571 1295 1756 1360 ἐγκει-

1858 1308 2052 1345 narum
2082 1301 2136 1347 et
2177 1293 2469 1360 atramenti
2502 1302 2757 1358 naturam
2799 1291 3025 1355 adoras,
3053 1291 3148 1346 sed
3187 1291 3283 1344 Dei
3309 1305 3430 1346 ser-

201 1383 374 1457 μὲνους
403 1383 462 1434 ὲν
494 1381 664 1454 αὐτῷ,
703 1382 877 1441 οὕτως
907 1383 1061 1450 κάγὼ
1086 1386 1152 1454 τῇ
1183 1384 1355 1437 εἰκόνι
1387 1383 1481 1437 τοῦ
1513 1385 1754 1456 Χριστοῦ

1879 1402 2050 1442 nones
2103 1387 2196 1456 qui
2252 1386 2310 1442 in
2348 1401 2414 1454 eo
2469 1386 2662 1456 scripti
2714 1395 2880 1451 sunt;
2941 1386 3216 1441 consimili
3271 1377 3432 1438 modo

199 1471 499 1542 προσκυνῶ,
531 1473 594 1526 οὐ
628 1476 696 1544 τῇ
735 1473 895 1541 φύσει
921 1473 1016 1527 τοῦ
1058 1473 1216 1540 ξύλου
1245 1476 1340 1528 κα)⁸
1374 1475 1484 1527 τῶν
1531 1476 1758 1548 χρωμά-

1857 1475 2065 1532 Christi
2125 1476 2418 1546 imaginem
2475 1475 2669 1542 adoro,
2726 1489 3072 1544 nequaquam
3125 1489 3252 1529 vero
3300 1475 3458 1542 ligni'

198 1578 322 1615 των·
356 1562 431 1633 μὴ
461 1562 710 1633 γένοιτοῑ
756 1563 874 1618 ἀλλ’
923 1564 1117 1636 ἀψύχῳ
1166 1566 1474 1636 χαρακτῆρι
1522 1557 1758 1637 Χριστοῦ

1874 1568 2182 1621 :olorumve
2215 1575 2510 1634 naturam;
2547 1566 2726 1640 absit!
2761 1565 2865 1627 sed,
2894 1565 3194 1622 inanimam
3224 1565 3432 1621 Christi

199 1649 522 1722 προσκυνῶν,
553 1652 624 1706 δι’
663 1653 830 1707 αὐτοῦ
852 1693 868 1718 ,
911 1655 1074 1708 αὐτὸν
1107 1656 1341 1726 Χριστὸν
1366 1656 1508 1709 δοκῶ
1542 1658 1760 1727 κρατεῖν

1874 1655 2093 1724 ﬁguram
2129 1654 2388 1716 adorans,
2411 1668 2529 1729 _pcr
2574 1669 2694 1720 eam
2729 1653 2874 1718 mihi
2923 1652 3115 1716 videor
3143 1652 3438 1722 ipsummet

199 1742 282 1796 καὶ
299 1745 641 1814 προσκυνεῖν.
665 1745 776 1799 Καὶ
802 1745 992 1817 ῶσπερ
1033 1745 1230 1801 Ἰακὼϐ
1273 1747 1567 1817 δεξάμενος
1612 1747 1762 1818 παρὰ

1874 1745 2144 1801 Christum
2200 1744 2491 1812 complecti
2543 1754 2592 1810 et
2634 1743 2906 1810 adorare.”
2935 1747 3004 1796 At
3031 1743 3195 1811 _sicut
3241 1741 3434 1804 Jacob,

197 1835 294 1890 τῶν
329 1836 574 1906 ἀδελφῶν
612 1836 709 1890 τοῦ
775 1836 974 1908 Ἰωσὴφ
1003 1837 1095 1889 τὸν
1124 1836 1327 1908 χιτῶνα
1371 1837 1462 1890 τὸν
1515 1836 1759 1889 ποικίλον

1874 1850 1988 1887 cum
2023 1849 2054 1886 a
2087 1831 2308 1902 Josephi
2353 1833 2619 1892 fratribus
2667 1834 2760 1902 qui
2815 1834 2996 1902 ipsum
3049 1832 3433 1896 vendiderant,

199 1925 519 1995 ᾑμαγμένον,
555 1927 646 1982 ὅτε
679 1907 995 1998 ἐπίπρασαν
1017 1928 1109 1982 τὸν
1129 1907 1343 2000 Ἰωσὴφ
1364 1967 1379 1991 ,
1427 1919 1758 1995 κατεφίλησε

1874 1928 2068 1980 variam
2105 1925 2350 1993 ejusdem
2384 1925 2631 1978 tunicam
2665 1923 2934 1995 sanguine
2965 1933 3250 1978 cruentam
3285 1939 3438 1978 rece-

200 2013 396 2077 πάντως
439 2017 531 2069 τὸν
573 2015 778 2087 χιτῶνα
807 2018 946 2088 μετὰ
977 2017 1252 2089 δακρύων,
1295 2017 1389 2071 καὶ
1418 2018 1528 2080 τοῖς
1559 2015 1760 2086 ὀφθαλ-

199 2103 306 2170 μοῖς
329 2106 439 2167 τοῖς
469 2104 616 2168 ἰδίοις
643 2103 834 2159 τοῦτον
857 2106 1073 2175 ἔθηκεν,
1103 2108 1162 2159 ού
1185 2106 1245 2158 τὸ
1277 2106 1494 2176 ἱμάτιον
1521 2103 1762 2184 Θρηνῶν,

1863 2019 2053 2088 pisset,
2083 2015 2227 2070 hanc
2259 2031 2384 2069 cum
2428 2015 2689 2086 lacrymis
2719 2016 3090 2081 deosculatus,
3122 2014 3439 2070 oculissuis
3471 2065 3477 2076 ,

1862 2109 2158 2179 apposuit;
2216 2122 2326 2161 non
2380 2107 2540 2176 quasi
2591 2106 2834 2160 tunicam
2891 2105 2983 2160 ille
3038 2105 3284 2169 deﬁeret,
3343 2103 3442 2160 sed

195 2191 319 2246 ἀλλὰ
348 2194 414 2246 δι’
441 2195 610 2248 αὑτοῦ
653 2196 744 2249 τὸν
797 2197 995 2267 Ἰωσὴφ
1025 2197 1262 2266 νομίζων
1295 2197 1638 2265 καταφιλεῖν,
1669 2197 1764 2248 καὶ

1874 2201 2009 2268 quod
2039 2215 2132 2268 per
2161 2215 2280 2254 eam
2312 2196 2614 2268 Josephum
2651 2198 2826 2265 ipsum
2871 2198 3141 2261 osculari,
3173 2207 3230 2252 et
3265 2196 3446 2250 mani-

195 2285 250 2338 ὲν
274 2275 454 2354 χερσὶν
484 2285 646 2338 αὐτὸν
667 2286 943 2356 κατέχειν·
966 2287 1110 2340 οὕτω
1137 2289 1230 2340 καὶ
1261 2286 1604 2357 Χριστιανῶν
1632 2289 1762 2337 παῖ-

194 2374 276 2437 δες
332 2375 520 2427 εἰκόνα
548 2374 812 2445 Χριστοῦ,
837 2375 871 2446 ἢ
895 2377 1272 2446 ἁποστόλου,ἣ
1303 2377 1578 2447 μάρτυρος
1632 2392 1765 2428 κατ-

193 2464 554 2538 ασπαζόμενω
573 2467 639 2537 τῇ
671 2468 930 2538 corpu?)
948 2467 1095 2538 ψυχῇ
1117 2467 1412 2538 νομίζομεν
1436 2466 1601 2520 αὑτὸν
1626 2467 1768 2518 ἐκεῖ·

193 2482 554 2607 ασπαςομεζέν
573 2483 618 2536 τ]

193 2569 276 2608 νον
311 2555 400 2606 τὸν
529 2571 618 2626 pte;

195 2641 404 2702 σθαι....
421 2645 512 2709 Ὠς
532 2662 598 2715 γο

191 2733 279 2788 ἐπὶ
302 2735 502 2799 παντὸς
522 2733 841 2808 ἀσπασμῖῦζ
856 2739 953 2791 καὶ
978 2738 1072 2790 ἐπὶ
1101 2737 1285 2808 πάσης
1316 2738 1766 2808 προσκυνήσεως.

191 2827 254 2880 Et
275 2827 332 2880 δὲ
367 2827 492 2897 ἐμοὶ
533 2828 808 2897 ἐγκαλεῖς,
857 2829 1053 2899 λέγων,
1085 2830 1167 2906 ὅτι
1199 2830 1494 2904 προσκυνῶ
1519 2829 1598 2900 τῷ
1629 2827 1771 2900 ξύλῳ

573 2468 639 2537 τῇ
671 2482 774 2538 σαρ
898 2469 930 2538 ἦ

554 2468 939 2696 nam

554 2662 598 2696 νο
909 2665 942 2696 ιε

982 2557 1239 2628 μάρτυρα
1305 2556 1470 2610 αὐτοῦ
1525 2555 1768 2619 ἀσπάζε-

39 2921 42 2924 ’
77 2941 80 2946 ·
190 2918 281 2972 τοῦ
315 2917 572 2989 σταυροῦ,
607 2918 696 2973 διὰ
727 2920 782 2972 τί
825 2921 926 2974 οὐκ
948 2921 1198 2989 ἐγκαλεῖς
1238 2921 1313 2991 τῷ
1356 2919 1574 2986 Ἰακὼϐ,
1610 2937 1772 2992 προσ-

193 3011 480 3082 κυνήσαντι
529 3013 624 3064 ἐπὶ
679 3010 741 3063 τὺ
777 3011 948 3083 ἀκρον
996 3013 1098 3081 τῆς
1150 3011 1350 3083 ῥάϐδου
1395 3012 1489 3065 τοῦ
1530 3012 1769 3082 Ἰωσήφ;

207 3100 362 3155 una
392 3099 680 3172 πρόδηλον,
713 3103 794 3155 ὅτι
833 3103 896 3154 ού
933 3100 996 3154 τὸ
1025 3101 1181 3168 ξύλον
1216 3101 1393 3173 τιμῶν
1426 3102 1772 3174 προσεκύνη-

195 3207 308 3260 σεν,
339 3192 475 3247 ἀλλὰ
507 3189 596 3246 διὰ
626 3192 722 3245 τοῦ
775 3191 933 3258 ξύλου
967 3193 1044 3264 τῷ
1104 3191 1304 3264 Ἰωσὴφ
1335 3192 1768 3264 προσεκύνησεν,

193 3285 382 3356 ὥσπερ
420 3283 513 3340 καὶ
547 3289 711 3357 ἡμεῖς
740 3286 828 3339 διὰ
851 3285 946 3339 τοῦ
982 3285 1218 3358 σταυροῦ
1247 3285 1324 3356 τῷ
1350 3285 1594 3357 Χριστῷ.
1615 3285 1772 3340 Ἐπεὶ

193 3375 286 3428 καὶ
321 3375 571 3446 Ἀϐραὰμ
594 3377 704 3436 τοῖς
743 3374 1062 3445 πωλήσασιν
1092 3374 1242 3445 αύτῷ
1261 3376 1353 3428 τὸν
1375 3374 1548 3443 τάφον
1571 3373 1772 3444 ἀνδρά-

191 3481 277 3520 σιν
301 3468 523 3522 ἀσεϐέσι
550 3468 952 3538 προσεκύνησε,
994 3467 1090 3521 καὶ
1118 3466 1249 3534 γόνυ
1276 3465 1522 3536 ἔκαμψεν
1556 3466 1648 3518 ἐπὶ
1675 3469 1774 3534 τὴν
1809 3525 1812 3528 ,

191 3557 320 3628 γῆν,
368 3558 483 3612 ἀλλ’
510 3559 608 3628 οὐχ
641 3558 717 3621 ὼς
759 3558 914 3620 θεοὺς
967 3558 1166 3618 αὐτοὺς
1213 3556 1616 3626 προσεκύνησε.
1666 3557 1776 3608 Καὶ

193 3647 376 3714 πάλιν,
419 3651 449 3700 ό
503 3646 698 3700 Ἰακὼϐ
738 3647 831 3700 τὸν
877 3637 1075 3715 Φαραὼ
1103 3629 1444 3714 ηὐλόγησεν,
1475 3644 1648 3714 ἀσεϐῆ
1681 3631 1784 3698 καῖ’

192 3738 587 3808 εἰδωλολάτρην
626 3737 774 3804 ὄντα,
810 3738 905 3790 καὶ
927 3737 1018 3790 τὸν
1063 3736 1234 3789 Ἡσαῦ
1265 3735 1514 3800 ἑπτάκις,
1541 3736 1656 3790 ἀλλ’
1680 3737 1777 3807 οὐχ

190 3830 268 3894 ὡς
290 3831 446 3884 Θεόν.
483 3830 806 3896 Ἰδὲ,πόσους
835 3819 1164 3902 ἀσπασμοὺς
1192 3828 1288 3882 καὶ
1332 3828 1504 3890 πόσας
1535 3845 1775 3898 προσκυ-

189 3921 381 3992 νήσεις
419 3920 676 3985 ἀπέδειξά
730 3937 834 3978 σοι.
869 3920 1170 3991 γρέιρικόις-
1193 3918 1669 3987 τε-καλ-ςρυσικᾲς,
1700 3918 1776 3988 μὴ

0 4037 34 4080 ,ς
69 4035 90 4072 "-.
125 4011 423 4084 ῒλέχούσας
458 4013 830 4080 κατάγνωσιν;
874 4013 974 4081 ἐμὲ
998 4011 1054 4063 δὲ
1087 4001 1234 4064 ὲπὰν
1261 4011 1377 4082 ἴδῃς
1417 4011 1604 4062 εἰκόνα
1641 4011 1779 4079 Χρι-

190 4101 346 4165 στοῦ,
378 4102 411 4172 ἢ
442 4104 542 4173 τῆς
575 4102 852 4171 πανάγνου
882 4099 1048 4155 αὑτοῦ
1077 4099 1320 4170 Μητρὸς,
1353 4099 1386 4170 ἢ
1415 4099 1570 4168 ἁγίου
1606 4115 1778 4170 προσ-

188 4192 488 4257 κυνοῦντα,
522 4194 851 4262 ἀγανακτεῖς
893 4191 1118 4259 εὐθέως,
1150 4193 1246 4245 καὶ
1287 4191 1650 4262 βλασφημεῖς,
1687 4191 1779 4245 καὶ

188 4267 504 4355 ἀποπηδᾷς,
533 4285 629 4338 καὶ
660 4283 1058 4355 είδωλολόιτρην
1103 4299 1171 4354 με
1201 4283 1519 4349 ἀποκαλεῖς,
1542 4282 1637 4338 καὶ
1681 4283 1781 4336 οὐκ

187 4363 462 4458 αἰσχύνῃ
489 4377 584 4432 καὶ
619 4377 884 4449 φρίττεις,
929 4377 1028 4431 καὶ
1069 4376 1353 4448 ἐρυθριᾷς,
1375 4376 1520 4447 δρῶν
1550 4393 1618 4446 με
1653 4373 1780 4430 καθ’

191 4467 439 4536 ἑκάστην
465 4464 678 4536 ἡμέραν
699 4465 755 4518 ἐν
775 4465 927 4537 πάσῃ
948 4467 1014 4536 τῇ
1037 4465 1187 4518 οἰκον
1195 4465 1334 4536 μένῃ
1357 4465 1520 4528 ναοὺς
1548 4464 1782 4518 εἰδώλων

1865 2292 1968 2345 bus
1995 2289 2288 2359 complecti
2321 2288 2426 2344 sibi
2469 2287 2747 2340 videretur
2778 2288 2875 2362 "_:
2912 2289 2995 2343 sic
3042 2297 3098 2342 et
3145 2302 3247 2344 nos
3276 2286 3442 2342 Chri-

1866 2381 2032 2437 stiani
2071 2363 2365 2448 imaginem
2407 2379 2643 2448 apostoli
2686 2379 3018 2448 martyrisve
3053 2380 3262 2434 carnali
3291 2395 3444 2435 more

1866 2472 2325 2540 complectenlcs,
2348 2469 2534 2524 auium
2557 2477 2876 2538 reputemus
2907 2486 3028 2534 nos,
3050 2470 3133 2524 vel
3161 2469 3444 2526 Christum

1868 2563 2084 2631 ipsum,
2132 2560 2218 2615 vel
2274 2568 2565 2630 martyrem
2613 2559 2736 2628 ejus
2785 2559 3176 2628 amplexari....

909 2636 956 2711 ἷς
978 2643 1154 2712 εἷπον,
1176 2649 1204 2700 ὁ
1232 2636 1434 2711 σκοπὸς
1455 2647 1767 2711 ἐξετάζεται

1874 2654 2079 2716 obrem,
2103 2661 2161 2706 ut
2191 2651 2392 2720 saepius
2427 2650 2562 2716 dixi,
2600 2650 2652 2704 in
2682 2651 2829 2704 omni
2865 2651 3194 2720 salutatione
3215 2652 3296 2706 vel
3323 2651 3450 2710 ado-

1870 2741 2082 2795 ratione
2111 2739 2442 2812 disquiritur
2477 2740 2729 2796 intentio.
2759 2739 2916 2806 Quod
2948 2741 2994 2796 si
3024 2741 3156 2812 mihi
3188 2741 3449 2796 crimina-
3489 2799 3492 2802 _

3243 2560 3448 2626 Quam-

1872 2834 1969 2899 ris,
1998 2835 2156 2904 quasi
2188 2833 2377 2888 crucis
2410 2833 2636 2902 lignum,
2663 2848 2760 2888 ceu
2794 2833 2962 2904 Deum
2995 2832 3216 2892 adorem
3239 2851 3253 2900 ;
3276 2848 3449 2902 quare

1872 2941 1984 2980 non
2023 2925 2151 2980 item
2184 2922 2356 2980 Jacob
2378 2939 2630 2988 accusas,
2660 2925 2757 2994 qui
2790 2925 2952 2996 virga:
2971 2923 3194 2996 Josephi
3221 2923 3449 2986 summi-
3481 2979 3486 2984 _

1873 3025 2039 3072 tatem
2065 3015 2317 3070 adoravit
2339 3015 2421 3090 ‘8?
2441 3015 2509 3068 At
2539 3014 2892 3068 manifestum
2923 3023 3006 3068 est
3034 3030 3156 3070 eum
3179 3029 3291 3070 non
3317 3014 3446 3085 ligni

1873 3107 2179 3165 honorandi
2215 3122 2381 3162 causa
2421 3105 3154 3182 adorationentexhibuisse
3177 3146 3190 3172 ,
3223 3104 3321 3159 sed
3348 3120 3448 3176 po-

1874 3203 1984 3258 tius
2009 3215 2107 3272 per
2136 3201 2408 3254 honorem
2447 3198 2594 3268 ligno
2641 3199 2968 3266 praestitum,
3005 3197 3271 3268 adorasse
3297 3195 3451 3264 .lose-

1875 3294 2066 3363 phum,
2121 3281 2282 3362 375
2319 3289 2463 3344 sicut
2509 3289 2566 3343 in
2601 3302 2768 3342 cruce
2797 3287 3080 3344 Christum
3131 3287 3449 3348 adoramus.
3509 3341 3512 3344 .

1874 3385 2081 3440 Eodem
2121 3385 2284 3452 plane
2311 3379 2481 3448 modo
2505 3394 2618 3446 quo
2652 3379 2930 3433 Abraham
2973 3378 3222 3433 homines
3254 3377 3452 3448 impios

1876 3494 1904 3528 a
1937 3475 2136 3545 quibus
2163 3473 2480 3540 sepulcrum
2509 3471 2876 3533 mercabatur,
2902 3467 3137 3538 genibus
3161 3469 3215 3522 in
3244 3475 3450 3522 terram

1877 3563 2136 3619 demissis
2169 3561 2445 3625 adoravit,
2483 3574 2831 3630 nequaquam
2877 3567 3060 3612 tamen
3112 3558 3192 3614 uti
3225 3559 3357 3614 deos
3383 3559 3449 3614 ".

1877 3651 1957 3706 Ad
1985 3653 2120 3716 hec,
2163 3649 2334 3704 Jaeob
2375 3648 2672 3711 Pharaoni,
2711 3646 2878 3715 impio
2912 3646 3037 3718 licet
3065 3645 3482 3715 idolorumque.

1878 3743 2100 3807 cultori,
2131 3741 2414 3797 benedixit
2438 3741 2503 3806 ⁵ο,
2529 3749 2692 3808 atque
2721 3740 2924 3806 septies
2953 3739 3097 3794 Esau
3126 3739 3194 3804 ει,
3218 3737 3315 3794 sed
3344 3753 3452 3792 non

1882 3837 1958 3890 uti
2002 3834 2196 3899 Deum,
2231 3813 2500 3888 adoravit.
2534 3828 2693 3894 Vide,
2736 3838 2872 3900 quot
2917 3830 3016 3884 tibi
3065 3811 3888 3934 salutationes,.“wtttwgd‘g‘fgz

1880 3937 2122 3998 quotque
2159 3925 2537 3988 adorationes,
2571 3932 2684 4000 tum
2723 3924 2778 4000 in
2819 3921 3124 3998 Seriptnris
3149 3921 3455 3996 "probatas,

1881 3997 1995 4073 tium
2033 4018 2338 4080 naturales,
2372 4014 2509 4069 nulli
2556 3997 2787 4084 prorsus
2834 3997 3248 4082 reprehensioni
3278 4013 3456 4068 obno-

1880 4111 2000 4166 xias
2026 4089 2371 4180 pretulerint.
2403 4103 2486 4159 Tu
2526 4119 2680 4168 vero,
2715 4120 2840 4157 cum
2873 4103 3101 4167 Christi,
3138 4111 3234 4158 aut
3258 4103 3457 4158 castis-

1881 4202 2035 4258 sima:
2067 4199 2258 4254 Matris
2286 4198 2458 4262 illius,
2501 4206 2596 4250 aut
2632 4196 2812 4252 sancti
2845 4195 3134 4264 cujusdam
3163 4195 3455 4265 imaginem

1881 4309 1984 4349 nos
2009 4291 2165 4347 vides
2192 4289 2446 4354 adorare,
2481 4287 2777 4342 eunl‘estim
2832 4285 3288 4356 indignabundus
3319 4285 3374 4340 id
3398 4287 3453 4340 in
3533 4353 3536 4356 _

1883 4387 2092 4442 crimen
2125 4382 2295 4438 vertis
2316 4423 2332 4448 ,
2360 4377 2706 4450 aufugisque,
2735 4385 2791 4432 et
2838 4393 2924 4431 me
2959 4373 3302 4429 idololatram
3353 4387 3456 4427 ttu-

1883 4475 2083 4530 minas.
2118 4470 2238 4526 Non
2265 4478 2318 4525 te
2349 4467 2552 4539 pudet?
2587 4483 2696 4521 non
2743 4464 3153 4536 perhorrescis?
3199 4476 3310 4516 non
3360 4477 3457 4516 ru-

190 4557 560 4624 καταλύοντα,
589 4557 686 4612 καὶ
709 4557 870 4620 ναοὺς
898 4558 1190 4629 μαρτύρων
1211 4557 1595 4628 ἀνεγείροντα;
1629 4555 1690 4610 Εἰ
1713 4556 1774 4610 τὰ

1886 4567 2019 4621 bore
2050 4561 2404 4625 suﬂ‘underis,
2435 4557 2653 4630 quando
2687 4572 2774 4612 me
2808 4556 2958 4611 vides
2987 4555 3042 4608 in
3077 4554 3335 4608 universo
3364 4567 3459 4608 or—

188 4649 400 4703 εῖδωλα
424 4647 816 4720 προσεκύνουν,
847 4648 991 4701 διατί
1021 4649 1148 4711 τοὺς
1171 4648 1457 4719 μάρτυρας
1480 4633 1784 4718 τιμῶτοὺς

190 4737 620 4802 καταλύσαντας
647 4737 718 4792 τὰ
744 4736 972 4802 εῖδωλα;
1005 4738 1055 4789 εί
1083 4736 1141 4790 δὲ
1171 4735 1238 4789 τὰ
1268 4735 1420 4802 ξύλα,
1453 4735 1530 4799 ὼς
1554 4735 1679 4806 φὴς,
1703 4735 1791 4788 δο-

188 4828 374 4897 ξάζω,
403 4829 521 4894 πῶς
545 4829 692 4900 τιμῷ
717 4829 846 4892 τοὺς
870 4828 1080 4900 ἁγίους,
1102 4831 1237 4894 ’τοὺς
1283 4830 1354 4883 τὰ
1397 4827 1585 4893 ξύλινα
1621 4828 1787 4894 ξόανα

186 4919 311 4973 τῶν
333 4918 606 4990 δαιμόνων
635 4919 1124 4984 κατακαύσαντας;
1153 4917 1216 4972 Εἰ
1245 4918 1308 4996 δὲ
1334 4919 1576 4982 καὶτοὺς
1608 4917 1789 4980 λίθους

184 5008 436 5075 δοξάζω,
469 5009 586 5071 πῶς
605 5008 814 5076 δοξάζω
837 5010 965 5073 τοὺς
987 5008 1337 5072 ἀποστόλους,
1373 5011 1498 5071 τοὺς
1523 5011 1592 5062 τὰ
1613 5009 1790 5062 λίθινα

184 5100 400 5153 εἴδωλα
425 5100 906 5165 κατακλάσαντας;
933 5101 995 5152 Εἰ
1016 5101 1112 5163 τὰς
1142 5099 1360 5162 εἰκόνας
1383 5099 1490 5152 τῶν
1512 5100 1792 5169 ψευδωνύ-

190 5209 326 5262 μων
350 5191 491 5244 θεῶν
521 5191 684 5254 σέϐω,
727 5191 846 5256 πῶς
873 5192 1082 5260 δοξάζω
1103 5232 1119 5255 ,
1145 5192 1239 5246 καὶ
1272 5191 1499 5254 ἐπαινῶ,
1552 5193 1647 5245 καὶ
1673 5192 1790 5260 ὲορ-

184 5283 304 5345 τὰς
361 5283 596 5336 ὲπιτελῶ
640 5284 750 5337 τῶν
798 5283 1023 5346 παιδῶν,
1063 5283 1172 5337 τῶν
1203 5283 1260 5337 ὲν
1294 5281 1570 5336 Βαϐυλῶνι
1623 5283 1790 5360 ἀθλη-

188 5371 446 5440 σάντων,
471 5376 565 5429 καὶ
587 5378 654 5446 τῇ
683 5376 853 5429 εἰκόνι
881 5377 948 5447 τῇ
969 5377 1144 5447 χρυσῇ
1167 5374 1241 5446 μὴ
1269 5361 1786 5446 προσκυνησάντων,

1883 4659 1953 4714 he
2025 4656 2296 4710 idolorum
2363 4652 2591 4706 delubra
2651 4649 3082 4713 demolientem,
3149 4647 3463 4718 templaque

1885 4751 2192 4814 martyrum
2255 4740 2452 4794 honori
2515 4734 2932 4793 exstruentem?
2996 4734 3143 4804 quod
3202 4735 3250 4790 si
3311 4733 3462 4790 idola

1886 4833 2075 4894 adoro,
2106 4827 2237 4900 quid
2267 4838 2352 4884 est
2396 4843 2496 4883 cur
2541 4833 2812 4897 martyres
2846 4823 3118 4877 idolorum
3170 4837 3462 4878 eversores

1887 4919 2193 4976 honorem?
2219 4917 2366 4988 quod
2419 4917 2466 4972 si
2493 4916 2680 4986 lignis,
2719 4915 2798 4970 uti
2831 4911 2981 4984 loqui
3021 4928 3196 4980 amas,
3229 4913 3463 4984 gloriam

1890 5009 2076 5064 defero
2103 5024 2118 5073 ;
2149 5007 2243 5078 qui
2275 5006 2353 5071 lit,
2401 5015 2459 5061 ut
2490 5005 2697 5060 honore
2729 5004 2981 5059 homines
3014 5014 3239 5059 sanctos
3266 5019 3463 5074 prose-

1889 5116 2049 5170 quar,
2072 5099 2166 5169 qui
2191 5099 2398 5168 ligneas
2423 5097 2731 5152 daemonum
2762 5108 2974 5151 statuas
3002 5095 3466 5151 combusserunt?

1892 5193 1998 5248 Sed
2044 5191 2089 5246 si
2130 5191 2340 5260 lapides
2387 5190 2636 5256 celebro;
2684 5204 2785 5242 cur
2827 5188 3110 5258 apostolos
3165 5188 3338 5258 ipsos,
3367 5187 3464 5258 qui

1891 5280 2104 5352 lapidea
2161 5281 2452 5336 simulacra
2509 5280 2994 5343 comminuerunt,
3055 5278 3410 5338 celebravere
3441 5279 3478 5340 ἳ,

1893 5373 2037 5444 quod
2061 5372 2104 5428 si
2133 5356 2350 5448 tandem
2375 5371 2640 5426 falsorum
2661 5370 2890 5425 deorum
2911 5384 3146 5424 veneror
3163 5370 3466 5442 imagines;

183 5467 266 5538 τῇ
306 5466 599 5538 εἰδωλικῇς
634 5465 776 5519 Ἀλλ’
808 5466 977 5530 ὅντως
1023 5465 1192 5534 πολλὴ
1229 5466 1340 5519 τῶν
1360 5455 1579 5535 ἀνόμων
1610 5470 1641 5536 ἡ

1895 5480 2064 5534 quare
2098 5463 2266 5533 igitur
2327 5466 2489 5520 trium
2563 5475 2864 5532 puerorum
2890 5460 2956 5524 “,
2977 5453 3129 5536 quia,
3148 5476 3217 5514 ne
3244 5475 3465 5514 auream

189 5577 406 5633 ρῳσις,
437 5561 605 5633 πολλὴ
627 5559 920 5630 τύφλωσις.
953 5555 1026 5611 Ὦ
1069 5559 1317 5625 Ἰουδαῖε,
1359 5559 1531 5631 πολλὴ
1559 5565 1591 5628 ὴ

1897 5557 2028 5612 idoli
2059 5557 2350 5627 imaginem
2381 5551 2991 5624 adorarent,Babylone
3018 5552 3465 5616 decertaverunt,

2375 5730 2420 5762 ”
2453 5727 2590 5784 Gen.
2626 5743 2783 5791 um,
2814 5727 2864 5780 7.
2966 5727 3011 5759 '°
3040 5726 3178 5784 Gen.
3219 5739 3384 5791 xuvn,
3411 5725 3468 5778 9.

331 5737 378 5771 "
410 5736 548 5792 Gen.
585 5750 800 5804 xxxvn,
843 5734 912 5788 52
944 5749 1100 5804 seqq.
1197 5734 1243 5766 ⁸⁸
1279 5733 1418 5790 Gen.
1477 5749 1667 5800 sunt,
1713 5731 1810 5798 l5;
1855 5729 2019 5786 Hebr.
2063 5744 2138 5794 xu,
2185 5727 2276 5784 2i.

184 5807 239 5839 ⁶¹
273 5805 422 5864 Gen.
448 5823 644 5871 uxr",
677 5808 730 5861 3.
806 5806 850 5837 “
871 5805 1005 5860 Dan.
1039 5821 1122 5870 ιιι,
1156 5804 1181 5858 l
1213 5820 1368 5874 seqq.

536 5902 808 5959 Ρλτηοι..
839 5900 958 5958 (is.
1002 5897 1199 5956 XCIV.

3077 5891 3156 5951 44

3677 3883 3764 3944 id
