3986 6346
1654 283 1712 342 S.
1753 284 2074 348 JOANNIS
2113 288 2542 350 DAMASCENI
3615 291 3770 358 1388

483 283 617 349 1387

476 399 706 470 gloriam
771 398 1069 466 laudesque
1130 394 1391 465 prmdieo,
1462 394 1774 468 horumque
1838 399 2041 454 nomint

2160 401 2279 456 δειά
2319 419 2413 454 σου
2450 402 2601 472 καὶὴ
2631 400 2889 456 ἀσέϐεια’
2930 401 3151 474 ἀληθῶς
3200 401 3471 457 ἀδικεῖται
3518 403 3629 459 ὑπὸ
3662 422 3767 459 σου

475 494 595 548 dies
645 492 813 547 festos
856 491 1002 561 ago?
1035 488 1236 544 Verum
1286 489 1456 543 nimia
1504 490 1665 559 plane
1692 490 2041 549 scelestorum

2152 493 2186 562 ὴ
2220 492 2465 563 ἀλήθεια.
2490 511 2508 543 ι
2544 493 2794 558 ’Δνάστα,
2830 492 2857 545 ὁ
2879 491 3029 557 Θεὸς,
3062 490 3284 544 δίκασον
3309 492 3407 562 τὴν
3428 492 3587 563 δίκην
3615 509 3721 545 σου
3742 509 3761 527 ’

475 583 783 637 ιιὺοιεοοιίο
822 591 929 645 est,
984 582 1152 636 nimia
1204 580 1444 636 caecitas.
1494 580 1692 653 Magna
1732 598 1985 653 prorsus,
2022 599 2041 638 ι

2151 583 2337 651 κρῖνον
2367 584 2463 637 καὶ
2495 584 2713 637 δίκασον
2762 585 2895 654 ἡμῖν
2922 583 2983 649 ἐξ
3036 583 3223 646 ἔθνους
3271 583 3371 653 οὐχ
3421 584 3601 648 ὁσίου,
3634 579 3762 638 ἀλλ’

472 674 682 737 Judaee,
714 675 1054 744 impudentia
1088 683 1203 727 tua.
1238 671 1489 728 Profecto
1505 674 1605 730 abs
1637 683 1690 730 te
1712 676 1915 731 veritas
1945 676 2041 729 ini-

2153 674 2373 728 ἀνοσίου
2398 676 2491 727 καὶ
2521 674 2825 746 ἀλλοτρίου,
2851 675 2948 729 καὶ
2980 673 3381 745 παροξύνοντος
3409 690 3469 727 σε
3494 673 3586 727 διὰ
3610 692 3764 727 παν-

470 782 577 833 que
607 767 896 835 premitur.
920 784 938 817 ι
961 766 1229 836 Exsurge,
1249 763 1416 828 Deus,
1435 764 1623 834 judica
1640 781 1864 822 causam
1885 777 2053 821 tuam.
2155 765 2268 828 τός.
2309 782 2329 817 ι

470 857 684 922 Judica,
717 868 771 914 et
801 859 1057 916 discerne
1097 874 1322 916 causam
1356 868 1601 915 nostram
1636 860 1703 915 de
1738 867 1901 931 gente
1928 874 2041 915 non
2079 865 2294 924 sancta,
2334 858 2404 915 ab
2434 858 2622 930 iniqua
2653 866 2709 915 et
2739 859 2947 922 aliena,
2975 872 3099 929 quae
3154 864 3209 913 te
3274 855 3345 912 ad
3404 858 3759 914 iracundiam

472 958 755 1019 provocat.
792 968 811 1000 ι

546 1042 821 1112 Ejusdem.
856 1060 878 1094 ι
912 1040 971 1096 Si
998 1057 1153 1112 ergo,
1185 1050 1243 1096 ut
1271 1056 1418 1112 saepe
1455 1040 1592 1105 dixi,
1642 1040 1851 1111 lignum
1905 1041 2047 1110 lapi-

467 1130 705 1200 demque
730 1130 1043 1195 adorarem,
1083 1130 1252 1201 lapidi
1279 1131 1470 1200 utique
1495 1138 1550 1185 et
1580 1129 1731 1201 ligno
1765 1129 2005 1185 dicerem
2032 1148 2045 1185 :

471 1219 549 1273 Tu
580 1237 661 1274 me
689 1221 919 1290 genuisti
954 1222 1021 1275 “.
1065 1220 1164 1276 Sin
1196 1230 1379 1277 autem
1421 1229 1743 1277 sanctorum
1775 1221 2048 1292 imagines

467 1314 660 1379 adoro,
694 1314 803 1368 imo
836 1328 965 1370 vero
1012 1314 1060 1369 si
1104 1321 1331 1370 sanctos
1386 1313 1560 1384 ipsos,
1616 1320 2049 1384 sanctorumque

464 1404 770 1459 certamina
812 1420 1041 1461 veneror
1089 1414 1143 1460 et
1176 1406 1324 1469 colo,
1374 1405 1654 1476 quomodo
1709 1415 1787 1471 tu,
1831 1408 2046 1471 insane,

469 1498 583 1551 haec
612 1498 756 1552 idola
789 1499 995 1554 vocas?
1022 1498 1173 1553 Idola
1199 1498 1404 1568 quippe
1425 1498 1822 1555 similitudines
1841 1498 2051 1553 fuerint

464 1605 678 1655 eorum,
705 1590 799 1659 qui
837 1589 1095 1655 adulteri,
1142 1588 1455 1655 homicidae,
1500 1589 1737 1644 ﬁliorum
1779 1597 2049 1643 mactato-

466 1696 577 1744 res,
609 1690 664 1736 et
689 1681 992 1736 cIIeininati
1025 1682 1284 1737 homines
1318 1682 1682 1749 exstiterunt,
1720 1698 1823 1736 non
1864 1690 2049 1737 autem

2223 1037 2334 1092 Τοῦ
2360 1036 2572 1092 αὐτοῦ.
2611 1054 2632 1088 ι
2679 1037 2743 1090 Ei
2775 1035 2875 1106 μὲν
2904 1027 2997 1105 οῦν
3030 1032 3108 1097 ὡς
3147 1032 3415 1094 πολλάκις
3465 1028 3641 1099 εἷπον,
3676 1033 3756 1105 τῷ

2149 1126 2293 1198 ξύλῳ
2326 1126 2420 1181 καὶ
2472 1125 2552 1196 τῷ
2606 1124 2764 1195 λίθῳ,
2788 1126 2865 1189 ὼς
2917 1123 3038 1194 Θεῷ
3092 1122 3498 1194 προσεκύνουν,
3534 1119 3667 1176 εἶπα
3686 1125 3755 1178 ἀν
3803 1182 3811 1199 ,

2147 1219 2305 1289 κάγὼ
2329 1219 2409 1289 τῷ
2456 1218 2599 1289 ξύλῳ
2630 1219 2727 1272 καὶ
2769 1215 2929 1288 λίθῳ·
2969 1217 3052 1269 Σύ
3103 1233 3181 1285 με
3215 1215 3574 1284 ἐγέννησας.
3601 1217 3667 1270 Εἰ
3696 1216 3754 1270 δὲ

2146 1312 2245 1376 τὰς
2284 1311 2502 1375 εἰκόνας
2529 1310 2639 1364 τῶν
2682 1310 2856 1379 ἁγίων
2900 1307 3215 1379 προσκυνῶ,
3240 1308 3367 1369 τοὺς
3393 1308 3584 1376 ἁγίους
3612 1308 3753 1378 μᾶλο

2145 1404 2260 1469 λον,
2289 1403 2387 1459 καὶ
2417 1402 2711 1475 προσκυνῶ
2743 1404 2842 1466 τὰς
2874 1401 2983 1455 τῶν
3035 1401 3205 1469 ἁγίων
3256 1400 3552 1472 μαρτύρων
3580 1401 3754 1471 ἀθλή-

2147 1510 2263 1558 σεις
2298 1494 2395 1548 καὶ
2419 1494 2589 1564 τιμῶ,
2623 1493 2740 1557 πῶς
2761 1493 2941 1563 λέγεις
2980 1493 3179 1548 εἴδωλα
3210 1492 3386 1546 ταῦτα
3405 1533 3420 1558 ,
3442 1487 3487 1545 ὦ
3515 1493 3753 1563 aven-rs;

2146 1584 2229 1638 Τά
2257 1583 2368 1654 γὰρ
2404 1583 2623 1650 εἴδωλα,
2657 1582 2767 1636 τῶν
2813 1582 3184 1654 ψευδωνύμων
3208 1624 3224 1650 ,
3248 1583 3359 1636 τῶν
3388 1583 3621 1654 μοιχῶν,
3654 1583 3756 1635 καὶ

2147 1675 2462 1746 φονευτῶν,
2517 1677 2617 1730 καὶ
2667 1676 3046 1742 τεκνοθυτῶν,
3079 1677 3174 1730 καὶ
3229 1676 3493 1747 μαλακῶν
3547 1675 3755 1746 ὁμοιώ-

467 1774 860 1843 prophetarum
897 1784 949 1829 et
988 1776 1394 1844 apostolorum.
1431 1775 1611 1844 Atque
1656 1782 1719 1828 ut
1760 1789 1828 1829 ex
1866 1775 2041 1844 aliqua

2152 1767 2301 1839 ματὰ
2330 1770 2458 1833 είσι,
2491 1769 2585 1822 καὶ
2630 1768 2693 1821 ού
2742 1768 3063 1838 προφητῶν,
3099 1767 3221 1822 οὐδὲ
3252 1768 3593 1825 ἀποστόλων.
3638 1769 3757 1821 Καὶ

463 1837 641 1935 parte,
680 1860 848 1922 brevi
910 1837 1337 1935 certissitnoque
1407 1837 1663 1936 exemplo
1718 1837 2041 1935 intelligas,

2152 1837 2241 1915 ῖνα
2276 1860 2341 1913 ὲκ
2382 1859 2587 1931 μέρους
2607 1837 2949 1931 παραστήσω
2985 1859 3253 1931 σύντομον
3281 1860 3381 1914 καὶ
3418 1860 3756 1914 πιστότατον

462 1960 594 2030 quid
625 1959 974 2014 Christianos
1026 1959 1171 2013 inter
1218 1967 1274 2014 et
1310 1959 1543 2031 gentiles
1584 1958 1843 2028 paritatis
1879 1958 2049 2013 inter-

462 2048 645 2116 cedat,
690 2047 843 2101 audi.
890 2045 1177 2102 Habebaut
1211 2046 1492 2119 Babylone
1541 2046 1788 2101 Chaldaei
1836 2048 2050 2101 musica

459 2139 643 2195 omnis
673 2138 891 2210 generis
925 2153 1153 2209 organa,
1176 2123 1389 2209 quibus.
1410 2138 1709 2193 simulacra
1732 2137 2047 2192 daemonum

461 2228 1090 2283 colebant:.habebant
1153 2237 1208 2284 et
1267 2228 1365 2283 filii
1417 2226 1588 2284 Israel
1644 2226 2049 2299 Hierosolymis

461 2327 739 2387 asportata
793 2333 1023 2388 organa,
1058 2333 1181 2389 quae
1216 2319 1271 2372 in
1308 2318 1573 2375 salicibus
1608 2320 2043 2391 suspenderunt.

462 2409 705 2480 Utraque
763 2411 1127 2465 instrumenta
1185 2419 1369 2474 erant,
1424 2411 1635 2477 nablia,
1687 2412 1939 2475 citharas,
1990 2419 2046 2467 et

458 2503 608 2557 tibiae
636 2520 650 2555 :
685 2501 785 2556 sed
818 2501 922 2557 ista
950 2502 1017 2556 ad
1048 2502 1139 2556 Dei
1171 2503 1404 2573 gloriam
1432 2520 1447 2571 ;
1489 2503 1584 2557 illa
1612 2517 1747 2559 vero
1777 2503 2043 2559 similitu-

456 2594 604 2648 diuis
633 2594 828 2648 horum
851 2594 1071 2660 aemula,
1105 2597 1172 2649 ad
1206 2598 1512 2650 daemonum
1552 2595 1763 2650 cultum
1792 2596 2041 2665 pertine-

457 2687 613 2742 bant.
641 2686 787 2742 Idem
811 2686 924 2757 jam
965 2687 1265 2743 discrimen
1297 2689 1443 2743 inter
1471 2687 1741 2757 imagines
1766 2685 2041 2743 Christia-

455 2794 656 2834 norum
694 2789 748 2834 et
778 2778 924 2833 idola
974 2778 1265 2850 gentilium
1310 2779 1514 2850 cogita.
1560 2777 1689 2834 ΙΙωο
1738 2781 1942 2851 quippe
1974 2778 2041 2832 ad

456 2870 660 2926 diaboli
694 2870 924 2942 gloriam
951 2885 1016 2927 ac
1041 2871 1403 2938 memoriam;
1439 2872 1531 2925 illa
1557 2886 1691 2928 vero
1712 2872 1780 2927 ad
1807 2871 2038 2934 Christi,

454 2972 509 3018 et
555 2963 934 3033 apostolorum
973 2974 1414 3033 martyrumque,
1455 2972 1509 3018 et
1542 2974 1863 3019 sanctorum
1919 2962 2037 3032 ejus

455 3054 673 3110 laudem
704 3054 976 3109 fabricata
1004 3062 1154 3109 sunt.
1196 3072 1215 3105 ι

525 3143 803 3213 Ejusdem.
839 3162 857 3194 ι
898 3143 1133 3198 Proinde
1167 3141 1391 3212 quando
1414 3140 1792 3199 Christianum
1828 3141 2037 3198 videris

2151 1951 2459 2023 ὑπόδειγμα
2496 1954 2627 2025 περὶ
2650 1950 3055 2024 Χριστιανικῶν
3076 1952 3172 2005 καὶ
3207 1951 3536 2023 Ἑλληνικῶν
3554 1955 3757 2023 ὁμοιω-

2153 2044 2343 2113 μὰτων
2365 2083 2382 2111 ,
2416 2045 2551 2099 ἁκου
2568 2063 2680 2101 σον.
2731 2040 2892 2117 Εἶχον
2939 2046 2998 2098 ὲν
3052 2044 3335 2098 Βαϐυλῶνι
3392 2046 3441 2098 οῖ
3487 2045 3757 2099 Χαλδαῖοι

2148 2134 2357 2207 ϐργανα
2409 2139 2643 2191 παντοῖα
2680 2135 2922 2208 μουσικά
2975 2136 3112 2207 πρὸς
3164 2136 3467 2209 θεραπείαν
3507 2136 3758 2191 εἰδώλων

2148 2225 2440 2297 δαιμόνων.
2464 2224 2625 2299 Εἶχον
2651 2228 2710 2281 δὲ
2742 2228 2841 2282 καὶ
2864 2229 2914 2281 οἱ
2942 2228 3049 2281 υἱοὶ
3074 2228 3295 2301 Ἰσραὴλ
3322 2228 3433 2284 ἀπὸ
3470 2229 3754 2300 Ἰερουσα-

2147 2316 2260 2389 λὴμ
2311 2319 2520 2389 δργανα
2542 2359 2557 2385 ,
2583 2319 2619 2373 ἃ
2649 2320 2742 2372 ἐπὶ
2778 2322 2900 2403 ταῖς
2933 2319 3450 2423 ίτέαἏιρέμασαὸ
3471 2361 3487 2386 ν
3513 2319 3612 2374 καὶ
3628 2308 3879 2417 ῥΡ-’ίςξξξ
3928 2324 3933 2335 ’

2148 2411 2354 2483 φότερα
2378 2412 2609 2484 ὄργανα,
2635 2412 2731 2464 καὶ
2763 2400 2939 2479 216).;
2944 2430 2980 2475 ι,
3014 2400 3379 2484 mi.
3401 2400 3544 2479 ,‘xal.
3586 2400 3871 2481 αὐλοὶέῗ“’
3932 2458 3933 2463 η

2148 2336 2260 2389 Αημ
2311 2336 2520 2389 οργανα
2542 2359 2557 2385 ,
2583 2336 2619 2373 α
2649 2336 2742 2372 επι
2778 2336 2900 2383 ταις
2934 2336 3072 2373 ιτεαι
3131 2336 3450 2423 εκρεμασαὸ
3471 2361 3487 2386 ,
3513 2336 3612 2374 και
3628 2336 3755 2392 αμ-

2148 2411 2354 2483 φότερα
2378 2412 2609 2484 ὄργανα,
2635 2412 2731 2464 καὶ
2763 2412 2939 2479 Μήλα
2944 2430 2980 2475 ι,
3215 2412 3275 2465 θ’
3362 2430 3379 2465 ι
3401 2454 3416 2479 ,
3447 2412 3544 2465 καί⁵
3586 2412 3757 2468 αὐλοὶ

2147 2502 2417 2573 ὑπῆρχον,
2437 2503 2472 2557 ἃ
2500 2504 2591 2557 ἐπὶ
2615 2506 2737 2567 ταῖς
2775 2503 2947 2567 ίτέαις
2969 2336 3512 2649 ὲψᾼλλὰ
3538 2504 3610 2558 τὰ
3646 2505 3757 2575 μὲν

2147 2594 2227 2649 είς
2258 2593 2416 2649 δόξαν
2454 2593 2591 2648 Θεοῦ
2644 2595 2915 2649 ἐγένοντο.
2946 2596 3017 2649 τὰ
3057 2596 3116 2649 δὲ
3222 2614 3250 2649 ς
3294 2595 3592 2649 θεραπείαν
3632 2597 3755 2649 τῶν

2144 2594 2227 2658 είς
2258 2593 2416 2659 δόξαν
2454 2593 2591 2648 Θεοῦ
2644 2595 2915 2663 ἐγένοντο,
2946 2596 3017 2649 τὰ
3057 2593 3250 2659 eam;
3294 2595 3592 2666 θεραπείαν
3632 2597 3755 2651 τῶν

2995 2320 3072 2373 ἑαι
3131 2320 3362 2391 ὲκρέμαε

3047 2336 3187 2557 .
3215 2412 3244 2465 θ
3264 2414 3275 2430 ο

2144 2683 2417 2756 δαιμόνων
2441 2726 2457 2751 ,
2493 2686 2789 2763 ἀντίμιμα.
2822 2684 2980 2740 Οὕτω
3025 2686 3235 2752 λοιπὲν,
3264 2690 3360 2740 καὶ
3387 2686 3482 2740 ὲπὶ
3512 2686 3630 2741 τῶν
3668 2689 3757 2742 εί-
3778 2720 3809 2735 ,κ
3846 2706 3853 2729 θ
3920 2710 3933 2719 νη

2143 2777 2340 2842 κόνων,
2368 2780 2465 2833 καὶ
2513 2779 2770 2846 εἰδώλων,
2815 2776 3146 2848 Ἑλληνικῶν
3198 2779 3294 2831 καὶ
3335 2777 3752 2849 Χριστιανιιοιῖη

2143 2870 2256 2922 νόει
2289 2870 2373 2924 ὅτι
2410 2871 2595 2924 ἐκεῖνα
2629 2870 2730 2941 μὲν
2768 2872 2849 2934 είς
2889 2870 3049 2937 δόξαν
3093 2868 3344 2923 διαϐόλου
3384 2872 3480 2925 καὶ
3514 2872 3753 2943 μνήμην

2142 2960 2693 3033 κατεσκευάσθησαν,
2720 2960 2899 3017 ταῦτα
2928 2961 2987 3015 δὲ
3040 2963 3122 3026 είς
3164 2961 3325 3027 δόξαν
3353 2963 3615 3034 Χριστοῦ,
3643 2966 3751 3018 καὶ

2139 3051 2592 3119 ἁποστόλων,καὶ
2625 3053 2943 3124 μαρτύρων,
2973 3054 3067 3107 καλ⁵
3091 3054 3264 3122 ἁγίων
3301 3054 3522 3110 αὐτοῦ.»

2222 3141 2333 3196 Τοῦ
2355 3143 2565 3198 αὑτοῦ.
2604 3160 2623 3196 ι
2657 3144 2829 3199 Ὅταν
2849 3145 3035 3199 τοίνυν
3064 3146 3180 3218 ῖδῃς
3206 3148 3538 3219 Χριστιανὸν
3566 3166 3750 3221 προσ-

453 3208 674 3290 crucem
707 3234 963 3300 adorare,
1007 3234 1061 3288 id
1100 3208 1286 3290 ab-eo
1326 3232 1443 3289 ﬁeri
1495 3243 1724 3305 propter
1757 3234 2039 3290 Christum

2151 3232 2414 3290 κυνοῦντα
2442 3234 2520 3307 τῷ
2551 3235 2796 3307 σταυρῷ,
2840 3238 3033 3307 γνῶθι,
3212 3208 3302 3293 διά
3358 3208 3621 3313 Χριστὸν,
3646 3243 3748 3298 τὸν

453 3327 777 3383 cruciﬁxum
831 3327 1016 3389 scito,
1070 3342 1181 3381 non
1231 3336 1413 3381 autem
1474 3335 1531 3380 ut
1573 3326 1782 3397 lignum
1828 3326 2040 3382 adoret.

453 3419 670 3491 Alioqui
726 3418 986 3474 universa
1035 3418 1183 3490 ligna
1237 3418 1622 3485 adoraremus,
1672 3418 1820 3474 sicut
1868 3418 2042 3474 Israel

454 3510 609 3565 lucos
639 3518 693 3564 et
725 3511 954 3565 arbores
980 3509 1269 3574 adorabat,
1297 3516 1462 3579 atque
1492 3508 1713 3565 dicebat
1742 3528 1755 3564 :
1792 3511 1867 3563 Tu
1901 3508 2039 3563 Deus

451 3617 600 3656 meus
655 3617 747 3666 es;
798 3612 853 3654 tu
892 3618 974 3655 me
1028 3602 1257 3671 genuisti
1291 3600 1358 3656 “.
1392 3599 1505 3656 Nos
1547 3615 1677 3656 vero
1708 3615 1818 3655 non
1872 3599 2037 3668 item;

452 3695 549 3749 sed
592 3692 919 3747 memoriam
964 3693 1355 3763 picturamque
1400 3691 1701 3747 Dominicze
1737 3692 2035 3761 passionis,

450 3794 505 3839 et
531 3783 698 3854 376
724 3784 947 3838 illorum
986 3783 1078 3853 qui
1114 3798 1215 3853 pro
1246 3784 1367 3853 ipso
1412 3793 1829 3853 pugnaverunt,
1864 3782 1917 3836 in
1951 3798 2040 3839 ec-

449 3876 641 3931 clesiis
688 3890 751 3930 ac
808 3875 1063 3930 domibus
1116 3884 1406 3941 tenemus;
1461 3874 1648 3929 omnia
1685 3889 1881 3945 nempe
1908 3889 2035 3944 pro-

450 3979 574 4038 pter
601 3966 892 4022 Dominum
930 3975 1181 4023 nostrum
1219 3967 1510 4023 facientes.
1543 3966 1919 4038 Rursumque,
1947 3967 2035 4023 dic

451 4062 673 4126 amabo,
697 4059 909 4124 Iudaee,
945 4076 1195 4131 quaenam
1225 4061 1503 4131 scriptura
1549 4059 1720 4131 Moysi
1759 4060 2030 4131 permisit,

449 4151 711 4209 utJethro
723 4169 976 4209 socerum
999 4168 1162 4208 suum
1181 4153 1449 4209 cultorem
1470 4152 1744 4208 idolorum
1767 4150 2031 4218 ;Jacobo,

450 4230 939 4312 utAPharaonem;
975 4245 1324 4311 Abrahamo,
1367 4254 1429 4300 ut
1475 4244 1617 4300 ﬁlios
1665 4243 1889 4298 Enimor
1932 4243 2033 4298 ad-

449 4336 707 4391 orarent?
744 4349 930 4390 annun
958 4335 1037 4389 illi
1070 4335 1213 4405 justi
1245 4346 1407 4391 erant
1445 4343 1500 4390 et
1529 4334 1854 4405 prophetae?
1880 4350 2032 4405 qua!-

2146 3326 2550 3398 σταυρωθέντα,
2569 3330 2664 3383 καὶ⁵
2687 3331 2751 3384 ού
2783 3332 2882 3402 τὴν
2907 3331 3072 3401 φύσιν
3098 3331 3195 3386 τοῦ
3221 3333 3383 3401 ξύλου
3412 3340 3740 3407 προσκυνεῖ.

2156 3416 2312 3471 Ἐπεὶ
2342 3419 2523 3474 πάντα
2555 3418 2622 3474 ἂν
2650 3421 2719 3476 τὰ
2738 3421 2873 3488 ξύλα
2910 3426 3363 3497 προσεκυνοῦμεν
3390 3428 3486 3481 τοῦ
3526 3429 3741 3501 ἀγροῦ,

2143 3509 2238 3563 καὶ
2259 3508 2449 3582 ὥσπερ
2472 3512 2501 3564 ὁ
2533 3511 2749 3584 Ἰσραὴλ
2779 3515 3105 3586 προσεκύνει
3130 3517 3200 3570 τὰ
3229 3518 3367 3590 ἄλση
3389 3520 3483 3573 καὶ
3510 3521 3584 3573 τὰ
3609 3521 3740 3574 δέν-

2139 3598 2265 3669 δρα,
2296 3599 2495 3669 λέγων’
2528 3606 2610 3659 Σύ
2626 3620 2749 3672 μου
2769 3601 2828 3659 εἷ
2849 3604 3016 3672 Θεὸς,
3048 3608 3147 3661 καὶ
3179 3609 3261 3663 σύ
3274 3625 3352 3679 με
3373 3610 3738 3680 ἐγέννησας.

2150 3693 2341 3766 Ἡμεῖς
2367 3694 2426 3748 δὲ
2464 3697 2565 3767 οὐχ
2588 3696 2785 3763 οὕτως,
2820 3700 2959 3754 ἀλλά
3002 3703 3230 3773 μνήμην
3256 3705 3351 3758 καὶ
3368 3707 3594 3777 γραφὴν
3619 3709 3739 3764 τῶν

2137 3785 2234 3839 τοῦ
2289 3787 2495 3860 Κυρίου
2553 3790 2931 3862 παθημάτων,
2964 3794 3057 3848 καὶ
3102 3794 3213 3849 τῶν
3255 3795 3325 3849 δι’
3354 3798 3519 3852 αὑτὸν
3558 3798 3739 3872 ἀθλη-

2140 3879 2370 3944 σὰντων,
2396 3882 2454 3933 ὲν
2494 3885 2616 3947 ταῖς
2644 3883 2960 3955 ἐκκλησίαις
2995 3887 3088 3940 καὶ
3121 3889 3292 3952 οῖκοις
3305 3888 3522 3961 ἔχομεν,
3553 3893 3738 3947 πάντα

2136 3970 2205 4025 δι’
2236 3971 2397 4025 αὐτὸν
2425 3973 2708 4039 ποιοῦντες
2733 3975 2824 4030 τὸν
2854 3976 3125 4050 ἡμέτερον
3155 3979 3382 4051 Κύριον.
3408 3982 3518 4036 Καὶ
3547 3978 3735 4052 αὖθις,

2136 4062 2278 4130 εἰπὲ,
2303 4057 2349 4117 ὦ
2373 4062 2618 4131 Ίουδαῖε,
2652 4067 2780 4121 ποία
2804 4069 2995 4140 Γραφὴ
3025 4070 3297 4142 ἐπέτρεψε
3332 4073 3526 4126 Mone?
3556 4092 3738 4145 προσ-

2136 4156 2370 4227 κυνῆσαι
2396 4159 2566 4229 Ῐιοθὸρ
2589 4159 2668 4231 τῷ
2689 4160 2926 4234 γαμϐρῷ
2954 4162 3147 4229 αὑτοῦ,
3176 4164 3542 4238 είδωλολάτρῃ
3570 4167 3693 4221 ϐντι
3712 4209 3731 4237 ,

2135 4248 2231 4301 καὶ
2275 4247 2469 4302 Ἰακὼϐ
2494 4250 2571 4320 τῷ
2597 4252 2825 4323 Φαραὼ,
2853 4253 2949 4307 καὶ
2990 4254 3243 4327 Ἀϐραὰμ
3269 4260 3382 4321 τοῖς
3420 4259 3554 4320 υἱοῖς
3588 4260 3734 4332 Ἐμ-

2137 4339 2290 4411 μὼρ;
2324 4342 2420 4395 καὶ
2443 4342 2641 4397 ἐκεῖνοι
2679 4344 2877 4399 δίκαιοι
2927 4347 3023 4400 καὶ
3058 4348 3373 4418 προφῆταιο
3407 4352 3499 4404 καὶ
3519 4353 3735 4427 Δανιὴλ

448 4443 574 4482 nam
603 4426 834 4492 Danieli,
856 4435 915 4482 ut
936 4427 1161 4498 impium
1186 4424 1729 4481 Nabuchodonosor?
1747 4426 1823 4480 Ac
1844 4427 1888 4482 si
1913 4442 2031 4496 pro-

2151 4430 2211 4502 ιῷ
2259 4431 2732 4509 Ναϐουχοδονόσορ
2761 4436 2951 4492 ἀσεϐεῖ
2993 4438 3141 4508 om;
3176 4440 3287 4494 Καὶ
3313 4443 3363 4495 εί
3399 4443 3598 4497 ἐκεῖνοι
3632 4424 3732 4501 διὰ

448 4527 570 4589 pter
591 4518 925 4573 mundanam
939 4518 1613 4589 temporariamquevitam
1634 4518 1736 4573 hoc
1754 4518 2027 4586 fecerunt,

2151 4521 2408 4593 ιοσμικὴν
2430 4525 2528 4577 καὶ
2574 4525 2913 4597 πρόσκαιρον
2947 4526 3094 4600 ζωὴν
3129 4528 3302 4583 ταῦτα
3330 4530 3568 4599 ἐποίουν,
3601 4534 3733 4599 πῶς

446 4626 613 4665 eccur
635 4624 847 4664 mecum
878 4610 1222 4680 expostulas,
1251 4609 1396 4679 quod
1430 4610 1485 4664 in
1514 4610 1689 4667 sacris
1714 4620 2028 4667 sanctorum

2151 4612 2259 4681 ἐμοὶ
2293 4612 2547 4681 ἐγκαλεῖς
2596 4616 2993 4687 προσκυνοῦντι
3012 4620 3133 4681 ταῖς
3182 4620 3367 4689 ἁγίαις
3402 4621 3508 4675 τῶν
3548 4624 3731 4692 ἁγίων

447 4700 754 4766 memoriis,
791 4702 907 4758 sive
943 4717 1039 4772 per
1072 4702 1426 4773 scripturam,
1462 4702 1579 4773 sive
1610 4718 1707 4775 per
1764 4704 2034 4773 picturam

2151 4705 2384 4775 ινήμαις
2410 4746 2425 4772 ,
2455 4712 2758 4779 γραφικαῖς
2818 4711 2917 4764 καὶ
2957 4712 3257 4784 ἱστορικαῖς
3277 4754 3292 4778 ,
3324 4716 3420 4769 καὶ
3463 4716 3533 4769 τά
3571 4719 3769 4785 πάθη,
3802 4770 3813 4781 _
3834 4744 3881 4775 ,ς
3922 4738 3927 4741 ί

446 4794 749 4873 expressis,
790 4793 1110 4848 eorunidem
1150 4793 1433 4850 cruciatus
1474 4804 1529 4849 et
1568 4796 1869 4849 certamina
1907 4794 2040 4851 ado-

2151 4796 2228 4850 ιαὶ
2262 4795 2363 4861 τάς
2401 4798 2691 4871 ἁθλήσεις,
2723 4801 2782 4868 ἐξ
2812 4795 2887 4855 ὧν
2912 4802 3033 4857 καθ’
3061 4805 3277 4875 ἡμέραν
3300 4807 3728 4879 εύεργετοῦμαι,

447 4901 584 4951 rem,
628 4900 726 4953 per
767 4900 890 4954 «ιιιιε
936 4884 1172 4956 singulis
1218 4884 1416 4940 diebus
1471 4884 1757 4941 beneﬁciis
1802 4901 2036 4956 augeor,

2151 4887 2228 4941 ιαὶ
2264 4886 2484 4941 αἰώνιον
2513 4889 2607 4942 καὶ
2637 4890 2811 4945 ἀΐδιον
2848 4892 2992 4966 ζωὴν
3039 4894 3351 4965 ἐκδέχομαι;
3390 4916 3409 4947 ι

448 4984 883 5047 perpetuamque
933 4983 987 5031 et
1030 4977 1422 5048 sempiternam
1466 4976 1627 5030 vitam
1678 4978 1974 5048 exspecto?
2013 4998 2031 5031 ι

449 5068 534 5123 Ex
574 5066 821 5123 Historia
873 5068 1234 5122 ecclesiastica
1290 5066 1571 5132 Theodori,
1632 5078 1770 5122 tonio
1820 5079 2031 5138 quarto.

2151 5063 2261 5133 Τῆς
2313 5065 2843 5149 ἐκωησιαστικῆςᾲ
2885 5070 3180 5149 Ἱστορίας
3235 5070 3728 5149 Θεοδωρήτσυρῖδ,
3810 5063 3817 5123 ἦ

2801 5141 2844 5194 δ’
2878 5142 3079 5196 τόιιου.

2801 5161 2841 5194 ο⁷
2878 5161 2945 5195 το
2990 5161 3079 5196 ου.

2219 5248 2238 5280 ι
2260 5227 2395 5282 Ὑπὸ
2415 5229 2472 5283 δὲ
2488 5232 2702 5304 ταύτην
2720 5234 2820 5304 τὴν
2847 5161 3138 5299 ύπέτείαν,
3170 5238 3314 5290 κατά
3334 5238 3423 5290 τὸν
3450 5237 3597 5309 μῆνα
3629 5240 3731 5292 τὸν

2138 5322 2497 5393 Δεκέμϐριον,
2527 5325 2724 5396 ἔχοντα
2758 5329 2922 5381 αὐτὸν
2960 5330 3153 5385 είκάδα
3183 5332 3277 5383 καὶ
3307 5330 3731 5403 πέμπτὴνὴμέ-

340 5290 349 5295 _
525 5248 545 5282 ι
586 5228 705 5285 Sub
736 5229 841 5283 hoc
860 5226 1177 5293 consulatu,
1200 5224 1288 5279 die
1316 5240 1423 5278 xxv
1448 5224 1658 5280 mensis
1686 5222 2028 5290 Decembris,

326 5396 331 5409 ‘
418 5321 697 5407 Eterribile
729 5322 1036 5393 ingensque
1081 5319 1410 5373 miraculum
1443 5316 1695 5389 contigit,
1728 5317 1877 5388 quod
1913 5333 2033 5373 om-

523 5458 569 5490 ⁸³
590 5454 796 5515 Jerem.
830 5472 892 5525 ιι,
930 5455 1021 5511 27.
1099 5456 1145 5487 “
1177 5457 1307 5512 ibid.

1763 5549 1851 5605 VA
1862 5549 2002 5605 RIIE
2042 5548 2456 5611 LECTIONES.

521 5641 572 5684 δ’
610 5644 785 5728 Lege;
814 5643 1115 5728 cu'm'Billio
1143 5643 2063 5728 Qspothpou,Theodort,_Lectori_s__
2091 5650 2323 5728 scilicet.
2359 5649 2504 5728 Nam
2525 5652 2627 5728 sub
2655 5653 2949 5728 Anastasio
2975 5654 3117 5727 imp.
3136 5666 3418 5728 superstes
3459 5673 3568 5716 non
3597 5669 3728 5718 erat

446 5710 851 5778 Theodoretus.
884 5713 1142 5785 Ejusdem
1174 5710 1568 5788 historiaeque:
1594 5717 1683 5773 hic
1708 5710 1965 5787 refertur,
2001 5717 2366 5791 Theophanes
2395 5729 2449 5778 et
2473 5721 2674 5779 Suidas
2729 5725 3051 5781 meminere.
