3986 6346
289 288 426 356 1381

1390 288 1488 350 DE
1521 281 1983 348 IMAGINIBUS
2011 282 2294 344 ORATIO
2334 284 2448 343 III.

3406 283 3541 351 1382

286 380 394 458 Ἐκ
420 419 525 458 του
547 401 873 471 μαρτυρίου
896 398 1002 452 τοῦ
1025 400 1197 471 ἁγίου
1223 399 1580 464 Εὐσταθίου,
1619 398 1723 453 τοῦ
1765 397 1859 450 καὶ

2060 391 2141 445 Ea;
2172 394 2427 462 martyrio
2460 392 2629 446 sancti
2660 389 2949 458 Eustathii,
2975 390 3064 460 qui
3090 400 3138 445 et
3174 389 3445 454 Placidus.

918 469 1113 522 II.1mcl
1116 468 1211 523 δα.

363 577 384 614 ι
438 559 773 627 Ἐξελθόντος
810 558 975 613 αὑτοῦ
1008 561 1065 615 ἐν
1103 562 1203 632 μιᾷ
1230 560 1415 633 ἡμέρᾳ
1456 561 1598 615 κατά
1648 560 1708 615 τὸ
1739 561 1861 613 σύν-

286 653 417 726 ηθες
478 650 569 706 ἐπὶ
602 648 671 705 τά
725 650 826 723 ὅρη
860 651 1125 723 θηρεῦσαι
1177 653 1315 724 μετά
1344 652 1437 706 τοῦ
1469 652 1859 724 στρατοπέδου,

287 746 382 799 καλ⁸
413 743 593 815 πάσης
614 743 713 813 τῆς
737 742 1051 815 θεραπείας,
1085 744 1240 815 ὤφθη
1265 744 1413 816 αὐτῷ
1447 745 1617 819 ἀγέλη
1646 745 1862 815 ἐλάφων

289 836 615 907 βοσκομένη.
643 836 751 889 Καὶ
766 835 1063 906 διαστήσας
1079 836 1219 890 κατά
1245 836 1307 890 τὸ
1335 836 1563 907 σύνηθες
1583 837 1676 889 τὸν
1697 853 1862 908 στραο

284 927 395 993 τὸν,
428 926 664 979 ἐποιεῖτο
690 926 793 996 τὴν
837 926 955 980 κατ’
987 925 1166 980 αὐτῶν
1201 924 1404 992 δίωξιν.
1449 923 1658 989 Παντὸς
1684 923 1738 979 δὲ
1767 926 1860 980 τοῦ

290 1015 520 1087 στρατοῦ
547 1016 639 1069 ἐπὶ
664 1015 763 1086 τὴν
784 1015 1046 1087 σύλληψιν
1073 1016 1472 1088 ἀσχολουμένου
1496 1017 1605 1071 τῶν
1626 1017 1860 1085 ἐλάφων,

287 1110 314 1162 6
340 1106 886 1180 ύπερμεγεθέστατος
915 1108 1096 1179 πάσης
1126 1110 1224 1179 τῆς
1280 1109 1502 1181 ἀγέλης,
1536 1110 1630 1165 καὶ
1659 1110 1863 1164 εὐειδέ-

287 1217 500 1266 στα-τος,
531 1200 906 1265 ἀποσπασθεὶς
955 1200 1054 1271 τῆς
1088 1201 1314 1271 ἀγέλης,
1344 1202 1574 1272 ὥρμησε
1599 1201 1739 1256 κατὰ
1769 1200 1862 1255 τοῦ

284 1290 490 1363 δρυμοῦ
525 1291 716 1354 ἐντοῖς
746 1290 1060 1361 δασυτέροις
1088 1292 1273 1355 τόποις
1304 1293 1402 1363 τῆς
1431 1292 1584 1364 ὕλης,
1626 1293 1721 1347 καὶ
1742 1293 1866 1346 δυσ-

285 1381 473 1446 ϐάτοις
516 1380 756 1453 χωρίοις.
823 1384 921 1435 Ὃν
969 1381 1306 1453 θεασάμενος
1344 1383 1373 1434 6
1420 1383 1714 1451 Πλακίδας,
1770 1390 1865 1439 καὶ

283 1471 637 1541 ἐπιθυμήσας
659 1471 1045 1526 συλλαϐεῖσθαι
1077 1472 1261 1536 αὑτὸν,
1292 1474 1608 1529 καταλιπὼν
1633 1477 1865 1544 πάντας,

286 1563 405 1631 μετ’
427 1557 623 1627 ὀλίγων
661 1559 1011 1630 στρατιωτῶν
1054 1562 1382 1618 κατεδίωκεν
1417 1565 1599 1620 αὐτόν.
1650 1567 1867 1636 Ἀτονη-

285 1654 495 1705 σάντων
525 1650 583 1704 δέ
632 1650 745 1705 τῶν
802 1651 1094 1716 συνόντων,
1128 1653 1291 1723 μόνος
1331 1655 1763 1727 προσεκαρτέρει
1795 1658 1861 1727 τῇ

2038 563 2054 597 ι
2094 544 2227 599 Cum
2271 544 2361 600 die
2414 544 2647 615 quodam
2682 583 2697 607 ,
2756 543 2822 598 de
2868 550 3133 598 consueto
3183 557 3360 607 more,
3414 559 3539 599 cum

1962 636 2211 691 exercitu
2283 635 2651 705 universeque
2698 633 3028 688 famulorum
3081 643 3228 690 cmtu
3283 646 3539 691 venatum

1961 727 2215 793 exiisset,
2279 741 2570 781 cervorum
2624 726 2966 797 pascentium
3017 727 3369 796 conspicatus
3421 743 3543 800 gre-

1962 836 2106 892 gem,
2136 819 2389 876 exercitu
2422 820 2474 872 in
2512 827 2625 874 tres
2657 827 2863 889 partes,
2897 818 2976 873 uti
3010 819 3245 885 solebat,
3275 819 3543 876 distribu-

1965 921 2044 979 to,
2072 928 2169 969 eos
2196 910 2598 967 insectabatur.
2630 909 2702 963 At
2731 924 2853 964 cum
2889 910 3001 965 illis
3039 909 3321 980 capiendis
3360 910 3544 967 inten-

1964 1014 2052 1059 tus
2079 1012 2226 1058 esset
2247 1003 2547 1067 exercitus,
2584 1000 2675 1055 ille
2710 1001 2805 1070 qui
2848 1001 2902 1054 in
2949 1001 3263 1057 universum
3296 1017 3540 1074 gregem,

1965 1104 2081 1149 tum
2132 1094 2485 1164 proceritate,
2545 1101 2658 1145 tum
2711 1090 2889 1145 forma
2923 1091 3219 1156 eminebat,
3251 1108 3281 1147 a
3313 1094 3543 1163 reliquis

1963 1186 2273 1251 discedens,
2307 1201 2404 1257 per
2434 1184 2768 1241 densissima
2822 1185 2974 1240 silva:
3009 1193 3395 1257 praeruptaque
3420 1188 3568 1242 loca~

1965 1280 2020 1334 in
2053 1295 2248 1335 nemus
2275 1279 2531 1349 prosiliit.
2570 1276 2728 1332 l-Iune
2761 1276 3010 1333 Plaeidas
3052 1280 3358 1345 contuitus,
3389 1280 3541 1349 ejus-

1965 1388 2071 1442 que
2131 1370 2635 1441 comprehendendi
2700 1369 2979 1425 desiderio
3036 1384 3349 1438 accensus,
3413 1385 3542 1426 cum

1965 1463 2230 1519 militibus
2255 1462 2472 1532 paucis,
2511 1461 2730 1516 caeteris
2762 1460 3020 1515 omnibus
3050 1461 3281 1527 relictis,
3325 1462 3544 1519 insecu-

1968 1562 2055 1610 tus
2082 1561 2188 1608 est.
2215 1551 2335 1607 Jam
2359 1550 2494 1607 socii
2512 1549 2897 1607 deﬁcientibus
2921 1549 3131 1605 viribus
3153 1551 3541 1618 constiterant,

1968 1660 2092 1700 eum
2120 1646 2275 1701 solus
2306 1644 2427 1714 ipse
2466 1640 2848 1713 persequendo
2882 1650 3286 1712 perseveraret,
3323 1642 3542 1699 divina-

282 1741 482 1807 διώξει,
509 1741 650 1795 κατὰ
681 1741 935 1813 πρόνοιαν
955 1741 1012 1795 δέ
1037 1741 1193 1807 Θεοῦ,
1226 1744 1364 1815 μήτε
1384 1745 1479 1798 τοῦ
1502 1745 1668 1799 ἵππου
1697 1746 1860 1800 αὐτοῦ

1965 1752 2072 1808 que
2131 1735 2333 1790 factum
2389 1732 2734 1804 providentia
2786 1742 2891 1797 est,
2941 1740 3001 1786 ut
3047 1746 3149 1788 nec
3187 1748 3400 1803 equus,
3439 1747 3544 1789 nec

283 1834 663 1902 ἀτονήσαντος,
698 1833 834 1904 μήτε
864 1833 1030 1887 αὑτοῦ
1081 1835 1217 1905 πρὸς
1268 1834 1367 1907 τὴν
1417 1836 1737 1909 δυσχέρειαν
1766 1838 1860 1892 τοῦ

282 1925 448 1978 τόπου
479 1924 916 1996 ἀποκνήσαντος,
949 1926 1043 1979 ἐπὶ
1076 1927 1213 1980 πολὺ
1241 1927 1614 1999 καταδιώκων,
1642 1932 1859 2003 μακράν

283 2015 485 2086 εὑρέθη
514 2015 609 2069 τοῦ
636 2017 1001 2089 στρατοπέδου
1032 2018 1219 2074 αὐτοῦ.
1250 2020 1309 2073 '0
1335 2020 1391 2073 δὲ
1416 2020 1613 2091 ἔλαφος
1641 2021 1860 2092 ἔφευγε,

283 2107 490 2171 ἐκεῖνος
522 2107 579 2161 δὲ
630 2107 967 2178 παραλαϐὼν
1000 2108 1313 2181 ἀκρώρειαν
1357 2110 1583 2182 πέτρας,
1636 2111 1861 2183 μηδενὸς

286 2198 537 2262 συνόντος
569 2198 737 2270 αὐτῷ,
770 2199 899 2271 ἔστη
931 2201 1284 2271 περισκοπῶν
1321 2201 1616 2268 πάντοθεν,
1641 2203 1739 2257 καὶ
1772 2205 1861 2256 ἐν-

285 2290 421 2343 νοῶν
454 2289 591 2360 ποίῳ
622 2292 809 2363 τρόπῳ
837 2289 1072 2362 λάϐηται
1091 2294 1189 2363 τῆς
1232 2292 1433 2362 ἐλάφου
1456 2310 1469 2323 ·
1507 2292 1620 2347 ἀλλ’
1663 2295 1692 2347 6
1728 2294 1862 2348 πάν-

287 2396 448 2449 σοφος
487 2381 582 2434 καὶ
610 2383 911 2453 οἰκτίρμων
930 2382 1081 2449 Θεὸς,
1114 2385 1143 2437 6
1173 2384 1433 2447 παντοίας
1465 2384 1618 2447 ὀδοὺς
1646 2385 1739 2436 ἐπὶ
1762 2401 1865 2438 σω-

283 2472 450 2543 τηρίᾳ
473 2473 584 2527 τῶν
610 2474 914 2544 ἀνθρώπων
936 2474 1232 2546 ἐπινοήσας
1249 2515 1264 2540 ,
1298 2475 1644 2546 ἀντιοηρεύει
1675 2476 1864 2530 τοῦτον

285 2564 342 2616 ἐν
362 2566 430 2635 τῇ
460 2563 603 2636 θήρᾳ
624 2580 638 2596 ι
673 2565 770 2635 οὐχ
798 2564 870 2630 ὡς
905 2566 1205 2637 Κορνήλιον
1235 2567 1326 2621 διά
1357 2567 1587 2638 Πέτρου,
1625 2567 1740 2621 ἀλλ’
1788 2568 1864 2632 ώς

286 2654 498 2708 Παῦλον
519 2653 805 2718 διώκοντα,
823 2655 912 2709 διὰ
928 2657 1027 2724 τῆς
1049 2656 1184 2719 ἰδίας
1207 2656 1550 2725 ἐπιφανείας.
1585 2658 1709 2711 Ἐπὶ
1729 2658 1862 2712 πολὺ

285 2747 342 2799 δὲ
368 2748 603 2811 ἑστῶτος
629 2747 722 2801 τοῦ
753 2748 1016 2814 Πλακίδα,
1049 2749 1146 2803 καὶ
1175 2749 1515 2814 ἀτενίζοντος
1547 2750 1648 2821 μὲν
1674 2751 1754 2814 εἰς
1774 2750 1864 2804 τὸν

284 2839 499 2908 ἔλαφον,
525 2838 899 2909 θαυμάζοντος
937 2838 995 2892 δὲ
1026 2839 1192 2893 αὐτοῦ
1226 2839 1286 2893 τὸ
1322 2839 1573 2910 μέγεθος,
1603 2839 1698 2893 καὶ
1721 2840 1866 2911 ἀμη-

286 2930 573 3003 χανοῦντος
602 2931 732 3002 περὶ
759 2931 859 3002 τὴν
885 2930 1167 3001 σύλληψιν,
1199 2930 1439 2985 δείκνυσι
1471 2932 1675 3001 Κύριος
1703 2931 1866 3003 τερά⁴

287 3025 434 3079 στιόν
462 3043 515 3079 τι
548 3023 809 3089 τοιοῦτον,
842 3025 943 3078 οὐκ
971 3024 1219 3087 ἀπεικὸς,
1246 3023 1367 3077 οὐδὲ
1394 3024 1723 3095 ύπερϐαῖνον
1762 3025 1865 3095 τῆς

287 3115 452 3170 αὐτοῦ
474 3115 760 3185 δυνάμεως
785 3114 847 3170 τὸ
890 3115 1122 3185 μέγεθος
1147 3129 1162 3145 ⁸
1218 3113 1336 3169 ἀλλ’
1380 3113 1568 3186 ὥσπερ
1621 3114 1715 3167 ἐπὶ
1766 3114 1861 3167 τοῦ

285 3206 517 3277 Βαλαὰμ
536 3206 694 3276 λόγον
721 3204 897 3270 ἐνθεὶς
930 3206 997 3275 τῇ
1031 3206 1159 3275 ὄνῳ,
1191 3204 1417 3277 ἦλεγξεν
1438 3205 1604 3260 αὐτοῦ
1629 3204 1728 3277 τὴν
1750 3205 1865 3260 διά-

286 3312 459 3360 νοιαν,
493 3294 636 3349 οὓτω
692 3294 788 3349 καὶ
832 3292 1064 3347 ἐνταῦθα
1110 3294 1349 3349 δείκνυσι
1375 3298 1569 3365 τούτῳ.
1608 3294 1735 3349 Ἐπὶ
1764 3294 1864 3366 μὲν

286 3386 532 3459 κεράτων
555 3383 650 3439 τοῦ
690 3383 894 3453 ἐλάφου
938 3384 1031 3437 τὸν
1075 3384 1246 3438 τύπον
1274 3383 1368 3438 τοῦ
1408 3385 1565 3453 ἁγίου
1602 3385 1860 3457 σταυροῦ,

288 3476 430 3547 ὑπὲρ
461 3476 560 3547 τὴν
592 3475 953 3546 λαμπρότητα
971 3473 1067 3529 τοῦ
1101 3474 1253 3545 ήλίου
1284 3474 1590 3544 λάμποντα,
1618 3476 1782 3546 μέσον
1806 3477 1863 3530 δὲ

285 3568 395 3624 τῶν
419 3568 668 3638 κεράτων
691 3565 789 3639 τὴν
812 3568 998 3621 εἰκόνα
1044 3565 1140 3619 τοῦ
1172 3565 1433 3637 θεοφόρου
1488 3564 1761 3638 σώματος,
1800 3561 1863 3623 οῦ

286 3657 375 3711 διὰ
410 3658 510 3728 τὴν
551 3656 829 3727 ἡμετέραν
864 3656 1138 3727 σωτηρίαν
1183 3656 1476 3711 ἀναλαϐεῖν
1516 3657 1861 3725 κατεδέξατο,

292 3749 384 3803 καὶ
410 3748 595 3819 φωνὴν
621 3747 970 3819 ἀνθρωπίνην
998 3746 1173 3811 ἐνθεὶς
1210 3750 1276 3819 τῇ
1304 3748 1511 3821 ἐλάφῳ,
1534 3749 1864 3821 προσκαλεῖ-

287 3858 378 3895 ται
404 3839 496 3894 τὸν
532 3839 803 3894 Πλακίδαν
821 3878 838 3905 ,
898 3837 1100 3908 λέγων·
1128 3834 1200 3891 Ὦ
1228 3840 1501 3904 Πλακίδα,
1529 3840 1583 3895 τί
1641 3859 1708 3914 με
1737 3842 1862 3897 διώ-

290 3949 446 3999 κεις;
478 3930 585 3984 ἰδοὺ
620 3929 805 3984 ἕνεκέν
831 3947 923 3984 σου
956 3930 1161 4000 παρῆν,
1197 3931 1293 3985 καὶ
1321 3932 1378 3984 ὲν
1419 3932 1497 4003 τῷ
1531 3931 1656 4005 ζώῳ
1686 3935 1863 4007 τούτῳ

289 4023 478 4093 ὤφθην
510 4039 611 4077 σοι.
652 4020 793 4090 Ἐγώ
830 4022 947 4092 είμι
991 4021 1198 4093 Ἰησοῦς
1231 4023 1259 4075 6
1287 4023 1540 4094 Χριστὸς,
1575 4025 1635 4078 ὃν
1654 4027 1863 4096 ἀγνοῶν

292 4114 444 4185 σέϐῃ.
474 4115 540 4166 Ai
569 4113 677 4185 γὰρ
708 4113 949 4168 εὐποιίαι
970 4130 1087 4181 σου,
1109 4114 1175 4177 ἀς
1211 4113 1275 4168 σὺ
1300 4118 1474 4180 ποιεῖς
1500 4118 1580 4181 εἰς
1612 4119 1737 4182 τοὺς
1756 4119 1865 4173 δεο‹

292 4205 507 4276 μένους,
538 4205 890 4275 παρέστησαν
923 4202 1153 4258 ἐνώπιόν
1186 4223 1290 4276 μου
1310 4246 1324 4271 ,
1362 4208 1455 4261 καὶ
1478 4204 1641 4279 ἦλθον
1686 4211 1864 4282 ἐμφα-

290 4294 435 4348 νίσαι
470 4310 556 4347 σοι
592 4292 828 4363 ἐμαυτὸν
858 4292 945 4345 διὰ
983 4291 1078 4346 τοῦ
1102 4293 1300 4363 ἐλάφου
1330 4293 1545 4361 τούτου,
1569 4296 1663 4349 καὶ
1710 4298 1862 4350 ἀντι-

289 4384 571 4457 ζωγρῆσαί
603 4401 686 4450 σε,
734 4384 828 4438 καὶ
880 4386 1097 4456 συσχεῖν
1122 4387 1235 4448 τοῖς
1272 4385 1508 4450 δικτύοις
1534 4387 1633 4459 τῆς
1671 4388 1858 4458 φιλαν-
1884 4420 1935 4481 D

291 4475 537 4549 Ορωπίας
588 4492 712 4545 μου.
742 4476 815 4530 Οὐ
850 4476 954 4547 γάρ
986 4477 1102 4531 ἐστι
1138 4477 1368 4543 δίκαιον,
1416 4479 1510 4533 τὸν
1538 4480 1663 4551 ἐμοὶ
1692 4498 1860 4553 προσ-

292 4568 422 4639 φιλῆ
465 4566 553 4623 διά
603 4566 713 4620 τῶν
762 4566 985 4635 ἀγαθῶν
1035 4567 1234 4639 ἔργων,
1288 4569 1560 4624 δουλεύειν
1612 4571 1863 4642 δαίμοσιν

292 4656 623 4728 ἀκαθάρτοις
651 4656 745 4711 καὶ
768 4655 1008 4721 εἰδώλοις
1030 4661 1242 4727 νεκροῖς
1266 4659 1363 4713 καὶ
1385 4662 1606 4729 κωφοῖς.
1632 4662 1733 4716 Διά
1754 4664 1863 4735 γάρ

290 4743 451 4799 τοῦτο
475 4743 638 4819 ἦλθον
669 4749 763 4802 ἐπὶ
789 4748 893 4817 γῆς
922 4751 979 4802 ἐν
1009 4748 1087 4820 τῷ
1114 4749 1245 4803 εῖδει
1272 4753 1467 4823 τούτῳ,
1508 4746 1552 4822 ᾧ
1580 4753 1674 4809 νῦν
1707 4757 1861 4828 ὁρᾷς,

296 4839 466 4896 σῶσαι
494 4842 664 4897 θέλων
696 4843 759 4897 τὸ
784 4841 893 4897 τῶν
916 4842 1220 4915 ἀνθρώπων
1260 4847 1434 4914 γένος.
1485 4866 1504 4899 ι
1568 4840 1579 4851 ’

248 5170 251 5173 δ
297 5099 412 5158 Τοῦ
432 5101 606 5175 ἁγίου
627 5105 911 5181 Λεοντίου
931 5107 1293 5181 μιξέαςτότλεως
1316 5106 1424 5175 τῆς
1444 5109 1728 5181 Κυπρίων
1757 5112 1857 5181 νή,

573 5189 711 5241 σου,
739 5176 884 5242 πρὸς
931 5176 1280 5243 Ἰουδαίους,
1306 5184 1348 5230 ε’
1375 5176 1581 5249 λόγου,

369 5279 390 5315 σ
433 5262 569 5337 Φέρε
618 5263 681 5335 δὴ
732 5265 937 5329 λοιπὸν,
979 5268 1117 5339 φέρε
1152 5270 1471 5341 προθύμως,
1506 5275 1599 5328 καὶ
1636 5275 1733 5348 τὴν
1764 5278 1861 5348 τῆς

295 5354 653 5419 ἐκτυπώσεως
676 5357 785 5409 τῶν
809 5360 1019 5413 σεπτῶν
1046 5363 1270 5416 εἰκόνων
1294 5365 1589 5435 ἀπολογίαν
1625 5372 1863 5442 ποιησώ-

297 5444 457 5511 μεθα,
488 5446 633 5510 ὅπως
668 5448 1025 5521 ἐμφρασθῶσι
1073 5453 1315 5524 στόματα
1358 5455 1595 5527 ἀνόμων,
1636 5459 1861 5515 λαλούν-

295 5550 404 5589 των
450 5534 637 5590 άδικα’
672 5538 867 5610 νομικὴ
907 5541 1015 5612 γάρ
1044 5543 1182 5615 α’ύτη
1220 5546 1253 5615 ή
1283 5547 1601 5617 παράδοσις,
1633 5551 1726 5606 καὶ
1763 5554 1860 5625 ούχ

369 5660 414 5693 ³⁸
432 5674 595 5730 Num.
625 5691 755 5744 χχιι,
789 5677 878 5734 9.8.

1963 1828 2198 1899 ipsemet
2234 1827 2531 1897 asperitate
2565 1824 2810 1879 locorum
2854 1821 3209 1890 fatiscerent;
3240 1832 3293 1878 et
3318 1839 3542 1879 cervum

1965 1919 2175 1976 diutius
2193 1918 2533 1989 adurgendo,
2566 1915 2755 1987 procul
2788 1931 2847 1970 se
2876 1916 2943 1970 ab
2972 1917 3218 1973 exercitu
3242 1916 3543 1973 recessisse

1964 2011 2127 2082 373
2182 2009 2588 2065 animadvertit.
2645 2007 2816 2062 Porro
2865 2006 3108 2078 fugiente
3167 2022 3355 2073 cervo,
3412 2022 3539 2062 cum

1964 2103 2152 2157 nullus
2180 2101 2444 2157 comitum
2490 2099 2731 2165 adesset,
2763 2106 2933 2168 petrae
2970 2099 3233 2154 verticem
3277 2113 3543 2153 conscen-

1964 2196 2065 2260 dit,
2122 2204 2237 2249 tum
2275 2193 2761 2263 circumaspicere,
2795 2205 3096 2261 secumque
3141 2190 3405 2261 cogitare,
3430 2205 3541 2261 quo

1963 2285 2185 2343 tandem
2217 2293 2377 2355 pacto
2415 2283 2653 2354 praedam
2687 2294 3045 2352 assequatur.
3081 2281 3151 2336 At
3192 2281 3542 2353 sapientissi-

1965 2392 2090 2433 mus
2138 2376 2715 2444 clementissimusque
2754 2371 2929 2439 Deus,
2965 2372 3058 2441 qui
3089 2372 3269 2427 nullas
3308 2389 3417 2427 non
3447 2388 3541 2428 ex-

1966 2468 2169 2540 cogitat
2217 2470 2354 2533 vias,
2391 2454 2595 2537 quibus
2635 2464 2700 2519 ad
2749 2465 2985 2519 salutem
3031 2462 3286 2518 homines
3337 2463 3541 2526 ducat,

1966 2560 2116 2615 hunc
2166 2558 2221 2612 in
2274 2559 2508 2628 ipsamet
2559 2555 2850 2611 venatione
2907 2561 3140 2608 venatur
3187 2572 3200 2609 :
3243 2569 3353 2608 non
3397 2552 3543 2608 Petri

1966 2665 2161 2721 opera;
2195 2658 2257 2704 ut
2304 2650 2434 2703 olim
2471 2648 2815 2713 Cornelium,
2846 2647 3022 2717 magis
3058 2654 3241 2700 autem
3282 2645 3364 2699 uti
3411 2660 3542 2714 per-

1967 2749 2273 2797 secutorem
2301 2738 2553 2804 I’aulttm,
2583 2739 2798 2810 objecta
2824 2754 2923 2794 sua
2957 2738 3164 2808 specie.
3196 2734 3384 2806 Itaque
3413 2751 3545 2792 con-

1967 2834 2180 2887 sistenti
2214 2832 2305 2886 diu
2333 2830 2587 2897 Placidia,
2612 2834 2873 2901 cervique
2902 2829 3287 2899 proceritatem
3315 2829 3544 2886 intentis

1967 2922 2143 2978 oculis
2175 2920 2489 2986 demiranti,
2526 2936 2650 2976 cum
2687 2920 2837 2976 illius
2872 2918 3125 2989 capiendi
3161 2919 3311 2974 nulla
3335 2921 3421 2974 via
3445 2934 3543 2974 oc-

1968 3023 2236 3080 curreret,
2293 3012 2571 3083 ejusmodi
2632 3018 2951 3082 portentum
3014 3011 3277 3066 Dominus
3349 3009 3542 3076 edidit,

1964 3104 2109 3175 quod
2137 3103 2359 3174 quidem
2393 3104 2529 3157 nihil
2558 3103 2812 3159 absimile
2839 3102 2953 3159 veri
2975 3113 3078 3169 est,
3112 3116 3213 3157 nec
3243 3101 3417 3171 ipsius
3443 3116 3543 3172 po-

1964 3197 2148 3252 tentiaa
2181 3195 2615 3266 magnitudinem
2655 3195 2890 3251 evcedit.
2927 3193 3056 3261 Sed,
3080 3196 3543 3265 quemadmodum

1965 3286 2137 3343 asinte
2169 3286 2387 3340 Balaam
2443 3285 2697 3356 loquendi
2753 3286 2926 3341 indita
2958 3284 3217 3341 facultate
3255 3286 3325 3354 ",
3353 3300 3419 3341 ea
3450 3300 3545 3340 ar-

1964 3381 2101 3452 guit,
2137 3394 2257 3449 quae
2288 3386 2442 3433 vates
2473 3379 2659 3433 animo
2689 3379 2968 3444 versabat,
3000 3378 3294 3435 consimile
3334 3379 3542 3449 aliquid

1964 3479 2097 3525 tunc
2124 3470 2285 3523 etiam
2314 3467 2390 3522 illi
2432 3469 2780 3525 monstravit.
2805 3468 2862 3522 ln
2886 3469 3031 3523 cervi
3057 3471 3317 3527 cornibus
3338 3480 3543 3528 sancta:

1964 3560 2147 3615 crucis
2182 3559 2302 3628 ipso
2333 3559 2448 3614 sole
2475 3557 2636 3628 longe
2662 3558 3050 3628 fulgentiorem
3092 3559 3346 3630 ﬁguram,
3377 3571 3541 3633 atque

1964 3652 2108 3706 inter
2136 3664 2344 3705 cornua
2375 3648 2545 3704 divini
2587 3649 2674 3704 sui
2710 3649 2988 3719 corporis,
3036 3652 3184 3721 quod
3218 3667 3317 3721 pro
3350 3662 3541 3710 nostra

1964 3742 2144 3798 salute
2175 3755 2397 3797 sumere
2442 3738 2704 3808 dignatus
2734 3746 2839 3806 est,
2882 3739 3110 3812 elligiem
3154 3742 3416 3811 ostendit;
3453 3743 3540 3799 in-

1962 3834 2189 3903 ditaque
2223 3846 2387 3887 cervo
2420 3845 2555 3886 voce
2588 3829 2852 3899 humana,
2898 3830 2985 3887 his
3036 3830 3317 3889 Placidam
3353 3835 3538 3891 verbis

1963 3922 2260 3994 compellat
2300 3940 2313 3977 :
2350 3918 2493 3987 Quid
2543 3936 2630 3977 me
2689 3924 3074 3992 persequeris,
3132 3923 3397 3982 Placida?
3457 3927 3538 3983 En

1965 4016 2043 4070 tui
2073 4030 2243 4070 causa
2273 4014 2520 4079 aderam,
2564 4028 2762 4083 meque
2795 4014 2891 4069 tibi
2926 4014 3029 4070 hoc
3059 4016 3112 4069 in
3149 4017 3370 4073 animali
3402 4034 3537 4075 cou-

1964 4107 2304 4180 spiciendum
2338 4105 2565 4177 praebui.
2593 4105 2703 4174 Ego
2730 4122 2851 4162 sum
2884 4105 3046 4164 Jesus
3069 4107 3347 4177 Christus,
3377 4126 3538 4181 quem

1964 4203 2227 4273 ignorans
2256 4200 2413 4256 colis.
2442 4196 2559 4253 Tua
2591 4212 2721 4269 erga
2752 4213 3029 4269 pauperes
3078 4200 3256 4256 cilicia
3302 4216 3540 4274 conspe-

1964 4294 2078 4350 ctui
2145 4307 2267 4349 meo
2301 4289 2595 4363 praesentia
2658 4288 2902 4345 luerunt.
2969 4290 3339 4357 Quamobrem
3393 4294 3539 4352 istuc

1964 4386 2108 4449 veni,
2140 4392 2195 4439 ut
2246 4400 2344 4454 per
2387 4384 2536 4440 hunc
2577 4399 2799 4440 cervum
2849 4401 2933 4440 me
2987 4386 3353 4455 patefacerem
3415 4389 3537 4456 tibi,

1963 4486 2123 4549 teque
2176 4476 2425 4533 vicissim
2478 4485 2681 4532 venatu
2730 4478 3276 4549 comprehenderem,
3324 4489 3379 4537 et
3425 4483 3541 4537 cle-

1962 4570 2181 4626 mentiae
2219 4585 2352 4625 mete
2377 4569 2633 4639 indagine
2668 4569 2968 4644 cingerem.
2994 4571 3103 4627 Nec
3136 4573 3281 4629 enim
3321 4590 3536 4646 aequum

1962 4659 2151 4726 fuerit,
2188 4668 2247 4715 ut
2275 4676 2435 4731 quem
2463 4660 2532 4716 ob
2571 4670 2723 4717 recte
2757 4663 3035 4733 probeque
3069 4662 3213 4719 facta
3245 4664 3436 4737 diligo,
3491 4667 3537 4723 is

1965 4754 2309 4810 daemonibus
2344 4754 2600 4824 impuris,
2651 4755 2993 4826 mortuisque
3026 4762 3081 4810 et
3130 4755 3319 4813 surdis
3358 4758 3536 4813 simu-

1965 4845 2132 4902 lacris
2176 4846 2399 4902 serviat.
2448 4844 2659 4900 Idcirco
2704 4846 2910 4916 quippe
2940 4847 3007 4902 ad
3040 4854 3241 4911 terras,
3272 4860 3334 4904 ea
3371 4862 3534 4919 quam

1964 4936 2148 4994 cernis
2198 4937 2381 5008 specie
2430 4937 2580 5004 veni,
2622 4946 2683 4992 ut
2731 4936 2917 5007 generi
2970 4938 3255 4995 hominum
3303 4940 3536 4997 salutem

1966 5030 2239 5086 all‘errem.
2281 5049 2302 5084 ι

1969 5122 2154 5179 Sancti
2204 5121 2408 5178 Leontii
2456 5120 2723 5195 Δζλῖειιροίὶε
2737 5121 2790 5174 in
2823 5121 2998 5195 Cypro
3022 5122 3207 5195 insula
3237 5121 3536 5195 [episcopi],

2348 5207 2415 5246 ea:
2447 5191 2581 5247 libro
2613 5210 2645 5248 v
2684 5191 2882 5246 Contra
2903 5191 3158 5247 'Judwos.

2040 5304 2057 5337 ι
2099 5284 2345 5356 Agedum
2392 5282 2694 5355 deinceps,
2737 5298 2834 5354 age
2862 5281 2976 5352 jam
3010 5297 3167 5354 atque
3218 5281 3405 5337 animo
3442 5298 3530 5336 ve-

1962 5375 2287 5431 nerabilium
2337 5373 2638 5443 imaginum
2692 5372 3067 5427 defensionem
3121 5371 3531 5443 aggrediamur,

1960 5475 2020 5523 ut
2053 5468 2416 5524 obstruantur
2456 5480 2551 5520 ora
2597 5464 2939 5534 loquentium
2973 5464 3189 5535 iniqua.
3234 5463 3353 5521 Non
3385 5462 3534 5517 enim

1969 5558 2255 5620 inventum
2297 5566 2546 5615 nostrum
2582 5557 2716 5613 illud
2743 5564 2848 5623 est,
2883 5557 2977 5615 sed
3004 5557 3139 5628 legis
3168 5556 3351 5627 potius
3379 5554 3539 5614 msti-
