  <div class='ocr_page' id='page_1' title='image "/cluster/home/n/w/nwhite01/storage/ocr_20150623/94/hvd.32044052838174/903.png"; bbox 0 0 3986 6346; ppageno 0'>
   <div class='ocr_carea' id='block_1_1' title="bbox 473 279 610 350">
    <p class='ocr_par' dir='ltr' id='par_1_1' title="bbox 473 279 610 350">
     <span class='ocr_line' id='line_1_1' title="bbox 473 279 610 350; baseline 0.029 -4"><span class='ocrx_word' id='word_1_1' title='bbox 473 279 610 350; x_wconf 80' lang='lat'><strong>1383</strong></span> 
     </span>
    </p>
   </div>
   <div class='ocr_carea' id='block_1_2' title="bbox 482 571 2047 644">
    <p class='ocr_par' dir='ltr' id='par_1_2' title="bbox 482 571 2047 644">
     <span class='ocr_line' id='line_1_2' title="bbox 482 571 2047 644; baseline -0.001 -14"><span class='ocrx_word' id='word_1_2' title='bbox 482 572 898 642; x_wconf 87' lang='lat' dir='ltr'><strong>conllatilesque</strong></span> <span class='ocrx_word' id='word_1_3' title='bbox 943 571 1304 638; x_wconf 80' lang='lat' dir='ltr'><strong>fabrefaciat,</strong></span> <span class='ocrx_word' id='word_1_4' title='bbox 1355 572 1554 642; x_wconf 88' lang='lat' dir='ltr'><strong>quibus</strong></span> <span class='ocrx_word' id='word_1_5' title='bbox 1608 574 2047 644; x_wconf 86' lang='lat' dir='ltr'><strong>prepitiatorium</strong></span> 
     </span>
    </p>
   </div>
   <div class='ocr_carea' id='block_1_3' title="bbox 471 663 2046 735">
    <p class='ocr_par' dir='ltr' id='par_1_3' title="bbox 471 663 2046 735">
     <span class='ocr_line' id='line_1_3' title="bbox 471 663 2046 735; baseline 0 -15"><span class='ocrx_word' id='word_1_6' title='bbox 471 665 920 720; x_wconf 88' lang='lat' dir='ltr'><strong>obumbraretur.</strong></span> <span class='ocrx_word' id='word_1_7' title='bbox 962 663 1200 730; x_wconf 68' lang='lat' dir='ltr'><strong>Adhazc,</strong></span> <span class='ocrx_word' id='word_1_8' title='bbox 1243 665 1508 735; x_wconf 79' lang='lat' dir='ltr'><strong>templum</strong></span> <span class='ocrx_word' id='word_1_9' title='bbox 1575 663 1845 721; x_wconf 85' lang='lat' dir='ltr'><strong>Ezechieli</strong></span> <span class='ocrx_word' id='word_1_10' title='bbox 1902 663 2046 720; x_wconf 84' lang='lat' dir='ltr'><strong>Deus</strong></span> 
     </span>
    </p>
   </div>
   <div class='ocr_carea' id='block_1_4' title="bbox 471 741 2050 826">
    <p class='ocr_par' dir='ltr' id='par_1_4' title="bbox 471 741 2050 826">
     <span class='ocr_line' id='line_1_4' title="bbox 471 741 2050 826; baseline -0.003 -12"><span class='ocrx_word' id='word_1_11' title='bbox 471 755 734 820; x_wconf 75' lang='lat' dir='ltr'><strong>ostendit,</strong></span> <span class='ocrx_word' id='word_1_12' title='bbox 790 755 938 826; x_wconf 86' lang='lat' dir='ltr'><strong>quod</strong></span> <span class='ocrx_word' id='word_1_13' title='bbox 990 770 1020 809; x_wconf 92' lang='lat' dir='ltr'><strong>a</strong></span> <span class='ocrx_word' id='word_1_14' title='bbox 1069 756 1381 826; x_wconf 88' lang='lat' dir='ltr'><strong>pavimento</strong></span> <span class='ocrx_word' id='word_1_15' title='bbox 1429 756 1494 810; x_wconf 90' lang='lat' dir='ltr'><strong>ad</strong></span> <span class='ocrx_word' id='word_1_16' title='bbox 1553 741 1829 825; x_wconf 86' lang='lat' dir='ltr'><strong>laquearis</strong></span> <span class='ocrx_word' id='word_1_17' title='bbox 1889 755 2050 811; x_wconf 70' lang='lat' dir='ltr'><strong>fasti.</strong></span> 
     </span>
    </p>
   </div>
   <div class='ocr_carea' id='block_1_5' title="bbox 471 847 2043 922">
    <p class='ocr_par' dir='ltr' id='par_1_5' title="bbox 471 847 2043 922">
     <span class='ocr_line' id='line_1_5' title="bbox 471 847 2043 922; baseline -0.001 -18"><span class='ocrx_word' id='word_1_18' title='bbox 471 850 643 922; x_wconf 81' lang='lat' dir='ltr'><strong>gium,</strong></span> <span class='ocrx_word' id='word_1_19' title='bbox 675 847 966 918; x_wconf 88' lang='lat' dir='ltr'><strong>sculptiles</strong></span> <span class='ocrx_word' id='word_1_20' title='bbox 999 848 1243 915; x_wconf 92' lang='lat' dir='ltr'><strong>leonum,</strong></span> <span class='ocrx_word' id='word_1_21' title='bbox 1274 849 1600 918; x_wconf 88' lang='lat' dir='ltr'><strong>palmarum,</strong></span> <span class='ocrx_word' id='word_1_22' title='bbox 1624 848 2043 919; x_wconf 83' lang='lat' dir='ltr'><strong>hominumque,</strong></span> 
     </span>
    </p>
   </div>
   <div class='ocr_carea' id='block_1_6' title="bbox 470 941 2049 1012">
    <p class='ocr_par' dir='ltr' id='par_1_6' title="bbox 470 941 2049 1012">
     <span class='ocr_line' id='line_1_6' title="bbox 470 941 2049 1012; baseline -0.002 -12"><span class='ocrx_word' id='word_1_23' title='bbox 470 952 524 1000; x_wconf 90' lang='lat' dir='ltr'><strong>et</strong></span> <span class='ocrx_word' id='word_1_24' title='bbox 551 941 849 997; x_wconf 90' lang='lat' dir='ltr'><strong>Cherubim</strong></span> <span class='ocrx_word' id='word_1_25' title='bbox 881 941 1048 997; x_wconf 81' lang='lat' dir='ltr'><strong>facies</strong></span> <span class='ocrx_word' id='word_1_26' title='bbox 1078 941 1342 998; x_wconf 89' lang='lat' dir='ltr'><strong>habuisse</strong></span> <span class='ocrx_word' id='word_1_27' title='bbox 1372 942 1527 998; x_wconf 91' lang='lat' dir='ltr'><strong>dicit.</strong></span> <span class='ocrx_word' id='word_1_28' title='bbox 1547 941 1840 998; x_wconf 83' lang='lat' dir='ltr'><strong>Terribilis</strong></span> <span class='ocrx_word' id='word_1_29' title='bbox 1866 944 2049 1012; x_wconf 87' lang='lat' dir='ltr'><strong>reipsa</strong></span> 
     </span>
    </p>
   </div>
   <div class='ocr_carea' id='block_1_7' title="bbox 473 1032 2048 1102">
    <p class='ocr_par' dir='ltr' id='par_1_7' title="bbox 473 1032 2048 1102">
     <span class='ocr_line' id='line_1_7' title="bbox 473 1032 2048 1102; baseline 0 -14"><span class='ocrx_word' id='word_1_30' title='bbox 473 1035 561 1088; x_wconf 92' lang='lat' dir='ltr'><strong>hic</strong></span> <span class='ocrx_word' id='word_1_31' title='bbox 609 1049 792 1089; x_wconf 84' lang='lat' dir='ltr'><strong>sermo</strong></span> <span class='ocrx_word' id='word_1_32' title='bbox 839 1041 946 1087; x_wconf 89' lang='lat' dir='ltr'><strong>est.</strong></span> <span class='ocrx_word' id='word_1_33' title='bbox 993 1034 1134 1087; x_wconf 88' lang='lat' dir='ltr'><strong>Deus</strong></span> <span class='ocrx_word' id='word_1_34' title='bbox 1181 1035 1277 1102; x_wconf 88' lang='lat' dir='ltr'><strong>qui</strong></span> <span class='ocrx_word' id='word_1_35' title='bbox 1327 1032 1515 1088; x_wconf 88' lang='lat' dir='ltr'><strong>lsraeli</strong></span> <span class='ocrx_word' id='word_1_36' title='bbox 1571 1033 1830 1102; x_wconf 82' lang='lat' dir='ltr'><strong>injuuxit,</strong></span> <span class='ocrx_word' id='word_1_37' title='bbox 1865 1049 1935 1088; x_wconf 91' lang='lat' dir='ltr'><strong>ne</strong></span> <span class='ocrx_word' id='word_1_38' title='bbox 1969 1032 2048 1088; x_wconf 87' lang='lat' dir='ltr'><strong>rei</strong></span> 
     </span>
    </p>
   </div>
   <div class='ocr_carea' id='block_1_8' title="bbox 471 1123 2048 1194">
    <p class='ocr_par' dir='ltr' id='par_1_8' title="bbox 471 1123 2048 1194">
     <span class='ocr_line' id='line_1_8' title="bbox 471 1123 2048 1194; baseline -0.001 -14"><span class='ocrx_word' id='word_1_39' title='bbox 471 1126 660 1189; x_wconf 85' lang='lat' dir='ltr'><strong>ullius,</strong></span> <span class='ocrx_word' id='word_1_40' title='bbox 691 1124 805 1178; x_wconf 88' lang='lat' dir='ltr'><strong>sive</strong></span> <span class='ocrx_word' id='word_1_41' title='bbox 835 1139 956 1192; x_wconf 83' lang='lat' dir='ltr'><strong>quae</strong></span> <span class='ocrx_word' id='word_1_42' title='bbox 991 1123 1045 1176; x_wconf 93' lang='lat' dir='ltr'><strong>in</strong></span> <span class='ocrx_word' id='word_1_43' title='bbox 1077 1123 1256 1188; x_wconf 73' lang='lat' dir='ltr'><strong>caelis,</strong></span> <span class='ocrx_word' id='word_1_44' title='bbox 1289 1124 1404 1179; x_wconf 86' lang='lat' dir='ltr'><strong>sive</strong></span> <span class='ocrx_word' id='word_1_45' title='bbox 1438 1139 1560 1194; x_wconf 68' lang='lat' dir='ltr'><strong>qua:</strong></span> <span class='ocrx_word' id='word_1_46' title='bbox 1594 1125 1645 1178; x_wconf 92' lang='lat' dir='ltr'><strong>in</strong></span> <span class='ocrx_word' id='word_1_47' title='bbox 1680 1132 1828 1179; x_wconf 90' lang='lat' dir='ltr'><strong>terra</strong></span> <span class='ocrx_word' id='word_1_48' title='bbox 1855 1125 2048 1189; x_wconf 85' lang='lat' dir='ltr'><strong>fuerit,</strong></span> 
     </span>
    </p>
   </div>
   <div class='ocr_carea' id='block_1_9' title="bbox 473 1213 2051 1285">
    <p class='ocr_par' dir='ltr' id='par_1_9' title="bbox 473 1213 2051 1285">
     <span class='ocr_line' id='line_1_9' title="bbox 473 1213 2051 1285; baseline 0.001 -15"><span class='ocrx_word' id='word_1_49' title='bbox 473 1215 732 1284; x_wconf 79' lang='lat' dir='ltr'><strong>sculptile</strong></span> <span class='ocrx_word' id='word_1_50' title='bbox 753 1214 1073 1285; x_wconf 81' lang='lat' dir='ltr'><strong>quodpiam,</strong></span> <span class='ocrx_word' id='word_1_51' title='bbox 1108 1223 1204 1268; x_wconf 88' lang='lat' dir='ltr'><strong>aut</strong></span> <span class='ocrx_word' id='word_1_52' title='bbox 1234 1213 1528 1284; x_wconf 88' lang='lat' dir='ltr'><strong>imaginem</strong></span> <span class='ocrx_word' id='word_1_53' title='bbox 1567 1214 2051 1271; x_wconf 85' lang='lat' dir='ltr'><strong>similitudinemve</strong></span> 
     </span>
    </p>
   </div>
   <div class='ocr_carea' id='block_1_10' title="bbox 474 1304 2050 1377">
    <p class='ocr_par' dir='ltr' id='par_1_10' title="bbox 474 1304 2050 1377">
     <span class='ocr_line' id='line_1_10' title="bbox 474 1304 2050 1377; baseline 0.002 -19"><span class='ocrx_word' id='word_1_54' title='bbox 474 1304 702 1372; x_wconf 83' lang='lat' dir='ltr'><strong>faceret,</strong></span> <span class='ocrx_word' id='word_1_55' title='bbox 756 1306 873 1375; x_wconf 90' lang='lat' dir='ltr'><strong>ipse</strong></span> <span class='ocrx_word' id='word_1_56' title='bbox 923 1304 1094 1376; x_wconf 82' lang='lat' dir='ltr'><strong>Moysi</strong></span> <span class='ocrx_word' id='word_1_57' title='bbox 1134 1305 1402 1375; x_wconf 77' lang='lat' dir='ltr'><strong>praeripit,</strong></span> <span class='ocrx_word' id='word_1_58' title='bbox 1438 1314 1497 1360; x_wconf 92' lang='lat' dir='ltr'><strong>ut</strong></span> <span class='ocrx_word' id='word_1_59' title='bbox 1530 1307 1748 1377; x_wconf 89' lang='lat' dir='ltr'><strong>sculpta</strong></span> <span class='ocrx_word' id='word_1_60' title='bbox 1796 1307 2050 1361; x_wconf 88' lang='lat' dir='ltr'><strong>animan-</strong></span> 
     </span>
    </p>
   </div>
   <div class='ocr_carea' id='block_1_11' title="bbox 473 1396 2050 1466">
    <p class='ocr_par' dir='ltr' id='par_1_11' title="bbox 473 1396 2050 1466">
     <span class='ocr_line' id='line_1_11' title="bbox 473 1396 2050 1466; baseline 0.003 -16"><span class='ocrx_word' id='word_1_61' title='bbox 473 1398 569 1458; x_wconf 85' lang='lat' dir='ltr'><strong>tia,</strong></span> <span class='ocrx_word' id='word_1_62' title='bbox 625 1397 948 1462; x_wconf 88' lang='lat' dir='ltr'><strong>Cherubim,</strong></span> <span class='ocrx_word' id='word_1_63' title='bbox 1001 1397 1249 1466; x_wconf 89' lang='lat' dir='ltr'><strong>inquam,</strong></span> <span class='ocrx_word' id='word_1_64' title='bbox 1308 1396 1558 1452; x_wconf 81' lang='lat' dir='ltr'><strong>fabricet.</strong></span> <span class='ocrx_word' id='word_1_65' title='bbox 1606 1397 1865 1466; x_wconf 87' lang='lat' dir='ltr'><strong>Quinimo</strong></span> <span class='ocrx_word' id='word_1_66' title='bbox 1913 1399 2050 1455; x_wconf 80' lang='lat' dir='ltr'><strong>Eze~</strong></span> 
     </span>
    </p>
   </div>
   <div class='ocr_carea' id='block_1_12' title="bbox 471 1487 2052 1563">
    <p class='ocr_par' dir='ltr' id='par_1_12' title="bbox 471 1487 2052 1563">
     <span class='ocr_line' id='line_1_12' title="bbox 471 1487 2052 1563; baseline 0.004 -21"><span class='ocrx_word' id='word_1_67' title='bbox 471 1487 635 1543; x_wconf 92' lang='lat' dir='ltr'><strong>chieli</strong></span> <span class='ocrx_word' id='word_1_68' title='bbox 670 1489 929 1558; x_wconf 87' lang='lat' dir='ltr'><strong>templum</strong></span> <span class='ocrx_word' id='word_1_69' title='bbox 976 1495 1269 1553; x_wconf 87' lang='lat' dir='ltr'><strong>monstrat,</strong></span> <span class='ocrx_word' id='word_1_70' title='bbox 1315 1488 1668 1560; x_wconf 83' lang='lat' dir='ltr'><strong>imaginibus,</strong></span> <span class='ocrx_word' id='word_1_71' title='bbox 1714 1491 2052 1563; x_wconf 83' lang='lat' dir='ltr'><strong>sculptisque</strong></span> 
     </span>
    </p>
   </div>
   <div class='ocr_carea' id='block_1_13' title="bbox 472 1575 2050 1645">
    <p class='ocr_par' dir='ltr' id='par_1_13' title="bbox 472 1575 2050 1645">
     <span class='ocr_line' id='line_1_13' title="bbox 472 1575 2050 1645; baseline 0.006 -17"><span class='ocrx_word' id='word_1_72' title='bbox 472 1575 712 1641; x_wconf 88' lang='lat' dir='ltr'><strong>leonum,</strong></span> <span class='ocrx_word' id='word_1_73' title='bbox 774 1575 1106 1645; x_wconf 89' lang='lat' dir='ltr'><strong>palmarum,</strong></span> <span class='ocrx_word' id='word_1_74' title='bbox 1153 1587 1207 1632; x_wconf 90' lang='lat' dir='ltr'><strong>et</strong></span> <span class='ocrx_word' id='word_1_75' title='bbox 1255 1578 1542 1632; x_wconf 90' lang='lat' dir='ltr'><strong>hominum</strong></span> <span class='ocrx_word' id='word_1_76' title='bbox 1596 1581 1908 1637; x_wconf 86' lang='lat' dir='ltr'><strong>simulacris</strong></span> <span class='ocrx_word' id='word_1_77' title='bbox 1961 1598 2050 1638; x_wconf 89' lang='lat' dir='ltr'><strong>re-</strong></span> 
     </span>
    </p>
   </div>
   <div class='ocr_carea' id='block_1_14' title="bbox 474 1664 2052 1742">
    <p class='ocr_par' dir='ltr' id='par_1_14' title="bbox 474 1664 2052 1742">
     <span class='ocr_line' id='line_1_14' title="bbox 474 1664 2052 1742; baseline 0.006 -24"><span class='ocrx_word' id='word_1_78' title='bbox 474 1664 693 1721; x_wconf 85' lang='lat' dir='ltr'><strong>fertum.</strong></span> <span class='ocrx_word' id='word_1_79' title='bbox 750 1664 1009 1721; x_wconf 87' lang='lat' dir='ltr'><strong>Salomon</strong></span> <span class='ocrx_word' id='word_1_80' title='bbox 1053 1667 1179 1721; x_wconf 85' lang='lat' dir='ltr'><strong>item</strong></span> <span class='ocrx_word' id='word_1_81' title='bbox 1235 1666 1463 1737; x_wconf 78' lang='lat' dir='ltr'><strong>figuram</strong></span> <span class='ocrx_word' id='word_1_82' title='bbox 1499 1668 2052 1742; x_wconf 86' lang='lat' dir='ltr'><strong>designationemque</strong></span> 
     </span>
    </p>
   </div>
   <div class='ocr_carea' id='block_1_15' title="bbox 470 1757 2049 1830">
    <p class='ocr_par' dir='ltr' id='par_1_15' title="bbox 470 1757 2049 1830">
     <span class='ocr_line' id='line_1_15' title="bbox 470 1757 2049 1830; baseline 0.003 -19"><span class='ocrx_word' id='word_1_83' title='bbox 470 1770 537 1811; x_wconf 83' lang='lat' dir='ltr'><strong>ex</strong></span> <span class='ocrx_word' id='word_1_84' title='bbox 578 1757 696 1827; x_wconf 86' lang='lat' dir='ltr'><strong>lege</strong></span> <span class='ocrx_word' id='word_1_85' title='bbox 730 1765 1037 1824; x_wconf 89' lang='lat' dir='ltr'><strong>mutuatus,</strong></span> <span class='ocrx_word' id='word_1_86' title='bbox 1073 1757 1246 1813; x_wconf 66' lang='lat' dir='ltr'><strong>aeneis</strong></span> <span class='ocrx_word' id='word_1_87' title='bbox 1285 1758 1472 1824; x_wconf 91' lang='lat' dir='ltr'><strong>boum,</strong></span> <span class='ocrx_word' id='word_1_88' title='bbox 1503 1760 1838 1830; x_wconf 88' lang='lat' dir='ltr'><strong>palmarum,</strong></span> <span class='ocrx_word' id='word_1_89' title='bbox 1865 1767 1919 1814; x_wconf 93' lang='lat' dir='ltr'><strong>et</strong></span> <span class='ocrx_word' id='word_1_90' title='bbox 1949 1760 2049 1816; x_wconf 92' lang='lat' dir='ltr'><strong>ho-</strong></span> 
     </span>
    </p>
   </div>
   <div class='ocr_carea' id='block_1_16' title="bbox 471 1847 2049 1920">
    <p class='ocr_par' dir='ltr' id='par_1_16' title="bbox 471 1847 2049 1920">
     <span class='ocr_line' id='line_1_16' title="bbox 471 1847 2049 1920; baseline 0.004 -19"><span class='ocrx_word' id='word_1_91' title='bbox 471 1847 682 1902; x_wconf 88' lang='lat' dir='ltr'><strong>minum</strong></span> <span class='ocrx_word' id='word_1_92' title='bbox 749 1847 1059 1904; x_wconf 87' lang='lat' dir='ltr'><strong>simulacris</strong></span> <span class='ocrx_word' id='word_1_93' title='bbox 1113 1849 1332 1918; x_wconf 88' lang='lat' dir='ltr'><strong>plenum</strong></span> <span class='ocrx_word' id='word_1_94' title='bbox 1416 1851 1675 1920; x_wconf 91' lang='lat' dir='ltr'><strong>templum</strong></span> <span class='ocrx_word' id='word_1_95' title='bbox 1733 1851 2049 1907; x_wconf 80' lang='lat' dir='ltr'><strong>exstruxit:</strong></span> 
     </span>
    </p>
   </div>
   <div class='ocr_carea' id='block_1_17' title="bbox 470 1940 2052 2013">
    <p class='ocr_par' dir='ltr' id='par_1_17' title="bbox 470 1940 2052 2013">
     <span class='ocr_line' id='line_1_17' title="bbox 470 1940 2052 2013; baseline 0.003 -19"><span class='ocrx_word' id='word_1_96' title='bbox 470 1955 649 2010; x_wconf 85' lang='lat' dir='ltr'><strong>neque</strong></span> <span class='ocrx_word' id='word_1_97' title='bbox 704 1941 774 1996; x_wconf 90' lang='lat' dir='ltr'><strong>ob</strong></span> <span class='ocrx_word' id='word_1_98' title='bbox 832 1940 885 1994; x_wconf 90' lang='lat' dir='ltr'><strong>id</strong></span> <span class='ocrx_word' id='word_1_99' title='bbox 944 1955 1173 2010; x_wconf 85' lang='lat' dir='ltr'><strong>usquam</strong></span> <span class='ocrx_word' id='word_1_100' title='bbox 1223 1955 1253 1994; x_wconf 90' lang='lat' dir='ltr'><strong>a</strong></span> <span class='ocrx_word' id='word_1_101' title='bbox 1310 1940 1420 1996; x_wconf 91' lang='lat' dir='ltr'><strong>Deo</strong></span> <span class='ocrx_word' id='word_1_102' title='bbox 1486 1943 1856 2013; x_wconf 87' lang='lat' dir='ltr'><strong>reprehensus</strong></span> <span class='ocrx_word' id='word_1_103' title='bbox 1916 1942 2052 1998; x_wconf 88' lang='lat' dir='ltr'><strong>fuit.</strong></span> 
     </span>
    </p>
   </div>
   <div class='ocr_carea' id='block_1_18' title="bbox 471 2029 2052 2104">
    <p class='ocr_par' dir='ltr' id='par_1_18' title="bbox 471 2029 2052 2104">
     <span class='ocr_line' id='line_1_18' title="bbox 471 2029 2052 2104; baseline 0.004 -20"><span class='ocrx_word' id='word_1_104' title='bbox 471 2029 838 2098; x_wconf 84' lang='lat' dir='ltr'><strong>Quamobrem</strong></span> <span class='ocrx_word' id='word_1_105' title='bbox 896 2032 942 2086; x_wconf 90' lang='lat' dir='ltr'><strong>si</strong></span> <span class='ocrx_word' id='word_1_106' title='bbox 1007 2047 1093 2086; x_wconf 90' lang='lat' dir='ltr'><strong>me</strong></span> <span class='ocrx_word' id='word_1_107' title='bbox 1143 2042 1366 2103; x_wconf 84' lang='lat' dir='ltr'><strong>prepter</strong></span> <span class='ocrx_word' id='word_1_108' title='bbox 1413 2033 1680 2104; x_wconf 80' lang='lat' dir='ltr'><strong>imagines</strong></span> <span class='ocrx_word' id='word_1_109' title='bbox 1719 2035 2052 2090; x_wconf 87' lang='lat' dir='ltr'><strong>condemna-</strong></span> 
     </span>
    </p>
   </div>
   <div class='ocr_carea' id='block_1_19' title="bbox 472 2121 2054 2197">
    <p class='ocr_par' dir='ltr' id='par_1_19' title="bbox 472 2121 2054 2197">
     <span class='ocr_line' id='line_1_19' title="bbox 472 2121 2054 2197; baseline 0.004 -21"><span class='ocrx_word' id='word_1_110' title='bbox 472 2136 534 2177; x_wconf 88' lang='lat' dir='ltr'><strong>re</strong></span> <span class='ocrx_word' id='word_1_111' title='bbox 589 2123 697 2187; x_wconf 92' lang='lat' dir='ltr'><strong>vis,</strong></span> <span class='ocrx_word' id='word_1_112' title='bbox 759 2121 928 2177; x_wconf 91' lang='lat' dir='ltr'><strong>Deum</strong></span> <span class='ocrx_word' id='word_1_113' title='bbox 980 2124 1135 2193; x_wconf 90' lang='lat' dir='ltr'><strong>prius</strong></span> <span class='ocrx_word' id='word_1_114' title='bbox 1197 2138 1462 2190; x_wconf 87' lang='lat' dir='ltr'><strong>accuses,</strong></span> <span class='ocrx_word' id='word_1_115' title='bbox 1513 2126 1609 2197; x_wconf 88' lang='lat' dir='ltr'><strong>qui</strong></span> <span class='ocrx_word' id='word_1_116' title='bbox 1668 2125 1784 2181; x_wconf 63' lang='lat' dir='ltr'><strong>haec</strong></span> <span class='ocrx_word' id='word_1_117' title='bbox 1847 2127 2054 2184; x_wconf 85' lang='lat' dir='ltr'><strong>idcirco</strong></span> 
     </span>
    </p>
   </div>
   <div class='ocr_carea' id='block_1_20' title="bbox 476 2209 2053 2288">
    <p class='ocr_par' dir='ltr' id='par_1_20' title="bbox 476 2209 2053 2288">
     <span class='ocr_line' id='line_1_20' title="bbox 476 2209 2053 2288; baseline 0.007 -23"><span class='ocrx_word' id='word_1_118' title='bbox 476 2209 820 2282; x_wconf 80' lang='lat' dir='ltr'><strong>ﬂerijussit,</strong></span> <span class='ocrx_word' id='word_1_119' title='bbox 848 2221 906 2268; x_wconf 92' lang='lat' dir='ltr'><strong>ut</strong></span> <span class='ocrx_word' id='word_1_120' title='bbox 940 2213 1116 2284; x_wconf 86' lang='lat' dir='ltr'><strong>ipsius</strong></span> <span class='ocrx_word' id='word_1_121' title='bbox 1160 2215 1305 2285; x_wconf 89' lang='lat' dir='ltr'><strong>apud</strong></span> <span class='ocrx_word' id='word_1_122' title='bbox 1349 2232 1449 2272; x_wconf 92' lang='lat' dir='ltr'><strong>nos</strong></span> <span class='ocrx_word' id='word_1_123' title='bbox 1493 2220 1756 2273; x_wconf 88' lang='lat' dir='ltr'><strong>memoria</strong></span> <span class='ocrx_word' id='word_1_124' title='bbox 1797 2233 2053 2288; x_wconf 88' lang='lat' dir='ltr'><strong>perseve-</strong></span> 
     </span>
    </p>
   </div>
   <div class='ocr_carea' id='block_1_21' title="bbox 473 2312 715 2358">
    <p class='ocr_par' dir='ltr' id='par_1_21' title="bbox 473 2312 715 2358">
     <span class='ocr_line' id='line_1_21' title="bbox 473 2312 715 2358; baseline 0.004 -1"><span class='ocrx_word' id='word_1_125' title='bbox 473 2312 642 2358; x_wconf 90' lang='lat' dir='ltr'><strong>raret.</strong></span> <span class='ocrx_word' id='word_1_126' title='bbox 694 2322 715 2357; x_wconf 75' lang='grc' dir='ltr'><strong>ι</strong></span> 
     </span>
    </p>
   </div>
   <div class='ocr_carea' id='block_1_22' title="bbox 790 2395 1732 2470">
    <p class='ocr_par' dir='ltr' id='par_1_22' title="bbox 790 2395 1732 2470">
     <span class='ocr_line' id='line_1_22' title="bbox 790 2395 1732 2470; baseline 0.003 -17"><span class='ocrx_word' id='word_1_127' title='bbox 790 2395 958 2469; x_wconf 65' lang='grc'><strong>374</strong></span> <span class='ocrx_word' id='word_1_128' title='bbox 991 2395 1240 2468; x_wconf 77' lang='lat' dir='ltr'><strong>Ejusdem</strong></span> <span class='ocrx_word' id='word_1_129' title='bbox 1265 2415 1330 2454; x_wconf 75' lang='lat' dir='ltr'><strong>ea:</strong></span> <span class='ocrx_word' id='word_1_130' title='bbox 1364 2398 1499 2455; x_wconf 87' lang='lat' dir='ltr'><strong>libro</strong></span> <span class='ocrx_word' id='word_1_131' title='bbox 1532 2401 1732 2470; x_wconf 86' lang='lat' dir='ltr'><strong>quinto.</strong></span> 
     </span>
    </p>
   </div>
   <div class='ocr_carea' id='block_1_23' title="bbox 547 2484 2054 2563">
    <p class='ocr_par' dir='ltr' id='par_1_23' title="bbox 547 2484 2054 2563">
     <span class='ocr_line' id='line_1_23' title="bbox 547 2484 2054 2563; baseline 0.005 -23"><span class='ocrx_word' id='word_1_132' title='bbox 547 2504 569 2540; x_wconf 79' lang='grc' dir='ltr'><strong>ι</strong></span> <span class='ocrx_word' id='word_1_133' title='bbox 610 2484 778 2544; x_wconf 80' lang='lat' dir='ltr'><strong>Nobis</strong></span> <span class='ocrx_word' id='word_1_134' title='bbox 826 2505 1046 2545; x_wconf 86' lang='lat' dir='ltr'><strong>rursum</strong></span> <span class='ocrx_word' id='word_1_135' title='bbox 1080 2490 1340 2560; x_wconf 90' lang='lat' dir='ltr'><strong>illuduut,</strong></span> <span class='ocrx_word' id='word_1_136' title='bbox 1391 2493 1540 2562; x_wconf 91' lang='lat' dir='ltr'><strong>quod</strong></span> <span class='ocrx_word' id='word_1_137' title='bbox 1591 2492 1888 2563; x_wconf 84' lang='lat' dir='ltr'><strong>pretiosam</strong></span> <span class='ocrx_word' id='word_1_138' title='bbox 1923 2507 2054 2548; x_wconf 76' lang='lat' dir='ltr'><strong>cru-</strong></span> 
     </span>
    </p>
   </div>
   <div class='ocr_carea' id='block_1_24' title="bbox 471 2577 2055 2657">
    <p class='ocr_par' dir='ltr' id='par_1_24' title="bbox 471 2577 2055 2657">
     <span class='ocr_line' id='line_1_24' title="bbox 471 2577 2055 2657; baseline 0.006 -26"><span class='ocrx_word' id='word_1_139' title='bbox 471 2592 590 2633; x_wconf 90' lang='lat' dir='ltr'><strong>cem</strong></span> <span class='ocrx_word' id='word_1_140' title='bbox 629 2577 957 2650; x_wconf 87' lang='lat' dir='ltr'><strong>divinasque</strong></span> <span class='ocrx_word' id='word_1_141' title='bbox 1003 2581 1272 2657; x_wconf 81' lang='lat' dir='ltr'><strong>imagines</strong></span> <span class='ocrx_word' id='word_1_142' title='bbox 1319 2583 1698 2654; x_wconf 86' lang='lat' dir='ltr'><strong>desiguemus,</strong></span> <span class='ocrx_word' id='word_1_143' title='bbox 1737 2583 2055 2640; x_wconf 84' lang='lat' dir='ltr'><strong>adoremus-</strong></span> 
     </span>
    </p>
   </div>
   <div class='ocr_carea' id='block_1_25' title="bbox 473 2658 2052 2746">
    <p class='ocr_par' dir='ltr' id='par_1_25' title="bbox 473 2658 2052 2746">
     <span class='ocr_line' id='line_1_25' title="bbox 473 2658 2052 2746; baseline 0.004 -21"><span class='ocrx_word' id='word_1_144' title='bbox 473 2685 609 2740; x_wconf 91' lang='lat' dir='ltr'><strong>que,</strong></span> <span class='ocrx_word' id='word_1_145' title='bbox 669 2658 882 2742; x_wconf 83' lang='lat' dir='ltr'><strong>nosque</strong></span> <span class='ocrx_word' id='word_1_146' title='bbox 943 2672 1222 2728; x_wconf 88' lang='lat' dir='ltr'><strong>idolorum</strong></span> <span class='ocrx_word' id='word_1_147' title='bbox 1284 2687 1348 2728; x_wconf 90' lang='lat' dir='ltr'><strong>ac</strong></span> <span class='ocrx_word' id='word_1_148' title='bbox 1403 2674 1704 2746; x_wconf 87' lang='lat' dir='ltr'><strong>ligncorum</strong></span> <span class='ocrx_word' id='word_1_149' title='bbox 1762 2677 2052 2732; x_wconf 89' lang='lat' dir='ltr'><strong>numinum</strong></span> 
     </span>
    </p>
   </div>
   <div class='ocr_carea' id='block_1_26' title="bbox 472 2761 2032 2836">
    <p class='ocr_par' dir='ltr' id='par_1_26' title="bbox 472 2761 2032 2836">
     <span class='ocr_line' id='line_1_26' title="bbox 472 2761 2032 2836; baseline 0.004 -20"><span class='ocrx_word' id='word_1_150' title='bbox 472 2761 712 2820; x_wconf 85' lang='lat' dir='ltr'><strong>cultores</strong></span> <span class='ocrx_word' id='word_1_151' title='bbox 739 2771 960 2830; x_wconf 90' lang='lat' dir='ltr'><strong>vocant,</strong></span> <span class='ocrx_word' id='word_1_152' title='bbox 993 2765 1095 2819; x_wconf 89' lang='lat' dir='ltr'><strong>viri</strong></span> <span class='ocrx_word' id='word_1_153' title='bbox 1121 2766 1215 2836; x_wconf 92' lang='lat' dir='ltr'><strong>qui</strong></span> <span class='ocrx_word' id='word_1_154' title='bbox 1241 2764 1409 2820; x_wconf 90' lang='lat' dir='ltr'><strong>Deum</strong></span> <span class='ocrx_word' id='word_1_155' title='bbox 1441 2767 1664 2822; x_wconf 93' lang='lat' dir='ltr'><strong>omnino</strong></span> <span class='ocrx_word' id='word_1_156' title='bbox 1687 2781 1794 2823; x_wconf 87' lang='lat' dir='ltr'><strong>non</strong></span> <span class='ocrx_word' id='word_1_157' title='bbox 1827 2774 2032 2823; x_wconf 90' lang='lat' dir='ltr'><strong>norunt</strong></span> 
     </span>
    </p>
   </div>
   <div class='ocr_carea' id='block_1_27' title="bbox 472 2853 2050 2930">
    <p class='ocr_par' dir='ltr' id='par_1_27' title="bbox 472 2853 2050 2930">
     <span class='ocr_line' id='line_1_27' title="bbox 472 2853 2050 2930; baseline 0.004 -22"><span class='ocrx_word' id='word_1_158' title='bbox 472 2853 629 2920; x_wconf 87' lang='lat' dir='ltr'><strong>Quod</strong></span> <span class='ocrx_word' id='word_1_159' title='bbox 681 2855 754 2921; x_wconf 91' lang='lat' dir='ltr'><strong>si,</strong></span> <span class='ocrx_word' id='word_1_160' title='bbox 807 2863 868 2910; x_wconf 93' lang='lat' dir='ltr'><strong>ut</strong></span> <span class='ocrx_word' id='word_1_161' title='bbox 903 2857 1132 2925; x_wconf 88' lang='lat' dir='ltr'><strong>asseris,</strong></span> <span class='ocrx_word' id='word_1_162' title='bbox 1167 2857 1362 2926; x_wconf 91' lang='lat' dir='ltr'><strong>athee,</strong></span> <span class='ocrx_word' id='word_1_163' title='bbox 1412 2857 1579 2913; x_wconf 91' lang='lat' dir='ltr'><strong>Deum</strong></span> <span class='ocrx_word' id='word_1_164' title='bbox 1615 2859 1855 2930; x_wconf 87' lang='lat' dir='ltr'><strong>ligneum</strong></span> <span class='ocrx_word' id='word_1_165' title='bbox 1905 2861 2050 2926; x_wconf 92' lang='lat' dir='ltr'><strong>colo,</strong></span> 
     </span>
    </p>
   </div>
   <div class='ocr_carea' id='block_1_28' title="bbox 471 2946 2053 3019">
    <p class='ocr_par' dir='ltr' id='par_1_28' title="bbox 471 2946 2053 3019">
     <span class='ocr_line' id='line_1_28' title="bbox 471 2946 2053 3019; baseline 0.004 -22"><span class='ocrx_word' id='word_1_166' title='bbox 471 2952 620 3000; x_wconf 79' lang='lat' dir='ltr'><strong>certe</strong></span> <span class='ocrx_word' id='word_1_167' title='bbox 649 2946 835 3015; x_wconf 88' lang='lat' dir='ltr'><strong>plures</strong></span> <span class='ocrx_word' id='word_1_168' title='bbox 869 2962 1090 3018; x_wconf 91' lang='lat' dir='ltr'><strong>quoque</strong></span> <span class='ocrx_word' id='word_1_169' title='bbox 1126 2961 1377 3003; x_wconf 85' lang='lat' dir='ltr'><strong>veneror.</strong></span> <span class='ocrx_word' id='word_1_170' title='bbox 1410 2946 1467 3002; x_wconf 91' lang='lat' dir='ltr'><strong>Si</strong></span> <span class='ocrx_word' id='word_1_171' title='bbox 1502 2948 1714 3018; x_wconf 90' lang='lat' dir='ltr'><strong>plures,</strong></span> <span class='ocrx_word' id='word_1_172' title='bbox 1743 2949 1934 3019; x_wconf 88' lang='lat' dir='ltr'><strong>utique</strong></span> <span class='ocrx_word' id='word_1_173' title='bbox 1959 2951 2053 3004; x_wconf 90' lang='lat' dir='ltr'><strong>de-</strong></span> 
     </span>
    </p>
   </div>
   <div class='ocr_carea' id='block_1_29' title="bbox 1634 277 2524 342">
    <p class='ocr_par' dir='ltr' id='par_1_29' title="bbox 1634 277 2524 342">
     <span class='ocr_line' id='line_1_29' title="bbox 1634 277 2524 342; baseline 0.004 -4"><span class='ocrx_word' id='word_1_174' title='bbox 1634 278 1695 340; x_wconf 91' lang='lat' dir='ltr'><strong>S.</strong></span> <span class='ocrx_word' id='word_1_175' title='bbox 1735 277 2056 342; x_wconf 79' lang='lat' dir='ltr'><strong>JOANNIS</strong></span> <span class='ocrx_word' id='word_1_176' title='bbox 2096 279 2524 342; x_wconf 82' lang='lat' dir='ltr'><strong>DAMASCENI</strong></span> 
     </span>
    </p>
   </div>
   <div class='ocr_carea' id='block_1_30' title="bbox 2147 667 3766 741">
    <p class='ocr_par' dir='ltr' id='par_1_30' title="bbox 2147 667 3766 741">
     <span class='ocr_line' id='line_1_30' title="bbox 2147 667 3766 741; baseline 0.003 -19"><span class='ocrx_word' id='word_1_177' title='bbox 2147 669 2260 722; x_wconf 79' lang='lat' dir='ltr'><strong>Kal.</strong></span> <span class='ocrx_word' id='word_1_178' title='bbox 2301 668 2484 735; x_wconf 84' lang='grc' dir='ltr'>πάλιν,</span> <span class='ocrx_word' id='word_1_179' title='bbox 2532 667 2622 721; x_wconf 83' lang='grc' dir='ltr'>τὸν</span> <span class='ocrx_word' id='word_1_180' title='bbox 2676 667 2802 722; x_wconf 82' lang='grc' dir='ltr'>ναὸν</span> <span class='ocrx_word' id='word_1_181' title='bbox 2857 667 3057 733; x_wconf 76' lang='grc' dir='ltr'>ἔδειξεν</span> <span class='ocrx_word' id='word_1_182' title='bbox 3093 671 3122 723; x_wconf 99' lang='lat'><strong>6</strong></span> <span class='ocrx_word' id='word_1_183' title='bbox 3150 668 3284 734; x_wconf 82' lang='grc' dir='ltr'>Θεὸς</span> <span class='ocrx_word' id='word_1_184' title='bbox 3320 670 3398 741; x_wconf 86' lang='grc' dir='ltr'>τῷ</span> <span class='ocrx_word' id='word_1_185' title='bbox 3435 671 3766 741; x_wconf 70' lang='grc' dir='ltr'>Ἰεζεκιὴλ,</span> 
     </span>
    </p>
   </div>
   <div class='ocr_carea' id='block_1_31' title="bbox 2147 754 3768 849">
    <p class='ocr_par' dir='ltr' id='par_1_31' title="bbox 2147 754 3768 849">
     <span class='ocr_line' id='line_1_31' title="bbox 2147 754 3768 849; baseline 0.003 -35"><span class='ocrx_word' id='word_1_186' title='bbox 2147 759 2363 829; x_wconf 81' lang='grc' dir='ltr'>γλυπτὰ</span> <span class='ocrx_word' id='word_1_187' title='bbox 2416 760 2702 831; x_wconf 86' lang='grc' dir='ltr'>πρόσωπα,</span> <span class='ocrx_word' id='word_1_188' title='bbox 2752 761 2936 831; x_wconf 75' lang='grc' dir='ltr'>φησὶν,</span> <span class='ocrx_word' id='word_1_189' title='bbox 2969 754 3106 830; x_wconf 79' lang='grc' dir='ltr'>εἶχε,</span> <span class='ocrx_word' id='word_1_190' title='bbox 3137 760 3385 828; x_wconf 80' lang='grc' dir='ltr'><strong>λεόντων,</strong></span> <span class='ocrx_word' id='word_1_191' title='bbox 3423 765 3522 816; x_wconf 73' lang='grc' dir='ltr'><strong>καὶ</strong></span> <span class='ocrx_word' id='word_1_192' title='bbox 3565 766 3768 849; x_wconf 47' lang='lat' dir='ltr'><strong>captvi-</strong></span> 
     </span>
    </p>
   </div>
   <div class='ocr_carea' id='block_1_32' title="bbox 2147 835 3764 925">
    <p class='ocr_par' dir='ltr' id='par_1_32' title="bbox 2147 835 3764 925">
     <span class='ocr_line' id='line_1_32' title="bbox 2147 835 3764 925; baseline 0.004 -24"><span class='ocrx_word' id='word_1_193' title='bbox 2147 865 2280 924; x_wconf 73' lang='grc' dir='ltr'>κων,</span> <span class='ocrx_word' id='word_1_194' title='bbox 2313 847 2408 903; x_wconf 76' lang='grc' dir='ltr'><strong>καὶ</strong></span> <span class='ocrx_word' id='word_1_195' title='bbox 2431 847 2750 919; x_wconf 80' lang='grc' dir='ltr'>ἀνθρώπων,</span> <span class='ocrx_word' id='word_1_196' title='bbox 2787 851 2880 903; x_wconf 74' lang='grc' dir='ltr'>καὶ</span> <span class='ocrx_word' id='word_1_197' title='bbox 2900 849 3201 920; x_wconf 71' lang='grc' dir='ltr'>Χερουϐὶμ,</span> <span class='ocrx_word' id='word_1_198' title='bbox 3235 851 3344 906; x_wconf 84' lang='grc' dir='ltr'>ἀπὸ</span> <span class='ocrx_word' id='word_1_199' title='bbox 3376 853 3470 906; x_wconf 86' lang='grc' dir='ltr'><strong>τοῦ</strong></span> <span class='ocrx_word' id='word_1_200' title='bbox 3496 835 3764 925; x_wconf 41' lang='lat' dir='ltr'><strong>sagas;</strong></span> 
     </span>
    </p>
   </div>
   <div class='ocr_carea' id='block_1_33' title="bbox 2151 938 3760 1018">
    <p class='ocr_par' dir='ltr' id='par_1_33' title="bbox 2151 938 3760 1018">
     <span class='ocr_line' id='line_1_33' title="bbox 2151 938 3760 1018; baseline 0.004 -24"><span class='ocrx_word' id='word_1_201' title='bbox 2151 938 2316 994; x_wconf 82' lang='grc' dir='ltr'>αὐτοῦ</span> <span class='ocrx_word' id='word_1_202' title='bbox 2345 941 2449 1004; x_wconf 78' lang='grc' dir='ltr'><strong>ἕως</strong></span> <span class='ocrx_word' id='word_1_203' title='bbox 2487 940 2580 993; x_wconf 86' lang='grc' dir='ltr'><strong>τοῦ</strong></span> <span class='ocrx_word' id='word_1_204' title='bbox 2606 938 2968 1018; x_wconf 67' lang='grc' dir='ltr'>φατνώματος</span> <span class='ocrx_word' id='word_1_205' title='bbox 3005 940 3107 1010; x_wconf 84' lang='grc' dir='ltr'>τῆς</span> <span class='ocrx_word' id='word_1_206' title='bbox 3139 941 3357 1012; x_wconf 79' lang='grc' dir='ltr'><strong>στέγης,</strong></span> <span class='ocrx_word' id='word_1_207' title='bbox 3390 945 3612 1010; x_wconf 83' lang='grc' dir='ltr'>Ὄντως</span> <span class='ocrx_word' id='word_1_208' title='bbox 3637 966 3760 1015; x_wconf 62' lang='grc' dir='ltr'><strong>φορ</strong></span> 
     </span>
    </p>
   </div>
   <div class='ocr_carea' id='block_1_34' title="bbox 2149 1027 3752 1107">
    <p class='ocr_par' dir='ltr' id='par_1_34' title="bbox 2149 1027 3752 1107">
     <span class='ocr_line' id='line_1_34' title="bbox 2149 1027 3752 1107; baseline 0.006 -26"><span class='ocrx_word' id='word_1_209' title='bbox 2149 1028 2307 1099; x_wconf 80' lang='grc' dir='ltr'>ϐερὸς</span> <span class='ocrx_word' id='word_1_210' title='bbox 2337 1030 2366 1083; x_wconf 92' lang='lat'><strong>6</strong></span> <span class='ocrx_word' id='word_1_211' title='bbox 2387 1027 2562 1099; x_wconf 82' lang='grc' dir='ltr'>λόγος.</span> <span class='ocrx_word' id='word_1_212' title='bbox 2599 1029 2657 1085; x_wconf 85' lang='lat'><strong>&#39;0</strong></span> <span class='ocrx_word' id='word_1_213' title='bbox 2677 1029 2821 1096; x_wconf 52' lang='grc' dir='ltr'>,Θεὸς</span> <span class='ocrx_word' id='word_1_214' title='bbox 2855 1031 3231 1102; x_wconf 75' lang='grc' dir='ltr'>ἐντειλάμενος</span> <span class='ocrx_word' id='word_1_215' title='bbox 3261 1032 3337 1103; x_wconf 83' lang='grc' dir='ltr'><strong>τῷ</strong></span> <span class='ocrx_word' id='word_1_216' title='bbox 3395 1036 3625 1107; x_wconf 75' lang='grc' dir='ltr'>Ἰσραὴλ</span> <span class='ocrx_word' id='word_1_217' title='bbox 3661 1037 3752 1106; x_wconf 76' lang='grc' dir='ltr'>μὴ</span> 
     </span>
    </p>
   </div>
   <div class='ocr_carea' id='block_1_35' title="bbox 2151 1120 3754 1196">
    <p class='ocr_par' dir='ltr' id='par_1_35' title="bbox 2151 1120 3754 1196">
     <span class='ocr_line' id='line_1_35' title="bbox 2151 1120 3754 1196; baseline 0.006 -24"><span class='ocrx_word' id='word_1_218' title='bbox 2151 1120 2376 1190; x_wconf 80' lang='grc' dir='ltr'>ποιῆσαι</span> <span class='ocrx_word' id='word_1_219' title='bbox 2409 1121 2666 1190; x_wconf 78' lang='grc' dir='ltr'>γλυπτὸν,</span> <span class='ocrx_word' id='word_1_220' title='bbox 2711 1122 2848 1194; x_wconf 83' lang='grc' dir='ltr'>μήτε</span> <span class='ocrx_word' id='word_1_221' title='bbox 2881 1122 3089 1189; x_wconf 80' lang='grc' dir='ltr'>εἰκόνα,</span> <span class='ocrx_word' id='word_1_222' title='bbox 3128 1125 3270 1194; x_wconf 84' lang='grc' dir='ltr'>μήτε</span> <span class='ocrx_word' id='word_1_223' title='bbox 3292 1125 3572 1196; x_wconf 79' lang='grc' dir='ltr'>ὁμοίωμα,</span> <span class='ocrx_word' id='word_1_224' title='bbox 3634 1131 3754 1182; x_wconf 72' lang='grc' dir='ltr'>ὅσα</span> 
     </span>
    </p>
   </div>
   <div class='ocr_carea' id='block_1_36' title="bbox 2150 1211 3756 1288">
    <p class='ocr_par' dir='ltr' id='par_1_36' title="bbox 2150 1211 3756 1288">
     <span class='ocr_line' id='line_1_36' title="bbox 2150 1211 3756 1288; baseline 0.005 -24"><span class='ocrx_word' id='word_1_225' title='bbox 2150 1211 2300 1265; x_wconf 77' lang='grc' dir='ltr'>ἐστὶν</span> <span class='ocrx_word' id='word_1_226' title='bbox 2321 1213 2379 1266; x_wconf 80' lang='grc' dir='ltr'>ὲν</span> <span class='ocrx_word' id='word_1_227' title='bbox 2398 1212 2476 1283; x_wconf 83' lang='grc' dir='ltr'>τῷ</span> <span class='ocrx_word' id='word_1_228' title='bbox 2501 1213 2737 1284; x_wconf 78' lang='grc' dir='ltr'>οὐρανῷ,</span> <span class='ocrx_word' id='word_1_229' title='bbox 2761 1214 2857 1268; x_wconf 74' lang='grc' dir='ltr'>καὶ</span> <span class='ocrx_word' id='word_1_230' title='bbox 2879 1216 2980 1268; x_wconf 82' lang='grc' dir='ltr'><strong>ὅσα</strong></span> <span class='ocrx_word' id='word_1_231' title='bbox 3005 1215 3152 1268; x_wconf 79' lang='grc' dir='ltr'>ἐστὶν</span> <span class='ocrx_word' id='word_1_232' title='bbox 3194 1216 3287 1269; x_wconf 75' lang='grc' dir='ltr'><strong>ἐπὶ</strong></span> <span class='ocrx_word' id='word_1_233' title='bbox 3328 1219 3431 1288; x_wconf 82' lang='grc' dir='ltr'>τῆς</span> <span class='ocrx_word' id='word_1_234' title='bbox 3475 1218 3608 1288; x_wconf 83' lang='grc' dir='ltr'>γῆς,</span> <span class='ocrx_word' id='word_1_235' title='bbox 3641 1220 3756 1272; x_wconf 73' lang='grc' dir='ltr'><strong>αὖ·</strong></span> 
     </span>
    </p>
   </div>
   <div class='ocr_carea' id='block_1_37' title="bbox 2149 1304 3756 1378">
    <p class='ocr_par' dir='ltr' id='par_1_37' title="bbox 2149 1304 3756 1378">
     <span class='ocr_line' id='line_1_37' title="bbox 2149 1304 3756 1378; baseline 0.006 -22"><span class='ocrx_word' id='word_1_236' title='bbox 2149 1304 2245 1368; x_wconf 86' lang='grc' dir='ltr'><strong>τὸς</strong></span> <span class='ocrx_word' id='word_1_237' title='bbox 2304 1305 2637 1376; x_wconf 79' lang='grc' dir='ltr'><strong>προστάσσει</strong></span> <span class='ocrx_word' id='word_1_238' title='bbox 2674 1306 2753 1377; x_wconf 85' lang='grc' dir='ltr'>τῷ</span> <span class='ocrx_word' id='word_1_239' title='bbox 2805 1309 3012 1378; x_wconf 84' lang='grc' dir='ltr'>Μωῦσῇ</span> <span class='ocrx_word' id='word_1_240' title='bbox 3073 1309 3298 1378; x_wconf 75' lang='grc' dir='ltr'>ποιῆσαι</span> <span class='ocrx_word' id='word_1_241' title='bbox 3345 1310 3568 1378; x_wconf 83' lang='grc' dir='ltr'>γλυπτὰ</span> <span class='ocrx_word' id='word_1_242' title='bbox 3622 1308 3756 1373; x_wconf 72' lang='grc' dir='ltr'>ζῶα</span> 
     </span>
    </p>
   </div>
   <div class='ocr_carea' id='block_1_38' title="bbox 2149 1396 3756 1474">
    <p class='ocr_par' dir='ltr' id='par_1_38' title="bbox 2149 1396 3756 1474">
     <span class='ocr_line' id='line_1_38' title="bbox 2149 1396 3756 1474; baseline 0.004 -25"><span class='ocrx_word' id='word_1_243' title='bbox 2149 1396 2450 1474; x_wconf 69' lang='grc' dir='ltr'>Χερουδίμ·</span> <span class='ocrx_word' id='word_1_244' title='bbox 2477 1398 2572 1451; x_wconf 76' lang='grc' dir='ltr'><strong>καὶ</strong></span> <span class='ocrx_word' id='word_1_245' title='bbox 2599 1396 2948 1468; x_wconf 78' lang='grc' dir='ltr'>τῷΊεζεκιὴλ</span> <span class='ocrx_word' id='word_1_246' title='bbox 2965 1399 3149 1469; x_wconf 83' lang='grc' dir='ltr'>πλήρη</span> <span class='ocrx_word' id='word_1_247' title='bbox 3173 1400 3394 1454; x_wconf 82' lang='grc' dir='ltr'><strong>εἰκόνων</strong></span> <span class='ocrx_word' id='word_1_248' title='bbox 3410 1402 3506 1454; x_wconf 74' lang='grc' dir='ltr'>καὶ</span> <span class='ocrx_word' id='word_1_249' title='bbox 3525 1401 3756 1474; x_wconf 43' lang='grc' dir='ltr'>,ὄνομά-</span> 
     </span>
    </p>
   </div>
   <div class='ocr_carea' id='block_1_39' title="bbox 2148 1469 3752 1562">
    <p class='ocr_par' dir='ltr' id='par_1_39' title="bbox 2148 1469 3752 1562">
     <span class='ocr_line' id='line_1_39' title="bbox 2148 1469 3752 1562; baseline 0.002 -21"><span class='ocrx_word' id='word_1_250' title='bbox 2148 1469 2332 1560; x_wconf 54' lang='grc' dir='ltr'>τω(</span> <span class='ocrx_word' id='word_1_251' title='bbox 2354 1488 2632 1558; x_wconf 88' lang='grc' dir='ltr'>γλυπτῶν,</span> <span class='ocrx_word' id='word_1_252' title='bbox 2663 1490 2913 1555; x_wconf 83' lang='grc' dir='ltr'>λεόντων,</span> <span class='ocrx_word' id='word_1_253' title='bbox 2947 1491 3041 1544; x_wconf 74' lang='grc' dir='ltr'>καὶ</span> <span class='ocrx_word' id='word_1_254' title='bbox 3075 1492 3354 1560; x_wconf 74' lang='grc' dir='ltr'>φοινίκων,</span> <span class='ocrx_word' id='word_1_255' title='bbox 3386 1493 3480 1546; x_wconf 73' lang='grc' dir='ltr'>καὶ</span> <span class='ocrx_word' id='word_1_256' title='bbox 3514 1469 3752 1562; x_wconf 69' lang='grc' dir='ltr'>ανθρώ-</span> 
     </span>
    </p>
   </div>
   <div class='ocr_carea' id='block_1_40' title="bbox 2134 1566 3812 1666">
    <p class='ocr_par' dir='ltr' id='par_1_40' title="bbox 2134 1566 3812 1666">
     <span class='ocr_line' id='line_1_40' title="bbox 2134 1566 3812 1666; baseline 0.005 -34"><span class='ocrx_word' id='word_1_257' title='bbox 2134 1566 2290 1645; x_wconf 54' lang='grc' dir='ltr'>πων,</span> <span class='ocrx_word' id='word_1_258' title='bbox 2321 1580 2564 1634; x_wconf 84' lang='grc' dir='ltr'>δείκνυσι</span> <span class='ocrx_word' id='word_1_259' title='bbox 2593 1579 2684 1634; x_wconf 78' lang='grc' dir='ltr'><strong>τὸν</strong></span> <span class='ocrx_word' id='word_1_260' title='bbox 2714 1581 2842 1635; x_wconf 79' lang='grc' dir='ltr'>ναὸν</span> <span class='ocrx_word' id='word_1_261' title='bbox 2867 1583 2895 1635; x_wconf 92' lang='lat'><strong>6</strong></span> <span class='ocrx_word' id='word_1_262' title='bbox 2922 1582 3083 1646; x_wconf 73' lang='grc' dir='ltr'>Θεός*</span> <span class='ocrx_word' id='word_1_263' title='bbox 3113 1583 3210 1636; x_wconf 74' lang='grc' dir='ltr'>καὶ</span> <span class='ocrx_word' id='word_1_264' title='bbox 3251 1584 3523 1652; x_wconf 86' lang='grc' dir='ltr'>Σολομὼν,</span> <span class='ocrx_word' id='word_1_265' title='bbox 3555 1587 3626 1636; x_wconf 76' lang='grc' dir='ltr'>ἐκ</span> <span class='ocrx_word' id='word_1_266' title='bbox 3649 1588 3759 1641; x_wconf 70' lang='grc' dir='ltr'>νό-</span> <span class='ocrx_word' id='word_1_267' title='bbox 3805 1655 3812 1666; x_wconf 36' lang='grc'><em>,</em></span> 
     </span>
    </p>
   </div>
   <div class='ocr_carea' id='block_1_41' title="bbox 2157 1669 3913 1754">
    <p class='ocr_par' dir='ltr' id='par_1_41' title="bbox 2157 1669 3913 1754">
     <span class='ocr_line' id='line_1_41' title="bbox 2157 1669 3913 1754; baseline 0.003 -31"><span class='ocrx_word' id='word_1_268' title='bbox 2157 1687 2257 1742; x_wconf 89' lang='grc' dir='ltr'><strong>μου</strong></span> <span class='ocrx_word' id='word_1_269' title='bbox 2291 1669 2472 1738; x_wconf 62' lang='grc' dir='ltr'>λειϐὼν</span> <span class='ocrx_word' id='word_1_270' title='bbox 2518 1670 2580 1722; x_wconf 78' lang='grc' dir='ltr'>τὸ</span> <span class='ocrx_word' id='word_1_271' title='bbox 2626 1670 2884 1741; x_wconf 80' lang='grc' dir='ltr'>τύπωμα,</span> <span class='ocrx_word' id='word_1_272' title='bbox 2936 1671 3119 1743; x_wconf 81' lang='grc' dir='ltr'>πλήρη</span> <span class='ocrx_word' id='word_1_273' title='bbox 3169 1674 3437 1744; x_wconf 83' lang='grc' dir='ltr'>πεποίηκε</span> <span class='ocrx_word' id='word_1_274' title='bbox 3477 1675 3568 1727; x_wconf 82' lang='grc' dir='ltr'><strong>τὸν</strong></span> <span class='ocrx_word' id='word_1_275' title='bbox 3609 1676 3753 1729; x_wconf 75' lang='grc' dir='ltr'>ναὸν</span> <span class='ocrx_word' id='word_1_276' title='bbox 3911 1725 3913 1754; x_wconf 39' lang='grc' dir='ltr'><strong>ε</strong></span> 
     </span>
    </p>
   </div>
   <div class='ocr_carea' id='block_1_42' title="bbox 2153 1762 3750 1838">
    <p class='ocr_par' dir='ltr' id='par_1_42' title="bbox 2153 1762 3750 1838">
     <span class='ocr_line' id='line_1_42' title="bbox 2153 1762 3750 1838; baseline 0.003 -23"><span class='ocrx_word' id='word_1_277' title='bbox 2153 1762 2370 1833; x_wconf 87' lang='grc' dir='ltr'>χαλκῶν</span> <span class='ocrx_word' id='word_1_278' title='bbox 2393 1762 2670 1830; x_wconf 86' lang='grc' dir='ltr'>γλυπτῶν,</span> <span class='ocrx_word' id='word_1_279' title='bbox 2724 1765 2882 1834; x_wconf 85' lang='grc' dir='ltr'>βοῶν,</span> <span class='ocrx_word' id='word_1_280' title='bbox 2923 1765 3018 1818; x_wconf 70' lang='grc' dir='ltr'><strong>καὶ</strong></span> <span class='ocrx_word' id='word_1_281' title='bbox 3061 1766 3320 1833; x_wconf 79' lang='grc' dir='ltr'>φοινίκων</span> <span class='ocrx_word' id='word_1_282' title='bbox 3345 1807 3360 1831; x_wconf 90' lang='grc'><strong>,</strong></span> <span class='ocrx_word' id='word_1_283' title='bbox 3395 1767 3489 1819; x_wconf 81' lang='grc' dir='ltr'><strong>καὶ</strong></span> <span class='ocrx_word' id='word_1_284' title='bbox 3516 1766 3750 1838; x_wconf 71' lang='grc' dir='ltr'><strong>ἀνθρὼ-</strong></span> 
     </span>
    </p>
   </div>
   <div class='ocr_carea' id='block_1_43' title="bbox 2154 1852 3754 1926">
    <p class='ocr_par' dir='ltr' id='par_1_43' title="bbox 2154 1852 3754 1926">
     <span class='ocr_line' id='line_1_43' title="bbox 2154 1852 3754 1926; baseline 0.003 -21"><span class='ocrx_word' id='word_1_285' title='bbox 2154 1870 2291 1919; x_wconf 89' lang='grc' dir='ltr'>πων,</span> <span class='ocrx_word' id='word_1_286' title='bbox 2323 1854 2417 1907; x_wconf 74' lang='grc' dir='ltr'><strong>καὶ</strong></span> <span class='ocrx_word' id='word_1_287' title='bbox 2441 1852 2502 1906; x_wconf 83' lang='grc' dir='ltr'><strong>οὐ</strong></span> <span class='ocrx_word' id='word_1_288' title='bbox 2533 1853 2887 1925; x_wconf 82' lang='grc' dir='ltr'>κατεγνώσθη</span> <span class='ocrx_word' id='word_1_289' title='bbox 2931 1855 3036 1908; x_wconf 80' lang='grc' dir='ltr'>ὑπὸ</span> <span class='ocrx_word' id='word_1_290' title='bbox 3082 1855 3176 1908; x_wconf 89' lang='grc' dir='ltr'><strong>τοῦ</strong></span> <span class='ocrx_word' id='word_1_291' title='bbox 3202 1855 3338 1909; x_wconf 78' lang='grc' dir='ltr'>θεοῦ</span> <span class='ocrx_word' id='word_1_292' title='bbox 3365 1858 3420 1909; x_wconf 82' lang='grc' dir='ltr'>ὲν</span> <span class='ocrx_word' id='word_1_293' title='bbox 3441 1858 3648 1926; x_wconf 76' lang='grc' dir='ltr'>τούτῳ.</span> <span class='ocrx_word' id='word_1_294' title='bbox 3679 1857 3754 1910; x_wconf 78' lang='grc' dir='ltr'><strong>ΕΞ</strong></span> 
     </span>
    </p>
   </div>
   <div class='ocr_carea' id='block_1_44' title="bbox 2151 1942 3750 2019">
    <p class='ocr_par' dir='ltr' id='par_1_44' title="bbox 2151 1942 3750 2019">
     <span class='ocr_line' id='line_1_44' title="bbox 2151 1942 3750 2019; baseline 0.003 -23"><span class='ocrx_word' id='word_1_295' title='bbox 2151 1944 2332 2000; x_wconf 91' lang='grc' dir='ltr'>τοίνυν</span> <span class='ocrx_word' id='word_1_296' title='bbox 2378 1942 2514 2015; x_wconf 76' lang='grc' dir='ltr'>ἐμοῦ</span> <span class='ocrx_word' id='word_1_297' title='bbox 2572 1943 3010 2012; x_wconf 79' lang='grc' dir='ltr'>καταγινώσκειν</span> <span class='ocrx_word' id='word_1_298' title='bbox 3059 1945 3236 2010; x_wconf 80' lang='grc' dir='ltr'><strong>Θέλεις</strong></span> <span class='ocrx_word' id='word_1_299' title='bbox 3294 1948 3421 2019; x_wconf 74' lang='grc' dir='ltr'><strong>περί⁸</strong></span> <span class='ocrx_word' id='word_1_300' title='bbox 3483 1949 3750 2015; x_wconf 80' lang='grc' dir='ltr'>εἰκόνων,</span> 
     </span>
    </p>
   </div>
   <div class='ocr_carea' id='block_1_45' title="bbox 2153 2034 3750 2108">
    <p class='ocr_par' dir='ltr' id='par_1_45' title="bbox 2153 2034 3750 2108">
     <span class='ocr_line' id='line_1_45' title="bbox 2153 2034 3750 2108; baseline 0.002 -19"><span class='ocrx_word' id='word_1_301' title='bbox 2153 2035 2573 2108; x_wconf 84' lang='grc' dir='ltr'>προκατάγνωθι</span> <span class='ocrx_word' id='word_1_302' title='bbox 2607 2035 2699 2089; x_wconf 88' lang='grc' dir='ltr'><strong>τοῦ</strong></span> <span class='ocrx_word' id='word_1_303' title='bbox 2742 2034 2877 2089; x_wconf 74' lang='grc' dir='ltr'>Θεοῦ</span> <span class='ocrx_word' id='word_1_304' title='bbox 2923 2035 3099 2090; x_wconf 87' lang='grc' dir='ltr'>ταῦτα</span> <span class='ocrx_word' id='word_1_305' title='bbox 3137 2041 3311 2091; x_wconf 82' lang='grc' dir='ltr'>ποιεῖν</span> <span class='ocrx_word' id='word_1_306' title='bbox 3350 2039 3750 2105; x_wconf 76' lang='grc' dir='ltr'>κελεύσαντος,</span> 
     </span>
    </p>
   </div>
   <div class='ocr_carea' id='block_1_46' title="bbox 2151 2121 3368 2200">
    <p class='ocr_par' dir='ltr' id='par_1_46' title="bbox 2151 2121 3368 2200">
     <span class='ocr_line' id='line_1_46' title="bbox 2151 2121 3368 2200; baseline 0 -18"><span class='ocrx_word' id='word_1_307' title='bbox 2151 2127 2227 2193; x_wconf 81' lang='grc' dir='ltr'>ὡς</span> <span class='ocrx_word' id='word_1_308' title='bbox 2255 2127 2561 2200; x_wconf 82' lang='grc' dir='ltr'>ὑπόμνησιν</span> <span class='ocrx_word' id='word_1_309' title='bbox 2594 2125 2759 2181; x_wconf 84' lang='grc' dir='ltr'>αὑτοῦ</span> <span class='ocrx_word' id='word_1_310' title='bbox 2794 2121 2934 2182; x_wconf 80' lang='grc' dir='ltr'>εἰναι</span> <span class='ocrx_word' id='word_1_311' title='bbox 2974 2125 3108 2199; x_wconf 87' lang='grc' dir='ltr'>παρ’</span> <span class='ocrx_word' id='word_1_312' title='bbox 3147 2129 3304 2198; x_wconf 81' lang='grc' dir='ltr'>ἡμῖν.</span> <span class='ocrx_word' id='word_1_313' title='bbox 3349 2146 3368 2182; x_wconf 74' lang='grc' dir='ltr'><strong>ι</strong></span> 
     </span>
    </p>
   </div>
   <div class='ocr_carea' id='block_1_47' title="bbox 2370 2395 3512 2466">
    <p class='ocr_par' dir='ltr' id='par_1_47' title="bbox 2370 2395 3512 2466">
     <span class='ocr_line' id='line_1_47' title="bbox 2370 2395 3512 2466; baseline 0.003 -16"><span class='ocrx_word' id='word_1_314' title='bbox 2370 2395 2480 2450; x_wconf 83' lang='grc' dir='ltr'>Τοῦ</span> <span class='ocrx_word' id='word_1_315' title='bbox 2508 2395 2717 2460; x_wconf 82' lang='grc' dir='ltr'>αὐτοῦ,</span> <span class='ocrx_word' id='word_1_316' title='bbox 2757 2395 2826 2450; x_wconf 82' lang='grc' dir='ltr'>ἐκ</span> <span class='ocrx_word' id='word_1_317' title='bbox 2855 2395 2961 2451; x_wconf 83' lang='grc' dir='ltr'><strong>τοῦ</strong></span> <span class='ocrx_word' id='word_1_318' title='bbox 2998 2395 3272 2466; x_wconf 81' lang='grc' dir='ltr'>πέμπτου</span> <span class='ocrx_word' id='word_1_319' title='bbox 3305 2397 3512 2466; x_wconf 71' lang='grc' dir='ltr'>λόγου.</span> 
     </span>
    </p>
   </div>
   <div class='ocr_carea' id='block_1_48' title="bbox 2232 2485 3752 2558">
    <p class='ocr_par' dir='ltr' id='par_1_48' title="bbox 2232 2485 3752 2558">
     <span class='ocr_line' id='line_1_48' title="bbox 2232 2485 3752 2558; baseline 0.005 -20"><span class='ocrx_word' id='word_1_320' title='bbox 2232 2503 2252 2538; x_wconf 77' lang='grc' dir='ltr'><strong>ι</strong></span> <span class='ocrx_word' id='word_1_321' title='bbox 2287 2485 2457 2539; x_wconf 81' lang='grc' dir='ltr'>Πάλιν</span> <span class='ocrx_word' id='word_1_322' title='bbox 2487 2485 2635 2556; x_wconf 82' lang='grc' dir='ltr'>ἡμᾶς</span> <span class='ocrx_word' id='word_1_323' title='bbox 2666 2485 3014 2549; x_wconf 75' lang='grc' dir='ltr'>διαπαίζουσι</span> <span class='ocrx_word' id='word_1_324' title='bbox 3043 2488 3171 2558; x_wconf 86' lang='grc' dir='ltr'><strong>περί</strong></span> <span class='ocrx_word' id='word_1_325' title='bbox 3210 2485 3304 2541; x_wconf 88' lang='grc' dir='ltr'><strong>τοῦ</strong></span> <span class='ocrx_word' id='word_1_326' title='bbox 3341 2489 3527 2558; x_wconf 86' lang='grc' dir='ltr'>τιμίου</span> <span class='ocrx_word' id='word_1_327' title='bbox 3563 2507 3752 2546; x_wconf 81' lang='grc' dir='ltr'>σταυ-</span> 
     </span>
    </p>
   </div>
   <div class='ocr_carea' id='block_1_49' title="bbox 2159 2576 3750 2651">
    <p class='ocr_par' dir='ltr' id='par_1_49' title="bbox 2159 2576 3750 2651">
     <span class='ocr_line' id='line_1_49' title="bbox 2159 2576 3750 2651; baseline 0.004 -21"><span class='ocrx_word' id='word_1_328' title='bbox 2159 2577 2272 2649; x_wconf 92' lang='grc' dir='ltr'>ροῦ,</span> <span class='ocrx_word' id='word_1_329' title='bbox 2304 2578 2398 2632; x_wconf 73' lang='grc' dir='ltr'><strong>καὶ</strong></span> <span class='ocrx_word' id='word_1_330' title='bbox 2427 2576 2527 2648; x_wconf 80' lang='grc' dir='ltr'><strong>τῆς</strong></span> <span class='ocrx_word' id='word_1_331' title='bbox 2565 2579 2676 2632; x_wconf 89' lang='grc' dir='ltr'><strong>τῶν</strong></span> <span class='ocrx_word' id='word_1_332' title='bbox 2721 2576 3076 2632; x_wconf 85' lang='grc' dir='ltr'>θεοτυπὼτων</span> <span class='ocrx_word' id='word_1_333' title='bbox 3105 2578 3330 2633; x_wconf 85' lang='grc' dir='ltr'>εἰκόνων</span> <span class='ocrx_word' id='word_1_334' title='bbox 3375 2582 3750 2651; x_wconf 81' lang='grc' dir='ltr'>σημειώσεὼς</span> 
     </span>
    </p>
   </div>
   <div class='ocr_carea' id='block_1_50' title="bbox 2153 2661 3788 2741">
    <p class='ocr_par' dir='ltr' id='par_1_50' title="bbox 2153 2661 3788 2741">
     <span class='ocr_line' id='line_1_50' title="bbox 2153 2661 3788 2741; baseline 0.003 -19"><span class='ocrx_word' id='word_1_335' title='bbox 2153 2686 2210 2722; x_wconf 87' lang='grc' dir='ltr'><strong>τε</strong></span> <span class='ocrx_word' id='word_1_336' title='bbox 2233 2669 2327 2723; x_wconf 74' lang='grc' dir='ltr'>καὶ</span> <span class='ocrx_word' id='word_1_337' title='bbox 2362 2670 2804 2741; x_wconf 77' lang='grc' dir='ltr'>προσκυνήσεως,</span> <span class='ocrx_word' id='word_1_338' title='bbox 2847 2667 3237 2739; x_wconf 80' lang='grc' dir='ltr'>εἰδωλολάτρας</span> <span class='ocrx_word' id='word_1_339' title='bbox 3267 2670 3412 2738; x_wconf 75' lang='grc' dir='ltr'>ἡμᾶς</span> <span class='ocrx_word' id='word_1_340' title='bbox 3445 2661 3746 2736; x_wconf 69' lang='grc' dir='ltr'>καὶξύλα·</span> <span class='ocrx_word' id='word_1_341' title='bbox 3783 2674 3788 2692; x_wconf 85' lang='grc'><strong>¹</strong></span> 
     </span>
    </p>
   </div>
   <div class='ocr_carea' id='block_1_51' title="bbox 2155 2757 3744 2833">
    <p class='ocr_par' dir='ltr' id='par_1_51' title="bbox 2155 2757 3744 2833">
     <span class='ocr_line' id='line_1_51' title="bbox 2155 2757 3744 2833; baseline 0.001 -20"><span class='ocrx_word' id='word_1_342' title='bbox 2155 2759 2310 2823; x_wconf 83' lang='grc' dir='ltr'>θέους</span> <span class='ocrx_word' id='word_1_343' title='bbox 2329 2759 2709 2830; x_wconf 81' lang='grc' dir='ltr'>ὀνομάζοντες,</span> <span class='ocrx_word' id='word_1_344' title='bbox 2735 2759 2784 2812; x_wconf 88' lang='grc' dir='ltr'><strong>οἰ</strong></span> <span class='ocrx_word' id='word_1_345' title='bbox 2815 2757 3097 2812; x_wconf 80' lang='grc' dir='ltr'>πανάϐεοι.</span> <span class='ocrx_word' id='word_1_346' title='bbox 3128 2760 3191 2812; x_wconf 81' lang='grc' dir='ltr'>Εἰ</span> <span class='ocrx_word' id='word_1_347' title='bbox 3220 2759 3277 2812; x_wconf 84' lang='grc' dir='ltr'><strong>δὲ</strong></span> <span class='ocrx_word' id='word_1_348' title='bbox 3311 2759 3556 2824; x_wconf 82' lang='grc' dir='ltr'>ξυλόθεός</span> <span class='ocrx_word' id='word_1_349' title='bbox 3589 2763 3744 2833; x_wconf 84' lang='grc' dir='ltr'>εἰμι,</span> 
     </span>
    </p>
   </div>
   <div class='ocr_carea' id='block_1_52' title="bbox 2153 2849 3746 2922">
    <p class='ocr_par' dir='ltr' id='par_1_52' title="bbox 2153 2849 3746 2922">
     <span class='ocr_line' id='line_1_52' title="bbox 2153 2849 3746 2922; baseline 0.001 -16"><span class='ocrx_word' id='word_1_350' title='bbox 2153 2853 2228 2917; x_wconf 82' lang='grc' dir='ltr'>ὼς</span> <span class='ocrx_word' id='word_1_351' title='bbox 2249 2853 2449 2922; x_wconf 87' lang='grc' dir='ltr'>λέγεις,</span> <span class='ocrx_word' id='word_1_352' title='bbox 2472 2851 2622 2917; x_wconf 79' lang='grc' dir='ltr'>ἄθεε,</span> <span class='ocrx_word' id='word_1_353' title='bbox 2658 2850 2752 2906; x_wconf 64' lang='grc' dir='ltr'><strong>καὶ</strong></span> <span class='ocrx_word' id='word_1_354' title='bbox 2780 2849 3041 2915; x_wconf 82' lang='grc' dir='ltr'>πολύθεος</span> <span class='ocrx_word' id='word_1_355' title='bbox 3088 2851 3326 2916; x_wconf 81' lang='grc' dir='ltr'>πάντως.</span> <span class='ocrx_word' id='word_1_356' title='bbox 3367 2853 3427 2906; x_wconf 86' lang='grc' dir='ltr'>Εἰ</span> <span class='ocrx_word' id='word_1_357' title='bbox 3467 2853 3528 2906; x_wconf 80' lang='grc' dir='ltr'>δὲ</span> <span class='ocrx_word' id='word_1_358' title='bbox 3560 2855 3746 2907; x_wconf 77' lang='grc' dir='ltr'>πολύ-</span> 
     </span>
    </p>
   </div>
   <div class='ocr_carea' id='block_1_53' title="bbox 2154 2941 3746 3014">
    <p class='ocr_par' dir='ltr' id='par_1_53' title="bbox 2154 2941 3746 3014">
     <span class='ocr_line' id='line_1_53' title="bbox 2154 2941 3746 3014; baseline 0.003 -18"><span class='ocrx_word' id='word_1_359' title='bbox 2154 2941 2295 3008; x_wconf 84' lang='grc' dir='ltr'>Θεος,</span> <span class='ocrx_word' id='word_1_360' title='bbox 2347 2944 2515 3014; x_wconf 81' lang='grc' dir='ltr'><strong>ὲχρῆν</strong></span> <span class='ocrx_word' id='word_1_361' title='bbox 2551 2960 2619 3014; x_wconf 87' lang='grc' dir='ltr'><strong>με</strong></span> <span class='ocrx_word' id='word_1_362' title='bbox 2677 2941 2894 3006; x_wconf 81' lang='grc' dir='ltr'>πάντως</span> <span class='ocrx_word' id='word_1_363' title='bbox 2927 2942 3168 3012; x_wconf 81' lang='grc' dir='ltr'>ὀμνύντα</span> <span class='ocrx_word' id='word_1_364' title='bbox 3210 2943 3390 3012; x_wconf 84' lang='grc' dir='ltr'>λέγειν</span> <span class='ocrx_word' id='word_1_365' title='bbox 3411 2962 3425 2976; x_wconf 90' lang='grc'><strong>·</strong></span> <span class='ocrx_word' id='word_1_366' title='bbox 3460 2946 3559 3000; x_wconf 78' lang='grc' dir='ltr'><em>Μὰ</em></span> <span class='ocrx_word' id='word_1_367' title='bbox 3586 2947 3746 3014; x_wconf 78' lang='grc' dir='ltr'>τοὺς</span> 
     </span>
    </p>
   </div>
   <div class='ocr_carea' id='block_1_54' title="bbox 467 3033 2050 3119">
    <p class='ocr_par' dir='ltr' id='par_1_54' title="bbox 467 3035 2047 3109">
     <span class='ocr_line' id='line_1_54' title="bbox 467 3035 2047 3109; baseline 0.004 -20"><span class='ocrx_word' id='word_1_368' title='bbox 467 3035 700 3106; x_wconf 87' lang='lat' dir='ltr'><strong>jerando</strong></span> <span class='ocrx_word' id='word_1_369' title='bbox 751 3037 965 3104; x_wconf 82' lang='lat' dir='ltr'><strong>dixero,</strong></span> <span class='ocrx_word' id='word_1_370' title='bbox 1025 3038 1129 3092; x_wconf 83' lang='lat' dir='ltr'><strong>Per</strong></span> <span class='ocrx_word' id='word_1_371' title='bbox 1173 3037 1298 3092; x_wconf 82' lang='lat' dir='ltr'><strong>deos</strong></span> <span class='ocrx_word' id='word_1_372' title='bbox 1335 3053 1353 3090; x_wconf 92' lang='lat'><strong><em>:</em></strong></span> <span class='ocrx_word' id='word_1_373' title='bbox 1389 3040 1850 3108; x_wconf 86' lang='lat' dir='ltr'><strong>quemadmodum</strong></span> <span class='ocrx_word' id='word_1_374' title='bbox 1881 3050 1933 3096; x_wconf 91' lang='lat' dir='ltr'><strong>et</strong></span> <span class='ocrx_word' id='word_1_375' title='bbox 1965 3049 2047 3109; x_wconf 92' lang='lat' dir='ltr'><strong>tu,</strong></span> 
     </span>
    </p>
   </div>
   <div class='ocr_carea' id='block_1_55' title="bbox 2156 3033 3740 3119">
    <p class='ocr_par' dir='ltr' id='par_1_55' title="bbox 2156 3033 3740 3105">
     <span class='ocr_line' id='line_1_55' title="bbox 2156 3033 3740 3105; baseline -0.001 -15"><span class='ocrx_word' id='word_1_376' title='bbox 2156 3035 2350 3100; x_wconf 87' lang='grc' dir='ltr'>θεοὺς,</span> <span class='ocrx_word' id='word_1_377' title='bbox 2401 3033 2654 3105; x_wconf 84' lang='grc' dir='ltr'>καθάπερ</span> <span class='ocrx_word' id='word_1_378' title='bbox 2699 3033 2794 3088; x_wconf 77' lang='grc' dir='ltr'><strong>καὶ</strong></span> <span class='ocrx_word' id='word_1_379' title='bbox 2847 3034 2911 3086; x_wconf 82' lang='grc' dir='ltr'><strong>σὺ</strong></span> <span class='ocrx_word' id='word_1_380' title='bbox 2941 3034 3035 3086; x_wconf 73' lang='grc' dir='ltr'><strong>ἕνα</strong></span> <span class='ocrx_word' id='word_1_381' title='bbox 3071 3033 3212 3104; x_wconf 85' lang='grc' dir='ltr'>ὁρῶν</span> <span class='ocrx_word' id='word_1_382' title='bbox 3243 3035 3462 3105; x_wconf 80' lang='grc' dir='ltr'>μόσχον,</span> <span class='ocrx_word' id='word_1_383' title='bbox 3502 3036 3698 3104; x_wconf 72' lang='grc' dir='ltr'>ἔλεγες</span> <span class='ocrx_word' id='word_1_384' title='bbox 3724 3053 3740 3067; x_wconf 78' lang='grc' dir='ltr'><strong><em>ο</em></strong></span> 
     </span>
    </p>
   </div>
   <div class='ocr_carea' id='block_1_56' title="bbox 471 3127 2049 3198">
    <p class='ocr_par' dir='ltr' id='par_1_56' title="bbox 471 3127 2049 3198">
     <span class='ocr_line' id='line_1_56' title="bbox 471 3127 2049 3198; baseline 0.005 -20"><span class='ocrx_word' id='word_1_385' title='bbox 471 3127 750 3196; x_wconf 91' lang='lat' dir='ltr'><strong>quondam</strong></span> <span class='ocrx_word' id='word_1_386' title='bbox 780 3127 1014 3180; x_wconf 89' lang='lat' dir='ltr'><strong>vitulum</strong></span> <span class='ocrx_word' id='word_1_387' title='bbox 1045 3143 1218 3182; x_wconf 90' lang='lat' dir='ltr'><strong>unum</strong></span> <span class='ocrx_word' id='word_1_388' title='bbox 1245 3129 1542 3198; x_wconf 86' lang='lat' dir='ltr'><strong>aspiciens,</strong></span> <span class='ocrx_word' id='word_1_389' title='bbox 1572 3129 1760 3186; x_wconf 85' lang='lat' dir='ltr'><strong>aiebas</strong></span> <span class='ocrx_word' id='word_1_390' title='bbox 1787 3149 1802 3183; x_wconf 90' lang='lat'><strong>:</strong></span> <span class='ocrx_word' id='word_1_391' title='bbox 1832 3129 1902 3184; x_wconf 83' lang='lat' dir='ltr'><strong>Ili</strong></span> <span class='ocrx_word' id='word_1_392' title='bbox 1930 3141 2049 3186; x_wconf 76' lang='lat' dir='ltr'><strong>sunt</strong></span> 
     </span>
    </p>
   </div>
   <div class='ocr_carea' id='block_1_57' title="bbox 471 3214 2052 3290">
    <p class='ocr_par' dir='ltr' id='par_1_57' title="bbox 471 3214 2052 3290">
     <span class='ocr_line' id='line_1_57' title="bbox 471 3214 2052 3290; baseline 0.006 -22"><span class='ocrx_word' id='word_1_393' title='bbox 471 3215 550 3269; x_wconf 78' lang='lat' dir='ltr'><strong>dii</strong></span> <span class='ocrx_word' id='word_1_394' title='bbox 599 3216 699 3282; x_wconf 78' lang='lat' dir='ltr'><strong>tui,</strong></span> <span class='ocrx_word' id='word_1_395' title='bbox 756 3214 932 3271; x_wconf 76' lang='lat' dir='ltr'><strong>Israel</strong></span> <span class='ocrx_word' id='word_1_396' title='bbox 981 3217 1049 3272; x_wconf 76' lang='grc'><strong>⁵⁸.</strong></span> <span class='ocrx_word' id='word_1_397' title='bbox 1090 3219 1159 3272; x_wconf 90' lang='lat' dir='ltr'><strong>At</strong></span> <span class='ocrx_word' id='word_1_398' title='bbox 1215 3219 1488 3288; x_wconf 86' lang='lat' dir='ltr'><strong>ejusmodi</strong></span> <span class='ocrx_word' id='word_1_399' title='bbox 1537 3219 1922 3290; x_wconf 79' lang='lat' dir='ltr'><strong>jusjurandum</strong></span> <span class='ocrx_word' id='word_1_400' title='bbox 1983 3239 2052 3280; x_wconf 80' lang='lat' dir='ltr'><strong>ex</strong></span> 
     </span>
    </p>
   </div>
   <div class='ocr_carea' id='block_1_58' title="bbox 472 3309 2052 3388">
    <p class='ocr_par' dir='ltr' id='par_1_58' title="bbox 472 3309 2052 3388">
     <span class='ocr_line' id='line_1_58' title="bbox 472 3309 2052 3388; baseline 0.008 -26"><span class='ocrx_word' id='word_1_401' title='bbox 472 3322 569 3364; x_wconf 90' lang='lat' dir='ltr'><strong>ore</strong></span> <span class='ocrx_word' id='word_1_402' title='bbox 625 3309 1064 3366; x_wconf 87' lang='lat' dir='ltr'><strong>Christianorum</strong></span> <span class='ocrx_word' id='word_1_403' title='bbox 1117 3323 1173 3370; x_wconf 92' lang='lat' dir='ltr'><strong>te</strong></span> <span class='ocrx_word' id='word_1_404' title='bbox 1226 3314 1506 3371; x_wconf 85' lang='lat' dir='ltr'><strong>audivisse</strong></span> <span class='ocrx_word' id='word_1_405' title='bbox 1541 3318 1862 3388; x_wconf 85' lang='lat' dir='ltr'><strong>neutiquam</strong></span> <span class='ocrx_word' id='word_1_406' title='bbox 1900 3333 2052 3374; x_wconf 87' lang='lat' dir='ltr'><strong>asse-</strong></span> 
     </span>
    </p>
   </div>
   <div class='ocr_carea' id='block_1_59' title="bbox 472 3401 2051 3479">
    <p class='ocr_par' dir='ltr' id='par_1_59' title="bbox 472 3401 2051 3479">
     <span class='ocr_line' id='line_1_59' title="bbox 472 3401 2051 3479; baseline 0.008 -24"><span class='ocrx_word' id='word_1_407' title='bbox 472 3401 703 3458; x_wconf 86' lang='lat' dir='ltr'><strong>veraris.</strong></span> <span class='ocrx_word' id='word_1_408' title='bbox 771 3401 968 3458; x_wconf 82' lang='lat' dir='ltr'><strong>Verum</strong></span> <span class='ocrx_word' id='word_1_409' title='bbox 1025 3405 1291 3464; x_wconf 69' lang='lat' dir='ltr'><strong>adulterae</strong></span> <span class='ocrx_word' id='word_1_410' title='bbox 1355 3407 1653 3479; x_wconf 69' lang='lat' dir='ltr'><strong>Synagogae</strong></span> <span class='ocrx_word' id='word_1_411' title='bbox 1704 3411 2051 3467; x_wconf 87' lang='lat' dir='ltr'><strong>consuetudo</strong></span> 
     </span>
    </p>
   </div>
   <div class='ocr_carea' id='block_1_60' title="bbox 472 3494 2050 3567">
    <p class='ocr_par' dir='ltr' id='par_1_60' title="bbox 472 3494 2050 3567">
     <span class='ocr_line' id='line_1_60' title="bbox 472 3494 2050 3567; baseline 0.008 -21"><span class='ocrx_word' id='word_1_412' title='bbox 472 3501 578 3560; x_wconf 90' lang='lat' dir='ltr'><strong>est,</strong></span> <span class='ocrx_word' id='word_1_413' title='bbox 610 3501 669 3547; x_wconf 92' lang='lat' dir='ltr'><strong>ut</strong></span> <span class='ocrx_word' id='word_1_414' title='bbox 715 3494 1098 3564; x_wconf 31' lang='lat' dir='ltr'><strong>castissimam‘</strong></span> <span class='ocrx_word' id='word_1_415' title='bbox 1129 3497 1333 3552; x_wconf 86' lang='lat' dir='ltr'><strong>Christi</strong></span> <span class='ocrx_word' id='word_1_416' title='bbox 1369 3497 1704 3567; x_wconf 87' lang='lat' dir='ltr'><strong>Ecclesiam,</strong></span> <span class='ocrx_word' id='word_1_417' title='bbox 1731 3515 1832 3557; x_wconf 88' lang='lat' dir='ltr'><strong>ceu</strong></span> <span class='ocrx_word' id='word_1_418' title='bbox 1867 3518 2050 3559; x_wconf 79' lang='lat' dir='ltr'><strong>inere-</strong></span> 
     </span>
    </p>
   </div>
   <div class='ocr_carea' id='block_1_61' title="bbox 474 3583 1005 3640">
    <p class='ocr_par' dir='ltr' id='par_1_61' title="bbox 474 3583 1005 3640">
     <span class='ocr_line' id='line_1_61' title="bbox 474 3583 1005 3640; baseline -0.002 -3"><span class='ocrx_word' id='word_1_419' title='bbox 474 3583 666 3638; x_wconf 91' lang='lat' dir='ltr'><strong>tricem</strong></span> <span class='ocrx_word' id='word_1_420' title='bbox 698 3583 948 3640; x_wconf 77' lang='lat' dir='ltr'><strong>infamet.</strong></span> <span class='ocrx_word' id='word_1_421' title='bbox 986 3602 1005 3636; x_wconf 70' lang='grc' dir='ltr'><strong>ι</strong></span> 
     </span>
    </p>
   </div>
   <div class='ocr_carea' id='block_1_62' title="bbox 547 3673 2053 3750">
    <p class='ocr_par' dir='ltr' id='par_1_62' title="bbox 547 3673 2053 3750">
     <span class='ocr_line' id='line_1_62' title="bbox 547 3673 2053 3750; baseline 0.008 -24"><span class='ocrx_word' id='word_1_422' title='bbox 547 3673 828 3744; x_wconf 83' lang='lat' dir='ltr'><strong>Ejusdem.</strong></span> <span class='ocrx_word' id='word_1_423' title='bbox 867 3694 885 3728; x_wconf 79' lang='grc' dir='ltr'><strong>ι</strong></span> <span class='ocrx_word' id='word_1_424' title='bbox 926 3675 1114 3747; x_wconf 84' lang='lat' dir='ltr'><strong>Neque</strong></span> <span class='ocrx_word' id='word_1_425' title='bbox 1140 3678 1286 3734; x_wconf 92' lang='lat' dir='ltr'><strong>enim</strong></span> <span class='ocrx_word' id='word_1_426' title='bbox 1308 3687 1624 3737; x_wconf 90' lang='lat' dir='ltr'><strong>sanctorum</strong></span> <span class='ocrx_word' id='word_1_427' title='bbox 1653 3680 1879 3750; x_wconf 84' lang='lat' dir='ltr'><strong>formas,</strong></span> <span class='ocrx_word' id='word_1_428' title='bbox 1917 3681 2053 3738; x_wconf 90' lang='lat' dir='ltr'><strong>ima-</strong></span> 
     </span>
    </p>
   </div>
   <div class='ocr_carea' id='block_1_63' title="bbox 473 3765 2052 3838">
    <p class='ocr_par' dir='ltr' id='par_1_63' title="bbox 473 3765 2052 3838">
     <span class='ocr_line' id='line_1_63' title="bbox 473 3765 2052 3838; baseline 0.007 -18"><span class='ocrx_word' id='word_1_429' title='bbox 473 3765 629 3838; x_wconf 89' lang='lat' dir='ltr'><strong>gines</strong></span> <span class='ocrx_word' id='word_1_430' title='bbox 659 3775 712 3822; x_wconf 91' lang='lat' dir='ltr'><strong>et</strong></span> <span class='ocrx_word' id='word_1_431' title='bbox 747 3767 946 3838; x_wconf 82' lang='lat' dir='ltr'><strong>figuras</strong></span> <span class='ocrx_word' id='word_1_432' title='bbox 992 3770 1072 3824; x_wconf 89' lang='lat' dir='ltr'><strong>uti</strong></span> <span class='ocrx_word' id='word_1_433' title='bbox 1105 3770 1242 3828; x_wconf 88' lang='lat' dir='ltr'><strong>deos</strong></span> <span class='ocrx_word' id='word_1_434' title='bbox 1303 3774 1619 3829; x_wconf 87' lang='lat' dir='ltr'><strong>adoramus.</strong></span> <span class='ocrx_word' id='word_1_435' title='bbox 1665 3773 1798 3829; x_wconf 87' lang='lat' dir='ltr'><strong>Nam</strong></span> <span class='ocrx_word' id='word_1_436' title='bbox 1843 3777 1888 3831; x_wconf 91' lang='lat' dir='ltr'><strong>si</strong></span> <span class='ocrx_word' id='word_1_437' title='bbox 1931 3783 2052 3830; x_wconf 85' lang='lat' dir='ltr'><strong>tan-</strong></span> 
     </span>
    </p>
   </div>
   <div class='ocr_carea' id='block_1_64' title="bbox 473 3856 2053 3934">
    <p class='ocr_par' dir='ltr' id='par_1_64' title="bbox 473 3856 2053 3934">
     <span class='ocr_line' id='line_1_64' title="bbox 473 3856 2053 3934; baseline 0.006 -23"><span class='ocrx_word' id='word_1_438' title='bbox 473 3872 639 3928; x_wconf 88' lang='lat' dir='ltr'><strong>quam</strong></span> <span class='ocrx_word' id='word_1_439' title='bbox 674 3856 842 3912; x_wconf 90' lang='lat' dir='ltr'><strong>Deum</strong></span> <span class='ocrx_word' id='word_1_440' title='bbox 875 3859 1109 3929; x_wconf 87' lang='lat' dir='ltr'><strong>ligneam</strong></span> <span class='ocrx_word' id='word_1_441' title='bbox 1158 3862 1452 3934; x_wconf 91' lang='lat' dir='ltr'><strong>imaginem</strong></span> <span class='ocrx_word' id='word_1_442' title='bbox 1482 3865 1861 3932; x_wconf 84' lang='lat' dir='ltr'><strong>adoraremus,</strong></span> <span class='ocrx_word' id='word_1_443' title='bbox 1897 3881 2053 3922; x_wconf 89' lang='lat' dir='ltr'><strong>eum-</strong></span> 
     </span>
    </p>
   </div>
   <div class='ocr_carea' id='block_1_65' title="bbox 474 3945 2051 4025">
    <p class='ocr_par' dir='ltr' id='par_1_65' title="bbox 474 3945 2051 4025">
     <span class='ocr_line' id='line_1_65' title="bbox 474 3945 2051 4025; baseline 0.008 -25"><span class='ocrx_word' id='word_1_444' title='bbox 474 3947 598 4002; x_wconf 86' lang='lat' dir='ltr'><strong>dem</strong></span> <span class='ocrx_word' id='word_1_445' title='bbox 629 3945 858 4002; x_wconf 89' lang='lat' dir='ltr'><strong>omnino</strong></span> <span class='ocrx_word' id='word_1_446' title='bbox 891 3948 1098 4003; x_wconf 89' lang='lat' dir='ltr'><strong>cultum</strong></span> <span class='ocrx_word' id='word_1_447' title='bbox 1145 3951 1378 4022; x_wconf 87' lang='lat' dir='ltr'><strong>reliquis</strong></span> <span class='ocrx_word' id='word_1_448' title='bbox 1417 3955 1582 4009; x_wconf 90' lang='lat' dir='ltr'><strong>etiam</strong></span> <span class='ocrx_word' id='word_1_449' title='bbox 1618 3954 1786 4025; x_wconf 88' lang='lat' dir='ltr'><strong>lignis</strong></span> <span class='ocrx_word' id='word_1_450' title='bbox 1822 3955 2051 4012; x_wconf 80' lang='lat' dir='ltr'><strong>exhibe-</strong></span> 
     </span>
    </p>
   </div>
   <div class='ocr_carea' id='block_1_66' title="bbox 474 4045 2052 4120">
    <p class='ocr_par' dir='ltr' id='par_1_66' title="bbox 474 4045 2052 4120">
     <span class='ocr_line' id='line_1_66' title="bbox 474 4045 2052 4120; baseline 0.007 -27"><span class='ocrx_word' id='word_1_451' title='bbox 474 4053 680 4105; x_wconf 85' lang='lat' dir='ltr'><strong>remus,</strong></span> <span class='ocrx_word' id='word_1_452' title='bbox 729 4055 929 4111; x_wconf 91' lang='lat' dir='ltr'><strong>ucque,</strong></span> <span class='ocrx_word' id='word_1_453' title='bbox 958 4050 1018 4096; x_wconf 93' lang='lat' dir='ltr'><strong>ut</strong></span> <span class='ocrx_word' id='word_1_454' title='bbox 1047 4058 1193 4114; x_wconf 63' lang='lat' dir='ltr'><strong>saepe</strong></span> <span class='ocrx_word' id='word_1_455' title='bbox 1221 4045 1515 4118; x_wconf 85' lang='lat' dir='ltr'><strong>contingit,</strong></span> <span class='ocrx_word' id='word_1_456' title='bbox 1550 4047 1844 4120; x_wconf 87' lang='lat' dir='ltr'><strong>imaginem</strong></span> <span class='ocrx_word' id='word_1_457' title='bbox 1879 4047 2052 4104; x_wconf 89' lang='lat' dir='ltr'><strong>forma</strong></span> 
     </span>
    </p>
   </div>
   <div class='ocr_carea' id='block_1_67' title="bbox 473 4131 2052 4211">
    <p class='ocr_par' dir='ltr' id='par_1_67' title="bbox 473 4131 2052 4211">
     <span class='ocr_line' id='line_1_67' title="bbox 473 4131 2052 4211; baseline 0.006 -25"><span class='ocrx_word' id='word_1_458' title='bbox 473 4131 647 4188; x_wconf 90' lang='lat' dir='ltr'><strong>deleta</strong></span> <span class='ocrx_word' id='word_1_459' title='bbox 696 4134 1172 4192; x_wconf 89' lang='lat' dir='ltr'><strong>combureremus.</strong></span> <span class='ocrx_word' id='word_1_460' title='bbox 1214 4136 1279 4192; x_wconf 87' lang='lat' dir='ltr'><strong>Et</strong></span> <span class='ocrx_word' id='word_1_461' title='bbox 1313 4154 1556 4204; x_wconf 92' lang='lat' dir='ltr'><strong>rursum,</strong></span> <span class='ocrx_word' id='word_1_462' title='bbox 1608 4139 1853 4211; x_wconf 91' lang='lat' dir='ltr'><strong>quandiu</strong></span> <span class='ocrx_word' id='word_1_463' title='bbox 1906 4139 2052 4210; x_wconf 86' lang='lat' dir='ltr'><strong>ligna</strong></span> 
     </span>
    </p>
   </div>
   <div class='ocr_carea' id='block_1_68' title="bbox 472 4225 2050 4297">
    <p class='ocr_par' dir='ltr' id='par_1_68' title="bbox 472 4225 2050 4297">
     <span class='ocr_line' id='line_1_68' title="bbox 472 4225 2050 4297; baseline 0.004 -16"><span class='ocrx_word' id='word_1_464' title='bbox 472 4225 655 4281; x_wconf 88' lang='lat' dir='ltr'><strong>crucis</strong></span> <span class='ocrx_word' id='word_1_465' title='bbox 720 4235 974 4297; x_wconf 87' lang='lat' dir='ltr'><strong>coaptata</strong></span> <span class='ocrx_word' id='word_1_466' title='bbox 1048 4237 1297 4296; x_wconf 87' lang='lat' dir='ltr'><strong>manent,</strong></span> <span class='ocrx_word' id='word_1_467' title='bbox 1367 4231 1599 4286; x_wconf 91' lang='lat' dir='ltr'><strong>formam</strong></span> <span class='ocrx_word' id='word_1_468' title='bbox 1676 4231 1824 4285; x_wconf 85' lang='lat' dir='ltr'><strong>illam</strong></span> <span class='ocrx_word' id='word_1_469' title='bbox 1879 4231 2050 4288; x_wconf 88' lang='lat' dir='ltr'><strong>adoro</strong></span> 
     </span>
    </p>
   </div>
   <div class='ocr_carea' id='block_1_69' title="bbox 473 4321 2050 4392">
    <p class='ocr_par' dir='ltr' id='par_1_69' title="bbox 473 4321 2050 4392">
     <span class='ocr_line' id='line_1_69' title="bbox 473 4321 2050 4392; baseline 0.006 -22"><span class='ocrx_word' id='word_1_470' title='bbox 473 4329 695 4388; x_wconf 89' lang='lat' dir='ltr'><strong>propter</strong></span> <span class='ocrx_word' id='word_1_471' title='bbox 722 4334 847 4374; x_wconf 91' lang='lat' dir='ltr'><strong>eum</strong></span> <span class='ocrx_word' id='word_1_472' title='bbox 881 4323 970 4390; x_wconf 91' lang='lat' dir='ltr'><strong>qui</strong></span> <span class='ocrx_word' id='word_1_473' title='bbox 1009 4323 1314 4377; x_wconf 80' lang='lat' dir='ltr'><strong>cruciﬁxus</strong></span> <span class='ocrx_word' id='word_1_474' title='bbox 1346 4321 1482 4377; x_wconf 88' lang='lat' dir='ltr'><strong>fuit:</strong></span> <span class='ocrx_word' id='word_1_475' title='bbox 1517 4321 1608 4374; x_wconf 89' lang='lat' dir='ltr'><strong>ubi</strong></span> <span class='ocrx_word' id='word_1_476' title='bbox 1641 4337 1769 4377; x_wconf 91' lang='lat' dir='ltr'><strong>vero</strong></span> <span class='ocrx_word' id='word_1_477' title='bbox 1800 4323 2050 4392; x_wconf 86' lang='lat' dir='ltr'><strong>sejuncta</strong></span> 
     </span>
    </p>
   </div>
   <div class='ocr_carea' id='block_1_70' title="bbox 2157 3121 3742 3198">
    <p class='ocr_par' dir='ltr' id='par_1_70' title="bbox 2157 3121 3742 3198">
     <span class='ocr_line' id='line_1_70' title="bbox 2157 3121 3742 3198; baseline -0.003 -18"><span class='ocrx_word' id='word_1_478' title='bbox 2157 3121 2332 3183; x_wconf 83' lang='grc' dir='ltr'>Οὗτοι</span> <span class='ocrx_word' id='word_1_479' title='bbox 2368 3125 2424 3179; x_wconf 83' lang='grc' dir='ltr'>οἱ</span> <span class='ocrx_word' id='word_1_480' title='bbox 2462 3125 2584 3178; x_wconf 87' lang='grc' dir='ltr'>θέοι</span> <span class='ocrx_word' id='word_1_481' title='bbox 2628 3137 2769 3190; x_wconf 87' lang='grc' dir='ltr'>σου,</span> <span class='ocrx_word' id='word_1_482' title='bbox 2805 3123 3078 3193; x_wconf 77' lang='grc' dir='ltr'>ἰσραήλ’</span> <span class='ocrx_word' id='word_1_483' title='bbox 3111 3124 3230 3178; x_wconf 74' lang='grc' dir='ltr'>ἀλλ’</span> <span class='ocrx_word' id='word_1_484' title='bbox 3286 3126 3385 3178; x_wconf 79' lang='grc' dir='ltr'><strong>οὐκ</strong></span> <span class='ocrx_word' id='word_1_485' title='bbox 3437 3125 3742 3198; x_wconf 82' lang='grc' dir='ltr'>ἀξιωθείης</span> 
     </span>
    </p>
   </div>
   <div class='ocr_carea' id='block_1_71' title="bbox 3611 283 3782 349">
    <p class='ocr_par' dir='ltr' id='par_1_71' title="bbox 3611 283 3782 349">
     <span class='ocr_line' id='line_1_71' title="bbox 3611 283 3782 349; baseline 0.018 -3"><span class='ocrx_word' id='word_1_486' title='bbox 3611 283 3782 349; x_wconf 71' lang='grc'><strong>1331</strong></span> 
     </span>
    </p>
   </div>
   <div class='ocr_carea' id='block_1_72' title="bbox 471 386 2050 472">
    <p class='ocr_par' dir='ltr' id='par_1_72' title="bbox 471 386 2034 472">
     <span class='ocr_line' id='line_1_72' title="bbox 471 386 2034 472; baseline -0.003 -24"><span class='ocrx_word' id='word_1_487' title='bbox 471 401 669 448; x_wconf 90' lang='lat' dir='ltr'><strong>tutum.</strong></span> <span class='ocrx_word' id='word_1_488' title='bbox 711 389 845 443; x_wconf 84' lang='lat' dir='ltr'><strong>Nam</strong></span> <span class='ocrx_word' id='word_1_489' title='bbox 886 386 1055 443; x_wconf 89' lang='lat' dir='ltr'><strong>Deum</strong></span> <span class='ocrx_word' id='word_1_490' title='bbox 1096 387 1275 459; x_wconf 84' lang='lat' dir='ltr'><strong>ipsum</strong></span> <span class='ocrx_word' id='word_1_491' title='bbox 1318 387 1444 443; x_wconf 88' lang='lat' dir='ltr'><strong>audi</strong></span> <span class='ocrx_word' id='word_1_492' title='bbox 1499 387 1670 461; x_wconf 82' lang='lat' dir='ltr'><strong>Moysi</strong></span> <span class='ocrx_word' id='word_1_493' title='bbox 1707 391 2034 472; x_wconf 72' lang='lat' dir='ltr'><strong>praecipien-</strong></span> 
     </span>
    </p>
   </div>
   <div class='ocr_carea' id='block_1_73' title="bbox 2156 386 3776 472">
    <p class='ocr_par' dir='ltr' id='par_1_73' title="bbox 2156 391 3776 467">
     <span class='ocr_line' id='line_1_73' title="bbox 2156 391 3776 467; baseline 0.003 -21"><span class='ocrx_word' id='word_1_494' title='bbox 2156 394 2410 464; x_wconf 77' lang='grc' dir='ltr'>ἡμετέρα.</span> <span class='ocrx_word' id='word_1_495' title='bbox 2471 395 2739 448; x_wconf 77' lang='grc' dir='ltr'>’Ἄκουσον</span> <span class='ocrx_word' id='word_1_496' title='bbox 2777 393 2885 465; x_wconf 78' lang='grc' dir='ltr'>γὰρ</span> <span class='ocrx_word' id='word_1_497' title='bbox 2926 391 3106 461; x_wconf 67' lang='grc' dir='ltr'>,αὑτοῦ</span> <span class='ocrx_word' id='word_1_498' title='bbox 3141 393 3236 448; x_wconf 89' lang='grc' dir='ltr'><strong>τοῦ</strong></span> <span class='ocrx_word' id='word_1_499' title='bbox 3273 394 3414 450; x_wconf 86' lang='grc' dir='ltr'>Θεοῦ</span> <span class='ocrx_word' id='word_1_500' title='bbox 3475 397 3776 467; x_wconf 77' lang='grc' dir='ltr'>λέγοντος</span> 
     </span>
    </p>
   </div>
   <div class='ocr_carea' id='block_1_74' title="bbox 468 479 2050 557">
    <p class='ocr_par' dir='ltr' id='par_1_74' title="bbox 468 479 2046 553">
     <span class='ocr_line' id='line_1_74' title="bbox 468 479 2046 553; baseline 0 -14"><span class='ocrx_word' id='word_1_501' title='bbox 468 492 601 550; x_wconf 91' lang='lat' dir='ltr'><strong>tem,</strong></span> <span class='ocrx_word' id='word_1_502' title='bbox 659 491 720 537; x_wconf 91' lang='lat' dir='ltr'><strong>ut</strong></span> <span class='ocrx_word' id='word_1_503' title='bbox 770 481 1018 553; x_wconf 87' lang='lat' dir='ltr'><strong>geminas</strong></span> <span class='ocrx_word' id='word_1_504' title='bbox 1066 479 1368 536; x_wconf 87' lang='lat' dir='ltr'><strong>Cherubim</strong></span> <span class='ocrx_word' id='word_1_505' title='bbox 1431 481 1700 553; x_wconf 83' lang='lat' dir='ltr'><strong>imagines</strong></span> <span class='ocrx_word' id='word_1_506' title='bbox 1757 483 2046 553; x_wconf 88' lang='lat' dir='ltr'><strong>sculptiles</strong></span> 
     </span>
    </p>
   </div>
   <div class='ocr_carea' id='block_1_75' title="bbox 2156 479 3778 557">
    <p class='ocr_par' dir='ltr' id='par_1_75' title="bbox 2156 484 3778 557">
     <span class='ocr_line' id='line_1_75' title="bbox 2156 484 3778 557; baseline 0.005 -21"><span class='ocrx_word' id='word_1_507' title='bbox 2156 484 2286 554; x_wconf 81' lang='grc' dir='ltr'>πρὸς</span> <span class='ocrx_word' id='word_1_508' title='bbox 2335 484 2607 549; x_wconf 83' lang='grc' dir='ltr'>Μωῦσέα,</span> <span class='ocrx_word' id='word_1_509' title='bbox 2653 485 2870 549; x_wconf 84' lang='grc' dir='ltr'>εἰκόνας</span> <span class='ocrx_word' id='word_1_510' title='bbox 2905 484 2997 539; x_wconf 87' lang='grc' dir='ltr'><strong>δύο</strong></span> <span class='ocrx_word' id='word_1_511' title='bbox 3022 485 3303 557; x_wconf 74' lang='grc' dir='ltr'>Χερουϐὶμ</span> <span class='ocrx_word' id='word_1_512' title='bbox 3333 487 3610 556; x_wconf 84' lang='grc' dir='ltr'>γλυπτῶν</span> <span class='ocrx_word' id='word_1_513' title='bbox 3655 491 3778 544; x_wconf 67' lang='grc' dir='ltr'>καὶ</span> 
     </span>
    </p>
   </div>
   <div class='ocr_carea' id='block_1_76' title="bbox 2139 574 3772 652">
    <p class='ocr_par' dir='ltr' id='par_1_76' title="bbox 2139 574 3772 652">
     <span class='ocr_line' id='line_1_76' title="bbox 2139 574 3772 652; baseline 0.003 -21"><span class='ocrx_word' id='word_1_514' title='bbox 2139 575 2436 646; x_wconf 82' lang='grc' dir='ltr'>,χωνευτῶν</span> <span class='ocrx_word' id='word_1_515' title='bbox 2469 574 2900 640; x_wconf 85' lang='grc' dir='ltr'>κατασκευάσαι,</span> <span class='ocrx_word' id='word_1_516' title='bbox 2937 577 3268 640; x_wconf 78' lang='grc' dir='ltr'>σκιαξόντων</span> <span class='ocrx_word' id='word_1_517' title='bbox 3294 577 3356 631; x_wconf 85' lang='grc' dir='ltr'>τὺ</span> <span class='ocrx_word' id='word_1_518' title='bbox 3391 579 3772 652; x_wconf 69' lang='grc' dir='ltr'>ἱλαστήριον.</span> 
     </span>
    </p>
   </div>
   <div class='ocr_carea' id='block_1_77' title="bbox 3881 0 3914 228">
    <p class='ocr_par' dir='ltr' id='par_1_77' title="bbox 3881 0 3914 228">
     <span class='ocr_line' id='line_1_77' title="bbox 3881 0 3914 228; baseline 0 0"><span class='ocrx_word' id='word_1_519' title='bbox 3881 0 3914 228; x_wconf 76' lang='lat' dir='ltr'><strong>l</strong></span> 
     </span>
    </p>
   </div>
   <div class='ocr_carea' id='block_1_78' title="bbox 2151 3218 3913 3296">
    <p class='ocr_par' dir='ltr' id='par_1_78' title="bbox 2151 3218 3913 3296">
     <span class='ocr_line' id='line_1_78' title="bbox 2151 3218 3913 3296; baseline -0.002 -23"><span class='ocrx_word' id='word_1_520' title='bbox 2151 3219 2310 3274; x_wconf 85' lang='grc' dir='ltr'>τοῦτο</span> <span class='ocrx_word' id='word_1_521' title='bbox 2358 3220 2507 3289; x_wconf 84' lang='grc' dir='ltr'>παρὰ</span> <span class='ocrx_word' id='word_1_522' title='bbox 2555 3218 2895 3290; x_wconf 83' lang='grc' dir='ltr'>Χριστιανῶν</span> <span class='ocrx_word' id='word_1_523' title='bbox 2945 3220 3232 3289; x_wconf 78' lang='grc' dir='ltr'>στομάτων</span> <span class='ocrx_word' id='word_1_524' title='bbox 3271 3219 3505 3274; x_wconf 83' lang='grc' dir='ltr'>ἀκοῦσαί</span> <span class='ocrx_word' id='word_1_525' title='bbox 3556 3239 3734 3275; x_wconf 84' lang='grc' dir='ltr'>ποτε·</span> <span class='ocrx_word' id='word_1_526' title='bbox 3791 3225 3866 3296; x_wconf 26' lang='grc' dir='ltr'><strong>θ’</strong></span> <span class='ocrx_word' id='word_1_527' title='bbox 3912 3221 3913 3240; x_wconf 85' lang='lat'>‘</span> 
     </span>
    </p>
   </div>
   <div class='ocr_carea' id='block_1_79' title="bbox 2152 3295 3860 3383">
    <p class='ocr_par' dir='ltr' id='par_1_79' title="bbox 2152 3295 3860 3383">
     <span class='ocr_line' id='line_1_79' title="bbox 2152 3295 3860 3383; baseline -0.002 -17"><span class='ocrx_word' id='word_1_528' title='bbox 2152 3310 2265 3366; x_wconf 83' lang='grc' dir='ltr'>ἀλλ’</span> <span class='ocrx_word' id='word_1_529' title='bbox 2292 3311 2525 3365; x_wconf 78' lang='grc' dir='ltr'>εἴθισται</span> <span class='ocrx_word' id='word_1_530' title='bbox 2554 3312 2642 3365; x_wconf 75' lang='grc' dir='ltr'><strong>ἀεὶ</strong></span> <span class='ocrx_word' id='word_1_531' title='bbox 2672 3313 2704 3382; x_wconf 84' lang='grc' dir='ltr'><strong>ἠ</strong></span> <span class='ocrx_word' id='word_1_532' title='bbox 2739 3309 2988 3382; x_wconf 77' lang='grc' dir='ltr'>μοιχαλὶς</span> <span class='ocrx_word' id='word_1_533' title='bbox 3013 3310 3106 3364; x_wconf 76' lang='grc' dir='ltr'>καὶ</span> <span class='ocrx_word' id='word_1_534' title='bbox 3133 3310 3362 3375; x_wconf 79' lang='grc' dir='ltr'>ἄπιστος</span> <span class='ocrx_word' id='word_1_535' title='bbox 3406 3312 3738 3383; x_wconf 75' lang='grc' dir='ltr'>Συναγωγή,</span> 
     </span>
    </p>
   </div>
   <div class='ocr_carea' id='block_1_80' title="bbox 2153 3399 3739 3476">
    <p class='ocr_par' dir='ltr' id='par_1_80' title="bbox 2153 3399 3739 3476">
     <span class='ocr_line' id='line_1_80' title="bbox 2153 3399 3739 3476; baseline 0 -20"><span class='ocrx_word' id='word_1_536' title='bbox 2153 3402 2248 3474; x_wconf 81' lang='grc' dir='ltr'>τὴν</span> <span class='ocrx_word' id='word_1_537' title='bbox 2295 3404 2664 3476; x_wconf 82' lang='grc' dir='ltr'>πανσώφρονα</span> <span class='ocrx_word' id='word_1_538' title='bbox 2713 3400 2952 3474; x_wconf 89' lang='grc' dir='ltr'>Χριστοῦ</span> <span class='ocrx_word' id='word_1_539' title='bbox 3005 3399 3360 3474; x_wconf 74' lang='grc' dir='ltr'>Ἐκκλησίαν,</span> <span class='ocrx_word' id='word_1_540' title='bbox 3396 3400 3471 3465; x_wconf 84' lang='grc' dir='ltr'><strong>ὡς</strong></span> <span class='ocrx_word' id='word_1_541' title='bbox 3517 3401 3739 3476; x_wconf 85' lang='grc' dir='ltr'>πόρνην</span> 
     </span>
    </p>
   </div>
   <div class='ocr_carea' id='block_1_81' title="bbox 2151 3491 2852 3584">
    <p class='ocr_par' dir='ltr' id='par_1_81' title="bbox 2151 3491 2852 3576">
     <span class='ocr_line' id='line_1_81' title="bbox 2151 3491 2852 3576; baseline 0.014 -30"><span class='ocrx_word' id='word_1_542' title='bbox 2151 3491 2510 3564; x_wconf 83' lang='grc' dir='ltr'>διαγορεύειν.</span> <span class='ocrx_word' id='word_1_543' title='bbox 2544 3509 2563 3544; x_wconf 73' lang='grc' dir='ltr'><strong>ι</strong></span> <span class='ocrx_word' id='word_1_544' title='bbox 2637 3505 2766 3566; x_wconf 40' lang='grc' dir='ltr'><strong>,ςρηῐσ</strong></span> <span class='ocrx_word' id='word_1_545' title='bbox 2813 3519 2852 3576; x_wconf 41' lang='grc' dir='ltr'><strong>σε,</strong></span> 
     </span>
    </p>
   </div>
   <div class='ocr_carea' id='block_1_82' title="bbox 2225 3664 3740 3740">
    <p class='ocr_par' dir='ltr' id='par_1_82' title="bbox 2225 3664 3740 3740">
     <span class='ocr_line' id='line_1_82' title="bbox 2225 3664 3740 3740; baseline -0.009 -12"><span class='ocrx_word' id='word_1_546' title='bbox 2225 3671 2337 3728; x_wconf 85' lang='grc' dir='ltr'>Τοῦ</span> <span class='ocrx_word' id='word_1_547' title='bbox 2372 3671 2575 3727; x_wconf 80' lang='grc' dir='ltr'>αὐτοῦ.</span> <span class='ocrx_word' id='word_1_548' title='bbox 2603 3687 2624 3723; x_wconf 80' lang='grc' dir='ltr'><strong>ι</strong></span> <span class='ocrx_word' id='word_1_549' title='bbox 2661 3669 2794 3724; x_wconf 82' lang='grc' dir='ltr'>Οὐδὲ</span> <span class='ocrx_word' id='word_1_550' title='bbox 2820 3667 2929 3740; x_wconf 82' lang='grc' dir='ltr'>γὰρ</span> <span class='ocrx_word' id='word_1_551' title='bbox 2955 3667 3086 3740; x_wconf 86' lang='grc' dir='ltr'>παρ’</span> <span class='ocrx_word' id='word_1_552' title='bbox 3113 3666 3291 3738; x_wconf 75' lang='grc' dir='ltr'>ἡμῶν,</span> <span class='ocrx_word' id='word_1_553' title='bbox 3314 3665 3390 3730; x_wconf 84' lang='grc' dir='ltr'><strong>ὡς</strong></span> <span class='ocrx_word' id='word_1_554' title='bbox 3416 3664 3532 3718; x_wconf 79' lang='grc' dir='ltr'>θεοὶ</span> <span class='ocrx_word' id='word_1_555' title='bbox 3559 3683 3740 3738; x_wconf 80' lang='grc' dir='ltr'>προσ-</span> 
     </span>
    </p>
   </div>
   <div class='ocr_carea' id='block_1_83' title="bbox 2153 3752 3738 3827">
    <p class='ocr_par' dir='ltr' id='par_1_83' title="bbox 2153 3752 3738 3827">
     <span class='ocr_line' id='line_1_83' title="bbox 2153 3752 3738 3827; baseline -0.008 -9"><span class='ocrx_word' id='word_1_556' title='bbox 2153 3764 2438 3818; x_wconf 88' lang='grc' dir='ltr'>κυνοῦνται</span> <span class='ocrx_word' id='word_1_557' title='bbox 2478 3761 2530 3815; x_wconf 83' lang='grc' dir='ltr'><strong>οἰ</strong></span> <span class='ocrx_word' id='word_1_558' title='bbox 2578 3760 2688 3812; x_wconf 87' lang='grc' dir='ltr'><strong>τῶν</strong></span> <span class='ocrx_word' id='word_1_559' title='bbox 2740 3758 2911 3826; x_wconf 81' lang='grc' dir='ltr'>ἁγίων</span> <span class='ocrx_word' id='word_1_560' title='bbox 2949 3754 3316 3827; x_wconf 79' lang='grc' dir='ltr'>χαρακτῆρες,</span> <span class='ocrx_word' id='word_1_561' title='bbox 3369 3752 3463 3806; x_wconf 79' lang='grc' dir='ltr'>καὶ</span> <span class='ocrx_word' id='word_1_562' title='bbox 3497 3753 3738 3818; x_wconf 84' lang='grc' dir='ltr'>εἰκόνες,</span> 
     </span>
    </p>
   </div>
   <div class='ocr_carea' id='block_1_84' title="bbox 2152 3844 3740 3920">
    <p class='ocr_par' dir='ltr' id='par_1_84' title="bbox 2152 3844 3740 3920">
     <span class='ocr_line' id='line_1_84' title="bbox 2152 3844 3740 3920; baseline -0.009 -9"><span class='ocrx_word' id='word_1_563' title='bbox 2152 3855 2247 3910; x_wconf 71' lang='grc' dir='ltr'><strong>καὶ</strong></span> <span class='ocrx_word' id='word_1_564' title='bbox 2275 3853 2458 3908; x_wconf 88' lang='grc' dir='ltr'>τύποι.</span> <span class='ocrx_word' id='word_1_565' title='bbox 2500 3853 2563 3912; x_wconf 80' lang='grc' dir='ltr'>Εἰ</span> <span class='ocrx_word' id='word_1_566' title='bbox 2595 3850 2704 3920; x_wconf 70' lang='grc' dir='ltr'><strong>γὰρ</strong></span> <span class='ocrx_word' id='word_1_567' title='bbox 2729 3849 2805 3914; x_wconf 84' lang='grc' dir='ltr'>ὡς</span> <span class='ocrx_word' id='word_1_568' title='bbox 2836 3847 2956 3918; x_wconf 87' lang='grc' dir='ltr'><strong>Θεῷ</strong></span> <span class='ocrx_word' id='word_1_569' title='bbox 2989 3844 3436 3919; x_wconf 85' lang='grc' dir='ltr'>προσεκυνοῦμεν</span> <span class='ocrx_word' id='word_1_570' title='bbox 3467 3844 3544 3914; x_wconf 83' lang='grc' dir='ltr'>τῷ</span> <span class='ocrx_word' id='word_1_571' title='bbox 3584 3844 3740 3916; x_wconf 81' lang='grc' dir='ltr'>ξύλῳ</span> 
     </span>
    </p>
   </div>
   <div class='ocr_carea' id='block_1_85' title="bbox 2151 3936 3740 4018">
    <p class='ocr_par' dir='ltr' id='par_1_85' title="bbox 2151 3936 3740 4018">
     <span class='ocr_line' id='line_1_85' title="bbox 2151 3936 3740 4018; baseline -0.006 -19"><span class='ocrx_word' id='word_1_572' title='bbox 2151 3946 2252 4018; x_wconf 84' lang='grc' dir='ltr'><strong>τῆς</strong></span> <span class='ocrx_word' id='word_1_573' title='bbox 2287 3944 2514 4010; x_wconf 81' lang='grc' dir='ltr'>εἰκόνος,</span> <span class='ocrx_word' id='word_1_574' title='bbox 2574 3941 2876 4013; x_wconf 73' lang='grc' dir='ltr'>ἐμέλλομεν</span> <span class='ocrx_word' id='word_1_575' title='bbox 2933 3938 3150 4001; x_wconf 83' lang='grc' dir='ltr'>πάντως</span> <span class='ocrx_word' id='word_1_576' title='bbox 3209 3937 3302 3991; x_wconf 75' lang='grc' dir='ltr'>καὶ</span> <span class='ocrx_word' id='word_1_577' title='bbox 3350 3938 3463 3999; x_wconf 85' lang='grc' dir='ltr'>τοῖς</span> <span class='ocrx_word' id='word_1_578' title='bbox 3521 3936 3740 4001; x_wconf 82' lang='grc' dir='ltr'>λοιποῖς</span> 
     </span>
    </p>
   </div>
   <div class='ocr_carea' id='block_1_86' title="bbox 2153 4025 3740 4108">
    <p class='ocr_par' dir='ltr' id='par_1_86' title="bbox 2153 4025 3740 4108">
     <span class='ocr_line' id='line_1_86' title="bbox 2153 4025 3740 4108; baseline -0.007 -19"><span class='ocrx_word' id='word_1_579' title='bbox 2153 4035 2482 4108; x_wconf 84' lang='grc' dir='ltr'>προσκυνεῖν</span> <span class='ocrx_word' id='word_1_580' title='bbox 2517 4032 2713 4098; x_wconf 80' lang='grc' dir='ltr'>ξύλοις,</span> <span class='ocrx_word' id='word_1_581' title='bbox 2750 4030 2846 4085; x_wconf 77' lang='grc' dir='ltr'><strong>καὶ</strong></span> <span class='ocrx_word' id='word_1_582' title='bbox 2863 4030 2964 4100; x_wconf 85' lang='grc' dir='ltr'>οὐχ</span> <span class='ocrx_word' id='word_1_583' title='bbox 2993 4029 3068 4093; x_wconf 84' lang='grc' dir='ltr'>ὡς</span> <span class='ocrx_word' id='word_1_584' title='bbox 3097 4027 3378 4090; x_wconf 76' lang='grc' dir='ltr'>πολλάκις,</span> <span class='ocrx_word' id='word_1_585' title='bbox 3411 4025 3740 4090; x_wconf 82' lang='grc' dir='ltr'>λεανθὲντος</span> 
     </span>
    </p>
   </div>
   <div class='ocr_carea' id='block_1_87' title="bbox 2151 4114 3736 4196">
    <p class='ocr_par' dir='ltr' id='par_1_87' title="bbox 2151 4114 3736 4196">
     <span class='ocr_line' id='line_1_87' title="bbox 2151 4114 3736 4196; baseline -0.006 -17"><span class='ocrx_word' id='word_1_586' title='bbox 2151 4124 2244 4180; x_wconf 89' lang='grc' dir='ltr'><strong>τοῦ</strong></span> <span class='ocrx_word' id='word_1_587' title='bbox 2279 4123 2660 4196; x_wconf 82' lang='grc' dir='ltr'>χαρακτῆρος,</span> <span class='ocrx_word' id='word_1_588' title='bbox 2705 4119 2784 4190; x_wconf 80' lang='grc' dir='ltr'>τῷ</span> <span class='ocrx_word' id='word_1_589' title='bbox 2823 4120 2957 4190; x_wconf 78' lang='grc' dir='ltr'>πυρὶ</span> <span class='ocrx_word' id='word_1_590' title='bbox 2987 4119 3087 4190; x_wconf 75' lang='grc' dir='ltr'><strong>τὴν</strong></span> <span class='ocrx_word' id='word_1_591' title='bbox 3129 4117 3310 4172; x_wconf 87' lang='grc' dir='ltr'>εἰκόνα</span> <span class='ocrx_word' id='word_1_592' title='bbox 3338 4114 3736 4186; x_wconf 87' lang='grc' dir='ltr'>κατεκαίομεν.</span> 
     </span>
    </p>
   </div>
   <div class='ocr_carea' id='block_1_88' title="bbox 2152 4207 3741 4286">
    <p class='ocr_par' dir='ltr' id='par_1_88' title="bbox 2152 4207 3741 4286">
     <span class='ocr_line' id='line_1_88' title="bbox 2152 4207 3741 4286; baseline -0.007 -12"><span class='ocrx_word' id='word_1_593' title='bbox 2152 4218 2264 4274; x_wconf 78' lang='grc' dir='ltr'><strong>Καὶ</strong></span> <span class='ocrx_word' id='word_1_594' title='bbox 2292 4216 2477 4284; x_wconf 81' lang='grc' dir='ltr'>πάλιν,</span> <span class='ocrx_word' id='word_1_595' title='bbox 2512 4217 2618 4279; x_wconf 72' lang='grc' dir='ltr'>ἕως</span> <span class='ocrx_word' id='word_1_596' title='bbox 2653 4215 2753 4286; x_wconf 79' lang='grc' dir='ltr'><strong>μὲν</strong></span> <span class='ocrx_word' id='word_1_597' title='bbox 2800 4213 2916 4266; x_wconf 75' lang='grc' dir='ltr'>ἔστι</span> <span class='ocrx_word' id='word_1_598' title='bbox 2954 4209 3309 4281; x_wconf 73' lang='grc' dir='ltr'>συνδεδεμένα</span> <span class='ocrx_word' id='word_1_599' title='bbox 3349 4209 3418 4262; x_wconf 83' lang='grc' dir='ltr'>τὰ</span> <span class='ocrx_word' id='word_1_600' title='bbox 3457 4207 3592 4275; x_wconf 78' lang='grc' dir='ltr'>ξύλα</span> <span class='ocrx_word' id='word_1_601' title='bbox 3629 4209 3741 4263; x_wconf 83' lang='grc' dir='ltr'><strong>τοῦ</strong></span> 
     </span>
    </p>
   </div>
   <div class='ocr_carea' id='block_1_89' title="bbox 2154 4297 3741 4380">
    <p class='ocr_par' dir='ltr' id='par_1_89' title="bbox 2154 4297 3741 4380">
     <span class='ocr_line' id='line_1_89' title="bbox 2154 4297 3741 4380; baseline -0.007 -17"><span class='ocrx_word' id='word_1_602' title='bbox 2154 4305 2415 4380; x_wconf 87' lang='grc' dir='ltr'>σταυροῦ,</span> <span class='ocrx_word' id='word_1_603' title='bbox 2447 4305 2739 4378; x_wconf 85' lang='grc' dir='ltr'>προσκυνῶ</span> <span class='ocrx_word' id='word_1_604' title='bbox 2759 4303 2850 4357; x_wconf 87' lang='grc' dir='ltr'><strong>τδν</strong></span> <span class='ocrx_word' id='word_1_605' title='bbox 2872 4302 3040 4356; x_wconf 84' lang='grc' dir='ltr'>τύπον</span> <span class='ocrx_word' id='word_1_606' title='bbox 3067 4301 3156 4355; x_wconf 77' lang='grc' dir='ltr'>διὰ</span> <span class='ocrx_word' id='word_1_607' title='bbox 3182 4300 3275 4353; x_wconf 82' lang='grc' dir='ltr'>τὸν</span> <span class='ocrx_word' id='word_1_608' title='bbox 3303 4300 3361 4353; x_wconf 80' lang='grc' dir='ltr'>ὲν</span> <span class='ocrx_word' id='word_1_609' title='bbox 3383 4297 3530 4368; x_wconf 78' lang='grc' dir='ltr'>αὐτῷ</span> <span class='ocrx_word' id='word_1_610' title='bbox 3560 4315 3741 4352; x_wconf 65' lang='lat' dir='ltr'><strong>atau-</strong></span> 
     </span>
    </p>
   </div>
   <div class='ocr_carea' id='block_1_90' title="bbox 475 4386 2050 4485">
    <p class='ocr_par' dir='ltr' id='par_1_90' title="bbox 475 4386 2049 4485">
     <span class='ocr_line' id='line_1_90' title="bbox 475 4386 2049 4485; baseline 0.004 -20"><span class='ocrx_word' id='word_1_611' title='bbox 475 4386 701 4477; x_wconf 75' lang='lat' dir='ltr'><strong>fuerint,</strong></span> <span class='ocrx_word' id='word_1_612' title='bbox 734 4386 921 4466; x_wconf 85' lang='lat' dir='ltr'><strong>eadem</strong></span> <span class='ocrx_word' id='word_1_613' title='bbox 961 4413 1162 4484; x_wconf 83' lang='lat' dir='ltr'><strong>abjicio</strong></span> <span class='ocrx_word' id='word_1_614' title='bbox 1195 4423 1359 4484; x_wconf 91' lang='lat' dir='ltr'><strong>atque</strong></span> <span class='ocrx_word' id='word_1_615' title='bbox 1382 4414 1666 4468; x_wconf 90' lang='lat' dir='ltr'><strong>comburo.</strong></span> <span class='ocrx_word' id='word_1_616' title='bbox 1695 4413 1762 4468; x_wconf 88' lang='lat' dir='ltr'><strong>Et</strong></span> <span class='ocrx_word' id='word_1_617' title='bbox 1786 4386 2049 4485; x_wconf 76' lang='lat' dir='ltr'><strong>quemad-</strong></span> 
     </span>
    </p>
   </div>
   <div class='ocr_carea' id='block_1_91' title="bbox 2156 4386 3743 4485">
    <p class='ocr_par' dir='ltr' id='par_1_91' title="bbox 2156 4387 3743 4472">
     <span class='ocr_line' id='line_1_91' title="bbox 2156 4387 3743 4472; baseline -0.007 -19"><span class='ocrx_word' id='word_1_618' title='bbox 2156 4397 2396 4472; x_wconf 79' lang='grc' dir='ltr'>ρωθέντα</span> <span class='ocrx_word' id='word_1_619' title='bbox 2420 4396 2676 4468; x_wconf 80' lang='grc' dir='ltr'>Χριστὸν,</span> <span class='ocrx_word' id='word_1_620' title='bbox 2713 4393 2850 4447; x_wconf 77' lang='grc' dir='ltr'>ἐπὰν</span> <span class='ocrx_word' id='word_1_621' title='bbox 2894 4393 2952 4447; x_wconf 80' lang='grc' dir='ltr'>δὲ</span> <span class='ocrx_word' id='word_1_622' title='bbox 2975 4389 3322 4463; x_wconf 84' lang='grc' dir='ltr'>διαιρεθῶσιν</span> <span class='ocrx_word' id='word_1_623' title='bbox 3359 4389 3418 4453; x_wconf 78' lang='grc' dir='ltr'><strong>ἐξ</strong></span> <span class='ocrx_word' id='word_1_624' title='bbox 3451 4387 3743 4458; x_wconf 84' lang='grc' dir='ltr'>ἀλλήλων,</span> 
     </span>
    </p>
   </div>
   <div class='ocr_carea' id='block_1_92' title="bbox 474 4503 2052 4578">
    <p class='ocr_par' dir='ltr' id='par_1_92' title="bbox 474 4503 2052 4578">
     <span class='ocr_line' id='line_1_92' title="bbox 474 4503 2052 4578; baseline 0.003 -21"><span class='ocrx_word' id='word_1_625' title='bbox 474 4503 718 4568; x_wconf 88' lang='lat' dir='ltr'><strong>modum,</strong></span> <span class='ocrx_word' id='word_1_626' title='bbox 743 4503 836 4573; x_wconf 93' lang='lat' dir='ltr'><strong>qui</strong></span> <span class='ocrx_word' id='word_1_627' title='bbox 869 4505 1223 4576; x_wconf 88' lang='lat' dir='ltr'><strong>imperatoris</strong></span> <span class='ocrx_word' id='word_1_628' title='bbox 1247 4505 1488 4561; x_wconf 89' lang='lat' dir='ltr'><strong>edictum</strong></span> <span class='ocrx_word' id='word_1_629' title='bbox 1517 4505 1868 4578; x_wconf 83' lang='lat' dir='ltr'><strong>obsignatum</strong></span> <span class='ocrx_word' id='word_1_630' title='bbox 1901 4507 2052 4562; x_wconf 87' lang='lat' dir='ltr'><strong>acci-</strong></span> 
     </span>
    </p>
   </div>
   <div class='ocr_carea' id='block_1_93' title="bbox 473 4593 2052 4665">
    <p class='ocr_par' dir='ltr' id='par_1_93' title="bbox 473 4593 2052 4665">
     <span class='ocr_line' id='line_1_93' title="bbox 473 4593 2052 4665; baseline 0.002 -18"><span class='ocrx_word' id='word_1_631' title='bbox 473 4595 574 4665; x_wconf 88' lang='lat' dir='ltr'><strong>pit,</strong></span> <span class='ocrx_word' id='word_1_632' title='bbox 609 4593 958 4664; x_wconf 87' lang='lat' dir='ltr'><strong>sigillumque</strong></span> <span class='ocrx_word' id='word_1_633' title='bbox 990 4596 1298 4662; x_wconf 83' lang='lat' dir='ltr'><strong>osculatur,</strong></span> <span class='ocrx_word' id='word_1_634' title='bbox 1328 4596 1374 4651; x_wconf 93' lang='lat' dir='ltr'><strong>is</strong></span> <span class='ocrx_word' id='word_1_635' title='bbox 1405 4609 1515 4649; x_wconf 87' lang='lat' dir='ltr'><strong>non</strong></span> <span class='ocrx_word' id='word_1_636' title='bbox 1546 4595 1742 4660; x_wconf 90' lang='lat' dir='ltr'><strong>lutum,</strong></span> <span class='ocrx_word' id='word_1_637' title='bbox 1771 4595 2052 4650; x_wconf 88' lang='lat' dir='ltr'><strong>chartam-</strong></span> 
     </span>
    </p>
   </div>
   <div class='ocr_carea' id='block_1_94' title="bbox 473 4682 2050 4755">
    <p class='ocr_par' dir='ltr' id='par_1_94' title="bbox 473 4682 2050 4755">
     <span class='ocr_line' id='line_1_94' title="bbox 473 4682 2050 4755; baseline 0.001 -15"><span class='ocrx_word' id='word_1_638' title='bbox 473 4700 561 4746; x_wconf 87' lang='lat' dir='ltr'><strong>ve.</strong></span> <span class='ocrx_word' id='word_1_639' title='bbox 599 4690 695 4738; x_wconf 91' lang='lat' dir='ltr'><strong>aut</strong></span> <span class='ocrx_word' id='word_1_640' title='bbox 725 4682 1011 4753; x_wconf 89' lang='lat' dir='ltr'><strong>plumbum</strong></span> <span class='ocrx_word' id='word_1_641' title='bbox 1038 4693 1356 4752; x_wconf 90' lang='lat' dir='ltr'><strong>veneratur,</strong></span> <span class='ocrx_word' id='word_1_642' title='bbox 1391 4685 1486 4741; x_wconf 91' lang='lat' dir='ltr'><strong>sed</strong></span> <span class='ocrx_word' id='word_1_643' title='bbox 1524 4684 1838 4755; x_wconf 88' lang='lat' dir='ltr'><strong>imperatori</strong></span> <span class='ocrx_word' id='word_1_644' title='bbox 1865 4686 2050 4754; x_wconf 86' lang='lat' dir='ltr'><strong>potius</strong></span> 
     </span>
    </p>
   </div>
   <div class='ocr_carea' id='block_1_95' title="bbox 473 4771 2049 4845">
    <p class='ocr_par' dir='ltr' id='par_1_95' title="bbox 473 4771 2049 4845">
     <span class='ocr_line' id='line_1_95' title="bbox 473 4771 2049 4845; baseline 0.002 -17"><span class='ocrx_word' id='word_1_645' title='bbox 473 4773 740 4830; x_wconf 88' lang='lat' dir='ltr'><strong>honorem</strong></span> <span class='ocrx_word' id='word_1_646' title='bbox 774 4771 955 4829; x_wconf 84' lang='lat' dir='ltr'><strong>defert</strong></span> <span class='ocrx_word' id='word_1_647' title='bbox 989 4782 1044 4829; x_wconf 90' lang='lat' dir='ltr'><strong>et</strong></span> <span class='ocrx_word' id='word_1_648' title='bbox 1085 4775 1508 4841; x_wconf 85' lang='lat' dir='ltr'><strong>adoratiouem;</strong></span> <span class='ocrx_word' id='word_1_649' title='bbox 1543 4774 1626 4831; x_wconf 88' lang='lat' dir='ltr'><strong>sic</strong></span> <span class='ocrx_word' id='word_1_650' title='bbox 1675 4789 1778 4831; x_wconf 92' lang='lat' dir='ltr'><strong>nos</strong></span> <span class='ocrx_word' id='word_1_651' title='bbox 1826 4788 2049 4845; x_wconf 90' lang='lat' dir='ltr'><strong>quoque</strong></span> 
     </span>
    </p>
   </div>
   <div class='ocr_carea' id='block_1_96' title="bbox 473 4862 2052 4936">
    <p class='ocr_par' dir='ltr' id='par_1_96' title="bbox 473 4862 2052 4936">
     <span class='ocr_line' id='line_1_96' title="bbox 473 4862 2052 4936; baseline 0 -16"><span class='ocrx_word' id='word_1_652' title='bbox 473 4862 800 4929; x_wconf 87' lang='lat' dir='ltr'><strong>Christiani,</strong></span> <span class='ocrx_word' id='word_1_653' title='bbox 852 4863 1036 4918; x_wconf 89' lang='lat' dir='ltr'><strong>crucis</strong></span> <span class='ocrx_word' id='word_1_654' title='bbox 1095 4863 1330 4920; x_wconf 88' lang='lat' dir='ltr'><strong>formam</strong></span> <span class='ocrx_word' id='word_1_655' title='bbox 1387 4865 1698 4932; x_wconf 89' lang='lat' dir='ltr'><strong>adorando,</strong></span> <span class='ocrx_word' id='word_1_656' title='bbox 1750 4879 1863 4920; x_wconf 91' lang='lat' dir='ltr'><strong>non</strong></span> <span class='ocrx_word' id='word_1_657' title='bbox 1919 4865 2052 4936; x_wconf 88' lang='lat' dir='ltr'><strong>ligni</strong></span> 
     </span>
    </p>
   </div>
   <div class='ocr_carea' id='block_1_97' title="bbox 474 4955 2054 5029">
    <p class='ocr_par' dir='ltr' id='par_1_97' title="bbox 474 4955 2054 5029">
     <span class='ocr_line' id='line_1_97' title="bbox 474 4955 2054 5029; baseline 0 -17"><span class='ocrx_word' id='word_1_658' title='bbox 474 4957 784 5022; x_wconf 89' lang='lat' dir='ltr'><strong>materiam,</strong></span> <span class='ocrx_word' id='word_1_659' title='bbox 845 4955 945 5012; x_wconf 91' lang='lat' dir='ltr'><strong>sed</strong></span> <span class='ocrx_word' id='word_1_660' title='bbox 1006 4958 1184 5029; x_wconf 86' lang='lat' dir='ltr'><strong>magis</strong></span> <span class='ocrx_word' id='word_1_661' title='bbox 1234 4958 1608 5028; x_wconf 85' lang='lat' dir='ltr'><strong>signaculum,</strong></span> <span class='ocrx_word' id='word_1_662' title='bbox 1666 4957 1926 5012; x_wconf 88' lang='lat' dir='ltr'><strong>annulum</strong></span> <span class='ocrx_word' id='word_1_663' title='bbox 1999 4965 2054 5012; x_wconf 89' lang='lat' dir='ltr'><strong>et</strong></span> 
     </span>
    </p>
   </div>
   <div class='ocr_carea' id='block_1_98' title="bbox 475 5045 2054 5119">
    <p class='ocr_par' dir='ltr' id='par_1_98' title="bbox 475 5045 2054 5119">
     <span class='ocr_line' id='line_1_98' title="bbox 475 5045 2054 5119; baseline 0 -17"><span class='ocrx_word' id='word_1_664' title='bbox 475 5049 850 5105; x_wconf 89' lang='lat' dir='ltr'><strong>characterem</strong></span> <span class='ocrx_word' id='word_1_665' title='bbox 895 5045 1105 5103; x_wconf 87' lang='lat' dir='ltr'><strong>Christi</strong></span> <span class='ocrx_word' id='word_1_666' title='bbox 1157 5049 1337 5119; x_wconf 90' lang='lat' dir='ltr'><strong>ipsius</strong></span> <span class='ocrx_word' id='word_1_667' title='bbox 1385 5049 1774 5119; x_wconf 86' lang='lat' dir='ltr'><strong>respicientes,</strong></span> <span class='ocrx_word' id='word_1_668' title='bbox 1811 5063 1908 5117; x_wconf 86' lang='lat' dir='ltr'><strong>per</strong></span> <span class='ocrx_word' id='word_1_669' title='bbox 1959 5064 2054 5102; x_wconf 85' lang='lat' dir='ltr'><strong>ca-</strong></span> 
     </span>
    </p>
   </div>
   <div class='ocr_carea' id='block_1_99' title="bbox 473 5136 2056 5212">
    <p class='ocr_par' dir='ltr' id='par_1_99' title="bbox 473 5136 2056 5212">
     <span class='ocr_line' id='line_1_99' title="bbox 473 5136 2056 5212; baseline 0.001 -19"><span class='ocrx_word' id='word_1_670' title='bbox 473 5139 595 5194; x_wconf 89' lang='lat' dir='ltr'><strong>dem</strong></span> <span class='ocrx_word' id='word_1_671' title='bbox 649 5139 802 5195; x_wconf 89' lang='lat' dir='ltr'><strong>illum</strong></span> <span class='ocrx_word' id='word_1_672' title='bbox 851 5139 947 5212; x_wconf 92' lang='lat' dir='ltr'><strong>qui</strong></span> <span class='ocrx_word' id='word_1_673' title='bbox 997 5137 1150 5193; x_wconf 89' lang='lat' dir='ltr'><strong>cruci</strong></span> <span class='ocrx_word' id='word_1_674' title='bbox 1203 5136 1396 5194; x_wconf 81' lang='lat' dir='ltr'><strong>allixus</strong></span> <span class='ocrx_word' id='word_1_675' title='bbox 1455 5137 1580 5205; x_wconf 86' lang='lat' dir='ltr'><strong>fuit,</strong></span> <span class='ocrx_word' id='word_1_676' title='bbox 1641 5137 1950 5196; x_wconf 87' lang='lat' dir='ltr'><strong>salutamus</strong></span> <span class='ocrx_word' id='word_1_677' title='bbox 1999 5148 2056 5196; x_wconf 88' lang='lat' dir='ltr'><strong>et</strong></span> 
     </span>
    </p>
   </div>
   <div class='ocr_carea' id='block_1_100' title="bbox 474 5232 841 5291">
    <p class='ocr_par' dir='ltr' id='par_1_100' title="bbox 474 5232 841 5291">
     <span class='ocr_line' id='line_1_100' title="bbox 474 5232 841 5291; baseline 0.005 -7"><span class='ocrx_word' id='word_1_678' title='bbox 474 5232 791 5291; x_wconf 87' lang='lat' dir='ltr'><strong>adoramus.</strong></span> <span class='ocrx_word' id='word_1_679' title='bbox 821 5252 841 5286; x_wconf 73' lang='grc' dir='ltr'><strong>ι</strong></span> 
     </span>
    </p>
   </div>
   <div class='ocr_carea' id='block_1_101' title="bbox 451 5447 1074 5529">
    <p class='ocr_par' dir='ltr' id='par_1_101' title="bbox 451 5447 1074 5529">
     <span class='ocr_line' id='line_1_101' title="bbox 451 5447 1074 5529; baseline 0.011 -19"><span class='ocrx_word' id='word_1_680' title='bbox 451 5523 455 5529; x_wconf 29' lang='grc'>.</span> <span class='ocrx_word' id='word_1_681' title='bbox 546 5447 590 5477; x_wconf 79' lang='grc'><strong>⁵⁸</strong></span> <span class='ocrx_word' id='word_1_682' title='bbox 620 5455 790 5513; x_wconf 78' lang='lat' dir='ltr'><strong>Exod.</strong></span> <span class='ocrx_word' id='word_1_683' title='bbox 821 5475 994 5522; x_wconf 77' lang='lat' dir='ltr'><strong>xxx&quot;,</strong></span> <span class='ocrx_word' id='word_1_684' title='bbox 1021 5460 1074 5517; x_wconf 78' lang='grc'><strong>4.</strong></span> 
     </span>
    </p>
   </div>
   <div class='ocr_carea' id='block_1_102' title="bbox 2157 4480 3743 4562">
    <p class='ocr_par' dir='ltr' id='par_1_102' title="bbox 2157 4480 3743 4562">
     <span class='ocr_line' id='line_1_102' title="bbox 2157 4480 3743 4562; baseline -0.007 -18"><span class='ocrx_word' id='word_1_685' title='bbox 2157 4491 2336 4562; x_wconf 81' lang='grc' dir='ltr'>ρίπτω</span> <span class='ocrx_word' id='word_1_686' title='bbox 2385 4487 2528 4542; x_wconf 81' lang='grc' dir='ltr'>αὐτὰ</span> <span class='ocrx_word' id='word_1_687' title='bbox 2573 4488 2668 4542; x_wconf 82' lang='grc' dir='ltr'>καὶ</span> <span class='ocrx_word' id='word_1_688' title='bbox 2699 4484 3004 4541; x_wconf 86' lang='grc' dir='ltr'>κατακαίω.</span> <span class='ocrx_word' id='word_1_689' title='bbox 3059 4482 3172 4536; x_wconf 81' lang='grc' dir='ltr'><strong>Καὶ</strong></span> <span class='ocrx_word' id='word_1_690' title='bbox 3202 4481 3392 4552; x_wconf 88' lang='grc' dir='ltr'>ῶσπερ</span> <span class='ocrx_word' id='word_1_691' title='bbox 3419 4482 3447 4534; x_wconf 89' lang='lat'><strong>6</strong></span> <span class='ocrx_word' id='word_1_692' title='bbox 3477 4480 3743 4533; x_wconf 75' lang='grc' dir='ltr'>κέλευσιν</span> 
     </span>
    </p>
   </div>
   <div class='ocr_carea' id='block_1_103' title="bbox 2155 4572 3882 4657">
    <p class='ocr_par' dir='ltr' id='par_1_103' title="bbox 2155 4572 3882 4657">
     <span class='ocr_line' id='line_1_103' title="bbox 2155 4572 3882 4657; baseline -0.01 -18"><span class='ocrx_word' id='word_1_693' title='bbox 2155 4584 2420 4657; x_wconf 85' lang='grc' dir='ltr'>βασιλέως</span> <span class='ocrx_word' id='word_1_694' title='bbox 2448 4581 2738 4652; x_wconf 80' lang='grc' dir='ltr'>δεξάμενος</span> <span class='ocrx_word' id='word_1_695' title='bbox 2763 4577 3232 4650; x_wconf 82' lang='grc' dir='ltr'>ὲσφραγισμένην,</span> <span class='ocrx_word' id='word_1_696' title='bbox 3263 4576 3357 4629; x_wconf 81' lang='grc' dir='ltr'>καὶ</span> <span class='ocrx_word' id='word_1_697' title='bbox 3401 4572 3743 4643; x_wconf 78' lang='grc' dir='ltr'>ἀσπασάμε-</span> <span class='ocrx_word' id='word_1_698' title='bbox 3803 4624 3836 4650; x_wconf 50' lang='grc' dir='ltr'><em>ν</em></span> <span class='ocrx_word' id='word_1_699' title='bbox 3875 4613 3882 4620; x_wconf 91' lang='grc'>.</span> 
     </span>
    </p>
   </div>
   <div class='ocr_carea' id='block_1_104' title="bbox 2153 4666 3838 4754">
    <p class='ocr_par' dir='ltr' id='par_1_104' title="bbox 2153 4666 3838 4754">
     <span class='ocr_line' id='line_1_104' title="bbox 2153 4666 3838 4754; baseline -0.008 -23"><span class='ocrx_word' id='word_1_700' title='bbox 2153 4695 2242 4742; x_wconf 91' lang='grc' dir='ltr'><strong>νος</strong></span> <span class='ocrx_word' id='word_1_701' title='bbox 2269 4676 2367 4748; x_wconf 80' lang='grc' dir='ltr'><strong>τὴν</strong></span> <span class='ocrx_word' id='word_1_702' title='bbox 2400 4673 2694 4745; x_wconf 80' lang='grc' dir='ltr'>σφραγίδα,</span> <span class='ocrx_word' id='word_1_703' title='bbox 2715 4672 2776 4725; x_wconf 81' lang='grc' dir='ltr'><strong>ού</strong></span> <span class='ocrx_word' id='word_1_704' title='bbox 2796 4670 2887 4724; x_wconf 77' lang='grc' dir='ltr'><strong>τὸν</strong></span> <span class='ocrx_word' id='word_1_705' title='bbox 2908 4669 3079 4740; x_wconf 56' lang='grc' dir='ltr'>πηλὸν</span> <span class='ocrx_word' id='word_1_706' title='bbox 3095 4668 3176 4722; x_wconf 82' lang='grc' dir='ltr'>ὲτί</span> <span class='ocrx_word' id='word_1_707' title='bbox 3182 4685 3373 4739; x_wconf 88' lang='grc' dir='ltr'>μησεν,</span> <span class='ocrx_word' id='word_1_708' title='bbox 3395 4668 3456 4720; x_wconf 76' lang='grc' dir='ltr'><strong>ού</strong></span> <span class='ocrx_word' id='word_1_709' title='bbox 3482 4666 3570 4720; x_wconf 81' lang='grc' dir='ltr'>τὸν</span> <span class='ocrx_word' id='word_1_710' title='bbox 3589 4667 3742 4737; x_wconf 82' lang='grc' dir='ltr'><strong>χάρ-</strong></span> <span class='ocrx_word' id='word_1_711' title='bbox 3765 4669 3838 4754; x_wconf 48' lang='grc' dir='ltr'><strong>τ.</strong></span> 
     </span>
    </p>
   </div>
   <div class='ocr_carea' id='block_1_105' title="bbox 2151 4751 3868 4840">
    <p class='ocr_par' dir='ltr' id='par_1_105' title="bbox 2151 4751 3868 4840">
     <span class='ocr_line' id='line_1_105' title="bbox 2151 4751 3868 4840; baseline -0.008 -18"><span class='ocrx_word' id='word_1_712' title='bbox 2151 4786 2274 4840; x_wconf 80' lang='grc' dir='ltr'>την,</span> <span class='ocrx_word' id='word_1_713' title='bbox 2308 4767 2342 4838; x_wconf 78' lang='grc' dir='ltr'>ἢ</span> <span class='ocrx_word' id='word_1_714' title='bbox 2391 4765 2482 4819; x_wconf 85' lang='grc' dir='ltr'><strong>τὸν</strong></span> <span class='ocrx_word' id='word_1_715' title='bbox 2533 4762 2801 4840; x_wconf 47' lang='lat' dir='ltr'><strong>away,</strong></span> <span class='ocrx_word' id='word_1_716' title='bbox 2833 4761 2968 4815; x_wconf 85' lang='grc' dir='ltr'>ἀλλὰ</span> <span class='ocrx_word' id='word_1_717' title='bbox 3019 4760 3096 4831; x_wconf 77' lang='grc' dir='ltr'>τῷ</span> <span class='ocrx_word' id='word_1_718' title='bbox 3129 4758 3341 4830; x_wconf 83' lang='grc' dir='ltr'>βασιλεῖ</span> <span class='ocrx_word' id='word_1_719' title='bbox 3373 4759 3633 4827; x_wconf 83' lang='grc' dir='ltr'>ἀπένειμε</span> <span class='ocrx_word' id='word_1_720' title='bbox 3669 4758 3742 4810; x_wconf 82' lang='grc' dir='ltr'><strong>τδ</strong></span> <span class='ocrx_word' id='word_1_721' title='bbox 3777 4751 3868 4812; x_wconf 49' lang='lat' dir='ltr'><strong>LA</strong></span> 
     </span>
    </p>
   </div>
   <div class='ocr_carea' id='block_1_106' title="bbox 2581 4829 2728 4840">
    <p class='ocr_par' dir='ltr' id='par_1_106' title="bbox 2581 4829 2728 4840">
     <span class='ocr_line' id='line_1_106' title="bbox 2581 4829 2728 4840; baseline 0 -7"><span class='ocrx_word' id='word_1_722' title='bbox 2581 4829 2728 4840; x_wconf 49' lang='lat'><strong>__._,__</strong></span> 
     </span>
    </p>
   </div>
   <div class='ocr_carea' id='block_1_107' title="bbox 2155 4848 3742 4928">
    <p class='ocr_par' dir='ltr' id='par_1_107' title="bbox 2155 4848 3742 4928">
     <span class='ocr_line' id='line_1_107' title="bbox 2155 4848 3742 4928; baseline -0.009 -12"><span class='ocrx_word' id='word_1_723' title='bbox 2155 4860 2321 4923; x_wconf 80' lang='grc' dir='ltr'>σέϐας</span> <span class='ocrx_word' id='word_1_724' title='bbox 2371 4858 2466 4911; x_wconf 75' lang='grc' dir='ltr'><strong>καὶ</strong></span> <span class='ocrx_word' id='word_1_725' title='bbox 2492 4857 2592 4928; x_wconf 86' lang='grc' dir='ltr'>τὴν</span> <span class='ocrx_word' id='word_1_726' title='bbox 2632 4853 3004 4926; x_wconf 85' lang='grc' dir='ltr'>προσκύνησιν</span> <span class='ocrx_word' id='word_1_727' title='bbox 3027 4869 3042 4885; x_wconf 77' lang='grc' dir='ltr'><strong><em>ο</em></strong></span> <span class='ocrx_word' id='word_1_728' title='bbox 3088 4851 3230 4905; x_wconf 76' lang='grc' dir='ltr'>οὕτω</span> <span class='ocrx_word' id='word_1_729' title='bbox 3261 4849 3356 4904; x_wconf 80' lang='grc' dir='ltr'>καὶ</span> <span class='ocrx_word' id='word_1_730' title='bbox 3388 4848 3742 4921; x_wconf 78' lang='grc' dir='ltr'>Χριστιανῶν</span> 
     </span>
    </p>
   </div>
   <div class='ocr_carea' id='block_1_108' title="bbox 2149 4939 3738 5018">
    <p class='ocr_par' dir='ltr' id='par_1_108' title="bbox 2149 4939 3738 5018">
     <span class='ocr_line' id='line_1_108' title="bbox 2149 4939 3738 5018; baseline -0.01 -11"><span class='ocrx_word' id='word_1_731' title='bbox 2149 4951 2374 5016; x_wconf 82' lang='grc' dir='ltr'>παῖδες,</span> <span class='ocrx_word' id='word_1_732' title='bbox 2413 4946 2493 5018; x_wconf 84' lang='grc' dir='ltr'><strong>τῷ</strong></span> <span class='ocrx_word' id='word_1_733' title='bbox 2519 4945 2675 5016; x_wconf 87' lang='grc' dir='ltr'>τύπῳ</span> <span class='ocrx_word' id='word_1_734' title='bbox 2724 4944 2820 4998; x_wconf 89' lang='grc' dir='ltr'><strong>τοῦ</strong></span> <span class='ocrx_word' id='word_1_735' title='bbox 2868 4941 3105 5014; x_wconf 90' lang='grc' dir='ltr'>σταυροῦ</span> <span class='ocrx_word' id='word_1_736' title='bbox 3158 4939 3620 5012; x_wconf 81' lang='grc' dir='ltr'>προσκυνοῦντες.</span> <span class='ocrx_word' id='word_1_737' title='bbox 3665 4940 3738 4992; x_wconf 83' lang='grc' dir='ltr'><strong>οὐ</strong></span> 
     </span>
    </p>
   </div>
   <div class='ocr_carea' id='block_1_109' title="bbox 2149 5016 3826 5116">
    <p class='ocr_par' dir='ltr' id='par_1_109' title="bbox 2149 5016 3826 5116">
     <span class='ocr_line' id='line_1_109' title="bbox 2149 5016 3826 5116; baseline -0.016 -17"><span class='ocrx_word' id='word_1_738' title='bbox 2149 5043 2249 5116; x_wconf 80' lang='grc' dir='ltr'>τὴν</span> <span class='ocrx_word' id='word_1_739' title='bbox 2286 5040 2448 5112; x_wconf 86' lang='grc' dir='ltr'>φύσιν</span> <span class='ocrx_word' id='word_1_740' title='bbox 2465 5016 2571 5092; x_wconf 27' lang='grc' dir='ltr'>*τοῦ</span> <span class='ocrx_word' id='word_1_741' title='bbox 2601 5037 2758 5104; x_wconf 79' lang='grc' dir='ltr'>ξύλου</span> <span class='ocrx_word' id='word_1_742' title='bbox 2791 5033 3230 5106; x_wconf 84' lang='grc' dir='ltr'>προσκυνοῦμεν,</span> <span class='ocrx_word' id='word_1_743' title='bbox 3268 5030 3406 5087; x_wconf 78' lang='grc' dir='ltr'>ἀλλὰ</span> <span class='ocrx_word' id='word_1_744' title='bbox 3436 5028 3738 5103; x_wconf 54' lang='grc' dir='ltr'>σφραγῖδα,</span> <span class='ocrx_word' id='word_1_745' title='bbox 3759 5016 3826 5092; x_wconf 41' lang='grc' dir='ltr'>ῗιε,</span> 
     </span>
    </p>
   </div>
   <div class='ocr_carea' id='block_1_110' title="bbox 2150 5119 3913 5206">
    <p class='ocr_par' dir='ltr' id='par_1_110' title="bbox 2150 5119 3913 5206">
     <span class='ocr_line' id='line_1_110' title="bbox 2150 5119 3913 5206; baseline -0.011 -16"><span class='ocrx_word' id='word_1_746' title='bbox 2150 5135 2248 5190; x_wconf 79' lang='grc' dir='ltr'>καὶ</span> <span class='ocrx_word' id='word_1_747' title='bbox 2272 5130 2580 5206; x_wconf 67' lang='grc' dir='ltr'>δακτύλιον,</span> <span class='ocrx_word' id='word_1_748' title='bbox 2611 5129 2706 5182; x_wconf 57' lang='grc' dir='ltr'><strong>καλ⁹</strong></span> <span class='ocrx_word' id='word_1_749' title='bbox 2748 5129 3072 5199; x_wconf 81' lang='grc' dir='ltr'>χαρακτῆρα</span> <span class='ocrx_word' id='word_1_750' title='bbox 3105 5123 3344 5196; x_wconf 82' lang='grc' dir='ltr'>Χριστοῦ</span> <span class='ocrx_word' id='word_1_751' title='bbox 3397 5119 3561 5176; x_wconf 77' lang='grc' dir='ltr'>αὐτοῦ</span> <span class='ocrx_word' id='word_1_752' title='bbox 3618 5120 3858 5206; x_wconf 15' lang='lat' dir='ltr'><strong>Bks-.3:</strong></span> <span class='ocrx_word' id='word_1_753' title='bbox 3904 5149 3913 5206; x_wconf 9' lang='lat' dir='ltr'><strong>VI</strong></span> 
     </span>
    </p>
   </div>
   <div class='ocr_carea' id='block_1_111' title="bbox 2159 5203 3913 5290">
    <p class='ocr_par' dir='ltr' id='par_1_111' title="bbox 2159 5203 3913 5290">
     <span class='ocr_line' id='line_1_111' title="bbox 2159 5203 3913 5290; baseline -0.011 -10"><span class='ocrx_word' id='word_1_754' title='bbox 2159 5203 2372 5290; x_wconf 79' lang='grc' dir='ltr'>ποντες,</span> <span class='ocrx_word' id='word_1_755' title='bbox 2396 5207 2464 5277; x_wconf 46' lang='grc' dir='ltr'><strong>διδ</strong></span> <span class='ocrx_word' id='word_1_756' title='bbox 2487 5209 2661 5276; x_wconf 73' lang='grc' dir='ltr'>αὐτοῦ</span> <span class='ocrx_word' id='word_1_757' title='bbox 2697 5220 2786 5274; x_wconf 83' lang='grc' dir='ltr'>τὸν</span> <span class='ocrx_word' id='word_1_758' title='bbox 2807 5223 2865 5274; x_wconf 81' lang='grc' dir='ltr'>ὲν</span> <span class='ocrx_word' id='word_1_759' title='bbox 2891 5218 3040 5290; x_wconf 83' lang='grc' dir='ltr'>αὐτῷ</span> <span class='ocrx_word' id='word_1_760' title='bbox 3075 5215 3458 5289; x_wconf 78' lang='grc' dir='ltr'>σταυρωθέντα</span> <span class='ocrx_word' id='word_1_761' title='bbox 3487 5210 3742 5276; x_wconf 76' lang='grc' dir='ltr'>ἀσπαζό-</span> <span class='ocrx_word' id='word_1_762' title='bbox 3845 5205 3913 5250; x_wconf 67' lang='grc' dir='ltr'><strong>ἶ-’ί⁵</strong></span> 
     </span>
    </p>
   </div>
   <div class='ocr_carea' id='block_1_112' title="bbox 2163 5311 2944 5388">
    <p class='ocr_par' dir='ltr' id='par_1_112' title="bbox 2163 5311 2944 5388">
     <span class='ocr_line' id='line_1_112' title="bbox 2163 5311 2944 5388; baseline -0.012 -19"><span class='ocrx_word' id='word_1_763' title='bbox 2163 5316 2305 5388; x_wconf 76' lang='grc' dir='ltr'>μεθα</span> <span class='ocrx_word' id='word_1_764' title='bbox 2334 5314 2427 5370; x_wconf 71' lang='grc' dir='ltr'><strong>καὶ</strong></span> <span class='ocrx_word' id='word_1_765' title='bbox 2451 5311 2885 5386; x_wconf 85' lang='grc' dir='ltr'>προσκυνοῦμεν.</span> <span class='ocrx_word' id='word_1_766' title='bbox 2927 5329 2944 5360; x_wconf 80' lang='grc' dir='ltr'><strong>ι</strong></span> 
     </span>
    </p>
   </div>
   <div class='ocr_carea' id='block_1_113' title="bbox 3385 5383 3418 5396">
    <p class='ocr_par' dir='ltr' id='par_1_113' title="bbox 3385 5383 3418 5396">
     <span class='ocr_line' id='line_1_113' title="bbox 3385 5383 3418 5396; baseline 0 0"><span class='ocrx_word' id='word_1_767' title='bbox 3385 5383 3418 5396; x_wconf 53' lang='grc' dir='ltr'><strong>κ</strong></span> 
     </span>
    </p>
   </div>
   <div class='ocr_carea' id='block_1_114' title="bbox 1754 5542 2424 5603">
    <p class='ocr_par' dir='ltr' id='par_1_114' title="bbox 1754 5542 2424 5603">
     <span class='ocr_line' id='line_1_114' title="bbox 1754 5542 2424 5603; baseline -0.006 -1"><span class='ocrx_word' id='word_1_768' title='bbox 1754 5548 1984 5602; x_wconf 73' lang='grc' dir='ltr'>νΑιιιΑῑ</span> <span class='ocrx_word' id='word_1_769' title='bbox 2023 5542 2424 5603; x_wconf 79' lang='lat' dir='ltr'><strong>LECTIONES.</strong></span> 
     </span>
    </p>
   </div>
   <div class='ocr_carea' id='block_1_115' title="bbox 519 5655 2258 5766">
    <p class='ocr_par' dir='ltr' id='par_1_115' title="bbox 519 5655 2258 5766">
     <span class='ocr_line' id='line_1_115' title="bbox 519 5655 2258 5766; baseline -0.005 -25"><span class='ocrx_word' id='word_1_770' title='bbox 519 5655 744 5756; x_wconf 24' lang='lat' dir='ltr'><strong>{Lego</strong></span> <span class='ocrx_word' id='word_1_771' title='bbox 769 5687 1150 5755; x_wconf 79' lang='grc' dir='ltr'>όμοιωμάτων,</span> <span class='ocrx_word' id='word_1_772' title='bbox 1186 5694 1236 5738; x_wconf 81' lang='grc' dir='ltr'><strong>ιιι</strong></span> <span class='ocrx_word' id='word_1_773' title='bbox 1278 5683 1446 5738; x_wconf 81' lang='lat' dir='ltr'><strong>Zinus</strong></span> <span class='ocrx_word' id='word_1_774' title='bbox 1474 5693 1523 5737; x_wconf 89' lang='lat' dir='ltr'><strong>et</strong></span> <span class='ocrx_word' id='word_1_775' title='bbox 1557 5681 1717 5766; x_wconf 82' lang='lat' dir='ltr'><strong>Tilm.</strong></span> <span class='ocrx_word' id='word_1_776' title='bbox 1760 5693 1814 5736; x_wconf 86' lang='lat' dir='ltr'><strong>et</strong></span> <span class='ocrx_word' id='word_1_777' title='bbox 1845 5682 1897 5735; x_wconf 90' lang='lat' dir='ltr'><strong>in</strong></span> <span class='ocrx_word' id='word_1_778' title='bbox 1930 5688 2036 5736; x_wconf 86' lang='lat' dir='ltr'><strong>act.</strong></span> <span class='ocrx_word' id='word_1_779' title='bbox 2067 5681 2098 5734; x_wconf 83' lang='lat'><strong>7</strong></span> <span class='ocrx_word' id='word_1_780' title='bbox 2137 5694 2258 5750; x_wconf 80' lang='lat' dir='ltr'><strong>syn.</strong></span> 
     </span>
    </p>
   </div>
  </div>
