3986 6346
205 381 322 448 I385
1275 387 1372 446 DE
1412 388 1874 451 IMAGINIBUS
1908 380 2191 442 ORATIO
2221 380 2336 440 III.
2738 449 2743 451 _
3295 378 3430 439 1386

264 488 366 544 Τοῦ
394 486 600 542 αὑτοῦ.
627 504 645 537 ι
673 487 784 541 Καὶ
811 487 899 541 διὰ
925 485 1082 539 τοῦτο
1116 489 1371 559 Χριστὸν,
1399 493 1494 544 καὶ
1525 492 1597 545 τὰ
1620 449 1755 564 Χρι-

1937 487 2211 556 Ejusdem.
2253 502 2285 555 ι.
2309 483 2486 552 Atque
2540 496 2659 535 eam
2720 481 2791 536 ob
2842 494 3065 535 causam
3120 477 3429 545 Christum,

202 579 307 632 στοῦ
339 578 521 649 πάθη,
550 578 610 630 ὲν
652 577 994 647 ἐκκλησίαις,
1029 580 1122 631 καὶ
1161 580 1350 644 οἴκοις,
1378 582 1475 634 καὶ
1508 583 1755 652 ἀγοραῖς,

198 672 277 722 καὶ
302 671 359 721 ἐν
381 668 574 731 εἰκόσι,
615 668 712 721 καὶ⁸
732 669 790 720 ὲν
828 668 1049 734 σινδόνι,
1085 672 1178 723 καὶ
1204 672 1263 722 ὲν
1292 672 1561 742 ταμείοις,
1702 674 1760 725 ὲν

200 761 435 828 ἱματίοις,
468 761 564 812 καὶ
598 761 657 812 ὲν
688 760 853 811 παντὶ
882 760 1033 830 τόπῳ
1069 760 1292 813 ὲκτυπῶ
1327 761 1420 814 καὶ
1449 761 1758 832 διαγράφω,

200 854 272 904 ἵνα
298 850 560 917 διηνεκῶς
590 850 953 920 ὁρῶνταῦτα,
982 852 1518 923 ἀναμιμνήσκωμαι,
1559 853 1652 904 καὶ
1685 855 1762 922 μὴ

198 941 549 1011 ἐπιλάθωμαι,
604 941 796 1012 ὥσπερ
835 945 899 997 σὺ
946 942 1213 996 ἐπελάθου
1263 944 1468 1014 Κυρίου
1503 942 1599 996 τοῦ
1624 943 1762 996 Θεοῦ

200 1051 283 1087 σου
306 1033 410 1087 ἀεί,
449 1034 561 1087 Καὶ
587 1032 777 1107 ὥσπερ
802 1035 867 1087 σὺ
899 1035 1220 1103 προσκυνῶν
1242 1035 1302 1087 τὸ
1333 1034 1539 1104 βιϐλίον
1563 1035 1659 1088 τοῦ
1680 1035 1766 1088 νό-

203 1142 314 1194 μου,
345 1124 406 1176 οὐ
444 1124 545 1193 τὴν
574 1125 735 1192 φύσιν
780 1125 892 1179 τῶν
936 1126 1221 1196 δερμάτων
1271 1127 1367 1179 καὶ
1406 1125 1501 1179 τοῦ
1538 1126 1767 1196 μέλανος

204 1217 540 1286 προσκυνεῖς,
574 1214 711 1268 ἀλλὰ
736 1217 862 1279 τοὺς
896 1215 1087 1283 λόγους
1125 1215 1222 1269 τοῦ
1264 1216 1399 1269 Θεοῦ
1433 1218 1562 1278 τοὺς
1583 1202 1767 1284 ὲγκειο

205 1308 386 1381 μένους
416 1307 474 1358 ὲν
507 1305 675 1377 αὐτῷ,
715 1307 889 1364 οὕτως
920 1307 1074 1374 κάγὼ
1098 1310 1164 1377 τῇ
1196 1308 1367 1361 εἰκόνι
1399 1307 1493 1361 τοῦ
1526 1308 1767 1379 Χριστοῦ

203 1394 511 1466 προσκυνῶ,
544 1397 605 1450 ού
640 1400 708 1468 τῇ
747 1396 907 1464 φύσει
933 1397 1028 1451 τοῦ
1071 1398 1227 1463 ξύλου
1258 1400 1351 1452 καὶ
1386 1399 1495 1451 τῶν
1542 1386 1775 1471 χρῶμά-η

202 1502 331 1539 των·
367 1486 443 1557 μὴ
474 1486 721 1557 γένοιτοῑ
768 1487 885 1542 ἀλλ’
935 1488 1129 1559 ἀψύχῳ
1178 1490 1486 1560 χαρακτῆρι
1534 1488 1770 1561 Χριστοῦ

204 1573 534 1646 προσκυνῶν,
565 1576 635 1630 δι’
675 1577 842 1631 αὐτοῦ
864 1618 879 1642 ,
923 1579 1086 1632 αὑτὸν
1119 1580 1353 1650 Χριστὸν
1378 1580 1520 1633 δοκῶ
1555 1583 1772 1651 κρατεῖν

204 1666 289 1719 καὶ
306 1669 788 1738 προσκυνεῖν.Καὶ
814 1669 1004 1741 ὥσπερ
1046 1670 1241 1724 Ἰακὼϐ
1284 1670 1579 1741 δεξάμενος
1624 1671 1774 1742 παρὰ

203 1759 302 1814 τῶν
339 1760 585 1830 ἀδελφῶν
624 1760 721 1813 τοῦ
787 1760 986 1832 Ἰωσὴφ
1015 1761 1107 1813 τὸν
1137 1760 1339 1832 χιτῶνα
1384 1761 1474 1814 τὸν
1527 1760 1770 1814 ποικίλον

1861 576 2180 645 Christique
2235 573 2545 643 passionem
2594 572 2649 641 in
2697 572 2970 633 ecclesiis,
3008 572 3061 624 in
3113 571 3343 637 aedibus,
3377 573 3431 625 in

1864 669 2024 732 foris,
2077 669 2141 745 in.
2184 665 2407 737 tabulis,
2458 666 2510 718 in
2554 664 2771 728 linteis,
2830 664 2884 717 in
2933 665 3217 721 cubilibus
3267 674 3325 718 et
3376 665 3433 717 in

1862 764 2136 826 vestibus,
2180 771 2344 829 atque
2389 761 2442 812 in
2490 758 2639 812 omni
2672 760 2795 823 loco
2820 760 3069 828 exprimo
3094 767 3148 813 et
3180 759 3432 828 designo,

1866 862 1923 908 ut
1977 869 2071 923 per
2131 852 2449 905 continuam
2518 850 3040 912 considerationem,
3115 850 3435 904 memoriam

1864 959 2053 998 eorum
2094 940 2477 1010 perfricamus,
2515 954 2614 993 nec
2649 956 2888 1009 unquam
2923 941 3335 1005 obliviscamur,
3381 950 3453 1003 ut,

1866 1043 1922 1086 tu
1965 1048 2180 1102 semper
2232 1033 2550 1103 oblitusvcs
2616 1031 2832 1097 Domini
2886 1032 2981 1095 Dei
3030 1032 3128 1087 tui.
3180 1032 3439 1097 Quinimo

1867 1124 2057 1188 veluti,
2094 1140 2218 1177 cum
2256 1125 2506 1195 volumen
2554 1124 2699 1193 legis
2745 1125 2977 1193 adoras,
3025 1138 3133 1177 non
3173 1124 3442 1178 membra-

1870 1232 2064 1268 narum
2095 1225 2148 1271 et
2190 1217 2481 1283 atramenti
2516 1200 3036 1281 naturamadoras,
3065 1215 3160 1269 sed
3200 1215 3295 1268 Dei
3321 1230 3441 1270 ser-

1873 1326 2062 1366 mones
2116 1312 2210 1379 qui
2263 1310 2322 1369 in
2360 1326 2426 1366 eo
2482 1310 2673 1379 scripti
2726 1319 2891 1375 sunt;
2953 1310 3227 1365 consimili
3283 1308 3444 1362 modo

1869 1399 2077 1455 Christi
2138 1400 2431 1470 imaginem
2488 1399 2681 1465 adoro,
2738 1413 3083 1468 nequaquam
3137 1413 3264 1453 vero
3312 1398 3469 1466 ligni'

1872 1492 2194 1545 colorumve
2229 1500 2482 1546 naturam
2509 1507 2522 1557 ;
2560 1490 2738 1561 absit!
2774 1489 2877 1549 sed.
2905 1489 3207 1547 inaniinani
3236 1488 3443 1545 Christi

1876 1579 2105 1648 figuram
2141 1579 2541 1646 adoransyper
2586 1592 2706 1631 eam
2749 1577 2885 1630 mihi
2935 1576 3127 1639 videor
3154 1576 3449 1646 ipsummet

1875 1670 2157 1724 Christum
2213 1668 2502 1736 complecti
2555 1678 2604 1731 et
2646 1667 2917 1733 adorare.”
2947 1670 3016 1719 At
3064 1666 3206 1721 sicut
3252 1665 3446 1728 Jacob,

1877 1775 2001 1811 cum
2036 1773 2065 1811 ιι
2100 1756 2321 1827 Joseplti
2365 1758 2631 1812 fratribus
2680 1758 2772 1825 qui
2828 1758 3007 1826 ipsum
3061 1756 3444 1819 vendiderant,

205 1850 532 1919 ᾑμαγμένον,
567 1852 658 1906 ὅτε
690 1851 1007 1922 ὲπίπρασαν
1030 1852 1121 1906 τὸν
1155 1852 1354 1923 Ἰωσὴφ
1376 1891 1391 1915 ,
1439 1851 1769 1919 κατεφίλησε

1884 1852 2080 1903 variam
2117 1848 2362 1917 ejusdem
2396 1849 2643 1902 tunicmn
2677 1847 2946 1919 sanguine
2977 1857 3262 1901 cruentam
3297 1862 3449 1901 rece-

206 1937 409 2001 πὰντως
452 1942 542 1993 τὸν
585 1940 790 2011 χιτῶνα
820 1942 958 2013 μετά
990 1942 1263 2012 δακρύων,
1308 1942 1401 1995 καὶ
1430 1943 1540 2004 τοῖς
1571 1940 1771 2010 ὀφθαλ-

205 2028 314 2094 μοῖς
339 2031 451 2091 τοῖς
480 2028 628 2091 ἰδίοις
654 2028 846 2083 τοῦτον
869 2030 1085 2099 ἔθηκεν,
1115 2032 1174 2083 οὺ
1197 2030 1257 2082 τὸ
1290 2031 1506 2101 ἱμάτιον
1533 2028 1773 2108 θρηνῶν,

1875 1943 2065 2012 pisset,
2095 1940 2239 1993 hanc
2272 1955 2397 1993 cum
2441 1939 2701 2009 lacrymis
2730 1940 3102 2005 deosculatus,
3134 1938 3450 1993 oculissuis
3484 1992 3489 1999 ,

1874 2034 2170 2103 apposuit;
2229 2046 2338 2085 non
2393 2031 2551 2099 quasi
2603 2030 2845 2083 tunicam
2903 2029 2995 2084 ille
3049 2028 3295 2092 defieret,
3354 2026 3454 2084 sed

202 2116 329 2171 ἀλλὰ
359 2119 427 2170 δι’
454 2120 623 2172 αὑτοῦ
666 2120 757 2173 τὸν
809 2121 1007 2191 Ἰωσὴφ
1037 2122 1275 2191 νομίζων
1308 2120 1650 2189 καταφιλεῖν,
1682 2121 1775 2172 καὶ

1884 2125 2021 2192 quod
2050 2139 2145 2193 per
2174 2139 2293 2177 eatn
2325 2120 2626 2192 Josephum
2663 2122 2838 2189 ipsum
2884 2122 3153 2184 osculari,
3185 2130 3241 2176 et
3277 2120 3458 2174 mani-

202 2209 257 2261 ἐν
282 2210 466 2278 χερσὶν
496 2209 657 2262 αὐτὸν
680 2210 955 2280 κατέχεινο
978 2211 1121 2265 οὕτω
1149 2214 1242 2264 καὶ
1274 2211 1615 2281 Χριστιανῶν
1645 2213 1773 2261 παῖ-

200 2299 284 2361 δες
344 2299 531 2351 εἰκόνα
559 2299 823 2369 Χριστοῦ,
850 2300 882 2370 ἢ
906 2302 1228 2366 ἀποστόλου,
1253 2301 1285 2370 ἢ
1315 2300 1590 2370 μάρτυρος
1644 2316 1777 2352 κατ-

200 2389 565 2477 ασπαζόμενφ
585 2392 650 2460 τῇ
682 2392 943 2477 mpm
960 2391 1107 2462 ψυχῇ
1128 2391 1424 2462 νομίζομεν
1448 2390 1612 2444 αὐτὸν
1638 2392 1779 2442 ἐκεῖ·

200 2493 285 2532 νον
322 2478 412 2531 τὸν
487 2478 951 2553 ΧρισΜ
994 2481 1250 2553 μάρτυρα
1317 2481 1482 2534 αὑτοῦ
1537 2480 1780 2544 ἀσπάζε-

203 2392 565 2477 ασπαζόμενφ
585 2392 650 2460 τῇ
682 2406 785 2462 σαρ
960 2392 1107 2462 ψυχῇ
1128 2392 1424 2462 νομίζομεν
1448 2392 1612 2444 αὐτὸν
1638 2392 1779 2442 ἐκεῖ·

203 2493 285 2532 νον
322 2478 412 2531 τὸν
487 2479 629 2550 Χρισ
994 2481 1250 2553 μάρτυρα
1317 2481 1482 2534 αὑτοῦ
1537 2480 1779 2544 ἀσπάζε-

203 2566 416 2625 σθαι....
434 2569 524 2633 Ὠς
544 2392 968 2674 70w;
990 2568 1166 2636 εἷπον,
1188 2573 1216 2624 ὁ
1244 2560 1445 2635 σκοπὸς
1467 2571 1779 2635 ἐξετάζεται

200 2657 288 2713 ἐπὶ
313 2660 513 2723 παντὸς
534 2657 852 2732 ἀσπασμόἳῖ
868 2663 965 2715 καὶ
990 2662 1084 2714 ἐπὶ
1113 2662 1297 2731 πάσης
1328 2662 1777 2731 προσκυνήσεως.

201 2751 263 2804 Εἰ
285 2750 343 2804 δὲ
378 2751 503 2821 ἐμοὶ
545 2752 820 2820 ἐγκαλεῖς,
868 2754 1064 2823 λέγων,
1098 2754 1179 2807 ὄτι
1210 2754 1505 2827 προσκυνῶ
1531 2754 1610 2824 τῷ
1642 2752 1783 2823 ξύλῳ

198 2842 290 2896 τοῦ
326 2841 583 2912 σταυροῦ,
619 2842 707 2897 διά
739 2844 792 2895 τί
837 2846 938 2898 οὐκ
960 2845 1209 2913 ἐγκαλεῖς
1249 2845 1325 2915 τῷ
1368 2844 1586 2909 Ἰακὼϐ,
1622 2862 1785 2916 προσ-

202 2936 491 3006 κυνήσαντι
541 2937 636 2987 ἐπὶ
691 2934 752 2987 τὸ
789 2935 960 3007 ἄκρον
1009 2938 1109 3005 τῆς
1162 2936 1361 3007 ῥάϐδου
1407 2936 1501 2989 τοῦ
1543 2936 1781 3006 Ἰωσήφ;

216 3024 374 3078 Ἀλλά
404 3024 691 3095 πρόδηλον,
724 3027 805 3079 ὅτι
845 3027 907 3078 ού
944 3024 1006 3078 τὸ
1037 3026 1192 3091 ξύλον
1228 3026 1405 3097 τιμῶν
1438 3026 1783 3097 προσεκύνη·

204 3132 319 3183 σεν,
351 3116 487 3171 ἀλλά
518 3114 607 3169 διὰ
638 3117 734 3169 τοῦ
786 3116 945 3182 ξύλου
978 3117 1056 3187 τῷ
1116 3116 1315 3188 Ἰωσὴφ
1349 3117 1780 3188 προσεκύνησεν,

203 3209 394 3279 ὥσπερ
432 3208 525 3264 καὶ
558 3214 723 3281 ἡμεῖς
752 3210 839 3263 διὰ
863 3210 958 3263 τοῦ
993 3210 1229 3281 σταυροῦ
1258 3210 1336 3280 τῷ
1362 3209 1605 3280 Χριστῷ.
1626 3210 1784 3264 Ἐπεὶ

203 3299 297 3352 καὶ
334 3299 582 3371 Ἀϐραὰμ
606 3301 716 3360 τοῖς
756 3298 1073 3368 πωλήσασιν
1104 3298 1253 3369 αὐτῷ
1273 3300 1364 3352 τὸν
1387 3299 1558 3366 τάφον
1582 3297 1784 3368 ἀνδρά-

542 2392 951 2530 am

202 3408 289 3444 σιν
313 3391 534 3446 ἀσεϐέσι
561 3392 964 3462 προσεκύνησε,
1006 3392 1101 3445 κοιλ⁵
1130 3390 1261 3457 γόνυ
1288 3389 1534 3458 ἔκαμψεν
1568 3390 1659 3441 ἐπὶ
1686 3392 1785 3457 τὴν
1820 3448 1825 3451 ,

202 3482 332 3552 γῆν,
380 3483 495 3535 ἀλλ’
522 3483 620 3552 οὐχ
653 3483 729 3545 ὡς
771 3482 927 3544 θεοὺς
980 3482 1178 3542 αὐτοὺς
1225 3480 1628 3549 προσεκύνησε.
1678 3481 1788 3531 Καὶ

206 3571 389 3638 πάλιν,
431 3574 461 3624 ὁ
515 3570 709 3624 Ἰακὼϐ
750 3571 843 3624 τὸν
889 3562 1087 3639 Φαραὼ
1115 3570 1418 3638 ηὐλόγησεν
1441 3611 1456 3633 ,
1486 3568 1659 3638 ἀσεϐῆ
1693 3556 1795 3621 καί

205 3662 598 3732 εἰδωλολάτρην
638 3661 785 3727 ὄντα,
821 3662 916 3714 καὶ
938 3661 1029 3714 τὸν
1075 3660 1246 3713 Ἡσαῦ
1276 3660 1526 3723 ἑπτάκις,
1553 3660 1668 3713 ἀλλ’
1692 3660 1789 3729 οὐχ

204 3754 281 3818 ὡς
303 3755 459 3808 Θεόν.
495 3754 819 3819 Ἰδεπόσους
847 3754 1175 3823 ἀσπασμοὺς
1204 3752 1300 3805 καὶ
1343 3752 1516 3815 πόσας
1548 3769 1787 3821 προσκυ-

203 3845 394 3916 νήσεις
432 3845 688 3909 ἀπέδειξα
742 3861 846 3902 σοι.
880 3845 1177 3914 γραφικάςί
1204 3842 1397 3907 “regemi-
1421 3842 1681 3911 φυσικὰς,
1712 3842 1788 3911 μὴ

80 3960 99 3979 ς
138 3935 436 4007 ἐχούσας
470 3936 842 4004 κατάγνωσιν;
886 3937 986 4005 ἐμὲ
1010 3935 1065 3987 δὲ
1100 3924 1247 3987 ἐπὰν
1273 3934 1389 4005 ἴδῃς
1429 3934 1616 3985 εἰκόνα
1653 3934 1791 4003 Χρι-

205 4026 360 4089 στοῦ,
390 4025 423 4096 ἢ
454 4028 553 4096 τῆς
588 4025 864 4094 πανάγνου
894 4023 1059 4079 αὑτοῦ
1090 4023 1331 4094 Μητρὸς,
1364 4022 1399 4093 ἢ
1427 4022 1583 4091 ἁγίου
1617 4039 1791 4093 προσ-

203 4116 500 4181 κυνοῦντα,
534 4117 863 4186 ἀγανακτεῖς
905 4115 1130 4182 εὐθέως,
1163 4117 1258 4169 καὶ
1299 4114 1662 4185 βλασφημεῖς,
1699 4115 1791 4168 καὶ

204 4192 516 4279 ἀποπηδᾷς,
545 4209 641 4262 καὶ
672 4207 1070 4279 εἰδωλολάτρην
1116 4223 1184 4277 με
1213 4207 1531 4272 ἀποκαλεῖς,
1554 4206 1649 4260 καὶ
1693 4207 1793 4259 οὐκ

204 4302 474 4372 αἰσχύνῃ;
501 4301 595 4355 καὶ
632 4301 895 4372 φρίττεις,
942 4302 1040 4355 καὶ
1081 4300 1365 4371 ἐρυθριᾷς,
1389 4300 1532 4370 δρῶν
1562 4316 1631 4370 με
1667 4298 1792 4353 καθ’

207 4390 451 4460 ἑκάστην
477 4388 690 4459 ἡμέραν
711 4389 767 4441 ὲν
788 4389 939 4461 πάσῃ
960 4390 1026 4459 τῇ
1049 4388 1345 4460 οἰκουμένῃ
1369 4389 1531 4451 ναοὺς
1561 4387 1794 4441 εἰδώλων

1877 2216 1979 2269 bus
2007 2213 2301 2283 complecti
2334 2212 2438 2267 sibi
2482 2211 2759 2264 videretur
2790 2212 2833 2241 ⁵⁷
2872 2229 2887 2265 :
2924 2212 3006 2267 sic
3053 2221 3109 2267 et
3158 2226 3259 2268 nos
3288 2210 3453 2265 Chri—

1878 2305 2045 2361 stiani
2084 2288 2378 2372 imaginem
2420 2303 2653 2371 apostoli
2698 2302 3029 2372 martyrisve
3065 2304 3274 2358 carnali
3303 2319 3456 2358 more

1878 2397 2337 2464 complectentes,
2361 2394 2546 2447 animo
2570 2400 2887 2462 reputamus
2919 2410 3040 2457 nos,
3061 2394 3144 2448 vel
3172 2393 3455 2449 Christum

1881 2488 2096 2555 ipsum,
2145 2485 2231 2538 vel
2287 2492 2576 2554 martyrem
2625 2484 2747 2553 ejus
2798 2483 3188 2552 amplexari....
3254 2484 3459 2549 Quam-

1880 2579 2091 2640 ohrem,
2115 2585 2173 2630 ut
2204 2575 2404 2644 saepius
2440 2574 2574 2639 dixi,
2613 2574 2663 2628 in
2694 2575 2841 2628 omni
2877 2575 3205 2629 salutatione
3227 2576 3308 2629 vel
3335 2576 3462 2631 ado-

1882 2665 2094 2719 ratione
2123 2664 2454 2735 disquiritur
2490 2665 2741 2719 intentio.
2770 2664 2928 2729 Quod
2960 2665 3005 2719 si
3035 2666 3167 2737 mihi
3200 2665 3460 2719 crintina-
3500 2722 3503 2727 λ

1884 2758 1981 2823 ris,
2010 2759 2168 2827 quasi
2201 2757 2389 2812 crucis
2422 2756 2648 2826 lignum,
2675 2773 2773 2811 ceu
2806 2757 2973 2811 Deum
3007 2756 3227 2815 adorem
3251 2775 3264 2824 ;
3288 2772 3461 2827 quare

1885 2865 1996 2904 non
2035 2849 2163 2903 item
2196 2847 2368 2903 Jacob
2390 2863 2642 2912 accusas,
2672 2849 2767 2917 qui
2802 2848 2964 2920 virgae
2983 2846 3206 2919 Josepbi
3232 2847 3461 2911 summi-
3494 2906 3495 2909 η

1886 2948 2051 2996 tatem
2077 2939 2329 2994 adoravit
2350 2939 2433 3013 ⁵⁸2
2452 2939 2521 2991 At
2551 2938 2904 2992 manifestum
2935 2947 3017 2992 est
3046 2954 3169 2994 eum
3191 2953 3302 2993 non
3328 2938 3457 3008 ligni

1885 3032 2191 3089 honorandi
2227 3046 2393 3085 causa
2432 3030 3165 3105 adorationemexhibuisse
3188 3070 3203 3094 ,
3235 3028 3331 3083 sed
3360 3044 3459 3099 p0-

1886 3128 1996 3182 tius
2022 3140 2118 3195 per
2149 3124 2420 3178 honorem
2458 3122 2606 3192 ligno
2652 3123 2979 3191 prtestltum,
3017 3121 3283 3191 adorasse
3312 3119 3463 3174 Jose-

1888 3218 2078 3287 phum,
2132 3212 2294 3285 375
2331 3213 2475 3268 sicut
2520 3213 2577 3266 in
2613 3226 2779 3266 cruce
2809 3211 3093 3267 Christum
3142 3211 3460 3271 adoramus.
3520 3254 3521 3257 η

1887 3308 2093 3363 Eodem
2133 3309 2296 3375 plane
2329 3303 2493 3358 modo
2517 3318 2629 3370 quo
2664 3302 2942 3356 Abraham
2985 3301 3233 3357 homines
3266 3302 3464 3370 impios

1888 3418 1916 3451 a
1950 3399 2148 3469 quibus
2176 3397 2491 3465 sepulcrum
2522 3394 2887 3456 mercabatur,
2914 3392 3147 3462 genibus
3174 3392 3227 3445 iu
3257 3399 3463 3446 terram

1889 3486 2147 3542 demissis
2181 3485 2457 3547 adoravit,
2495 3498 2843 3553 nequaquam
2888 3490 3072 3535 tamen
3123 3482 3203 3537 uti
3236 3482 3368 3537 deos
3395 3483 3461 3537 ⁵⁸.

1889 3576 1969 3629 Ad
1997 3576 2131 3640 hxc,
2176 3573 2346 3627 Jacob
2388 3571 2684 3635 Pharaoni,
2722 3569 2891 3647 impio
2923 3570 3049 3641 licet
3078 3569 3466 3638 idolorumque

1890 3666 2112 3731 cultori,
2143 3665 2425 3720 benedixit
2450 3664 2514 3729 ⁸ο,
2542 3672 2703 3730 atque
2733 3664 2936 3730 septies
2966 3663 3108 3716 Esau
3138 3662 3207 3727 εί,
3230 3661 3326 3717 sed
3356 3677 3463 3715 non

1894 3760 1970 3814 uti
2016 3758 2208 3821 Deum,
2243 3736 2512 3811 adoravit.
2546 3752 2705 3817 Vide,
2748 3761 2885 3857 quot
2929 3753 3028 3807 tibi
3078 3754 3541 3827 salutationes,“
3568 3736 3915 3857 irrita?“

1892 3860 2133 3921 quotque
2172 3848 2548 3910 adorationes,
2583 3855 2695 3899 tum
2736 3847 2789 3899 in
2831 3843 3136 3921 Scriptnris
3180 3844 3466 3917 probatas,

1893 3951 2007 3997 tum
2045 3941 2350 4004 naturales,
2384 3937 2521 3992 nulli
2569 3922 2799 4007 prorsus
2846 3935 3258 4005 reprehensioni
3290 3936 3468 3990 obno-

1892 4034 2011 4089 xias
2039 4016 2383 4103 protulerint.
2415 4027 2497 4082 Tu
2539 4042 2692 4091 vero,
2727 4043 2853 4080 cum
2886 4026 3113 4089 Christi,
3150 4034 3246 4080 aut
3270 4026 3468 4081 castis-

1894 4126 2047 4182 simae
2080 4123 2269 4177 Matris
2298 4121 2469 4185 illius,
2513 4129 2607 4173 aut
2644 4120 2824 4175 sancti
2857 4118 3145 4187 cujusdam
3175 4118 3466 4187 imaginem

1893 4232 1997 4271 nos
2023 4215 2176 4269 vides
2205 4212 2458 4275 adorare,
2494 4211 2789 4265 confestim
2844 4208 3299 4279 indignabundus
3330 4208 3385 4262 id
3410 4210 3464 4263 in

1894 4310 2103 4364 crimen
2138 4305 2307 4361 vertis
2329 4346 2344 4371 ,
2372 4301 2718 4372 aufugisque,
2748 4308 2804 4355 et
2850 4316 2935 4354 me
2970 4294 3313 4351 idololatram
3365 4310 3468 4349 no-

1896 4398 2095 4453 minas.
2130 4393 2250 4449 Non
2277 4401 2330 4448 te
2361 4391 2563 4462 pudet?
2599 4406 2709 4444 non
2756 4387 3165 4460 perhorrescis?
3212 4399 3322 4439 non
3372 4399 3469 4438 ru-

208 4481 572 4545 καταλύοντα,
601 4481 699 4535 καὶ
721 4482 881 4544 ναοὺς
911 4482 1202 4552 μαρτύρων
1224 4481 1607 4550 ἀνεγείροντας
1641 4464 1709 4532 Εἰ
1726 4479 1782 4532 τὸ

1898 4490 2031 4544 bore
2063 4484 2416 4547 sulfunderis,
2447 4481 2665 4553 quando
2700 4496 2785 4534 me
2821 4479 2970 4533 vides
3000 4477 3054 4531 in
3089 4476 3347 4531 universo
3376 4491 3471 4530 or-

206 4572 411 4627 εἴδωλα
437 4571 828 4643 προσεκύνουν,
859 4571 1003 4624 διατί
1033 4573 1161 4634 τοὺς
1183 4571 1469 4641 μάρτυρας
1493 4556 1795 4640 τιμῶτοῦς

209 4660 633 4725 καταλύσαντας
660 4660 730 4714 τὰ
757 4659 984 4727 εῖδωλα;
1017 4662 1066 4713 εἰ
1095 4660 1153 4713 δὲ
1183 4659 1249 4713 τὰ
1280 4658 1432 4725 ξύλα,
1465 4658 1542 4721 ὼς
1567 4658 1691 4728 φὴς,
1716 4659 1803 4711 δο·

207 4752 387 4821 ξάζω,
416 4753 533 4817 πῶς
558 4752 704 4824 τιμῷ
729 4753 858 4815 τοὺς
882 4753 1091 4823 ἁγίους,
1123 4754 1249 4817 τοὺς
1296 4753 1367 4806 τὰ
1410 4750 1597 4816 ξύλινα
1634 4751 1799 4816 ξόανα

206 4843 328 4897 τῶν
349 4842 619 4913 δαιμόνων
648 4842 1136 4907 κατακαύσαντας;
1166 4842 1228 4895 Εἰ
1258 4841 1321 4918 δὲ
1346 4842 1588 4904 καὶτοὺς
1621 4840 1801 4903 λίθους

205 4932 447 4999 δοξάζω,
482 4932 598 4994 πῶς
618 4932 827 4999 δοξάζω
850 4933 977 4996 τοὺς
1000 4932 1349 4995 ἀποστόλους,
1386 4934 1510 4994 τοὺς
1536 4934 1604 4985 τὰ
1626 4931 1803 4985 λίθινα

206 5024 413 5076 εἴδωλα
438 5024 918 5088 κατακλάσαντας;
948 5024 1008 5075 Εἰ
1029 5024 1125 5086 τὰς
1155 5023 1372 5085 εἰκόνας
1395 5022 1502 5074 τῶν
1525 5023 1805 5091 ψευδωνύ-

213 5132 343 5185 μων
366 5114 503 5167 θεῶν
534 5114 697 5177 σέϐω,
739 5114 859 5178 πῶς
886 5115 1095 5182 δοξάζω
1116 5155 1131 5178 ,
1158 5116 1251 5169 καί
1285 5114 1511 5177 ἐπαινῶ,
1565 5115 1659 5167 καὶ
1686 5115 1802 5182 ἐορ-

207 5206 321 5268 τὰς
376 5207 608 5260 ὲπιτελῶ
653 5208 763 5260 τῶν
811 5206 1035 5269 παιδῶν,
1076 5206 1184 5260 τῶν
1216 5206 1273 5259 ὲν
1307 5204 1582 5260 Βαϐυλῶνι
1636 5205 1782 5275 ἀθλη·

1904 5203 2117 5274 lapidea
2173 5204 2465 5259 simulacra
2521 5203 3006 5266 comminuerunt,
3067 5201 3421 5259 celebravere
3453 5202 3491 5263 2,

212 5297 458 5363 σάντων,
483 5300 577 5352 καὶ
601 5301 666 5369 τῇ
696 5300 865 5352 εἰκόνι
894 5300 961 5369 τῇ
981 5300 1156 5370 χρυσῇ
1180 5297 1253 5369 μὴ
1282 5284 1799 5369 προσκυνησάντων,

209 5390 288 5461 τῇ
323 5390 612 5460 εἰδωλικῇ;
647 5389 789 5442 Ἀλλ’
821 5390 989 5452 ὅντως
1036 5388 1205 5458 πολλὴ
1242 5389 1352 5442 τῶν
1373 5389 1590 5458 ἀνόμων
1622 5393 1653 5459 ἡ
1678 5386 1799 5469 frti)-

26 5532 33 5541 .
215 5500 418 5555 ρωσις,
450 5484 618 5555 πολλὴ
639 5482 933 5553 τύφλωσις.
966 5478 1039 5534 Ὦ
1082 5483 1330 5548 Ἰουδαῖε,
1372 5483 1542 5554 πολλὴ
1571 5488 1603 5551 ἡ
1645 5481 1800 5536 ἁναί-

348 5661 392 5694 ⁸⁷
423 5659 561 5715 Gen.
598 5674 812 5726 xxxvn,
856 5657 926 5711 32
957 5672 1113 5728 seqq.

213 5730 265 5762 ⁸⁸
294 5729 435 5788 Gen.
463 5746 656 5795 xum,
690 5731 743 5784 5.
819 5730 863 5760 "
884 5728 1018 5783 Dan.
1040 5727 1135 5793 ιιι,
1170 5727 1195 5781 1
1226 5743 1381 5797 seqq.

550 5825 820 5882 ΡΑτιιοι..
852 5823 971 5880 Ca.
1016 5820 1212 5879 XCIV.

1210 5657 1256 5689 ⁸⁸
1292 5656 1430 5712 Gen.
1488 5673 1679 5722 ιιιιίιι,
1726 5654 1822 5720 15;
1867 5651 2031 5708 Hebr.
2075 5667 2150 5716 ιι,
2197 5650 2288 5706 21.

1895 4583 1964 4637 be
2038 4578 2307 4633 idolorum
2376 4575 2603 4629 delubra
2664 4572 3094 4637 demolientem,
3161 4570 3475 4640 templaque

1898 4674 2205 4737 martyrum
2268 4663 2464 4717 honori
2528 4657 2943 4716 exstruentem?
3008 4658 3155 4727 quod
3214 4658 3261 4712 si
3324 4656 3473 4712 idola

1898 4756 2087 4817 adoro,
2119 4751 2249 4823 quid
2280 4761 2364 4806 est
2409 4766 2509 4806 cur
2553 4757 2823 4819 martyres
2858 4746 3130 4799 idolorum
3182 4759 3474 4800 eversores

1900 4843 2204 4899 honorem?
2232 4841 2378 4911 quod
2431 4840 2479 4895 si
2506 4839 2692 4909 lignis,
2731 4838 2810 4891 uti
2843 4834 2994 4906 loqui
3033 4851 3207 4902 amas,
3241 4837 3475 4907 gloriam

1902 4931 2088 4987 defero
2116 4947 2129 4997 ;
2162 4930 2255 5000 qui
2288 4930 2366 4993 fit,
2413 4938 2471 4983 ut
2502 4928 2709 4982 honore
2741 4925 2993 4981 homines
3026 4936 3251 4981 sanctos
3278 4941 3475 4997 prose-

1901 5039 2061 5093 quar,
2085 5022 2177 5092 qui
2204 5022 2410 5090 ligneas
2435 5020 2743 5074 daemonum
2774 5030 2986 5073 statuas
3014 5016 3477 5073 combusserunt?

1905 5116 2010 5170 Sed
2056 5115 2102 5169 si
2143 5114 2352 5183 lapides
2400 5113 2648 5178 celebro;
2696 5126 2797 5165 cur
2840 5111 3122 5181 apostolos
3178 5110 3349 5180 ipsos,
3379 5110 3475 5179 qui

1906 5295 2049 5365 quod
2074 5295 2117 5350 si
2146 5294 2363 5348 tandem
2388 5294 2652 5348 falsorum
2674 5292 2902 5347 deorum
2923 5307 3158 5348 veneror
3174 5293 3477 5364 imagines;

1908 5402 2076 5456 quare
2110 5385 2279 5455 igitur
2340 5389 2501 5442 trium
2576 5398 2876 5454 puerorum
2903 5383 2969 5447 ⁸³,
2990 5378 3229 5457 quia,ne
3257 5396 3477 5437 auream

1910 5479 2042 5533 idoli
2072 5478 2362 5548 imaginem
2394 5475 2709 5540 adorarent,
2728 5473 3003 5545 Babylone
3030 5474 3477 5539 decertaverunt,

2387 5651 2432 5683 ⁸⁸
2465 5649 2602 5705 Gen.
2638 5664 2795 5712 χχιιι,
2827 5649 2877 5703 7.
2979 5650 3023 5681 ⁸⁸
3051 5648 3188 5705 Gen.
3229 5663 3396 5715 xcv",
3423 5648 3479 5701 9.

3087 5814 3165 5873 Us

3844 3812 3921 3865 ξιτ
