3986 6346
476 340 610 405 1387

1646 338 1705 398 S.
1746 340 2067 403 JOANNIS
2106 343 2535 405 DAMASCENI

3607 345 3767 412 1388

468 455 699 526 gloriam
764 454 1062 522 laudesque
1122 450 1384 521 pradico,
1455 448 1767 523 horumque
1831 454 2035 509 nomint

2153 455 2272 511 δειά
2312 474 2406 509 σου
2443 457 2536 510 καὶ
2562 457 2594 527 ή
2623 455 2882 510 ἀσέϐεια⁶
2923 454 3143 527 άληθῶς
3193 455 3463 510 ἀδικεῖται
3510 456 3625 512 ὑπὸ
3656 476 3763 512 σου

468 551 588 604 dies
638 548 806 603 festos
850 546 995 617 ago?
1027 543 1229 599 Verum
1279 544 1449 598 nimia
1497 546 1658 615 plane
1684 545 2044 604 scelestorum

469 638 776 693 obcaecatio
816 647 923 700 est,
977 637 1145 691 nimia
1197 636 1437 691 caecitas.
1487 635 1686 708 Magna
1726 653 1978 708 prorsus,
2015 654 2049 693 ο

466 730 675 793 Judaze,
707 731 1048 800 impudentia
1082 739 1197 782 tua.
1231 726 1482 783 Profecto
1499 729 1598 785 abs
1630 739 1683 786 te
1704 732 1909 786 veritas
1938 730 2047 784 ini-

464 838 570 889 que
600 824 890 891 premitur.
913 841 931 872 ι
954 822 1222 891 Exsurge,
1242 818 1410 883 Deus,
1428 820 1617 890 judica
1633 836 1857 877 causam
1878 832 2047 875 tuam.

2145 548 2178 617 ἡ
2213 547 2458 618 ἀλήθεια.
2483 566 2501 597 ι
2537 548 2788 612 Ἀνάστα,
2822 547 2850 599 δ
2872 546 3022 611 Θεὸς,
3055 544 3277 598 δίκασον
3302 546 3400 616 τὴν
3421 545 3579 616 δίκην
3609 562 3714 599 σου
3736 562 3758 580 ο

2144 638 2329 706 κρῖνον
2360 639 2456 691 καὶ
2488 638 2707 691 δίκασον
2755 640 2887 709 ἡμῖν
2916 637 2977 702 ἐξ
3029 636 3215 700 ἔθνους
3264 637 3363 707 οὐχ
3414 637 3592 702 ὁσίου,
3629 632 3759 691 ἀλλ’

2146 729 2366 783 ἀνοσίου
2390 731 2484 782 καὶ
2514 729 2818 801 ἀλλοτρίου,
2844 729 2942 784 καὶ
2973 726 3374 799 παροξύνοντός
3402 743 3461 780 σε
3487 726 3579 781 διὰ
3602 745 3761 780 παν-

2148 820 2262 883 τός.
2302 837 2323 872 ι

464 914 677 979 Judica,
710 923 764 971 et
793 915 1051 972 discerne
1090 930 1316 972 causam
1349 923 1595 970 nostram
1630 915 1696 970 de
1731 923 1894 985 gente
1922 929 2034 969 non
2072 920 2287 979 sancta,
2327 913 2397 969 ab
2426 912 2615 984 iniqua
2646 921 2702 969 et
2733 913 2941 976 aliena,
2969 926 3092 983 qua:
3147 918 3202 967 te
3266 908 3337 966 ad
3398 911 3754 967 iracundiam

466 1014 748 1075 provocat.
786 1024 804 1057 ι

539 1098 815 1167 Ejusdem.
850 1116 872 1149 ι
906 1096 964 1151 Si
991 1112 1147 1168 ergo.
1178 1105 1237 1151 ut
1265 1112 1411 1167 sazpe
1448 1095 1585 1160 dixi,
1635 1095 1844 1166 lignum
1899 1096 2041 1165 lapi-

462 1185 699 1256 demque
724 1186 1037 1251 adorarem,
1076 1186 1245 1257 lapidi
1273 1186 1463 1255 utique
1488 1194 1543 1240 et
1574 1185 1725 1257 ligno
1758 1184 1999 1240 dicerem
2025 1203 2038 1239 :

465 1275 543 1329 Tu
574 1292 655 1330 me
683 1276 913 1346 genuisti
948 1278 1015 1331 ⁸³.
1058 1275 1157 1331 Sin
1190 1286 1373 1332 autem
1415 1284 1737 1332 sanctorum
1769 1277 2041 1347 imagines

461 1370 653 1434 adoro,
688 1370 797 1424 imo
830 1384 958 1425 vero
1005 1370 1053 1425 si
1098 1377 1324 1425 sanctos
1380 1368 1553 1439 ipsos,
1609 1375 2042 1439 sanctorumque

458 1460 763 1515 certamina
806 1476 1036 1516 veneror
1083 1469 1138 1515 et
1170 1461 1318 1524 colo,
1368 1460 1648 1532 quomodo
1702 1471 1781 1527 tu,
1824 1462 2039 1527 insane,

463 1554 577 1607 haec
606 1553 750 1608 idola
784 1555 989 1609 vocas?
1016 1554 1167 1608 ldola
1193 1554 1398 1624 quippe
1419 1554 1816 1610 similitudines
1836 1553 2045 1608 fuerint

458 1660 673 1711 eorum,
699 1645 794 1715 qui
831 1644 1089 1711 adulteri,
1136 1644 1449 1711 homicidae,
1493 1644 1731 1699 ﬁliorum
1772 1651 2043 1699 mactato-

2216 1091 2327 1146 Τοῦ
2354 1090 2565 1146 αὐτοῦ.
2605 1108 2626 1143 ι
2672 1091 2736 1144 Εἰ
2768 1090 2868 1160 μὲν
2897 1081 2990 1159 οὖν
3023 1085 3101 1151 ὡς
3140 1085 3408 1148 πολλάκις
3457 1081 3637 1152 εἷπον,
3670 1086 3751 1157 τῷ

2143 1181 2287 1253 ξύλῳ
2320 1181 2414 1236 καὶ
2465 1179 2546 1251 τῷ
2600 1178 2757 1249 λίθῳ,
2782 1180 2858 1243 ὡς
2910 1177 3032 1248 Θεῷ
3085 1174 3491 1248 προσεκύνουν,
3528 1173 3662 1229 εἶπα
3681 1177 3748 1231 ἄν
3801 1234 3807 1259 τ

2140 1273 2298 1343 κάγὼ
2323 1273 2402 1344 τῷ
2449 1273 2593 1343 ξύλῳ
2624 1273 2721 1326 καὶ
2762 1270 2923 1342 λίθῳ·
2962 1271 3045 1323 Σύ
3096 1286 3173 1339 με
3207 1268 3567 1337 ἐγέννησας.
3594 1270 3662 1323 Εἰ
3689 1270 3747 1322 δὲ
3802 1294 3803 1339 ;

2139 1366 2239 1430 τὰς
2277 1365 2496 1429 εἰκόνας
2522 1365 2632 1418 τῶν
2675 1364 2850 1433 ἁγίων
2893 1360 3208 1433 προσκυνῶ,
3234 1362 3361 1423 τοὺς
3387 1361 3577 1428 ἁγίους
3604 1362 3745 1432 μᾶλα

2139 1459 2254 1524 λον,
2281 1458 2381 1513 καὶ
2411 1457 2705 1529 προσκυνῶ
2737 1457 2835 1520 τὰς
2867 1455 2976 1509 τῶν
3029 1455 3197 1523 ἁγίων
3250 1454 3545 1525 μαρτύρων
3573 1454 3748 1525 ἀθλή-

2141 1565 2257 1613 σεις
2292 1549 2389 1602 καὶ
2413 1548 2583 1618 τιμῶ,
2616 1548 2734 1611 πῶς
2754 1547 2934 1616 λέγεις
2974 1547 3173 1601 εἴδωλα
3204 1545 3379 1601 ταῦτα
3398 1586 3414 1612 ,
3435 1540 3479 1599 ὦ
3508 1546 3746 1617 άνόητες

2140 1639 2223 1692 Τὰ
2251 1638 2362 1708 γὰρ
2398 1637 2617 1704 εἴδωλα,
2650 1636 2761 1690 τῶν
2806 1636 3178 1708 ψευδωνύμων
3202 1677 3219 1705 ,
3242 1636 3352 1689 τῶν
3381 1636 3615 1708 μοιχῶν,
3649 1637 3749 1689 καὶ

460 1752 571 1801 res.
603 1746 658 1792 et
683 1736 986 1792 eﬁ‘eminati
1018 1737 1278 1792 homines
1312 1737 1677 1804 exstiterunt,
1714 1752 1817 1791 non
1858 1744 2035 1791 autem

2146 1730 2456 1801 φονευτῶν,
2510 1731 2611 1784 καὶ
2661 1729 3039 1795 τεκνοθυτῶν,
3073 1730 3169 1783 καὶ
3224 1730 3485 1800 μαλακῶν
3541 1728 3748 1799 όμοιώο

461 1829 854 1899 prophetarum
892 1840 943 1884 et
982 1832 1388 1900 apostolorum.
1424 1830 1605 1899 Atque
1650 1837 1713 1883 ut
1754 1844 1822 1883 ex
1860 1829 2035 1899 aliqua

2146 1822 2295 1893 ματά
2323 1824 2452 1889 εἰσι,
2485 1822 2579 1876 καὶ
2624 1822 2687 1875 ού
2736 1822 3057 1892 προφητῶν,
3092 1821 3216 1875 οὐδὲ
3246 1821 3586 1877 ἀποστόλων.
3632 1822 3750 1873 Καὶ

457 1931 635 1991 parte,
676 1916 843 1977 brevi
905 1892 1331 1991 certissimoque
1401 1920 1657 1991 exemplo
1712 1920 2035 1990 intelligas,

2146 1892 2235 1969 ἰνα
2270 1915 2335 1967 ὲκ
2376 1914 2581 1986 μέρους
2601 1915 2943 1984 παραστήσω
2980 1912 3247 1984 σύντομον
3275 1913 3375 1967 καὶ
3412 1913 3749 1967 πιστότατον

457 2016 588 2085 quid
620 2015 969 2070 Christianos
1020 2014 1165 2069 inter
1212 2023 1268 2069 et
1304 2014 1537 2086 gentiles
1578 2012 1838 2084 paritatis
1873 2013 2035 2068 inter-

2146 2005 2453 2077 ὑπόδειγμα
2490 2008 2622 2079 περὶ
2644 2004 3049 2078 Χριστιανικῶν
3070 2006 3167 2059 καὶ
3201 2004 3530 2075 Ἑλληνικῶν
3548 2008 3751 2076 ὁμοιω-

456 2104 639 2171 ceilat,
684 2102 837 2157 audi.
884 2101 1172 2158 Habebant
1206 2102 1486 2187 Babylone
1535 2101 1782 2156 Chaldaei
1831 2102 2035 2155 musica

2147 2098 2337 2168 μάτων
2359 2138 2376 2165 ,
2410 2099 2546 2154 ἄκου
2562 2117 2674 2155 σον.
2725 2093 2887 2171 Εἶχον
2933 2100 2993 2152 ὲν
3046 2098 3329 2152 Βαϐυλῶνι
3384 2100 3435 2151 οἰ
3480 2098 3751 2152 Χαλδαῖοι

454 2195 637 2251 omnis
667 2193 886 2266 generis
919 2209 1147 2264 organa,
1170 2195 1373 2265 quibus
1404 2193 1703 2248 simulacra
1727 2192 2035 2247 daemonum

2146 2188 2352 2261 ὗργανα
2403 2193 2636 2246 παντοῖα
2675 2189 2917 2262 μουσικὰ
2969 2190 3106 2260 πρὸς
3158 2188 3461 2262 θεραπείαν
3501 2189 3753 2244 εἰδώλων

456 2283 1085 2339 rolebant:.babebant
1147 2293 1202 2339 et
1260 2284 1359 2339 ﬁlii
1411 2282 1582 2339 Israel
1639 2281 2035 2354 Hierosolymis

2146 2280 2434 2352 δαιμόνων.
2459 2278 2619 2353 Εἶχον
2645 2282 2704 2335 δὲ
2736 2282 2835 2336 καὶ
2858 2283 2909 2335 οἰ
2936 2282 3043 2335 υἰοί¹
3068 2281 3289 2354 Ἰσραὴλ
3316 2281 3426 2336 ἀπὸ
3464 2282 3749 2353 Ἰερουσα-

455 2384 733 2443 asportata
787 2388 1017 2444 organa,
1053 2388 1176 2444 quae
1211 2374 1266 2428 in
1303 2373 1567 2429 salicibus
1602 2375 2035 2446 suspenderunt.

2146 2371 2255 2443 λὴμ
2305 2373 2515 2443 ὄργανα
2536 2414 2551 2439 ,
2578 2373 2613 2427 ἃ
2643 2374 2736 2426 ἐπὶ
2772 2376 2895 2457 ταῖς
2928 2372 3444 2475 ἰτέαῊιρέμαο-αὸ
3466 2414 3482 2439 ν
3508 2372 3605 2427 καὶ
3622 2360 3875 2469 gypsi;
3924 2372 3933 2391 η

2142 2465 2349 2537 ςρότίερρ
2372 2466 2603 2538 ὄργανα,
2630 2465 2726 2518 καὶ
2758 2454 2975 2533 νάϐλα-ι,
3008 2448 3373 2538 ,ᾕρει
3394 2448 3539 2532 fatal.
3580 2448 3847 2537 αὐλοὶήῗκ

2143 2390 2255 2443 Αημ
2305 2390 2515 2443 οργανα
2536 2414 2551 2439 ,
2578 2390 2613 2427 α
2643 2390 2736 2426 επι
2772 2390 2895 2437 ταις
2928 2390 3067 2426 ιτεαι
3125 2390 3444 2475 εκρεμασαὸ
3466 2414 3482 2439 ,
3508 2390 3605 2427 και
3622 2390 3751 2445 9J1.-

2142 2465 2349 2537 esse”
2372 2466 2603 2538 ὄργανα,
2630 2465 2726 2518 καὶ
2758 2454 2975 2533 νάϐλα-ι,
3209 2465 3238 2518 θ
3258 2466 3270 2482 ⁸
3356 2484 3373 2519 ι
3394 2506 3411 2532 ,
3441 2465 3539 2519 καὶ
3580 2466 3751 2521 αὐλοὶ

2141 2556 2411 2628 ὑπῆρχον,
2431 2557 2467 2612 ἃ
2493 2558 2585 2611 ἐπὶ
2610 2560 2732 2621 ταῖς
2769 2557 2941 2620 ἰτέαις
2964 2559 2989 2610 ὲ
3359 2556 3507 2610 Αλλὰ
3532 2557 3604 2611 τὰ
3642 2558 3751 2629 μὲν

2141 2648 2221 2702 εἰς
2252 2648 2410 2702 δόξαν
2448 2647 2585 2702 Θεοῦ
2638 2648 2909 2702 ἐγένοντο.
2941 2649 3011 2702 τὰ
3052 2649 3111 2701 δὲ
3216 2666 3244 2702 ς
3288 2648 3587 2702 θεραπείαν
3630 2650 3751 2702 τῶν

2138 2648 2221 2712 εἰς
2252 2648 2410 2713 δόξαν
2448 2647 2585 2702 Θεοῦ
2638 2648 2909 2717 ἐγένοντο,
2941 2649 3011 2702 τὰ
3052 2647 3244 2712 δὲᾝς
3288 2648 3587 2719 θεραπείαν
3630 2650 3751 2703 τῶν

456 2465 699 2536 Utraque
756 2467 1122 2520 instrumenta
1180 2475 1363 2529 erant,
1419 2466 1630 2532 nablia,
1682 2467 1933 2530 citharae,
1985 2474 2041 2522 et

2139 2738 2411 2810 δαιμόνων
2436 2779 2452 2805 ,
2488 2740 2783 2817 ᾴνῖτίμιμα.
2816 2738 2975 2793 Οὕτω
3020 2739 3229 2805 λοιπὶν,
3258 2743 3355 2794 καὶ
3381 2739 3477 2793 ἐπὶ
3507 2739 3628 2795 τῶν
3665 2742 3813 2795 εἰ--ρν
3844 2760 3867 2783 ις
3918 2738 3933 2775 αλ

3008 2412 3258 2581 Ia

453 2559 603 2613 tibiae
631 2576 644 2611 :
680 2557 780 2612 scd
813 2557 917 2612 ista
945 2557 1011 2612 ad
1042 2558 1134 2611 Dei
1166 2558 1398 2628 gluriam
1427 2575 1442 2626 ;
1483 2558 1579 2612 illa
1606 2572 1742 2613 vero
1772 2558 2037 2614 similitu-

451 2650 599 2704 dinis
628 2650 823 2704 horum
846 2650 1066 2715 aemula,
1100 2652 1167 2704 ad
1200 2652 1506 2705 daemonum
1547 2650 1758 2705 cultum
1787 2651 2036 2720 pertine-

453 2742 607 2798 bant.
635 2742 782 2798 ldem
806 2742 919 2813 jam
960 2742 1261 2798 discrimen
1292 2744 1437 2799 inter
1466 2742 1736 2812 imagines
1761 2740 2036 2797 Christia-

450 2849 651 2889 norum
690 2844 743 2890 et
773 2834 918 2889 idola
969 2834 1259 2904 gentilium
1305 2834 1509 2906 cogita.
1554 2833 1684 2889 Haec
1733 2835 1937 2905 quippe
1969 2832 2036 2887 ad

450 2926 656 2982 diaboli
688 2926 919 2998 gloriam
946 2941 1011 2981 ac
1036 2926 1398 2993 memoriam;
1434 2926 1527 2981 illa
1552 2941 1686 2983 vero
1707 2927 1775 2981 ad
1802 2926 2033 2989 Christi,

449 3028 503 3074 et
550 3019 929 3089 apostolorum
967 3029 1410 3088 martyrumque,
1450 3026 1504 3073 et
1537 3029 1860 3075 sanctorum
1914 3016 2033 3087 ejus

451 3110 668 3166 laudem
700 3109 971 3165 fabricata
999 3116 1149 3193 sunt.
1191 3127 1210 3160 ι

521 3198 799 3268 Ejusdem.
834 3216 853 3249 ι
892 3198 1128 3253 Proinde
1162 3196 1387 3267 quando
1410 3195 1788 3253 Christianum
1823 3196 2033 3252 videris

2138 2832 2333 2896 κόνων,
2362 2834 2459 2887 καὶ
2508 2832 2765 2899 εἰδώλων,
2809 2830 3140 2901 Ἑλληνικῶν
3192 2831 3290 2885 καὶ
3331 2831 3748 2902 Χριστιανιιοῶν

2138 2924 2250 2977 νόει
2284 2924 2367 2977 ὅτι
2404 2925 2589 2978 ὲκείνα
2624 2924 2724 2994 μὲν
2763 2926 2844 2987 εἰς
2884 2923 3044 2991 δόξαν
3087 2921 3338 2976 διαϐόλου
3380 2925 3475 2979 καὶ
3510 2924 3748 2996 μνήμην

2137 3015 2687 3087 κατεσκευάσθησαν,
2715 3015 2893 3070 ταῦτα
2922 3014 2982 3069 δὲ
3034 3016 3117 3079 εἰς
3160 3014 3321 3080 δόξαν
3349 3016 3611 3087 Χριστοῦ,
3641 3019 3747 3071 καὶ

2134 3105 2471 3173 ἀποστόλων,
2490 3107 2587 3160 καὶ
2619 3107 2937 3179 μαρτύρων,
2968 3108 3062 3161 καὶ
3086 3107 3259 3176 ἁγίων
3295 3107 3518 3163 αὑτοῦ.»

2216 3195 2327 3251 Τοῦ
2350 3197 2560 3251 αὐτοῦ.
2599 3215 2619 3249 ι
2652 3197 2824 3252 Ὅταν
2844 3198 3029 3252 τοίνυν
3059 3199 3175 3272 ῐδῃς
3202 3202 3534 3272 Χριστιανὸν
3560 3219 3745 3274 προσο

449 3262 669 3346 crncem
703 3290 957 3355 adorare,
1002 3289 1056 3343 id
1096 3262 1281 3345 ab-eo
1321 3287 1439 3344 ﬁeri
1490 3297 1720 3360 propter
1752 3288 2034 3344 Christum

2146 3286 2409 3344 κυνοῦντα
2437 3287 2515 3361 τῷ
2546 3289 2791 3361 σταυρῷ,
2836 3291 3029 3360 γνῶθι,
3073 3262 3158 3346 ὅτι
3208 3262 3297 3347 δια
3353 3262 3617 3367 Χριστὸν.
3642 3296 3745 3351 τὸν

449 3382 773 3438 cruciﬁxum
826 3382 1011 3444 scito,
1064 3396 1177 3436 non
1226 3392 1408 3436 autent
1470 3390 1527 3435 nt
1568 3381 1776 3452 lignum
1823 3380 2035 3436 adoret.

449 3475 665 3545 Alioqui
722 3474 981 3529 universa
1030 3473 1179 3545 ligna
1232 3472 1617 3540 adoraremus,
1667 3472 1815 3529 sicut
1863 3472 2037 3528 Israel

449 3566 605 3621 lucos
635 3574 689 3619 et
721 3566 949 3621 arbores
976 3564 1264 3629 adorabat,
1293 3571 1458 3635 atque
1487 3562 1708 3619 dicebat
1738 3583 1751 3618 :
1788 3565 1863 3617 Tu
1897 3562 2035 3617 Deus

447 3673 596 3711 meus
651 3672 743 3721 es;
793 3667 849 3709 tu
888 3672 969 3710 me
1023 3655 1354 3726 genuisti“.
1388 3653 1501 3711 Nos
1543 3670 1673 3710 vero
1703 3669 1813 3710 non
1867 3654 2032 3723 item;

448 3750 545 3804 scd
589 3747 916 3802 memoriam
959 3748 1351 3818 picturamque
1397 3745 1697 3802 Dominicae
1733 3746 2031 3816 passionis,

446 3850 501 3894 et
528 3838 693 3909 376
720 3838 943 3893 illorum
982 3838 1075 3908 qui
1110 3853 1211 3908 pro
1241 3839 1363 3908 ipso
1408 3848 1825 3907 pugnaverunt,
1860 3836 1913 3891 in
1946 3852 2036 3893 ec-

445 3931 637 3986 clesiis
683 3945 747 3985 ac
805 3930 1059 3985 domibus
1112 3939 1402 3995 tenemus;
1457 3929 1644 3983 omnia
1681 3943 1878 3999 nempe
1904 3943 2031 3998 pro-

446 4035 571 4093 pter
598 4021 888 4077 Duminum
927 4030 1177 4078 nostrum
1215 4021 1505 4077 facientes.
1539 4020 1914 4093 Rursumque,
1944 4021 2031 4077 dic

447 4117 669 4181 amabo,
694 4114 906 4179 Iudaee,
942 4130 1192 4186 quaenam
1221 4116 1499 4185 scriptura
1546 4114 1715 4186 Moysi
1755 4114 2026 4185 permisit,

445 4207 707 4264 uththro
720 4223 972 4264 socerum
996 4223 1159 4263 suum
1177 4208 1444 4263 cultorem
1466 4206 1741 4262 idolorum
1763 4224 1777 4272 ;
1796 4204 2027 4270 Jacobo,

447 4286 935 4367 ut‘Pha’raonem;
971 4299 1320 4365 Abraliamo,
1363 4308 1425 4354 ut
1471 4298 1613 4354 ﬁlios
1661 4297 1886 4352 Emmor
1928 4297 2029 4352 ad-

445 4391 703 4446 orarent?
740 4404 927 4445 annon
955 4390 1033 4444 illi
1067 4390 1210 4460 justi
1242 4400 1403 4445 erant
1440 4397 1496 4443 et
1525 4388 1850 4459 prophetae?
1876 4404 2028 4459 qua:-

2142 3379 2545 3452 σταυρωθέντα,
2564 3384 2659 3437 καὶ
2682 3385 2746 3437 ού
2778 3386 2877 3455 τὴν
2902 3385 3066 3454 φύσιν
3092 3384 3190 3440 τοῦ
3217 3386 3379 3454 ξύλου
3408 3392 3738 3460 προσκυνεῖ.

2151 3470 2307 3525 Ἐπεὶ
2337 3473 2518 3528 πάντα
2550 3472 2617 3528 ἂν
2646 3474 2715 3529 τὰ
2734 3474 2869 3542 ξύλα
2905 3479 3359 3550 προσεκυνοῦμεν
3386 3481 3481 3534 τοῦ
3522 3482 3740 3553 ἀγροῦ,

2138 3563 2233 3617 καὶ
2254 3561 2445 3635 ῶσπερ
2467 3566 2496 3618 δ
2528 3565 2745 3638 Ἰσραὴλ
2774 3568 3100 3639 προσεκύνει
3125 3562 3195 3623 τὰ
3225 3572 3362 3643 ἄλση
3385 3573 3479 3625 καὶ
3506 3573 3579 3626 τὰ
3602 3574 3737 3627 δέν-

2134 3652 2260 3723 δρα,
2291 3653 2490 3723 λέγωνο
2523 3660 2605 3712 Σύ
2621 3674 2744 3726 μου
2765 3654 2823 3713 εἷ
2844 3658 3011 3725 Θεὸς,
3043 3661 3141 3714 καὶ
3175 3663 3257 3716 σύ
3270 3678 3348 3732 με
3368 3663 3737 3732 ἐγέννησας.

2145 3748 2337 3819 Ἡμεῖς
2363 3748 2421 3801 δὲ
2460 3750 2560 3822 οὐχ
2584 3749 2780 3817 οὕτως,
2816 3753 2954 3807 ἀλλὰ
2997 3756 3225 3827 μνήμην
3250 3758 3347 3811 καὶ
3364 3759 3589 3830 γραφὴν
3615 3761 3738 3816 τῶν

2133 3839 2229 3893 τοῦ
2284 3841 2491 3914 Κυρίου
2548 3843 2926 3915 παθημάτων,
2959 3848 3053 3901 καὶ
3097 3847 3207 3901 τῶν
3251 3849 3321 3902 δι’
3349 3850 3515 3904 αὑτὸν
3553 3850 3737 3925 ἀθλη-

2136 3933 2366 3998 σάντων,
2391 3936 2450 3987 ὲν
2490 3939 2611 4001 ταῖς
2640 3937 2956 4008 ἐκκλησίαις
2991 3940 3083 3993 καὶ⁵
3116 3942 3287 4005 οἴκοις
3301 3941 3517 4013 ἔχομεν,
3548 3945 3737 4000 πάντα

2132 4025 2201 4079 δι’
2232 4025 2393 4079 αὐτὸν
2421 4027 2704 4092 ποιοῦντες
2728 4028 2819 4083 τὸν
2849 4029 3121 4103 ἡμέτερον
3151 4032 3377 4103 Κύριον.
3403 4035 3514 4088 Καὶ
3543 4030 3735 4104 αὖθις,

2132 4117 2274 4185 εἰπὲ,
2299 4111 2344 4171 ὦ
2369 4116 2613 4184 Ἰουδαῖε,
2648 4120 2775 4174 ποία
2800 4122 2991 4193 Γραφὴ
3021 4123 3291 4195 ἐπέτρεψε
3328 4125 3522 4179 Mone?
3552 4144 3737 4197 1:906-

2132 4211 2365 4281 κυνῆσαι
2390 4212 2561 4283 ζίοθδρ
2584 4212 2664 4283 τῷ
2684 4214 2922 4287 γαμϐρῷ
2950 4215 3142 4281 αὑτοῦ,
3172 4216 3538 4291 εἰδωλολάτρῃ
3566 4220 3694 4275 δντι
3712 4262 3732 4290 ,

2131 4302 2227 4354 καὶ
2271 4300 2464 4355 Ἰακὼϐ
2490 4303 2567 4374 τῷ
2593 4304 2821 4376 Φαραὼ,
2849 4306 2945 4360 καὶ
2986 4307 3238 4379 Ἀϐραάμ
3265 4312 3378 4373 τοῖς
3416 4312 3552 4373 υίοῖς
3585 4312 3735 4385 ἐμ-

2134 4393 2285 4464 μώρ;
2319 4395 2415 4449 καὶ
2439 4397 2637 4450 ἐκεῖνοι
2674 4397 2873 4452 δίκαιοι
2923 4400 3019 4453 καὶ
3054 4400 3368 4470 προφῆται·
3403 4404 3496 4456 καὶ
3515 4406 3735 4479 Δανιὴλ

444 4498 571 4537 nam
599 4481 831 4546 Danieli,
853 4490 912 4536 ut
932 4482 1157 4552 impium
1182 4478 1725 4536 Nabuchodonosor?
1744 4480 1820 4533 Ac
1840 4480 1885 4535 si
1909 4495 2028 4550 pro-

2146 4484 2207 4555 ιῷ
2255 4484 2728 4561 Ναϐουχοδονόσορ
2757 4489 2947 4545 ἀσεϐεῖ
2989 4491 3136 4560 δντι;
3172 4493 3283 4546 Καὶ
3309 4495 3359 4547 εἰ
3396 4496 3594 4550 ἐκεῖνοι
3631 4478 3728 4554 διὰ

444 4582 568 4644 pter
587 4573 921 4628 mundanam
935 4572 1434 4644 temporariamque
1446 4571 1610 4626 vitam
1630 4572 1733 4627 hoc
1750 4571 2023 4639 fecerunt,

2146 4575 2403 4647 ιοσμικὴν
2425 4578 2524 4630 καὶ
2570 4578 2908 4651 πρόσκαιρον
2942 4579 3089 4653 ζωὴν
3125 4580 3299 4636 ταῦτα
3327 4582 3565 4651 ἐποίουν,
3599 4586 3729 4651 πῶς

443 4680 610 4720 eccur
633 4679 844 4719 mecum
874 4665 1219 4735 expostulas,
1247 4663 1392 4733 quod
1426 4664 1481 4717 in
1510 4664 1685 4721 sacris
1710 4673 2025 4720 sanctorum

2146 4665 2255 4733 ἐμοὶ
2289 4666 2543 4735 ἐγκαλεῖς
2592 4668 2988 4740 προσκυνοῦντι
3008 4672 3129 4734 ταῖς
3178 4672 3364 4741 ἁγίαις
3398 4674 3505 4728 τῶν
3546 4677 3729 4745 ἁγίων

444 4752 751 4821 memoriis,
787 4757 911 4835 sive,
940 4771 1035 4827 per
1068 4755 1422 4827 scripturam,
1459 4755 1575 4827 sive
1606 4772 1704 4828 per
1761 4756 2030 4827 picturam

443 4848 745 4925 expressis,
787 4832 1107 4902 earumdem
1146 4834 1439 4903 cruciatus
1471 4857 1525 4902 et
1564 4849 1866 4903 certamina
1903 4848 2036 4904 ado-

444 4924 723 5007 rempper
764 4954 887 5008 quae
932 4938 1168 5010 singulis
1214 4938 1412 4994 diebus
1467 4938 1753 4995 beneﬁciis
1798 4954 2033 5009 augeor,

445 5039 881 5102 perpetuamque
930 5038 985 5086 et
1027 5030 1419 5101 sempiternam
1463 5031 1625 5084 vitam
1675 5031 1971 5101 exspecto?
2010 5050 2027 5083 ι

446 5123 531 5177 Ex
571 5120 818 5177 Historia
870 5122 1231 5176 ecclesiastica
1287 5120 1569 5186 Theodori,
1628 5132 1767 5175 tomo
1817 5132 2028 5192 quarto.

523 5303 543 5336 ι
584 5283 701 5339 Sub
732 5283 837 5337 hoc
858 5280 1174 5347 consulatu,
1197 5278 1286 5333 die
1314 5293 1420 5332 xxv
1445 5277 1655 5333 mensis
1683 5275 2025 5343 Decembris,

378 5426 381 5427 ν
416 5376 693 5473 Ξιεειίιῆιῆιθ
725 5376 1033 5447 ingensque
1078 5344 1407 5427 miraculum
1441 5370 1692 5443 contigit,
1724 5370 1873 5441 quod
1910 5385 2029 5426 om-

520 5509 793 5568 ”Jerem.
826 5526 888 5578 ιι,
928 5509 1019 5565 27.
1097 5509 1143 5541 ⁸⁸
1174 5510 1305 5565 ibid.

2131 4758 2381 4828 μνήμαις
2406 4799 2421 4825 ,
2450 4764 2753 4832 γραφικαίς
2815 4764 2913 4817 xal.
2953 4765 3253 4837 inopina};
3274 4806 3288 4831 ,
3320 4769 3417 4821 καὶ
3459 4769 3531 4822 τὰ
3568 4760 3771 4837 πάθηᾟ
3800 4824 3813 4835 ,
3834 4798 3885 4827 g.
3932 4790 3933 4823 ξ

2128 4849 2224 4904 καὶ
2258 4848 2359 4915 τὰς
2397 4851 2686 4925 άθλήσεις,
2718 4854 2777 4921 ἐξ
2807 4848 2883 4908 ὧν
2908 4856 3029 4910 καθ’
3058 4858 3273 4928 ἡμέραν
3297 4860 3725 4932 εύεῃετοῦμαι,

2129 4940 2224 4994 καί
2261 4939 2480 4994 αἰώνιον
2509 4943 2603 4996 καὶ
2633 4943 2807 4998 ἀΐδιον
2843 4945 2988 5019 ζωὴν
3036 4947 3348 5018 ἐκδέχομαι;
3385 4968 3405 5000 ι

2144 5116 2257 5185 Τῆς
2309 5118 2840 5246 ἐκκλησιαστικῆἓ
2873 5123 3177 5247 ἐὲἰέῖρίας
3231 5124 3726 5201 Θεοδωρήτουκξῖ
3810 5096 3815 5161 ἰ

2873 5211 3076 5264 τομου.

2215 5301 2234 5333 ι
2257 5280 2392 5335 Ὑπὸ
2412 5282 2470 5336 δὲ
2485 5285 2697 5357 ταύτην
2716 5286 2816 5357 τὴν
2843 5288 3135 5351 ὑπατείαν,
3167 5290 3311 5343 κατὰ
3330 5291 3420 5342 τὸν
3447 5290 3597 5361 μῆνα
3630 5293 3729 5345 τὸν

2135 5374 2494 5447 Δεκέμϐριον,
2523 5378 2720 5449 ἔχοντα
2754 5381 2919 5434 αὑτὸν
2956 5382 3149 5437 εἰκάδα
3179 5384 3274 5436 καὶ
3303 5382 3729 5455 πέμπτὴνήμέο

1759 5602 1999 5659 ΥΑΒΙᾹΞ
2039 5600 2453 5664 LECTIONES.

518 5696 569 5739 δ·
606 5699 783 5781 Lege;
811 5696 1112 5781 cumBillio
1140 5697 2062 5781 Qspodapoo,1’heqdorz,_Lectori_g_
2089 5702 2319 5781 scilicet.
2356 5702 2502 5781 Nam
2523 5704 2625 5781 sub
2653 5705 2946 5781 Anastasio
2971 5706 3113 5779 imp.
3133 5719 3415 5781 superstes
3455 5726 3569 5769 non
3596 5721 3727 5771 erat

444 5766 848 5831 Theodoreus.
881 5767 1145 5839 Ejusdem
1172 5766 1415 5828 historiae
1442 5786 1565 5841 qua:
1591 5770 1680 5825 hic
1705 5769 1962 5839 refertur,
2000 5770 2363 5843 Theophanes
2392 5782 2446 5831 et
2470 5774 2671 5832 Suidas
2727 5770 3049 5861 meminere.
