3986 6346
1918 259 1932 288 δ

577 389 714 456 1371

1758 383 1818 445 S.
1859 378 2178 444 IOANNIS
2201 375 2628 440 DAMASCENI

3673 370 3806 438 1372

571 505 699 566 cha,
735 501 792 554 in
817 495 968 568 regia
1005 492 1422 552 Trachonitidis
1453 492 1718 563 regionis,
1753 491 1810 546 in
1846 491 1985 546 urbe
2018 502 2140 560 qua:

2251 485 2575 557 lroudpx'qc
2622 484 2705 551 είς
2729 481 2795 553 τὸ
2825 481 3110 555 βασίλειον
3138 483 3239 557 τῆς
3267 484 3666 558 Τραχωνίτιδος
3704 488 3806 560 χῶ-

572 593 808 647 Sebaste
855 588 1083 652 dicitur,
1119 584 1457 657 amputavit,
1507 591 1705 640 octavo
1763 581 1883 638 Kal.
1921 581 2137 647 Junias,

571 683 775 737 Flacco
807 687 863 737 et
909 678 1127 735 Romae
1180 691 1328 734 coss.
1381 675 1442 732 Id
1480 690 1624 746 aegre
1675 673 1854 730 ferens
1891 671 2141 729 Herodes

569 789 691 840 rex,
746 771 989 841 Philippi
1037 769 1207 833 (ilius,
1245 782 1276 822 e
1321 764 1510 822 Judtea
1550 778 1842 836 regressus
1870 769 1976 820 est.
2010 762 2139 817 Sta-

572 863 784 932 timque
810 860 877 914 ad
911 874 1038 914 eum
1075 855 1312 913 accessit
1343 854 1545 909 mulier
1583 851 1835 924 quedam
1865 851 2141 921 locuples,

570 953 802 1008 nomine
848 949 1134 1014 Berenice,
1167 963 1289 1019 qua:
1340 946 1485 1002 idem
1531 943 1790 1016 oppidum
1833 942 2142 999 Paneadem

571 1042 875 1097 incolebat.
913 1039 1060 1104 litec,
1098 1039 1360 1110 quoniam
1391 1053 1420 1092 a
1457 1035 1587 1093 Jcsu
1632 1043 1825 1092 sanata
1862 1043 2002 1098 erat,
2031 1042 2143 1090 sta-

571 1145 724 1187 tuam
766 1132 871 1202 ipsi
911 1131 1124 1202 erigere
1154 1129 1404 1201 cupiens,
1436 1144 1538 1185 nec
1568 1129 1688 1184 sine
1733 1127 1882 1197 regis
1909 1125 2144 1197 permis-

573 1226 734 1280 sinne
771 1222 827 1278 id
871 1236 1006 1278 ausa
1058 1220 1347 1292 perﬁcere,
1406 1218 1607 1275 Herodi
1670 1219 1785 1290 regi
1839 1218 2142 1288 supplicem

571 1314 778 1370 obtulit
830 1313 1098 1379 libellum,
1149 1327 1350 1382 rogans
1385 1319 1447 1367 ut
1500 1311 1693 1366 liceret
1748 1309 1855 1366 sibi
1917 1309 1971 1364 in
2007 1308 2144 1366 urbe

574 1420 677 1461 sua
737 1404 964 1460 Christo
1019 1403 1291 1458 Salvatori
1340 1411 1590 1458 auratam
1648 1407 1888 1458 statuam
1937 1400 2141 1456 dicare.

571 1497 820 1554 Libellus
863 1509 1031 1566 porro
1087 1493 1407 1564 hujusmodi
1468 1501 1624 1549 erat:
1688 1510 1707 1543 ι
1737 1491 1988 1562 Augusto
2036 1488 2146 1546 He-

578 1608 595 1640 ι
647 1588 786 1653 rodi,
814 1585 1108 1657 toparchae,
1134 1591 1191 1640 et
1209 1583 1384 1655 legum
1405 1583 1587 1657 datori
1603 1579 1916 1638 Iudaeorum
1940 1580 2147 1636 Graeco-

578 1699 596 1729 ‹
647 1652 898 1747 rumque,
938 1675 1051 1746 regi
1086 1652 1523 1741 Trachoniti'dis,
1565 1672 1877 1736 Berenices,
1910 1672 2147 1726 honora-

577 1788 595 1818 α
645 1767 774 1825 bilis
795 1765 1062 1822 Paneadis
1094 1766 1312 1829 incolae,
1349 1765 1536 1833 petitio
1555 1763 1782 1833 supplex
1816 1771 1869 1818 et
1891 1763 2143 1818 obsecra-

580 1878 596 1910 I
646 1862 743 1915 tio.
764 1857 986 1914 Justitia
1001 1867 1056 1914 et
1075 1858 1410 1919 humanitas.
1432 1862 1755 1925 caeteraequc
1774 1853 2006 1910 virtutes
2023 1868 2144 1908 ver-

577 1968 595 2000 o
644 1949 807 2004 ticem
837 1957 1085 2005 vestrum
1121 1949 1296 2006 instar
1319 1961 1543 2003 corona:
1575 1945 1824 2015 cingunt.
1859 1943 2014 2010 Quod
2044 1957 2144 2015 ego

578 2061 595 2091 ι
647 2040 970 2118 neutiquam
999 2041 1282 2112 ignorans,
1306 2041 1450 2096 bona
1478 2055 1575 2110 spe
1595 2039 1780 2094 omnia
1800 2053 2146 2108 consequen-

579 2151 596 2184 ι
644 2133 698 2188 di
729 2140 1018 2202 concepta,
1051 2132 1150 2187 tibi
1195 2133 1435 2188 scribo.»
1475 2130 1606 2198 Quae
1632 2146 1797 2202 porro
1831 2131 1904 2188 sit
1931 2129 2144 2186 exordii

561 2221 740 2292 hujus
790 2223 962 2298 ratio,
990 2222 1266 2278 sermonis
1301 2221 1476 2278 series
1504 2221 1828 2276 declarabit.
1878 2238 1897 2272 ι
1943 2220 2082 2276 Cum
2114 2234 2146 2274 a

575 2329 597 2364 ι
645 2295 995 2384 ιιι-ἰηιᾶὶοιέιιο
1017 2312 1306 2384 sanguinis
1322 2311 1476 2368 ﬂuxu
1497 2312 1834 2376 laborarem,
1849 2313 2000 2368 omni
2023 2313 2148 2368 vitae

573 2423 596 2457 ι
641 2405 952 2461 substantia
979 2405 1453 2476 facultatibusque
1501 2405 1640 2460 meis
1668 2405 1725 2459 in
1756 2405 2003 2461 medicos
2049 2420 2145 2460 ex-

576 2517 594 2549 ι
645 2500 886 2564 haustis,
919 2499 1189 2554 medelam
1221 2497 1431 2552 nullam
1464 2505 1629 2552 nacta
1649 2512 1797 2554 sum.
1827 2495 1930 2553 Ubi
1962 2505 2144 2553 autem

577 2609 596 2642 ι
642 2591 826 2660 accepi
857 2590 1204 2646 admirabilis
1239 2589 1450 2645 Christi
1491 2589 1829 2654 curationes,
1865 2590 1959 2660 qui
1994 2603 2147 2644 more

577 2699 596 2732 ι
644 2690 768 2736 tuos
795 2680 864 2735 ad
896 2681 1076 2736 lucem
1102 2693 1373 2736 revocans
1411 2679 1732 2744 suscitaret,
1763 2679 2042 2735 daemones
2080 2693 2145 2734 ex

573 2791 594 2824 ι
643 2772 953 2828 mortalium
979 2773 1307 2842 corporibus
1335 2771 1579 2841 ejiceret,
1618 2787 1921 2842 omnesque
1956 2771 2145 2828 confc-

577 2885 592 2915 ι
643 2869 764 2918 ctos
786 2863 995 2918 morbis
1045 2862 1215 2917 verbo
1269 2870 1526 2928 sanaret,
1571 2860 1642 2916 ad
1695 2876 1822 2916 eum
1874 2861 2026 2916 velut
2077 2860 2144 2914 ad

573 2974 593 3005 ι
644 2954 814 3010 Deum
833 2953 1081 3024 confugi.
1097 2953 1298 3008 Verum
1317 2950 1672 3006 considerata
1690 2950 2042 3004 multitudine
2057 2964 2147 3005 eo-

575 3061 595 3094 ς
642 3058 763 3097 rum
787 3044 879 3113 qui
908 3043 1061 3096 illum
1086 3044 1391 3112 cingerent,
1414 3049 1667 3095 metuens
1708 3055 1777 3095 ne
1799 3039 1972 3094 morbi
1995 3054 2149 3109 spur-

2247 596 2367 649 ρας,
2397 579 2456 633 ἐν
2482 578 2725 649 Σεύαστῇ
2757 579 2822 648 τῇ
2849 577 3028 641 πόλει,
3060 577 3171 650 πρὸ
3189 577 3336 632 ὀκτὼ
3361 577 3652 635 Καλανδῶν
3672 582 3802 636 ἰουο

2243 671 2372 724 νίων
2399 710 2414 736 ,
2459 670 2519 722 ἐν
2565 670 2800 752 ὑπατείᾳ
2841 670 3168 734 Φλάκκωνος
3217 669 3313 724 καὶ
3358 669 3660 740 Ῥουφίνου.
3713 673 3806 728 Διά

2241 759 2403 814 τοῦτο
2438 759 2778 832 λυπούμενος
2800 760 2830 813 ό
2866 758 3116 834 Ἡρώδης
3145 761 3174 816 ό
3212 758 3468 831 βασιλεὺς
3493 762 3524 815 ό
3547 761 3806 817 Φιλίππου

2243 851 2478 921 ἀνῆλθεν
2525 851 2636 907 ἀπὸ
2679 852 2781 923 τῆς
2828 851 3092 915 Ἰουδαίας
3119 892 3136 920 ,
3189 851 3286 906 καὶ
3327 851 3632 923 προσῆλθεν
3665 854 3807 925 αὐτῷ

2243 945 2382 1015 γυνή
2436 961 2522 1008 τις
2575 943 2812 1016 εὔπορος
2838 981 2856 1008 ,
2913 942 3143 999 οἰκοῦσα
3189 943 3290 1016 τὴν
3338 943 3514 1016 αὐτὴν
3565 946 3806 1002 Πανεάδα

2243 1035 2422 1102 πόλιν,
2455 1033 2683 1105 ὀνόματι
2713 1033 2972 1105 Βερνίκη,
3005 1031 3334 1104 βουλομένη,
3359 1033 3435 1098 ὡς
3469 1033 3679 1089 ωθείσα
3709 1035 3809 1090 ύπὺ

2243 1124 2337 1179 τοῦ
2378 1123 2556 1192 Ἰησοῦ
2579 1163 2595 1190 ,
2627 1122 2833 1195 στήλην
2873 1121 3025 1194 αὐτῷ
3073 1121 3382 1192 ἀναστῆσαι
3406 1137 3421 1152 ο
3464 1123 3559 1178 καὶ
3589 1123 3661 1194 μὴ
3695 1126 3808 1178 τολ-

2248 1218 2400 1288 μᾶσα
2454 1216 2576 1288 δίχα
2632 1214 2923 1286 βασιλικῆς
2984 1213 3286 1277 κελεύσεως
3359 1214 3519 1270 τοῦτο
3567 1216 3806 1286 ποιῆσαι,

2251 1309 2439 1380 δέησιν
2499 1305 2703 1361 δέδωκε
2728 1305 2808 1376 τῷ
2837 1304 3049 1376 βασιλεῖ
3085 1302 3322 1376 Ἡρώδῃ,
3360 1305 3585 1360 αἰτοῦσα
3616 1309 3810 1378 στήλην

2247 1399 2455 1470 χρυσῆν
2510 1396 2590 1470 τῷ
2636 1397 2850 1470 Σωτῆρι
2889 1394 3110 1466 Χριστῷ
3179 1395 3239 1450 ἐν
3295 1398 3361 1467 τῇ
3409 1397 3612 1467 ἑαυτῆς
3664 1399 3809 1454 πόλει

2249 1490 2476 1560 στῆσαι⁹
2539 1489 2662 1561 ἥτις
2721 1487 2904 1558 δέησις
2977 1481 3124 1558 εἶχεν
3193 1485 3369 1550 οὕτως
3409 1502 3425 1516 °
3475 1506 3496 1540 ι
3565 1488 3812 1561 Σεόαστῷ

2253 1595 2272 1629 ι
2331 1575 2578 1649 Ἡρώδῃ,
2628 1575 2914 1648 τοπάρχῃ,
2965 1574 3276 1648 θεσμοθέτῃ
3324 1575 3600 1632 Ἰουδαίων
3629 1596 3690 1633 τε
3725 1581 3812 1634 καὶ

2255 1687 2272 1720 ι
2331 1667 2620 1739 Ἑλλήνων,
2654 1666 2868 1738 βασιλεί
2897 1665 3315 1737 Τραχωνίτιδος,
3345 1667 3533 1739 δέησις
3574 1671 3670 1726 καὶ
3716 1672 3817 1725 ίκε.

2255 1777 2272 1808 ι
2317 1757 2407 1810 σία
2437 1757 2592 1829 παρὰ
2630 1757 2898 1827 Βερνίκης
2929 1756 3340 1829 ἀξιωματικῆς,
3369 1760 3579 1826 πόλεως
3607 1763 3814 1820 nam.

2258 1869 2275 1901 ι
2320 1850 2428 1915 δος.
2464 1851 2793 1920 Δικαιοσύνη
2821 1891 2835 1918 ,
2870 1850 2964 1904 καὶ
2992 1850 3399 1922 φιλανθρωπία,
3430 1854 3527 1909 καὶ
3555 1855 3626 1909 τὰ
3657 1855 3816 1912 λοιπὰ

2256 1961 2274 1995 ι
2321 1942 2430 1998 τῶν
2463 1943 2678 2014 ἀρετῶν
2730 1942 3122 2014 περιστέφουσι
3173 1944 3274 2014 τὴν
3332 1946 3606 2016 ὑμετέραν
3653 1964 3816 2020 κορυ-

2257 2053 2275 2086 ι
2325 2035 2433 2107 φὴν
2457 2051 2472 2067 ο
2504 2035 2629 2090 ὅθεν
2660 2034 2818 2105 κάγὼ
2862 2033 3024 2089 τοῦτο
3070 2035 3243 2090 είδυία
3268 2075 3284 2100 ,
3316 2038 3416 2092 σὺν
3443 2038 3678 2107 ἀγαθαῖς
3699 2043 3820 2104 ταῖς

2257 2148 2276 2182 ι
2322 2128 2510 2183 ἐλπίσι
2574 2129 2797 2185 πάντων
2835 2131 3139 2202 τευξομένη
3164 2173 3179 2199 ,
3227 2133 3314 2186 σοὶ
3340 2133 3557 2205 γράφω.
3603 2153 3625 2187 ι
3662 2136 3822 2202 “ll-ct;

2251 2221 2286 2290 ή
2309 2219 2404 2274 τοῦ
2439 2221 2709 2290 παρόντος
2737 2222 3028 2294 προοιμίου
3063 2223 3294 2297 κρηπὶς,
3329 2223 3536 2296 προῑών
3577 2242 3636 2279 σε
3665 2228 3699 2280 ὁ
3739 2228 3825 2280 λό-

2251 2329 2348 2382 γος
2386 2311 2607 2380 διδάξει.
2649 2331 2670 2366 r
2734 2313 2830 2369 Ἐκ
2873 2315 3081 2370 παιδῶν
3126 2315 3395 2386 ληφθεῖσα
3436 2317 3588 2389 πάθη
3627 2321 3824 2392 αἱμορ-

2257 2423 2278 2458 ι
2324 2405 2479 2477 ροίας
2521 2405 2766 2484 όχετῶν,
2817 2408 2899 2472 εἰς
2931 2409 3151 2480 ἰατροὺς
3195 2409 3526 2464 ἀναλώσασά
3578 2428 3684 2482 μου
3737 2413 3826 2466 τὸν

2257 2515 2276 2550 ι
2325 2497 2439 2568 βίον
2469 2499 2564 2552 καὶ
2589 2498 2681 2552 τὸν
2709 2498 2964 2566 πλοῦτον,
3011 2500 3160 2554 ίασιν
3190 2500 3290 2570 οὐχ
3318 2495 3478 2572 εὗρον
3500 2517 3516 2534 ⁶
3549 2502 3828 2570 ἀκηκουῖα

2258 2609 2276 2642 ι
2320 2591 2378 2644 δὲ
2407 2589 2502 2644 τοῦ
2538 2590 2955 2662 θαυμαζομένου
2994 2591 3234 2664 Χριστοῦ
3268 2592 3338 2647 τά
3371 2594 3598 2664 ἰάματα,
3629 2595 3711 2660 ὡς
3739 2614 3828 2650 νε-

2259 2698 2277 2731 ι
2322 2681 2489 2752 κροὺς
2515 2680 2846 2750 διανίστησι,
2887 2681 3052 2735 πάλιν
3076 2682 3156 2746 είς
3187 2682 3304 2751 φῶς
3339 2681 3532 2749 ἕλκων,
3570 2686 3671 2738 καὶ
3708 2685 3828 2739 δαί-

2260 2790 2278 2822 ι
2329 2787 2498 2839 μονας
2528 2771 2594 2825 ἐκ
2620 2769 2831 2842 βροτῶν
2860 2771 3206 2839 ἀπελαύνων,
3245 2774 3340 2826 καὶ
3366 2774 3576 2839 πάντας
3602 2777 3738 2840 τοὺς
3771 2779 3830 2830 ἐν

2260 2882 2278 2914 ι
2323 2862 2465 2934 νόσῳ
2495 2863 2932 2935 μαραινομένους
2960 2863 3104 2935 λόγῳ
3135 2864 3472 2936 θεραπεύων,
3501 2868 3661 2936 κάγὼ
3691 2870 3830 2940 πρὸς

2260 2970 2278 3002 ι
2325 2951 2488 3012 αὐτὸν
2514 2952 2592 3015 ὡς
2633 2952 2770 3024 πρὸς
2801 2951 2934 3006 Θεὸν
2971 2951 3224 3025 ἔδραμον.
3268 2954 3380 3008 Καὶ
3409 2961 3826 3028 προσεσχηκώ

2260 3062 2278 3094 ι
2323 3042 2401 3114 τῷ
2444 3043 2754 3114 περιέχοντι
2797 3044 2961 3098 αὐτὸν
2994 3044 3226 3117 πλήθει,
3256 3046 3577 3100 δειλιάσασα
3622 3048 3704 3120 μὴ
3739 3049 3832 3104 τδν

573 3155 594 3187 ι
642 3133 828 3189 citicm
859 3144 1171 3196 aversatus,
1222 3147 1350 3204 erga
1391 3146 1476 3186 me
1511 3130 1912 3200 indignaretur,
1941 3132 2144 3201 major-

2259 3150 2278 3184 ι
2325 3133 2388 3188 ἑκ
2415 3136 2507 3189 τοῦ
2539 3135 2744 3199 πάθους
2787 3136 3064 3208 μολυσμὸν
3112 3138 3632 3209 ἀποστρεφόμενος,
3672 3139 3831 3210 όργιυ

576 3243 594 3276 ι
639 3239 745 3294 que
767 3223 1112 3295 aegritudinis
1129 3223 1286 3294 plaga
1314 3223 1488 3288 ﬁeret,
1504 3237 1718 3278 mecum
1746 3222 1862 3292 ipsa
1883 3223 2146 3295 cogitavi,

577 3333 596 3366 ι
641 3314 808 3386 369
839 3315 986 3385 quod
1017 3315 1063 3372 si
1099 3317 1184 3370 vel
1225 3315 1495 3370 ﬁmbriam
1539 3304 1852 3370 vestimenti
1883 3313 2006 3384 ejus
2030 3321 2150 3368 tan-

575 3427 593 3459 ι
642 3422 770 3478 gere
828 3407 964 3462 mihi
1019 3407 1233 3473 liceret,
1266 3407 1562 3462 sanitatem
1598 3405 1963 3475 adipiscerer.
1997 3403 2150 3462 Hanc

574 3519 592 3552 ι
641 3499 733 3555 ubi
767 3499 1006 3570 primum
1039 3499 1211 3570 tetigi,
1238 3511 1533 3569 suppresso
1566 3497 1853 3568 sanguinis
1883 3495 2056 3563 fonte,
2085 3499 2150 3552 il-

576 3612 593 3642 ι
642 3592 746 3646 lico
764 3590 1044 3646 convalui.
1088 3589 1187 3646 Ille
1230 3605 1386 3654 vero,
1422 3603 1547 3644 cum
1571 3589 1757 3644 cordis
1788 3589 1890 3644 mei
1918 3589 2148 3644 consilia

577 3705 593 3735 ι
642 3689 967 3756 pramossct,
1002 3682 1143 3737 elata
1180 3696 1344 3745 voce,
1375 3679 1530 3746 Quis,
1590 3680 1791 3750 inquit,
1826 3696 1908 3734 me
1935 3680 2150 3752 tetigit?

577 3793 593 3823 ι
640 3773 804 3827 virtus
831 3788 896 3828 ex
913 3789 992 3828 me
1016 3772 1238 3843 prodiit.
1263 3771 1404 3826 Tum
1431 3785 1533 3841 ego
1548 3770 1785 3841 pallens,
1816 3785 2149 3842 gemensque

576 3884 594 3916 ι
641 3872 695 3920 et
741 3866 1050 3936 graviorem
1077 3865 1330 3920 morbum
1381 3864 1448 3919 ad
1487 3877 1574 3918 me
1611 3877 1964 3919 reversurum
1997 3863 2148 3918 arbi-

578 3977 595 4007 ι
640 3964 818 4023 trans,
840 3958 905 4013 ad
925 3957 1047 4027 ejus
1077 3957 1248 4028 pedes
1271 3969 1496 4024 corruo,
1519 3955 1859 4025 humumque
1888 3954 2148 4026 lacrymis

576 4067 594 4098 ι
642 4045 958 4114 infundens,
991 4047 1284 4104 audaciam
1336 4060 1513 4102 meam
1561 4045 1880 4118 proﬁtebar.
1924 4046 1995 4098 At
2031 4044 2142 4110 ille,

571 4157 595 4188 4
644 4138 721 4192 uti
739 4137 982 4193 clemens
1003 4147 1058 4194 et
1076 4137 1374 4207 benignus,
1395 4137 1572 4192 vicem
1598 4149 1771 4190 meam
1797 4137 2148 4190 commisera-

573 4249 596 4278 ε
637 4235 748 4296 tus,
767 4230 1111 4285 sanationem
1141 4229 1276 4283 mihi
1301 4228 1388 4283 his
1402 4227 1590 4283 verbis
1610 4225 1988 4282 conﬁrmavit:
2015 4227 2147 4282 Con-

572 4337 596 4369 ‹
643 4318 770 4388 ﬁde,
788 4317 926 4384 ﬁlia,
951 4317 1083 4386 ﬁdes
1107 4328 1203 4372 tua
1221 4329 1270 4372 te
1286 4319 1490 4373 salvam
1516 4318 1662 4387 fecit.
1692 4315 1834 4372 Vade
1856 4318 1909 4370 in
1931 4335 2058 4388 pace
2075 4319 2142 4376 5°.

573 4427 596 4460 ε
646 4409 739 4464 Sic
764 4418 819 4463 tu
855 4424 1096 4479 quoque,
1122 4410 1390 4480 Auguste,
1425 4409 1560 4463 mihi
1587 4409 1926 4479 supplicanti
1956 4418 2146 4480 postu-

2258 3244 2275 3275 ι
2324 3224 2424 3296 oon
2471 3226 2593 3280 κατ’
2625 3227 2761 3297 ἐμοῦ
2788 3269 2802 3292 ,
2848 3229 2943 3281 καὶ
2970 3228 3173 3283 πλείων
3205 3247 3296 3300 μοι
3326 3230 3530 3304 ἐπέλθῃ
3560 3233 3594 3301 ἡ
3640 3233 3832 3304 πληγὴ

2257 3335 2275 3367 ι
2321 3315 2422 3385 τῆς
2442 3316 2620 3384 νόσου,
2651 3317 2776 3372 καθ’
2812 3319 3013 3390 ἑαυτὴν
3043 3319 3396 3393 ἐλογισάμην,
3427 3323 3508 3375 δτι
3540 3321 3637 3376 ἐὰν
3667 3323 3834 3392 δυνηο

2257 3426 2273 3457 ι
2321 3406 2474 3477 θείην
2503 3406 2745 3478 ἅψασθαι
2788 3407 2882 3462 τοῦ
2915 3409 3227 3482 κρασπέδου
3255 3411 3352 3465 τοῦ
3387 3411 3604 3482 ἱματίου
3633 3412 3831 3476 αὐτοῦ,

2256 3517 2273 3550 ι
2321 3497 2664 3570 σωθήσομαι.
2699 3493 2775 3554 OB
2807 3500 2902 3554 καὶ
2940 3500 3230 3572 ἁψαμένη,
3262 3503 3359 3555 καὶ
3389 3502 3688 3573 σταθείσης
3729 3523 3833 3574 μου

2254 3606 2274 3639 ι
2317 3588 2418 3659 τῆς
2446 3589 2631 3659 πηγῆς
2651 3589 2747 3644 τοῦ
2776 3591 3030 3662 αἵματος,
3053 3592 3252 3660 γέγονα
3277 3594 3619 3665 παραχρῆμα
3640 3595 3830 3667 ὑγιής.

2256 3698 2273 3730 ι
2317 3679 2493 3744 Αὐτὸς
2517 3681 2575 3734 δὲ
2606 3681 2830 3752 μᾶλλον,
2865 3681 2943 3747 ὡς
2975 3685 3249 3755 προγνοὺς
3277 3684 3379 3755 τῆς
3414 3687 3560 3757 ἐμῆς
3595 3688 3836 3759 1:196:23;

2255 3791 2271 3819 ς
2317 3770 2387 3824 τὰ
2417 3771 2778 3843 βουλεύματα,
2808 3772 3078 3845 ἀνέκραξε
3105 3791 3118 3805 ·
3169 3775 3266 3840 Τίς
3299 3791 3420 3844 μου
3459 3773 3697 3843 iurato;
3732 3777 3836 3832 δύ-

2255 3881 2274 3914 ι
2319 3879 2495 3933 reque
2528 3863 2631 3919 ἀπ’
2663 3864 2813 3934 ἐμοῦ
2837 3864 3118 3934 ἐξῆλθεν.
3164 3865 3306 3935 Ἐγὼ
3351 3862 3447 3920 οὖν
3476 3867 3834 3938 ὡχριάσασα,

2254 3973 2273 4006 ‹
2319 3955 2415 4008 καὶ
2447 3956 2732 4022 στένουσα,
2761 3956 2862 4029 τὴν
2889 3957 3045 4012 νόσον
3085 3957 3429 4031 θρασυτέραν
3455 3959 3842 4032 ἀποστρέφειν

2257 4067 2275 4099 ι
2322 4046 2411 4100 ἐπ’
2447 4047 2548 4118 ἐμὲ
2586 4047 2936 4121 λογιζομένη,
2967 4049 3356 4122 προσπεσοῦσα
3385 4049 3559 4121 αὐτῷ,
3591 4051 3704 4124 τὴν
3735 4054 3842 4124 γῆν

2254 4161 2272 4192 ι
2315 4141 2616 4212 ἐπλήρωσα
2643 4141 2920 4211 δακρύων,
2950 4140 3052 4214 τὴν
3080 4141 3285 4213 τόλμαν
3305 4141 3619 4208 ἐξειποῦσα.
3651 4145 3842 4208 Αὐτὸς

2255 4251 2272 4282 ι
2317 4231 2375 4286 δέ
2403 4231 2480 4295 ὡς
2508 4231 2748 4302 ἀγαθὸς,
2782 4232 3205 4304 σπλαγχνισθεὶς
3234 4233 3324 4287 ἐπ’
3352 4234 3511 4304 ἐμοὶ,
3542 4235 3846 4307 ὲπεσφρὶ-

2254 4344 2270 4376 ι
2317 4322 2436 4392 γιζέ
2473 4342 2574 4395 μου
2605 4323 2704 4397 τὴν
2736 4326 2918 4393 ίασιν,
2959 4325 3228 4398 είρηκὼς’
3263 4326 3509 4394 Θάρσει,
3541 4327 3845 4397 θυγάτερ,

2251 4437 2271 4470 ι
2319 4419 2357 4486 ἡ
2391 4419 2594 4484 πίστις
2629 4435 2746 4472 σου
2800 4418 3037 4474 σέσωκέ
3073 4434 3150 4474 σε
3178 4437 3192 4450 ·
3231 4419 3484 4488 πορεύου
3531 4415 3625 4484 εις
3673 4422 3842 4489 εἰρή-

573 4518 596 4550 ‹
643 4498 902 4554 lationem
930 4500 1137 4570 justam
1172 4500 1414 4570 indulge.
1440 4519 1460 4552 ι
1485 4501 1612 4555 Haec
1638 4500 1868 4555 audiens
1901 4499 2144 4558 Herodes

2257 4527 2275 4560 ι
2313 4526 2447 4576 νην.
2481 4508 2638 4564 Οῦτω
2677 4509 2772 4563 καὶ
2813 4509 3001 4582 ὑμεῖς,
3045 4510 3348 4578 Σεδαστοὶ,
3392 4507 3488 4579 τὴν
3530 4509 3748 4581 δέησιν
3775 4514 3844 4580 τῇ

571 4607 670 4646 rex
691 4605 758 4646 ex
791 4591 978 4647 libello
1007 4591 1277 4662 supplice,
1309 4591 1562 4647 miraculi
1611 4591 1990 4662 magnitudine
2019 4609 2144 4664 per-

568 4683 785 4750 culsus,
829 4684 1244 4755 curationisque
1309 4683 1581 4739 reveritus
1627 4697 1913 4748 arcanum,
1963 4683 2142 4739 dixit:

576 4792 596 4824 ι
630 4773 770 4843 Tua,
802 4791 839 4834 ο
864 4775 1084 4842 mulier,
1115 4775 1333 4831 sanatio
1380 4774 1759 4845 pra‘stantiori
1817 4775 1980 4847 digna
2029 4790 2144 4832 mo-

640 4952 687 4986 ⁸⁰
705 4949 897 5009 Matth.
930 4969 1002 5019 ix,
1031 4952 1122 5008 22.

2248 4621 2266 4653 ι
2311 4600 2539 4673 δεομένῃ
2568 4601 2726 4669 ἀξίαν
2756 4602 3086 4673 παράσχετε.
3120 4621 3138 4655 ι
3186 4605 3249 4658 '0
3276 4603 3334 4656 δὲ
3357 4601 3619 4674 βασιλεὺς
3649 4602 3846 4673 Ἦρὼ-

2239 4689 2337 4758 δης
2364 4690 2620 4761 ἀκηκοὼς
2651 4690 2823 4746 ταῦτα
2851 4692 2942 4747 διὰ
2982 4692 3084 4764 τῆς
3121 4695 3365 4765 δεήσεως
3387 4732 3405 4758 ,
3438 4692 3746 4764 ἐξεπλάγη
3781 4695 3848 4748 τὲ

2240 4776 2457 4848 θαῦμα,
2512 4779 2606 4834 καὶ
2653 4779 2910 4851 φοϐηθεὶς
2961 4781 3023 4834 τὸ
3081 4782 3383 4854 μυστήριον
3435 4781 3538 4849 τῆς
3601 4781 3847 4846 ἰάσεως,

2053 5054 2284 5111 NOTAE.

567 5205 880 5280 (Iurterius,
920 5205 1352 5280 Ducangiusquc_
1383 5224 1447 5263 ex
1484 5226 1574 5280 qq.
1615 5211 1996 5270 Anastasianis
2041 5226 2134 5266 ac-

566 5293 787 5369 cepere,
815 5279 1093 5369 Chronico
1111 5277 1740 5369 Qlegandri‘nogjoanne
1772 5285 1895 5369 ipso
1919 5282 2134 5348 Malala,

573 5348 840 5420 aliisque,
894 5348 1330 5420 praeterWJulium
1386 5350 1731 5416 Africanum,
1770 5348 2136 5417 Clementem,

567 5417 968 5493 Theophilum,
992 5427 1057 5493 _et
1085 5419 1431 5493 Timotheum
1455 5460 1468 5481 .
1503 5438 1642 5491 quos
1672 5423 1985 5493 Hesychius
2020 5423 2138 5493 ipse

2240 5212 2546 5285 diligentia,
2571 5223 2628 5268 ut
2655 5214 2776 5285 ipso
2807 5214 2925 5270 solo
2957 5215 3288 5270 testiﬁcante
3319 5213 3618 5271 Credamus
3655 5217 3851 5276 Theo-

2241 5284 2454 5353 philum
2499 5285 2649 5356 hunc
2683 5284 3043 5356 'astrologum
3080 5285 3265 5356 hujus,
3294 5286 3533 5356 egregia:
3575 5287 3852 5346 historia

2242 5362 2520 5426 parentem
2557 5354 2768 5418 fuisse,
2820 5363 2915 5426 aut
2969 5355 3160 5410 saltem
3195 5354 3350 5408 nihil
3377 5354 3530 5426 urget
3570 5373 3694 5414 nos
3723 5400 3742 5422 ,
3797 5371 3854 5415 ut

2241 5423 2623 5500 Concedamus
2657 5440 2782 5479 eum
2818 5425 3112 5500 ipsumutct
3154 5439 3279 5500 esse
3310 5423 3471 5494 quem
3511 5427 3854 5500 llesychius

565 5487 844 5567 et_Mala‘la
882 5489 1124 5567 laudant.
1154 5487 1551 5567 Neque_tn_:_tgni
1592 5487 1904 5567 faciendum
1935 5487 2138 5567 est'tc-
2240 5506 2295 5549 et
2323 5493 2520 5567 Malala
2576 5487 2856 5567 Citavere:
2891 5493 2981 5567 Ad
3015 5487 3351 5567 Hesychiun'i
3379 5497 3538 5567 quod
3586 5487 3854 5567 spectat,

570 5557 894 5644 s‘ti‘t'nonium
930 5557 1359 5644 Abttlfaraji'qtti
1409 5557 1767 5644 Theophilum
1799 5563 2133 5644 astrologum
2242 5564 2430 5644 quidni
2466 5562 2605 5644 idem
2637 5566 2856 5644 sitcum
2888 5557 3157 5636 llesychib
3185 5557 3856 5644 llltis_tri,'quihistoriast

441 5685 458 5712 l
567 5623 912 5712 floheus‘eun
953 5623 1798 5712 selLHEde‘ssenum,mﬁoru‘isse
1825 5633 1958 5712 _ait__
1992 5623 2135 5712 circa
2247 5623 2275 5686 εἰ
2309 5633 2436 5688 Belo
2464 5634 2842 5712 Assyriorum
2872 5623 3017 5712 rege.
3041 5635 3324 5712 usque__ad
3363 5623 3673 5712 ﬁliastasii
3714 5641 3854 5712 imp.

567 5651 884 5681 ιιυιιειιδυιιι
953 5651 1048 5685 seu
1107 5651 1440 5686 nuessenum
1470 5674 1482 5695 ,
1541 5651 1798 5688 Ilnrutssc
1855 5651 1928 5687 ait
1992 5651 2135 5686 eirea
2247 5651 2273 5686 a
2309 5651 2436 5688 Delo
2464 5651 2820 5705 assyriorum
2872 5651 2998 5706 rege
3041 5651 3104 5690 us
3145 5651 3214 5690 ue
3258 5651 3324 5690 ao
3367 5651 3668 5692 anasrasn
3714 5651 3854 5706 Imp.

563 5696 1621 5780 ann‘liimChristi7fliietllegirrc_lﬁﬁ,et
1648 5701 1884 5780 Egregng
1909 5702 2137 5780 historim
2248 5713 2515 5780 tempora
2549 5705 2843 5780 produxit?
2893 5705 3058 5759 Plura
3105 5651 3179 5760 (de
3221 5704 3411 5760 Malala
3451 5706 3666 5779 lcgesis
3701 5709 3854 5780 apud

551 5770 851 5825 auctorem
885 5766 1099 5825 haberi.
1133 5766 1310 5826 Nimia
1348 5766 1548 5838 quippe
1584 5784 1667 5830 ρει
1695 5766 2022 5842 Ἀιὶυιιύιιιῇί
2054 5774 2137 5828 in-
2248 5766 2475 5831 Gavium
2502 5766 2566 5830 in'
2589 5773 2729 5831 llist.
2767 5775 2996 5832 litterar.
3031 5781 3203 5846 parte.
3243 5790 3303 5830 ιι.
