3986 6346
206 470 339 535 1373

1290 468 1388 527 DE
1430 452 1890 526 IMAGINIBUS
1927 461 2209 523 ORATIO
2248 463 2341 522 III

3309 462 3445 529 1374

207 575 356 636 εἶπεν
378 595 395 612 ο
440 595 461 633 ι
505 578 571 634 Ἥ
598 577 680 643 εἰς
711 577 770 631 σὲ
820 577 1091 650 γενομένη
1125 578 1271 641 ἴασις
1294 614 1310 641 ,
1339 572 1385 630 ὦ
1413 575 1609 645 γύναι,
1646 574 1766 648 μεί-

1883 589 1896 624 ι
1943 580 2208 630 numento
2236 579 2341 627 est.
2365 569 2467 625 Abi
2493 584 2646 642 ergo,
2671 578 2725 629 et
2753 585 2920 642 quam
2951 572 3197 629 volueris
3225 573 3326 640 illi,
3348 578 3442 645 qui

214 691 230 721 ι
267 670 418 734 ζονος
444 669 648 741 στήλης
682 668 834 722 ἐστὶν
869 668 1017 733 ἀξία.
1054 668 1387 739 Πορευοεῖσα
1416 667 1621 736 τοίνυν,
1653 669 1773 723 οἵαν

213 780 230 812 ι
277 760 456 831 βούλει
513 760 822 829 ἁνάστησον
870 758 1022 828 αύτῷ
1074 757 1309 829 στήλην,
1354 757 1654 826 δοξάζουσα
1681 759 1775 812 τὸν

212 870 231 903 ι
271 852 580 922 ἰασάμενον.
622 869 641 903 ι
680 851 794 904 Καὶ
822 849 1024 913 εὐθέως
1053 849 1191 921 αὑτὴ
1219 850 1452 920 Βερνίκη
1471 889 1485 915 ,
1521 852 1554 920 ή
1580 849 1774 921 πρώην

208 942 595 1014 αἱμορροοῦσα,
634 944 692 996 ἐν
725 942 874 1013 μέσῳ
901 942 1001 1011 τῆς
1032 941 1169 1005 ίδίας
1197 941 1369 1011 αὐτῆς
1409 942 1621 1006 πόλεως
1656 944 1771 996 Παε-

206 1033 385 1096 νεάδος
428 1033 692 1104 ἀνέστησε
720 1033 800 1104 τῷ
827 1032 948 1105 Θεῷ
975 1032 1071 1087 καὶ
1100 1033 1291 1105 Κυρίῳ
1328 1035 1535 1106 στήλην
1563 1034 1774 1105 χαλκῆν

208 1125 269 1178 ὲκ
296 1124 502 1195 χαλκοῦ
524 1124 892 1196 θερμηλάτου,
922 1124 1127 1196 μίξασα
1155 1126 1359 1198 χρυσὸν
1388 1126 1483 1180 καὶ
1510 1127 1771 1199 ἄργυρον.

210 1216 367 1280 ’Πτις
396 1215 565 1288 στήλη
598 1217 751 1285 μένει
782 1218 840 1270 ὲν
870 1218 1105 1273 Πανεάδι
1138 1220 1205 1289 τῇ
1238 1218 1388 1272 πόλει
1415 1218 1521 1282 ἕως
1550 1217 1644 1271 νῦν
1663 1259 1677 1283 ,
1711 1219 1773 1272 ού

209 1305 311 1376 πρὸ
339 1304 534 1359 πολλοῦ
560 1306 754 1376 χρόνου
789 1307 1195 1378 μετενεχθεῖσα,
1245 1309 1338 1378 ἀφ’
1382 1302 1444 1364 οὖ
1478 1309 1684 1373 ἵστατο,
1715 1310 1773 1363 ὲν

211 1394 356 1466 μέσῳ
386 1400 485 1467 τῆς
515 1397 723 1461 πόλεως
771 1400 851 1463 είς
885 1400 1042 1464 ἅγιον
1069 1400 1264 1466 τόπον,
1298 1402 1378 1465 είς
1405 1397 1553 1456 οἷκον
1583 1402 1776 1474 εύκτή·

211 1501 343 1555 ριον.
375 1486 554 1563 Ὅπερ
592 1489 891 1569 ύπόμνημα
918 1492 1117 1563 εὑρέθη
1150 1493 1208 1546 ἐν
1237 1495 1301 1564 τῇ
1335 1493 1486 1548 πόλει
1517 1494 1771 1560 Πανεάδι,

209 1574 357 1645 παρὰ
405 1578 600 1649 Βάσσῳ
640 1582 780 1644 τινὶ,
830 1583 1110 1653 γενομένῳ
1165 1583 1274 1638 ἀπὸ
1327 1583 1597 1638 Ἰουδαίων
1641 1587 1773 1655 Χρι-

210 1665 442 1734 στιανῷ,
484 1668 542 1719 ὲν
590 1660 635 1735 ᾧ
679 1670 924 1740 ὑπῆρχεν
953 1672 982 1723 ὁ
1015 1672 1132 1742 βίος
1174 1672 1283 1725 τῶν
1340 1673 1774 1742 βασιλευσάντων

209 1753 420 1810 πάντων
451 1755 549 1827 τῆς
594 1758 892 1829 Ἰουδαϊκῆς
923 1759 1122 1831 χώρας.
1163 1778 1180 1810 ι

216 1994 1057 2098 ἐἕιέἰῖῗιέδδίέέείἳρξὲδλῗυη
1094 2002 1205 2098 €37?
1265 2004 1776 2098 ἑλίκλησιασςικνῖς

285 2066 584 2159 ζζίῖῗςθίίξς
609 2066 1059 2159 Εὺσέτσέουιξοῦ
1096 2066 1448 2144 Παμφίλουέ
1497 2066 1630 2152 περὶ
1665 2066 1777 2159 ei}

273 2139 708 2207 αἱμορῤοούσης
732 2140 1059 2208 Πανεάὸος.

275 2292 295 2327 ι
348 2274 565 2346 Ἐπειδὴ
614 2275 777 2347 τῆσδε
830 2276 929 2347 τῆς
977 2277 1191 2343 πόλεως
1239 2280 1637 2355 ἐμνήσθημεν,
1675 2288 1775 2341 οὐκ

200 2371 344 2438 ἄξιον
387 2367 630 2439 ἡγοῦμαι
680 2367 932 2440 διήγησιν
983 2370 1318 2442 παρελθεῖν,
1362 2376 1455 2427 καὶ
1495 2379 1609 2440 τοῖς
1656 2379 1775 2448 μεθ’

200 2462 343 2532 ἡμᾶς
374 2457 805 2531 μνημονεύεσθαι
850 2460 1026 2525 ἀξίαν.
1060 2462 1173 2533 Τὴν
1201 2463 1309 2534 γὰρ
1339 2467 1772 2539 αἱμορροοῦσαν,

199 2552 263 2618 ἣν
306 2552 370 2603 ὲκ
423 2549 530 2602 τῶν
584 2549 753 2619 ἱερῶν
784 2549 1132 2617 Εὑαγγελίων
1180 2552 1331 2622 παρὰ
1383 2553 1476 2607 τοῦ
1521 2557 1774 2629 Σωτῆρος

199 2640 355 2711 ήμῶν
395 2638 490 2693 τοῦ
544 2641 748 2702 πάθους
794 2639 1115 2711 ἀπαλλαγὴν
1159 2642 1415 2713 εὑρέσθαι
1448 2644 1774 2715 μεμαθήκα-

203 2747 299 2801 μεν
326 2770 340 2794 ,
377 2729 589 2783 ἐνθένδε
637 2729 818 2797 ἔλεγον
850 2731 1152 2801 ὁρμᾶσθαι,
1185 2732 1277 2786 τόν
1323 2750 1383 2786 τε
1419 2730 1565 2789 οἷκον
1607 2738 1775 2807 αὐτῆς

200 2824 291 2877 ἐπὶ
324 2823 425 2894 τῆς
455 2822 666 2884 πόλεως
694 2821 1029 2888 δείκνυσθαι,
1062 2822 1156 2875 καὶ
1184 2823 1284 2893 τῆς
1327 2825 1430 2878 ὑπὸ
1459 2827 1553 2880 τοῦ
1584 2827 1774 2898 Σωτῆ-

203 2932 293 2985 ρος
321 2914 402 2975 είς
440 2913 613 2983 αὐτὴν
642 2913 960 2984 εὐεργεσίας
993 2914 1284 2983 θαυμαστὰ
1314 2916 1551 2985 τρόπαια
1594 2934 1772 2990 παρα-

203 3003 372 3073 μένει.
431 3002 683 3055 Ἐστάναι
726 3002 832 3072 γὰρ
876 3002 961 3071 ἐφ’
1013 3002 1217 3074 ὑψηλοῦ
1247 3003 1430 3071 λίθου,
1484 3008 1622 3076 πρὸς
1675 3006 1773 3077 μὲν

197 3092 319 3151 ταῖς
349 3088 550 3153 πύλαις
589 3090 685 3143 τοῦ
726 3091 900 3161 αὐτῆς
944 3091 1101 3145 οἴκου
1132 3133 1146 3158 ,
1179 3093 1437 3161 γυναικὸς
1468 3096 1773 3165 ἐκτύπωμα

199 3178 425 3249 χάλκεον
474 3179 569 3233 ἐπὶ
597 3181 727 3249 γόνυ
782 3182 1139 3249 κεκλιμένον,
1185 3184 1283 3237 καὶ
1322 3184 1651 3255 τεταμέναις
1679 3187 1773 3238 ὲπὶ

198 3268 579 3342 τοῦμπροσθεν
630 3273 754 3335 ταῖς
811 3274 1031 3343 χερσὶν,
1084 3274 1403 3347 ίκετευούσῃ
1456 3277 1670 3340 ἐοικόςο
1710 3271 1772 3330 οῦ

197 3362 448 3431 ἀντικρὺ,
474 3362 605 3415 ἄλλο
620 3362 718 3433 τῆς
741 3363 912 3433 αὐτῆς
942 3363 1100 3435 ὕλης,
1133 3366 1327 3436 ἀνδρὸς
1350 3367 1532 3439 ὄρθιον
1565 3368 1772 3439 σχῆμα,

0 3432 77 3493 διιέ
106 3428 177 3493 λῖς
194 3428 444 3521 δβιπλοίδα
473 3428 714 3523 κοσμίως
745 3428 1119 3523 βεϐλημένον,
1170 3428 1265 3509 καὶ
1420 3461 1579 3529 χεῖρα

199 3544 316 3595 ἐκεῖ
338 3544 643 3614 προτεῖνον.
676 3537 752 3597 Ob
778 3543 929 3613 παρὰ
967 3547 1080 3608 τοῖς
1118 3548 1276 3600 ποσὶν
1302 3550 1396 3601 ἐπὶ
1433 3551 1532 3620 τῆς
1567 3550 1777 3622 στήλης

197 3635 418 3705 ταύτης,
468 3634 618 3699 ξένον
644 3652 696 3688 τι
730 3635 963 3708 βοτάνης
995 3632 1133 3702 είδος
1172 3639 1348 3708 φύειν,
1380 3641 1456 3705 ὡς
1490 3643 1651 3714 μέχρι
1680 3640 1775 3697 τοῦ

0 3754 33 3807 εἰ
98 3742 99 3747 ‘
199 3726 512 3797 κρασπέδου
542 3726 644 3797 τῆς
675 3727 768 3793 τοῦ
796 3727 1002 3801 χαλκοῦ
1051 3730 1321 3796 διπλοΐδος
1366 3733 1514 3787 ἀνιὸν
1539 3773 1554 3797 ,
1597 3734 1777 3801 ἀλεξι-

77 3858 85 3864 .
196 3820 492 3891 φάρμακον
522 3819 745 3874 πάντων
779 3821 890 3874 τῶν
919 3823 1246 3893 νοσημάτων
1289 3827 1607 3899 τυγχάνειν.
1642 3829 1778 3882 Τοῦ-

80 3914 109 3923 νδ

146 3924 289 3989 κτον
321 3912 378 3965 δὲ
406 3911 498 3965 τὸν
526 3912 823 3984 ἁνδρίαντα
842 3953 856 3979 ,
888 3913 1073 3968 είκόνα
1116 3915 1292 3986 Ἰησοῦ
1324 3917 1511 3989 φέρειν
1558 3919 1773 3989 ἔλεγον·

100 3998 131 4011 ¹’
166 3970 383 4074 >ἔμεινε
410 4005 466 4059 δὲ
496 4006 589 4060 καὶ
628 3970 709 4070 εἰς
741 3970 925 4077 ήμόίς,
978 4007 1056 4072 ὼς
1104 3970 1200 4063 καί
1244 3970 1363 4079 ὄψει
1396 3970 1774 4081 ,παραλαῦσεῖίιη

22 4152 33 4169 ἐ
98 4172 101 4175 ν
196 4094 639 4167 ἐπιδημήσαντος
669 4100 737 4170 τῇ
768 4099 944 4153 πόλει.
968 4100 1080 4153 Καὶ
1110 4100 1421 4173 θαυμαστὸν
1451 4103 1622 4169 οὐδὲν,
1651 4106 1778 4169 τοὺς

102 5844 107 5903 i

198 4186 370 4240 πάλαι
417 4186 477 4253 ἐξ
517 4187 689 4240 ἐθνῶν
727 4189 1131 4261 εύεργηθέντας
1182 4194 1331 4266 παρὰ
1378 4195 1473 4249 τοῦ
1525 4197 1778 4268 Σωτῆρος

190 4276 379 4347 ἡμῶν,
409 4277 637 4332 τοιαῦτα
668 4282 1051 4351 πεποιηκέναι,
1082 4286 1246 4339 ὁπότε
1276 4286 1371 4340 καὶ
1400 4287 1510 4342 τῶν
1540 4288 1776 4341 ἀποστό-

1803 1903 1850 1963 Β

1803 3249 1845 3306 C

1880 682 1898 714 ι
1938 670 1990 720 te
2022 665 2263 729 curavit,
2287 670 2529 719 statuam
2565 663 2738 735 erige,
2785 664 3074 736 ipsiusque
3100 664 3332 736 gloriam
3356 682 3446 722 ce-

1879 773 1897 806 ι
1933 755 2105 810 lebra.
2135 772 2153 806 ι
2183 753 2308 810 Mox
2344 753 2536 826 igitur,
2566 753 2822 822 Bernice,
2845 770 2967 825 quae
2993 755 3201 812 ﬂuxum
3227 759 3447 828 sangui-

1873 847 1961 902 nis
1991 857 2121 902 ante
2154 860 2317 918 passa
2350 853 2493 913 erat,
2527 846 2583 900 in
2618 847 2861 903 civitatis
2891 863 3003 903 sua;
3032 846 3307 905 Paneadis
3333 864 3447 904 me-

1874 939 1967 994 dio
1995 945 2235 995 statuam
2266 953 2495 1004 aeneam,
2528 954 2593 994 ex
2637 955 2744 995 tere
2776 938 2947 1003 fusili,
2991 954 3151 1007 auro,
3202 949 3449 1009 argento-

1874 1045 1983 1102 que
2034 1030 2334 1101 permistis,
2396 1029 2688 1085 conﬂatam
2764 1029 3000 1087 Domino
3060 1041 3114 1088 et
3171 1030 3282 1088 Deo
3346 1045 3449 1087 suo

1875 1121 2240 1178 consecravit.
2297 1120 2429 1188 Qua:
2494 1122 2716 1192 quidem
2778 1130 2960 1178 statua
3009 1122 3078 1179 ad
3129 1124 3233 1179 hoc
3276 1138 3449 1194 usque

1875 1220 2092 1281 tempus
2152 1208 2405 1268 Paneade
2460 1222 2827 1283 perseverat:
2872 1220 3037 1285 atque
3086 1229 3153 1270 ex
3204 1228 3270 1270 eo
3326 1214 3449 1270 loco

1876 1302 1969 1357 ubi
2002 1300 2279 1371 quondam
2307 1301 2510 1365 stabat,
2553 1318 2620 1357 ex
2654 1303 2831 1359 media
2880 1320 3075 1375 nempe
3110 1304 3355 1370 civitate,
3394 1305 3451 1359 in

1876 1396 2058 1450 locum
2095 1408 2317 1450 sacrum
2345 1394 2461 1450 sive
2484 1396 2790 1450 oratorium
2821 1398 3087 1453 translata
3121 1397 3241 1453 fuit.
3273 1396 3457 1475 liuius

1876 1500 2042 1555 porro
2073 1485 2152 1541 rei
2187 1485 2435 1551 narratio
2465 1486 2521 1540 in
2560 1486 2664 1542 hac
2700 1487 2818 1557 ipsa
2850 1487 3188 1543 Paneadensi
3229 1472 3452 1544 civitate

1876 1585 2090 1647 reperta
2123 1584 2232 1640 est,
2281 1578 2425 1647 apud
2460 1576 2690 1634 Bassum
2720 1579 3040 1649 quemdam,
3097 1581 3191 1649 qui
3246 1596 3311 1634 ex
3356 1579 3454 1635 Ju-

1876 1668 1991 1723 daeo
2018 1668 2370 1723 Christianus
2396 1667 2576 1725 factus
2621 1669 2845 1724 fuerat:
2880 1669 2937 1723 in
2972 1685 3085 1740 quo
3115 1672 3277 1726 etiam
3311 1672 3451 1726 libro

1876 1775 2066 1832 regum
2107 1760 2352 1814 omnium
2413 1762 2505 1830 qui
2540 1761 2595 1817 in
2635 1760 2822 1817 Judtea
2866 1761 3298 1833 imperaverunt,
3354 1762 3441 1817 bi-

1878 1849 2046 1904 storia
2060 1850 2369 1920 conscripta
2388 1860 2526 1906 erat.
2557 1870 2575 1903 ι

1883 2002 1965 2057 Ex
2000 2002 2135 2057 libro
2183 2006 2403 2070 septimo
2442 2002 2697 2060 Historia:
2748 2004 2964 2059 Eusebii
3046 2003 3336 2073 Pamphili,
3390 2004 3455 2059 de

1950 2073 2169 2129 muliere
2220 2074 2572 2139 Paneadensi,
2618 2092 2736 2145 qua:
2786 2076 3060 2146 sanguinis
3115 2077 3263 2144 ﬂuxu
3307 2076 3456 2130 labo-

1950 2153 2177 2198 raverat.

1955 2298 1973 2330 ‹
2015 2277 2478 2349 Quandoquidem
2515 2277 2672 2335 urbis
2720 2278 2888 2348 hujus
2926 2278 3263 2335 mentionem
3318 2275 3453 2333 feei-

1878 2384 2021 2431 mus.
2059 2377 2497 2424 consentaneum
2527 2382 2637 2423 non
2675 2368 2843 2424 fuerit
2898 2369 3272 2423 narrationem
3314 2384 3453 2439 prae-

1878 2461 2210 2525 termittere,
2246 2475 2369 2529 qua:
2404 2459 2572 2530 digna
2626 2460 2791 2530 plane
2821 2468 2924 2526 est,
2976 2467 3036 2515 ut
3099 2468 3454 2531 posterorum

1877 2553 2153 2606 memoriae
2223 2553 2661 2607 commendetur.
2737 2551 2889 2606 Illam
2962 2553 3108 2608 enim
3169 2552 3454 2608 mulierem

1877 2645 2169 2715 sanguinis
2200 2643 2349 2698 ﬂuxu
2382 2645 2746 2711 laborantem,
2780 2660 2945 2723 quam
2979 2661 3046 2701 ex
3087 2644 3262 2701 sacris
3284 2643 3459 2699 Evan-

1876 2737 2096 2810 geliisa
2157 2735 2446 2793 Salvatore
2500 2745 2691 2793 nostro
2746 2747 3002 2793 sanatam
3060 2738 3235 2793 fuisse
3259 2738 3459 2793 didici-

1876 2844 2021 2895 mus,
2085 2827 2238 2883 illinc
2302 2843 2427 2883 esse
2484 2828 2787 2899 profectam
2858 2829 3067 2895 ferunt,
3125 2828 3457 2899 domumque

1877 2921 2051 2991 ipsius
2081 2936 2144 2976 ea
2177 2921 2229 2976 in
2265 2921 2490 2977 civitate
2539 2922 2860 2987 monstrari,
2905 2922 2961 2977 in
2994 2936 3106 2993 qua
3154 2922 3458 2977 Salvatoris

1877 3011 1930 3067 in
1954 3027 2072 3067 eam
2108 3011 2485 3067 beneficentiae
2522 3012 2763 3067 mirifica
2821 3020 3024 3084 trepaea
3081 3019 3455 3083 perseverant.

1877 3101 2057 3172 Super
2107 3102 2275 3156 altum
2338 3101 2545 3172 quippe
2610 3101 2847 3172 lapidem
2904 3109 3031 3157 ante
3081 3100 3279 3156 aedium
3312 3100 3461 3154 illius

1881 3194 2050 3258 fores,
2086 3209 2283 3249 aeream
2322 3194 2539 3249 feminae
2563 3192 2819 3264 eﬂigiem,
2876 3192 3034 3248 ﬂexis
3067 3193 3329 3264 genibus,
3361 3206 3459 3246 ex-

1879 3286 2179 3358 pansisque
2238 3287 2603 3357 supplicantis
2660 3300 2814 3341 more
2872 3286 3151 3348 manibus,
3213 3283 3459 3355 conspici

1880 3383 2106 3429 narrant
2140 3393 2153 3429 :
2183 3390 2213 3430 e
2250 3377 2470 3444 regione
2500 3390 2631 3430 vero
2666 3376 2901 3430 alteram
2958 3390 3023 3431 ex
3056 3374 3246 3429 eadem
3287 3384 3460 3429 mate-

1878 3466 1963 3519 ria
2010 3477 2217 3522 rectam
2254 3474 2402 3521 stare
2460 3466 2561 3520 viri
2621 3467 2877 3535 figuram,
2938 3466 3103 3521 modo
3152 3466 3464 3534 composito

1879 3557 2125 3627 diploide
2171 3556 2440 3619 indutam,
2480 3570 2817 3623 manumque
2869 3555 3085 3611 mulieri
3117 3555 3463 3625 protenden-

1880 3655 2010 3702 tem.
2053 3646 2135 3701 Ad
2182 3646 2349 3715 hujus
2391 3654 2593 3702 statua:
2645 3647 2815 3716 pedes
2873 3646 3227 3717 peregrinum
3286 3644 3464 3715 quod-

1880 3741 2004 3794 dam
2036 3739 2219 3794 herbze
2250 3755 2425 3809 genus
2463 3738 2641 3802 nasci,
2685 3736 2832 3808 quod
2877 3735 2969 3792 ubi
3003 3736 3071 3791 ad
3096 3752 3253 3791 oram
3291 3750 3466 3807 usque

1879 3830 2142 3900 diploidis
2166 3830 2437 3900 pervenit,
2472 3830 2792 3884 morborum
2830 3829 3075 3885 omnium
3122 3829 3465 3886 medicamen

1880 3922 2084 3977 evadit.
2120 3919 2272 3976 Hanc
2316 3935 2485 3992 porro
2524 3928 2763 3977 statuam
2812 3920 2942 3978 Jesu
2997 3920 3214 3976 Domini
3272 3922 3467 3995 imagi-

1883 4029 2007 4068 nem
2063 4015 2375 4085 exprimerc
2428 4012 2614 4078 aiunt;
2675 4012 2993 4083 mansitque
3046 4013 3142 4067 illa
3193 4028 3368 4083 usque
3396 4015 3464 4071 ad

1883 4116 2129 4162 nostram
2183 4114 2423 4171 aetatem,
2463 4111 2526 4159 ut
2560 4104 2655 4174 qui
2693 4105 2747 4158 in
2785 4104 3071 4160 civitatem
3103 4104 3246 4158 hanc
3296 4105 3461 4162 adve-

1885 4198 2063 4260 niunt,
2096 4196 2275 4252 oculis
2307 4210 2428 4252 eam
2481 4194 2721 4251 lustrare
2752 4194 2996 4266 possint.
3038 4193 3226 4265 Neque
3263 4195 3462 4248 mirum

1884 4288 2060 4345 videri
2095 4289 2277 4357 debet,
2306 4296 2523 4344 veteres
2553 4288 2678 4343 illos
2707 4304 2772 4342 ex
2810 4287 3091 4359 gentibus,
3129 4286 3223 4358 qui
3272 4284 3464 4341 Salva-

195 4370 308 4423 λων
337 4370 520 4423 αὐτῶν
547 4370 649 4433 τὰς
698 4372 945 4439 εἰκόνας,
994 4374 1202 4447 Πέτρου
1234 4378 1330 4431 καὶ⁵
1366 4379 1581 4434 Παύλου
1609 4422 1624 4445 ,
1683 4380 1774 4433 καὶ

1888 4388 2059 4435 torem
2084 4393 2214 4450 erga
2248 4394 2310 4434 se
2350 4376 2658 4434 beneficum
2694 4376 2906 4446 experti
2935 4383 3120 4440 erant,
3170 4373 3350 4429 eidem
3381 4382 3464 4427 ta-

195 4457 366 4511 οιύτοῦ
398 4456 496 4512 τοῦ
525 4460 778 4531 Σωτῆρος
802 4501 817 4526 ,
857 4462 1444 4538 διαχρωματιζομένας
1478 4469 1775 4542 ἱστορήσα-

1887 4470 1957 4525 lia
1986 4468 2343 4540 priestitisse,
2368 4466 2591 4539 quando
2632 4476 2745 4519 tum
2798 4465 3179 4535 apostolorum
3231 4462 3380 4518 Petri
3408 4470 3463 4519 et

196 4567 304 4621 μεν
328 4567 343 4583 ⁸
396 4551 471 4615 ὼς
510 4552 655 4615 εἰκὸς
687 4552 795 4605 τῶν
828 4554 1074 4609 παλαιῶν
1120 4558 1641 4630 ἀπαραιρυλάκτως,
1690 4559 1774 4616 οἷα

1887 4559 2079 4624 Pauli,
2114 4567 2228 4613 tum
2276 4557 2568 4629 ipsiusmet
2600 4556 2808 4612 Christi
2850 4556 3025 4627 pictas
3070 4554 3340 4625 imagines
3384 4555 3465 4608 vi-

196 4642 427 4713 ἐθνικῆς
456 4642 746 4715 συνηθείας
772 4643 941 4716 οὔσης
985 4649 1117 4721 παρ’
1148 4650 1351 4720 αὐτοῖς,
1387 4654 1577 4709 τοῦτον
1606 4656 1773 4727 τιμᾷν

1883 4652 2266 4708 dimuszeum
2298 4660 2511 4706 veteres
2563 4650 2773 4720 absque
2828 4649 2943 4704 ullo
2998 4648 3262 4719 scrupulo
3315 4647 3465 4717 ejus-

194 4734 470 4790 εἰωθότων
496 4736 588 4791 τὸν
616 4737 839 4808 τρόπον.
883 4756 901 4789 ι

200 4952 319 5032 1οᾷ
350 4955 867 5032 ξι-ύτοῦηέκμτηῆς
917 4959 1109 5032 αὐτῆς
1172 4963 1473 5032 Ἱστορίας
1518 4967 1775 5025 ἐννάτου

260 5024 535 5092 βιϐλίου,
565 5029 653 5094 εις
684 5028 791 5082 τὸν
820 5024 1098 5094 βασιλέα⁷
1116 5024 1597 5092 Κωνστᾶντῗνον.

273 5157 295 5192 ι
328 5135 402 5195 Εὗ
445 5141 591 5212 μάλα
618 5143 718 5214 τῆς
745 5146 811 5199 ὲκ
849 5146 987 5200 Θεοῦ
1035 5148 1444 5221 συνῃσθημένος
1502 5152 1774 5223 βοηθείας,

190 5233 404 5287 αὐτίκα
448 5235 544 5289 τοῦ
588 5238 863 5308 σωτηρίου
914 5240 1177 5311 τρόπαιον
1215 5242 1425 5307 πάθους
1464 5245 1571 5299 ὑπὸ
1617 5250 1779 5318 χεῖρα

194 5324 342 5388 ἰδίας
389 5325 595 5390 εἰκόνος
640 5328 972 5399 ἀνατεθῆναι
1036 5333 1387 5402 προστάττει.
1446 5337 1556 5391 Καὶ
1599 5337 1664 5408 δὴ
1715 5337 1777 5392 τὸ

192 5416 475 5487 σωτήριον
519 5417 616 5471 τοῦ
651 5418 890 5491 σταυροῦ
947 5427 1175 5493 σημεῖον
1220 5425 1277 5478 έν
1329 5429 1396 5497 τῇ
1446 5427 1598 5500 δεξιᾷ
1640 5447 1770 5484 κατ·

190 5508 400 5579 έχοντα
429 5509 592 5564 αὐτὸν
630 5513 689 5565 ὲν
717 5513 796 5584 τῷ
827 5513 1062 5584 μάλιστα
1102 5517 1210 5571 τῶν
1238 5520 1331 5572 ἐπὶ
1373 5520 1593 5591 Ῥώμης
1619 5523 1776 5594 δεδη-

193 5598 547 5670 μοσιευμένῳ
574 5600 725 5673 τόπῳ
756 5604 1089 5673 στήσαντας,
1126 5605 1297 5675 αὐτὴν
1327 5606 1391 5677 δὴ
1418 5606 1621 5679 ταύτην
1652 5610 1779 5662 ὐπο-

186 5689 421 5760 γραφὴν
498 5692 714 5757 ἐντάξαι
786 5696 1027 5766 ῥήμασιν
1097 5697 1284 5760 αὐτοῖς
1354 5701 1421 5768 τῇ
1491 5699 1777 5769 Ῥωμαίων

108 5816 109 5827 ι
190 5781 556 5848 ἐγκελεύεται
586 5787 762 5856 φωνῇ·
803 5805 819 5837 ι
852 5787 1041 5857 Τούτῳ
1067 5787 1142 5857 τῷ
1173 5787 1504 5858 σωτηριὼδει
1541 5791 1774 5861 σημείῳ,

195 5890 220 5926 ι
267 5870 351 5945 τῷ
380 5874 618 5947 ἀληθινῷ
647 5878 857 5949 ἐλέγχῳ
880 5879 979 5950 τῆς
1010 5880 1287 5952 ἀνδρείας,
1316 5880 1413 5951 τὴν
1442 5881 1595 5938 πόλιν
1623 5883 1778 5954 ὑμῶν

1882 4742 2032 4798 modi
2073 4742 2359 4806 honorem,
2394 4740 2801 4797 consuetudine
2832 4756 2860 4795 a
2887 4739 3188 4811 gentilibus
3214 4745 3461 4808 accepta,

1879 4831 2258 4890 servatoribus
2286 4832 2404 4890 suis
2428 4832 2778 4889 adhiberent.
2818 4851 2836 4884 ι

1878 4967 2043 5039 370
2079 4966 2351 5037 Ejusdem,
2372 4981 2439 5021 ex
2472 4966 2605 5021 libro
2654 4983 2790 5039 uano
2818 4966 3057 5035 ejusdem
3086 4963 3343 5019 Historia:
3394 4962 3461 5017 de

2304 5039 2620 5106 imperatore
2651 5037 3031 5094 Constantino.

1962 5170 1982 5204 ι
2014 5152 2149 5208 Cum
2208 5165 2328 5208 sese
2382 5149 2570 5205 divino
2628 5150 2881 5221 adjutum
2941 5164 3067 5206 esse
3101 5146 3335 5205 consilio
3361 5159 3461 5217 ap-

1879 5240 2059 5311 prime
2123 5241 2414 5305 sensisset,
2471 5253 2599 5293 mox
2662 5238 2967 5295 salutiferae
3025 5237 3305 5309 passionis
3347 5244 3461 5290 tro-

1880 5349 2058 5406 paeum
2095 5341 2293 5389 statua:
2327 5347 2442 5391 sua}
2468 5333 2655 5389 manui
2679 5332 2878 5403 apponi
2912 5332 3190 5403 praecepit.
3226 5330 3305 5385 Ae
3333 5342 3461 5384 cum

1878 5441 1998 5482 eam
2026 5426 2293 5481 salutaris
2333 5425 2517 5481 crucis
2561 5426 2782 5495 signum
2840 5424 3066 5479 dextera
3111 5436 3212 5478 sua
3268 5429 3464 5477 tmen-

1881 5524 2015 5585 tem,
2054 5518 2109 5572 in
2134 5516 2584 5588 frequentissimo
2619 5516 2883 5571 Romana:
2912 5515 3070 5570 urbis
3096 5516 3219 5569 loco
3257 5512 3464 5572 erexis-

1880 5619 2025 5675 sent,
2084 5610 2498 5680 inscriptionem
2552 5610 2698 5665 hanc
2754 5608 2951 5663 Latino
3000 5620 3257 5664 sermone
3286 5605 3468 5675 subji-

1879 5701 2129 5759 ciendam
2151 5703 2363 5757 curavit
2395 5721 2408 5755 :
2454 5719 2471 5754 ι
2513 5700 2626 5757 lloe
2659 5700 2884 5755 salutari
2919 5699 3095 5768 signo,
3132 5696 3279 5767 quod
3307 5710 3454 5751 verae

1885 5813 1904 5846 ι
1947 5794 2169 5849 virtutis
2209 5793 2426 5865 insigne
2486 5803 2593 5859 est,
2638 5791 2831 5848 urbem
2885 5800 3123 5846 vestram
3164 5786 3470 5859 tyrannica:

1888 5907 1905 5941 ι
1946 5886 2226 5945 servitutis
2256 5887 2387 5957 jugo
2417 5894 2713 5949 servatam,
2744 5887 2803 5941 in
2824 5884 3135 5940 libertatem
3164 5875 3463 5935 vindicavi.
