3986 6346
492 405 635 476 13⁷⁷5

1666 402 1729 464 S.
1770 400 2089 464 JOANNIS
2113 399 2543 463 DAMASCENI

3439 271 3444 276 ι
3601 265 3618 272 π
3693 264 3730 276 Ἀ

3377 285 3422 308 :—-
3595 269 3670 308 ~.\
3710 303 3730 308 μ

2847 334 2854 368 Ι
2905 328 2908 330 Ἴ
3015 278 3298 368 N.\\\w0._~'
3329 293 3494 348 11:75.};
3531 325 3540 331 _
3595 278 3670 324 ἰαὶ
3703 303 3750 321 ’-
3795 293 3800 296 .

2765 367 2772 382 1
2831 343 2968 384 -ιχηκά
3015 343 3096 374 μοι..
3135 343 3250 367 ινιτ.

2777 377 2790 396 ί
2919 379 2924 386 “
2969 381 2978 408 ι

3609 393 3766 454 1376

499 541 521 577 ι
568 519 808 587 S.P.Q.
854 517 922 574 Β.
987 518 1044 575 in
1105 518 1413 575 libertatem
1471 517 1709 584 asserui,
1759 517 2060 588 pristinum

2229 517 2338 572 ἀπὸ
2389 514 2555 586 ζυγοῦ
2607 510 2706 569 τοῦ
2771 513 3038 586 τυράννου
3085 510 3479 578 διασωθεῖσαν,
3517 509 3767 588 ῂλευθέ-

500 634 522 669 ι
566 615 734 670 decus
761 611 1059 681 nobilitati,
1093 611 1554 682 splendoremque
1587 609 1828 666 restitui.
1865 628 1884 663 ι

505 939 592 997 Ea:
619 940 873 998 Historia
909 939 1282 997 ecclesiastica:
1321 940 1555 996 Socratis
1585 941 1720 998 libro
1751 955 1797 1009 ι,
1825 956 1946 1008 cap.
1976 942 2066 1011 18,

952 1012 1017 1066 de
1057 1014 1238 1068 eodem
1264 1013 1604 1081 imperatore.

577 1227 597 1259 ι
635 1207 886 1262 Posthaec
911 1214 1096 1262 autem
1153 1207 1456 1277 imperator
1479 1206 1904 1273 Constantinus,
1941 1204 2073 1262 reli-

500 1305 681 1376 gionis
713 1303 1042 1359 Christianae
1099 1303 1397 1359 studiosior
1457 1302 1660 1367 lactus,
1695 1318 1726 1356 a
1787 1301 2074 1374 gentilium

501 1391 652 1446 cultu
689 1406 918 1460 prorsus
949 1391 1260 1457 abhorruit,
1314 1391 1726 1462 singulariaque
1772 1390 2076 1446 certamina

502 1481 807 1550 prohibuit,
845 1488 900 1536 et
953 1495 1084 1538 suas
1129 1481 1398 1552 imagines
1451 1481 1508 1536 in
1551 1481 1771 1553 templis
1836 1480 2077 1536 colloca-

501 1573 580 1628 vit
597 1573 752 1648 ἱ(50).)
779 1592 800 1626 ι

643 1703 898 1774 Stephani
929 1703 1198 1767 Bostreni,
1229 1710 1416 1756 contra
1441 1698 1682 1763 Juda’os,
1704 1714 1828 1770 cap.
1861 1701 1915 1755 4.

581 1857 600 1892 ι
628 1837 740 1895 Nos
774 1853 940 1909 porro
993 1843 1310 1892 sanctorum
1347 1833 1616 1903 imagines
1665 1831 1732 1887 ad
1774 1846 1964 1887 eorum
1995 1845 2078 1886 re-
2109 1869 2151 1924 Β

503 1927 882 1982 cordationem
911 1927 1224 1988 statuimus,
1259 1931 1388 1994 puta
1437 1923 1734 1987 Abraham,
1778 1924 1955 1986 Isaac,
1987 1920 2081 1975 Ja-

505 2019 632 2083 cob,
681 2018 906 2089 Moysis,
959 2017 1108 2080 Elite,
1147 2015 1456 2081 Zachariae,
1492 2023 1547 2069 et
1570 2013 1806 2068 aliorum
1845 2014 2081 2083 prophe-

505 2115 710 2174 tarum,
743 2115 1172 2176 sanctorumque
1218 2105 1315 2160 Dei
1366 2113 1689 2176 martyrum,
1732 2104 1826 2174 qui
1857 2110 2082 2174 propter

510 2199 693 2270 ipsum
743 2209 974 2256 mortem
1034 2198 1363 2262 subierunt;
1425 2205 1486 2251 ut
1538 2197 1854 2266 quicunque
1890 2195 2083 2265 imagi-

507 2307 607 2347 nes
658 2305 851 2347 eorum
893 2290 1198 2360 aspexerit,
1247 2289 1467 2344 illorum
1515 2287 1874 2352 recordetur,
1925 2300 2086 2340 cum-

503 2397 614 2453 que
649 2382 910 2440 laudibus
937 2381 1184 2448 extollat,
1215 2380 1309 2452 qui
1345 2379 1520 2451 gloria
1558 2378 1758 2449 dignos
1788 2377 1917 2433 illos
1951 2375 2080 2432 red-

505 2472 668 2528 didit.
710 2489 731 2524 ι

578 2608 855 2679 Ejusdem.
904 2626 924 2660 ι
958 2607 1115 2675 Quod
1172 2611 1358 2660 autem
1411 2608 1624 2674 spectat
1657 2600 1724 2655 ad
1765 2598 2034 2672 imagines
2061 2637 2078 2664 ,

505 2701 690 2756 omnia
721 2714 844 2771 quae
899 2699 954 2753 in
1010 2698 1105 2753 Dei
1155 2697 1379 2752 nomine
1439 2693 1602 2759 (lunt,
1643 2692 1787 2746 bona
1845 2705 1965 2748 esse
2028 2699 2080 2746 et

505 2799 698 2846 sancta
770 2788 1160 2845 conﬁdimus:
1217 2786 1362 2842 idola
1446 2799 1577 2840 vero
1636 2789 1692 2838 et
1759 2780 2079 2843 simulacra,

505 2895 695 2950 apage.
741 2877 868 2933 llaec
919 2877 1066 2932 enim
1103 2875 1248 2931 mala
1299 2873 1600 2945 spuriaque
1652 2876 1804 2934 sunt,
1855 2868 2082 2940 perinde

505 2981 670 3040 atque
695 2970 773 3024 illi
815 2969 912 3040 qui
958 2968 1170 3024 faciunt
1210 2981 1294 3022 ea.
1327 2965 1492 3019 Aliud
1529 2964 1733 3034 quippe
1773 2969 1860 3017 est
1903 2960 2081 3030 imago

508 3060 793 3129 prephetze
847 3060 1072 3126 sancti,
1124 3065 1179 3113 et
1229 3056 1376 3111 aliud
1427 3055 1784 3110 sumulacrum
1819 3053 1934 3108 sive
1963 3061 2080 3106 sta-

505 3160 598 3206 tua
630 3151 878 3218 Saturni,
909 3149 1163 3216 Veneris,
1194 3149 1360 3214 Solis,
1385 3155 1438 3202 et
1462 3145 1650 3200 Luna}.
1683 3144 1879 3210 Porro,
1909 3158 2084 3214 quan-

506 3242 805 3312 doquidem
868 3242 1032 3296 homo
1078 3239 1146 3296 ad
1211 3239 1503 3308 imaginem
1583 3235 1678 3290 Dei
1732 3234 1913 3289 factus
1975 3241 2078 3298 est,

507 3334 716 3390 idcirco
747 3332 1032 3388 adoratur.
1068 3331 1306 3401 Serpens
1354 3337 1562 3394 autem,
1599 3327 1730 3398 quia
1762 3326 1966 3380 diaboli
1998 3332 2084 3380 est

507 3427 710 3496 imago,
746 3423 1063 3480 immundus
1101 3431 1186 3479 est
1231 3419 1294 3476 et'
1333 3418 1712 3476 exsecrabilis.
1749 3416 1907 3483 Quod
1939 3416 1984 3472 si
2018 3431 2083 3472 ea

506 3530 630 3585 qua:
679 3513 964 3570 hominum
1019 3512 1276 3566 manibus
1333 3509 1601 3564 fabricata
1643 3516 1795 3573 sunt,
1831 3506 2081 3576 respuis,

506 3607 617 3668 dic,
669 3619 878 3676 quaeso,
904 3603 1115 3668 Iudaee,
1173 3601 1440 3672 quidnam
1506 3599 1774 3654 adoratur
1808 3599 1864 3653 in
1916 3607 2082 3662 terra,

506 3697 652 3769 quod
685 3697 969 3751 hominum
1006 3709 1172 3750 manu
1207 3694 1548 3748 elaboratum
1582 3707 1690 3746 non
1733 3690 1848 3746 sit?
1876 3691 2082 3755 Altare,

507 3788 980 3859 propitiatorium,
1045 3785 1370 3852 Cherubim,
1442 3799 1582 3838 urna
1643 3795 1809 3838 aurea
1875 3781 2086 3836 habens

510 3893 734 3945 manna,
770 3891 982 3944 mensa,
1018 3875 1439 3931 tabernaculum
1481 3872 1750 3944 interius,
1777 3871 1959 3927 omnia
1988 3872 2088 3926 de-

510 3983 659 4023 mum
691 3983 816 4037 quae
862 3965 1063 4021 Sancta
1112 3974 1431 4020 sanctorum
1468 3963 1538 4018 ab
1579 3963 1698 4032 ipso
1736 3961 1848 4017 Deo
1897 3961 2088 4031 appel-

509 4059 620 4113 lata
659 4057 830 4115 sunt?
854 4056 1047 4112 Nonne
1078 4054 1391 4110 manufacta
1421 4053 1716 4109 Cherubim
1762 4052 2086 4123 angelorum

509 4159 666 4207 erant
691 4149 1000 4222 imagines?
1028 4147 1159 4219 quid
1209 4146 1277 4202 ad
1329 4147 1445 4202 haec
1477 4144 1821 4216 respondes?
1850 4141 2008 4209 Quod
2040 4140 2087 4196 si

509 4244 615 4298 ista
667 4243 924 4298 nominas
985 4241 1153 4303 idola,
1207 4239 1340 4310 quid
1417 4237 1713 4293 dicendum
1761 4249 1958 4290 censes
2019 4233 2089 4288 de

509 4335 691 4407 Moyse
748 4342 802 4390 et
857 4333 1069 4398 Israel,
1125 4332 1220 4402 qui
1273 4331 1389 4383 haec
1448 4323 1858 4382 adoraverunt?
1915 4323 2087 4394 Atqui

510 4425 762 4480 adoratio
811 4422 1036 4494 quidem
1080 4421 1312 4476 honoris
1347 4425 1736 4490 argumentum
1792 4424 1897 4473 est.
1931 4416 2086 4483 Quo-

2177 629 2196 662 ι
2243 626 2394 681 ρωσα
2415 624 2430 640 ο
2465 607 2546 662 ἔτι
2579 605 2685 679 μὴν
2716 605 2814 660 καὶ
2842 606 2941 677 τὴν
2977 603 3303 676 σύγκλητον,
3335 605 3430 657 καὶ
3455 603 3548 659 τὸν
3573 604 3762 676 δῆμον

2173 715 2194 750 ι
2248 697 2576 767 Ῥωμαίων,
2626 698 2694 767 τῇ
2737 695 2944 767 ἀρχαίᾳ
2976 694 3306 766 ἐπιφανείᾳ,
3351 695 3447 748 καὶ
3485 697 3554 766 τῇ
3609 696 3761 768 λαμ-

2174 809 2193 842 ι
2241 789 2478 860 πρὸτητι
2503 786 2902 860 ἐλευθερώσας,
2933 785 3381 857 ἀποκατέστησα.
3419 803 3439 838 ι

2183 945 2287 998 Ἐκ
2326 943 2438 1011 τῆς
2494 940 3011 1011 ἐκκλησιωτικῆς
3063 937 3360 1011 Ἱστορίας
3396 938 3749 1011 Σωκράτους

2237 1009 2486 1077 ,βιϐλίου
2521 1009 2755 1082 πρώτου
2775 1051 2790 1077 ,
2829 1013 3044 1082 κεφαλ.
3083 1016 3178 1077 ιη’,
3221 1010 3357 1079 περὶ
3399 1009 3508 1065 τοῦ
3551 1010 3754 1066 αὑτοῦ

2240 1082 2566 1150 βασιλέως.

2251 1226 2271 1260 ι
2308 1209 2462 1264 Μετὰ
2502 1207 2678 1263 ταῦτα
2725 1209 2782 1262 δὲ
2826 1212 2855 1262 ὁ
2885 1207 3141 1278 βασιλεὺς
3169 1208 3588 1269 Κωνσταντϊνος
3628 1209 3753 1260 ἑπιο

2178 1300 2506 1372 μελέστερος
2534 1300 2610 1354 ὣν
2640 1300 2709 1354 τὰ
2754 1300 2884 1371 περὶ
2931 1297 3386 1370 Χριστιανισμοῦ,
3416 1297 3757 1368 ἀπεστράφη

2175 1391 2274 1454 τὰς
2311 1388 2630 1460 Ἑλληνικὰς
2656 1390 2976 1461 θρησκείας,
3008 1390 3104 1444 καὶ
3127 1389 3292 1444 παύει
3321 1390 3387 1444 τὰ
3408 1390 3754 1462 μονομάχια·

2176 1481 2391 1545 εἰκόνας
2427 1481 2484 1536 δὲ
2511 1481 2612 1546 τὰς
2642 1481 2783 1546 ἰδίας
2811 1483 2871 1537 ὲν
2895 1483 3010 1546 τοῖς
3038 1483 3187 1546 ναοῖς
3216 1481 3470 1536 ἀπέθετο.
3513 1499 3535 1532 ι

2178 1697 2488 1768 Στεφάνου
2508 1697 2859 1768 Βοστρηνοῦ
2893 1696 3044 1753 κατὰ
3077 1697 3405 1762 Ἰουδαίων,
3431 1699 3651 1767 κεφαλ.
3683 1695 3757 1750 δ’.

2257 1851 2273 1882 ι
2317 1833 2506 1902 Ἡμεῖς
2533 1832 2630 1896 τὰς
2671 1832 2886 1896 εἰκόνας
2914 1831 3024 1886 τῶν
3057 1831 3230 1901 ἁγίων
3268 1833 3349 1894 εἰς
3389 1832 3612 1902 μνήμην
3644 1830 3761 1884 τῶν

2183 1923 2354 1990 ἁγίων
2389 1924 2729 1994 ἐποιήσαμεν
2749 1966 2764 1990 ,
2801 1918 2911 1978 οἷον
2953 1923 3204 1995 ’Δϐραὰμ
3227 1965 3242 1989 ,
3273 1922 3367 1976 καί⁸
3397 1921 3615 1987 Ἰσαὰκ,
3661 1922 3764 1975 καὶ

2193 2011 2390 2066 Ἰακὼϐ
2409 2053 2426 2078 ,
2467 2013 2562 2067 καὶ
2588 2015 2870 2080 Μωῦσέως
2893 2056 2907 2081 ,
2959 2015 3056 2071 καὶ
3115 2015 3302 2079 Ἠλία,
3334 2015 3430 2068 καὶ
3455 2013 3761 2086 Ζαχαρίου,

2181 2105 2277 2159 καὶ
2313 2106 2422 2159 τῶν
2479 2106 2684 2161 λοιπῶν
2735 2107 3032 2179 προφητῶν
3074 2108 3169 2161 καὶ
3214 2108 3386 2176 ἁγίων
3432 2105 3763 2177 μαρτύρων,

2180 2197 2290 2251 τῶν
2320 2199 2388 2252 δι’
2419 2199 2582 2254 αὐτὸν
2611 2200 3037 2272 ἀναιρεθέντων,
3080 2200 3170 2254 ἵνα
3198 2201 3307 2263 πᾶς
3333 2202 3362 2254 ό
3385 2199 3526 2271 ὁρῶν
3569 2199 3768 2252 αὐτῶν

2181 2291 2278 2355 τὰς
2300 2293 2534 2358 εἰκόνας,
2570 2292 2885 2366 μνημονεύῃ
2913 2291 3114 2357 αὐτῶν,
3144 2293 3242 2346 καὶ
3268 2291 3464 2363 δοξάξῃ
3489 2291 3581 2344 τὸν
3604 2289 3768 2359 δοξά-

2184 2401 2354 2437 σαντα
2387 2383 2606 2448 αὐτούς.
2647 2404 2666 2439 ›

2273 2605 2384 2660 Τοῦ
2425 2606 2632 2661 αὑτοῦ.
2676 2625 2694 2659 ι
2729 2606 2867 2678 Περὶ
2909 2606 2968 2661 δὲ
3017 2608 3244 2662 εἰκόνων
3290 2593 3769 2680 θαρροῦμεν,ῦτι

2184 2695 2293 2748 πᾶν
2345 2694 2508 2766 ἔργον
2535 2695 2821 2765 γινόμενον
2851 2697 2910 2749 ὲν
2952 2696 3179 2766 ὀνόματι
3223 2695 3398 2763 Θεοῦ,
3439 2695 3606 2750 καλὸν
3661 2697 3770 2752 καὶ

2183 2785 2338 2854 ἅγιόν
2364 2787 2501 2839 ἐστι.
2535 2787 2609 2839 Πε
2619 2787 2672 2858 pl.
2691 2786 2747 2840 δὲ
2769 2785 3004 2841 είδώλων
3028 2788 3122 2841 καὶ
3147 2787 3499 2859 ἀγαλμάτων.
3532 2788 3726 2857 ἄπαγε
3748 2805 3766 2821 ο

2185 2876 2331 2930 κακὰ
2359 2877 2468 2948 γὰρ
2495 2878 2589 2932 καὶ
2616 2878 2901 2952 ἀλλόκοτα,
2935 2879 3028 2932 καὶ
3058 2878 3221 2944 αὐτὰ,
3257 2879 3354 2933 καὶ
3387 2879 3440 2932 οἱ
3471 2878 3768 2944 ποιοῦντες

2183 2967 2342 3024 αὑτά.
2379 2969 2608 3037 Ἕτερον
2639 2969 2748 3040 γάρ
2781 2968 3127 3054 ἐστινᾋείκὼν
3151 2971 3306 3039 ἁγίου
3330 2973 3635 3044 προφήτου.
3664 2975 3770 3027 καὶ

2183 3061 2368 3130 ἕτερον
2421 3060 2642 3132 ἄγαλμα
2692 3061 2725 3132 ἢ
2774 3049 3217 3143 ξόανονΚρόνου
3269 3065 3366 3118 καὶ
3409 3065 3767 3137 Ἀφροδίτης,

2196 3150 2376 3203 Ἡλίου
2402 3168 2462 3204 τε
2497 3152 2592 3204 καὶ
2619 3151 2876 3222 Σελήνης.
2918 3153 3074 3205 Ἐπεὶ
3102 3152 3158 3206 δὲ
3192 3155 3288 3207 καὶ
3315 3153 3605 3225 ἄνθρωπος
3634 3155 3770 3210 κατ’

2187 3241 2370 3294 εἰκόνα
2384 3241 2517 3295 Θεοῦ
2547 3242 2761 3310 γέγονε,
2790 3245 3204 3312 προσκυνεῖται.
3234 3243 3292 3295 '0
3319 3243 3374 3296 δὲ
3395 3243 3540 3313 ὄφις,
3568 3243 3770 3314 ἐπειδὴ

2185 3329 2349 3384 εἰκών
2385 3332 2500 3384 ἐστι
2548 3331 2832 3395 διαϐόλου,
2866 3331 3176 3403 ἀκάθαρτός
3216 3333 3336 3387 ἐστι
3373 3333 3469 3387 καὶ
3515 3332 3771 3406 ἀπόϐλη-

2185 3437 2295 3485 τος.
2329 3421 2392 3475 Εί
2429 3421 2580 3475 δὲτὰ
2606 3424 2959 3494 χειροποίητα
2989 3423 3270 3495 ἀποϐάλλῃ
3292 3461 3308 3488 ,
3351 3424 3476 3478 είπὲ
3497 3465 3510 3490 ,
3543 3419 3591 3478 ὦ
3627 3424 3772 3479 Ἰου-

2187 3511 2323 3576 δαῖε,
2353 3513 2406 3566 τί
2431 3514 2580 3566 ἐστιν
2605 3513 2700 3566 ἐπὶ
2717 3514 2821 3584 γῆς
2843 3514 3256 3586 ἀχειροποίητον
3279 3515 3308 3568 ὃ
3333 3518 3770 3587 προσκυνεῖταις

2188 3599 2280 3671 Μὴ
2311 3601 2343 3671 ἡ
2371 3601 2603 3666 κιϐωτὸς
2636 3602 2730 3656 τοῦ
2757 3603 2892 3657 Θεοῦ
2923 3605 3305 3676 χειροποίητος
3329 3600 3438 3677 ἦν;
3478 3607 3542 3660 τδ
3575 3606 3775 3660 θυσια-

2191 3692 2414 3764 στήριον
2437 3733 2450 3756 ,
2481 3694 2577 3747 καὶ
2603 3694 2666 3748 τὸ
2700 3693 3014 3768 ἱλαστήριον
3037 3737 3054 3764 ,
3084 3697 3178 3751 καὶ
3214 3697 3283 3752 τὰ
3313 3697 3598 3769 Χερουϐὶμ
3619 3739 3636 3765 ,
3671 3701 3775 3753 καὶ

2189 3783 2222 3853 ἡ
2257 3782 2490 3852 στάμνος
2516 3785 2549 3854 ἡ
2583 3787 2782 3856 χρυσῆ,
2823 3786 2857 3856 ἡ
2891 3784 3092 3856 ἔχουσα
3115 3786 3178 3840 τὸ
3209 3787 3408 3857 μάννα,
3440 3788 3590 3858 καὶὴ
3626 3789 3773 3862 τρά-

2189 3869 2351 3938 πεζα,
2395 3872 2490 3926 καὶ
2521 3874 2554 3943 ή
2587 3873 2762 3944 σκηνὴ
2799 3875 2833 3944 ἡ
2876 3874 3152 3947 ὲσωτέρα,
3189 3875 3285 3930 καὶ
3315 3876 3495 3931 πάντα
3530 3877 3568 3932 ἃ
3596 3878 3777 3946 Ἅγια

2188 3965 2360 4034 ἁγίων
2389 3965 2700 4038 ἐκλήθησαν
2740 3967 2844 4022 ὑπὸ
2875 3968 2971 4022 τοῦ
3005 3968 3144 4024 Θεοῦ
3174 3988 3188 4038 ;
3225 3971 3340 4025 Οὐκ
3371 3966 3514 4043 ἦσαν
3548 3973 3618 4026 τὰ
3655 3973 3776 4028 Χε-

2193 4057 2392 4130 ρουϐὶμ
2437 4059 2812 4132 χειροποίητα,
2856 4061 3064 4127 εἰκόνες
3115 4063 3408 4133 ἀγγέλωνς
3455 4065 3511 4119 τί
3540 4065 3776 4135 λέγεις;

2188 4149 2252 4202 Εἰ
2293 4149 2485 4204 εἴδωλα
2527 4151 2820 4215 ἀποκαλεῖς
2861 4152 3035 4219 αὐτὰ,
3083 4153 3138 4208 τί
3188 4155 3368 4223 λέγεις
3418 4155 3499 4226 τῷ
3555 4157 3778 4231 Μωῦσῇ

2189 4243 2650 4313 προσκυνήσαντι,
2685 4243 2779 4298 καὶ
2802 4243 2881 4315 τῷ
2923 4245 3166 4317 Ἰσραήλ;
3196 4247 3306 4300 Καὶ
3329 4249 3363 4317 ή
3397 4247 3495 4317 μὲν
3516 4248 3778 4318 προσκύ-

2189 4350 2362 4404 νησις,
2386 4334 2551 4405 τιμῆς
2575 4336 2691 4389 ἐστι
2713 4335 3002 4407 σύμϐολον.
3035 4336 3236 4400 Καθὼς
3265 4338 3363 4391 καὶ
3395 4339 3426 4409 ή
3436 4339 3556 4408 μείς
3587 4339 3781 4412 ἁμαρ-

2186 4425 2346 4480 τωλοὶ
2375 4427 2810 4499 προσκυνοῦμεν,
2847 4427 2940 4483 τὸν
2971 4428 3072 4500 μὲν
3107 4428 3260 4495 Θεὸν,
3294 4429 3431 4484 κατά
3453 4431 3551 4502 τὴν
3577 4432 3781 4504 Gaiae-ip

511 4519 662 4573 circa
691 4529 794 4569 nos
824 4528 1044 4584 quoque
1078 4517 1420 4582 peccatores,
1475 4507 1644 4563 Deum
1690 4506 1915 4577 quidem
1950 4505 2083 4560 ado-

2191 4515 2445 4587 λατρείαν
2502 4519 2597 4572 καὶ
2633 4517 2792 4582 ἀξίαν
2859 4518 3232 4590 προσκύνησιν
3277 4520 3573 4592 δοξάζομεν
3595 4561 3612 4588 ,
3671 4523 3780 4578 καὶ

510 4619 699 4663 ramus
759 4605 970 4670 divino,
1028 4603 1123 4673 qui
1207 4601 1314 4671 ipsi
1373 4598 1626 4662 debetur,
1670 4598 1846 4651 latriae
1903 4597 2082 4664 cultu,

509 4702 800 4770 ipsumque
830 4712 928 4753 ceu
961 4703 1267 4752 creatorem
1301 4699 1357 4748 et
1387 4689 1694 4746 beneﬁcum
1723 4703 2040 4745 reveremur
2067 4705 2081 4742 :

512 4790 735 4862 angelos
763 4803 915 4854 vero,
949 4786 1156 4856 Deique
1196 4782 1456 4849 famulos,
1509 4781 1578 4836 ad
1633 4780 1725 4835 Dei
1767 4781 1942 4850 ipsius
1971 4781 2088 4852 glo-

510 4883 676 4946 riam,
715 4890 977 4950 tanquam
1011 4891 1102 4932 res
1136 4890 1166 4929 a
1198 4873 1307 4929 Deo
1361 4871 1633 4937 conditas,
1688 4871 1848 4942 eique
1895 4871 2084 4942 subje-

510 4980 650 5028 ctas.
690 4969 876 5039 Imago
933 4965 1204 5037 siquidem
1254 4972 1338 5020 est
1401 4976 1600 5018 nomen
1659 4961 2082 5032 similitudoque

511 5065 659 5120 illius
692 5061 788 5133 qui
821 5061 876 5114 in
904 5059 1018 5129 ipsa
1047 5057 1297 5126 depictus
1330 5065 1435 5110 est.
1464 5052 1829 5120 Quamobrem
1863 5051 2076 5108 Domini

513 5162 946 5221 sanctorumque
973 5149 1366 5219 prophetarum
1413 5143 1718 5207 cruciatus,
1749 5142 1843 5212 qui
1871 5141 1926 5195 in
1963 5142 2082 5212 lege

513 5256 568 5303 ct
624 5243 930 5318 Evangeliis
988 5237 1251 5309 descripti
1301 5243 1453 5302 sunt,
1512 5243 1628 5290 tum
1691 5247 1789 5302 per
1841 5232 2082 5299 litteras,

512 5347 630 5394 tum
677 5355 775 5410 per
829 5335 1129 5406 imaginum
1187 5329 1595 5402 expressiones,
1648 5325 1706 5382 in
1757 5323 2080 5380 memoriam

515 5445 732 5502 semper
758 5441 1104 5488 revocamus.
1134 5443 1156 5478 ι

2184 4609 2463 4681 τρέμομεν
2509 4609 2586 4674 ὡς
2625 4609 2855 4682 ποιητὴν
2893 4611 2988 4665 καὶ
3030 4611 3266 4684 χορηγὸν
3305 4613 3500 4683 ἡμῶν·
3544 4612 3680 4676 τοὺς
3714 4613 3778 4669 δὲ

2185 4700 2455 4768 ἀγγέλους
2499 4701 2859 4776 καὶγδούλους
2901 4702 2997 4756 τοῦ
3044 4703 3182 4756 Θεοῦ
3237 4703 3380 4757 κατά
3448 4703 3620 4774 τιμὴν
3668 4703 3774 4757 τοῦ

2183 4791 2318 4844 Θεοῦ
2346 4830 2363 4856 ,
2412 4792 2488 4854 ὡς
2544 4792 2830 4862 ποιήματα
2871 4792 2968 4846 τοῦ
3001 4791 3138 4846 Θεοῦ
3179 4795 3274 4847 καὶ
3315 4791 3537 4856 δούλους
3571 4793 3773 4849 αὐτοῦ.

2183 4885 2362 4940 Είκὼν
2404 4883 2514 4957 γάρ
2560 4886 2710 4939 ἐστιν
2749 4884 2923 4956 ὄνομα
2972 4885 3069 4939 καὶ
3106 4885 3366 4956 ὁμοίωσις
3389 4883 3486 4938 τοῦ
3525 4887 3587 4940 ὲν
3621 4885 3773 4959 αὐτῇ

2185 4977 2504 5049 γραφέντος.
2537 4977 2629 5031 Διὸ
2660 4981 2754 5032 καὶ
2785 4977 3080 5050 γράμμασι.
3120 4978 3216 5031 καὶ
3269 4977 3624 5048 χαράγμασιν
3677 4979 3775 5033 ἀεὶ

2189 5067 2601 5140 μνημονεύομεν
2629 5068 2738 5123 τῶν
2765 5069 2861 5123 τοῦ
2897 5070 3102 5140 Κυρίου
3137 5067 3501 5140 παθημάτων,
3527 5070 3626 5122 καὶ
3653 5069 3775 5126 τῶν

2187 5157 2358 5226 ἁγίων
2411 5159 2708 5230 προφητῶν
2730 5197 2746 5225 ,
2792 5158 2902 5214 τῶν
2947 5161 3006 5213 ὲν
3057 5158 3208 5230 νόμῳ
3263 5158 3361 5214 καὶ
3405 5158 3776 5228 Εὐαγγελίοις

2186 5252 2604 5324 γεγραμμένων.
2647 5269 2667 5306 ι

2029 5602 2260 5659 NOT/E.

519 5723 711 5855 “(1:0)
771 5720 998 5780 Deorum
1053 5721 1283 5795 utique,
1336 5723 1453 5781 sive
1502 5723 1803 5790 idolorum;

595 5813 627 5854 n
660 5835 676 5852 .

595 5813 676 5854 ιιι.

1895 5729 1954 5778 ut
2006 5737 2116 5780 non
2186 5721 2330 5779 male
2385 5717 2920 5792 ChristOphorsonus
2982 5725 3036 5775 et
3104 5714 3357 5773 Valesius
3413 5711 3768 5786 interpretati
