3986 6346
290 292 429 359 1381

1396 289 1494 352 DE
1526 281 1988 349 IMAGINIBUS
2016 282 2299 343 ORATIO
2340 282 2454 342 IlI.

3412 282 3547 350 1382

285 384 398 461 Ἐκ
424 422 529 461 του
551 402 879 474 μαρτυρίου
902 399 1007 454 τοῦ
1030 402 1202 474 ἁγίου
1228 400 1586 465 Εηὺσταθίου,
1624 399 1729 454 τοῦ
1769 398 1865 451 καὶ

2066 391 2147 445 Ea:
2178 392 2434 461 martyrio
2466 390 2634 444 sancti
2667 388 2955 456 Eustathii,
2981 389 3069 458 qui
3096 400 3143 445 et
3180 389 3450 454 Placidus.

924 469 1216 525 Πλακίδα.

366 580 387 618 t
443 562 779 630 Ἐξελθόντος
815 560 980 616 αὐτοῦ
1014 564 1071 617 ἐν
1108 564 1208 634 μιᾷ
1236 562 1421 634 ήμέρᾳ
1462 562 1604 617 κατὰ
1653 561 1714 616 τὸ
1744 561 1867 614 σύν-

285 656 421 729 ηθες
483 654 574 709 ἐπὶ
607 651 677 707 τά
730 653 832 726 ὅρη
866 653 1131 726 θηρεῦσαι
1182 654 1320 726 μετά
1349 653 1442 707 τοῦ
1475 653 1864 726 στρατοπέδου,

286 749 387 803 καὶ
418 746 598 818 πάσης
619 746 719 816 τῆς
742 744 1057 817 θεραπείας,
1091 745 1246 817 ὤφθη
1270 745 1418 818 αὐτῷ
1453 746 1623 820 ἀγέλη
1652 746 1868 816 ἐλάφων

288 839 621 911 βοσκομένη.
649 839 757 891 Καὶ
772 838 1069 908 διαστήσας
1084 837 1226 891 κατά
1251 837 1313 892 τὸ
1340 837 1570 909 σύνηθες
1589 838 1682 891 τὸν
1703 854 1868 908 στρα-

284 930 400 996 τὸν,
433 930 669 983 ἐποιεῖτο
696 928 799 998 τὴν
843 927 962 982 κατ’
993 927 1172 981 αὐτῶν
1207 925 1410 993 δίωξιν.
1456 924 1665 990 Παντὸς
1690 924 1745 979 δὲ
1773 927 1866 981 τοῦ

289 1018 525 1090 στρατοῦ
553 1018 645 1071 ἐπὶ
670 1017 769 1089 τήν
790 1017 1052 1088 σύλληψιν
1079 1018 1477 1089 ἀσχολουμένου
1502 1018 1611 1071 τῶν
1632 1017 1865 1086 ἐλάφων,

286 1113 315 1165 6
345 1109 893 1183 ὑπερμεγεθέστατος
922 1108 1102 1181 πάσης
1132 1111 1230 1181 τῆς
1286 1110 1508 1181 ἀγέλης,
1542 1110 1636 1165 καὶ
1665 1110 1869 1164 εὐειδέ-

286 1220 506 1268 στατος,
537 1202 913 1266 ἀποσπασθεὶς
962 1201 1061 1272 τῆς
1094 1201 1320 1273 ἀγέλης,
1351 1203 1580 1274 ὥρμησε
1605 1201 1745 1257 κατὰ
1776 1200 1868 1255 τοῦ

283 1293 497 1366 δρυμοῦ
532 1294 722 1357 ἐντοῖς
752 1292 1067 1363 δασυτέροις
1094 1293 1279 1357 τόποις
1310 1294 1408 1363 τῆς
1438 1293 1590 1365 ὕλης,
1632 1294 1728 1347 καὶ
1749 1294 1872 1347 δυσ-

284 1385 480 1448 ϐάτοις
523 1382 763 1455 χωρίοις.
830 1385 927 1436 Ὃν
976 1383 1313 1454 θεασάμενος
1351 1384 1380 1436 6
1427 1383 1720 1451 Πλακίδας,
1776 1390 1871 1440 καὶ

282 1474 643 1545 ἐπιθυμήσας
666 1473 1052 1527 συλλαϐεἶσθαι
1084 1473 1267 1537 αὐτὸν,
1300 1475 1615 1529 καταλιπὼν
1640 1477 1872 1545 πάντας,

285 1566 411 1634 μετ’
434 1561 629 1630 ὀλίγων
668 1561 1018 1632 στρατιωτῶν
1061 1563 1388 1618 κατεδίωκεν
1424 1566 1605 1620 αὐτόν.
1657 1567 1874 1637 Ἀτονη-

285 1657 503 1708 σάντων
532 1653 590 1706 δὲ
639 1652 752 1706 τῶν
809 1653 1101 1717 συνόντων,
1135 1654 1298 1724 μόνος
1338 1655 1770 1728 προσεκαρτέρει
1802 1658 1867 1727 τῇ

2044 563 2061 598 ι
2099 544 2233 599 Cum
2277 544 2367 600 die
2420 542 2654 613 quodam
2689 580 2704 605 ,
2763 541 2829 596 de
2875 549 3140 596 consueto
3190 556 3365 606 more,
3418 558 3543 598 eum

1967 637 2216 692 exercitu
2289 634 2658 704 universaque
2706 631 3036 686 famulorum
3088 641 3235 687 coetu
3289 644 3545 690 venatum

1967 727 2221 793 exiisset,
2285 741 2577 781 cervorum
2632 724 2974 795 pascentium
3024 725 3376 794 conspicatus
3427 741 3550 797 gre-

1968 836 2112 892 gem,
2143 820 2395 876 exercitu
2429 820 2480 871 in
2518 826 2631 873 tres
2664 825 2870 889 partes,
2905 816 2984 871 uti
3018 817 3252 883 solebat,
3282 818 3549 873 distribu-

1971 921 2050 979 to,
2078 927 2176 969 eos
2204 910 2604 967 insectabatur.
2636 908 2708 963 At
2737 922 2860 964 cum
2896 908 3009 963 illis
3046 907 3329 978 capiendis
3368 908 3551 964 inten-

1970 1014 2058 1059 tus
2085 1011 2233 1058 esset
2253 1002 2553 1066 exercitus,
2589 1000 2681 1054 ille
2716 1000 2811 1069 qui
2854 999 2909 1053 in
2956 999 3271 1055 universum
3303 1014 3547 1071 gregem,

1971 1104 2088 1149 tum
2138 1093 2491 1164 proceritate,
2551 1100 2664 1145 tum
2716 1089 2895 1145 forma
2930 1089 3227 1154 eminebat,
3259 1106 3288 1144 a
3320 1091 3549 1160 reliquis

1970 1186 2279 1251 discedens,
2313 1201 2410 1257 per
2440 1185 2773 1241 densissima
2827 1184 2980 1239 silva:
3015 1190 3402 1256 praeruptaque
3427 1185 3575 1240 loca~

1972 1280 2027 1334 in
2059 1295 2255 1335 nemus
2281 1278 2538 1349 prosiliit.
2576 1276 2734 1333 Hunc
2767 1275 3016 1332 Placidas
3058 1278 3364 1343 contuitus,
3395 1278 3548 1348 ejus-

1972 1388 2078 1442 que
2137 1370 2642 1441 compreliendendi
2706 1369 2985 1424 desiderio
3042 1383 3355 1437 accensus,
3419 1383 3549 1424 cum

1972 1463 2237 1519 militibus
2262 1462 2478 1532 paucis,
2517 1461 2736 1516 caeteris
2768 1460 3027 1514 omnibus
3056 1460 3287 1525 relictis,
3331 1461 3550 1517 insecu-

1975 1562 2063 1610 tus
2089 1561 2195 1609 est.
2222 1551 2342 1607 Jam
2366 1550 2501 1607 socii
2519 1548 2903 1607 deficientibus
2928 1548 3138 1604 viribus
3159 1549 3547 1616 constiterant,

1975 1660 2099 1701 eum
2127 1645 2283 1701 solus
2314 1644 2434 1715 ipse
2473 1640 2854 1713 persequendo
2889 1648 3292 1711 perseveraret,
3329 1641 3549 1697 divina-

281 1744 488 1810 διώξει,
516 1743 657 1798 κατὰ
688 1742 1019 1815 πρόνοιανδέ
1044 1743 1200 1808 Θεοῦ,
1232 1745 1371 1816 μήτε
1390 1745 1486 1798 τοῦ
1508 1746 1675 1800 ἵππου
1703 1746 1867 1800 αὐτοῦ
1900 1731 1943 1786 Β
1972 1752 2079 1808 que
2139 1735 2341 1791 Γθειιιῐη
2396 1732 2741 1805 ριονὶἀθιιιὶίι
2792 1741 2898 1797 εει,
2948 1739 3008 1785 ιιι
3054 1746 3156 1787 nec
3194 1747 3369 1801 equus
3392 1772 3407 1799 ν
3446 1746 3550 1788 nec

282 1836 670 1905 ἀτονήσαντος,
705 1835 841 1906 μήτε
871 1834 1037 1888 αὐτοῦ
1088 1836 1224 1907 πρὸς
1274 1835 1374 1908 τὴν
1424 1836 1744 1910 δυσχέρειαν
1773 1838 1867 1893 τοῦ

282 1928 455 1981 τόπου
486 1927 924 1998 ἀποκνήσαντος,
956 1928 1050 1980 ἐπὶ
1083 1928 1220 1981 πολὺ
1248 1928 1621 1999 καταδιώκων,
1649 1933 1867 2003 μακράν

282 2018 492 2089 εὑρέθη
522 2017 616 2071 τοῦ
643 2019 1008 2090 στρατοπέδου
1039 2019 1226 2075 αὐτοῦ.
1258 2021 1316 2074 '0
1342 2021 1398 2074 δὲ
1423 2020 1620 2092 ἔλαφος
1649 2022 1867 2093 ἔφευγε,

282 2110 497 2174 ἐκεῖνος
530 2110 587 2164 δὲ
637 2108 975 2181 παραλαϐὼν
1008 2109 1320 2182 ἀκρώρειαν
1364 2110 1591 2183 πέτρας,
1643 2112 1869 2184 μηδενὸς

286 2201 545 2265 συνόντος
577 2201 745 2272 αὐτῷ,
778 2200 907 2272 ἔστη
939 2201 1291 2271 περισκοπῶν
1329 2202 1624 2269 πάντοθεν,
1649 2204 1746 2258 καὶ
1779 2205 1868 2256 iv-

285 2293 429 2346 νοῶν
463 2292 599 2362 ποίῳ
630 2294 817 2364 τρόπῳ
845 2290 1080 2363 λάϐηται
1099 2294 1197 2364 τῆς
1240 2292 1441 2363 ἐλάφου
1464 2310 1477 2324 ·
1515 2292 1628 2347 ἀλλ’
1670 2296 1700 2347 6
1736 2294 1869 2349 πάν-

287 2401 456 2453 σοφος
494 2384 590 2436 καὶ
618 2385 919 2455 οἰκτίρμων
938 2383 1089 2450 Θεὸς,
1122 2386 1151 2438 6
1181 2385 1442 2448 παντοίας
1473 2385 1625 2447 ὁδοὺς
1654 2385 1747 2437 ἐπὶ
1769 2401 1872 2438 σω-

282 2475 458 2546 τηρίᾳ
481 2476 591 2529 τῶν
618 2475 921 2546 ἀνθρώπων
944 2475 1239 2547 ἐπινοήσας
1257 2515 1272 2541 ,
1306 2476 1651 2547 άντιθηρεύει
1683 2477 1871 2531 τοῦτον

284 2568 346 2620 ἐν
367 2568 437 2638 τῇ
468 2566 610 2638 θήρᾳ
632 2582 646 2599 ο
681 2567 778 2637 οὐχ
805 2566 878 2632 ώς
913 2567 1213 2638 Κορνήλιον
1243 2568 1334 2622 διὰ
1365 2568 1595 2639 Πέτρου,
1633 2568 1748 2621 ἀλλ’
1796 2569 1872 2632 ὼς

287 2657 506 2711 Παῦλον
527 2655 813 2720 διώκοντα,
831 2657 920 2711 διά
936 2658 1035 2726 τῆς
1058 2657 1191 2721 ἰδίας
1215 2657 1558 2727 ἐπιφανείας.
1593 2658 1717 2711 Ἐπὶ
1737 2658 1870 2712 πολὺ

287 2751 346 2802 δὲ
374 2750 611 2812 ἑστῶτος
637 2749 731 2803 τοῦ
761 2750 1025 2816 Πλακίδα,
1057 2750 1154 2804 καὶ
1183 2751 1523 2815 ἀτενίζοντος
1556 2750 1656 2822 μὲν
1682 2752 1762 2815 εἰς
1782 2750 1872 2805 τὸν

286 2842 507 2911 ἔλαφον,
534 2839 907 2911 θαυμάζοντος
946 2839 1002 2893 δὲ
1035 2840 1200 2895 αὐτοῦ
1234 2840 1295 2894 τὸ
1330 2840 1582 2911 μέγεθος,
1612 2840 1707 2894 καὶ
1730 2840 1874 2911 ἀμη-

288 2933 582 3007 χανοῦντος
612 2933 741 3003 περ)⁸
768 2932 868 3003 τὴν
894 2932 1176 3003 σύλληψιν,
1208 2931 1449 2986 δείκνυσι
1479 2933 1684 3003 Κύριος
1711 2932 1874 3003 τερά-

289 3028 443 3083 στιόν
472 3045 525 3081 τι
558 3025 819 3091 τοιοῦτον,
851 3026 953 3080 οὐκ
981 3025 1228 3089 ἀπεικὸς,
1255 3024 1376 3079 οὐδὲ
1403 3025 1732 3096 ύπερὸαἴνον
1771 3025 1873 3096 τῆς

290 3117 461 3174 αὑτοῦ
484 3117 769 3188 δυνάμεως
794 3116 857 3172 τὸ
900 3117 1131 3187 μέγεθος
1157 3131 1172 3146 ⁶
1228 3115 1345 3171 ἀλλ’
1388 3115 1576 3188 ὥσπερ
1630 3116 1723 3167 ἐπὶ
1775 3115 1869 3168 τοῦ

288 3208 527 3279 Βαλαὰμ
547 3208 705 3278 λόγον
732 3206 907 3272 ἐνθεὶς
940 3209 1007 3278 τῇ
1041 3207 1169 3278 δνῳ,
1201 3206 1426 3279 ’ήλεγξεν
1448 3207 1612 3262 αὐτοῦ
1638 3206 1737 3279 τὴν
1759 3207 1874 3261 διά-

289 3315 469 3363 νοιαν,
503 3296 646 3351 οῦτω
702 3296 798 3351 καὶ
842 3295 1074 3350 ἐνταῦθα
1120 3296 1358 3351 δείκνυσι
1384 3299 1579 3366 τούτῳ.
1618 3296 1744 3350 Ἐπὶ
1774 3296 1873 3367 μὲν

289 3389 543 3462 κεράτων
565 3386 661 3442 τοῦ
701 3386 904 3457 ἐλάφου
947 3386 1041 3440 τὸν
1084 3386 1255 3440 τύπον
1283 3386 1378 3440 τοῦ
1418 3387 1575 3455 ἁγίου
1611 3386 1869 3459 σταυροῦ,

291 3480 436 3551 ὑπὲρ
470 3479 570 3550 τήν
602 3478 963 3550 λαμπρότητα
981 3476 1076 3533 τοῦ
1111 3477 1262 3548 ήλίου
1293 3476 1600 3546 λάμποντα,
1627 3478 1791 3548 μέσον
1815 3478 1872 3532 δὲ

288 3572 398 3627 τῶν
425 3571 677 3641 κεράτων
701 3569 798 3642 τήν
822 3571 1007 3625 εἰκόνα
1054 3569 1149 3622 τοῦ
1182 3568 1443 3640 θεοφόρου
1499 3566 1771 3640 σώματος,
1809 3563 1872 3624 οῦ

287 3662 377 3715 διὰ
413 3662 520 3730 τὴν
562 3660 839 3731 ἡμετέραν
873 3658 1148 3730 σωτηρίαν
1193 3658 1486 3713 ἀναλαόεἶν
1526 3659 1870 3726 κατεδέξατο,

292 3753 385 3807 καὶ
412 3751 605 3823 φωνὴν
632 3750 979 3823 ἀνθρωπίνην
1008 3749 1183 3814 ἐνθεὶς
1219 3753 1286 3821 τῇ
1313 3751 1521 3822 ἐλάφῳ,
1544 3750 1873 3823 προσκαλεί-

287 3862 378 3899 ται
404 3843 506 3897 τὸν
544 3842 813 3897 Πλακίδαν
832 3882 848 3909 ,
908 3840 1110 3911 λέγων’
1139 3837 1210 3894 Ὠ
1238 3843 1511 3906 Πλακίδα,
1539 3843 1593 3897 τί
1651 3861 1718 3916 με
1747 3844 1872 3899 διώ-

291 3953 449 4003 κεις;
487 3934 596 3987 ἰδοὺ
631 3933 814 3987 ἕνεκέν
841 3951 933 3987 σου
967 3934 1172 4004 παρῆν,
1208 3934 1303 3987 καὶ
1331 3936 1389 3987 ἐν
1430 3933 1508 4005 τῷ
1542 3934 1667 4006 ζώω
1697 3936 1873 4008 τούτῳ

294 4027 486 4097 ὤφθην
520 4042 622 4080 σοι,
662 4023 803 4094 Ἐγώ
841 4025 958 4095 είμι
1001 4024 1209 4096 Ἰησοῦς
1241 4026 1269 4077 ό
1297 4026 1551 4097 Χριστὸς,
1586 4026 1645 4079 ὃν
1664 4028 1873 4097 ἀγνοῶν

298 4119 451 4189 σέϐῃ.
482 4118 550 4171 Ai
580 4116 688 4188 γὰρ
720 4116 960 4171 εὐποιίαι
980 4132 1098 4183 σου,
1119 4117 1186 4180 ἃς
1222 4116 1285 4170 σὺ
1310 4120 1485 4182 ποιεῖς
1510 4120 1590 4183 εἰς
1622 4120 1747 4183 τοὺς
1766 4121 1876 4175 δεο⁴

298 4209 516 4279 μένους,
549 4208 901 4279 παρέστησαν
934 4206 1163 4261 ἐνώπιόν
1197 4226 1335 4279 μου,
1373 4210 1465 4263 καὶ
1488 4206 1651 4281 ἦλθον
1696 4212 1874 4283 ἐμφα-

297 4298 443 4353 νίσαι
479 4313 566 4351 σοι
603 4295 839 4366 ἐμαυτὸν
868 4294 956 4348 διὰ
994 4294 1089 4349 τοῦ
1113 4296 1311 4366 ἐλάφου
1342 4296 1555 4363 τούτου,
1579 4297 1673 4350 καὶ
1720 4299 1873 4351 ἀντι-

297 4388 583 4462 ζωγρῆσαί
614 4404 697 4453 σε,
745 4387 839 4441 καὶ
891 4389 1108 4459 συσχεῖν
1133 4389 1246 4451 τοῖς
1282 4387 1519 4452 δικτύοις
1545 4388 1643 4460 τῆς
1681 4390 1869 4460 φιλαν-
1895 4422 1946 4482 D

299 4480 548 4552 θρωπίας
599 4496 723 4548 μου.
754 4479 827 4533 Ού
862 4479 966 4550 γάρ
997 4480 1114 4534 ἐστι
1150 4480 1379 4545 δίκαιον,
1428 4481 1521 4535 τὸν
1549 4482 1673 4553 ἐμοὶ
1702 4499 1871 4555 προσ-

301 4572 430 4643 φιλῆ
473 4571 564 4626 διὰ
614 4570 725 4624 τῶν
774 4570 996 4639 ἀγαθῶν
1046 4570 1246 4642 ἔργων,
1300 4570 1571 4626 δουλεύειν
1623 4572 1874 4644 δαίμοσιν

302 4660 635 4732 ἀκαθάρτοις
662 4660 757 4714 καὶ
780 4659 1019 4724 εἰδώλοις
1042 4663 1254 4731 νεκροῖς
1278 4661 1375 4715 καὶ
1396 4664 1617 4732 κωφοῖς.
1644 4664 1744 4717 Διὰ
1766 4665 1875 4736 γάρ

301 4747 459 4804 τοῦτο
484 4748 650 4823 ἦλθον
681 4753 775 4805 ἐπὶ
801 4751 904 4821 γῆς
933 4755 991 4806 ἐν
1021 4751 1099 4823 τῷ
1125 4751 1256 4806 εῖδει
1284 4755 1478 4825 τούτῳ,
1519 4749 1563 4824 ᾧ
1592 4755 1685 4812 νῦν
1719 4759 1873 4830 ὁρᾷς,

307 4843 475 4899 σῶσαι
504 4845 676 4901 θέλων
708 4847 770 4901 τὸ
796 4845 905 4901 τῶν
928 4846 1232 4917 ἀνθρώπων
1272 4849 1446 4917 γένος.
1497 4869 1516 4902 ι
1580 4842 1592 4853 ’

262 5170 265 5173 _
310 5099 423 5160 Τοῦ
444 5105 619 5178 ἁγίου
639 5108 924 5181 Λεοντίου
946 5111 1305 5181 Νεαξτόλεως
1328 5108 1437 5178 τῆς
1459 5111 1740 5179 Κυπρίων
1769 5114 1867 5181 r7}-

585 5192 723 5245 σου,
752 5179 897 5244 πρὸς
944 5179 1292 5247 Ἰουδαίους,
1318 5187 1360 5233 ε’
1388 5182 1594 5251 λόγου.

382 5280 402 5316 σ
445 5265 582 5339 Φέρε
630 5266 694 5338 δὴ
745 5268 949 5333 λοιπὸν,
992 5271 1130 5341 φέρε
1165 5273 1483 5344 προθύμως,
1518 5277 1612 5330 καὶ
1649 5277 1746 5350 τὴν
1778 5279 1875 5350 τῆς

310 5353 666 5422 ἐκτυπώσεως
690 5361 797 5413 τῶν
822 5363 1032 5416 σεπτῶν
1059 5366 1284 5419 εἰκόνων
1307 5368 1602 5438 ἀπολογίαν
1638 5373 1876 5443 ποιησώ-

313 5445 470 5513 μεθα,
500 5449 646 5513 ὅπως
681 5452 1039 5523 ἐμφρασθῶσι
1086 5456 1328 5526 στόματα
1371 5458 1607 5531 ἀνόμων,
1650 5461 1874 5515 λαλούν-

312 5548 418 5589 των
464 5536 649 5593 άδικα·
685 5542 882 5614 νομικὴ
920 5544 1028 5616 γάρ
1058 5546 1195 5618 α’ύτη
1234 5549 1266 5618 ή
1297 5550 1613 5619 παράδοσις,
1646 5553 1739 5607 καὶ
1776 5555 1873 5625 ούχ

384 5660 428 5693 ⁸⁸
447 5674 609 5733 Num.
639 5694 770 5747 χχιι,
804 5681 892 5737 Ξ8.

1970 1830 2205 1899 ipsemet
2241 1827 2538 1897 asperitate
2572 1824 2817 1879 locorum
2860 1821 3216 1889 fatiscerent;
3247 1830 3301 1877 et
3326 1837 3549 1877 cervum

1972 1920 2183 1976 diutius
2200 1918 2540 1989 adurgendo,
2572 1914 2762 1987 procul
2794 1930 2854 1969 se
2883 1915 2950 1970 ab
2979 1916 3225 1971 exercitu
3250 1914 3551 1972 recessisse

1972 2011 2134 2083 373
2189 2009 2595 2065 animadvertit.
2651 2006 2823 2062 Porro
2871 2005 3115 2077 fugiente
3175 2020 3363 2071 cervo,
3419 2020 3547 2061 eum

1972 2103 2160 2158 nullus
2187 2101 2451 2157 comitum
2497 2099 2738 2165 adesset,
2769 2105 2940 2168 petra:
2977 2097 3240 2152 verticem
3284 2111 3551 2152 conscen-

1972 2195 2072 2260 dit,
2128 2204 2243 2250 tum
2282 2192 2768 2262 circumaspicere,
2802 2204 3103 2260 secumque
3148 2189 3412 2260 cogitare,
3438 2203 3549 2259 quo

1970 2286 2192 2343 tandem
2225 2292 2384 2355 pacto
2422 2283 2660 2353 pratdam
2695 2292 3052 2350 assequatur.
3089 2280 3159 2335 At
3199 2280 3550 2352 sapientissi-

1972 2394 2098 2434 mus
2146 2376 2722 2443 elementissimusqne
2762 2370 2937 2437 Deus,
2972 2371 3066 2441 qui
3097 2371 3277 2426 nullas
3315 2387 3425 2425 non
3455 2387 3549 2426 ex-

1973 2468 2177 2540 cogitat
2224 2470 2361 2533 vias,
2398 2454 2602 2536 quibus
2643 2462 2708 2518 ad
2757 2464 2993 2518 salutem
3039 2460 3294 2517 homines
3345 2462 3549 2525 ducat,

1974 2560 2123 2615 hunc
2174 2559 2229 2613 in
2282 2558 2516 2627 ipsumet
2565 2554 2859 2610 venatione
2915 2559 3148 2606 venatur
3195 2570 3208 2607 :
3251 2566 3360 2606 non
3404 2550 3551 2606 Petri

1974 2665 2169 2722 opera;
2203 2658 2265 2704 ut
2311 2650 2441 2703 olim
2479 2647 2823 2712 Cornelium,
2853 2646 3030 2716 magis
3066 2652 3249 2699 autem
3290 2644 3372 2698 uti
3419 2658 3550 2713 per-

1975 2749 2281 2798 secutorem
2308 2738 2561 2803 Paulum,
2590 2738 2806 2809 objecta
2832 2753 2931 2793 sua
2966 2736 3173 2807 specie.
3205 2733 3393 2804 Itaque
3420 2750 3553 2790 con-

1975 2834 2188 2888 sistenti
2222 2832 2313 2886 diu
2341 2831 2595 2896 Placidat,
2620 2833 2881 2900 cervique
2910 2827 3295 2899 proceritatem
3324 2827 3552 2884 intentis

1974 2923 2151 2979 oculis
2183 2921 2497 2986 demiranti,
2534 2935 2658 2976 cum
2695 2919 2845 2976 illius
2880 2917 3134 2988 capiendi
3169 2918 3319 2972 nulla
3344 2920 3430 2973 via
3454 2932 3552 2973 oc-

1976 3024 2244 3081 curreret,
2301 3011 2579 3083 ejusmodi
2641 3018 2959 3082 portentum
3023 3010 3285 3065 Dominus
3357 3008 3551 3075 edidit,

1973 3104 2118 3176 quod
2146 3104 2367 3175 quidem
2402 3103 2537 3157 nilnil
2566 3103 2820 3159 absimile
2848 3102 2961 3158 veri
2983 3112 3086 3169 est,
3120 3116 3221 3157 nec
3252 3100 3425 3171 ipsius
3451 3115 3552 3171 po-

1972 3198 2157 3254 tentiae
2188 3196 2624 3267 magnitudinem
2663 3195 2898 3251 excedit.
2935 3193 3065 3261 Sed,
3088 3194 3552 3265 quemadmodum

1973 3287 2146 3344 asina:
2177 3287 2396 3341 Balaam
2451 3286 2706 3355 loquendi
2762 3286 2934 3341 indita
2966 3284 3226 3340 facultate
3264 3285 3333 3353 ⁸⁸,
3361 3299 3427 3340 ea
3458 3298 3553 3338 ar-

1972 3382 2110 3453 guit,
2146 3395 2265 3450 qua:
2296 3387 2451 3434 vates
2482 3379 2667 3433 animo
2698 3379 2976 3443 versabat,
3009 3377 3303 3433 consimile
3342 3377 3551 3448 aliquid

1974 3481 2107 3526 tunc
2133 3471 2295 3524 etiam
2322 3467 2400 3523 illi
2441 3469 2789 3524 monstravit.
2814 3467 2871 3522 ln
2895 3468 3040 3523 cervi
3066 3469 3327 3525 cornibus
3347 3478 3552 3526 saneta:

1974 3561 2155 3616 crucis
2191 3559 2311 3629 ipso
2342 3558 2457 3615 sole
2485 3557 2645 3628 longe
2672 3557 3059 3628 fulgentiorem
3101 3558 3355 3629 figuram,
3386 3569 3550 3631 atque

1974 3653 2117 3707 inter
2145 3665 2353 3705 cornua
2384 3648 2555 3704 divini
2597 3649 2683 3704 sui
2719 3648 2998 3718 corporis,
3045 3651 3193 3720 quod
3226 3665 3326 3720 pro
3359 3660 3550 3708 nostra

1974 3743 2153 3799 salute
2184 3756 2407 3797 sumere
2452 3738 2713 3809 dignatus
2744 3745 2849 3805 est,
2892 3738 3120 3811 elligiem
3164 3741 3426 3809 ostendit;
3463 3742 3550 3797 in-

1973 3835 2198 3904 ditaque
2232 3846 2397 3888 cervo
2430 3845 2565 3886 voce
2597 3829 2862 3898 humana,
2908 3830 2994 3887 bis
3047 3829 3327 3887 Placidam
3363 3834 3547 3890 verbis

1972 3923 2269 3995 compellat
2309 3940 2323 3977 :
2359 3919 2503 3987 Quid
2552 3936 2640 3976 me
2699 3923 3084 3992 persequeris,
3142 3921 3406 3980 Placidai
3468 3925 3547 3982 En

1974 4017 2053 4071 lui
2083 4030 2252 4071 causa
2283 4014 2530 4080 aderam,
2574 4028 2772 4083 meque
2806 4013 2901 4069 tibi
2936 4013 3039 4069 hoc
3068 4015 3122 4068 in
3159 4016 3379 4072 animali
3412 4032 3547 4073 con-

1974 4107 2315 4180 spiciendum
2348 4105 2575 4176 praebui.
2604 4105 2713 4175 Ego
2739 4121 2861 4162 smn
2895 4104 3056 4163 Jesus
3079 4106 3357 4176 Christus,
3387 4124 3548 4179 quem

1975 4203 2238 4274 ignorans
2267 4199 2423 4256 colis.
2452 4197 2569 4252 Tua
2601 4212 2731 4269 erga
2762 4212 3039 4268 pauperes
3089 4198 3266 4254 ollicia
3312 4214 3550 4272 conspe-

1974 4295 2088 4350 ctui
2156 4308 2278 4349 meo
2312 4290 2606 4363 praesentia
2667 4288 2913 4345 fuerunt.
2979 4290 3349 4357 Quamobrem
3403 4292 3549 4350 istnc

1975 4386 2120 4449 veni,
2152 4392 2206 4439 ut
2258 4400 2355 4454 per
2398 4384 2547 4439 hunc
2588 4398 2809 4439 cervum
2858 4400 2944 4439 me
2997 4384 3365 4453 patefacerem
3425 4387 3547 4454 tibi,

1974 4486 2135 4549 teque
2187 4476 2435 4533 vicissim
2488 4483 2692 4531 venatu
2741 4477 3286 4547 comprehenderem,
3334 4487 3390 4535 et
3436 4481 3552 4536 cle-

1974 4571 2192 4626 mentire
2231 4585 2363 4625 mea:
2389 4568 2643 4639 indagine
2679 4569 2978 4643 cingerem.
3004 4570 3113 4626 Nec
3146 4571 3291 4627 enim
3332 4588 3547 4644 atquum

1974 4659 2162 4726 fuerit,
2199 4668 2258 4715 ut
2286 4675 2446 4731 quem
2474 4660 2543 4715 ob
2582 4669 2733 4716 recte
2768 4662 3046 4732 probeque
3080 4661 3224 4718 facta
3256 4662 3447 4735 diligo,
3503 4665 3549 4721 is

1977 4754 2321 4810 daemonibus
2355 4753 2612 4823 impuris,
2662 4754 3005 4824 mortuisque
3037 4761 3091 4808 et
3141 4754 3330 4811 surdis
3370 4756 3547 4811 simu-

1977 4845 2144 4902 lacris
2187 4845 2410 4902 serviat.
2459 4843 2670 4900 Idcirco
2715 4844 2921 4915 quippe
2951 4846 3018 4900 ad
3051 4852 3252 4909 terras,
3284 4858 3346 4902 ea
3382 4860 3546 4916 quam

1976 4936 2160 4994 cernis
2210 4937 2393 5008 specie
2442 4936 2592 5003 veni,
2634 4945 2695 4991 ut
2743 4935 2929 5006 generi
2981 4936 3267 4993 hominum
3314 4937 3547 4994 salutem

1978 5030 2250 5087 afferrem.
2293 5049 2314 5084 ι

1981 5122 2166 5180 Sancti
2216 5121 2420 5178 Leontii
2470 5119 2802 5193 Neapolisin
2835 5120 3010 5193 Cypro
3036 5120 3219 5193 insula
3249 5118 3548 5193 [episcopi],

2361 5207 2427 5247 ex
2460 5189 2599 5246 libro
2626 5209 2657 5248 v
2697 5189 2894 5245 Contra
2915 5189 3171 5245 'Judwos.

2052 5305 2070 5338 ι
2110 5284 2357 5356 Agedum
2405 5282 2707 5354 deinceps,
2749 5296 2847 5353 age
2875 5280 2989 5350 jam
3022 5295 3180 5352 atquo
3231 5279 3418 5336 animo
3455 5295 3543 5334 ve-

1975 5376 2299 5431 nerabilium
2350 5372 2651 5442 imaginum
2705 5370 3079 5426 defensionem
3134 5369 3543 5441 aggrediamur,

1973 5476 2033 5523 ut
2066 5468 2430 5524 obstruantur
2468 5479 2565 5519 ora
2610 5463 2951 5533 loquentium
2986 5461 3203 5533 iniqua.
3247 5461 3365 5519 Non
3398 5460 3547 5516 enim

1982 5559 2268 5620 inventum
2310 5565 2559 5614 nostrum
2596 5555 2728 5611 illud
2756 5562 2861 5621 est,
2896 5555 2990 5613 sed
3018 5555 3153 5626 legis
3181 5554 3364 5625 potius
3392 5552 3551 5611 msti-
