3986 6346
487 282 625 354 1383

1649 283 1709 344 S.
1749 282 2070 348 JOANNIS
2109 283 2538 346 DAMASCENI

3617 287 3786 353 1381

485 405 683 452 tutum.
725 393 860 448 Nam
900 391 1069 448 Deum
1110 391 1290 464 ipsum
1332 391 1457 447 audi
1513 391 1684 465 Moysi
1721 395 2048 466 prmcipien-

2169 398 2424 470 ἡμετέρα.
2486 399 2753 452 Ἄκουσον
2791 397 2900 469 γὰρ
2940 395 3120 466 ,αὑτοῦ
3155 397 3250 452 τοῦ
3288 398 3427 453 Θεοῦ
3489 401 3782 472 λέγοντος

482 496 615 553 tem,
673 496 734 541 ut
784 485 1032 557 geminas
1080 484 1382 540 Clicrubim
1445 485 1714 558 imagines
1771 487 2060 558 sculptiles

496 576 912 646 conflatilesque
958 575 1318 642 fabrefaciat,
1369 577 1568 647 quibus
1622 579 2061 649 propitiatorium

484 669 935 725 obumbraretur.
976 667 1214 735 Adhaac,
1257 669 1522 739 templum
1588 667 1859 725 Ezechieli
1915 668 2060 725 Deus

485 760 748 825 ostendit,
805 759 953 831 quod
1004 774 1034 812 a
1083 760 1395 830 pavimento
1444 760 1508 814 ad
1567 747 1843 830 laquearis
1903 759 2063 815 fasti.

485 855 658 926 gium,
689 851 980 923 sculptiles
1013 852 1257 919 leonum,
1289 853 1614 922 palmarum,
1638 853 2057 923 hominumque,

485 955 538 1004 et
565 945 864 1001 Cherubim
895 946 1062 1001 facies
1093 946 1357 1002 habuisse
1386 947 1541 1002 dicit.
1561 947 1854 1002 Terribilis
1879 949 2063 1018 reipsa

486 1039 575 1093 hic
623 1053 806 1094 sermo
854 1045 960 1091 est.
1008 1039 1150 1092 Deus
1195 1039 1291 1107 qui
1342 1037 1530 1092 lsraeli
1585 1037 1844 1107 injunxit,
1880 1054 1948 1093 ne
1983 1036 2062 1092 rei

486 1131 674 1194 ullius,
705 1129 820 1182 sive
849 1144 970 1196 qua:
1005 1127 1060 1180 in
1091 1128 1270 1192 caelis,
1303 1129 1419 1183 sive
1453 1144 1574 1198 qua:
1608 1129 1658 1182 in
1694 1136 1842 1183 terra
1869 1129 2062 1194 fuerit,

486 1219 746 1288 sculptile
767 1219 1087 1289 quodpiam,
1123 1228 1218 1273 aut
1247 1218 1542 1288 imaginem
1581 1219 2064 1276 similitudinemve

487 1309 716 1376 faceret,
770 1311 888 1380 ipse
939 1309 1108 1380 Moysi
1148 1309 1416 1379 praeripit,
1452 1319 1512 1364 ut
1543 1312 1763 1381 sculpta
1810 1311 2064 1365 animan-

487 1403 583 1463 tia,
639 1402 962 1466 Cherubim,
1015 1402 1262 1471 inquam,
1322 1400 1571 1456 fabricet.
1621 1401 1879 1470 Quinimo
1927 1403 2064 1459 Eze-

485 1491 649 1547 chieli
685 1493 944 1563 templum
991 1500 1283 1558 monstrat,
1328 1493 1681 1564 imaginibus,
1728 1496 2066 1567 sculptisque

486 1580 725 1646 leonum,
788 1580 1120 1649 palmarum,
1167 1591 1221 1636 et
1268 1583 1555 1637 hominum
1609 1585 1921 1642 simulacris
1975 1602 2064 1643 re-

488 1668 707 1725 fertum.
764 1669 1022 1725 Salomon
1067 1671 1193 1725 item
1249 1671 1477 1742 figuram
1513 1672 2066 1746 designationemque

484 1775 551 1816 ex
593 1761 709 1832 lege
743 1769 1051 1828 mutuatus,
1087 1762 1260 1817 aeneis
1298 1762 1486 1828 boum,
1517 1764 1852 1834 palmarum,
1879 1771 1932 1818 et
1962 1764 2062 1820 ho-

484 1851 696 1906 minum
763 1852 1073 1908 simulacris
1127 1853 1345 1923 plenum
1430 1855 1688 1923 templum
1747 1855 2063 1912 exstruxit:

484 1959 662 2014 neque
717 1945 788 2000 ob
846 1944 898 1999 id
957 1960 1188 2014 usquam
1236 1959 1266 1998 a
1325 1944 1434 2000 Deo
1500 1947 1870 2016 reprehensus
1929 1946 2065 2002 fuit.

485 2033 852 2103 Quamobrem
909 2037 955 2090 si
1020 2051 1107 2091 me
1157 2047 1380 2107 propter
1427 2037 1693 2108 imagines
1733 2038 2065 2094 condemna-

485 2142 548 2182 re
603 2127 711 2190 vis,
772 2127 942 2182 Deum
993 2128 1148 2198 prius
1211 2143 1474 2194 accuses,
1527 2130 1622 2200 qui
1681 2129 1797 2185 haec
1860 2131 2068 2188 idcirco

489 2215 605 2271 ﬂeri
630 2216 834 2287 jussit,
861 2225 920 2272 ut
954 2217 1130 2289 ipsius
1173 2219 1318 2289 apud
1363 2236 1462 2275 nos
1505 2224 1770 2277 memoria
1810 2238 2066 2293 perseve-

487 2317 656 2363 raret.
708 2326 729 2362 1

803 2399 971 2474 3¹1ἥ1
1005 2400 1253 2472 Ejusdem
1279 2419 1344 2458 ex
1377 2402 1512 2459 libro
1545 2404 1746 2474 quinto.

561 2509 584 2545 ι
623 2489 791 2548 Nobis
840 2509 1060 2548 rursum
1093 2495 1354 2563 illudunt,
1404 2497 1553 2566 quod
1604 2496 1901 2566 pretiosam
1937 2511 2068 2552 cru-

485 2597 604 2638 cem
643 2582 970 2654 divinaeque
1014 2585 1286 2658 imagines
1332 2587 1711 2658 designemus,
1750 2587 2069 2644 adoremus-

487 2689 623 2745 que,
683 2662 895 2746 nosque
956 2677 1236 2732 idolorum
1297 2692 1361 2732 ac
1416 2679 1718 2750 ligneorum
1775 2681 2066 2736 numinum

486 2765 725 2824 cultores
753 2775 974 2834 vocant,
1007 2769 1109 2822 viri
1135 2771 1229 2840 qui
1254 2769 1422 2824 Deum
1454 2771 1677 2825 omnino
1700 2785 1808 2827 non
1840 2778 2046 2827 norunt

486 2858 642 2924 Quod
694 2859 767 2926 si,
820 2868 882 2914 ut
917 2851 1146 2929 asseris,
1181 2861 1376 2930 atliee,
1426 2861 1592 2918 Deum
1628 2863 1868 2934 ligneum
1919 2865 2064 2930 colo,

485 2956 634 3004 certe
662 2950 848 3020 plures
883 2966 1104 3022 quoque
1141 2965 1391 3007 veneror.
1423 2950 1480 3006 Si
1516 2952 1728 3022 plures,
1756 2954 1947 3024 utique
1973 2956 2067 3010 de-

2164 489 2300 558 πρδς
2349 489 2620 554 Μωῦσέα,
2667 489 2884 553 είκόνας
2918 488 3011 543 δύο
3035 489 3318 561 Χερουϐὶμ
3347 491 3616 560 γλυπτῶν
3659 495 3784 548 καὶ

2153 579 2450 650 ,χωνευτῶν
2483 578 2914 644 κατασκευάσαι,
2951 579 3282 644 σκιαζόντων
3309 581 3370 635 τὸ
3406 583 3778 656 ἱλαστήριον.

2161 673 2274 728 Καὶ
2315 672 2498 738 πάλιν,
2546 672 2636 726 τὸν
2690 671 2816 726 ναὸν
2871 671 3071 737 ἔδειξεν
3107 675 3136 726 ό
3164 672 3299 738 Θεὸς
3335 675 3413 746 τῷ
3449 676 3772 746 Ἰεζεκιὴλ,

2161 763 2377 833 γλυπτὰ
2430 764 2716 835 πρόσωπα,
2766 764 2950 835 φησὶν,
2985 758 3121 835 εἶχε,
3151 764 3400 833 λεόντων,
3437 769 3535 821 καὶ
3573 770 3771 838 φοινὶ-

2163 870 2294 928 κων,
2327 851 2422 907 καὶ
2445 851 2764 924 ἀνθρώπων,
2800 855 2894 907 καὶ
2914 853 3216 924 Χερουϐὶμ,
3249 855 3358 910 ἀπὸ
3391 857 3483 910 τοῦ
3510 841 3770 929 ἐδάξους

2165 942 2330 998 αὐτοῦ
2359 945 2464 1007 ἕως
2502 944 2594 997 τοῦ
2621 942 2982 1021 φατνώματος
3019 945 3121 1014 τῆς
3153 946 3371 1017 στέγης,
3405 950 3620 1014 Ὄντως
3643 971 3766 1019 φο-
3803 951 3806 956 ’
3839 983 3850 988 -

2163 1032 2321 1103 σερδς
2351 1034 2379 1087 ό
2401 1031 2576 1102 λόγος.
2613 1034 2671 1088 '0
2691 1033 2836 1100 ,Θεὸς
2869 1035 3245 1106 ἐντειλάμενος
3276 1037 3352 1108 τῷ
3409 1039 3633 1112 Ἰσραὴλ
3666 1041 3756 1112 μὴ

2165 1124 2390 1195 ποιῆσαι
2423 1125 2681 1194 γλυπτὸν,
2725 1127 2861 1198 μήτε
2895 1126 3103 1193 εἰκόνα,
3143 1129 3284 1199 μήτε
3307 1130 3581 1201 ὁμοίωμα,
3641 1135 3760 1186 ὅσα

2164 1215 2313 1269 ἐστὶν
2335 1217 2393 1271 ὲν
2412 1216 2490 1287 τῷ
2515 1217 2751 1288 οὐρανῷ,
2775 1218 2872 1272 καὶ
2894 1219 2994 1272 ὅσα
3019 1220 3166 1273 ἐστὶν
3208 1221 3302 1274 ἐπὶ
3344 1224 3445 1292 τῆς
3489 1223 3616 1292 γῆς,
3647 1224 3760 1276 αὖε

2163 1308 2258 1372 τὸς
2318 1310 2767 1382 προστάσσειτῷ
2819 1313 3026 1382 Μωῦσῇ
3087 1313 3312 1382 ποιῆσαι
3359 1314 3577 1382 γλυπτὰ
3630 1313 3760 1378 ζῶα.

2163 1401 2464 1478 Χερρυϐίμ·
2491 1402 2586 1456 καὶ
2612 1401 2689 1472 τῷ
2703 1401 2962 1472 Ίεζεκιὴλ
2980 1403 3164 1475 πλήρη
3187 1405 3408 1458 εἰκόνων
3425 1407 3520 1458 καὶ
3537 1405 3760 1478 ’ὄνομὰ-

2162 1473 2346 1564 τωιίξξ)
2369 1493 2646 1562 γλυπτῶν,
2677 1495 2927 1558 λεόντων,
2961 1496 3054 1548 καὶ
3089 1473 3368 1564 (ροινίκων,
3399 1499 3494 1551 καὶ
3527 1473 3758 1567 ανθρώ-

2147 1570 2305 1649 ῖιτιῶ,
2334 1585 2577 1638 δείκνυσι
2608 1584 2698 1638 τὸν
2728 1585 2856 1640 ναὸν
2881 1588 2910 1639 ό
2936 1586 3096 1650 Θεός·
3127 1587 3224 1640 καὶ
3264 1587 3536 1657 Σολομὼν,
3566 1591 3634 1642 ὲκ
3656 1593 3764 1645 νό-
3837 1648 3840 1650 ν

2171 1692 2271 1746 μου
2305 1674 2486 1746 λαϐὼν
2532 1675 2592 1726 τδ
2639 1675 2898 1746 τύπωμα,
2949 1676 3132 1748 πλήρη
3183 1679 3451 1748 πεποίηκε
3489 1679 3578 1732 τὸν
3618 1680 3758 1733 ναὸν

2166 1765 2384 1838 χαλκῶν
2407 1766 2684 1835 γλυπτῶν,
2738 1769 2896 1838 βοῶν,
2937 1769 3032 1822 καὶ
3075 1771 3334 1838 φοινίκων
3359 1812 3374 1836 ,
3409 1772 3502 1824 xa't
3529 1771 3756 1842 ἀνθρώ-

2167 1874 2305 1924 πων,
2337 1858 2431 1912 καὶ
2455 1857 2516 1911 οὐ
2547 1858 2901 1930 κατεγνώσθη
2945 1859 3049 1913 ὑπὸ
3095 1860 3190 1913 τοῦ
3217 1860 3352 1914 Θεοῦ
3377 1862 3435 1914 ὲν
3455 1863 3657 1930 τούτῳ.
3689 1861 3760 1915 ΕΞ

2165 1948 2346 2004 τοίνυν
2391 1946 2528 2019 ἐμοῦ
2585 1947 3023 2017 καταγινώσκειν
3072 1950 3250 2014 θέλεις
3307 1953 3436 2023 περὶ
3495 1953 3757 2020 εἰκόνων,

2167 2040 2586 2112 προκατάγνωθι
2620 2039 2712 2094 τοῦ
2755 2039 2891 2094 Θεοῦ
2937 2040 3112 2095 ταῦτα
3151 2045 3325 2096 ποιεῖν
3363 2043 3754 2109 κελεύσαντος,

2165 2131 2241 2198 ὡς
2269 2131 2574 2204 ὑπόμνησιν
2608 2130 2773 2186 αὑτοῦ
2807 2125 2948 2186 εἶναι
2987 2131 3121 2203 παρ’
3161 2133 3317 2204 ἡμῖν.
3362 2151 3382 2186 ι

2384 2399 2493 2454 Τοῦ
2522 2399 2730 2464 αὑτοῦ,
2771 2400 2840 2454 ἐκ
2869 2400 2975 2455 τοῦ
3012 2399 3285 2470 πέμπτου
3319 2402 3525 2471 λόγου.

2246 2508 2265 2543 ι
2301 2489 2470 2544 Πάλιν
2501 2490 2648 2560 ἡμᾶς
2679 2489 3027 2553 διαπαίζουσι
3057 2493 3185 2562 περὶ
3223 2490 3318 2546 τοῦ
3355 2493 3539 2563 τιμίου
3575 2511 3759 2550 σταυ-

2173 2581 2286 2653 ροῦ,
2319 2582 2412 2636 καὶ
2440 2581 2541 2652 τῆς
2579 2583 2689 2636 τῶν
2735 2581 3091 2636 θεοτυπώτων
3119 2583 3343 2637 εἰκόνων
3389 2586 3758 2656 σημειώσεὼς

2167 2691 2224 2726 τε
2247 2674 2341 2727 καὶ
2375 2675 2819 2746 προσκυνήσεως,
2861 2672 3250 2743 εἰδωλολάτραις
3280 2674 3426 2743 ἡμᾶς
3459 2676 3554 2728 καὶ
3586 2663 3754 2740 ξύλοο
3793 2677 3798 2698 '

2168 2763 2324 2827 θέους
2343 2764 2723 2835 ὀνομάζοντες,
2749 2763 2798 2816 οἱ
2829 2762 3111 2818 πανάοεοι.
3141 2764 3205 2816 Ei
3232 2763 3289 2816 δὲ
3324 2764 3570 2829 Ευλόθεός
3601 2767 3752 2836 ειμι,

2166 2858 2242 2922 ὡς
2263 2857 2463 2926 λέγεις,
2486 2856 2635 2922 ἇθεε,
2671 2854 2766 2910 καὶ
2794 2854 3056 2920 πολύθεος
3101 2855 3339 2920 πάντως.
3380 2857 3442 2910 Ei
3482 2857 3540 2910 δὲ
3573 2859 3755 2912 πολύ-

2168 2947 2309 3013 θεος,
2361 2949 2528 3018 ἐχρῆν
2564 2964 2633 3019 με
2691 2946 2908 3010 πάντως
2941 2947 3182 3016 ὀμνύντα
3223 2948 3403 3016 λέγειν
3426 2966 3439 2980 ·
3475 2951 3571 3004 Μὰ
3599 2950 3754 3018 τοὺς

481 3039 714 3110 jerando
765 3041 979 3109 dixero,
1039 3043 1143 3096 Per
1187 3042 1312 3096 deos
1349 3057 1367 3096 :
1402 3045 1864 3113 quemadmodum
1896 3055 1946 3101 et
1979 3054 2060 3114 tu,

2169 3040 2363 3105 θεοὺς,
2415 3038 2668 3110 καθάπερ
2714 3038 2808 3092 καὶ
2861 3039 2925 3090 σὺ
2954 3038 3049 3090 ἕνα
3085 3037 3224 3108 ὁρῶν
3255 3039 3477 3110 μόσχον,
3515 3041 3711 3109 ἔλεγες
3735 3057 3750 3071 ο

485 3131 764 3200 quondam
795 3132 1028 3186 vitulum
1059 3149 1232 3188 unum
1259 3133 1556 3204 aspiciens,
1586 3135 1773 3191 aiebas
1801 3154 1815 3189 :
1845 3135 1916 3190 Hi
1943 3146 2063 3190 sunt

485 3219 564 3274 dii
613 3221 714 3287 mi,
771 3219 946 3276 Israel
995 3223 1063 3277 ⁵⁸.
1104 3224 1174 3277 At
1229 3224 1500 3294 ejusmodi
1551 3225 1935 3295 jusjurandum
1997 3243 2066 3284 ex

486 3327 584 3370 ore
639 3314 1078 3371 Christianorum
1130 3328 1186 3375 te
1240 3320 1520 3378 audivisse
1554 3323 1875 3393 neutiquam
1914 3338 2066 3379 asse-

486 3407 717 3463 veraris.
785 3407 983 3463 Verum
1039 3409 1304 3470 adulterae
1368 3413 1666 3485 Synagogte
1717 3416 2064 3471 consuetudo

485 3505 592 3564 est,
623 3506 683 3552 ut
728 3499 1112 3569 castissimam,
1143 3502 1347 3558 Christi
1383 3503 1718 3572 Ecclesiam,
1745 3520 1846 3562 ceu
1881 3521 2063 3564 mere-

487 3588 680 3642 tricem
712 3587 962 3645 infamet.
999 3607 1018 3641 ι

561 3678 842 3750 Ejusdem.
880 3699 899 3732 ι
939 3679 1127 3753 Neque
1153 3683 1299 3740 enim
1321 3693 1637 3742 sanctorum
1667 3685 1893 3755 formas,
1929 3686 2066 3743 ima-

488 3770 642 3843 gines
672 3781 726 3827 et
760 3772 960 3844 figuras
1006 3775 1086 3829 uti
1119 3775 1255 3833 deos
1317 3779 1633 3834 adoramus.
1677 3778 1812 3834 Nam
1856 3782 1902 3837 si
1944 3789 2066 3835 tan-

487 3877 652 3933 quam
687 3861 856 3918 Deum
887 3863 1122 3934 ligneam
1172 3867 1465 3939 imaginem
1495 3869 1874 3937 adoraremus,
1910 3887 2067 3927 eum-

487 3952 612 4007 dem
643 3951 872 4007 omnino
903 3953 1112 4008 cultum
1159 3957 1392 4028 reliquis
1429 3959 1594 4014 etiam
1631 3959 1799 4029 lignis
1835 3960 2064 4017 exhibe-

488 4058 694 4110 remus,
741 4061 942 4116 neque,
971 4055 1032 4101 ut
1060 4063 1206 4118 saepe
1234 4050 1528 4122 contingit,
1563 4051 1857 4124 imaginem
1892 4052 2066 4110 forma

486 4137 660 4193 deleta
709 4139 1186 4197 combureremus.
1226 4141 1293 4197 Et
1326 4159 1569 4209 rursum,
1621 4145 1866 4216 quandiu
1919 4145 2066 4216 ligna

485 4231 669 4286 crucis
733 4240 987 4302 coaptata
1062 4243 1311 4300 manent,
1381 4235 1612 4291 formam
1689 4235 1837 4290 illam
1892 4236 2064 4292 adoro

486 4335 709 4394 propter
735 4339 860 4380 eum
894 4328 984 4396 qui
1023 4328 1328 4383 crucifixus
1360 4326 1496 4382 fuit:
1531 4326 1621 4380 ubi
1654 4342 1782 4382 vero
1813 4328 2063 4397 seiuncta

2171 3125 2345 3188 Οὗτοι
2381 3131 2437 3183 οί
2476 3129 2598 3183 θέοι
2641 3141 2783 3194 σου,
2819 3127 3092 3198 Ἰσραήλ·
3124 3129 3243 3182 ἀλλ’
3299 3130 3398 3183 οὐκ
3451 3129 3753 3210 ᾁξιωθείης

2165 3224 2324 3278 τοῦτο
2371 3225 2520 3293 παρὰ
2568 3223 2908 3294 Χριστιανῶν
2959 3224 3246 3294 στομάτων
3284 3222 3520 3278 ἀκοῦσαί
3569 3243 3746 3279 ποτε·

2165 3315 2279 3371 ἀλλ’
2305 3316 2539 3370 εῐθισται
2567 3317 2655 3370 ἀεὶ
2685 3317 2718 3386 ἡ
2752 3313 3002 3387 μοιχαλὶς
3026 3314 3119 3368 καὶ
3146 3314 3375 3378 ἄπιστος
3420 3316 3750 3387 Συναγωγή,

2165 3407 2262 3478 τὴν
2309 3409 2678 3480 πανσὼφρονα
2727 3405 2965 3479 Χριστοῦ
3019 3404 3373 3478 Ἐκκλησίαν,
3409 3404 3485 3470 ὡς
3530 3406 3750 3479 πόρνην

2164 3496 2524 3569 διαγορεύειν.
2557 3515 2577 3548 ι
2651 3507 2780 3586 iui.

2238 3676 2350 3733 Τοῦ
2386 3675 2588 3732 αὐτοῦ.
2617 3692 2638 3728 ι
2675 3673 2808 3730 Οὐδὲ
2833 3671 2942 3744 γὰρ
2969 3671 3100 3744 παρ’
3127 3670 3305 3742 ἡμῶν,
3327 3669 3403 3734 ὡς
3429 3669 3546 3723 θεοὶ
3573 3687 3754 3742 προσ-

2167 3769 2452 3823 κυνοῦνται
2491 3767 2543 3819 oi.
2591 3764 2701 3817 τῶν
2753 3763 2925 3830 ἁγίων
2962 3758 3328 3831 χαρακτῆρες,
3381 3757 3476 3810 καὶ
3511 3757 3751 3822 εἰκόνες,

2165 3859 2261 3914 καὶ
2288 3858 2471 3912 τύποι.
2513 3857 2576 3918 Ei
2609 3854 2718 3925 γὰρ
2743 3853 2818 3918 ὡς
2849 3852 2969 3922 θεῷ
3001 3849 3450 3924 προσεκυνοῦμεν
3480 3848 3558 3919 τῷ
3598 3848 3754 3920 ξύλῳ

2165 3951 2266 4022 τῆς
2301 3949 2528 4014 εἰκόνος,
2587 3945 2890 4017 ἐμέλλομεν
2946 3943 3164 4005 πάντως
3222 3941 3316 3996 καὶ
3363 3943 3476 4004 τοῖς
3533 3940 3754 4004 λοιποῖς

2167 4040 2495 4112 προσκυνεῖν
2530 4037 2727 4102 ξύλοις,
2763 4035 2860 4090 καὶ⁵
2877 4034 2978 4105 οὐχ
3007 4033 3082 4098 ὡς
3110 4031 3391 4094 πολλάκις,
3425 4029 3754 4094 λεανθὲντος

2165 4128 2258 4184 τοῦ
2293 4127 2672 4200 χαρακτῆρος,
2719 4124 2798 4195 τῷ
2837 4125 2971 4195 πυρὶ
3001 4123 3100 4194 τὴν
3143 4121 3325 4176 εἰκόνα
3353 4119 3749 4190 κατεκαίομεν.

2165 4223 2278 4278 Καὶ
2306 4220 2490 4287 πάλιν,
2525 4221 2631 4284 ἕως
2667 4219 2766 4290 μὲν
2814 4218 2930 4271 ἐστι
2968 4213 3324 4285 συνδεδεμένα
3363 4214 3430 4266 τὰ
3470 4211 3605 4280 ξύλα
3644 4213 3756 4266 τοῦ

2167 4310 2428 4384 σταυροῦ,
2460 4310 2753 4383 προσκυνῶ
2773 4307 2864 4362 τὸν
2885 4307 3054 4361 τύπον
3080 4305 3170 4359 διὰ
3196 4304 3288 4358 τὸν
3317 4305 3376 4357 ἐν
3397 4301 3544 4372 αὺτῷ
3573 4319 3756 4356 σταυο

489 4391 714 4482 fuerint,
748 4391 935 4472 eadem
975 4419 1177 4490 abjicio
1209 4428 1372 4489 atque
1396 4419 1680 4474 comburo.
1708 4418 1776 4474 Et
1799 4391 2063 4490 quemad-

2169 4402 2410 4477 ρωθέντα
2434 4400 2690 4472 Χριστὸν,
2726 4397 2863 4451 ἐπὰν
2907 4397 2965 4451 δὲ
2989 4393 3336 4467 διαιρεθῶσιν
3373 4393 3431 4458 ἐξ
3463 4391 3758 4462 ἀλλήλων,

488 4509 732 4573 modum,
757 4509 850 4578 qui
883 4509 1236 4581 imperatoris
1261 4510 1502 4567 edictum
1530 4510 1881 4583 obsignatum
1914 4511 2065 4567 acci-

488 4600 588 4670 pit,
623 4598 972 4669 sigillumque
1004 4601 1312 4668 osculatur,
1342 4601 1388 4656 is
1419 4614 1528 4654 non
1559 4601 1756 4664 lutum,
1785 4600 2065 4655 chartam-

486 4705 574 4751 vc,
613 4696 708 4744 aut
739 4689 1025 4759 plumbum
1051 4699 1370 4756 veneratur,
1404 4689 1500 4746 sed
1538 4689 1852 4760 imperatori
1878 4691 2064 4760 potius

487 4779 754 4835 honorem
789 4777 970 4835 defert
1003 4788 1058 4835 et
1099 4780 1522 4846 adorationem;
1557 4779 1640 4836 sic
1688 4793 1792 4836 nos
1839 4793 2062 4850 quoque

487 4867 814 4934 Christiani,
866 4869 1050 4924 crucis
1109 4869 1344 4925 formam
1401 4869 1711 4936 adorando,
1763 4883 1877 4924 non
1933 4870 2065 4941 ligni

487 4962 798 5027 materiam,
859 4961 958 5018 sed
1021 4964 1198 5034 magis
1248 4963 1622 5033 signaculum,
1680 4963 1940 5017 annulum
2012 4970 2068 5017 et

487 5055 864 5110 characterem
908 5052 1119 5108 Christi
1170 5053 1351 5124 ipsius
1399 5054 1788 5124 respicientes,
1825 5068 1922 5122 per
1973 5069 2068 5108 ca-

486 5145 608 5200 dem
663 5145 816 5201 illum
864 5145 961 5217 qui
1011 5142 1163 5199 cruci
1217 5141 1410 5199 atlixus
1469 5142 1594 5210 fuit,
1655 5142 1964 5200 salutamus
2013 5153 2070 5200 et

488 5238 804 5296 adoramus.
835 5257 854 5292 ι

465 5529 470 5534 _
559 5453 604 5483 ¹⁹
635 5459 803 5518 Exod.
835 5479 1008 5528 xxx",
1034 5466 1088 5522 4.

2171 4495 2349 4566 ρίπτω
2399 4492 2542 4546 αὐτὰ
2586 4493 2682 4546 καὶ
2713 4488 3018 4545 κατακαίω.
3073 4486 3186 4540 Καὶ
3217 4485 3405 4556 ὥσπερ
3433 4486 3461 4537 ό
3490 4483 3758 4538 κέλευσιν

2169 4589 2433 4662 βασιλέως
2462 4585 2752 4656 δεξάμενος
2777 4581 3246 4654 ἐσφραγισμένην,
3277 4579 3370 4633 καὶ
3414 4576 3758 4648 ἁσπασὰμε-
3820 4629 3848 4652 _,

2166 4699 2257 4747 νος
2283 4681 2380 4752 τὴν
2414 4678 2708 4750 σφραγῖδα,
2729 4677 2790 4729 οὐ
2810 4674 2900 4728 τὸν
2922 4673 3092 4744 πηλὸν
3109 4673 3386 4744 ἐτίμησεν,
3407 4673 3470 4725 οὐ
3496 4671 3583 4724 τὸν
3602 4671 3758 4742 χάρ-
3785 4675 3852 4745 +3?
3901 4695 3903 4710 ε

2165 4791 2287 4845 την,
2405 4770 2496 4824 τὸν
2547 4767 2814 4845 μόλεῇον,
2847 4765 2982 4820 ἀλλά
3032 4764 3110 4835 τῷ
3144 4762 3355 4833 βασιλεῖ
3387 4763 3653 4831 ἀπένειμε
3688 4763 3758 4814 τὸ
3797 4751 3878 4816 ,έίέέ

2169 4865 2336 4928 σέϐας
2385 4862 2480 4916 καὶ
2507 4861 2607 4933 τὴν
2646 4857 3019 4930 προσκύνησιν
3040 4873 3056 4889 ο
3103 4855 3246 4909 οὕτω
3275 4854 3370 4908 καὶ
3402 4853 3758 4924 Χριστιανῶν

2163 4956 2388 5020 παῖδες,
2428 4950 2507 5024 τῷ
2533 4950 2689 5022 τύπῳ
2738 4948 2834 5003 τοῦ
2881 4945 3119 5018 σταυροῦ
3172 4943 3634 5016 προσκυνοῦντες,
3683 4944 3790 5028 οὐκ

2162 5048 2263 5119 τὴν
2300 5045 2462 5116 φύσιν
2491 5042 2585 5096 τοῦ
2615 5040 2773 5109 ξύλου
2805 5036 3245 5110 προσκυνοῦμεν,
3283 5035 3420 5091 ἀλλὰ
3450 5032 3750 5106 ερραγίδα.
3771 5029 3880 5098 περ,

2164 5140 2261 5194 καὶ⁵
2285 5135 2594 5210 δακτύλιον,
2625 5134 2720 5187 καὶ
2762 5134 3087 5203 χαρακτῆρα
3121 5127 3359 5200 Χριστοῦ
3411 5123 3574 5180 αὐτοῦ
3631 5124 3756 5192 βλέ-
3819 5153 3870 5206 ,δὲ

2173 5211 2478 5295 ποντεθδις
2501 5212 2674 5280 αὐτοῦ
2711 5225 2800 5278 τὸν
2821 5226 2880 5278 ὲν
2906 5222 3054 5294 αὐτῷ
3089 5219 3470 5292 σταυρωθέντα
3501 5214 3754 5279 ἀσπαζὸ-
3791 5217 3794 5220 ’
3863 5215 3903 5254 3"

2177 5320 2319 5392 μεθα
2348 5318 2441 5374 καὶ
2465 5315 2899 5391 προσκυνοῦμεν.
2942 5334 2958 5366 ι

3401 5387 3432 5400 κ

1768 5552 1997 5607 νΑιιιΑῑ
2037 5547 2438 5606 LECTIONES.

559 5687 758 5764 ιιι-ευ
784 5691 1163 5761 όμοιωμάτων,
1200 5700 1251 5743 ιιι
1292 5689 1460 5744 Zinus
1488 5698 1537 5742 et
1572 5687 1731 5769 Tiltn.
1774 5698 1828 5741 et
1859 5687 1912 5740 in
1944 5692 2050 5741 act.
2081 5685 2111 5740 7
2151 5698 2272 5754 syn.
