3986 6346
213 459 325 525 1385

1270 465 1368 524 DE
1408 466 1869 529 IMAGINIBUS
1903 456 2186 519 ORATIO
2217 456 2332 516 ΙΙΙ.

3289 455 3426 517 1386

272 565 363 621 Τοῦ
390 563 595 620 αὑτοῦ.
622 582 640 615 ι
668 565 779 618 Καὶ
807 564 894 619 διὰ
921 563 1078 617 τοῦτο
1113 566 1367 637 Χριστὸν,
1395 571 1490 622 καὶ¹
1520 570 1592 623 τὰ
1615 526 1752 641 Χρι-

1932 564 2206 633 Ejusdem.
2249 578 2279 631 ι¹
2304 559 2483 628 Atque
2537 572 2656 611 eam
2716 557 2787 612 ob
2839 571 3061 613 causam
3116 556 3424 624 Christum,

209 656 312 710 στοῦ
340 656 516 727 πάθη,
546 655 605 709 ἐν
648 655 990 725 ἐκκλησίαις,
1026 657 1118 709 καὶ
1157 658 1347 721 οἴκοις,
1375 659 1471 712 καὶ
1504 661 1751 730 ἀγοραῖς,

206 748 283 800 καὶ
307 748 357 799 ἐν
377 746 569 810 εἰκόσι,
610 746 708 798 καὶ
728 746 786 798 ἐν
824 746 1045 811 σινδόνι,
1081 750 1175 800 καὶ
1202 749 1259 801 ἐν
1289 750 1557 820 ταμείοις,
1584 752 1678 825 atati
1698 752 1755 803 ἐν

207 839 430 906 ἱματίοις,
463 839 559 890 καὶ
593 839 652 890 ἐν
684 838 848 889 παντὶ
878 838 1030 907 τόπῳ
1065 838 1289 891 ἐκτυπῶ
1323 840 1416 892 καὶ
1445 839 1754 910 διαγράφω,

206 931 278 982 ἴνα
303 928 555 995 διηνεκῶς
584 928 950 999 όρῶνταῦτα,
978 930 1514 1000 ἀναμιμνήσκωμαι,
1555 930 1648 982 καὶ
1681 933 1758 999 μὴ

1856 654 2175 727 Christique
2230 650 2542 720 passionem
2591 648 2645 717 in
2693 647 2966 710 ecclesiis,
3005 648 3059 701 in
3110 649 3339 715 aedibus,
3372 652 3426 703 in

1859 747 2020 810 foris,
2072 746 2137 823 in
2179 742 2403 817 tabulis,
2454 742 2506 795 in
2550 741 2768 805 linteis,
2827 740 2880 793 in
2930 742 3214 795 cubilibus
3264 752 3321 795 et
3372 743 3428 795 in

1858 842 2132 904 vestibus,
2176 849 2340 907 atque
2385 838 2438 890 in
2486 836 2635 890 omni
2669 836 2792 901 loco
2817 837 3066 904 exprimo
3092 844 3145 891 et
3176 836 3429 905 designo,

1862 941 1919 985 ut
1974 946 2067 1000 per
2126 931 2444 982 continuant
2512 928 3036 989 considerationem,
3111 926 3433 981 memoriam

205 1020 545 1089 ἐπιλάθωμαι,
599 1019 792 1090 ῶσπερ
830 1024 895 1074 σὺ
942 1019 1209 1074 ἐπελάθου
1260 1022 1464 1091 Κυρίου
1500 1020 1595 1073 τοῦ
1620 1021 1758 1073 Θεοῦ

1879 1036 2049 1075 :orum
2090 1018 2471 1088 perfricentus,
2509 1032 2609 1071 nec
2643 1033 2884 1087 unquam
2920 1018 3332 1082 obliviscamur,
3377 1028 3435 1071 ut

207 1129 287 1165 σου
312 1110 405 1164 ἀεί.
445 1112 556 1165 Καὶ
583 1110 773 1185 ὥσπερ
798 1113 862 1165 σὺ
894 1112 1216 1181 προσκυνῶν
1239 1114 1299 1165 τὸ
1329 1112 1535 1182 βιϐλίον
1559 1112 1655 1165 τοῦ
1675 1112 1762 1165 νό-

209 1219 318 1271 μου,
345 1202 401 1254 οὐ
439 1201 540 1271 τὴν
569 1203 730 1270 φύσιν
776 1204 887 1257 τῶν
932 1203 1218 1274 δερμάτων
1268 1198 1369 1256 καὶ
1402 1202 1497 1256 τοῦ
1533 1203 1762 1273 μέλανος

210 1295 535 1364 προσκυνεῖς,
569 1292 707 1346 ἀλλά
732 1295 858 1357 τοὺς
892 1293 1083 1361 λόγους
1121 1293 1218 1346 τοῦ
1260 1293 1395 1346 Θεοῦ
1429 1295 1557 1355 τοὺς
1579 1297 1763 1361 ἐγκει-

210 1386 382 1459 μένους
411 1385 469 1436 ἐν
502 1383 671 1455 αὐτῷ,
711 1384 884 1441 οὕτως
915 1384 1069 1451 κάγὼ
1094 1388 1160 1455 τῇ
1192 1386 1363 1438 είκόνι
1396 1384 1489 1438 τοῦ
1522 1385 1762 1457 Χριστοῦ

1862 1120 1918 1163 ιιι
1961 1126 2175 1180 semper
2228 1112 2451 1183 oblitus,
2485 1127 2544 1165 cs
2609 1110 2827 1165 Domini
2881 1110 2975 1165 Dei
3025 1109 3124 1165 tui.
3176 1109 3436 1174 Quinitno

1863 1202 2052 1266 veluti,
2089 1218 2213 1256 cum
2252 1202 2500 1273 volumen
2548 1203 2685 1271 legis
2739 1204 2972 1281 adoras,
3020 1216 3129 1255 non
3168 1200 3438 1256 membra-

1866 1310 2059 1346 narum
2090 1302 2143 1348 et
2185 1295 2476 1361 atramenti
2510 1305 2763 1359 naturam
2806 1294 3031 1357 adoras,
3059 1294 3153 1348 sed
3195 1293 3289 1346 Dei
3316 1308 3437 1347 ser-

1869 1404 2057 1443 mones
2111 1388 2204 1457 qui
2259 1388 2317 1443 in
2355 1404 2421 1443 co
2477 1388 2668 1458 scripti
2721 1398 2885 1454 sunt;
2947 1389 3222 1444 consimili
3277 1380 3440 1441 modo

208 1473 506 1544 προσκυνῶ,
539 1475 601 1527 οὐ
635 1478 704 1545 τῇ
743 1474 903 1542 φύσει
929 1475 1024 1528 τοῦ
1067 1475 1223 1541 ξύλου
1254 1478 1347 1529 καὶ
1382 1476 1491 1528 τῶν
1538 1477 1766 1548 χρωμά-

1879 1476 2072 1532 Christi
2132 1478 2426 1547 imaginem
2483 1477 2675 1538 adoro,
2732 1492 3076 1547 nequaquam
3130 1492 3258 1531 vero
3306 1477 3463 1545 ligui'

207 1580 332 1616 των·
365 1564 439 1634 μὴ
469 1564 717 1634 γένοιτοι
764 1565 881 1620 ἀλλ’
931 1566 1125 1637 ἀψύχῳ
1174 1567 1482 1637 χαρακτῆρι
1530 1565 1767 1637 Χριστοῦ

209 1651 530 1723 προσκυνῶν,
561 1654 630 1707 δι’
671 1655 837 1708 αὐτοῦ
860 1695 875 1719 ,
919 1657 1082 1709 αὐτὸν
1115 1658 1349 1727 Χριστὸν
1374 1656 1516 1709 δοκῶ
1551 1659 1768 1728 κρατεῖν

208 1744 291 1797 καὶ
309 1748 649 1815 προσκυνεῖν.
673 1747 783 1800 Καὶ
810 1746 1000 1818 ὥσπερ
1042 1747 1238 1802 Ἰακὼϐ
1281 1748 1575 1817 δεξάμενος
1620 1748 1770 1819 παρὰ

207 1837 304 1891 τῶν
338 1837 581 1907 ἀδελφῶν
620 1837 716 1891 τοῦ
783 1838 982 1909 Ἰωσὴφ
1011 1839 1103 1891 τὸν
1133 1837 1335 1909 χιτῶνα
1380 1838 1470 1891 τὸν
1524 1837 1767 1889 ποικίλον

1869 1570 2189 1622 colorumve
2223 1577 2517 1635 naturam;
2555 1568 2732 1639 absit!
2768 1568 2871 1627 sed,
2900 1568 3199 1623 inanimam
3229 1567 3438 1623 Christi

1872 1656 2100 1725 ﬁguram
2136 1656 2536 1725 adorans,_per
2581 1670 2700 1708 eam
2744 1655 2880 1709 mihi
2931 1655 3120 1717 videor
3148 1655 3443 1724 ipsumtuet

1871 1747 2152 1801 Christum
2208 1746 2497 1814 complecti
2550 1756 2599 1809 et
2641 1745 2913 1811 adorare.“
2942 1749 3010 1797 At
3058 1744 3199 1799 sicut
3246 1743 3440 1806 Jacob,

1872 1852 1996 1888 cum
2031 1851 2061 1887 a
2094 1833 2316 1904 Iosephi
2361 1836 2626 1894 fratribus
2675 1836 2767 1903 qui
2822 1836 3002 1904 ipsum
3054 1834 3439 1898 vendiderant,

209 1927 527 1996 ᾑμαγμένον,
562 1929 653 1982 ὅτε
686 1929 1003 1999 ἐπίπρασαν
1025 1908 1350 2000 τὸνἸωσὴφ
1373 1967 1387 1990 ,
1436 1928 1765 1995 κατεφίλησε

1879 1928 2075 1980 variam
2112 1926 2357 1995 ejusdem
2391 1927 2638 1980 tunicam
2672 1925 2940 1996 sanguine
2971 1934 3257 1979 cruentam
3291 1940 3444 1979 rece-

209 2014 404 2079 πάντως
447 2019 538 2069 τὸν
581 2017 785 2087 χιτῶνα
815 2019 953 2089 μετὰ
985 2018 1259 2089 δακρύων,
1303 2018 1397 2071 καὶ
1426 2019 1537 2080 τοῖς
1568 2016 1767 2086 ὀφθαλ-

208 2105 315 2171 μοῖς
338 2108 446 2168 τοῖς
476 2105 625 2168 ἰδίοις
651 2106 841 2160 τοῦτον
864 2107 1080 2176 ἔθηκεν,
1110 2109 1169 2160 οὐ
1192 2107 1252 2159 τὸ
1285 2107 1502 2177 ἱμάτιον
1530 2104 1769 2185 ορηνῶν,

1871 2019 2060 2088 ρὶςεοι.
2090 2017 2234 2071 hanc
2267 2033 2391 2070 cum
2435 2017 2695 2088 lacrymis
2725 2018 3096 2082 deosculatus,
3128 2015 3444 2071 oculissuis
3478 2070 3482 2077 ,

1869 2110 2165 2179 apposuit;
2223 2124 2333 2162 non
2388 2092 2546 2177 quasi
2598 2108 2840 2161 tunicam
2897 2107 2989 2162 ille
3043 2106 3289 2171 deﬁeret,
3348 2105 3448 2162 sed

205 2193 328 2247 ἀλλά
356 2195 422 2248 δι’
449 2196 618 2249 αὐτοῦ
661 2197 752 2249 τὸν
804 2198 1002 2268 Ἰωσὴφ
1032 2198 1270 2267 νομίζων
1303 2197 1646 2265 καταφιλεῖν,
1678 2198 1771 2249 καὶ

1879 2202 2015 2269 quod
2046 2216 2139 2270 per
2169 2217 2287 2255 eam
2319 2198 2619 2269 Josephum
2656 2199 2832 2267 ipsum
2878 2199 3146 2263 osculari,
3179 2208 3234 2254 et
3270 2199 3451 2252 mani-

204 2286 259 2338 ἐν
283 2287 462 2355 χερσὶν
492 2286 654 2339 αὐτὸν
676 2287 950 2356 κατέχειν·
973 2288 1116 2341 οὕτω
1145 2291 1237 2341 καὶ
1269 2287 1611 2357 Χριστιανῶν
1641 2290 1769 2338 παῖ-

203 2376 285 2437 δες
342 2376 527 2428 εἰκόνα
555 2375 819 2446 Χριστοῦ,
845 2376 878 2446 ἢ
902 2378 1222 2442 ἀποστόλου,
1248 2378 1279 2447 ἢ
1310 2378 1585 2448 μάρτυρος
1640 2394 1772 2429 κατ-

203 2465 561 2608 ασπαζόμεζῗ
580 2468 645 2537 τῇ
678 2468 938 2608 capi?)
956 2468 1102 2539 ψυχῇ
1124 2468 1419 2538 νομίζομεν
1443 2468 1608 2521 αὐτὸν
1633 2469 1774 2519 ἐκεῖ-

203 2569 285 2608 νον
320 2556 407 2607 τὸν
537 2572 625 2608 ma
990 2557 1245 2608 ιιάοτυοα
1312 2558 1477 2608 αὑτοῦ
1532 2556 1774 2608 ἀσπάζε-

203 2569 285 2609 vov
320 2556 407 2607 τὸν
482 2556 946 2629 ΧρισΜ
989 2557 1245 2629 μάρτυρα
1312 2558 1477 2610 αὑτοῦ
1532 2556 1775 2621 ἀσπάζε-

205 2642 411 2702 σθαι....
429 2645 518 2709 Ὠς
539 2636 963 2715 70m;
984 2644 1160 2712 εἷπον,
1183 2649 1211 2700 ὁ
1238 2636 1439 2712 σκοπὸς
1462 2648 1773 2712 ἐξετάζεται

201 2734 288 2789 ἐπὶ
311 2736 508 2799 παντὸς
529 2734 847 2809 ἀσπασμῖῖιῖ
862 2740 959 2792 καὶ
985 2739 1078 2791 ἐπὶ
1108 2738 1291 2808 πάσης
1323 2739 1771 2808 προσκυνήσεως.

202 2828 262 2881 El
284 2827 340 2881 δέ
374 2828 499 2898 ἐμοὶ
540 2829 815 2897 ἐγκαλεῖς,
863 2830 1059 2899 λέγων,
1092 2831 1173 2884 ὅτι
1205 2830 1500 2904 προσκυνῶ
1526 2831 1604 2902 τῷ
1636 2828 1777 2901 ξύλῳ

200 2919 289 2973 τοῦ
323 2918 578 2989 σταυροῦ,
614 2919 703 2973 διὰ
734 2921 787 2972 τί
832 2921 932 2974 οὐκ
954 2922 1204 2989 ἐγκαλεῖς
1244 2922 1320 2992 τῷ
1362 2921 1580 2986 Ἰακὼϐ,
1616 2940 1778 2993 προσ-

203 3012 487 3083 κυνήσαντι
537 3013 631 3064 ἐπὶ
686 3011 747 3063 τὸ
784 3012 955 3084 ἀκρον
1003 3015 1104 3082 τῆς
1157 3013 1356 3084 ῥάϐδου
1402 3012 1496 3066 τοῦ
1538 3013 1775 3084 Ἰωσήφς

216 3101 369 3155 Ἀλλά
400 3101 687 3172 πρόδηλον,
719 3104 800 3156 ὅτι
840 3103 903 3155 ού
940 3101 1002 3156 τὸ
1031 3103 1187 3168 ξύλον
1224 3102 1400 3174 τιμῶν
1434 3104 1777 3175 προσεκύνη-

203 3208 316 3259 σεν,
347 3192 483 3247 ἀλλά
514 3190 603 3246 διὰ
634 3193 729 3246 τοῦ
782 3192 940 3259 ξύλου
974 3194 1051 3265 τῷ
1111 3194 1311 3265 Ἰωσὴφ
1344 3194 1775 3265 προσεκύνησεν,

202 3285 389 3356 ὥσπερ
428 3284 521 3340 καὶ
555 3290 719 3357 ἡμεῖς
748 3287 836 3340 διά
858 3286 954 3340 τοῦ
989 3287 1225 3359 σταυροῦ
1254 3288 1331 3357 τῷ
1357 3287 1600 3357 Χριστῷ.
1620 3288 1778 3342 Ἐπεὶ

202 3376 293 3428 καὶ
329 3376 579 3447 Ἀϐραὰμ
602 3378 712 3437 τοῖς
751 3375 1068 3446 πωλήσασιν
1099 3375 1249 3446 αύτῷ
1268 3377 1359 3429 τὸν
1382 3376 1553 3444 τάφον
1577 3375 1779 3447 ἀνδρά-

200 3484 285 3520 σιν
309 3468 530 3522 ἀσεϐέσι
557 3469 959 3539 προσεκύνησε,
1001 3469 1095 3522 καὶ
1125 3468 1255 3536 γόνυ
1283 3467 1528 3537 ἔκαμψεν
1562 3469 1654 3520 ἐπὶ
1681 3470 1780 3536 τὴν

200 3558 327 3628 γῆν,
375 3559 489 3612 ἀλλ’
517 3560 614 3629 οὐχ
647 3559 723 3622 ὡς
765 3560 920 3621 Θεοὺς
975 3560 1172 3621 αὐτοὺς
1219 3559 1623 3628 προσεκύνησε.
1672 3559 1782 3610 Καὶ

202 3647 383 3715 πάλιν,
426 3651 455 3701 ὁ
510 3647 703 3701 Ἰακὼϐ
744 3648 837 3701 τὸν
883 3640 1081 3717 Φαραὼ
1109 3648 1413 3717 ηὐλόγησεν
1436 3690 1450 3712 ,
1481 3647 1653 3717 ἀσεϐῆ
1687 3649 1782 3700 καὶ

200 3739 593 3809 είδωλολάτρην
632 3738 779 3805 ὄντα,
816 3739 1023 3792 καὶτὸν
1070 3738 1240 3791 Ἡσαῦ
1271 3738 1520 3802 ἑπτάκις,
1547 3738 1662 3792 ἀλλ’
1686 3739 1782 3808 οὐχ

199 3831 275 3895 ὡς
297 3832 453 3885 Θεόν.
489 3831 813 3895 Ἰδέπόσους
841 3831 1169 3901 ἀσπασμοὺς
1198 3830 1294 3884 καὶ
1337 3830 1510 3893 πόσας
1542 3847 1781 3900 προσκυ-

198 3922 387 3993 νήσεις
426 3921 682 3986 ἀπέδειξά
736 3938 840 3979 σοι.
874 3923 1257 3992 γραφικάςητε
1282 3921 1675 3990 *κῖαιφυσικάω
1706 3920 1781 3989 μὴ

780 2468 946 2598 ii

30 3998 49 4079 ξ
76 4036 95 4055 ε
134 4012 430 4084 ῖηέχούσοις
465 4013 836 4081 κατάγνωσιν;
880 4014 980 4082 ἐμὲ
1004 4012 1059 4065 δὲ
1093 4013 1231 4065 ἐπάν
1266 4013 1382 4084 ἴδῃς
1423 4013 1610 4065 εἰκόνα
1647 4013 1784 4081 Χρι-

104 5608 111 5615 δ
138 5598 149 5609 r

106 5641 133 5659 ξι

108 5664 135 5673 ιη

198 4102 353 4165 στοῦ,
384 4102 417 4172 ἢ
449 4105 547 4173 τῆς
582 4102 858 4172 πανάγνου
888 4100 1053 4156 αὑτοῦ
1084 4102 1325 4172 Μητρὸς,
1358 4101 1392 4172 ἢ
1421 4102 1577 4170 ἁγίου
1611 4118 1783 4172 προσ-

195 4192 494 4257 κυνοῦντα,
528 4194 857 4263 ἀγανακτεῖς
899 4193 1123 4259 εὐθέως,
1156 4195 1252 4247 καὶ
1293 4193 1656 4265 βλασφημεῖς,
1692 4194 1784 4247 καὶ

194 4270 510 4355 ἀποπηδᾷς,
539 4286 635 4339 καὶ
666 4285 1063 4356 εἰδωλολάτρην
1109 4301 1177 4355 με
1207 4285 1525 4351 ἀποκαλεῖς,
1548 4284 1642 4339 καὶ
1687 4286 1786 4339 οὐκ

194 4378 467 4457 αίσχύνῃ;
495 4378 589 4432 καὶ
625 4378 889 4450 φρίττεις,
935 4379 1033 4432 καὶ
1074 4378 1359 4450 ἐρυθριᾷς,
1382 4378 1526 4449 ὁρῶν
1556 4396 1623 4448 με
1660 4378 1785 4432 καθ’

197 4467 445 4537 ἑκάστην
471 4465 683 4536 ἡμέραν
704 4467 761 4519 ἐν
782 4466 932 4539 πάσῃ
954 4469 1020 4537 τῇ
1042 4467 1339 4538 οἰκουμένῃ
1363 4467 1525 4529 ναοὺς
1554 4466 1787 4521 εἰδώλων

1872 2294 1974 2346 bus
2002 2291 2295 2360 complecti
2328 2290 2432 2345 sibi
2476 2289 2753 2343 videretur
2784 2290 2827 2319 ⁸⁷
2866 2306 2881 2343 :
2918 2290 3000 2345 sic
3048 2299 3104 2344 et
3152 2305 3252 2346 nes
3281 2288 3446 2344 Chri-

1873 2382 2039 2438 stiani
2079 2364 2371 2451 imaginem
2413 2381 2647 2449 apostoli
2692 2381 3024 2452 martyrisve
3059 2383 3267 2437 carnali
3296 2398 3449 2437 more

1872 2490 1993 2528 com
2004 2474 2331 2543 plectenles,
2354 2472 2540 2526 animo
2564 2480 2881 2540 reputamus
2912 2490 3034 2537 nos,
3056 2473 3139 2527 vel
3167 2472 3449 2528 Christum

1874 2565 2090 2632 ipsum,
2139 2563 2225 2617 vel
2280 2572 2570 2633 martyrem
2619 2562 2741 2631 ejus
2792 2563 3182 2631 amplexari....
3248 2563 3453 2629 Quam-

1874 2656 2085 2718 ohrem,
2109 2664 2167 2708 ut
2198 2654 2397 2723 saepius
2433 2653 2567 2718 dixi,
2605 2653 2657 2707 in
2687 2655 2834 2707 omni
2871 2654 3198 2709 salutatione
3220 2655 3301 2709 vel
3328 2654 3454 2709 ado-

1876 2743 2088 2797 ratione
2117 2742 2447 2814 disquiritur
2483 2744 2735 2798 intentio.
2765 2743 2921 2809 Quod
2954 2745 2999 2799 si
3028 2745 3160 2815 mihi
3193 2744 3454 2799 criniina—
3492 2802 3495 2805 λ

1877 2836 1975 2901 ris,
2004 2838 2162 2906 quasi
2194 2836 2382 2891 crucis
2415 2835 2641 2905 lignum,
2669 2852 2767 2891 ceu
2800 2836 3221 2907 Deumadorem
3243 2854 3258 2904 ;
3281 2851 3454 2906 quare

1878 2944 1989 2982 non
2028 2928 2156 2982 item
2189 2925 2361 2982 Jacob
2383 2942 2635 2991 accusas,
2666 2929 2762 2997 qui
2796 2929 2957 2999 virgae
2976 2927 3198 2999 Josephi
3225 2926 3453 2989 summi-
3486 2984 3489 2987 _

1879 3027 2045 3075 tatem
2070 3018 2322 3073 adoravit
2344 3018 2426 3091 ⁸⁸2
2446 3018 2514 3070 At
2543 3018 2897 3072 manifestum
2928 3028 3010 3072 est
3039 3034 3161 3073 eum
3183 3033 3294 3073 non
3321 3017 3450 3088 ligni

1878 3111 2184 3168 honorandi
2220 3126 2386 3165 causa
2426 3109 3158 3185 adorationemexhibuisse
3180 3150 3195 3175 ,
3226 3108 3323 3163 sed
3351 3124 3452 3179 po-

1879 3207 1989 3262 tius
2015 3220 2111 3275 per
2142 3204 2413 3258 honorem
2452 3201 2599 3272 ligno
2646 3203 2972 3270 praestitum,
3010 3201 3274 3271 adorasse
3302 3199 3455 3267 lose-

1881 3298 2071 3366 phum,
2125 3292 2287 3364 375
2324 3294 2468 3347 sicut
2513 3293 2571 3346 in
2607 3306 2772 3347 cruce
2802 3291 3085 3347 Christum
3135 3292 3452 3348 adoramus.
3514 3334 3515 3337 η

1881 3387 2087 3442 Eodem
2126 3388 2289 3453 plane
2322 3382 2486 3437 modo
2511 3398 2623 3449 quo
2657 3382 2935 3436 Abraham
2978 3382 3225 3437 homines
3258 3381 3455 3451 impios

1882 3496 1909 3530 ιι
1943 3477 2141 3547 quibus
2169 3475 2485 3543 sepulcrum
2516 3473 2881 3535 mercabatur,
2908 3472 3140 3541 genibus
3165 3472 3219 3524 iu
3248 3479 3455 3525 terram

1882 3564 2141 3620 demissis
2174 3563 2451 3626 adoravit,
2490 3577 2836 3631 nequaquam
2882 3570 3065 3615 tamen
3116 3562 3195 3616 uti
3228 3562 3361 3617 deos
3388 3562 3453 3616 “.

1882 3654 1962 3707 Ad
1990 3654 2125 3718 hec,
2169 3651 2340 3706 Jacob
2382 3650 2678 3714 Pharaoni,
2716 3649 2885 3717 impio
2918 3649 3042 3721 licet
3071 3649 3458 3717 idolorutnquc

1883 3745 2105 3809 cultori,
2136 3743 2420 3798 benedixit
2444 3742 2509 3808 ⁸ο,
2536 3752 2697 3810 atque
2727 3743 2929 3808 septies
2960 3743 3101 3796 Esau
3130 3742 3198 3807 ⁸⁸,
3222 3740 3319 3797 sed
3348 3756 3456 3795 non

1887 3838 1963 3892 uti
2007 3836 2201 3901 Deum,
2237 3818 2506 3889 adoravit.
2540 3831 2698 3896 Vide,
2742 3841 2879 3901 quot
2922 3832 3021 3887 tibi
3070 3834 3491 3895 salutationes,:

1885 3938 2127 4000 quotque
2165 3927 2542 3990 adorationes,
2577 3934 2689 3977 tum
2730 3926 2783 3978 in
2825 3922 3128 3999 Scripturis
3178 3925 3459 3997 probatas,

1886 4029 2000 4075 tum
2038 4020 2344 4083 naturales,
2379 4017 2515 4071 nulli
2562 4000 2793 4086 prorsus
2840 4014 3250 4084 reprehensioni
3282 4015 3461 4069 obno—

1885 4113 2004 4167 xias
2032 4094 2377 4181 pretulerim.
2409 4105 2491 4160 Tu
2534 4122 2686 4170 vero,
2720 4122 2845 4159 cum
2879 4105 3106 4169 Christi,
3143 4114 3238 4159 aut
3261 4105 3462 4160 castis-

1887 4204 2040 4261 simae
2073 4202 2263 4256 Matris
2292 4200 2463 4264 illius,
2507 4208 2601 4253 aut
2638 4199 2817 4253 sancti
2850 4198 3138 4266 cujusdam
3168 4197 3459 4267 imaginem

1886 4311 1989 4351 nos
2016 4294 2169 4349 vides
2197 4292 2451 4355 adorare,
2488 4289 2782 4344 Confestim
2838 4288 3291 4358 indignabundus
3324 4288 3458 4343 idin

1888 4390 2097 4443 crimen
2130 4385 2300 4440 vertis
2321 4425 2337 4451 ,
2366 4380 2711 4452 aufugisque,
2740 4387 2796 4434 et
2843 4394 2928 4433 me
2964 4374 3304 4431 idololatram
3358 4390 3462 4430 tto-

1889 4477 2087 4532 minas.
2123 4473 2243 4529 Non
2271 4481 2323 4528 te
2355 4471 2557 4542 pudet?
2592 4486 2702 4524 non
2748 4467 3158 4539 perhorrescis?
3204 4479 3313 4519 non
3365 4480 3462 4518 ru-

197 4558 565 4624 καταλύοντα,
595 4558 692 4612 καὶ
715 4559 875 4622 ναοὺς
904 4560 1196 4631 μαρτύρων
1218 4559 1601 4629 ἀνεγείροντα;
1634 4542 1777 4637 Elea

1892 4569 2024 4623 bore
2055 4563 2409 4626 sull‘underis,
2440 4560 2658 4632 quando
2692 4575 2778 4614 me
2814 4559 2963 4613 vides
2992 4557 3047 4610 in
3083 4557 3339 4611 universo
3368 4570 3464 4611 or—

194 4649 405 4703 εῖδωλα
430 4648 822 4721 προσεκύνουν,
852 4650 996 4703 διατί
1027 4651 1154 4712 τοὺς
1177 4650 1463 4720 μάρτυρας
1486 4649 1635 4719 τιμῶ
1660 4651 1789 4712 τοὺς

196 4737 626 4803 καταλύσαντας
653 4738 723 4792 τὰ
750 4737 977 4804 εἴδωλα;
1010 4740 1060 4791 εἰ
1089 4738 1147 4792 δὲ
1177 4737 1243 4791 τὰ
1274 4737 1425 4804 ξύλα,
1459 4737 1535 4801 ὼς
1560 4738 1684 4807 φὴς,
1709 4738 1796 4789 δο-

193 4828 379 4897 ξάζω,
410 4830 527 4894 πῶς
552 4830 697 4901 τιμῷ
722 4831 851 4893 τοὺς
876 4830 1085 4901 ἁγίους,
1116 4832 1243 4895 τοὺς
1290 4832 1360 4884 τὰ
1403 4830 1590 4895 ξύλινα
1627 4829 1793 4895 ξόανα

191 4920 315 4973 τῶν
337 4919 612 4990 δαιμόνων
641 4920 1129 4985 κατακαύσανταςς
1160 4920 1222 4973 Εἰ
1251 4920 1313 4997 δὲ
1340 4921 1581 4983 καὶτοὺς
1614 4919 1794 4982 λίθους

188 5009 441 5075 δοξάζω,
475 5009 591 5071 πῶς
610 5009 820 5077 δοξάζω
843 5011 971 5073 τοὺς
993 5010 1342 5073 ἀποστόλους,
1379 5013 1503 5073 τοὺς
1528 5013 1596 5064 τὰ
1619 5010 1795 5063 λίθινα

188 5100 406 5153 εἴδωλα
430 5101 912 5167 κατακλάσαντας;
939 5102 1001 5153 Εἰ
1022 5102 1117 5163 τὰς
1149 5101 1364 5164 εἰκόνας
1387 5102 1493 5153 τῶν
1517 5102 1797 5171 ψευδωνύ-

193 5209 329 5261 μων
354 5191 496 5244 θεῶν
526 5192 690 5254 σέϐω,
732 5192 851 5256 πῶς
879 5194 1088 5260 δοξάζω
1109 5233 1124 5257 ,
1151 5194 1245 5247 καὶ
1278 5194 1503 5255 ἐπαινῶ,
1558 5194 1652 5246 καὶ
1678 5194 1794 5261 ἐορ-

186 5282 305 5345 τὰς
364 5284 601 5336 ἐπιτελῶ
646 5285 755 5337 τῶν
804 5284 1028 5347 παιδῶν,
1069 5285 1177 5338 τῶν
1209 5285 1266 5337 ἐν
1299 5282 1574 5338 Βαϐυλῶνι
1628 5284 1795 5355 ἀθλη-

190 5374 451 5440 σάντων,
476 5377 570 5430 καὶ
593 5378 658 5446 τῇ
689 5377 858 5429 εἰκόνι
887 5379 953 5447 τῇ
974 5379 1149 5448 χρυσῇ
1172 5376 1246 5448 μὴ
1275 5376 1791 5448 προσκυνησάντων,

184 5467 266 5537 τῇ
306 5466 604 5537 είδωλικῇ;
639 5467 781 5520 Ἀλλ’
814 5467 982 5530 ὅντως
1029 5467 1198 5537 πολλὴ
1235 5468 1345 5521 τῶν
1365 5468 1583 5537 ἀνόμων
1614 5472 1645 5538 ἡ
1670 5466 1791 5549 πώ·-

160 5606 161 5609 η
188 5576 411 5633 ρῳσῖις,
442 5561 611 5633 πολλὴ
632 5560 925 5631 τύφλωσις.
959 5557 1032 5612 Ὦ
1074 5562 1322 5628 Ἰουδαῖε,
1365 5562 1535 5633 πολλὴ
1563 5567 1595 5631 ἡ
1637 5561 1792 5616 ἀναί-

332 5738 381 5770 ⁸⁷
415 5736 553 5791 Gen.
590 5752 805 5805 xxxvii,
848 5736 918 5790 32
950 5752 1106 5807 seqq.

181 5807 237 5838 ⁸⁸
271 5805 427 5864 Gen.
455 5823 649 5872 χχχιιι,
683 5809 735 5861 ’5.
812 5808 856 5839 ⁸³
877 5805 1127 5871 ῡειιιζιιι,
1162 5805 1186 5859 1
1218 5822 1372 5875 seqq.

542 5903 813 5959 Ρλτιιοι..
845 5901 962 5958 (in.
1008 5899 1203 5958 XCIV.

1203 5736 1248 5768 ⁸⁸
1284 5734 1423 5791 Gen.
1482 5752 1671 5801 XLVI“,
1718 5734 1815 5800 15',
1859 5731 2023 5788 Hebr.
2066 5746 2142 5796 ιι,
2189 5730 2279 5786 2i.

1890 4662 1957 4715 be
2030 4658 2300 4712 idolorum
2368 4654 2596 4708 delubra
2656 4651 3087 4716 demolientem,
3154 4650 3467 4720 templaque

1890 4753 2197 4815 martyrum
2261 4742 2457 4795 honori
2521 4737 2936 4794 exstruentem?
3001 4738 3148 4807 quod
3207 4738 3255 4792 si
3316 4736 3466 4792 idola

1892 4834 2080 4896 adoro,
2112 4830 2242 4901 quid
2273 4839 2356 4885 est
2401 4845 2501 4884 cur
2546 4836 2817 4898 martyres
2851 4825 3123 4879 idolorum
3175 4840 3467 4880 eversores

1892 4922 2197 4977 honorem?
2224 4919 2370 4990 quod
2423 4918 2470 4974 si
2498 4917 2685 4988 lignis,
2724 4917 2803 4970 uti
2836 4914 2986 4985 loqui
3026 4931 3200 4981 amas,
3234 4916 3468 4986 gloriam

1895 5010 2081 5065 defero
2108 5026 2123 5075 ;
2154 5010 2248 5079 qui
2279 5009 2358 5073 ﬁt,
2406 5017 2463 5063 ut
2494 5007 2702 5061 honore
2734 5004 2986 5060 homines
3019 5015 3243 5061 sanctos
3271 5020 3467 5076 prose-

1894 5117 2054 5172 quar,
2078 5101 2170 5171 qui
2197 5100 2402 5169 ligneas
2427 5100 2735 5154 daemonum
2767 5108 2979 5152 Statuas
3007 5097 3470 5153 combusserunt?

1897 5195 2003 5249 Sed
2049 5193 2094 5247 si
2136 5192 2344 5262 lapides
2392 5193 2640 5257 celebro;
2688 5206 2789 5245 cur
2832 5189 3115 5260 apostolos
3170 5190 3342 5260 ipsos,
3372 5191 3469 5260 qui

1896 5282 2109 5353 lapidea
2166 5282 2456 5337 simulacra
2513 5282 2999 5345 comminuerunt,
3060 5280 3414 5339 celebravere
3446 5282 3483 5343 2,

1898 5375 2042 5445 quod
2066 5374 2109 5429 si
2139 5372 2355 5427 tandem
2380 5372 2645 5427 falsorum
2666 5372 2894 5426 deorum
2916 5387 3150 5427 veneror
3167 5372 3468 5443 imagines;

1900 5482 2069 5536 quare
2103 5464 2271 5535 igitur
2332 5467 2493 5521 trium
2568 5478 2869 5533 puerorum
2895 5462 2961 5526 “,
2982 5458 3133 5539 quia,
3152 5479 3222 5516 ne
3249 5477 3470 5517 auream

1902 5560 2033 5613 idoli
2063 5558 2354 5628 imaginem
2385 5555 2701 5619 adorarent,
2720 5553 2995 5625 Babylone
3022 5555 3469 5619 decertaverunt,

2378 5732 2423 5764 ⁵³
2457 5729 2594 5786 Gen.
2630 5744 2787 5793 χχιιι,
2820 5729 2869 5784 7.
2971 5730 3016 5762 °°
3044 5728 3181 5786 Cen.
3221 5744 3387 5795 xcvn,
3415 5728 3470 5781 9.

3079 5894 3157 5953 44.
