3986 6346
481 314 615 379 1387

1651 314 1710 373 S.
1751 315 2071 379 JOANNIS
2111 319 2541 382 DAMASCENI

3612 324 3758 391 1388

474 430 704 500 gloriam
768 428 1067 496 laudesque
1128 425 1389 496 praedii-,0,
1460 424 1772 499 horumque
1836 431 2040 485 nomint

2158 432 2277 487 δειὰ
2317 451 2412 485 σου
2447 434 2541 487 καὶ
2566 434 2599 504 ή
2628 432 2854 488 ἀσέϐεια
2875 447 2887 462 '
2929 432 3149 506 ἀληθῶς
3199 433 3469 489 ἀδικεῖται
3517 436 3627 490 ὑπὸ
3656 455 3756 491 σου

473 524 593 578 dies
643 522 811 578 festos
854 521 1000 592 ago?
1032 518 1233 575 Verum
1284 519 1453 574 nimia
1502 521 1663 590 plane
1689 521 2049 580 scelestorum

474 613 781 668 obcaecatio
820 622 927 675 est,
982 612 1149 666 nimia
1202 611 1441 667 caecitas.
1492 610 1690 684 Magna
1730 629 1982 684 prorsus,
2019 630 2053 669 ο

470 704 680 767 Judaee,
712 705 1052 774 impudentia
1086 713 1202 757 tua.
1236 701 1487 759 Profecto
1503 704 1603 760 abs
1634 714 1687 761 te
1709 707 1913 762 veritas
1943 707 2052 760 ini—

468 812 575 862 quc
606 798 894 865 premitur.
917 815 935 847 ι
958 796 1227 866 Exsurge,
1247 793 1414 858 Deus,
1433 795 1621 865 judica
1637 811 1862 853 causam
1883 808 2052 852 tuam.

2150 524 2183 593 ὴ
2218 523 2463 594 ἀλήθεια.
2488 543 2506 575 ι
2542 524 2793 590 Ἀνάστα,
2827 524 2855 576 ὁ
2878 523 3027 589 Θεὸς,
3060 522 3282 576 δίκασον
3307 524 3405 594 τὴν
3426 523 3585 595 δίκην
3614 541 3714 578 σου
3734 542 3754 559 ·

2150 614 2334 682 κρῖνον
2365 616 2461 669 καὶ
2493 615 2712 669 δίκασον
2760 617 2893 686 ἡμῖν
2920 614 2981 680 ἐξ
3035 614 3222 678 ἔθνους
3269 615 3369 685 οὐχ
3419 616 3600 681 ὁσίου,
3631 611 3757 670 ἀλλ’

2151 705 2371 760 ἀνοσίου
2395 708 2489 759 καὶ
2519 706 2823 778 ἀλλοτρίου,
2850 706 2947 761 καὶ
2978 705 3379 777 παροξύνοντὸς
3408 722 3467 759 σε
3492 705 3584 760 διὰ
3609 725 3761 759 παν-

2153 796 2266 859 τός.
2307 814 2327 849 ι

468 887 681 952 Judica,
714 898 769 945 et
798 889 1055 947 discerne
1095 904 1320 947 causam
1353 899 1599 945 nostram
1634 891 1701 946 de
1735 898 1898 961 gente
1926 905 2038 945 non
2077 897 2291 955 sancta,
2331 890 2402 946 ab
2431 890 2620 961 iniqua
2651 898 2705 947 et
2738 891 2945 954 aliena,
2973 904 3096 961 qua:
3152 896 3208 945 te
3271 886 3342 944 ad
3403 890 3758 946 iracundiam

471 989 752 1048 provocat.
790 999 809 1031 ι

544 1071 819 1141 Ejusdem.
854 1090 875 1124 ι
910 1070 968 1126 Si
995 1087 1151 1143 ergo,
1182 1080 1240 1126 ut
1268 1087 1415 1143 sape
1452 1070 1589 1136 dixi,
1639 1071 1849 1142 lignum
1903 1072 2044 1141 lapi-

465 1159 703 1230 denique
728 1160 1041 1225 adorarem,
1080 1161 1249 1231 lapidi
1277 1162 1467 1231 utique
1492 1169 1547 1215 et
1578 1160 1729 1233 ligno
1762 1160 2003 1217 dicerem
2029 1179 2042 1216 :

469 1248 547 1303 Τιι
578 1266 659 1303 me
686 1250 917 1320 genuisti
951 1252 1018 1305 °'.
1062 1250 1161 1306 Sin
1193 1260 1377 1307 autem
1418 1260 1741 1307 sanctorum
1772 1253 2045 1323 imagines

465 1343 657 1408 adoro,
692 1344 801 1399 imo
833 1358 962 1400 vero
1009 1344 1057 1400 si
1101 1352 1327 1401 sanctos
1384 1344 1557 1414 ipsos,
1613 1351 2046 1416 sanctorumque

462 1434 767 1489 certamina
810 1450 1039 1491 veneror
1086 1445 1141 1490 et
1174 1436 1321 1499 colo,
1371 1437 1651 1507 quomodo
1706 1446 1785 1502 tu,
1828 1438 2043 1503 insane,

467 1527 581 1581 haec
610 1527 753 1582 idola
787 1529 993 1584 vocas?
1018 1528 1171 1583 Idola
1197 1529 1401 1599 quippe
1422 1530 1819 1586 similitudines
1839 1529 2048 1584 fuerint

461 1634 676 1684 eorum,
702 1620 797 1689 qui
834 1619 1092 1686 adulteri,
1139 1619 1452 1686 homicidae,
1497 1620 1735 1674 ﬁliorum
1776 1628 2046 1675 mactato-

464 1725 574 1774 res.
606 1720 661 1765 et
686 1711 990 1766 cﬂeminati
1022 1712 1281 1767 homines
1315 1713 1680 1780 exstiterunt,
1717 1728 1820 1767 non
1861 1721 2046 1768 autem

2220 1068 2332 1123 Τοῦ
2358 1067 2569 1124 αὐτοῦ.
2610 1085 2630 1120 ι
2677 1068 2740 1121 El
2773 1067 2873 1138 μὲν
2902 1059 2994 1137 οῦν
3027 1063 3105 1129 ὡς
3145 1063 3413 1126 πολλάκις
3462 1060 3639 1131 εἶπον,
3672 1065 3756 1136 τῷ

2147 1158 2291 1229 ξύλῳ
2324 1158 2418 1212 καὶ
2470 1157 2550 1228 τῷ
2604 1156 2761 1227 λίθῳ,
2786 1157 2863 1220 ὡς
2915 1155 3036 1225 Θεῷ
3089 1153 3497 1226 προσεκύνουν,
3531 1151 3664 1209 εἶπα
3683 1156 3753 1210 ἂν
3798 1214 3805 1237 ῒ

2145 1251 2302 1320 κὰγὼ
2326 1250 2407 1321 τῷ
2453 1250 2597 1321 ξύλῳ
2628 1251 2725 1303 καὶ
2766 1248 2927 1319 λίθῳ·
2966 1249 3050 1301 Σύ
3100 1264 3178 1317 με
3212 1246 3572 1315 ἐγέννησας.
3600 1249 3663 1302 Εἰ
3692 1248 3751 1301 δὲ
3794 1272 3801 1327 λ

2143 1343 2242 1408 τὰς
2281 1342 2500 1406 εἰκόνας
2526 1342 2636 1396 τῶν
2679 1342 2854 1411 ἁγίων
2897 1338 3213 1411 προσκυνῶ,
3238 1340 3365 1401 τοὺς
3391 1340 3582 1407 ἁγίους
3610 1340 3750 1410 μᾶλα

2143 1435 2257 1501 λον,
2286 1434 2384 1490 καὶ
2414 1434 2709 1506 προσκυνῶ
2741 1434 2839 1498 τὰς
2871 1433 2980 1487 τῶν
3032 1433 3202 1501 ἁγίων
3253 1432 3549 1504 μαρτύρων
3576 1433 3752 1503 ἀθλή-

2145 1541 2261 1589 σεις
2295 1526 2392 1579 καὶ
2417 1526 2586 1595 τιμῶ,
2620 1525 2737 1589 πῶς
2759 1525 2939 1594 λέγεις
2977 1525 3177 1580 εἴδωλα
3208 1524 3384 1579 ταῦτα
3403 1565 3418 1590 ,
3440 1519 3484 1578 ὦ
3512 1525 3749 1596 ἁνόητες

2144 1616 2227 1669 Τὰ
2254 1615 2366 1686 γὰρ
2401 1614 2620 1681 εἴδωλα,
2654 1614 2765 1668 τῶν
2810 1614 3182 1686 ψευδωνύμων
3205 1656 3221 1682 ,
3245 1615 3356 1669 τῶν
3385 1614 3618 1686 μοιχῶν,
3649 1614 3751 1667 καὶ

2143 1707 2419 1777 φονευτῶν
2442 1748 2459 1774 ,
2514 1709 2614 1762 καὶ
2664 1707 3043 1773 τεκνοθυτῶν,
3076 1709 3172 1761 καὶ
3226 1708 3490 1778 μαλακῶν
3544 1707 3751 1778 69.0w}-

465 1803 857 1873 propbetarum
895 1814 946 1859 et
986 1807 1391 1875 apostolorum.
1428 1806 1609 1875 Atque
1653 1813 1716 1859 ut
1758 1820 1826 1859 ex
1863 1806 2040 1875 aliqua

2151 1799 2298 1870 ματὰ
2326 1801 2455 1866 εἱσι,
2488 1800 2582 1853 καὶ
2628 1800 2691 1852 οὐ
2739 1800 3060 1870 προφητῶν,
3096 1799 3219 1853 οὐδὲ
3248 1800 3591 1855 ἀποστόλων.
3633 1801 3753 1852 Kal.

460 1868 639 1965 parte.
680 1890 846 1952 brevi
908 1868 1334 1965 certissimoque
1404 1868 1660 1966 exemplo
1715 1868 2040 1967 intelligas,

2151 1868 2238 1946 ίνα
2273 1891 2338 1945 ὲκ
2380 1890 2584 1963 μέρους
2604 1868 2947 1963 παραστήσω
2982 1890 3249 1963 σύντομον
3279 1892 3378 1946 κα)⁸
3415 1892 3751 1945 πιστότατον

460 1990 591 2059 quid
623 1989 972 2044 Christianos
1022 1989 1168 2044 inter
1215 1997 1271 2044 et
1307 1989 1540 2061 gentiles
1581 1988 1841 2059 paritatis
1876 1990 2046 2044 inter-

459 2078 642 2146 cedat,
687 2077 840 2131 audi.
887 2076 1175 2133 Habebant
1209 2076 1489 2149 Babylone
1538 2077 1785 2132 Chaldaei
1834 2078 2047 2131 musica

457 2169 640 2225 omnis
670 2168 889 2241 generis
922 2184 1151 2239 organa,
1173 2154 1385 2239 quibus.
1407 2168 1706 2223 simulacra
1730 2167 2044 2223 daemonum

459 2258 1088 2313 colebant:.babebant
1150 2268 1205 2314 et
1263 2259 1361 2314 ﬁlii
1414 2256 1585 2315 Israel
1641 2256 2045 2330 Hierosolymis

458 2357 737 2417 asportata
789 2363 1020 2419 organa,
1056 2363 1177 2418 quae
1214 2348 1268 2402 in
1305 2349 1570 2405 salicibus
1605 2350 2041 2422 suspenderunt.

459 2439 702 2510 Utraque
759 2441 1124 2495 instrumenta
1182 2450 1365 2503 erant,
1421 2442 1632 2507 nablia,
1684 2443 1936 2506 citbarm,
1987 2450 2043 2497 et

455 2533 606 2587 tibiae
633 2550 646 2585 :
682 2531 781 2587 scd
816 2532 919 2587 ista
947 2532 1014 2587 ad
1045 2532 1135 2585 Dei
1168 2533 1401 2603 gloriam
1429 2550 1444 2601 ;
1486 2534 1581 2587 illa
1609 2547 1743 2589 vero
1774 2533 2040 2589 similitu-

454 2623 601 2678 dinis
630 2624 824 2678 borum
847 2624 1067 2690 aemula,
1102 2626 1169 2679 ad
1202 2628 1509 2681 daemonum
1549 2626 1761 2681 cultum
1788 2627 2038 2696 pertine-

454 2717 609 2772 bant.
637 2716 783 2772 Idem
808 2716 921 2787 jam
962 2717 1262 2773 discrimen
1294 2719 1439 2773 inter
1468 2718 1739 2787 imagines
1763 2716 2038 2773 Christia-

452 2824 653 2863 norum
691 2818 745 2864 et
774 2808 920 2863 idola
970 2808 1261 2879 gentilium
1307 2809 1511 2880 cogita.
1557 2807 1686 2865 Haec
1735 2811 1939 2881 quippe
1970 2808 2038 2863 ad

452 2900 657 2956 diaboli
690 2900 920 2971 gloriam
947 2915 1012 2956 ac
1037 2901 1400 2968 memoriam;
1435 2902 1528 2956 illa
1554 2916 1688 2959 vero
1709 2902 1777 2957 ad
1804 2902 2035 2964 Christi,

451 3000 505 3047 ct
552 2993 931 3063 apostolorum
969 3004 1411 3063 martyrumque,
1451 3002 1506 3048 et
1539 3005 1860 3050 sanctorum
1915 2992 2034 3063 ejus

451 3083 670 3140 laudem
701 3083 972 3139 fabricata
1000 3091 1151 3167 sunt.
1193 3102 1212 3135 ι

524 3172 800 3242 Ejusdem.
835 3191 854 3224 ι
894 3173 1129 3228 Proinde
1164 3171 1388 3242 quando
1411 3170 1789 3229 Christianum
1825 3172 2034 3228 videris

2148 1982 2456 2054 ὑπόδειγμα
2493 1985 2624 2057 περὶ
2648 1983 3051 2055 Χριστιανικῶν
3072 1984 3170 2038 καὶ
3204 1983 3532 2055 Ἑλληνικῶν
3549 1986 3751 2055 ὁμοιω-

2150 2074 2340 2145 μὰτων
2362 2114 2378 2142 ,
2413 2076 2548 2131 ἁκου
2564 2094 2678 2132 σον.
2729 2072 2889 2149 Εἶχον
2936 2078 2995 2130 ἐν
3049 2076 3332 2130 Βαϐυλῶνι
3389 2078 3438 2130 oi
3484 2076 3752 2131 Χαλδαῖοι

2145 2165 2354 2238 ὄργανα
2406 2170 2639 2222 παντοῖα
2677 2167 2919 2239 μουσικὰ
2972 2168 3109 2239 πρὸς
3161 2167 3463 2241 θεραπείαν
3504 2168 3753 2223 εἰδώλων

2145 2256 2437 2328 δαιμόνων.
2462 2255 2622 2330 Εἶχον
2648 2259 2707 2313 δὲ
2739 2260 2838 2314 καὶ
2861 2261 2912 2313 οἱ
2939 2260 3047 2313 υἱοὶ
3071 2260 3292 2332 Ἰσραὴλ
3319 2259 3428 2315 ἀπὸ
3467 2260 3748 2331 Ἰερουσαο

2144 2347 2257 2420 λὴμ
2307 2350 2517 2420 ὄργανα
2539 2391 2554 2417 ,
2580 2350 2616 2405 ἁ
2646 2352 2739 2404 ἐπὶ
2775 2353 2897 2414 ταῖς
2930 2350 3446 2424 ίτέαιςξκρέμασαχ
3468 2393 3484 2418 ,
3510 2340 3871 2424 “15139-1.-
3914 2350 3927 2365 ν

2146 2367 2257 2420 Αημ
2307 2367 2517 2420 οργανα
2539 2391 2554 2417 ,
2580 2367 2616 2405 α
2646 2367 2739 2404 επι
2775 2367 2897 2414 ταις
2931 2367 3069 2404 ιτεαι
3128 2367 3446 2422 εκρεμασαν
3468 2393 3484 2418 ,
3510 2367 3797 2424 καιαμορ
3822 2367 3827 2369 “

2144 2441 2351 2513 cadet-:99
2375 2443 2606 2514 ὄργανα,
2633 2443 2728 2495 καὶ
2760 2430 2977 2511 ﬂigi,
2997 2367 3375 2680 $1.
3397 2406 3441 2511 θ
3444 2444 3540 2497 καὶ
3582 2426 3839 2515 αύλοὶξ.

2144 2533 2413 2604 ὑπῆρχον,
2433 2533 2469 2588 ἁ
2496 2534 2588 2588 ἐπὶ
2612 2538 2734 2599 ταῖς
2771 2534 2944 2598 ίτέαις
2966 2537 2991 2588 ὲ
3362 2535 3509 2589 am
3534 2536 3606 2589 τὰ
3639 2537 3749 2606 μὲν

2144 2624 2224 2680 εἰς
2255 2624 2413 2680 δόξαν
2450 2624 2588 2679 Θεοῦ
2641 2626 2912 2680 ἐγένοντο.
2943 2626 3013 2680 τὰ
3054 2627 3113 2680 δὲ
3219 2645 3247 2680 c
3290 2626 3588 2680 θεραπείαν
3627 2628 3748 2680 τῶν

2143 2533 2413 2604 ὑπῆρχον,
2433 2533 2469 2588 ἁ
2496 2534 2588 2588 ἐπὶ
2612 2538 2734 2599 ταῖς
2771 2534 2944 2598 ίτέαις
2966 2533 3509 2606 emam:
3534 2536 3606 2589 τὰ
3639 2537 3749 2606 μὲν

2141 2624 2224 2689 είς
2255 2624 2413 2690 δόξαν
2450 2624 2588 2679 Θεοῦ
2641 2626 2912 2694 ἐγένοντο,
2943 2626 3013 2680 τὰ
3054 2624 3247 2690 δὲᾝς
3290 2626 3588 2698 θεραπείαν
3627 2628 3748 2682 τῶν

2140 2714 2414 2787 δαιμόνων
2438 2756 2454 2782 ,
2490 2716 2785 2793 ᾁντίμιμα.
2818 2715 2977 2770 Οὕτω
3022 2717 3231 2782 λοιπὲν,
3260 2721 3357 2771 καὶ
3384 2717 3479 2771 ἐπὶ
3508 2718 3626 2773 τῶν
3662 2720 3749 2773 είο
3770 2748 3807 2768 ,κν
3836 2738 3861 2761 π.
3922 2740 3927 2753 ι

2140 2808 2336 2873 κόνων,
2365 2811 2462 2863 καὶ
2510 2810 2767 2876 εἰδώλων,
2811 2807 3141 2878 Ἑλληνικῶν
3195 2809 3292 2863 καὶ
3332 2809 3746 2880 Χριπιανιιαῦν

2139 2900 2252 2953 νόει
2286 2901 2369 2954 ὅτι
2406 2902 2591 2955 ἐκεῖνα
2626 2901 2726 2972 μὲν
2765 2904 2847 2965 είς
2886 2901 3046 2968 δόξαν
3089 2900 3340 2954 διαϐόλου
3381 2903 3476 2956 καὶ⁵
3511 2903 3745 2975 μνήμην

2139 2991 2689 3063 κατεσκευάσθησαν,
2717 2992 2895 3047 ταῦτα
2924 2992 2984 3047 δὲ
3036 2994 3118 3057 είς
3160 2992 3323 3058 δόξαν
3350 2995 3611 3065 Χριστοῦ,
3637 2997 3744 3049 καὶ

2136 3081 2473 3149 ἀποστόλων,
2492 3083 2589 3136 καὶ
2621 3084 2939 3155 μαρτύρων,
2969 3086 3064 3139 καὶ
3088 3086 3260 3153 ἁγίων
3297 3086 3519 3142 αὑτοῦ.»

2219 3172 2329 3227 Τοῦ
2351 3173 2562 3228 αὐτοῦ.
2601 3191 2620 3226 ι
2654 3175 2826 3229 Ὀταν
2846 3176 3031 3231 τοίνυν
3060 3177 3176 3249 ῐδῃς
3203 3179 3535 3250 Χριστιανὸν
3562 3198 3742 3252 προσ-

450 3280 670 3319 crucem
704 3264 959 3330 adorare,
1003 3264 1057 3318 id
1097 3265 1165 3318 ab
1214 3279 1282 3320 eo
1323 3262 1440 3319 ﬁeri
1491 3274 1721 3335 propter
1753 3264 2036 3319 Christum

2151 3263 2410 3320 κυνοῦντα
2438 3264 2517 3338 τῷ
2548 3266 2793 3338 σταυρῷ,
2837 3269 3030 3337 γνῶθι,
3209 3238 3298 3325 δια
3354 3238 3742 3345 Χριστὸνιτδν

450 3356 774 3412 cruciﬁxum
827 3357 1012 3419 scito,
1066 3371 1178 3411 non
1227 3366 1409 3411 autem
1470 3365 1528 3410 ut
1570 3357 1778 3428 lignum
1824 3356 2037 3412 adoret.

449 3448 667 3519 Alioqui
724 3448 982 3503 universa
1032 3448 1179 3520 ligna
1234 3448 1618 3516 adoraremus,
1668 3448 1817 3505 sicut
1864 3448 2038 3505 Israel

450 3539 606 3595 lucos
636 3548 689 3594 et
722 3540 950 3595 arbores
977 3538 1265 3603 adorabat,
1294 3546 1458 3609 atque
1488 3539 1709 3595 dicebat
1739 3559 1751 3594 :
1789 3541 1863 3593 Tu
1898 3538 2036 3593 Deus

448 3647 596 3685 meus
652 3647 744 3695 es;
794 3641 850 3684 tu
889 3647 970 3685 me
1024 3632 1253 3701 genuisti
1287 3630 1355 3686 “.
1389 3628 1502 3686 Nos
1543 3646 1673 3686 vero
1704 3645 1814 3685 non
1868 3630 2033 3699 item;

448 3724 545 3778 sed
589 3722 916 3776 memoriam
960 3723 1351 3793 picturamque
1398 3721 1698 3777 Dominicaa
1733 3722 2031 3791 passionis,

446 3823 501 3868 et
528 3813 693 3883 376
719 3813 943 3867 illorum
982 3813 1075 3883 qui
1111 3828 1212 3883 pro
1242 3814 1364 3883 ipso
1409 3824 1825 3883 pugnaverunt,
1860 3812 1914 3867 in
1947 3829 2036 3869 ec-

446 3905 638 3961 clesiis
684 3920 747 3959 ac
804 3905 1059 3960 domibus
1113 3914 1402 3970 tenemus;
1457 3904 1645 3959 omnia
1681 3919 1878 3975 nempe
1905 3920 2031 3975 pro-

2143 3357 2547 3429 σταυρωθέντα,
2566 3361 2661 3414 καὶ
2685 3363 2748 3415 οὐ
2780 3363 2879 3433 τὴν
2904 3363 3068 3432 φύσιν
3094 3362 3192 3417 τοῦ
3218 3365 3379 3432 ξύλου
3409 3371 3736 3438 προσκυνεῖ.

2152 3446 2308 3501 Ἐπεὶ
2338 3450 2520 3505 πάντα
2551 3449 2619 3505 ἁν
2647 3452 2716 3507 τὰ
2736 3452 2870 3519 ξύλα
2906 3457 3359 3529 προσεκυνοῦμεν
3387 3459 3483 3513 τοῦ
3522 3461 3736 3532 ἀγροῦ,

2139 3540 2234 3594 καὶ
2255 3538 2446 3613 ὥσπερ
2468 3543 2497 3595 ό
2529 3542 2747 3616 Ἰσραὴλ
2775 3546 3101 3617 προσεκύνει
3126 3548 3195 3601 τὰ
3225 3549 3363 3621 ἁλση
3386 3551 3480 3604 καὶ
3506 3552 3580 3604 τὰ
3604 3552 3734 3606 δέν-

2136 3629 2261 3701 δρα,
2292 3630 2491 3700 λέγων·
2524 3637 2607 3689 Σύ
2622 3651 2746 3704 μου
2766 3631 2824 3690 εἴ
2845 3635 3012 3703 Θεὸς,
3044 3639 3142 3692 καὶ
3176 3641 3257 3694 σύ
3270 3656 3348 3711 με
3369 3642 3733 3712 ἐγέννησας.

2146 3724 2337 3796 Ἡμεῖς
2363 3725 2422 3779 δὲ
2461 3728 2560 3799 οὐχ
2585 3727 2781 3795 οὕτως,
2816 3730 2955 3785 ἁλλὰ
2998 3734 3226 3805 μνήμην
3251 3736 3347 3789 καὶ
3364 3738 3590 3809 γραφὴν
3615 3740 3735 3795 τῶν

2133 3816 2230 3870 τοῦ
2285 3819 2491 3891 Κυρίςυ
2549 3821 2927 3893 παθημάτων,
2959 3826 3054 3879 καὶ
3097 3825 3208 3880 τῶν
3250 3827 3321 3881 δι’
3350 3829 3514 3883 αὑτὸν
3554 3829 3733 3904 ἀθλη-

2136 3910 2366 3975 σάντων,
2392 3913 2450 3965 ὲν
2491 3916 2612 3978 ταῖς
2641 3915 2957 3986 ἐκκλησίαις
2991 3918 3084 3971 καὶ
3117 3920 3288 3983 οἴκοις
3301 3919 3517 3992 ἔχομεν,
3547 3925 3733 3979 πάντα

447 4008 571 4068 pter
598 3995 888 4052 Dominum
927 4005 1178 4053 nostrum
1216 3996 1506 4053 facientes.
1539 3996 1914 4069 Rursumque,
1944 3998 2032 4054 dic

2151 4001 2201 4055 it’
2232 4002 2393 4056 αὑτὸν
2421 4004 2704 4069 ποιοῦντες
2729 4006 2819 4061 τὸν
2850 4007 3121 4081 ἡμέτερον
3152 4011 3377 4081 Κύριον.
3404 4014 3513 4067 Καὶ
3543 4010 3730 4083 αὖθις,

447 4091 669 4155 amabo,
694 4089 905 4154 Judase,
942 4106 1192 4161 quaenam
1221 4091 1498 4161 scriptura
1546 4090 1716 4162 Moysi
1756 4090 2027 4161 permisit,

2151 4094 2274 4161 ιίπὲ,
2300 4088 2345 4147 ὧ
2370 4093 2614 4162 Ἰουδαῖε,
2648 4098 2776 4152 ποία
2799 4100 2991 4171 Γραφὴ
3022 4101 3292 4173 ἐπέτρεψε
3328 4104 3521 4158 Μωσεῖ
3552 4123 3732 4177 προσ-

446 4181 707 4238 uththro
719 4198 972 4239 socerum
996 4198 1159 4237 suum
1178 4183 1445 4239 cultorem
1466 4182 1741 4237 idolorum
1763 4200 1777 4248 ;
1796 4180 2027 4247 Jacobo,

2151 4187 2366 4257 ιυνῆσαι
2390 4189 2561 4260 ζζοθὸρ
2585 4190 2664 4261 τῷ
2685 4191 2923 4265 γαμϐρῷ
2950 4194 3143 4259 αὐτοῦ,
3172 4195 3538 4270 εἰδωλολάτρῃ
3566 4199 3689 4253 ϐντι
3707 4241 3726 4268 ,

446 4283 509 4329 ut
552 4274 935 4341 Pharaonem;
972 4274 1320 4341 Abraliamo,
1363 4283 1425 4329 ut
1472 4273 1613 4330 ﬁlios
1662 4273 1886 4328 Emmor
1927 4274 2029 4329 ad-

2151 4279 2227 4331 ια).
2271 4277 2465 4332 Ἰακὼϐ
2490 4280 2567 4351 τῷ
2593 4282 2822 4353 Φαραὼ,
2850 4284 2945 4338 καὶ
2986 4285 3238 4357 Ἀϐραὰμ
3265 4290 3378 4352 τοῖς
3416 4291 3551 4351 υἱοῖς
3584 4292 3729 4363 Ἐμ-

445 4365 703 4420 orarcnt‘l
740 4380 926 4420 annon
955 4365 1034 4419 illi
1067 4365 1209 4435 justi
1242 4376 1403 4420 erant
1441 4372 1496 4419 et
1526 4364 1849 4435 prophetae?
1876 4380 2028 4436 qua:-

2151 4369 2285 4441 ιώρς
2319 4372 2416 4426 καὶ
2439 4373 2637 4428 ἐκεῖνοι
2674 4374 2873 4429 δίκαιοι
2923 4377 3018 4430 καὶ
3054 4379 3369 4449 προφῆται·
3402 4383 3495 4435 καλ⁵
3514 4384 3732 4457 Δανιὴλ

445 4472 571 4511 nam
599 4455 831 4521 Danieli,
852 4465 912 4511 ut
932 4457 1158 4527 impium
1182 4454 1725 4511 Nabuchodonosor?
1743 4456 1819 4510 Ac
1840 4456 1884 4512 si
1908 4472 2028 4526 pro-

2151 4460 2206 4532 τῷ
2255 4461 2727 4539 Ναϐουχοδονόσορ
2757 4467 2946 4523 ἀσεϐεῖ
2989 4468 3136 4538 ϐντι;
3171 4471 3283 4525 Καὶ
3308 4473 3359 4526 εἰ
3395 4474 3594 4528 ἐκεῖνοι
3628 4454 3729 4533 διὰ

444 4556 567 4618 pter
587 4548 920 4603 mundanam
935 4556 1041 4603 tem
1051 4547 1434 4619 porariamque
1445 4547 1609 4602 vitam
1630 4548 1732 4603 hoc
1750 4548 2023 4615 fecerunt,

2151 4552 2404 4624 ιοσμικὴν
2425 4556 2524 4607 καὶ
2570 4556 2908 4627 πρόσκαιρον
2941 4557 3089 4631 ζωὴν
3124 4559 3299 4614 ταῦτα
3326 4561 3564 4630 ἐποίουν,
3598 4566 3729 4630 πῶς

442 4654 610 4695 eccur
632 4654 844 4693 mecum
874 4640 1218 4710 expostulas,
1247 4639 1392 4708 quod
1426 4639 1480 4693 in
1510 4640 1685 4697 sacris
1709 4650 2025 4697 sanctorum

2151 4642 2255 4711 ιμοὶ
2289 4642 2543 4712 ἐγκαλεῖς
2591 4646 2988 4717 προσκυνοῦντι
3007 4650 3130 4712 ταῖς
3178 4651 3363 4719 ἁγίαις
3397 4653 3504 4707 τῶν
3544 4656 3729 4724 ἁγίων

444 4728 751 4796 memoriis,
787 4731 903 4809 sive
940 4746 1035 4801 per
1068 4731 1421 4803 scripturam,
1458 4731 1575 4787 sive
1605 4748 1703 4804 per
1760 4732 2030 4803 picturam

2151 4734 2380 4805 ινήμαις
2406 4776 2421 4802 ,
2450 4742 2753 4810 γραφικαῖς
2814 4742 2913 4795 καὶ
2952 4742 3287 4815 ἱστορικαῖς,
3320 4747 3417 4799 καὶ
3458 4748 3529 4801 τὰ
3567 4744 3769 4816 seen“.
3794 4800 3805 4813 .
3826 4792 3869 4805 ,κ

442 4823 745 4901 expressis,
787 4822 1106 4877 eorumdem
1145 4822 1428 4879 cruciatus
1470 4832 1525 4878 et
1563 4825 1865 4878 certamina
1902 4824 2036 4880 ado-

2151 4826 2224 4881 tal.
2258 4825 2359 4891 τὰς
2397 4828 2686 4902 ἁθλήσεις,
2718 4831 2777 4899 ἐξ
2807 4825 2883 4885 ὧν
2907 4833 3029 4887 καθ’
3057 4836 3273 4907 ἡμέραν
3296 4838 3726 4910 εύεργετοῦμαι,

444 4930 581 4979 rem,
624 4930 721 4981 per
764 4929 886 4981 quae
932 4912 1168 4985 singulis
1214 4914 1411 4969 diebus
1466 4914 1752 4970 beneﬁciis
1797 4931 2032 4986 augeor,

444 5013 879 5076 perpetuamque
929 5013 983 5061 et
1026 5006 1418 5076 sempiternam
1462 5006 1623 5059 vitam
1674 5007 1970 5077 exspecto?
2009 5027 2027 5060 ι

445 5097 531 5151 Ex
570 5095 817 5151 Historia
869 5097 1229 5151 ecclesiastica
1286 5095 1567 5161 Theodori,
1628 5107 1766 5151 (omo
1816 5108 2027 5168 quarto.

338 5318 347 5323 ,
522 5277 541 5310 ι
583 5257 700 5314 Sub
732 5257 836 5312 hoc
856 5256 1172 5322 consulatu,
1195 5254 1284 5308 die
1312 5269 1418 5307 xxv
1443 5253 1654 5309 mensis
1681 5251 2024 5319 Decembris,

416 5350 692 5447 iterribile
725 5351 1032 5421 ingensque
1076 5348 1405 5402 miraculum
1439 5345 1690 5418 contigit,
1723 5347 1871 5417 quod
1909 5362 2029 5403 om-

519 5483 791 5542 "Jerem.
824 5500 887 5552 ιι,
926 5484 1017 5540 27.
1095 5485 1141 5516 “
1173 5485 1303 5541 ibid.

2129 4917 2224 4971 καὶ
2261 4916 2479 4971 αἰώνιον
2508 4920 2602 4972 καὶ
2632 4921 2806 4975 ἀΐδιον
2842 4922 2987 4996 ζωὴν
3035 4925 3347 4996 ἐκδέχομαις
3385 4947 3405 4978 ι

2143 5093 2257 5162 Τῆς
2309 5095 2839 5224 ἐκκλησιαστικῆἓ
2872 5100 3176 5242 ἆίῗέιίας
3230 5102 3725 5181 Θεοδωρήτουρξ,
3803 5093 3813 5157 ³,

2214 5278 2233 5309 ι
2255 5257 2391 5312 Ὑπὸ
2411 5260 2468 5313 δὲ
2484 5262 2696 5334 ταύτην
2715 5264 2815 5333 τὴν
2842 5266 3133 5329 ὑπατείαν,
3165 5268 3310 5321 κατὰ
3330 5269 3419 5321 τὸν
3445 5268 3594 5339 μῆνα
3626 5271 3727 5323 τὸν

2133 5352 2493 5423 Δεκέμϐριον,
2522 5355 2718 5426 ἔχοντα
2752 5359 2917 5412 αὐτὸν
2955 5360 3148 5415 είκὰδα
3178 5363 3273 5414 καὶ
3303 5361 3727 5433 πέμπτὴνήμέ-

1758 5578 1998 5635 VARUS
2037 5578 2451 5641 LECTIONES.

517 5670 567 5713 ιιι
606 5671 1110 5759 μψῆίοιιπιιιῐὲἰιμο
1138 5672 2059 5759 Qspodipoo,Theodon,.Lectori_sh
2087 5680 2318 5759 scilicet.
2355 5679 2500 5759 Nam
2520 5682 2623 5759 sub
2650 5682 2944 5759 Anastasio
2970 5683 3111 5757 imp.
3131 5697 3414 5759 superstes
3453 5704 3566 5747 non
3593 5700 3721 5749 erat

442 5739 847 5804 Theodoretus.
879 5742 1138 5814 Ejusdem
1170 5739 1563 5817 historiaequa:
1589 5747 1678 5801 hic
1703 5739 1961 5816 refertur,
1997 5747 2362 5820 Theophanes
2390 5759 2444 5808 et
2468 5751 2669 5809 Suidas
2724 5750 3047 5811 meminere.
