3986 6346
19 501 40 550 ll

1085 41 1338 82 (vctbw'cu
1391 59 1394 62 ~
1455 55 1478 66 ι-
1512 41 1596 82 Τίη
1631 70 1638 78 .

987 149 1006 172 ῑι
1028 127 1062 188 {7‘
1081 107 1184 170 σιδίι
1243 125 1394 193 {aedi
1444 121 1496 188 ['5
1515 112 1536 153 1’
1555 125 1567 146 ‘
1589 100 1632 157 {41‘
1649 137 1692 150 ·ν

245 409 367 477 1889

1323 410 1425 472 DE
1462 365 1934 477 IMAGiNIBUS
1954 409 2242 474 ommo
2267 413 2385 476 III.

1865 0 1984 10 1"“
2032 0 2080 4 ’ν
2125 0 2144 6 ν-
2193 0 2198 4 ε

1770 39 1790 66 1
1825 53 1832 64 1
2589 33 2595 42 '
2786 33 2793 35 ⁷
2906 33 2924 52 -Ι

1757 75 1802 115 ³η
1851 89 1970 168 alr},
2033 99 2193 174 Ἑηῃ.
2485 98 2526 154 L
2557 103 2626 146 .,,L
2667 99 2684 139 ς
2812 113 2888 142 ’.ιε
2936 77 3103 144 Σεειδῐλ.

1215 175 1284 270 WE“
1300 189 1338 265 ἐξ
1364 181 1459 255 OH":
1501 251 1504 254 .
1541 191 1788 248 “Khapu
1819 193 1878 256 ι..
1913 191 2082 264 νςλῖέῖ
2115 179 2132 244 _‘
2159 223 2168 262 ἑ
2203 217 2220 232 -_
2267 193 2390 276 0L
2443 175 2564 252 Ιζςλλ
2611 181 2756 250 υτιαζιξ
2787 222 2795 233 ι

3357 421 3490 486 1390

375 515 561 588 θαῦμα
612 515 846 588 φοϐερὸν
879 474 1497 598 καὶπᾶσάν
1545 539 1604 576 τε
1639 520 1812 594 ἀκοὴν

1914 520 2068 575 nium
2106 535 2270 578 aures
2302 524 2558 602 perculit.
2605 527 2888 598 Olympius
2921 527 3067 584 enim
3117 531 3338 601 quidam
3392 551 3494 589 no—

241 612 533 686 ἀνθρώπων
583 612 966 682 καταπλῆττον
991 614 1308 688 γεγένηται.
1352 617 1654 688 Ὀλύμπιος
1699 617 1810 689 γάρ

215 723 316 774 ,τις
343 703 606 776 τοῦνομα,
636 704 914 776 Εύθυμίου
965 705 1062 760 τοῦ
1114 708 1214 780 τῆς
1252 710 1463 782 Ἀρείου
1510 709 1810 788 θρησκείας

21 790 32 823 ³
140 807 160 850 4.
243 799 552 870 ἐξάρχοντος
583 838 600 864 ,
627 796 720 850 τὸν
767 795 1029 870 βαδιστὴν
1064 808 1088 837 ο
1139 783 1698 871 παραχορεύονταῖἐν
1733 801 1812 874 τῷ

20 961 32 1011 ι

192 845 195 864 ³
244 845 548 870 ⁷Ἶ”ΓΑ’””“⁵
583 845 600 864 ⁷
640 845 711 850 ’⁷⁷
767 845 919 870 Γ’““’”
940 845 1021 868 ῗ“Ι’
1146 845 1516 871 '.T."-f_'.'_L.'.L'"-"!
1535 845 1591 854 "'
1639 845 1692 854 “’
1745 845 1811 874 "i’

188 845 219 946 il
241 887 440 958 λουτρῷ
493 887 588 940 τοῦ
640 886 908 940 παλατίου
958 887 1072 942 τῶν
1121 889 1474 957 Ἐλενιανῶν,
1519 893 1812 963 γενόμενος

240 978 370 1032 κατὰ
405 978 498 1032 τὸν
528 978 1007 1049 προμαλάττοντα,
1043 978 1138 1033 καὶ
1168 978 1506 1052 Θεασάμενός
1529 997 1684 1048 τινας
1701 985 1812 1039 τῶν

237 1068 533 1141 λουομένων
577 1068 676 1140 τὴν
719 1068 814 1123 τοῦ
865 1069 1157 1141 ὁμοουσίου
1203 1073 1363 1138 δόξαν
1409 1076 1810 1146 σεμνύνοντας,

239 1163 358 1233 ἔφη,
381 1163 574 1225 αὐταῖς
604 1161 836 1227 λέξεσιν,
867 1159 1069 1226 οὕτως’
1102 1162 1168 1216 Τί
1200 1163 1310 1235 γάρ
1345 1167 1496 1220 ἐστιν
1527 1168 1562 1238 ἡ
1601 1168 1808 1239 Τρίας;

238 1253 373 1324 Ποίῳ
391 1253 448 1306 δὲ
473 1253 638 1323 τοίχῳ
661 1253 763 1306 οὐκ
794 1252 1203 1323 ἐπιγέγραπται
1223 1272 1240 1320 ;
1263 1256 1378 1310 Καὶ
1396 1259 1677 1331 κρατήσας
1703 1259 1813 1312 τῶν

237 1345 424 1399 ἐαυτοῦ
469 1346 787 1414 ἀναγκαίων
813 1384 828 1412 ,
871 1345 1005 1417 έφηζ
1045 1345 1142 1401 Ἰδὲ
1163 1388 1179 1414 ,
1211 1347 1369 1416 κάγὼ
1420 1350 1628 1421 Τριάδα
1679 1350 1811 1422 ἔχω.

239 1437 406 1490 Ὥστε.
453 1436 779 1508 κινηθέντας
839 1439 969 1502 τοὺς
1023 1439 1144 1493 ἐκεῖ
1187 1439 1517 1512 εὑρεθέντας
1542 1483 1558 1510 ,
1596 1443 1812 1514 μέλλειν

237 1527 392 1581 αὑτὸν
429 1527 1016 1600 διαχειρίζεσθαι,ἀλλ’
1045 1529 1344 1603 εἴρχθησαν
1377 1533 1485 1588 ὑπό
1513 1551 1662 1599 τινος
1692 1536 1813 1591 Μά-

236 1635 382 1688 γνου,
441 1619 820 1692 πρεσϐυτέρου
855 1619 968 1675 τῶν
1013 1621 1213 1691 Ἀγίων
1254 1624 1592 1680 Ἀποστόλων
1637 1629 1696 1680 ἐν
1733 1627 1812 1698 τῷ

236 1710 706 1782 περιτειχίσματι,
742 1709 1035 1782 ἀνθρώπου
1065 1713 1404 1786 θαυμαστοῦ,
1433 1718 1529 1772 καὶ
1557 1718 1650 1774 τὸν
1677 1719 1814 1775 Θεὸν

173 1820 199 1876 ἢ
227 1801 646 1872 θεραπεύοντος,
689 1804 966 1876 φήσαντος
1017 1805 1156 1876 πρὸς
1211 1806 1450 1873 αὐτοὺς,
1479 1809 1556 1875 ὡς
1594 1810 1696 1865 ούκ
1739 1810 1808 1868 ἂν

45 1873 455 1968 διαλάθῃ
483 1894 574 1948 τὸν
593 1893 696 1964 τῆς
733 1872 1077 1975 πανέεφόροιὲ
1107 1897 1265 1969 δίκης
1303 1872 1604 1972 ὀφθαλμδνυ
1644 1903 1807 1975 ἀκρι·

233 1987 316 2040 ϐεῖ
343 1986 486 2058 λόγῳ
514 1986 818 2058 γράφοντα.
837 1971 992 2044 Ᾰίδοῖ
1014 1989 1074 2043 δὲ
1095 1990 1192 2045 τοῦ
1213 1991 1407 2060 ἀνδρὸς
1433 1971 1532 2063 τῆς
1561 1971 1807 2065 ταραχῆς

114 2150 126 2159 ι
237 2083 621 2148 παυσαμένων,
647 2076 909 2150 ἐξανέστη
934 2080 964 2132 ό
1001 2079 1319 2152 Ὀλύμπιος,
1355 2081 1449 2135 καὶ
1479 2084 1547 2154 τῇ
1571 2082 1805 2158 ἐμϐάσει

230 2171 334 2224 τῶν
377 2171 598 2243 θερμῶν
643 2170 720 2236 ὡς
769 2169 890 2235 έθος
947 2173 1316 2244 χρησάμενος,
1343 2173 1543 2242 ἔξεισιν
1572 2175 1668 2232 ἐπὶ
1704 2176 1806 2246 τὴν

230 2263 334 2317 τῶν
358 2263 582 2334 ψυχρῶν
625 2263 837 2318 ὑδάτων
866 2262 1169 2336 δεξρμενῂν
1191 2305 1208 2330 ,
1265 2265 1386 2336 ἥτις
1425 2265 1695 2338 λαμϐάνει
1735 2268 1807 2323 τὰ

231 2357 395 2412 ὕδατα
419 2358 486 2412 ἐκ
517 2357 702 2429 πηγῆς
729 2358 1062 2429 τικτομένης
1089 2359 1254 2430 μέσον
1272 2358 1369 2413 τοῦ
1393 2363 1592 2415 σεπτοῦ
1615 2361 1805 2416 θυσια-

231 2447 450 2518 στηρίου
478 2445 576 2501 τοῦ
602 2447 1018 2521 socratis-placeo
1055 2447 1150 2501 τοῦ
1178 2449 1648 2521 πρωτομάρτυρος
1672 2451 1806 2504 Στε-

231 2464 450 2518 στηριου
478 2465 576 2501 του
602 2464 806 2516 ευαγου
902 2464 1018 2502 ικου
1055 2464 1150 2501 του
1178 2464 1648 2521 πρωτομαρτυρος
1673 2464 1805 2504 ιτε-

228 2539 420 2606 φάνου,
449 2539 510 2593 ὃν
537 2540 596 2592 ἐν
655 2464 906 2603 ﬁala“
952 2539 1194 2606 ἔκτισεν,
1226 2539 1529 2610 ἀξιώμασιν
1557 2543 1805 2614 άρχοντι-

227 2634 340 2695 κοῖς
381 2631 714 2704 διαλάμψας,
738 2631 1078 2704 Αὐρηλιανός
1097 2647 1112 2663 ·
1135 2631 1348 2687 ἐνθένδε
1377 2633 1620 2706 ἡγοῦμαι
1653 2633 1805 2699 θείας

223 2723 453 2793 ἐποψίας
495 2723 556 2777 τὸ
598 2722 743 2795 ὕδωρ
779 2721 1084 2790 ἀξιοῦσθαι.
1125 2717 1279 2799 Ἐνῇ
1323 2724 1570 2789 καταϐὰς
1610 2723 1804 2781 θᾶττον

224 2815 604 2879 ἐπαναϐαίνει,
637 2815 967 2887 κραυγάζων
986 2831 1001 2848 ·
1047 2816 1338 2889 Ἑλεήσατέ
1391 2834 1482 2889 με,
1509 2818 1800 2890 ἐλεήσατει

63 2929 176 2978 ’τῖμ
223 2907 332 2962 Καὶ
350 2907 566 2980 κνήθων
586 2905 753 2962 αὐτοῦ
772 2907 872 2971 τὰς
898 2907 1130 2980 σάρκας,
1145 2907 1254 2962 τῶν
1280 2908 1454 2963 ὀστῶν
1473 2909 1581 2963 ἀπε
1589 2909 1656 2980 μέ
1665 2908 1802 2981 ριξε.

222 3003 428 3066 Πάντες
449 3001 508 3056 δὲ
547 3001 678 3074 περὶ
713 3001 878 3056 αὐτὸν
918 3000 1240 3072 γενόμενοι,
1272 3001 1370 3056 καὶ
1398 3001 1801 3074 κρατήσαντες,

224 3095 418 3149 σινδόνι
467 3093 946 3164 περιτυλίξαντες,
979 3093 1267 3150 ἀνέκλιναν
1319 3092 1798 3165 ψυχορραγοῦντα.

1913 612 2085 678 mine,
2115 613 2272 682 juxta
2293 629 2500 686 equum
2531 619 2935 678 ambulatorem
2975 620 3260 696 Euthymii
3281 628 3500 683 Arianae

1913 704 2173 761 factionis
2203 708 2455 764 exarchaa
2497 711 2796 768 subsultim
2828 714 3084 771 incedere
3113 716 3332 780 solitus,
3370 736 3496 774 cum

1912 807 2062 852 esset
2096 798 2153 852 in
2190 799 2414 856 lavacro
2439 803 2624 872 palatii
2663 804 3114 876 llelenianorum,
3158 808 3215 863 in
3245 811 3383 866 cella
3414 820 3496 866 te-

1915 890 2128 960 pidaria
2160 893 2458 950 nonnullos
2483 910 2674 950 eorum
2707 899 2804 969 qui
2846 899 3199 969 lavabantur,
3251 906 3498 960 consub—

1913 982 2195 1037 stantialis
2239 983 2400 1038 tidem
2457 989 2804 1044 celebrantes
2854 991 3234 1062 conspicatus,
3273 993 3360 1051 his
3401 1011 3500 1051 eos

1915 1073 2102 1128 verbis
2149 1075 2431 1149 allocutus
2469 1086 2598 1133 est:
2631 1077 2845 1149 Ecquid
2895 1083 3039 1137 enim
3085 1092 3172 1139 est
3205 1085 3500 1142 Trinitas?

1917 1171 2014 1216 aut
2055 1147 2165 1234 qua
2197 1167 2249 1219 in
2281 1167 2489 1237 pariete
2534 1147 2808 1238 inscripta
2839 1185 2948 1225 non
3003 1174 3132 1228 est?
3184 1174 3500 1248 Statimque

1917 1255 2176 1312 virilibus
2232 1273 2398 1312 manu
2456 1259 2863 1330 apprehensis:
2911 1262 3078 1331 Ecce,
3137 1266 3336 1336 inquit,
3395 1283 3500 1339 ego

1914 1361 2136 1417 quoque
2189 1348 2517 1404 Trinitatem
2567 1351 2767 1408 habeo.
2809 1352 2946 1409 Eam
3006 1356 3077 1412 ob
3123 1373 3240 1413 rem
3288 1359 3367 1414 illi
3402 1363 3498 1431 qui

1917 1438 2149 1494 aderant
2195 1440 2394 1495 animis
2432 1441 2734 1509 concitati,
2781 1459 2910 1499 eum
2947 1448 3139 1503 statim
3183 1449 3497 1508 interfecis-

1914 1539 2062 1597 sent,
2099 1532 2210 1588 nisi
2239 1547 2336 1588 eos
2369 1531 2454 1586 vir
2480 1535 2706 1604 quidam
2750 1537 3100 1596 admirabilis
3124 1579 3140 1606 ,
3173 1557 3238 1598 ac
3270 1543 3498 1616 religio-

1914 1639 2013 1680 sus
2045 1623 2144 1679 Dei
2162 1625 2363 1689 cultor,
2389 1623 2622 1695 Magnus
2651 1628 3498 1706 nomine,SanctorumAposto—

1916 1714 2096 1769 lorum
2130 1715 2384 1771 ecclesia:
2416 1716 2560 1772 intra
2595 1719 2740 1773 muri
2779 1720 3050 1777 ambitum
3075 1727 3498 1798 presbyter,re-

1914 1806 2232 1875 pressisset,
2265 1805 2568 1872 allirmans,
2593 1808 2646 1864 id
2673 1808 2911 1879 justitiae
2941 1822 3143 1868 cuncta
3185 1820 3496 1886 spectantis

1909 1894 2134 1950 oculum
2190 1895 2363 1952 latere
2419 1912 2532 1952 non
2581 1913 2769 1969 posse,
2805 1902 2900 1972 qui
2932 1903 3152 1974 singula
3199 1902 3496 1977 diligenter

1910 1983 2257 2040 conscribat.
2315 1985 2454 2041 Cum
2511 1987 2682 2058 igitur
2709 1999 2934 2061 propter
2964 1993 3068 2048 viri
3126 1997 3494 2053 reverentiam

1908 2077 2071 2132 turba
2121 2077 2452 2148 quievisset,
2505 2081 2754 2137 surrexit
2807 2082 3120 2156 Olympius,
3152 2094 3208 2144 et
3241 2088 3492 2146 thermas

1908 2166 2220 2239 ingressus,
2268 2169 2439 2241 inque
2485 2173 2650 2244 aquis
2683 2173 2886 2231 calidis
2929 2175 2998 2232 de
3028 2192 3184 2234 more
3219 2178 3393 2247 lotus,
3423 2179 3494 2236 ad

1909 2259 2236 2333 frigidarum
2298 2263 2574 2334 piscinam
2624 2265 2816 2333 vadit;
2855 2283 2979 2338 quae
3033 2271 3260 2340 quidem
3316 2286 3495 2344 aquas

1907 2351 2137 2423 excipit,
2169 2369 2202 2409 e
2231 2354 2414 2410 medio
2446 2355 2609 2412 altari
2641 2367 2852 2414 sanctae
2886 2359 3142 2416 ecclesia:
3175 2371 3492 2433 protomar-

1907 2442 2048 2514 tyris
2086 2441 2380 2513 Stephani,
2411 2446 2544 2501 ollm
2576 2445 2649 2503 ab
2682 2447 2988 2504 Aureliano
3027 2451 3376 2520 praefecturae
3403 2454 3491 2509 di-

1905 2533 2218 2604 gnitatibus
2265 2534 2476 2591 illustri
2505 2545 2867 2602 constructae,
2905 2541 3304 2600 scaturientes.
3343 2541 3489 2600 Hinc

1903 2626 2069 2696 plane
2109 2641 2307 2697 aquam
2343 2627 2494 2682 illam
2545 2627 2770 2700 dignam
2805 2629 2980 2686 fuisse
3011 2631 3279 2697 arbitror,
3321 2649 3489 2705 quam

1906 2717 2052 2775 Deus
2082 2719 2202 2788 ipse
2229 2725 2531 2789 spectaret.
2556 2717 2616 2774 ln
2645 2719 2788 2777 hanc
2808 2720 2901 2776 ille
2921 2736 3050 2778 cum
3080 2723 3486 2790 descendisset,

1904 2809 2056 2865 dicto
2079 2810 2236 2866 ocius
2267 2810 2555 2876 remeavit,
2585 2825 2712 2868 cum
2750 2811 2963 2883 ejulatu
2994 2813 3286 2872 clamans:
3319 2815 3488 2873 Mise-

1904 2901 2104 2958 remini
2145 2902 2276 2966 mei,
2310 2902 2655 2959 miseremini
2701 2905 2806 2960 mei
2832 2907 2847 2960 l
2878 2905 2945 2960 Et
2993 2920 3192 2965 carnes
3221 2922 3356 2965 suas
3385 2925 3488 2964 un-

1902 2991 2109 3064 guibus
2159 2992 2444 3064 scalpens,
2492 2995 2564 3050 ab
2614 2995 2840 3053 ossibus
2873 2998 3194 3056 divellebat.
3228 3000 3386 3060 Tunc
3417 3004 3487 3059 ad

1903 3082 2084 3155 ipsum
2115 3097 2309 3141 omnes
2333 3099 2696 3152 concurrere,
2732 3089 3136 3159 apprehensum
3183 3091 3354 3149 linteo
3403 3094 3488 3150 in-

233 3187 565 3258 Ἐπηρώτων
595 3187 676 3250 δὲ,
702 3187 758 3241 τί
803 3186 870 3241 ἂν
917 3186 1004 3259 εῖη
1063 3185 1128 3241 τὸ
1175 3185 1412 3259 συμϐὰν,
1437 3186 1534 3240 καί
1567 3202 1736 3258 φησιν
1773 3184 1803 3239 ό

1905 3175 2148 3240 volvere,
2173 3189 2240 3232 ac
2269 3193 2385 3248 prae
2416 3177 2624 3250 frigore
2651 3180 3002 3238 deﬁcientem
3033 3185 3331 3242 reclinare.
3377 3185 3488 3241 Ro-

231 3279 527 3349 Ὀλύμπιος
545 3295 562 3310 ο
598 3279 804 3351 Ἄνδρα
847 3278 1097 3334 κατεῖδον
1148 3276 1604 3351 λευχειμονοῦντα
1626 3316 1641 3341 ,
1673 3279 1798 3330 ἐπι-

113 3383 150 3430 3.‘
218 3369 388 3424 ϐάντα
425 3387 516 3440 μοι
546 3369 690 3424 κατὰ
731 3370 831 3440 τῆς
863 3369 1189 3446 νεροφόρου,
1231 3371 1329 3425 καὶ
1384 3372 1535 3443 τρεῖς
1566 3367 1797 3432 σίκλαςει

217 3460 424 3532 θερμοῦ
477 3460 808 3531 περιχέαντά
845 3477 958 3531 μοι,
987 3462 1083 3514 καὶ
1134 3460 1367 3529 λέγοντά
1400 3475 1525 3531 μοι’
1547 3460 1641 3530 Μὴ
1672 3459 1800 3514 δυσ-

216 3550 408 3619 φήμει.
441 3548 713 3612 Λαϐόντες
742 3549 801 3602 δὲ
841 3549 1004 3603 αὐτὸν
1033 3549 1237 3622 φορείῳ
1263 3549 1488 3621 οἱάύτῷ
1515 3549 1799 3620 διαφέρον-

213 3654 308 3701 τες
331 3679 346 3703 ,
380 3636 746 3709 μετεκόμισαν
803 3639 862 3692 ἐν
924 3638 1100 3710 ἑτέρῳ
1155 3637 1366 3709 λουτρῷ
1416 3637 1797 3710 προσκειμένῳ

213 3732 284 3800 τῇ
327 3731 440 3784 τῶν
496 3729 793 3802 Ἀρειανῶν
829 3729 1117 3802 ἐκκλησίᾳ.
1169 3730 1448 3785 Θελόντων
1496 3729 1555 3782 δέ
1607 3729 1791 3784 αὐτῶν

212 3820 540 3886 άποτυλίξαι
569 3819 670 3892 τὴν
728 3820 948 3875 σινδόνα
985 3820 1083 3875 ἀπ’
1115 3819 1282 3877 αὐτοῦ
1303 3863 1321 3888 ,
1350 3820 1744 3893 συνεξέπαιρον
1768 3830 1794 3860 ο

211 3914 397 3978 πάσας
442 3915 542 3978 τὰς
593 3913 802 3985 σάρκας
851 3913 1018 3968 αὑτοῦ
1049 3954 1064 3980 ,
1099 3915 1197 3969 καὶ
1246 3913 1423 3978 οὕτως
1473 3913 1791 3986 νεκρωθεὶς,

207 4007 464 4061 ἀπέδωκε
481 4006 544 4060 τὸ
571 4006 806 4078 πνεῦμα.
839 4008 1084 4063 Γνωστὸν
1109 4008 1168 4062 δέ
1197 4007 1412 4076 ἐγένετο
1433 4005 1592 4060 τοῦτο
1606 4007 1793 4077 σχεδὸν

208 4097 335 4152 καθ’
361 4096 490 4169 ὅλης
522 4096 624 4168 τῆς
679 4097 971 4167 βασιλίδος.
1011 4101 1312 4172 Ἐφήμιζον
1358 4099 1417 4153 δέ
1463 4115 1610 4163 τινες
1661 4098 1793 4170 περὶ

205 4188 307 4242 τοῦ
338 4187 690 4253 πεπονθότος,
721 4189 798 4253 ὡς
827 4190 1040 4262 χρόνοις
1067 4191 1230 4258 τισὶν,
1256 4189 1365 4244 ἀπὸ
1393 4190 1494 4261 τῆς
1519 4191 1581 4243 τὸ
1597 4189 1793 4261 δμοού-

208 4297 328 4333 σιον
373 4278 704 4349 δοξαζούσης
772 4280 1069 4352 θρησκείας
1120 4282 1202 4346 εἰς
1245 4281 1346 4352 τὴν
1398 4280 1609 4352 ’Δρείου
1663 4297 1791 4352 μετ-

205 4371 547 4426 εϐαπτίσατο
577 4369 853 4440 λατρείαν.
900 4373 1117 4444 Ἐπειδὴ
1147 4373 1206 4426 δὲ
1235 4375 1298 4427 τὸ
1326 4371 1673 4444 συμϐεϐηκὸς
1694 4373 1790 4426 καὶ

206 4464 402 4526 ἀκοαῖς
456 4460 724 4532 βασιλέων
761 4462 1095 4532 ἐπλησίασεν
1117 4480 1133 4496 ο
1176 4464 1530 4529 ’Λναστάσιος
1571 4463 1631 4518 δὲ
1674 4459 1744 4536 ἦν
1766 4480 1782 4496 ο

1906 3267 2164 3337 gantibus
2193 3277 2380 3326 autem
2409 3272 2677 3340 quidnam
2707 3274 2758 3328 ei
2793 3275 3147 3345 contigisset,
3187 3279 3487 3349 respondet

1906 3354 2236 3428 Olympius:
2273 3358 2569 3415 Hominem
2621 3363 2877 3419 candidis
2928 3365 3186 3420 indutum
3239 3367 3487 3424 vestibus
3678 3435 3685 3450 .
3755 3447 3758 3450 ῃ

1904 3449 2042 3514 vidi,
2076 3451 2170 3521 qui
2197 3450 2362 3520 juxta
2412 3452 2630 3521 labrum
2676 3454 2944 3510 incedens
2967 3495 2982 3522 ,
3017 3465 3130 3512 tres
3160 3458 3296 3512 mihi
3328 3475 3485 3530 aqua:
3595 3449 3619 3514 ἓ
3641 3449 3732 3510 NL

1905 3539 2098 3596 calidae
2119 3541 2322 3598 situlas
2348 3541 2551 3598 infudit
2580 3542 2778 3600 dicens
2807 3562 2824 3601 :
2855 3543 2935 3600 Ne
2959 3546 3318 3617 blasphemus
3339 3559 3480 3606 esto.

1905 3631 2047 3687 Tum
2080 3634 2178 3704 qui
2210 3632 2286 3688 illi
2313 3634 2722 3692 necessitudine
2745 3636 3028 3706 conjuncti
3062 3647 3247 3704 erant,
3272 3639 3483 3697 ferculo

1902 3739 2028 3780 eum
2061 3725 2344 3793 tollentes,
2364 3728 2420 3781 in
2453 3726 2607 3781 aliud
2647 3727 2903 3784 balneum
2936 3729 3271 3785 Arianorum
3303 3733 3481 3789 eccle-

1903 3815 2002 3870 sia:
2030 3815 2276 3871 vicinum
2306 3815 2676 3872 transferunt.
2704 3816 2813 3875 Sed
2838 3833 2964 3874 cum
3006 3820 3239 3877 linteum
3271 3824 3479 3880 vellent

1901 3905 2204 3977 explicare,
2239 3921 2435 3962 omnes
2455 3906 2576 3976 ejus
2595 3922 2795 3964 carnes
2816 3909 3152 3976 lacerarunt,
3181 3920 3348 3984 atque
3373 3916 3477 3970 hoc

1900 3999 2067 4052 modo
2125 4007 2416 4062 enecatus,
2475 3998 2728 4064 spiritum
2779 4001 3040 4056 reddidit.
3095 4003 3200 4072 Qui
3254 4006 3476 4075 quidem

1899 4101 2131 4148 eventus
2161 4107 2258 4162 per
2306 4093 2630 4147 universum
2665 4091 2780 4150 fere
2815 4095 3107 4164 imperium
3155 4097 3476 4168 divulgatus

1897 4193 2004 4239 est.
2038 4181 2300 4238 Nonnulli
2332 4182 2584 4239 ferebant
2613 4181 2947 4256 Olympium,
2982 4187 3077 4258 qui
3115 4187 3244 4243 talia
3274 4205 3475 4260 passus

1897 4285 2002 4340 est,
2043 4276 2236 4345 aliquo
2263 4290 2332 4330 ex
2358 4283 2609 4345 tempore
2641 4275 2712 4332 ab
2749 4291 2816 4332 ea
2860 4278 3148 4350 religione,
3181 4295 3304 4351 quae
3335 4297 3473 4337 con-

1897 4365 2318 4421 substantialem
2347 4361 2668 4419 Trinitatem
2693 4365 2958 4431 celebrat,
2986 4366 3052 4420 ad
3080 4367 3339 4422 Arianatn
3365 4370 3474 4424 has-

1895 4456 2059 4512 resim
2117 4456 2364 4513 secundo
2413 4457 2760 4529 baptismate
2792 4459 3106 4514 transiisse.
3157 4459 3321 4532 377
3365 4461 3468 4518 Ubi

206 4552 515 4623 ἐπέτρεψεν
534 4550 705 4604 εἰκόνι
736 4553 1117 4623 χρωματισθέν
1141 4551 1205 4606 τὸ
1243 4553 1548 4625 τεράστιον,
1584 4553 1788 4626 ὕπερθε
1820 4540 1825 4588 Ῑ

1905 4563 2026 4603 vero
2070 4563 2160 4604 res
2210 4548 2318 4604 ista
2367 4549 2435 4603 ad
2479 4549 2834 4620 imperatoris
2897 4565 3059 4606 aures
3102 4553 3353 4621 pervenit
3397 4554 3470 4621 (is

91 4659 152 4718 τὲ
201 4644 625 4728 τῇεςνεροφὸρου
661 4644 1072 4716 καταπαγῆναι.
1115 4646 1369 4718 Ἰωάννης
1399 4647 1460 4702 δέ
1486 4665 1570 4712 τις
1607 4647 1792 4702 διάκοσ-

202 4722 323 4800 vo},
344 4727 438 4788 καὶ
469 4722 686 4800 ἔκδικος
734 4735 837 4806 τῆς
881 4735 977 4788 τοῦ
1019 4735 1414 4808 προλεχθέντος
1455 4737 1686 4807 εύαγοῦς
1716 4739 1793 4792 οῖ-

1890 4655 2060 4712 porro
2090 4639 2420 4695 Anastasius
2447 4641 2610 4711 erat),
2639 4641 2810 4712 jussit
2837 4642 3238 4698 utmiraculum
3269 4645 3465 4700 colori-

1893 4734 1999 4789 bus
2048 4733 2106 4786 in
2139 4731 2331 4786 tabula
2379 4731 2658 4803 depictum
2698 4731 2756 4787 in
2808 4733 3080 4804 superiori
3134 4734 3276 4788 labri
3313 4746 3494 4806 parte.
3536 4731 3594 4778 ιι

197 4841 307 4880 κου
353 4827 628 4896 Στεφάνου
667 4828 766 4882 τοῦ
796 4827 906 4882 τῶν
941 4827 1237 4901 μαρτύρων
1275 4831 1494 4903 πρώτου
1516 4871 1532 4896 ,
1567 4831 1708 4903 ἀνὴρ
1741 4832 1797 4886 ετ

1905 4822 2224 4894 adigeretur.
2269 4821 2446 4879 Porro
2496 4821 2738 4880 Joannes
2785 4823 3014 4895 quidam
3059 4823 3354 4890 diaconus.
3410 4839 3467 4884 et

194 4932 290 4979 τις
323 4915 483 4980 ἄλλος
534 4917 698 4988 ζῆλον
737 4917 880 4990 ὑπὲρ
909 4917 1004 4971 τοῦ
1051 4921 1338 4990 όμοουσίου
1360 4923 1630 4993 δόγματος
1659 4923 1790 4976 ἐκά-

1905 4924 2096 4972 sanetae
2139 4912 2290 4969 illius
2330 4914 2597 4976 ecclesiae.
2647 4913 2811 4985 cujus
2869 4929 3036 4985 supra
3086 4915 3464 4979 meminimus.

196 5021 366 5058 στοτε
397 5004 830 5077 ἐνδεικνύμενος,
863 5008 958 5086 καὶ
991 5009 1156 5073 αὐτὸς
1201 5010 1370 5086 εικόνι
1414 5011 1786 5083 κατέγραψεν,

190 5095 322 5149 ἀλλ’
346 5097 446 5166 ούχ
477 5097 690 5161 ἁπλῶςο
717 5099 825 5154 τῶν
853 5101 963 5170 γὰρ
988 5102 1169 5155 ἐκεῖσε
1200 5101 1508 5172 λουομένων
1534 5104 1630 5156 καὶ
1659 5103 1790 5157 θεα-

187 5276 396 5342 οίκῶν,
430 5277 512 5332 hc
557 5296 618 5332 τε
671 5279 764 5333 καὶ
811 5280 920 5334 τῶν
969 5283 1083 5346 τοῖς
1115 5280 1303 5336 ὕδασιν
1345 5281 1786 5354 ὑπηρετούντων.

1889 5006 2155 5077 Stephani
2191 5006 2357 5077 primi
2387 5003 2649 5078 Martyris
2678 5007 2904 5062 nomine
2943 5006 3143 5063 dicatae
3174 5007 3461 5073 defensor,

1884 5099 1992 5163 vir,
2019 5097 2063 5152 si
2095 5096 2221 5168 quis
2243 5097 2405 5163 alius,
2440 5098 2620 5153 zelum
2657 5113 2759 5170 pro
2790 5097 3046 5170 dogmate
3091 5099 3463 5155 consubstan-

191 5188 464 5256 σαμένων
495 5188 734 5260 ὀνόματα
777 5190 1118 5264 κατέγραψε,
1145 5193 1243 5246 καὶ
1271 5191 1401 5246 ἔνθα
1432 5193 1518 5264 εῖη
1559 5192 1790 5256 ἕκαστος

1905 5190 2040 5246 .ialis
2079 5187 2284 5245 tuendo
2315 5203 2586 5260 nusquam
2621 5204 2734 5246 non
2778 5203 3070 5255 exsereus,
3101 5190 3219 5260 ipse
3245 5205 3465 5261 quoque
3524 5202 3526 5204 '

1886 5296 1998 5337 non
2027 5278 2363 5353 pingendam
2393 5279 2582 5346 modo,
2611 5280 2707 5338 sed
2735 5286 2791 5337 et
2817 5295 3011 5336 eorum
3038 5280 3133 5352 qui
3164 5280 3278 5336 illic
3311 5281 3462 5337 lava-

1498 5500 1735 5560 VARIE.
1767 5499 2176 5559 LECTIONES.

272 5671 302 5702 ο
338 5660 528 5717 Billitts
553 5659 809 5717 emendat
861 5659 1100 5725 καλέσας
1122 5659 1214 5714 τὸν
1242 5659 1535 5731 βαδιστήν.
1560 5657 1812 5731 Valesius
1842 5674 1973 5717 vero
2013 5661 2105 5731 chy
2145 5655 2404 5731 βαδιοτὴν
2433 5654 2852 5731 παραχορεύων,
2864 5655 3028 5724 juxta
3052 5672 3240 5731 equum
3273 5657 3462 5731 ambu-

177 5733 429 5805 latorem
460 5731 739 5788 subsultim
767 5731 1032 5786 incedens.
1065 5735 1197 5798 Qua
1242 5725 1707 5786 'verior'videtur
1755 5731 1937 5787 lectio.
2011 5725 2442 5805 (ξιέεζέξίτλιῇιςε
2467 5725 2673 5800 Latine
2714 5725 2934 5805 situlus.
3010 5737 3035 5766 ο
3073 5725 3236 5782 Forte
3273 5725 3464 5791 συνεξ-

171 5804 302 5874 επῇ
315 5819 431 5875 ρον.

2716 5807 2726 5846 '.
2757 5827 2777 5852 ,ι
2801 5805 2842 5850 τέ’
2861 5795 2972 5858 1L,"
