3986 6346
88 5803 116 5863 il

495 284 634 354 I383
1656 282 1718 343 S.
1757 281 2076 347 JOANNIS

2180 283 2546 346 AMASCENI
3703 281 3816 345 131
3841 0 3896 402 Ψ

493 406 692 452 tutum.
734 393 868 448 Nam
908 391 1077 448 Deum
1118 391 1298 464 ipsum
1341 391 1465 447 audi
1522 391 1693 464 Moysi
1730 395 2056 464 prmcipicn-
2095 399 2140 456 Α

491 496 624 554 tem,
682 496 743 541 ut
792 486 1040 557 geminas
1088 484 1390 540 Cherubim
1453 485 1722 556 imagines
1780 486 2069 557 sculptilcs

505 577 921 646 conflatilesque
966 575 1325 642 fabrefaciat,
1377 575 1576 647 quibus
1631 578 2070 648 propitiatorium

493 669 942 725 obumbraretur.
985 667 1221 734 Adbazc,
1266 669 1530 739 templum
1597 667 1868 724 Ezechieli
1923 667 2069 724 Deus

493 760 757 825 ostendit,
813 759 960 831 quod
1012 774 1043 813 a
1091 760 1404 830 pavimento
1452 759 1517 814 ad
1575 747 1852 829 laquearis
1912 758 2073 814 fasti-

493 855 666 926 gium,
698 852 988 922 sculptiles
1021 852 1265 919 leonum,
1297 853 1624 922 palmarum,
1646 852 2067 922 hominumque,

493 956 547 1004 et
573 946 872 1002 Cheruhim
903 946 1070 1001 facies
1100 945 1366 1002 habuisse
1395 946 1550 1002 dicit.
1570 945 1862 1002 Terribilis
1889 947 2073 1016 reipsa

495 1039 583 1093 hic
632 1053 814 1094 sermo
862 1045 970 1092 est.
1017 1038 1158 1092 Deus
1205 1039 1301 1106 qui
1351 1036 1538 1092 lsraeli
1594 1037 1854 1106 injunxit,
1888 1053 1957 1092 ne
1992 1035 2071 1092 rei

494 1131 683 1194 ullius,
714 1129 828 1182 sive
857 1144 979 1196 quae
1014 1127 1068 1180 in
1100 1128 1279 1192 caelis,
1312 1129 1428 1183 sive
1461 1143 1582 1198 qua:
1616 1129 1668 1182 in
1703 1136 1850 1182 terra
1877 1128 2071 1193 fuerit,

495 1220 755 1289 sculptile
777 1219 1096 1290 quodpiam,
1132 1227 1227 1272 aut
1257 1217 1551 1288 imaginem
1589 1218 2074 1275 similitudincmve

498 1309 726 1376 faceret,
779 1310 897 1380 ipse
947 1309 1118 1380 Moysi
1157 1309 1425 1379 praecipit,
1460 1317 1521 1364 ut
1553 1311 1772 1381 sculpta
1819 1311 2073 1365 animan-

496 1402 593 1462 tia,
649 1402 972 1466 Cherubim,
1023 1401 1272 1470 inquam,
1331 1399 1580 1456 fabricet.
1630 1401 1888 1470 Quinimo
1939 1403 2074 1459 Eze-

495 1491 658 1548 chieli
693 1493 952 1562 templum
1000 1499 1292 1558 monstrat,
1338 1493 1690 1564 imaginibus,
1738 1495 2075 1566 sculptisque

495 1580 735 1646 leonum,
797 1580 1128 1650 palmarum,
1176 1590 1230 1636 ct
1277 1583 1565 1636 hominum
1619 1585 1931 1641 simulacris
1985 1601 2073 1642 re-

497 1668 716 1725 fertum.
773 1669 1032 1725 Salomon
1076 1671 1202 1725 item
1259 1671 1486 1741 figuram
1523 1672 2076 1745 designationemque

493 1775 561 1816 ex
601 1761 718 1831 lege
753 1769 1060 1828 mutuatus,
1096 1761 1269 1817 amcis
1308 1761 1496 1828 boum,
1527 1763 1862 1834 palmarum,
1889 1771 1943 1818 et
1972 1763 2074 1819 ho-

494 1852 704 1906 minum
771 1852 1082 1908 simulacris
1137 1853 1355 1922 plenum
1440 1855 1699 1924 templum
1758 1855 2073 1911 exstruxit:

493 1959 671 2014 neque
727 1945 798 2000 ob
855 1944 909 1999 id
967 1960 1197 2014 usquam
1246 1960 1276 1998 a
1334 1943 1444 2001 Deo
1511 1947 1880 2016 reprehensus
1940 1945 2076 2001 fuit.

494 2033 862 2102 Quamobrem
919 2037 965 2090 si
1030 2051 1117 2091 me
1168 2047 1390 2107 pr0pter
1437 2037 1704 2108 imagines
1744 2038 2076 2094 condemna-

495 2141 557 2182 re
612 2127 720 2191 vis,
783 2126 952 2182 Deum
1003 2128 1159 2198 prius
1221 2143 1486 2193 accuses,
1537 2130 1633 2200 qui
1693 2129 1808 2184 haec
1870 2130 2079 2187 idcirco

500 2214 615 2271 fleri
640 2216 844 2287 jussit,
871 2225 930 2272 ut
964 2217 1140 2288 ipsius
1183 2219 1328 2289 apud
1374 2236 1473 2275 nos
1516 2223 1781 2277 memoria
1821 2237 2077 2292 perseve-

497 2316 666 2363 raret.
718 2327 739 2362 ι

2106 1733 2148 1788 Β

813 2399 981 2474 374
1015 2400 1264 2472 Ejusdem
1289 2419 1354 2458 ea:
1388 2402 1523 2458 libro
1556 2404 1757 2474 quinto.

571 2509 593 2545 ι
634 2489 801 2548 Nobis
850 2509 1070 2549 rursum
1103 2494 1365 2563 illudunt,
1414 2497 1564 2566 quod
1615 2495 1912 2566 pretiosam
1947 2511 2079 2552 cru-

495 2597 614 2638 cem
653 2581 981 2654 divinasque
1026 2585 1296 2658 imagines
1343 2587 1721 2658 designcmus,
1761 2587 2080 2644 adoremus-

496 2689 633 2745 que,
671 2663 906 2746 nosque
967 2677 1246 2732 idolorum
1308 2692 1372 2733 ac
1427 2679 1730 2750 ligneorum
1786 2680 2076 2735 numinum

496 2765 736 2824 cultores
763 2776 984 2834 vocant,
1017 2768 1119 2823 viri
1145 2770 1239 2840 qui
1264 2768 1432 2824 Deum
1465 2771 1688 2825 omnino
1711 2785 1818 2826 non
1851 2777 2056 2826 norunt

496 2858 653 2926 Quod
704 2859 777 2926 si,
831 2867 892 2914 ut
927 2861 1156 2928 asseris,
1191 2861 1386 2930 athee,
1437 2861 1604 2918 Deum
1639 2863 1879 2935 ligneum
1930 2865 2075 2928 colo,

495 2956 644 3004 certe
674 2950 859 3019 plures
893 2966 1116 3022 quoque
1150 2965 1401 3007 veneror.
1434 2950 1491 3006 Si
1526 2952 1739 3022 plures,
1767 2953 1959 3023 utique
1984 2955 2078 3008 de—

491 3040 724 3110 ierando
776 3041 990 3109 dixero,
1049 3042 1153 3096 Per
1197 3041 1322 3096 deos
1359 3057 1378 3094 :
1413 3044 1874 3112 quemadmodum
1907 3054 1958 3100 et
1990 3053 2072 3111 tu,
2103 3059 2148 3122 ο

495 3132 774 3200 quondam
804 3131 1040 3185 vitulum
1071 3147 1242 3186 unum
1270 3132 1567 3202 aspiciens,
1597 3133 1785 3189 aiebas
1812 3152 1826 3187 :
1857 3133 1927 3187 Hi
1955 3144 2074 3189 sunt

496 3219 575 3274 dii
623 3221 724 3287 tui,
781 3219 956 3276 Israel
1006 3221 1074 3276 ⁸⁸.
1116 3223 1184 3276 At
1240 3223 1512 3292 ejusmodi
1561 3223 1947 3294 jusjurandum
2009 3241 2077 3282 ex

496 3327 595 3370 ore
649 3313 1089 3370 Christianorum
1141 3327 1198 3374 te
1251 3318 1531 3375 audivisse
1565 3321 1887 3391 neutiquam
1926 3336 2078 3376 asse-

497 3406 728 3462 veraris.
795 3406 995 3462 Verum
1050 3409 1315 3468 adulterae
1379 3411 1678 3482 Synagogae
1729 3414 2076 3470 consuetudo

496 3505 603 3563 est,
634 3505 695 3551 ut
740 3499 1111 3554 castissimam
1153 3500 1358 3556 Christi
1394 3501 1730 3570 Ecclesiam,
1757 3519 1857 3560 ceu
1893 3521 2075 3562 mere-

499 3587 691 3642 tricem
723 3587 972 3644 infamet.
1011 3606 1030 3639 ι

573 3677 853 3748 Ejusdem.
891 3697 911 3730 ι
951 3678 1138 3751 Neque
1165 3681 1310 3738 enim
1333 3692 1650 3740 sanctorum
1678 3683 1905 3753 formas,
1942 3684 2078 3741 ima-

499 3769 654 3842 gines
684 3779 738 3826 et
772 3771 972 3842 figuras
1017 3773 1098 3827 uti
1131 3773 1268 3832 deos
1329 3777 1645 3832 adoramus.
1690 3777 1824 3832 Nam
1868 3781 1914 3834 si
1957 3787 2078 3834 tan-

499 3876 664 3932 quam
699 3860 867 3916 Deum
898 3862 1135 3933 ligneam
1183 3866 1477 3938 imaginem
1508 3867 1887 3936 adoraremus,
1923 3885 2079 3925 eum-

499 3951 623 4006 dem
655 3950 884 4006 omnino
916 3952 1125 4006 cultum
1171 3955 1404 4026 reliquis
1442 3957 1607 4012 etiam
1644 3957 1811 4028 lignis
1847 3959 2077 4015 exhibe-

500 4057 706 4108 remus,
754 4059 955 4115 neque,
985 4053 1044 4100 ut
1072 4062 1219 4118 saepe
1247 4048 1541 4121 contingit,
1576 4049 1870 4122 imaginem
1905 4051 2078 4108 forma

499 4135 672 4192 deleta
721 4138 1198 4196 combureremus.
1240 4140 1306 4195 Et
1339 4157 1582 4208 rursum,
1633 4143 1879 4214 quandiu
1933 4143 2079 4214 ligna

498 4229 681 4285 crucis
746 4239 999 4301 coaptata
1075 4241 1324 4299 manent,
1393 4233 1625 4289 formam
1702 4234 1850 4289 illam
1905 4235 2076 4291 adoro

498 4334 722 4392 propter
748 4338 872 4378 eum
907 4327 996 4394 qui
1035 4327 1340 4381 cruciﬁxus
1373 4325 1509 4381 fuit:
1545 4325 1634 4378 ubi
1667 4340 1796 4381 vero
1827 4327 2076 4395 seiuncta

500 4389 728 4481 fuerint,
761 4389 947 4470 eadem
987 4417 1190 4488 abjicio
1221 4426 1386 4488 atque
1409 4418 1693 4472 comburo.
1723 4417 1789 4472 Et
1813 4389 2076 4488 quemad-
2108 4389 2154 4445 Β

501 4507 746 4572 modum,
770 4507 862 4578 qui
896 4508 1250 4580 imperatoris
1274 4508 1515 4566 edictum
1543 4509 1895 4582 obsignatum
1927 4509 2078 4566 acci-

501 4599 600 4670 pit,
635 4597 985 4668 sigillumque
1017 4600 1325 4666 osculatur,
1355 4599 1402 4655 is
1433 4614 1542 4653 non
1573 4599 1769 4663 lutum,
1798 4599 2078 4654 chartam-

499 4704 588 4750 ve,
625 4695 721 4743 aut
751 4688 1038 4758 plumbum
1065 4697 1384 4756 veneratur,
1417 4689 1514 4745 sed
1551 4687 1865 4759 imperatori
1893 4689 2077 4758 potius

500 4778 767 4834 honorem
801 4776 982 4834 defert
1015 4786 1071 4834 et
1111 4779 1535 4846 adorationem;
1571 4778 1654 4835 sic
1702 4793 1806 4834 nos
1853 4792 2076 4848 quoque

500 4867 826 4933 Christiani,
879 4868 1062 4923 crucis
1121 4867 1357 4924 formam
1415 4868 1725 4935 adorando,
1776 4883 1890 4923 non
1947 4868 2079 4939 ligni

501 4963 811 5028 materiam,
873 4960 972 5017 sed
1034 4963 1211 5034 magis
1261 4962 1636 5033 signaculum,
1694 4961 1954 5016 annulum
2026 4968 2082 5016 et

502 5055 877 5110 characterem
922 5051 1132 5108 Christi
1182 5053 1364 5124 ipsius
1413 5053 1802 5123 respicientes,
1839 5067 1936 5121 per
1987 5067 2082 5105 ca-

501 5144 622 5198 dem
676 5144 829 5201 illum
877 5144 975 5216 qui
1025 5141 1176 5199 cruci
1231 5141 1424 5199 affixus
1483 5141 1608 5209 fuit,
1669 5141 1978 5199 salutamus
2026 5152 2084 5199 et

502 5236 817 5295 adoramus.
847 5257 867 5291 ι

571 5450 617 5482 ³⁵
647 5457 818 5515 Exod.
849 5478 1022 5526 xxx",
1049 5465 1102 5520 4.

2171 397 2433 468 ἡμετέρα.
2495 398 2761 451 ’Ᾱκουσον
2798 395 2907 468 γὰρ
2948 394 3128 464 ,αὐτοῦ
3163 395 3256 450 τοῦ
3293 394 3456 450 Θεοῦ
3545 395 3812 464 λέγοντπ

2174 487 2310 557 πρὸς
2358 487 2628 552 Μωῦσὲα,
2675 488 2891 554 εἰκόνας
2926 487 3018 541 δύο
3043 488 3325 560 Χερουϐὶμ
3353 489 3700 557 γλυπτῶν
3741 492 3814 539 πεῖ

2162 578 2458 649 ,χωνευτῶν
2491 577 2922 642 κατασκευάσαι,
2959 579 3289 642 σκιαζόντων
3315 579 3380 633 τὸ
3428 580 3814 650 ἱλαστήρεετ.

2171 672 2283 726 Kal.
2324 671 2507 737 πάλιν,
2555 671 2644 724 τὸν
2698 669 2824 726 ναὸν
2879 669 3078 736 ἔδειξεν
3114 673 3143 725 ό
3171 670 3306 736 Θεὸς
3341 671 3435 742 τῷ
3483 671 3812 738 Ἰεζεκιὴλ,

2171 762 2386 832 γλυπτὰ
2439 763 2724 834 πρόσωπα,
2774 763 2958 834 φησὶν,
2992 757 3127 832 εἶχε,
3157 762 3418 830 λεόντων,
3467 765 3600 818 καὶ
3647 767 3812 832 gaui-
3893 789 3895 812 ι

2171 869 2303 926 κων,
2335 849 2431 906 καὶ
2453 849 2772 922 ἀνθρώπων,
2809 854 2902 906 καὶ
2923 851 3222 922 Χερουϐὶμ,
3255 853 3366 908 ἀπὸ
3406 854 3527 907 τοῦ
3562 834 3814 923 sagae

2174 942 2339 997 αὐτοῦ
2368 943 2472 1006 ἕως
2511 943 2602 996 τοῦ
2629 941 2990 1020 φατνώματος
3027 943 3128 1012 τῆς
3160 944 3380 1014 στέγης,
3424 946 3691 1010 Ὄντως
3717 967 3810 1014 7,-5-
3893 965 3895 984 τ

2172 1031 2330 1102 σερδς
2361 1034 2388 1086 ὁ
2409 1031 2586 1101 λόγος.
2621 1017 2844 1099 ’ὀρθεὸς
2878 1033 3252 1104 ἐντειλάμενος
3282 1034 3361 1105 τῷ
3427 1037 3702 1107 Ἰσραὴλ
3735 1038 3806 1106 μή

2175 1123 2400 1194 ποιῆσαι
2432 1124 2690 1192 γλυπτὸν,
2733 1125 2870 1196 μήτε
2904 1124 3111 1190 εἰκόνα,
3151 1127 3291 1196 μήτε
3315 1127 3646 1198 ὁμοίωμα»,
3709 1131 3806 1182 is:

3889 439 3896 750 ἢ

2173 1215 2323 1268 ἐστὶν
2344 1216 2402 1270 ὲν
2421 1215 2500 1286 τῷ
2524 1216 2760 1287 οὐρανῷ,
2783 1217 2880 1270 καί¹
2903 1218 3003 1270 ὅσα
3027 1218 3173 1270 ἐστὶν
3216 1218 3309 1271 ἐπὶ
3354 1221 3473 1290 τῆς
3523 1219 3683 1288 τῆς,
3717 1220 3808 1272 αἰ-

2172 1307 2268 1372 τὸς
2328 1309 2660 1378 προστάσσει
2697 1309 2776 1380 τῷ
2828 1311 3035 1380 Μωῦσῇ
3095 1310 3322 1380 ποιῆσαι
3371 1311 3638 1380 γλυπτὰ
3696 1309 3806 1374 ζέει

2173 1400 2474 1474 Χερρυόίμ·
2501 1401 2595 1453 καί
2622 1399 2698 1471 τῷ
2713 1400 2972 1471 Ἱεξεκιὴλ
2989 1401 3172 1472 πλήρη
3195 1403 3424 1456 εἰκόνων
3446 1404 3562 1456 καὶ
3581 1403 3808 1474 ,ἐνομί-

2172 1473 2355 1563 τωκίξι)
2378 1491 2656 1561 γλυπτῶν,
2686 1492 2937 1556 λεόντων,
2971 1493 3064 1546 καὶ
3099 1495 3382 1562 φοινίκων,
3415 1495 3526 1548 καὶ
3565 1494 3808 1562 ἀνδρὼν

2159 1569 2314 1648 "no.3,
2345 1583 2587 1637 δείκνυσι
2617 1582 2707 1636 τὸν
2738 1583 2866 1638 ναὸν
2891 1586 2919 1637 ό
2945 1585 3107 1648 Θεόςο
3137 1585 3233 1638 καὶ
3272 1585 3575 1655 Σολομὼν,
3615 1589 3694 1638 ὲκ
3715 1590 3809 1640 νό-

2181 1691 2280 1745 μου
2315 1673 2495 1746 λαϐὼν
2542 1673 2603 1726 τὸ
2649 1673 2908 1744 τύπωμα,
2959 1673 3142 1745 πλήρη
3193 1676 3475 1744 πεποίηκε
3517 1677 3630 1729 τὸν
3675 1677 3806 1728 vasa
3847 1745 3860 1750 _

2177 1765 2393 1837 χαλκῶν
2417 1765 2694 1834 γλυπτῶν,
2747 1767 2906 1836 βοῶν,
2945 1768 3041 1821 καὶ
3086 1768 3345 1835 φοινίκων
3373 1810 3390 1832 ,
3426 1769 3531 1820 καὶ
3561 1768 3802 1839 ἀνθρώ·

2177 1874 2315 1924 πων,
2347 1857 2441 1910 καὶ
2466 1855 2526 1910 ού
2557 1857 2910 1928 κατεγνώσθη
2954 1857 3060 1911 ὑπὸ
3106 1858 3200 1911 τοῦ
3227 1857 3365 1911 Θεοῦ
3392 1860 3453 1910 ὲν
3479 1860 3712 1927 τούτῳ.
3743 1858 3804 1910 ΕΞ

2176 1947 2356 2003 τοίνυν
2402 1945 2538 2018 ἐμοῦ
2595 1946 3034 2015 καταγινώσκειν
3083 1947 3261 2012 θέλεις
3316 1951 3453 2020 περὶ
3522 1951 3798 2015 εἰκόνων,

2177 2039 2597 2111 προκατάγνωθι
2631 2038 2722 2092 τοῦ
2765 2037 2900 2092 εν)εοῦ
2947 2038 3123 2093 ταῦτα
3161 2043 3334 2093 ποιεῖν
3376 2041 3798 2104 κελεύσαντος,

2175 2129 2251 2196 ὡς
2279 2130 2584 2203 ὑπόμνησιν
2619 2128 2783 2184 αὑτοῦ
2817 2123 2958 2184 εἶναι
2997 2128 3131 2200 παρ’
3172 2131 3326 2201 ἡμῖν.
3375 2149 3397 2184 ι

2395 2397 2504 2453 Τοῦ
2533 2397 2741 2462 αὐτοῦ,
2781 2398 2850 2452 ἐκ
2878 2398 2986 2453 τοῦ
3023 2397 3296 2468 πέμπτου
3329 2399 3553 2469 λόγου.

2257 2507 2276 2541 ι
2312 2487 2481 2542 Πάλιν
2512 2487 2659 2558 ἡμᾶς
2691 2487 3039 2552 διαπαίζουσι
3068 2490 3196 2560 περὶ
3233 2487 3327 2543 τοῦ
3363 2492 3568 2560 τιμίου
3607 2509 3786 2547 σταυ-

2183 2580 2296 2652 ροῦ,
2329 2581 2423 2635 καὶ
2451 2579 2552 2650 τῆς
2589 2581 2700 2652 τῶν
2746 2579 3102 2634 θεοτυπώτων
3130 2581 3353 2634 εἰκόνων
3402 2583 3785 2653 augeat-3:513;

2178 2689 2235 2726 τε
2258 2672 2352 2726 καὶ
2386 2673 2830 2743 προσκυνήσεως,
2872 2669 3260 2741 εἰδωλολάτρας
3291 2672 3442 2741 ἡμᾶς
3477 2661 3782 2738 καίξυλο·
3811 2677 3814 2682 ’

2179 2763 2334 2826 θέους
2354 2761 2734 2833 ὀνομάζοντες,
2760 2761 2810 2814 οἰ
2840 2760 3123 2815 πανάθεοι.
3153 2762 3216 2814 Ei
3244 2761 3302 2814 δὲ
3335 2762 3599 2827 ξυλόθεός
3633 2765 3778 2834 εἰμι,

2177 2857 2253 2920 ὡς
2274 2856 2474 2924 λέγεις,
2497 2854 2646 2919 ᾶθεε,
2682 2853 2777 2908 καὶ
2805 2851 3067 2917 πολύθεος
3113 2853 3350 2918 πάντως.
3393 2855 3459 2907 Εἰ
3500 2856 3566 2908 δὲ
3601 2857 3779 2910 πολύ-

2179 2945 2320 3011 θεος,
2372 2947 2540 3016 ἐχρῆν
2575 2962 2644 3016 με
2702 2943 2919 3008 πάντως
2952 2944 3192 3014 ὀμνύντα
3235 2945 3417 3014 λέγειν
3440 2965 3456 2978 ο
3493 2949 3599 3003 Μὰ
3629 2948 3775 3014 τοὺς

2178 3039 2374 3103 θεοὺς,
2427 3035 2679 3107 καθάπερ
2725 3036 2820 3090 καὶ
2872 3036 2936 3088 σὺ
2965 3036 3060 3088 ἕνα
3096 3035 3237 3106 ὀρῶν
3267 3037 3496 3107 μόσχον,
3535 3039 3771 3106 ἔλεγες·

2181 3124 2357 3185 Οὗτοι
2393 3129 2449 3182 οι
2488 3127 2610 3182 θέοι
2649 3105 2794 3192 σου,
2831 3125 3104 3196 ἰσραήλ’
3134 3105 3277 3180 ἀλλί
3310 3105 3411 3180 οὐκ
3468 3105 3770 3198 ἀξιωθεξης

2176 3223 2336 3277 τοῦτο
2383 3223 2533 3291 παρὰ
2580 3221 2920 3292 Χριστιανῶν
2970 3221 3258 3291 στομάτων
3295 3221 3539 3276 ἀκοῦσαί
3593 3240 3765 3277 ποτε’
3819 3225 3828 3230 ’
3894 3215 3895 3238 ¹

2177 3313 2291 3369 ἀλλ’
2317 3314 2550 3368 εἰθισται
2579 3291 2667 3368 ἀεὶ
2697 3315 2730 3384 ἡ
2764 3311 3014 3384 μοιχαλὶς
3038 3312 3132 3366 καὶ
3158 3312 3387 3376 ἄπιστος
3435 3313 3766 3383 Συναγωγή,
3893 3291 3895 3358 4

2177 3405 2274 3476 τὴν
2321 3407 2690 3478 πανσὼφρονα
2739 3402 2977 3477 Χριστοῦ
3031 3401 3386 3476 Ἐκκλησίαν,
3422 3401 3505 3468 ὡς
3549 3405 3768 3476 πόρνην

2176 3494 2536 3567 διαγορεύειν.
2569 3513 2589 3547 υ
2662 3507 2792 3583 ξιιμ
2839 3517 2880 3574 ςέ,

2251 3675 2363 3731 Τοῦ
2398 3673 2601 3730 αὐτοῦ.
2629 3689 2650 3726 ι
2687 3671 2821 3727 Οὐδὲ
2847 3670 2955 3742 γὰρ
2981 3669 3113 3742 παρ’
3139 3668 3317 3740 ἡμῶν,
3339 3666 3416 3731 ὡς
3443 3667 3564 3721 θεοὶ
3595 3685 3765 3741 προσ-

2179 3767 2465 3821 κυνοῦνται
2504 3764 2555 3818 οἰ
2605 3762 2714 3815 τῶν
2766 3760 2937 3828 ἁγίων
2975 3755 3342 3829 χαρακτῆρες,
3395 3755 3493 3808 καὶ
3529 3757 3764 3818 εἰκόνες,

2178 3857 2273 3913 καὶ
2301 3856 2484 3910 τύποι.
2525 3856 2589 3914 Εἰ
2622 3853 2731 3924 γὰρ
2756 3852 2832 3916 ὡς
2862 3849 2982 3920 Θεῷ
3015 3846 3464 3922 προσεκυνοῦμεν
3496 3847 3575 3916 τῷ
3622 3847 3766 3916 ξύλῳ

2177 3949 2278 4020 τῆς
2314 3947 2541 4012 εἰκόνος,
2601 3944 2903 4016 ἐμέλλομεν
2959 3941 3177 4003 πάντως
3235 3939 3328 3994 καὶ
3376 3940 3492 4001 τοῖς
3550 3938 3765 4000 λοιποῖς

2180 4039 2508 4110 προσκυνεῖν
2543 4035 2740 4101 ξύλοις,
2775 4033 2872 4088 καὶ
2890 4032 2990 4102 οὐχ
3020 4032 3096 4096 ὡς
3124 4030 3404 4092 πολλάκις,
3436 4028 3766 4090 λεανθὲντος

2177 4127 2271 4182 τοῦ
2306 4126 2685 4199 χαρακτῆρος,
2731 4122 2810 4193 τῷ
2850 4122 2984 4192 πυρὶ
3015 4120 3114 4192 τὴν
3156 4119 3337 4174 εἰκόνα
3365 4116 3760 4189 κατεκαίομεν.

2179 4221 2290 4276 Καὶ
2318 4219 2504 4286 πάλιν,
2538 4220 2644 4282 ἕως
2679 4217 2780 4288 μὲν
2827 4216 2942 4269 ἔστι
2981 4211 3337 4283 συνδεδεμένα
3375 4211 3442 4263 τὰ
3483 4209 3627 4277 ξύλα
3669 4209 3765 4264 τοῦ

2181 4308 2441 4383 σταυροῦ,
2473 4307 2766 4381 προσκυνῶ
2787 4305 2877 4359 τὸν
2898 4304 3068 4359 τύπον
3095 4303 3183 4356 διὰ
3209 4303 3302 4355 τόν
3331 4302 3388 4355 ὲν
3410 4299 3560 4371 αὐτῷ
3590 4318 3764 4354 σταυ-

2181 4399 2422 4475 ρωθέντα
2446 4398 2702 4470 Χριστὸν,
2739 4395 2876 4448 ἐπὰν
2921 4395 2978 4449 δὲ
3003 4391 3349 4465 διαιρεθῶσιν
3385 4391 3444 4455 ἑξ
3476 4389 3765 4460 ἀλλήλων,

2183 4493 2362 4565 ρἰτω
2412 4489 2555 4544 αὐτὰ
2599 4489 2695 4543 καὶ
2726 4486 3032 4543 κατακαίω.
3086 4484 3199 4538 Καὶ
3229 4483 3419 4553 ὥσπερ
3446 4484 3473 4535 ό
3504 4482 3765 4535 κέλευσιν

2182 4587 2446 4660 βασιλέως
2475 4583 2765 4654 δεξάμενος
2791 4579 3258 4652 ἐσφραγισμένην,
3289 4577 3383 4630 καὶ
3427 4575 3766 4646 ἀσπασάμε-
3817 4623 3844 4647 θ

2179 4697 2270 4745 νος
2296 4679 2394 4750 τὴν
2427 4675 2722 4748 σφραγίδα,
2743 4675 2803 4727 ού
2824 4673 2914 4727 τὸν
2935 4671 3106 4742 πηλὸν
3123 4670 3399 4741 ἐτίμησεν,
3421 4670 3481 4722 ού
3508 4669 3598 4722 τὸν
3618 4670 3764 4740 χάρ-
3787 4695 3816 4754 ρέ

2179 4789 2301 4843 την,
2335 4771 2370 4841 ἢ
2418 4768 2508 4822 τὸν
2561 4765 2828 4843 μόλιρδον,
2861 4763 2997 4818 ἀλλὰ
3046 4762 3124 4834 τῷ
3157 4760 3368 4832 βασιλεῖ
3400 4761 3671 4829 ἀπένειμε
3707 4760 3764 4812 τὸ
3795 4771 3866 4810 έαῖ

2181 4863 2348 4926 σέϐας
2398 4861 2493 4914 καὶ
2519 4859 2620 4931 τὴν
2659 4855 3032 4928 προσκύνησιν
3055 4870 3070 4887 ο
3116 4853 3259 4907 οὕτω
3288 4851 3382 4905 καὶ
3414 4851 3763 4922 Χριστιανῶν

2177 4955 2401 5018 παῖδες,
2441 4948 2520 5022 τῷ
2545 4949 2702 5020 τύπῳ
2751 4947 2847 5001 τοῦ
2895 4944 3133 5017 σταυροῦ
3186 4941 3652 5015 προσκυνοῦντες.
3701 4942 3792 5024 οὐ,

2176 5047 2276 5118 τὴν
2313 5043 2474 5114 φύσιν
2505 5041 2598 5095 τοῦ
2629 5039 2786 5108 ξύλου
2818 5035 3258 5108 προσκυνοῦμεν,
3296 5032 3433 5090 ἀλλὰ
3462 5027 3866 5105 ἱεραγίδαίίίμ,
3893 5025 3895 5036 ¹

2178 5137 2275 5192 καὶ
2299 5133 2607 5212 δακτύλιον,
2639 5132 2733 5186 καὶ
2775 5132 3100 5202 χαρακτῆρα
3133 5125 3372 5199 Χριστοῦ
3423 5121 3589 5178 αὑτοῦ
3647 5123 3764 5191 βλέ·
3809 5151 3859 5212 μή
3893 5153 3895 5212 1

2187 5207 2492 5294 ποντεζξδιῖ
2513 5210 2688 5279 αὐτοῦ
2724 5223 2812 5278 τὸν
2834 5225 2892 5278 ὲν
2919 5221 3068 5293 αὐτῷ
3103 5217 3484 5292 σταυρωθέντα
3513 5213 3761 5279 ἀσπαζό-
3849 5207 3864 5246 θ
3881 5219 3886 5234 ⁵

2191 5319 2333 5391 μεθα
2363 5317 2454 5372 καὶ
2479 5314 2912 5389 προσκυνοῦμεν.
2954 5332 2970 5364 ι

3413 5385 3446 5398 κ

1782 5551 2012 5605 γΑιιιΑῑ
2051 5545 2452 5605 LECTIONES.

872 5691 1178 5760 οιωμάτων,
1215 5697 1266 5742 ιιι
1306 5687 1474 5742 Zinus
1502 5696 1551 5740 et
1586 5685 1746 5739 Tilm.
1789 5696 1843 5739 et
1874 5685 1927 5738 in
1959 5691 2065 5739 act.
2096 5684 2126 5738 7

2167 5697 2286 5753 syn.
