3986 6346
205 453 323 520 1385

1277 457 1374 516 DE
1415 458 1877 522 IMAGlNlBUS
1910 450 2193 513 ORATIO
2224 451 2338 511 ΙΙΙ.

3297 449 3432 511 1386

261 559 368 616 Τοῦ
396 557 602 614 αὐτοῦ.
629 575 646 609 t
675 558 786 612 Καὶ
813 558 902 612 διὰ
927 557 1085 611 τοῦτο
1119 560 1374 630 Χριστὸν,
1401 563 1496 615 κα)⁸
1527 563 1599 616 τά
1621 520 1758 635 Χρι-

1940 557 2213 627 Ejusdem.
2255 554 2489 626 rAtque
2543 566 2662 606 eam
2722 551 2794 607 ob
2845 565 3068 606 causam
3121 549 3431 618 Christum,

201 649 308 704 οτοῦ
340 649 522 720 πάθη,
551 649 612 702 ὲν
654 648 997 719 ἐκκλησίαις,
1032 651 1126 702 καὶ
1163 651 1352 714 οἴκοις,
1381 651 1477 705 καὶ
1510 653 1758 723 ἀγοραῖς,

198 743 277 794 καὶ
302 741 360 792 ἐν
383 739 576 804 είκόσι,
616 739 714 792 καὶ
734 739 793 791 ὲν
831 739 1052 805 σινδόνι,
1087 743 1181 794 καὶ
1207 742 1265 793 ὲν
1294 742 1564 813 ταμείοις,
1590 745 1685 818 καί
1705 745 1762 797 ὲν

199 831 436 900 ἱματίοις,
469 832 566 884 καὶ
599 832 659 883 ὲν
690 831 855 882 παντὶ
884 831 1036 900 τόπῳ
1071 831 1294 884 ὲκτυπῶ
1329 832 1422 884 καὶ
1451 831 1760 903 διαγράφω,

198 925 273 975 ἵνα
298 921 562 988 διηνεκῶς
592 921 956 992 ὁρῶνταῦτα,
983 923 1520 1000 ἀναμιμνήσκωμαι,
1561 923 1655 976 κοιλ⁸
1687 926 1764 993 μὴ

197 1013 552 1083 ἐπιλάθωμαι,
605 1012 799 1084 ὥσπερ
837 1016 902 1068 σὺ
948 1013 1216 1067 ἐπελάθου
1264 1015 1470 1085 Κυρίου
1506 1013 1602 1067 τοῦ
1627 1014 1764 1067 Θεοῦ

198 1122 284 1158 σου
309 1103 412 1158 ἀεί.
451 1105 564 1158 Καὶ
589 1104 780 1178 ὥσπερ
804 1106 868 1158 σὺ
901 1105 1222 1174 προσκυνῶν
1245 1106 1304 1158 τὸ
1335 1105 1541 1176 βιϐλίον
1565 1106 1661 1159 τοῦ
1681 1106 1768 1158 νό-

201 1213 316 1266 μου,
347 1195 408 1248 ού
447 1195 547 1264 τὴν
577 1196 738 1272 φύσιν
783 1196 894 1249 τῶν
938 1196 1224 1266 δερμάτων
1273 1190 1376 1250 κα).
1408 1196 1504 1250 τοῦ
1539 1197 1769 1272 μέλανος

200 1288 542 1358 προσκυνεῖς,
576 1286 714 1339 ἀλλὰ
738 1287 864 1350 τοὺς
898 1286 1090 1354 λόγους
1126 1287 1224 1340 τοῦ
1266 1286 1402 1340 Θεοῦ
1435 1288 1564 1349 τοὺς
1584 1291 1770 1355 ἐγκει-

203 1379 389 1453 μένους
419 1378 477 1429 ἐν
509 1376 678 1449 αὐτῷ,
718 1377 891 1435 οὕτως
922 1377 1076 1444 κάγὼ
1100 1381 1166 1448 τῇ
1197 1379 1369 1431 εἰκόνι
1401 1378 1495 1432 τοῦ
1527 1379 1769 1450 Χριστοῦ

200 1467 514 1538 προσκυνῶ,
547 1468 608 1521 οὐ
643 1471 711 1538 τῇ
749 1467 910 1535 φύσει
936 1468 1032 1522 τοῦ
1073 1468 1230 1534 ξύλου
1260 1470 1354 1523 καὶ
1387 1469 1498 1522 τῶν
1544 1455 1780 1542 χρωμάέ

198 1573 334 1610 τωνο
369 1557 446 1628 μὴ
476 1557 724 1628 γένοιτοι
771 1557 888 1613 ἀλλ’
938 1559 1132 1629 ἀψύχῳ
1181 1561 1489 1630 χαρακτῆρι
1536 1559 1772 1631 Χριστοῦ

201 1645 537 1717 προσκυνῶν,
569 1647 637 1700 δι’
677 1647 845 1701 αὑτοῦ
867 1687 882 1712 ,
926 1650 1089 1702 αὐτὸν
1122 1650 1356 1720 Χριστὸν
1381 1651 1523 1703 δοκῶ
1557 1653 1774 1722 κρατεῖν

200 1737 290 1791 καὶ
309 1741 655 1809 προσκυνεῖν.
680 1740 790 1794 Καὶ
817 1739 1008 1811 ὥσπερ
1049 1740 1245 1794 Ἰακὼϐ
1288 1740 1582 1811 δεξάμενος
1627 1741 1776 1813 παρά

1863 647 2182 718 Christique
2237 644 2548 714 passionem
2597 642 2652 712 in
2699 642 2973 704 ecclesiis,
3009 642 3064 696 in
3115 643 3346 708 aedibus,
3379 645 3434 698 in

1865 740 2027 803 foris,
2079 740 2144 816 in‘
2185 736 2409 810 tabulis,
2459 736 2513 789 in
2557 735 2774 798 linteis,
2833 733 2887 788 in
2937 735 3220 790 cubilibus
3270 745 3328 790 et
3379 737 3436 789 in

1864 835 2139 898 vestibus,
2182 842 2347 900 atque
2390 832 2444 883 in
2491 829 2642 884 omni
2674 830 2799 894 loco
2823 831 3073 899 exprime
3097 839 3152 886 et
3183 830 3435 900 designo,

1868 934 1925 979 ut
1979 939 2074 994 per
2133 923 2450 996 continuam
2519 921 3044 983 consideratior‘iem,
3117 921 3440 976 memoriam

1866 1029 2056 1068 eorum
2097 1011 2478 1082 perfricamus,
2517 1025 2617 1064 nec
2650 1026 2891 1080 unquam
2926 1012 3338 1077 obliviscamur,
3383 1023 3456 1076 ut.

1868 1113 1925 1156 tu
1967 1119 2182 1174 semper
2234 1104 2552 1178 oblitnswes
2617 1102 2836 1158 Domini
2867 1103 2983 1178 Dei
3032 1103 3131 1160 tui.
3183 1103 3442 1168 Qninimo

1869 1195 2058 1260 veluti,
2095 1210 2220 1249 cum
2258 1195 2508 1266 volumen
2555 1195 2693 1263 legis
2747 1196 2980 1264 adoras,
3028 1209 3136 1248 non
3175 1195 3445 1250 membra-

1871 1303 2066 1340 narum
2096 1295 2150 1342 et
2191 1287 2483 1354 atramenti
2517 1269 3039 1352 naturam-adoras,
3067 1287 3162 1340 sed
3202 1286 3296 1340 Dei
3323 1301 3444 1342 ser-

1874 1397 2064 1437 mones
2117 1381 2210 1450 qui
2265 1381 2324 1438 in
2362 1397 2428 1436 eo
2484 1381 2676 1451 scripti
2727 1390 2894 1447 sunt;
2955 1381 3230 1436 consimili
3285 1372 3446 1434 modo

1871 1470 2078 1526 Christi
2139 1471 2432 1541 imaginem
2489 1469 2683 1532 adoro,
2740 1485 3085 1540 nequaquam
3139 1485 3266 1525 vero
3313 1470 3472 1538 lignii

1875 1563 2196 1616 colorumve
2230 1570 2524 1628 naturain;
2562 1561 2740 1632 absit!
2776 1560 2878 1623 sed.
2908 1561 3208 1620 inaniinani
3237 1560 3445 1617 Christi

1878 1649 2107 1720 figuram
2143 1649 2543 1722 adorans,lpcr_
2587 1663 2710 1716 eam
2751 1649 2888 1702 mihi
2937 1648 3129 1711 videor
3155 1648 3451 1718 ipsummet

1876 1741 2158 1795 Christum
2214 1739 2504 1807 complecti
2557 1749 2606 1804 et
2648 1738 2904 1806 adorare.
2949 1741 3018 1792 At
3067 1737 3208 1794 sicut
3254 1737 3448 1800 Jacob,

199 1831 304 1885 τῶν
341 1831 588 1902 ἀδελφῶν
626 1831 724 1884 τοῦ
789 1831 990 1902 Ἰωσὴφ
1018 1832 1110 1884 τὸν
1140 1830 1343 1902 χιτῶνα
1387 1831 1478 1884 τὸν
1530 1831 1773 1884 ποικίλον

1880 1845 2003 1882 cum
2037 1844 2067 1881 a
2101 1827 2323 1897 Josephi
2367 1828 2632 1902 fratribus
2681 1829 2774 1897 qui
2829 1830 3010 1898 ipsum
3063 1828 3446 1892 vendiderant,

201 1920 534 1991 ᾑμαγμένον,
569 1923 660 1976 ὅτε
692 1922 1010 1993 ἐπίπρασαν
1033 1923 1124 1976 τὸν
1155 1906 1358 1994 Ἰωσὴφ
1380 1961 1394 1984 ,
1443 1921 1772 1990 κατεφίλησε

1880 1922 2082 1974 variam
2118 1919 2364 1988 ejusdem
2397 1921 2644 1974 tuniCam
2679 1919 2947 1990 sanguine
2979 1928 3264 1974 cruentam
3299 1934 3451 1974 rece-

201 2007 410 2072 πάντως
454 2013 545 2064 τὸν
587 2010 792 2082 χιτῶνα
821 2013 960 2083 μετὰ
991 2011 1267 2083 δακρύων,
1311 2012 1404 2064 καὶ
1434 2013 1544 2074 τοῖς
1574 2011 1774 2080 ὀφθαλ-

199 2099 316 2166 μοῖς
341 2102 454 2162 τοῖς
482 2099 630 2162 ἰδίοις
657 2099 848 2154 τοῦτον
870 2101 1087 2171 ἔθηκεν,
1117 2102 1177 2154 ού
1199 2101 1260 2153 τὸ
1293 2101 1509 2172 ἱμάτιον
1536 2098 1777 2179 ορηνῶν,

1878 2013 2067 2082 pisset.
2097 2011 2241 2065 hanc
2273 2026 2398 2064 cum
2443 2010 2703 2082 lacrymis
2732 2011 3104 2076 deosculatus,
3136 2009 3452 2065 oculissuis
3484 2063 3490 2072 ,

1876 2104 2172 2174 apposuit;
2230 2117 2340 2156 non
2395 2085 2554 2170 quasi
2605 2101 2847 2155 tunicam
2905 2101 2996 2156 ille
3051 2100 3297 2165 defieret,
3355 2098 3456 2156 sed

195 2187 332 2242 ἀλλά
361 2190 430 2241 δι’
456 2190 624 2243 αὑτοῦ
667 2191 758 2244 τὸν
810 2191 1009 2262 Ἰωσὴφ
1039 2192 1277 2262 νομίζων
1310 2191 1652 2260 καταφιλεῖν,
1684 2191 1778 2243 καὶ

1880 2196 2024 2263 quod
2053 2209 2146 2264 per
2176 2210 2294 2248 eam
2326 2192 2628 2264 Josephnm
2664 2193 2840 2261 ipsum
2885 2193 3154 2257 osculari,
3186 2201 3243 2248 et
3278 2191 3459 2245 mani-

193 2281 257 2334 tv
283 2281 469 2349 χερσὶν
499 2279 660 2332 αὐτὸν
682 2281 956 2351 κατέχεινε
979 2282 1123 2336 οὓτω
1151 2285 1244 2335 καὶ
1275 2281 1618 2352 Χριστιανῶν
1647 2284 1776 2333 παῖ-

192 2370 286 2432 δες
346 2369 534 2422 εἰκόνα
562 2359 826 2439 Χριστοῦ,
852 2371 884 2440 ἢ
908 2372 1230 2437 ἀποστόλου,
1254 2373 1286 2442 ἢ
1317 2371 1592 2442 μάρτυρος
1645 2387 1779 2424 κατ-

191 2459 568 2548 ἀσπαζόμενν
587 2461 653 2531 τῇ
685 2462 946 2548 mpm
962 2462 1109 2533 ψυχῇ
1131 2463 1426 2533 νομίζομεν
1449 2462 1614 2516 αὐτὸν
1639 2464 1781 2514 ἐκεῖ·

191 2563 286 2603 νον
323 2549 414 2602 τὸν
489 2549 954 2624 ΧρισΜ
996 2551 1252 2624 μάρτυρα
1319 2552 1484 2605 αὑτοῦ
1539 2551 1782 2616 ἀσπάζε-

193 2636 418 2696 σθαι....
436 2639 527 2704 Ὧς
546 2631 971 2709 70m;
992 2639 1168 2707 εἷπον,
1190 2644 1218 2694 ὁ
1246 2631 1448 2706 σκοπὸς
1469 2643 1781 2706 ἐξετάζεται

189 2728 290 2783 ἐπὶ
314 2730 517 2793 παντὸς
537 2728 855 2802 ἀσπασμόῦῖ
871 2733 967 2786 καί⁸
993 2733 1086 2786 ἐπὶ
1115 2732 1299 2803 πάσης
1329 2733 1780 2803 προσκυνήσεως.

188 2822 261 2876 EE
286 2821 346 2875 δὲ
382 2821 507 2892 ἐμοὶ
547 2822 822 2891 ἐγκαλεῖς,
871 2824 1066 2893 λέγων,
1100 2825 1181 2900 ὅτι
1213 2825 1508 2898 προσκυνῶ
1533 2825 1612 2895 τῷ
1643 2823 1785 2895 ξύλῳ

187 2912 292 2967 τοῦ
327 2911 586 2983 σταυροῦ,
621 2913 711 2968 διά
742 2915 796 2966 τί
840 2915 940 2968 οὐκ
963 2915 1212 2983 ἐγκαλεῖς
1252 2916 1328 2986 τῷ
1370 2915 1588 2980 Ἰακὼϐ,
1625 2933 1786 2987 προσ-

191 3007 496 3076 κυνήσαντι
545 3007 639 3058 ἐπὶ
694 3005 756 3058 τὸ
792 3005 964 3077 ἀκρον
1005 2991 1112 3075 «τῆς
1165 3006 1364 3077 ῥάϐδου
1409 3006 1504 3060 τοῦ
1545 3007 1784 3078 Ἰωσήφ;

205 3095 377 3150 Ἀλλά
407 3093 696 3166 πρόδηλον,
727 3097 809 3150 ὅτι
849 3096 911 3148 ού
947 3095 1010 3149 τὸ
1041 3096 1196 3162 ξύλον
1231 3095 1408 3168 τιμῶν
1441 3097 1786 3169 προσεκύνηο

193 3203 321 3254 σεν,
354 3186 490 3241 ἀλλά
523 3183 612 3240 διὰ
642 3186 738 3239 τοῦ
791 3185 949 3252 ξύλου
982 3187 1060 3258 τῷ
1119 3186 1320 3258 Ἰωσὴφ
1351 3188 1783 3260 προσεκύνησεν,

190 3281 398 3350 ὥσπερ
436 3277 529 3334 καὶ
563 3283 727 3350 ἡμεῖς
756 3280 844 3333 διὰ
867 3279 963 3333 τοῦ
997 3280 1233 3351 σταυροῦ
1261 3280 1340 3350 τῷ
1365 3279 1608 3351 Χριστῷ.
1629 3282 1786 3336 Ἐπεὶ

191 3370 298 3424 καὶ
335 3369 586 3441 Ἀϐραὰμ
609 3371 720 3430 τοῖς
759 3367 1078 3439 πωλήσασιν
1107 3368 1257 3440 αὑτῷ
1277 3370 1368 3424 τὸν
1391 3369 1562 3438 τάφον
1585 3367 1787 3440 ἀνδρά-

806 2462 954 2592 ii

189 3477 290 3516 σιν
314 3461 538 3516 ἀσεϐέσι
565 3461 967 3533 προσεκύνησε,
1008 3449 1104 3516 καὶ
1133 3461 1264 3529 γόνυ
1290 3460 1537 3532 ἔκαμψεν
1571 3461 1663 3513 ἐπὶ
1689 3465 1788 3529 τὴν
1823 3519 1828 3524 ,

189 3553 334 3623 γῆν,
383 3553 498 3606 ἀλλ’
525 3553 622 3623 οὐχ
655 3553 730 3617 ὡς
773 3553 928 3616 θεοὺς
976 3553 1180 3638 ,αὐτοὺς
1227 3552 1630 3622 προσεκύνησε.
1680 3539 1806 3632 καις

191 3642 392 3708 πάλιν,
434 3644 464 3695 ὁ
518 3641 712 3695 Ἰακὼϐ
753 3643 845 3696 τὸν
891 3641 1090 3711 Φαραὼ
1117 3641 1422 3711 ηὐλόγησεν
1445 3683 1459 3706 ,
1489 3640 1662 3711 ἀσεϐῆ
1695 3643 1790 3694 καὶ

191 3733 602 3803 εἰδωλολάτρην
641 3732 788 3799 ὅντα,
824 3733 1032 3786 καὶτὸν
1077 3733 1248 3785 Ἡσαῦ
1279 3732 1529 3796 ἑπτάκις,
1555 3732 1670 3786 ἀλλ’
1694 3733 1790 3802 οὐχ

1878 2287 1982 2340 bus
2009 2284 2312 2360 complecti
2335 2284 2440 2339 sibi
2483 2282 2761 2336 videretur
2792 2283 2888 2358 "__:
2925 2284 3008 2339 sic
3055 2292 3112 2338 et
3159 2298 3260 2338 nos
3289 2281 3454 2337 Chri—

1880 2376 2047 2432 stiani
2086 2376 2380 2444 imaginem
2421 2374 2655 2443 apostoli
2700 2373 3031 2444 martyrisve
3067 2375 3275 2430 carnali
3304 2391 3458 2430 more

1879 2484 2001 2522 com
2012 2468 2339 2537 plectentes,
2361 2465 2548 2520 animo
2571 2473 2889 2534 reputamus
2919 2482 3042 2530 nos,
3063 2465 3146 2520 vel
3173 2465 3456 2522 Christum

1882 2559 2098 2626 ipsum,
2146 2557 2232 2611 vel
2287 2565 2578 2626 martyrem
2627 2555 2749 2624 ejus
2799 2555 3189 2624 amplexari....
3255 2556 3461 2622 Quam-

1881 2651 2092 2712 ohrem,
2116 2657 2174 2702 ut
2205 2647 2405 2717 saepius
2441 2646 2576 2712 dixi,
2614 2646 2665 2700 in
2695 2647 2842 2701 omni
2878 2647 3207 2716 salutatione
3228 2648 3310 2702 vel
3337 2647 3464 2706 ado-

1885 2737 2096 2791 ratione
2125 2736 2456 2808 disquiritur
2491 2737 2742 2791 intentio.
2772 2736 2929 2802 Quod
2961 2737 3006 2792 si
3037 2739 3168 2808 mihi
3201 2737 3462 2805 erimina-
3499 2793 3506 2800 ,

1885 2830 1983 2895 ris,
2011 2831 2170 2900 quasi
2202 2829 2390 2884 crucis
2424 2829 2650 2899 lignum,
2677 2844 2775 2884 ceu
2807 2829 2974 2900 Deum
3008 2829 3266 2896 adorem;
3289 2845 3462 2899 quare

1886 2937 1997 2977 non
2037 2921 2165 2976 item
2197 2919 2370 2976 Jacob
2392 2936 2643 2986 accusas,
2674 2921 2770 2990 qui
2803 2921 2966 2992 virgae
2984 2919 3207 2993 Josephi
3234 2919 3462 2982 summi-
3493 2975 3498 2980 _

1887 3021 2052 3068 tatem
2079 3012 2330 3066 adoravit
2352 3011 2434 3087 ‘3‘.’
2455 3011 2522 3064 At
2552 3011 2905 3065 manifestum
2936 3019 3020 3065 est
3047 3026 3170 3066 eum
3191 3025 3303 3065 non
3330 3010 3459 3081 ligni

1886 3105 2194 3162 honorandi
2229 3119 2396 3159 causa
2434 3101 3167 3180 adorationemexhibuisse
3189 3143 3204 3169 ,
3236 3101 3333 3156 sed
3361 3117 3461 3172 po-

1887 3201 1998 3256 tius
2023 3213 2120 3268 per
2151 3197 2422 3252 honorem
2460 3195 2608 3266 ligno
2653 3197 2981 3264 praestitum,
3018 3195 3284 3266 adorasse
3313 3192 3464 3248 Jose-

1888 3291 2080 3360 phum,
2133 3275 2296 3359 375
2333 3287 2476 3342 sicut
2522 3287 2578 3340 in
2615 3300 2781 3340 cruce
2810 3285 3094 3342 Christum
3144 3285 3462 3342 adoramus.
3521 3327 3524 3330 .

1888 3380 2096 3435 Eodem
2134 3381 2298 3448 plane
2331 3376 2494 3431 modo
2519 3390 2632 3443 quo
2665 3376 2944 3430 Abraham
2986 3375 3235 3430 homines
3267 3375 3464 3445 impius

1890 3489 1918 3523 a
1951 3470 2150 3541 quibus
2177 3469 2493 3537 sepulcrum
2523 3467 2889 3530 mercabatur,
2916 3465 3150 3535 genibus
3175 3466 3228 3518 in
3257 3472 3465 3520 terram

1891 3557 2150 3615 demissis
2183 3557 2459 3621 adoravit,
2497 3570 2845 3626 nequaquam
2891 3563 3074 3608 tamen
3125 3555 3205 3610 uti
3237 3556 3370 3611 deos
3397 3555 3462 3610 ”.

1891 3647 1971 3701 Ad
1999 3648 2134 3712 ltec,
2177 3645 2348 3700 Jacob
2390 3643 2686 3707 Pharaoni,
2724 3643 2893 3712 impio
2926 3643 3051 3716 licet
3080 3643 3468 3711 idolorumque

1891 3739 2114 3804 cultori,
2145 3737 2428 3792 benedixit
2452 3736 2517 3802 ⁸ο,
2543 3746 2706 3804 atque
2735 3737 2938 3803 septies
2967 3737 3111 3790 Esau
3140 3736 3208 3800 ⁶¹,
3231 3733 3329 3790 sed
3357 3750 3465 3788 non

1895 3831 1972 3886 uti
2016 3830 2210 3894 Deum,
2245 3809 2514 3883 adoravit.
2548 3825 2706 3892 Vide,
2750 3835 2886 3896 quot
2931 3827 3031 3881 tibi
3079 3827 3738 3902 salutationes,“aqua;

1893 3932 2136 3994 quotque
2173 3921 2550 3984 adorationes,
2585 3927 2698 3996 tum
2736 3920 2791 3996 in
2833 3917 3138 3994 Scriptnris
3163 3918 3468 3992 “probatas,
3691 3903 3732 3940 ’ί

1895 3993 2008 4068 tum
2044 3993 2352 4076 naturales,
2385 4010 2522 4064 nulli
2569 3993 2801 4080 prorsus
2848 3993 3261 4077 reprehensioni
3292 4009 3470 4064 obno—

1893 4106 2013 4160 xias
2039 4085 2384 4175 protulerint.
2416 4099 2499 4154 Tu
2540 4115 2694 4164 vero,
2728 4116 2854 4153 cum
2887 4099 3115 4163 Christi,
3151 4108 3248 4154 aut
3272 4099 3471 4154 castis-

1895 4197 2048 4254 simae
2082 4195 2272 4250 Matris
2299 4193 2471 4258 illius,
2515 4202 2609 4246 aut
2645 4192 2826 4248 sancti
2858 4191 3148 4260 cujusdam
3177 4191 3469 4262 imaginem

1895 4304 1998 4344 nos
2023 4287 2178 4342 vides
2205 4285 2459 4349 adorare,
2495 4282 2790 4338 Confestim
2846 4281 3302 4352 indignabundus
3333 4281 3388 4336 id
3412 4283 3467 4336 in

187 3826 278 3890 ὡς
303 3825 461 3879 Θεόν.
497 3825 822 3892 Ἰδεπόσους
849 3825 1178 3894 ἀσπασμοὺς
1205 3824 1302 3877 καὶ
1346 3823 1519 3887 πόσας
1550 3840 1789 3894 προσκυ-

186 3917 396 3988 νήσεις
434 3915 691 3980 ἀπέδειξά
745 3932 849 3974 σοι,
883 3917 1158 3986 γρᾳςρικάς
1205 3932 1266 3978 τε
1295 3915 1400 3980 ’καὶ
1424 3914 1684 3983 φυσικᾲς,
1715 3914 1790 3984 μὴ

61 4001 78 4052 ὲ
111 4007 438 4080 Ἴειιὲχούσανς
473 4007 845 4075 κατάγνωσιν;
888 4008 989 4076 ἐμὲ
1013 4006 1068 4059 δὲ
1101 3997 1249 4060 ἐπάν
1275 4006 1392 4078 ἴδῃς
1431 4007 1618 4058 εἰκόνα
1656 4007 1793 4075 Χρι-

188 4097 362 4160 στοῦ,
392 4095 426 4166 ἢ
457 4099 556 4168 τῆς
589 4096 867 4166 πανάγνου
897 4095 1062 4150 αὑτοῦ
1093 4095 1335 4166 Μητρὸς,
1367 4095 1401 4166 ἢ
1429 4095 1585 4164 ἁγίου
1619 4111 1792 4166 προσ-

185 4187 502 4251 κυνοῦντα,
536 4188 866 4257 ἀγανακτεῖς
908 4187 1132 4254 εὐθέως,
1165 4189 1260 4241 καὶ
1301 4187 1664 4258 βλασφημεῖς,
1701 4187 1793 4240 καὶ

185 4262 518 4349 ἀποπηδᾷς,
547 4279 644 4333 καὶ
675 4278 1072 4350 είδωλολάτρην
1118 4295 1186 4349 με
1216 4279 1533 4344 ἀποκαλεῖς,
1556 4277 1651 4332 καὶ
1695 4278 1794 4331 οὐκ

185 4372 476 4452 αἰσχύνῃ
503 4372 598 4426 καὶ
633 4372 912 4444 φρίττεις,
945 4373 1043 4426 καὶ
1083 4371 1367 4443 ἐρυθριᾷς,
1390 4371 1534 4442 ὀρῶν
1564 4388 1632 4442 με
1669 4371 1780 4425 καθ

1896 4383 2105 4436 crimen
2139 4377 2308 4434 vertis
2329 4418 2345 4444 ,
2373 4373 2720 4446 aufugisque,
2749 4381 2805 4428 et
2851 4388 2938 4427 me
2973 4365 3315 4425 idololatram
3367 4384 3470 4424 no-

188 4461 453 4530 ἑκάστην
479 4459 692 4530 ἡμέραν
713 4461 770 4513 ὲν
791 4460 941 4533 πάσῃ
963 4462 1029 4530 τῇ
1051 4460 1348 4532 οἰκουμένῃ
1371 4460 1534 4522 ναοὺς
1562 4459 1780 4538 εἰδώλωι

1897 4471 2097 4525 minas.
2131 4465 2252 4522 Non
2279 4473 2331 4521 te
2363 4465 2565 4535 pudet?
2601 4479 2711 4518 non
2757 4461 3167 4533 perhorrescis?
3213 4473 3324 4514 non
3374 4473 3471 4512 ru-

189 4551 574 4618 καταλύοντα,
603 4552 701 4606 καὶ
723 4553 884 4616 ναοὺς
913 4553 1204 4624 μαρτύρων
1225 4552 1609 4622 ἀνεγείροντας
1643 4551 1704 4604 Εἰ
1727 4551 1780 4604 τὸ

1900 4562 2032 4616 bore
2064 4556 2418 4620 suﬂ‘underis.
2448 4554 2666 4626 Quando
2701 4568 2787 4608 me
2822 4553 2972 4607 vides
3002 4551 3056 4605 in
3091 4550 3350 4604 universo
3378 4565 3474 4605 or—

184 4643 413 4700 εῑδωλα
438 4642 830 4714 προσεκύνουν,
861 4643 1005 4697 διατί
1035 4645 1162 4706 τοὺς
1185 4643 1472 4714 μάρτυρας
1493 4629 1780 4712 τιμῶτοὺς

1898 4655 1967 4709 be
2039 4651 2309 4705 idolorum
2377 4648 2605 4702 delubra
2665 4645 3097 4710 demolientem,
3163 4645 3477 4715 templaque

188 4731 635 4797 καταλύσαντας
661 4731 733 4786 τά
759 4731 986 4798 εῖδωλα;
1018 4733 1068 4785 εἰ
1097 4731 1154 4785 δὲ
1185 4731 1252 4785 τὰ
1281 4730 1434 4797 ξύλα,
1467 4729 1544 4794 ὡς
1569 4731 1693 4800 φὴς,
1718 4731 1780 4783 δο

1899 4746 2207 4809 martyrum
2270 4736 2466 4790 honori
2529 4731 2946 4789 exstruentem?
3010 4732 3157 4801 quod
3217 4732 3264 4787 si
3326 4731 3476 4786 idola

185 4824 390 4894 ξάζω,
417 4824 535 4889 πῶς
560 4824 706 4896 τιμῷ
731 4825 860 4887 τοὺς
884 4825 1093 4894 ἁγίους,
1124 4826 1250 4889 τοὺς
1297 4825 1368 4878 τά
1412 4822 1599 4888 ξύλινα
1635 4823 1780 4889 ξόανε

1900 4827 2089 4890 adoro,
2121 4823 2251 4895 quid
2281 4833 2366 4879 est
2410 4839 2510 4878 cur
2555 4829 2826 4893 martyres
2860 4820 3132 4874 idolorum
3184 4833 3477 4875 eversores

183 4915 327 4970 τῶν
349 4913 621 4984 δαιμόνων
649 4914 1138 4979 κατακαύσαντας;
1167 4914 1230 4967 Ei
1259 4913 1322 4990 δὲ
1348 4915 1590 4976 καὶτοὺς
1623 4912 1780 4966 λίθου.

1901 4915 2206 4971 honorem?
2233 4913 2379 4983 quod
2432 4912 2480 4968 si
2507 4912 2694 4982 lignis,
2733 4911 2812 4965 uti
2845 4907 2995 4980 loqui
3035 4925 3209 4976 amas,
3243 4909 3477 4980 gloriam

179 5003 449 5071 δοξάζω,
483 5003 599 5066 πῶς
619 5003 830 5071 δοξάζω
852 5005 979 5068 τοὺς
1001 5004 1350 5067 ἀποστόλους,
1388 5006 1512 5066 τοὺς
1537 5006 1606 5057 τὰ
1627 5003 1780 5057 λίθινι

1904 5003 2090 5060 defero
2117 5019 2132 5069 ;
2163 5002 2257 5072 qui
2289 5001 2368 5066 fit,
2414 5010 2473 5056 ut
2503 5001 2711 5055 honore
2743 4999 2995 5055 homines
3029 5009 3254 5055 sanctos
3280 5014 3476 5070 prose-

181 5095 414 5150 εἴδωλα
438 5095 920 5160 κατακλάσαντας;
949 5096 1010 5148 Εἰ
1030 5096 1126 5158 τὰς
1156 5095 1374 5157 εἰκόνας
1397 5095 1504 5147 τῶν
1526 5095 1780 5164 ψευδωνύι

1903 5111 2062 5166 quar,
2086 5094 2180 5165 qui
2205 5093 2412 5163 ligneas
2435 5093 2746 5148 daemonum
2776 5103 2988 5146 Statuas
3016 5090 3480 5147 combusserunt?

185 5203 344 5260 μων
367 5185 505 5238 θεῶν
535 5186 699 5249 σέϐω,
741 5187 861 5250 πῶς
888 5187 1096 5254 δοξάζω
1117 5227 1132 5250 ,
1159 5187 1252 5242 καί
1286 5186 1513 5250 ἐπαινῶ,
1567 5187 1661 5240 καὶ
1687 5187 1780 5255 ὲορ

1907 5188 2012 5243 Sed
2057 5187 2104 5242 si
2144 5186 2354 5256 lapides
2401 5185 2650 5252 celebro;
2697 5199 2798 5239 cur
2841 5184 3124 5254 apostolos
3180 5184 3352 5255 ipsos,
3381 5184 3478 5255 qui

179 5280 318 5341 τὰς
376 5278 610 5331 ὲπιτελῶ
654 5279 764 5332 τῶν
813 5279 1036 5341 παιδῶν,
1077 5278 1185 5332 τῶν
1216 5279 1274 5332 ὲν
1307 5276 1584 5332 Βαϐυλῶνι
1637 5277 1780 5348 άθλη·

1906 5275 2118 5346 lapidea
2174 5276 2466 5355 simulacra
2523 5276 3008 5340 comminuerunt,
3069 5275 3424 5336 celebravero
3455 5277 3494 5338 ?_

181 5369 459 5435 σάντων,
485 5371 579 5424 καὶ
602 5373 667 5441 τῇ
697 5371 867 5424 εἰκόνι
895 5372 962 5442 τῇ
982 5371 1157 5442 χρυσῇ
1181 5369 1255 5441 μὴ
1283 5356 1779 5442 προσκυνησάντων

1907 5369 2051 5438 quod
2075 5367 2119 5422 si
2147 5366 2364 5421 tandem
2389 5366 2653 5421 falsorum
2675 5365 2905 5420 deorum
2925 5381 3160 5422 veneror
3177 5368 3480 5439 imagines;

178 5465 274 5535 τῇ
317 5461 613 5532 είδωλικῇς
648 5460 790 5514 Ἀλλ’
822 5461 991 5524 ὅντως
1038 5460 1206 5530 πολλὴ
1243 5461 1354 5514 τῶν
1374 5461 1592 5531 ἀνόμων
1624 5465 1656 5531 ἡ

1909 5475 2079 5529 quare
2112 5458 2281 5528 igitur
2340 5461 2503 5515 trium
2578 5471 2879 5527 puerorum
2905 5457 2971 5520 “,
2991 5451 3232 5532 quia,ne
3259 5471 3480 5511 auream

87 5605 92 5616 ,
119 5595 150 5612 ν,
181 5532 419 5632 ρῷοῖις,
450 5555 619 5628 πολλὴ
640 5553 934 5625 τύφλωσις.
967 5550 1040 5606 Ὦ
1083 5555 1331 5621 ’Ῑουδαῖε,
1373 5555 1544 5626 πολλὴ
1573 5560 1605 5623 ἡ
1647 5532 1780 5609 aiat-

1912 5552 2043 5606 idoli
2073 5551 2364 5622 imaginem
2395 5547 2710 5613 adorarent,
2728 5545 3006 5618 Babylone
3032 5548 3479 5612 decertaverunt,

348 5731 394 5764 ⁵⁷
423 5730 561 5786 Gen.
599 5745 814 5798 xxxvn,
857 5729 927 5783 32
959 5744 1115 5800 seqq.
1178 5729 1257 5800 ,⁵⁸
1293 5728 1432 5786 Gen.
1490 5745 1680 5794 XLVIII,
1727 5727 1824 5793 i5;
1869 5724 2033 5781 Hebr.
2077 5740 2152 5790 ιι,
2198 5723 2290 5779 21.
2388 5725 2433 5757 ⁵³
2467 5723 2604 5779 Gen.
2640 5738 2796 5785 mn,
2829 5721 2879 5776 7.
2981 5721 3026 5753 '°
3054 5719 3190 5778 Gen.
3231 5737 3398 5788 van,
3424 5720 3481 5773 9.

175 5805 238 5838 οι
277 5800 435 5860 Gen.
463 5817 657 5866 χχχιιι,
690 5803 744 5855 5.
820 5800 864 5832 ⁶²
885 5800 1020 5854 Dan.
1043 5799 1137 5864 illi.
1170 5799 1196 5854 ί
1227 5815 1382 5870 seqq.

550 5896 821 5952 PATBOL.
853 5894 972 5952 Cn.
1017 5892 1214 5952 XCIV.
3089 5886 3166 5946 ut

3691 3879 3780 3940 -ξδζ
3803 3876 3814 3926 ί
3843 3885 3932 3940 tu.
