3986 6346
369 326 505 390 1367

1555 331 1616 392 S.
1656 332 1692 393 Ι
1695 329 1977 395 OANNIS
2014 329 2409 398 DAMASCEN
2416 338 2443 396 Ι

3474 339 3624 405 1368

363 453 530 509 quam
569 439 704 496 deos
734 440 1064 504 adoramus,
1113 439 1256 496 sicut
1293 441 1500 497 ethnici
1541 442 1749 499 faciunt
1787 464 1801 500 :
1843 447 1940 500 ab-

2063 465 2148 502 ιεν
2171 450 2220 502 οἰ
2243 451 2444 514 πιστοὶ,
2471 448 2546 520 μὴ
2571 447 2802 517 γένοιτο,
2860 447 3048 520 ὥσπερ
3086 450 3136 503 οἰ
3155 445 3443 518 Ἕλληνες,
3471 445 3622 505 ἀλλὰ

369 527 474 586 sit!
531 533 628 589 sed
670 531 924 610 allectum
970 533 1275 600 duntaxat,
1316 542 1370 589 et
1413 534 1700 592 charitatis
1739 545 1940 592 nostra:

367 623 610 681 studium
641 611 914 680 adversus
943 639 1193 696 personae
1226 623 1280 680 in
1323 626 1560 696 imagine
1597 628 1832 698 depictm
1877 628 1940 684 Ii-

369 730 559 784 guram
595 713 969 773 declaramus.
1003 717 1348 787 Quapropter
1381 733 1491 773 non
1528 735 1688 786 raro,
1723 721 1939 776 oblitte-

369 813 486 860 rata
518 807 690 878 tigura
711 848 726 871 ,
756 808 962 878 lignum
1011 815 1276 877 tanquam
1313 809 1510 865 inutile
1537 812 1936 868 comburimus.

371 899 528 953 Sicut
561 914 691 970 ergo
721 898 892 954 Jacob
936 901 1099 954 morti
1133 900 1419 970 proximus
1451 901 1733 974 fastigium
1776 903 1941 974 virgae

367 988 570 1060 Ioseph
595 990 849 1046 adoravit
891 991 957 1057 ⁸⁸,
1003 1005 1115 1046 non
1160 991 1368 1064 virgam
1412 993 1585 1064 ipsam
1629 994 1937 1060 honoraus,

370 1083 466 1137 sed
516 1081 670 1136 illum
717 1082 812 1152 qui
858 1097 978 1138 eam
1014 1083 1306 1153 gestabat;
1355 1084 1432 1138 ita
1483 1099 1584 1140 nos
1638 1083 1940 1140 Christiani

370 1171 518 1226 haud
572 1171 678 1227 alia
737 1173 954 1228 ratione
1013 1174 1286 1244 imagines
1339 1175 1681 1240 salutamus,
1749 1189 1942 1246 quem-

369 1264 660 1319 admodum
697 1264 837 1320 Iilios
867 1275 1236 1337 parentesque
1266 1277 1490 1322 nostros
1515 1267 1854 1330 osculamur.
1885 1277 1943 1324 ut

371 1369 466 1424 per
497 1355 612 1410 llaec
656 1355 828 1410 animi
869 1357 1048 1412 nostri
1082 1356 1340 1413 aﬂectum
1371 1357 1737 1414 iusinuemus.
1779 1356 1943 1414 Velut

367 1444 589 1500 Judaeus
621 1445 751 1500 olim
780 1446 916 1516 legis
950 1447 1204 1515 tabulas,
1230 1454 1286 1503 ct
1309 1446 1420 1506 duo
1445 1446 1742 1503 Cherubin)
1775 1462 1943 1504 aurea

367 1543 423 1590 ct
450 1535 722 1604 sculptilia
755 1536 1048 1602 adorabat,
1079 1552 1186 1592 non
1215 1537 1448 1607 lapidis,
1477 1538 1664 1593 aurive
1691 1546 1942 1594 naturam

369 1626 638 1694 colendo,
674 1627 770 1684 sed
804 1626 1097 1684 Dominum
1131 1630 1341 1699 ipsum,
1377 1629 1470 1700 qui
1506 1644 1570 1684 ea
1605 1628 1786 1686 facere
1825 1628 1944 1699 jus-

368 1728 536 1775 serat.
559 1739 577 1771 ι

369 1935 532 2008 367
570 1937 759 1993 Sancti
799 1937 1189 2010 Chrysostomi,
1224 1941 1278 1993 in
1319 1940 1456 2006 psal.
1502 1955 1563 1996 ιιι
1601 1941 1658 1996 in
1691 1940 1861 1997 David
1893 1951 1943 1998 et

1025 2009 1298 2064 Absalom.

447 2139 467 2174 ι
496 2121 859 2192 Imperatores
904 2125 1142 2181 ducibus
1178 2128 1317 2195 suis,
1356 2143 1592 2199 quorum
1623 2143 1726 2198 ope
1766 2129 1945 2184 victo-

372 2214 452 2269 ria
483 2221 644 2283 parta
669 2223 778 2282 est,
813 2217 1181 2286 triumphales
1213 2227 1429 2275 statuas
1461 2220 1720 2290 erigunt;
1771 2235 1945 2290 quos-

370 2307 494 2359 dam
527 2307 658 2362 item
694 2309 888 2364 titulos
941 2309 1184 2364 victoriaa
1220 2309 1532 2382 insignibus
1561 2318 1812 2380 ornatos,
1844 2327 1946 2367 au-

370 2398 506 2467 rigis
573 2399 906 2470 athletisque
974 2401 1260 2472 principes
1323 2403 1568 2471 erigunt;
1647 2403 1946 2474 additaque

371 2487 734 2558 inscriptione
769 2483 935 2544 veluti
991 2498 1282 2546 stemmate
1333 2493 1596 2562 quodam,
1650 2494 1946 2550 materiam

372 2581 616 2636 victoriae
678 2596 989 2651 praeconem
1033 2583 1300 2639 reddunt.
1353 2585 1463 2640 Alii
1509 2601 1735 2641 rursum
1785 2587 1944 2644 libris

370 2679 426 2726 et
471 2671 671 2728 litteris
715 2673 989 2728 victorum
1044 2674 1236 2730 laudes
1289 2675 1650 2744 describunt;
1687 2677 1792 2733 hoc
1827 2692 1944 2733 am-

371 2763 606 2829 bientes,
673 2773 732 2819 ut
787 2781 944 2820 suam
998 2767 1052 2820 in
1085 2767 1319 2822 dicendo
1367 2768 1498 2834 vim,
1560 2783 1750 2824 eorum
1804 2784 1945 2840 quos

372 2854 600 2910 laudant
657 2855 987 2911 fortitudine
1039 2858 1384 2928 superiorem
1445 2875 1570 2915 esse
1627 2861 1942 2916 ostendant.

371 2946 548 3016 Atque
622 2949 946 3018 scriptores,
1019 2950 1288 3020 pictores,
1363 2953 1642 3018 statuarii,
1733 2953 1943 3024 populi,

373 3037 679 3108 principes,
747 3039 1003 3096 civitates
1055 3049 1108 3096 et
1170 3042 1449 3114 regiones,
1513 3043 1757 3099 victores
1814 3057 1946 3098 suos

2040 541 2141 612 τὴν
2169 541 2353 619 σχέσιν
2387 542 2569 612 μόνον,
2601 540 2699 593 καὶ
2721 541 2814 594 τὸν
2854 539 3021 594 πόθον
3055 539 3153 612 τῆς
3196 541 3357 612 ἡμῶν
3385 541 3620 612 ἀγάπης
3643 555 3688 616 7.
3711 535 3814 630 ac...

2042 633 2178 704 πρδς
2202 634 2292 686 τδν
2319 634 2650 706 Χαρακτῆρα
2677 632 2772 686 τοῦ
2810 631 3104 703 προσώπου
3130 632 3232 703 τῆς
3259 633 3468 697 εἰκόνος
3507 634 3616 704 εμ-
3905 629 3907 642 ³

2043 723 2380 792 φανίζοντες.
2404 725 2568 778 Ὅθεν
2626 724 2886 787 πολλάκις
2917 722 3012 776 τοῦ
3051 724 3401 795 χαρακτῆρος
3451 723 3618 778 λεαν-

2042 816 2243 882 θέντος,
2265 817 2340 880 ὡς
2366 817 2520 882 ξύλον
2532 817 2720 899 ignoto
2749 817 2918 889 ἀργὸν
2940 817 3040 889 τήν
3067 833 3200 870 ποτε
3239 817 3426 872 εἰκόνα
3449 835 3618 873 κατα-
3651 837 3654 839 λ
3767 827 3770 830 '
3803 843 3812 846 -
3857 829 3876 846 ὐ

2043 909 2290 982 καίομεν.
2335 911 2546 981 Ὠσπερ
2567 905 2659 964 οὖν
2683 911 2711 963 δ
2745 909 2938 964 Ἰακὼϐ
2973 909 3184 981 μέλλων
3215 909 3495 981 τελευτᾷν,
3517 911 3646 984 ἐπἰρ
3677 925 3680 928 ’

2041 1003 2102 1054 τὸ
2131 1001 2301 1072 ἀκρον
2323 1003 2422 1073 τῆς
2449 1001 2647 1074 ῥάϐδου
2679 1000 2776 1055 τοῦ
2823 999 3023 1074 Ἰωσὴφ
3073 1001 3502 1074 προσεκύνησεν,
3537 1001 3611 1075 ,ού

2042 1093 2139 1165 τῂν
2161 1093 2356 1164 ῥάϐδον
2375 1093 2571 1163 τιμῶν,
2635 1091 2772 1147 ἀλλά
2798 1091 2890 1145 τὸν
2917 1091 3124 1164 ταύτην
3161 1092 3482 1164 κατέχοντα,
3521 1092 3614 1148 οὖ-

2040 1203 2150 1250 τως
2186 1187 2236 1240 οἰ
2258 1186 2462 1251 πιστοὶ,
2482 1186 2542 1239 ού
2571 1186 2640 1240 δι’
2668 1185 2855 1256 ἐτερόν
2887 1202 3010 1239 τινα
3031 1185 3233 1258 τρόπον
3273 1187 3372 1250 τάς
3399 1185 3615 1247 εἰκόνας
3657 1227 3660 1242 .

2041 1275 2418 1346 ἀσπαζόμεθα,
2448 1276 2638 1348 ὥσπερ
2657 1277 2750 1329 καί
2775 1275 2844 1332 τὰ
2875 1275 3042 1328 τέκνα
3066 1275 3222 1346 ἡμῶν
3253 1276 3346 1329 καί⁵
3367 1277 3617 1346 πατέρας

2043 1368 2304 1432 πολλάκις
2329 1367 2774 1437 καταφιλοῦντες,
2794 1367 2908 1421 ἀλλ’
2933 1367 3020 1420 ῐνα
3047 1365 3138 1420 τὸν
3150 1365 3314 1424 πόθον
3341 1367 3444 1436 τῆς
3470 1367 3614 1437 ἠμε-

2042 1461 2209 1532 τέρας
2239 1459 2420 1531 ψυχῆς
2465 1457 2878 1531 ἐμφανίσωμεν.
2923 1457 3133 1527 Ὥσπερ
3157 1456 3268 1528 γάρ
3291 1458 3386 1511 καὶ
3413 1457 3443 1509 ό
3480 1459 3618 1510 ἰουτ

2043 1553 2210 1620 δαῖος,
2234 1552 2334 1616 τὰς
2357 1551 2450 1606 τοῦ
2483 1553 2651 1624 νόμου
2710 1550 2942 1614 πλάκας,
2977 1549 3070 1604 καὶ
3106 1547 3176 1602 τὰ
3200 1548 3296 1602 δύο
3332 1547 3616 1618 Χερουϐὶμ

2044 1645 2111 1700 τά
2131 1645 2306 1716 χρυσᾶ
2339 1644 2433 1699 καὶ
2459 1643 2676 1713 γλυπτά
2709 1644 3052 1715 προσεκύνει,
3085 1641 3146 1695 ού
3173 1639 3349 1710 τιμῶν
3372 1640 3471 1712 τὴν
3514 1638 3615 1692 τοῦ

2045 1734 2195 1788 λίθου
2217 1733 2310 1789 καὶ
2329 1735 2553 1807 χρυσίου
2571 1733 2753 1804 φύσιν,
2779 1730 2916 1786 ἀλλά
2938 1731 3030 1786 τὸν
3048 1729 3225 1784 ταῦτα
3246 1727 3619 1802 ἐπιτρέψαντα

2045 1827 2272 1898 Κύριον.
2305 1845 2326 1879 ι

2051 1937 2162 1994 Τοῦ
2191 1937 2364 2008 ἁγίου
2391 1938 2849 2010 Χρυσοοήζόμου,
2873 1940 2966 2010 ,εἰς
2988 1939 3097 1993 τὸν
3115 1948 3318 2010 τριτον
3343 1938 3613 2010 ψαλμὸν,

2392 2005 2480 2075 είς
2510 2005 2690 2062 Δαϐἰὸ
2710 2005 2828 2062 καὶ
2869 2005 3274 2080 Ἀϐεσσαλώμ.

2122 2142 2141 2175 ι
2204 2122 2536 2185 Ἐπινικίους
2587 2121 2685 2194 μέν
2733 2121 3063 2194 ἀνδρίαντας
3115 2123 3167 2176 οἰ
3207 2122 3448 2194 βασιλεῖς
3497 2125 3618 2190 τοῖς

2047 2215 2376 2285 στρατηγοῖς
2433 2214 2720 2284 νικήσασιν
2779 2213 3096 2268 ἀνατιθέασι
3120 2230 3135 2245 ·
3191 2215 3521 2286 νικηφόρους
3557 2215 3618 2270 δέ

2045 2323 2197 2370 τινας
2231 2305 2435 2377 στήλας
2481 2304 2860 2376 ἐπεγείρουσιν
2917 2303 3178 2376 ἄρχοντες
3227 2304 3465 2376 ἡνιόχοις
3517 2307 3616 2361 καὶ

2046 2397 2344 2469 ἀθληταῖς,
2419 2396 2518 2450 καὶ
2587 2396 2667 2468 τῷ
2733 2397 3154 2468 ἐπιγράμματι,
3206 2397 3283 2462 ὡς
3315 2397 3615 2469 πέμματι,

2047 2491 2270 2562 κήρυκα
2312 2490 2416 2559 τῆς
2478 2489 2638 2560 νίκης
2695 2489 2794 2559 τὴν
2853 2486 2988 2560 ὕλην
3042 2490 3392 2561 ἐργάζονται.
3429 2490 3616 2544 ’Δλλοι
3685 2515 3700 2546 ι

2049 2581 2209 2635 πάλιν
2241 2581 2300 2634 ἐν
2331 2580 2536 2651 βίϐλοις
2575 2581 2669 2634 καὶ
2701 2582 2994 2652 γράμμασι
3033 2581 3162 2645 τοὺς
3207 2581 3462 2645 ἐπαίνους
3499 2583 3617 2646 τοῖς

2046 2674 2294 2744 νικηταϊς
2326 2672 2622 2744 γράφουσι,
2652 2672 2752 2743 τὴν
2791 2671 2972 2726 αὐτῶν
3009 2674 3068 2726 ἐν
3099 2672 3178 2743 τῷ
3209 2672 3422 2744 ἐπαίνῳ
3449 2672 3615 2727 δύνα-

2049 2779 2164 2834 μιν,
2194 2763 2547 2834 ἰσχυροτέραν
2573 2762 2684 2816 τῶν
2711 2763 3122 2833 ἐπαινουμένων
3151 2763 3319 2830 δεῖξαι
3345 2763 3614 2826 θέλοντες.

2047 2855 2158 2908 Καὶ
2189 2853 2556 2924 λογογράφοι,
2598 2855 2695 2908 καὶ
2741 2853 3057 2925 ζωγράφοι,
3105 2853 3200 2907 καὶ
3234 2852 3611 2922 λιθογλύπται,

2048 2947 2144 3000 καὶ
2175 2946 2374 3017 δῆμοι,
2415 2946 2511 3000 καὶ
2541 2946 2799 3016 ἄρχοντες
2825 2985 2839 3010 ,
2876 2946 2972 2999 καὶ
3006 2946 3189 3010 πόλεις
3211 2984 3227 3010 ,
3280 2946 3376 3000 καὶ
3416 2946 3618 3016 χῶραι,

2048 3039 2176 3102 τοὺς
2219 3037 2450 3109 νικητάς
2507 3037 2900 3107 θαυμάζουσιν.
2951 3036 3142 3100 Οὐδεὶς
3186 3037 3244 3090 δέ
3295 3037 3617 3106 φεύγοντος,

373 3128 739 3184 admiratione
785 3129 982 3200 dignos
1045 3131 1276 3187 habent.
1329 3130 1618 3202 Fugientis
1658 3149 1812 3196 vero,
1845 3140 1941 3188 aut

2063 3132 2141 3185 ιαί
2174 3129 2250 3202 μὴ
2279 3131 2713 3202 πολεμήσαντος,
2751 3129 2969 3193 εἰκόνας
2998 3129 3259 3202 ἔγραψεν.
3297 3148 3318 3182 ι

375 3232 609 3288 pugnam
683 3219 1045 3277 detrectantis
1123 3236 1286 3278 nemo
1360 3237 1601 3293 unquam
1672 3223 1944 3296 imagines

374 3311 575 3379 pinxit.
611 3330 630 3363 ι

374 3422 566 3478 Sancti
597 3423 792 3494 Cyritli
826 3425 1166 3482 Alexandria:
1211 3427 1611 3496 archiepiscopi,
1639 3443 1704 3482 ea:
1737 3428 1946 3484 allocu-

620 3496 760 3549 tione
811 3495 879 3548 ad
915 3496 1266 3551 Theodosium
1308 3495 1700 3568 imperatOrem.

449 3623 468 3658 ι
501 3603 780 3676 Imagines
827 3616 1007 3662 autem
1059 3609 1470 3678 exemplaribus
1522 3610 1836 3682 archetypis
1869 3610 1948 3666 si-

378 3698 535 3754 miles
572 3706 724 3754 sunt.
765 3697 996 3768 Oportet
1041 3698 1190 3756 enim
1240 3707 1299 3755 ut
1349 3701 1477 3768 hoc,
1519 3717 1620 3758 nec
1645 3702 1756 3758 alio
1785 3702 1950 3757 modo

375 3798 435 3842 se
464 3787 724 3847 habeant.
763 3808 784 3842 ι

796 3878 1072 3952 Ejusdem,
1105 3898 1169 3937 ea:
1217 3881 1528 3940 Thesauris.

451 3990 470 4020 ι
504 3969 776 4042 Imagines
808 3975 957 4030 enim
1013 3974 1229 4030 aﬂincm
1261 3990 1480 4046 semper
1509 3973 1577 4030 ad
1609 3975 1948 4046 exemplaria

379 4062 799 4120 similitudinem
842 4074 1088 4122 servant.
1128 4085 1147 4118 ι

379 4172 659 4250 Ejasdem,
691 4193 756 4232 ex
787 4178 942 4250 libro,
986 4197 1005 4250 ι
1037 4178 1193 4244 Quod
1231 4180 1284 4233 in
1325 4179 1566 4234 omnibus
1624 4179 1826 4250 Moysi:
1866 4197 1952 4234 υο-

449 4246 736 4320 luminibus
791 4247 1017 4320 Christi,
1057 4250 1370 4320 mysterium
1421 4246 1765 4320 designatur;
1807 4269 1826 4303 ι
1873 4250 1954 4305 De

452 4316 719 4370 Abraham
749 4327 799 4370 et
829 4316 1236 4384 Melchisedech,
1263 4335 1390 4389 cap.
1423 4317 1478 4373 6.
1517 4339 1536 4371 ι

2052 3423 2162 3479 Τοῦ
2184 3422 2356 3493 ἁγίου
2375 3422 2680 3493 Κυρίλλου
2706 3418 3275 3493 Ἀλεξανδρείας-,ἐκ
3289 3418 3406 3493 τοῦ
3430 3431 3623 3488 προσο

2149 3489 2491 3564 φωνητικοῦ
2530 3492 2681 3560 πρὸς
2731 3493 2839 3545 τὸν
2865 3491 3134 3556 ,βασιλέα
3167 3489 3509 3544 Θεοδόσιον.

2123 3625 2141 3660 ι
2180 3607 2248 3660 Αἰ
2297 3604 2355 3658 δὲ
2398 3605 2636 3672 εἰκόνες,
2682 3605 2874 3676 ὥσπερ
2921 3603 3017 3657 καὶ
3061 3601 3130 3656 τά
3176 3602 3499 3674 ἀρχέτυπα’
3536 3599 3628 3655 δεῖ

2048 3698 2156 3770 γὰρ
2184 3697 2358 3762 οὕτως
2384 3696 2576 3762 αὑτὰς,
2603 3696 2695 3750 καὶ
2723 3696 2822 3767 οὐχ
2855 3695 3058 3766 ἐτέρως
3085 3693 3249 3765 ἔχειν.
3289 3712 3310 3746 ι

2325 3873 2439 3928 Τοῦ
2476 3871 2684 3937 αὐτοῦ,
2724 3872 2794 3926 ἐκ
2834 3871 2956 3926 τῶν
2996 3866 3349 3937 Θησαυρῶν.

2125 3985 2146 4018 ι
2186 3966 2252 4019 Αἰ
2283 3965 2392 4036 γὰρ
2421 3965 2630 4027 εἰκόνες
2659 3965 2746 4018 ἀεὶ
2779 3963 2918 4034 πρὸς
2955 3962 3026 4017 τά
3061 3961 3346 4034 ἀρχέτυπα
3377 3958 3478 4032 τὴν
3517 3958 3628 4030 ἐμο

2051 4058 2117 4127 φέ
2125 4073 2276 4129 ρειαν
2306 4056 2544 4127 ἔχουσιν.
2585 4074 2604 4108 ι

2059 4169 2169 4224 Τοῦ
2194 4168 2440 4242 -αὺτοῦ,
2479 4167 2551 4222 ἐκ
2588 4167 2694 4220 τοῦ
2715 4237 2727 4242 _
2749 4164 3094 4242 πονήματρς
3120 4163 3227 4242 τοῦ
3247 4202 3264 4227 ,
3303 4181 3332 4242 _r
3369 4162 3490 4242 :_0ft
3525 4163 3632 4242 διιξ

2122 4239 2330 4305 πάσης
2361 4237 2473 4304 τῆς
2515 4237 2810 4302 Μωῦσέως
2850 4231 3086 4304 γραφῆς
3123 4233 3190 4305 τό
3225 4231 3334 4305 τοῦ
3365 4231 3630 4305 Χριστοῦ

2118 4301 2462 4378 μυσίῆριρξ
2504 4301 3008 4378 ἐνσημαίνεέὰιίι
3036 4301 3184 4372 Περὶ
3215 4302 3322 4358 τοῦ
3368 4301 3628 4372 Ἀϐραὰμ

2123 4375 2222 4432 καὶ
2251 4378 2356 4432 τοῦ
2388 4375 2787 4448 Μελχισεδὲκ,
2823 4391 2960 4445 κεφ.
2993 4381 3069 4440 ς’.

455 4516 470 4544 ι
505 4493 744 4550 Omnino
803 4497 1177 4552 necessarium
1243 4505 1350 4562 est,
1410 4506 1471 4551 ut
1517 4512 1583 4553 ex
1633 4498 1944 4569 archetypis

2127 4511 2146 4543 ι
2175 4491 2305 4544 Δεόν
2339 4507 2430 4562 μοι
2461 4491 2561 4555 τάς
2589 4489 2805 4554 εἰκόνας
2840 4487 3152 4561 γράφεσθαι
3193 4485 3330 4557 πρὸς
3352 4483 3420 4539 τὰ
3453 4482 3631 4556 ἀρχέ-

381 4589 678 4656 pingantur
715 4587 1007 4658 imagines.
1042 4607 1060 4639 ι

381 4697 568 4753 Sancti
618 4699 858 4768 Gregorii
908 4699 1267 4764 Nazianzeni,
1313 4716 1379 4755 ex
1431 4701 1670 4756 oratione
1721 4700 1954 4756 secunda

1025 4771 1088 4824 de
1119 4770 1283 4824 Filio.

455 4879 472 4908 ι
504 4858 580 4912 Ea
635 4859 838 4930 quippe
883 4869 968 4916 est
1023 4862 1284 4931 imaginis
1333 4871 1558 4930 natura,
1600 4871 1660 4920 ut
1705 4865 1954 4921 imitetur

381 4951 684 5020 exetuplar,
723 4952 882 5022 cujus
917 4968 1044 5007 esse
1073 4952 1298 5006 dicitur.
1337 4973 1355 5006 ι

382 5040 764 5112 Chrysostomi,
839 5059 905 5098 ea:
954 5044 1175 5116 homilia
1229 5045 1384 5099 tertia
1436 5046 1493 5100 in
1525 5045 1818 5116 Epistolam
1875 5049 1945 5104 ad

975 5113 1330 5169 Colossenses.

457 5222 476 5256 ι
509 5205 634 5274 Ipsa
664 5219 885 5276 quoque
937 5205 1237 5262 invisibilis
1292 5207 1370 5262 rei
1403 5208 1604 5280 imago,
1645 5209 1946 5266 invisibilis

2049 4599 2215 4638 τυπα.
2252 4601 2271 4634 ι

2126 4697 2237 4753 Τοῦ
2265 4695 2440 4767 ἁγίου
2461 4697 2794 4767 Γρηγορίου
2820 4693 3163 4767 Ναζῑανζοῦ,
3189 4692 3258 4747 ἐκ
3281 4691 3389 4747 τοῦ
3417 4691 3554 4762 περί

2614 4766 2750 4821 Υὶοῦ
2775 4767 2962 4835 λόγου
2984 4766 3066 4830 β’.

2129 4881 2148 4915 ι
2187 4861 2339 4932 Αὕτη
2373 4859 2483 4929 γὰρ
2510 4859 2718 4922 εἰκόνος
2755 4859 2941 4927 φύσις,
2975 4858 3202 4929 μίμημα
3225 4853 3368 4910 εἶναι
3397 4851 3495 4908 τοῦ
3522 4853 3634 4924 ἀρ-

2054 4955 2316 5028 χετύπου,
2357 4954 2452 5006 καὶ
2479 4945 2541 5007 οὗ
2565 4951 2807 5020 λέγεται.
2845 4970 2866 5006 ι

2131 5048 2242 5105 Τοῦ
2265 5045 2722 5169 Χρυσοστόμὲἔ,
2758 5046 2826 5099 ἐκ
2859 5044 2966 5132 τοῦ
3000 5041 3151 5112 πρὸς
3181 5039 3559 5106 Κολοσσαεῒς

2699 5133 2806 5169 γου
2841 5131 3065 5169 τοιτου.

2699 5133 2806 5185 γου
2841 5131 2929 5183 τρι
2939 5131 3065 5168 του.

2131 5229 2152 5264 ι
2197 5211 2262 5264 Ἠ
2289 5209 2391 5278 τοῦ,
2422 5209 2658 5279 ἀοράτου
2687 5205 2874 5270 εἰκὼν,
2917 5205 3014 5258 καὶ
3048 5201 3187 5274 αὕτη
3220 5202 3469 5274 ἀόρατος,
3503 5198 3635 5252 ἐπεὶ

382 5304 506 5348 est:
566 5296 812 5367 alioquin
867 5297 1045 5367 imago
1082 5313 1191 5352 non
1253 5307 1423 5355 esset.
1472 5300 1768 5372 Imaginem
1802 5303 1944 5357 enim

2063 5304 2167 5360 οὐδ’
2217 5303 2284 5357 ἂν
2335 5300 2499 5356 εἰκὼν
2529 5302 2637 5370 εἴη.
2681 5299 2793 5370 Τὴν
2827 5297 2940 5369 γὰρ
2973 5298 3160 5351 εἰκόνα
3186 5337 3202 5362 ,
3246 5293 3444 5368 καθὼς
3473 5294 3637 5368 ἐστιν

381 5401 488 5459 qua
523 5387 704 5458 imago
732 5396 839 5454 est,
889 5389 1058 5468 etiam
1119 5391 1265 5460 apud
1318 5407 1443 5456 nos,
1494 5392 1643 5446 nulla
1684 5393 1944 5450 varietate

2063 5397 2240 5461 εἰκὼν,
2272 5397 2367 5450 καὶ
2395 5397 2524 5468 παρ’
2555 5395 2689 5466 ἡμῖν
2724 5391 3157 5463 ἀπαράλλακτον
3200 5390 3284 5444 δεῖ
3308 5383 3479 5454 εἶναι,
3512 5379 3636 5442 οἷον
3669 5419 3672 5424 -
3703 5411 3753 5434 -ι
3777 5419 3782 5424 -
3809 5389 3830 5438 ῖ,

385 5480 624 5532 similem
676 5496 800 5535 esse
850 5489 1092 5551 oportet,
1150 5490 1210 5536 ut
1259 5498 1379 5553 qua:
1436 5483 1821 5542 similitudinis
1853 5497 1952 5541 ex-

383 5583 575 5640 pressa
606 5568 774 5640 ﬁgura
792 5571 882 5625 sit.
912 5592 930 5624 ι

2058 5473 2149 5544 τὸν
2179 5489 2504 5561 χαρακτῆρα
2531 5487 2630 5557 τῆς
2668 5485 3002 5556 ὁμοιώσεως.
3037 5503 3055 5536 ι

454 5747 501 5782 ⁴⁶
537 5748 669 5806 Gen.
699 5763 888 5817 ιιγιιι,
912 5752 975 5805 15
1009 5770 1019 5805 :
1050 5749 1214 5806 IIebr.
1247 5765 1321 5816 xi,
1349 5748 1434 5809 τι,

3691 913 3694 918 “
3743 913 3772 932 οὒ
