3986 6346
591 394 728 461 1371

1771 385 1832 446 8.
1873 379 2192 446 JOANNIS
2214 375 2642 440 DAMASCENI

3687 368 3817 436 1372

585 510 713 570 cha,
749 505 806 558 in
832 499 982 572 regia
1019 496 1436 555 Trachonitidis
1467 494 1732 566 regionis,
1767 493 1824 548 in
1861 492 1999 547 urbe
2032 504 2154 560 qua:

2270 486 2590 558 irendpx'qc
2636 484 2718 551 είς
2747 482 2809 553 τὸ
2837 481 3123 554 βασίλειον
3151 482 3252 555 τῆς
3280 482 3680 556 ’Τραχωνίτιδος
3715 486 3816 558 χὼ-

586 597 822 652 Sebaste
870 592 1097 656 dicitur,
1134 587 1472 660 amputavit,
1521 594 1718 642 octavo
1777 583 1897 639 Kal.
1935 583 2152 648 Junias,

586 687 790 742 Flacco
821 691 878 741 et
924 682 1141 738 Rutian
1194 695 1343 738 coss.
1396 678 1458 734 id
1495 692 1638 749 ξρετε
1689 675 1868 733 ferens
1905 673 2156 730 Herodes

585 795 706 844 rex,
761 775 1004 846 Philippi
1052 772 1222 836 (ilius,
1259 786 1291 826 e
1336 767 1525 824 Iudaea
1565 780 1856 838 regressus
1884 772 1991 821 est.
2025 764 2154 819 Sta-

587 869 798 936 timque
825 864 891 918 ad
926 877 1053 918 eum
1090 859 1327 916 accessit
1357 857 1559 912 mulier
1598 853 1849 926 quedam
1880 853 2156 923 locuples,

586 957 817 1012 nomine
864 953 1149 1017 Berenice,
1182 966 1304 1022 qua:
1355 949 1500 1006 idem
1547 946 1805 1019 oppidum
1848 943 2157 1001 Paneadem

587 1046 890 1102 incolebat.
929 1043 1075 1108 Haec,
1113 1043 1376 1114 quoniam
1406 1056 1435 1095 a
1472 1038 1601 1095 Jesu
1647 1045 1840 1094 sanata
1877 1044 2016 1100 erat,
2047 1044 2158 1091 sta-

587 1149 739 1192 tuam
782 1137 887 1207 ipsi
926 1135 1138 1206 erigere
1169 1132 1420 1204 cupiens,
1452 1146 1553 1188 nec
1584 1131 1703 1186 sine
1749 1129 1897 1200 regis
1924 1127 2159 1199 permis-

589 1230 749 1284 sione
787 1226 842 1282 id
886 1240 1021 1281 ausa
1075 1223 1362 1295 perlicere,
1422 1221 1624 1278 Herodi
1685 1221 1801 1293 regi
1854 1219 2158 1290 supplicem

586 1319 793 1374 obtulit
846 1317 1113 1382 libellum,
1165 1330 1366 1386 rogans
1400 1321 1463 1369 ut
1517 1314 1709 1369 liceret
1764 1311 1870 1368 sibi
1932 1311 1987 1366 in
2023 1309 2160 1367 urbe

589 1425 692 1465 sua
753 1408 980 1464 Christo
1035 1406 1307 1462 Salvatori
1356 1413 1606 1460 auratam
1664 1409 1904 1461 statuam
1953 1401 2157 1458 dicare.

587 1502 836 1558 Libellus
879 1513 1047 1570 porro
1103 1497 1424 1568 hujusmodi
1485 1504 1640 1552 erat:
1704 1512 1723 1545 ι
1754 1493 2004 1564 Augusto
2053 1489 2162 1547 He-

595 1612 611 1644 ι
663 1592 802 1657 redi,
831 1589 1124 1661 toparchac,
1151 1587 1401 1659 etlegum
1421 1582 1933 1670 datoriludazorum
1956 1581 2163 1638 Graeco-

595 1703 612 1734 ‹
664 1695 916 1751 rumque,
954 1679 1068 1750 regi
1103 1677 1540 1744 Trachonitidis,
1581 1674 1894 1738 Berenices,
1926 1673 2164 1728 honora-

593 1792 612 1823 ι
663 1772 790 1829 bilis
813 1770 1079 1826 Paneadis
1111 1769 1328 1832 incolas,
1365 1768 1553 1836 petitio
1571 1765 1799 1835 supplex
1833 1772 1886 1820 et
1907 1764 2160 1820 obsecra-

2261 597 2382 650 ρας,
2411 580 2470 634 ὲν
2496 578 2740 649 Σεϐαστῇ
2770 579 2836 648 τῇ
2863 577 3042 640 πόλει,
3073 577 3184 649 πρὸ
3203 575 3350 630 ὀκτὼ
3373 575 3666 633 Καλανδῶν
3685 580 3812 634 ’1ου-

2258 672 2388 726 νίων
2413 710 2429 737 ,
2473 670 2534 723 ὲν
2580 670 2814 752 ὑπατεία
2855 670 3181 733 Φλάκκωνος
3230 667 3327 722 καὶ
3371 668 3673 738 Ῥουφίνου.
3722 671 3815 726 Διά

2255 760 2418 816 τοῦτο
2453 759 2792 832 λυπούμενος
2815 760 2844 813 6
2881 757 3130 834 Ἡρώδης
3158 760 3188 814 δ
3226 757 3482 830 βασιλεὺς
3507 760 3537 813 ὁ
3561 759 3816 815 Φιλίππου

2258 851 2494 922 ἀνῆλθεν
2540 851 2651 907 ἀπὸ
2694 852 2796 923 τῆς
2843 850 3106 914 Ἰουδαίας
3133 891 3150 918 ,
3203 849 3300 904 καὶ
3339 850 3645 922 προσῆλθεν
3679 852 3815 923 αὐτῷ

2258 945 2396 1016 γυνή
2451 961 2538 1008 τις
2590 943 2826 1015 εὔπορος
2853 981 2870 1008 ,
2927 941 3157 998 οἰκοῦσα
3203 943 3304 1014 τὴν
3351 941 3527 1015 αὐτὴν
3580 943 3817 999 Πανεάδα

2259 1035 2437 1102 πόλιν,
2471 1034 2698 1106 ὀνόματι
2728 1033 2987 1105 Βερνίκη,
3020 1030 3349 1104 βουλομένη,
3372 1031 3450 1096 ὡς
3483 1031 3691 1088 ίαθεϊσα
3719 1033 3818 1087 ὑπὸ

2259 1125 2352 1180 τοῦ
2394 1123 2572 1193 Ἰησοῦ
2594 1163 2610 1190 ,
2643 1122 2848 1194 στήλην
2888 1121 3040 1192 αύτῷ
3087 1120 3396 1190 ἀναστῆσαι
3420 1136 3435 1151 ⁶
3479 1121 3574 1176 καὶ
3603 1121 3674 1192 μὴ
3707 1123 3818 1175 τολ-

2263 1219 2416 1290 μᾶσα
2470 1217 2592 1288 δίχα
2648 1214 2938 1286 βασιλικῆς
2999 1212 3301 1276 κελεύσεως
3374 1213 3534 1268 τοῦτο
3582 1214 3818 1284 ποιῆσαι,

2267 1310 2454 1381 δέησιν
2515 1306 2719 1362 δέδωκε
2744 1305 2823 1376 τῷ
2853 1303 3064 1375 βασιλεί
3100 1301 3336 1375 Ἡρώδῃ,
3375 1303 3600 1358 αἰτοῦσα
3631 1305 3822 1376 στήλην

2263 1399 2471 1470 χρυσῆν
2526 1396 2606 1470 τῷ
2652 1396 2866 1469 Σωτῆρι
2905 1393 3126 1466 Χριστῷ
3194 1395 3254 1449 ιν
3308 1396 3376 1466 τῇ
3424 1395 3626 1465 ἑαυτῆς
3679 1397 3822 1451 πόλει

2266 1491 2493 1561 στῆσαι·
2555 1490 2678 1560 ἥτις
2737 1487 2921 1558 δέησις
2994 1480 3140 1557 εἶχεν
3208 1484 3383 1548 οὕτως
3425 1500 3440 1514 ⁶
3491 1504 3511 1539 ι
3579 1485 3824 1558 Σεδαστῷ

2271 1595 2288 1629 ι
2347 1576 2594 1650 Ἡρώδῃ,
2644 1575 2930 1647 τοπάρχῃ,
2982 1573 3291 1646 θεσμοθέτη
3339 1574 3614 1630 Ἰουδαίων
3643 1593 3702 1631 τε
3735 1578 3825 1631 καὶ

2272 1689 2289 1720 ι
2348 1667 2636 1740 Ἑλλήνων,
2670 1666 2885 1737 βασιλεῖ
2913 1665 3330 1737 Τραχωνίτιδος,
3361 1665 3548 1737 δέησις
3589 1669 3686 1724 καὶ
3727 1669 3830 1722 ικε.

2272 1778 2288 1809 ι
2335 1758 2424 1811 σία
2454 1758 2608 1829 παρὰ
2647 1756 2915 1827 Βερνίκης
2945 1755 3356 1828 ἀξιωματικῆς,
3385 1758 3594 1823 πόλεως
3622 1761 3828 1817 Πανεά-

597 1883 613 1914 ι
663 1866 760 1919 tio.
781 1862 1003 1919 Justitia
1018 1871 1073 1918 et
1092 1861 1426 1922 humanitas.
1449 1865 1772 1926 caeteraaquc
1791 1855 2022 1912 virtutes
2041 1869 2161 1910 ver-

2275 1870 2292 1902 ι
2337 1851 2445 1915 δος.
2481 1825 2809 1920 Δικαιοσύνη
2837 1891 2852 1918 ,
2876 1825 2981 1904 καὶ
3009 1825 3414 1921 φιλανθρωπία,
3447 1852 3544 1906 καὶ
3573 1853 3641 1906 τά
3673 1853 3830 1908 λοιπὰ

594 1973 612 2005 ι
662 1954 824 2008 ticem
855 1961 1102 2009 vestrum
1138 1951 1313 2008 instar
1336 1963 1560 2005 corona:
1593 1948 1841 2017 cingunt.
1876 1945 2032 2012 Quod
2061 1959 2162 2016 ego

2274 1962 2291 1995 ι
2339 1942 2448 1998 τῶν
2481 1943 2695 2014 ἀρετῶν
2747 1941 3139 2014 περιστέφουσι
3190 1942 3290 2013 τὴν
3348 1944 3622 2015 ὑμετέραν
3669 1961 3833 2017 κορυο

595 2065 612 2096 c
664 2044 987 2120 neutiquam
1017 2045 1299 2115 ignorans,
1324 2043 1467 2098 bona
1496 2057 1592 2112 spe
1611 2041 1797 2096 omnia
1817 2054 2163 2109 consequen-

2274 2053 2293 2087 ι
2342 2036 2450 2108 φήν
2475 2051 2490 2067 ο
2521 2035 2646 2090 ὃθεν
2677 2033 2834 2104 κάγὼ
2879 2033 3041 2088 τοῦτο
3087 2033 3260 2088 είδυῖα
3284 2074 3299 2099 ,
3332 2036 3432 2092 σὺν
3461 2036 3694 2104 ἀγαθαῖς
3713 2040 3836 2101 ut;

596 2155 614 2188 ι
661 2137 716 2192 di
746 2143 1036 2206 concepta,
1067 2135 1167 2190 tibi
1213 2135 1452 2191 scribe.»
1492 2132 1624 2200 Qua:
1651 2148 1815 2204 porro
1849 2133 1922 2190 sit
1949 2130 2162 2187 exordii

2275 2148 2294 2182 ι
2339 2129 2528 2184 ἐλπίσι
2593 2129 2814 2184 πάντων
2852 2129 3156 2201 τευξομένη
3181 2171 3196 2197 ,
3244 2131 3330 2184 σοὶ
3357 2131 3575 2202 γράφω.
3621 2150 3642 2184 ο
3679 2133 3838 2198 Ἥτις

577 2226 757 2296 lmjus
807 2227 979 2306 ratio,
1008 2225 1284 2282 sermonis
1319 2224 1494 2280 series
1522 2223 1845 2278 declarabit.
1895 2239 1914 2273 ι
1961 2222 2100 2277 Cum
2131 2235 2163 2275 a

2270 2219 2422 2292 ήτοῦ
2457 2221 2726 2290 παρόντος
2755 2221 3046 2292 προοιμίου
3079 2221 3310 2296 κρηπὶς,
3345 2221 3556 2294 προϊών
3594 2240 3654 2276 σε
3683 2225 3713 2278 ὁ
3753 2225 3839 2277 λύ-

593 2334 615 2369 ι
663 2303 1012 2389 prima—actate
1035 2316 1324 2388 sanguinis
1341 2314 1493 2372 [luxu
1515 2314 1852 2378 laborarem,
1868 2314 2019 2370 omni
2042 2315 2166 2370 vita

591 2428 614 2461 4
659 2409 970 2465 substantia
997 2407 1471 2478 facultatibusque
1519 2407 1658 2462 meis
1687 2407 1743 2460 in
1774 2406 2021 2462 medicas
2067 2421 2163 2461 ex-

594 2521 612 2553 ι
663 2503 904 2568 haustis,
937 2502 1207 2557 medelam
1239 2500 1449 2555 nullam
1483 2507 1647 2554 nacta
1668 2513 1815 2555 sum.
1846 2497 1948 2554 Ubi
1981 2506 2162 2554 autem

595 2614 614 2646 ι
660 2595 845 2664 accepi
876 2593 1222 2649 admirabilis
1257 2591 1468 2648 Christi
1510 2591 1847 2657 curationes,
1883 2591 1976 2662 qui
2011 2604 2166 2645 mor-

596 2703 614 2736 ι
662 2694 787 2740 tuos
813 2683 883 2738 ad
916 2684 1095 2739 lucem
1121 2696 1391 2739 revocans
1429 2681 1750 2746 suscitaret,
1783 2680 2061 2736 daemones
2099 2694 2164 2734 ex

593 2795 613 2828 ι
662 2776 971 2832 mortalium
997 2777 1326 2846 corporibus
1354 2775 1598 2844 ejiceret,
1637 2788 1940 2844 omnesque
1975 2771 2164 2829 confc-

596 2889 612 2919 ι
661 2874 783 2922 ctos
805 2866 1014 2922 morbis
1064 2865 1234 2920 verbo
1288 2872 1544 2930 sanaret,
1591 2862 1660 2918 ad
1715 2878 1840 2918 eum
1893 2863 2044 2917 velut
2097 2861 2163 2915 ad

592 2978 612 3009 ι
663 2958 832 3014 Deum
852 2956 1100 3027 confugi.
1115 2956 1317 3012 Verum
1337 2953 1691 3009 considerata
1709 2951 2062 3006 multitudine
2075 2965 2166 3006 eo-

595 3066 615 3098 ι
661 3061 782 3101 rum
807 3047 898 3116 qui
927 3046 1080 3100 illum
1106 3047 1410 3115 cingerent,
1433 3051 1686 3097 metuens
1727 3056 1796 3096 ne
1818 3040 1991 3095 morbi
2015 3056 2168 3110 spur-

2269 2330 2366 2382 γος
2404 2312 2626 2380 διδάξει.
2667 2330 2688 2365 ι
2751 2313 2848 2368 Ἐκ
2891 2314 3099 2370 παιδῶν
3143 2313 3412 2384 ληφθεῖσα
3454 2315 3604 2386 πάθη
3645 2318 3840 2389 αἱμορ-

2276 2423 2296 2460 t
2342 2405 2498 2477 ροίας
2539 2404 2747 2484 ύχετῶν
2767 2445 2784 2472 ,
2835 2407 2917 2470 εἰς
2949 2407 3169 2478 ἰατροὺς
3213 2407 3544 2462 ἀναλώσασά
3595 2426 3699 2479 μου
3751 2411 3840 2464 τὸν
3928 2451 3932 2454 .

2276 2516 2295 2550 ι
2343 2498 2458 2569 βίον
2487 2498 2582 2552 καὶ
2607 2497 2699 2551 τὸν
2727 2497 2982 2565 πλοῦτον,
3029 2498 3177 2553 ίασιν
3207 2498 3307 2568 ούχ
3335 2492 3496 2570 εὖρον
3519 2514 3535 2532 ⁸
3569 2499 3842 2568 ἀκηκουῖα

2276 2610 2294 2642 ι
2339 2592 2396 2644 δὲ
2425 2589 2520 2644 τοῦ
2556 2589 2974 2660 θαυμαζομένου
3013 2589 3252 2662 Χριστοῦ
3285 2591 3355 2645 τά
3388 2592 3615 2662 ἰάματα,
3647 2592 3724 2657 ὡς
3753 2611 3842 2646 νεα
3947 2589 3949 2630 ἶ

2277 2699 2296 2731 ‹
2341 2681 2508 2752 κροὺς
2534 2680 2865 2750 διανίστησι,
2905 2679 3070 2734 πάλιν
3094 2681 3174 2744 είς
3205 2680 3321 2749 φῶς
3356 2679 3552 2745 ἕλκων,
3587 2684 3688 2736 καὶ
3721 2683 3844 2736 δαί-

2279 2791 2296 2823 (
2348 2787 2518 2839 μονας
2547 2771 2613 2825 ὲκ
2639 2769 2850 2841 βροτῶν
2878 2769 3224 2837 ἀπελαύνων,
3263 2772 3358 2824 καὶ
3384 2772 3592 2836 πάντας
3619 2775 3752 2837 τοὺς
3787 2776 3848 2827 ἐν

2279 2882 2298 2914 ι
2343 2862 2484 2933 νόσῳ
2514 2863 2950 2935 μαραινομένους
2978 2862 3123 2934 λόγῳ
3154 2862 3490 2934 θεραπεύων,
3521 2865 3679 2934 κάγὼ
3707 2867 3847 2937 πρὸς

2279 2971 2297 3003 ι
2345 2951 2507 3012 αὐτὸν
2533 2952 2612 3015 ὡς
2652 2951 2789 3024 πρὸς
2821 2951 2953 3005 Θεὸν
2991 2951 3244 3023 ἔδραμον.
3286 2952 3400 3006 Καὶ
3429 2957 3842 3025 προσεσχηκυῖα

2280 3062 2297 3094 ι
2343 3042 2420 3114 τῷ
2463 3043 2773 3115 περιέχοντι
2817 3043 2980 3097 αὐτὸν
3013 3043 3246 3116 πλήθει,
3275 3044 3594 3098 δειλιάσασα
3641 3044 3720 3116 μὴ
3755 3046 3847 3100 τὸν

594 3159 614 3191 ι
661 3137 847 3193 citiem
879 3147 1190 3199 aversatus,
1242 3150 1369 3206 erga
1410 3148 1496 3189 me
1531 3132 1930 3203 indignaretur,
1960 3133 2163 3202 major-

2279 3151 2297 3185 t
2344 3134 2408 3188 ἐκ
2434 3136 2527 3189 τοῦ
2559 3135 2763 3199 πάθους
2807 3135 3082 3207 μολυσμὸν
3131 3136 3615 3208 ἀποστρεφόμενος
3637 3176 3653 3202 ,
3689 3137 3847 3207 ὀργι-

595 3247 614 3280 ι
659 3243 764 3298 que
786 3227 1132 3298 aegritudinis
1149 3226 1306 3296 plaga
1333 3225 1508 3290 ﬁeret,
1524 3239 1736 3280 mecum
1765 3223 1882 3294 ipsa
1903 3224 2166 3296 cogitavi,

596 3337 616 3370 ι
661 3317 828 3390 369
859 3318 1005 3389 quod
1037 3319 1083 3375 si
1119 3319 1203 3373 vel
1245 3319 1515 3373 ﬁtttbriam
1558 3316 1872 3372 vestimenti
1903 3315 2027 3386 ejus
2050 3323 2170 3370 lan-

595 3431 612 3462 ι
663 3427 790 3482 gere
849 3411 984 3466 mihi
1040 3410 1254 3476 liceret,
1286 3409 1581 3464 sanitatem
1618 3407 1983 3478 adipiscerer.
2017 3405 2170 3464 Hanc

595 3523 612 3556 ι
661 3503 753 3558 ubi
789 3503 1027 3574 primum
1059 3502 1232 3574 tetigi,
1259 3514 1553 3572 suppresso
1586 3498 1873 3571 sanguinis
1903 3497 2076 3563 fonte,
2106 3500 2170 3553 il-

597 3616 614 3647 ι
663 3596 767 3650 lico
785 3593 1065 3650 convalui.
1109 3592 1208 3648 Ille
1251 3608 1407 3656 vero,
1443 3606 1568 3646 cum
1591 3591 1778 3646 cordis
1809 3591 1911 3645 mei
1939 3590 2168 3646 consilia

598 3709 615 3739 ι
663 3692 988 3760 pramossct,
1023 3685 1164 3740 elata
1201 3699 1365 3747 voce,
1396 3682 1552 3748 Quis,
1611 3683 1812 3752 inquit,
1847 3698 1928 3736 me
1956 3682 2170 3753 tetigit?

598 3797 614 3828 ι
662 3777 824 3830 virtus
852 3791 916 3831 ea:
935 3792 1013 3831 me
1037 3775 1260 3846 prodiit.
1284 3773 1425 3828 Tum
1453 3787 1554 3844 ego
1569 3773 1806 3843 pallens,
1837 3786 2170 3844 gemensque

597 3888 615 3920 ι
663 3875 716 3924 et
763 3869 1071 3940 graviorem
1098 3868 1351 3924 morbum
1402 3867 1469 3921 ad
1509 3880 1596 3921 me
1633 3879 1984 3921 reversurum
2019 3864 2169 3919 arbi-

599 3981 616 4012 ι
661 3967 840 4026 trans,
861 3961 926 4016 ad
946 3961 1068 4030 ejus
1099 3959 1270 4030 pedes
1292 3972 1518 4026 corruo,
1541 3957 1881 4026 humumque
1910 3955 2169 4026 laerymls

598 4071 615 4102 ι
664 4049 979 4117 infundens,
1013 4050 1306 4106 audaciam
1357 4063 1534 4105 meam
1583 4047 1902 4120 profitebar.
1946 4047 2017 4100 At
2053 4046 2164 4110 ille.

593 4160 617 4192 4
666 4141 743 4196 uti
761 4141 1004 4197 clemens
1025 4149 1080 4196 et
1098 4141 1395 4210 benignus,
1417 4139 1594 4194 vicem
1620 4152 1792 4192 meam
1819 4139 2170 4192 commisera-

597 4253 619 4282 ε
659 4239 770 4300 tus,
789 4233 1133 4288 sanationem
1163 4232 1299 4286 mihi
1324 4231 1410 4285 his
1424 4229 1612 4286 verbis
1633 4227 2010 4284 conﬁrmavit:
2037 4227 2169 4284 Con-

595 4341 618 4372 4
665 4321 793 4391 ﬁde,
810 4321 948 4387 lilia,
974 4321 1105 4390 ﬁdes
1129 4331 1225 4375 tua
1244 4331 1292 4375 te
1309 4321 1513 4376 salvam
1538 4320 1685 4390 fecit.
1715 4317 1857 4373 Vade
1879 4319 1932 4373 in
1953 4336 2081 4389 pace
2099 4321 2164 4376 ⁵⁸.

596 4431 618 4463 ε
669 4412 762 4468 Sic
787 4422 842 4467 tu
877 4428 1118 4484 quoque,
1145 4413 1412 4483 Auguste,
1447 4411 1582 4466 mihi
1609 4411 1948 4482 supplicanti
1978 4419 2168 4482 postu-

2278 3245 2295 3275 ι
2343 3224 2444 3296 σθῇ
2491 3226 2613 3280 κατ’
2645 3226 2780 3297 ἐμοῦ
2807 3268 2822 3291 ,
2868 3228 2962 3280 καὶ
2990 3227 3193 3281 πλείων
3225 3245 3315 3298 μοι
3345 3229 3550 3302 ἐπέλθῃ
3578 3231 3614 3299 ή
3661 3230 3849 3301 πληγὴ

2277 3336 2295 3368 ι
2342 3315 2442 3386 τῆς
2462 3317 2640 3384 νόσου,
2671 3317 2795 3371 καθ’
2833 3317 3032 3389 ἑαυτὴν
3062 3318 3416 3391 ἐλογισάμην,
3447 3321 3530 3373 ὅτι
3559 3319 3658 3374 ὲάν
3687 3320 3848 3390 δυνη-

2277 3427 2293 3458 ι
2341 3407 2495 3477 θείην
2524 3407 2765 3477 ἅψασθαι
2807 3406 2903 3461 τοῦ
2935 3408 3246 3480 κρασπέδου
3275 3409 3371 3462 τοῦ
3408 3409 3624 3480 ἱματίου
3655 3409 3846 3474 αὐτοῦ,

2277 3518 2294 3551 ι
2342 3499 2685 3570 σωθήσομαι.
2719 3493 2796 3554 Ob
2827 3499 2923 3554 καὶ
2960 3499 3250 3570 ἁψαμένη,
3282 3501 3377 3553 καὶ
3410 3501 3704 3570 σταθείσης
3745 3519 3848 3571 μου

2275 3607 2295 3640 ι
2339 3589 2439 3660 τῆς
2467 3589 2652 3659 πηγῆς
2672 3589 2767 3644 τοῦ
2796 3590 3050 3662 αἵματος,
3073 3590 3272 3659 γέγονα
3298 3591 3642 3663 παραχρῆμα
3662 3593 3846 3664 ὑγιής.

2277 3699 2294 3730 ι
2339 3680 2513 3744 Δύτὸς
2539 3681 2596 3734 δὲ
2627 3681 2852 3752 μᾶλλον,
2886 3681 2964 3746 ὡς
2996 3683 3269 3754 προγνοὺς
3298 3682 3398 3753 τῆς
3435 3685 3579 3754 ἐμῆς
3615 3685 3852 3754 καρδίας

2276 3793 2292 3820 ε
2339 3771 2408 3824 τὰ
2437 3771 2799 3844 βουλεύματα,
2830 3771 3098 3844 ἀνέκραξε
3126 3790 3139 3804 ’
3190 3772 3286 3838 Τίς
3320 3789 3440 3841 μου
3480 3769 3712 3840 iurato;
3749 3774 3851 3829 δύ-

2277 3882 2294 3914 ι
2341 3880 2516 3933 rapte
2549 3863 2652 3919 ἀπ’
2684 3863 2834 3934 ἐμοῦ
2858 3863 3140 3933 ἐξῆλθεν.
3185 3864 3326 3933 Ἐγὼ
3372 3860 3467 3918 οὖν
3497 3865 3852 3935 ὠχριάσασα,

2275 3974 2294 4007 ι
2340 3955 2436 4008 καὶ
2467 3955 2754 4021 στένουσα,
2783 3955 2884 4028 τὴν
2911 3955 3066 4010 νόσον
3106 3956 3450 4028 θρασυτέραν
3477 3957 3856 4029 ἀποστρέφειν

2279 4068 2297 4099 ι
2343 4047 2432 4100 ἐπ’
2468 4047 2570 4118 ἐμὲ
2607 4046 2957 4120 λογιζομένη,
2988 4047 3376 4120 προσπεσοῦσα
3407 4047 3580 4118 αὐτῷ,
3613 4049 3722 4121 τὴν
3753 4051 3860 4121 γῆν

2276 4162 2295 4192 ι
2337 4141 2638 4212 ὲπλήρωσα
2664 4140 2942 4210 δακρύων,
2973 4139 3074 4212 τὴν
3101 4140 3306 4211 τόλμαν
3326 4139 3646 4205 ἐξειποῦσα.
3675 4142 3858 4204 Abte;

2277 4252 2294 4282 ι
2340 4231 2397 4286 δὲ
2425 4231 2502 4295 ὡς
2531 4230 2734 4301 ἀγαθὸς
2752 4273 2770 4297 ,
2804 4231 3227 4302 σπλαγχνισθεὶς
3256 4231 3345 4284 ἐπ’
3373 4232 3495 4302 ἐμοὶ
3519 4273 3534 4298 ,
3564 4233 3861 4304 ἐπεσφρά-

2277 4345 2293 4376 ι
2340 4323 2458 4393 γιζέ
2495 4342 2597 4396 μου
2627 4323 2726 4396 τὴν
2758 4325 2940 4392 ῑασιν,
2981 4323 3249 4396 είρηκὼς·
3285 4324 3533 4392 Θάρσει,
3564 4323 3860 4394 θυγὰτερ.

2274 4437 2294 4470 ι
2341 4419 2380 4487 ἠ
2413 4419 2616 4482 πίστις
2651 4434 2768 4472 σου
2823 4417 3060 4473 σέσωκέ
3097 4432 3173 4472 σε
3201 4435 3215 4448 ·
3253 4417 3509 4487 πορεύου
3553 4413 3653 4482 εις
3693 4418 3860 4486 etpri-

595 4522 618 4554 (
667 4503 925 4559 lationem
953 4504 1159 4574 justam
1195 4503 1438 4573 indulge.
1463 4521 1483 4554 ι
1509 4503 1636 4557 Haec
1661 4501 1890 4556 audiens
1924 4501 2163 4559 Herodes

2280 4527 2298 4560 ι
2335 4526 2469 4577 νην.
2504 4508 2660 4564 Οῦτω
2700 4509 2794 4562 καὶ
2835 4509 3024 4581 ὑμεῖς,
3069 4509 3331 4562 Σεδαστοὶ
3354 4549 3370 4576 ,
3415 4505 3513 4576 τὴν
3553 4506 3767 4579 δέησιν
3795 4511 3861 4578 τῇ

593 4611 692 4651 rex
715 4610 781 4652 ex
814 4595 1000 4651 libello
1030 4594 1300 4665 supplice,
1332 4593 1586 4649 miraculi
1634 4593 2012 4664 magnitudine
2042 4609 2167 4666 per-

591 4687 808 4754 culsus,
853 4686 1266 4757 curationisquc
1333 4685 1604 4741 reveritus
1651 4699 1936 4751 arcanum,
1986 4685 2165 4740 dixit:

599 4796 619 4828 ι
653 4777 794 4846 Tua,
825 4794 862 4837 ο
887 4778 1107 4846 mulier,
1139 4777 1356 4834 sanatio
1404 4776 1782 4848 pra‘stantiori
1841 4776 2003 4848 digna
2052 4791 2167 4832 mo-

663 4955 711 4990 ⁸⁰
729 4953 920 5012 Matth.
953 4971 1025 5022 ιι,
1055 4955 1146 5011 22.

2271 4621 2289 4654 ι
2334 4601 2562 4673 δεομένῃ
2591 4601 2748 4668 ἀξίαν
2779 4601 3109 4672 παράσχετε.
3143 4619 3161 4653 ι
3210 4603 3272 4656 ’0
3299 4601 3356 4654 δὲ
3380 4599 3647 4672 βασιλεὺς
3673 4599 3864 4670 Ἡρώ-

2263 4690 2359 4758 δης
2387 4690 2642 4761 ἀκηκοὼς
2673 4689 2846 4745 ταῦτα
2874 4691 2966 4746 διὰ
3005 4691 3107 4763 τῆς
3145 4693 3388 4763 δεήσεως
3411 4730 3428 4756 ,
3461 4689 3768 4762 ἐξεπλάγη
3805 4692 3864 4745 τὸ

2264 4776 2480 4848 θαῦμα,
2536 4779 2630 4834 καὶ
2675 4778 2934 4850 φοϐηθεὶς
2983 4779 3047 4833 τδ
3105 4781 3406 4852 μυστήριον
3458 4779 3562 4846 τῆς
3629 4779 3866 4842 [ﬁssum

2077 5054 2308 5112 NOTAE.

592 5209 903 5277 Curterius,
944 5209 1376 5282 Ducangiusque
1407 5226 1471 5266 ex
1508 5227 1598 5282 qq.
1641 5213 2021 5270 Anastasianis
2065 5227 2158 5266 ac.-

591 5297 812 5352 cepere,
839 5283 1117 5336 Chronico
1135 5279 1764 5352 Alexandriam—Joanne
1796 5286 1920 5352 ipso
1943 5283 2158 5348 Malala,

599 5351 865 5422 aliisque,
918 5351 1355 5422 praeterJulium
1410 5352 1756 5418 Africanum,
1795 5351 2160 5418 Clementem,

593 5421 992 5494 Theophilum,
1016 5430 1082 5494 Act
1110 5421 1455 5494 Timotheum
1479 5462 1492 5483 ,
1527 5439 1666 5493 quos
1697 5424 2009 5494 Hesychius
2045 5424 2163 5492 ipse

2264 5212 2570 5283 diligentia,
2595 5223 2653 5267 ut
2679 5214 2800 5284 ipso
2831 5213 2949 5268 solo
2981 5213 3312 5284 testiﬁcante
3343 5211 3644 5268 Credamus
3671 5213 3872 5274 Thec-

2265 5284 2478 5353 philum
2524 5283 2674 5338 hunc
2704 5283 3060 5352 astrologum
3103 5283 3269 5352 hujus
3319 5283 3556 5353 egregiae
3600 5285 3874 5343 historia

2266 5352 2545 5424 parentem
2582 5353 2793 5417 fuisse,
2845 5361 2940 5407 aut
2992 5354 3184 5409 saltem
3219 5352 3553 5423 nihil’ur’get
3597 5369 3711 5410 nos
3741 5397 3760 5418 ,
3819 5367 3876 5410 ut

2266 5423 2647 5496 concedamus
2681 5439 2806 5479 eum
2842 5423 3135 5496 ipsumtnct
3179 5438 3304 5496 esse
3335 5437 3496 5492 quem
3532 5423 3876 5496 Hesychius

591 5490 869 5572 etoMalala
907 5492 1149 5572 laudant.
1179 5490 1576 5572 Neque_ttmgtii
1617 5490 1928 5572 faciendum
1959 5501 2044 5572 est
2069 5490 2162 5547 tc-
2265 5506 2319 5550 et
2345 5493 2546 5572 Malala
2601 5490 2881 5572 citavercI
2915 5492 3006 5572 Ad
3040 5490 3376 5572 Hesychium
3401 5493 3575 5572 quod
3605 5490 3876 5572 spectat,

597 5561 918 5634 stimonium
956 5561 1383 5634 Abull‘araji'qui
1433 5561 1792 5633 TheOphilum
1824 5564 2158 5634 astrologum
2267 5565 2455 5634 quidni
2492 5562 2630 5618 idem
2662 5565 2881 5618 sitcum
2913 5561 3183 5633 llesychio
3212 5561 3878 5634 Illustri,’quibis‘tnriam

595 5630 937 5704 Hohensenr
978 5630 1507 5704 sett__E(lcsscnum,
1565 5630 1822 5704 ﬂoruisse
1880 5635 1953 5704 ait
2017 5630 2160 5704 circa
2272 5630 2461 5688 aBelo
2491 5634 2845 5704 Assyriorum
2896 5630 3040 5704 rege‘
3065 5634 3349 5704 usquead
3391 5630 3684 5704 Anastasii
3731 5638 3876 5704 imp.

471 5689 486 5716 Ι
595 5649 937 5711 1101101158111.
978 5649 1073 5712 Spit
1132 5649 1465 5688 ηιιρεεοηυηι
1496 5675 1507 5696 ,
1565 5649 1822 5689 ιιοιιιιεεε
1880 5649 1953 5688 αιι
2017 5649 2160 5687 CII'CH
2272 5650 2298 5686 τὶ
2333 5649 2461 5688 ueto
2491 5649 2845 5704 Λεεγι-ιοτιιῐη
2896 5649 3022 5704 1⁸080
3065 5649 3096 5687 ll
3171 5649 3240 5688 ue
3283 5649 3349 5686 ad
3392 5649 3684 5689 illlaSlasll
3731 5651 3876 5704 Imp.

594 5701 1646 5782 annumChrtstt785etllcgirzc_lti9,et
1673 5703 1909 5782 [Cf/regite:
1935 5703 2162 5782 historia:
2273 5714 2541 5782 tempora
2574 5704 2869 5782 produxit?
2917 5703 3081 5757 Plura
3103 5649 3205 5758 Sille
3248 5703 3435 5757 Malala
3475 5704 3683 5776 lcgcsis
3721 5705 3876 5777 apud

593 5778 876 5826 auctorem
911 5771 1124 5828 haberi.
1157 5772 1334 5828 Nimia
1373 5773 1573 5839 quippe
1609 5786 1692 5831 εει
1722 5771 2047 5842 Ἀῡιιιϊστιιῇὶ
2078 5775 2163 5828 in-
2273 5771 2500 5831 Gavium
2528 5771 2589 5829 in
2615 5773 2754 5830 Hist.
2792 5774 3021 5830 litterar.
3057 5781 3229 5844 parte.
3269 5789 3328 5828 η.
