3986 6346
235 464 377 530 13Ἷ3

1325 465 1425 524 DE
1467 460 1927 523 IMAGINIBUS
1963 459 2245 521 ORATIO
2284 460 2377 519 III

3345 459 3480 526 13⁷14

237 569 395 630 εἴπεν
417 589 433 607 ο
479 590 500 628 ι
543 574 609 630 Ἥ
636 574 717 639 εἰς
748 574 807 627 σὲ
856 574 1127 647 γενομένη
1161 574 1306 638 ἴασις
1330 611 1346 638 ,
1374 569 1421 627 ὦ
1448 572 1646 643 γύναι,
1682 572 1803 645 μεί-

1918 587 1932 622 ι
1979 578 2244 629 numento
2272 576 2377 625 est.
2400 567 2503 623 Abi
2529 582 2681 640 ergo,
2706 575 2760 626 et
2789 583 2956 639 quam
2986 570 3232 627 volueris
3260 570 3362 636 illi,
3384 575 3477 643 qui

245 685 263 715 ι
302 664 457 728 ζονος
483 664 685 736 στήλης
719 664 870 719 ἐστὶν
904 664 1052 730 ἀξία.
1089 664 1424 736 Πορευθεῖσα
1452 664 1657 733 τοίνυν,
1689 666 1808 720 οἵαν

244 774 263 807 ι
313 755 494 825 βούλει
551 756 858 825 ἁνάστησον
906 754 1057 825 αὐτῷ
1110 755 1345 826 στήλην,
1390 755 1690 823 δοξάζουσα
1718 756 1810 811 τὸν

244 865 264 897 ι
307 846 618 916 ἰασάμενον.
660 864 679 899 ι
717 847 830 900 Καὶ
858 846 1059 910 εὐθέως
1088 846 1226 918 αὐτή
1254 847 1522 918 Βερνίκη,
1557 849 1590 917 ἡ
1617 847 1810 919 πρώην

239 937 632 1008 αἱμορροοῦσα,
671 939 730 993 ὲν
763 939 911 1009 μέσῳ
938 939 1036 1008 τῆς
1068 938 1205 1003 ἰδίας
1233 938 1405 1009 αὐτῆς
1445 939 1656 1003 πόλεως
1692 941 1808 994 Πα-

238 1027 423 1091 νεάδος
465 1028 729 1100 ἀνέστησε
758 1029 837 1100 τῷ
863 1029 984 1101 Θεῷ
1011 1029 1107 1084 καὶ
1135 1030 1327 1103 Κυρίῳ
1364 1032 1570 1103 στήλην
1599 1031 1810 1103 χαλκῆν

239 1119 303 1173 ὲκ
333 1119 539 1191 χαλκοῦ
561 1120 929 1192 θερμηλάτου,
958 1121 1162 1193 μίξασα
1191 1123 1395 1196 χρυσὸν
1424 1124 1519 1177 καὶ
1546 1125 1806 1197 ἄργυρον.

241 1211 403 1291 Ἥτις
433 1211 601 1284 στήλη
635 1213 787 1282 μένει
818 1216 877 1267 ὲν
906 1215 1141 1270 Πανεάδι
1174 1218 1241 1286 τῇ
1274 1216 1424 1269 πόλει
1451 1215 1557 1279 ἕως
1586 1214 1713 1280 νῦν,
1746 1216 1808 1270 οὐ

241 1300 348 1371 πρὸ
376 1300 571 1355 πολλοῦ
597 1303 790 1373 χρόνου
825 1304 1231 1375 μετενεχθεῖσα,
1281 1307 1374 1375 ἀφ’
1418 1299 1480 1361 οὗ
1514 1306 1720 1370 ἵστατο,
1751 1308 1809 1360 ὲν

243 1389 393 1461 μέσῳ
422 1396 521 1463 τῆς
551 1394 759 1458 πόλεως
807 1397 887 1459 εἰς
920 1398 1077 1461 ἅγιον
1104 1398 1299 1464 τόπον,
1333 1399 1414 1462 εἰς
1440 1394 1590 1453 οἷκον
1618 1400 1811 1472 εύκτή-

243 1497 380 1552 ριον.
412 1482 591 1559 Ὅπερ
628 1485 927 1565 ύπόμνημα
954 1489 1153 1560 εὑρέθη
1185 1490 1243 1544 ὲν
1272 1492 1336 1561 τῇ
1370 1490 1521 1546 πόλει
1552 1492 1806 1557 Πανεάδι,

240 1570 394 1642 παρὰ
441 1574 636 1645 Βάσσῳ
676 1579 815 1641 τινὶ,
865 1580 1145 1650 γενομένῳ
1199 1581 1308 1636 ἀπὸ
1362 1581 1632 1636 Ἰουδαίων
1676 1584 1809 1653 Χρι-

240 1660 478 1731 στιανῷ,
519 1664 578 1716 ὲν
626 1657 671 1732 ᾧ
715 1666 959 1737 ὑπῆρχεν
989 1669 1018 1720 ὁ
1051 1668 1166 1740 βίος
1209 1670 1319 1723 τῶν
1374 1670 1810 1740 βασιλευσάντων

239 1749 456 1806 πάντων
486 1752 585 1824 τῆς
630 1754 928 1826 Ἰουδαϊκῆς
958 1756 1157 1828 χώρας.
1198 1776 1215 1808 ι

246 1991 342 2081 Ἐκ
396 1990 506 2062 τῆς
546 1995 801 2120 ἐϐδιέέιης
846 1998 1092 2080 βίϐλου.
1128 1999 1240 2069 τῆς
1300 2002 1811 2081 ἐκκλησιαστικῆς

334 2066 614 2120 Ιστοοίαρ
698 2069 943 2120 υσεϐίου
990 2086 1094 2120 του
1132 2073 1477 2120 Παμφίλου-
1532 2082 1664 2120 προ)
1704 2084 1811 2120 ,πρ

334 2066 1094 2157 ζτίῗῗῗξέίίεὲ,ί’σέἔέονλέρῦ
1132 2066 1482 2142 Παμφίλουέ
1532 2082 1665 2150 περὶ
1704 2066 1811 2157 έῆἒ

307 2136 743 2205 αἰμορῤοούσης
768 2137 1095 2205 Πανεάδος.

309 2289 328 2323 ι
381 2271 600 2343 Ἐπειδὴ
649 2272 813 2344 τῆσδε
865 2274 964 2344 τῆς
1012 2274 1227 2340 πόλεως
1274 2277 1630 2352 ἐμνήσθημεν
1657 2324 1672 2350 ,
1710 2285 1810 2338 οὐκ

229 2368 378 2434 ἀξιον
421 2364 665 2436 ἠγοῦμαι
715 2364 968 2436 διήγησιν
1018 2366 1353 2439 παρελθεῖν,
1396 2372 1491 2424 καὶ
1530 2375 1644 2436 τοῖς
1691 2375 1810 2444 μεθ’

229 2458 377 2528 ἡμᾶς
408 2454 840 2527 μνημονεύεσθαι
886 2456 1062 2521 ἀξίαν.
1096 2459 1209 2530 Τὴν
1236 2460 1344 2531 γάρ
1375 2463 1808 2536 αίμορῤοοῦσαν,

228 2549 295 2615 ἦν
340 2548 405 2600 ἐκ
457 2546 564 2598 τῶν
618 2546 788 2615 ἱερῶν
820 2545 1168 2613 Εὖαγγελίων
1216 2548 1367 2618 παρὰ
1418 2550 1511 2603 τοῦ
1556 2553 1810 2626 Σωτῆρος

229 2636 389 2707 ήμῶν
429 2634 524 2689 τοῦ
578 2637 784 2698 πάθους
830 2635 1151 2707 ἀπαλλαγὴν
1194 2638 1450 2709 εὑρέσθαι
1484 2640 1809 2712 μεμαθήκα-

232 2742 333 2797 μεν
359 2765 374 2789 ,
411 2725 623 2779 ἐνθένδε
670 2725 853 2792 ἔλεγον
884 2728 1188 2797 ὁρμᾶσθαι,
1220 2729 1312 2783 τόν
1358 2747 1419 2783 τε
1454 2727 1601 2785 οἷκον
1643 2734 1811 2804 αὐτῆς

228 2820 325 2872 ἐπὶ
358 2819 459 2889 τῆς
488 2818 700 2880 πόλεως
728 2816 1064 2884 δείκνυσθαι,
1098 2818 1191 2871 καὶ
1219 2819 1320 2890 τῆς
1362 2822 1466 2876 ὑπὸ
1495 2824 1588 2876 τοῦ
1620 2824 1809 2896 Σωτῆ-

231 2928 327 2981 ρος
354 2910 435 2970 εἰς
474 2909 645 2979 αὐτὴν
675 2909 996 2980 εὐεργεσίας
1027 2910 1319 2979 θαυμαστὰ
1350 2912 1586 2981 τρόπαια
1629 2931 1808 2987 παρα-

231 2999 405 3068 μένει.
464 2998 717 3051 Ἐστάναι
760 2998 866 3068 γὰρ
910 2998 995 3067 ἐφ’
1048 2998 1253 3071 ὑψηλοῦ
1283 2999 1465 3067 λίθου,
1520 3004 1657 3073 πρὸς
1710 3003 1808 3073 μὲν

226 3088 353 3147 ταῖς
382 3084 583 3149 πύλαις
623 3086 719 3139 τοῦ
760 3086 934 3157 αὐτῆς
979 3087 1135 3141 οἴκου
1166 3129 1181 3155 ,
1213 3089 1471 3157 γυναικὸς
1503 3092 1808 3162 έκτύπωμα

229 3174 459 3244 χάλκεον
507 3175 602 3228 ἐπὶ
630 3176 761 3244 γόνυ
816 3177 1173 3244 κεκλιμένον,
1220 3180 1317 3233 καὶ
1357 3180 1686 3250 τεταμέναις
1714 3183 1808 3234 ἐπὶ

229 3263 612 3337 τοῦμπροσθεν
664 3268 789 3329 ταῖς
845 3269 1065 3339 χερσὶν,
1120 3270 1438 3343 ἰκετευούσῃ
1490 3272 1705 3336 ἐοικόςο
1745 3266 1807 3326 οὗ

228 3358 482 3427 ἀντικρὺ,
508 3357 639 3411 ἄλλο
653 3357 753 3428 τῆς
776 3358 947 3429 αὐτῆς
977 3358 1135 3430 ῦλης,
1168 3361 1361 3432 ἀνδρὸς
1384 3363 1567 3434 ὄρθιον
1600 3364 1807 3435 σχῆμα,

20 3458 105 3483 -ιω
132 3424 208 3489 δὲ
226 3424 477 3516 διπλοίδμ
507 3424 748 3519 κοσμίως
780 3424 1155 3519 βεϐλημένον,
1204 3424 1299 3504 καὶ
1455 3457 1614 3524 χεῖρα

102 3908 137 3919 Vx

231 3540 349 3591 ἐκεῖ
372 3540 677 3610 προτεῖνον.
710 3532 786 3592 (Ϊῦ
812 3539 963 3609 παρὰ
1002 3543 1115 3603 τοῖς
1154 3543 1311 3595 ποσὶν
1337 3544 1431 3596 ὲπὶ
1468 3546 1567 3615 τῆς
1602 3545 1812 3616 στήλης

230 3631 452 3700 ταύτης,
502 3630 651 3695 ξένον
678 3647 729 3683 τι
764 3630 997 3704 βοτάνης
1030 3627 1168 3696 είδος
1206 3633 1382 3703 φύειν,
1416 3635 1492 3699 ὡς
1526 3636 1686 3708 μέχρι
1715 3636 1810 3690 τοῦ

231 3722 546 3793 κρασπέδου
575 3722 677 3793 τῆς
708 3722 801 3789 τοῦ
830 3722 1036 3797 χαλκοῦ
1085 3725 1356 3790 διπλοΐδος
1401 3727 1549 3781 ἀνιὸν
1574 3767 1589 3792 ,
1632 3728 1812 3795 ἀλεξι-

229 3816 525 3886 φάρμακον
556 3815 779 3869 πάντων
812 3817 924 3870 τῶν
954 3818 1280 3889 νοσημάτων
1323 3821 1641 3895 τυγχάνειν.
1676 3822 1812 3875 Τοῦ-

192 3958 215 3984 κ
231 3920 322 3961 τον
355 3907 413 3960 δὲ
440 3906 532 3960 τὸν
560 3900 857 3979 ἀνδρίαντα
876 3949 890 3974 ,
921 3909 1108 3963 εἰκόνα
1150 3910 1325 3981 Ἰησοῦ
1357 3912 1546 3984 φέρειν
1592 3913 1807 3983 ἔλεγονσ

122 3994 167 4007 ⁸⁸
198 3966 417 4070 )Εμεινε
444 4000 500 4054 δὲ
530 4001 623 4055 καὶ
662 3966 744 4064 εἰς
774 3966 959 4073 ήμόις,
1012 4002 1090 4067 ὡς
1138 3966 1234 4058 καί
1278 3966 1397 4074 ὄψει
1430 3966 1808 4076 ⁸παραλαϐεῖν,

8 4103 19 4153 ζ
50 4156 59 4165 υ
122 4166 127 4169 δ
231 4090 673 4162 ἐπιδημήσαντος
703 4095 771 4165 τῇ
802 4094 977 4149 πόλει.
1002 4095 1115 4148 Καὶ
1144 4095 1455 4168 θαυμαστὸν
1484 4098 1655 4164 οὐδὲν,
1684 4100 1812 4164 τοὺς

233 4182 404 4236 πάλαι
451 4181 511 4248 ἐξ
551 4182 723 4235 ἐθνῶν
761 4183 1164 4255 εὐεργηθέντας
1216 4189 1365 4261 παρὰ
1412 4190 1506 4244 τοῦ
1557 4192 1812 4263 Σωτῆρος

226 4272 413 4343 ἡμῶν,
443 4273 670 4327 τοιαῦτα
701 4277 1086 4347 πεποιηκέναι,
1116 4281 1279 4333 ὁπότε
1309 4282 1404 4336 καὶ
1433 4282 1542 4337 τῶν
1573 4283 1809 4337 ἀποστό-

230 4366 342 4418 λων
371 4365 553 4419 αὐτῶν
581 4365 683 4429 τὰς
732 4368 980 4434 εἰκόνας,
1027 4369 1236 4442 Πέτρου
1268 4373 1363 4425 καί⁸
1399 4374 1614 4429 Παύλου
1642 4417 1657 4441 ,
1716 4375 1811 4428 καὶ

230 4453 401 4507 αὑτοῦ
432 4453 529 4507 τοῦ
559 4455 813 4526 Σωτῆρος
837 4496 850 4521 ,
892 4458 1477 4533 διαχρωματιζομένας
1510 4464 1809 4538 ἱστορήσα-

230 4563 338 4616 μεν
362 4562 377 4578 ·
430 4547 505 4611 ὡς
544 4547 689 4611 εἰκὸς
720 4547 829 4601 τῶν
862 4550 1108 4604 παλαιῶν
1154 4553 1674 4624 ἀπαραφυλάκτως,
1723 4554 1811 4611 οἷα

233 4638 460 4709 ὲθνικῆς
489 4638 780 4710 συνηθείας
806 4639 975 4712 οὔσης
1018 4644 1151 4716 παρ’
1181 4644 1384 4714 αὐτοῖς,
1420 4649 1609 4704 τοῦτον
1639 4651 1806 4723 τιμᾷν

231 4730 504 4786 εἰωθότων
529 4731 622 4787 τὸν
650 4732 873 4804 τρόπον.
916 4751 935 4784 ι

238 4947 353 5027 Tm}
386 4951 901 5027 9_t';_toﬁ,_éx_tﬁg
950 4954 1142 5027 αὐτῆς
1205 4958 1505 5027 Ἱστορίας
1552 4962 1809 5019 ἐνικᾶτου

297 5020 569 5087 βιϐλίου,
598 5025 686 5090 εἰς
718 5023 825 5078 τὸν
852 5020 1129 5089 ,βασιλέα
1150 5020 1630 5086 Κωνστίιντῗνον.

310 5152 331 5188 ι
362 5131 436 5191 Εὗ
479 5136 624 5208 μάλα
651 5139 751 5211 τῆς
779 5140 845 5194 ὲκ
882 5141 1021 5195 Θεοῦ
1068 5142 1477 5216 συνῃσθημένος
1535 5146 1808 5218 βοηθείας,

233 5228 438 5284 αὐτίκα
481 5231 577 5285 τοῦ
621 5233 897 5304 σωτηρίου
947 5235 1210 5307 τρόπαιον
1248 5237 1457 5301 πάθους
1497 5240 1604 5295 ὑπὸ
1650 5244 1812 5313 χεῖρα

237 5320 376 5385 ἰδίας
423 5321 628 5386 εἰκόνος
674 5324 1006 5394 ἀνατεθῆναι
1070 5328 1421 5397 προστάττει.
1480 5333 1590 5385 Καὶ
1632 5332 1697 5404 δὴ
1748 5332 1811 5387 τὸ

236 5412 508 5483 σωτήριον
552 5413 649 5467 τοῦ
685 5414 924 5488 σταυροῦ
980 5421 1208 5488 σημεῖον
1253 5420 1311 5473 ὲν
1362 5424 1428 5493 τῇ
1480 5422 1631 5495 δεξιᾷ
1674 5442 1804 5479 κατ-

233 5504 433 5575 έχοντα
463 5506 626 5560 αὖτδν
663 5509 722 5562 ὲν
751 5509 831 5581 τῷ
860 5508 1095 5581 μάλιστα
1135 5511 1243 5566 τῶν
1272 5515 1364 5567 ἐπὶ
1406 5516 1626 5587 Ῥώμης
1652 5518 1810 5589 δεδη-

238 5594 581 5666 μοσιευμένῳ
608 5596 759 5669 τόπῳ
791 5600 1123 5669 στήσαντας,
1160 5600 1331 5671 αὐτὴν
1360 5601 1425 5672 δὴ
1451 5602 1654 5673 ταύτην
1686 5605 1813 5657 ὑπο-

233 5685 455 5756 γραφὴν
531 5688 748 5754 ἐντάξαι
819 5692 1061 5762 ῥήμασιν
1130 5693 1317 5756 αὐτοῖς
1388 5696 1455 5763 τῇ
1524 5694 1810 5764 Ῥωμαίων

148 5796 157 5857 ε
237 5776 590 5844 ἰγκελεύεται
620 5784 797 5852 φωνῇ·
837 5801 853 5834 ι
887 5783 1075 5853 Τούτῳ
1100 5782 1176 5852 τῷ
1206 5783 1537 5853 σωτηριώδει
1574 5786 1807 5857 σημείῳ,

146 5848 155 5971 ί
242 5886 266 5922 ι
308 5866 385 5941 τῷ
413 5871 652 5943 ἀληθινῷ
681 5848 891 5945 ἐλέγχῳ
914 5875 1012 5946 τῆς
1044 5848 1319 5947 ανδρείας,
1340 5848 1446 5945 ⁷τὴν
1476 5848 1811 5949 πόλιν-’ὑμιῦν

1838 1900 1885 1961 Β

1838 3244 1880 3302 C

1845 4581 1888 4637 D

1916 679 1934 712 ι
1974 668 2027 718 ιο
2058 662 2299 727 curavit,
2323 668 2565 717 statuam
2601 661 2773 732 erige,
2821 662 3109 734 ipsiusque
3136 662 3367 734 gloriam
3391 678 3481 719 ce-

1915 770 1932 804 ι
1969 753 2141 807 lebra.
2171 770 2189 803 ι
2218 751 2344 807 Mox
2380 750 2573 823 igitur,
2602 751 2857 818 Bernice,
2880 768 3002 822 quae
3028 753 3235 810 ﬂuxum
3261 755 3483 825 sangui-

1909 844 1997 900 nis
2026 854 2158 900 ante
2190 858 2353 915 passa
2385 851 2529 911 erat,
2562 843 2618 898 in
2654 844 2896 901 civitatis
2925 861 3039 900 suae
3068 843 3342 902 Paneadis
3368 860 3482 901 me-

1910 936 2002 992 dio
2030 943 2271 993 statuam
2302 950 2531 1001 aeneam,
2565 952 2629 990 ex
2673 952 2779 993 aere
2810 935 2982 1001 fusili,
3026 952 3185 1005 auro,
3237 945 3484 1007 argento-

1910 1043 2019 1099 que
2069 1028 2371 1099 permistis,
2432 1026 2724 1082 conﬂatam
2800 1027 3035 1084 Domino
3094 1038 3148 1084 et
3206 1028 3316 1084 Deo
3380 1041 3484 1083 suo

1911 1118 2276 1176 consecravit.
2333 1117 2464 1185 Quae
2530 1119 2752 1189 quidem
2815 1127 2995 1175 statua
3044 1120 3112 1176 ad
3163 1120 3268 1176 hoc
3311 1134 3484 1191 usque

1911 1218 2127 1279 tempus
2187 1205 2441 1265 Paneade
2495 1218 2863 1279 perseverat:
2908 1217 3072 1281 atque
3120 1226 3188 1266 ex
3238 1224 3304 1266 eo
3359 1210 3484 1266 loco

1911 1299 2005 1355 ubi
2038 1298 2314 1369 quondam
2342 1298 2546 1363 stabat,
2589 1314 2654 1355 ex
2689 1300 2866 1355 media
2915 1316 3111 1371 nempe
3146 1300 3389 1366 civitate,
3428 1301 3486 1355 in

1912 1393 2094 1448 locum
2130 1406 2353 1447 sacrum
2380 1391 2496 1447 sive
2519 1393 2825 1447 oratorium
2856 1394 3123 1449 translata
3156 1392 3277 1449 fuit.
3308 1392 3493 1471 iiujus

1910 1497 2078 1553 porro
2109 1483 2188 1538 rei
2223 1482 2469 1555 narratio
2499 1483 2555 1537 in
2594 1483 2698 1539 hac
2734 1484 2853 1554 ipsa
2884 1483 3224 1540 Paneadensi
3264 1468 3487 1540 civitate

1911 1582 2126 1645 reperta
2158 1582 2267 1638 est,
2317 1575 2461 1644 apud
2494 1574 2724 1631 Bassum
2754 1576 3075 1647 quemdam,
3132 1576 3227 1645 qui
3282 1591 3347 1630 ex
3392 1575 3490 1631 Ju-

1911 1666 2026 1721 daeo
2054 1666 2406 1721 Christianus
2432 1664 2611 1723 factus
2655 1666 2837 1721 fuerat
2864 1682 2879 1719 :
2915 1666 2972 1721 in
3007 1682 3119 1737 quo
3150 1668 3313 1723 etiam
3346 1668 3487 1722 libro

1911 1772 2101 1829 regum
2142 1757 2388 1811 omnium
2448 1759 2541 1827 qui
2574 1759 2630 1814 in
2669 1757 2858 1814 Judaea
2901 1758 3334 1831 imperaverunt,
3391 1759 3476 1813 hi-

1912 1847 2081 1901 storia
2095 1846 2405 1917 conscripta
2423 1858 2562 1903 erat.
2592 1867 2610 1900 ›

1916 1999 2000 2055 Ex
2035 2000 2171 2055 libra
2219 2002 2439 2066 septimo
2478 2000 2732 2057 Historia:
2784 2001 3000 2056 Eusebii
3082 2000 3371 2069 Pamphili,
3426 2000 3491 2056 de

1986 2071 2205 2126 muliere
2255 2070 2608 2137 Paneadensi,
2654 2089 2772 2142 qua:
2821 2074 3096 2143 sanguinis
3151 2074 3299 2141 ﬂuxu
3343 2074 3493 2127 labo-

1984 2150 2212 2195 raverat.

1990 2294 2008 2327 ι
2051 2273 2514 2345 Quandoquidem
2551 2274 2708 2332 urbis
2756 2274 2924 2344 bujus
2962 2275 3300 2331 mentionem
3354 2272 3489 2328 feci-

1914 2381 2057 2427 mus,
2095 2374 2532 2421 consentaneum
2563 2378 2672 2419 non
2710 2364 2879 2420 fuerit
2934 2366 3308 2419 narrationem
3350 2378 3489 2435 prae-

1914 2456 2246 2522 termittere,
2281 2471 2405 2527 qua:
2440 2456 2608 2526 digna
2662 2456 2826 2526 plane
2856 2464 2960 2521 est,
3012 2463 3071 2511 ut
3134 2464 3490 2526 posterorum

1913 2549 2189 2603 memoriae
2259 2549 2696 2603 commendetur.
2771 2546 2925 2602 Illam
2997 2549 3143 2604 enim
3205 2547 3490 2603 mulierem

1913 2641 2205 2711 sanguinis
2235 2639 2385 2695 ﬂuxu
2417 2641 2781 2707 laborantem,
2815 2656 2980 2719 quam
3015 2656 3081 2696 ex
3122 2639 3298 2696 sacris
3321 2639 3495 2695 Evan-

1912 2734 2132 2807 geliisa
2192 2731 2482 2789 Salvatore
2535 2741 2727 2789 nostro
2782 2742 3038 2789 sanatam
3096 2733 3270 2789 fuisse
3294 2733 3495 2788 didici-

1913 2840 2057 2890 mus,
2120 2824 2273 2879 illinc
2337 2839 2463 2879 esse
2520 2823 2823 2895 profectam
2894 2824 3103 2890 ferunt,
3161 2824 3493 2895 domumque

1912 2917 2086 2987 ipsius
2117 2932 2179 2973 ea
2212 2917 2265 2972 in
2300 2917 2525 2972 civitate
2574 2918 2895 2982 monstrari,
2941 2917 2996 2972 in
3030 2932 3141 2988 qua
3190 2917 3494 2973 Salvatoris

1913 3007 1966 3062 in
1990 3023 2108 3063 eam
2143 3007 2520 3063 beneficentia:
2557 3007 2800 3063 mirifica
2857 3016 3059 3079 tropaea
3117 3015 3491 3078 perseverant.

1913 3097 2092 3167 Super
2142 3098 2311 3151 altum
2373 3097 2580 3168 quippe
2646 3096 2883 3166 lapidem
2940 3104 3066 3152 ante
3117 3096 3315 3151 :edium
3347 3096 3497 3150 illius

1917 3190 2086 3254 fores,
2121 3204 2319 3245 aeream
2358 3189 2574 3245 feminae
2598 3187 2855 3259 efﬁgiem,
2912 3186 3070 3244 ﬂexis
3102 3188 3364 3260 genibus,
3397 3202 3494 3241 ex-

1913 3283 2214 3355 pansisqne
2273 3281 2639 3353 supplicantis
2696 3295 2849 3336 more
2908 3281 3187 3343 manibus.
3249 3279 3494 3350 conspici

1914 3379 2141 3425 narrant
2175 3389 2189 3425 :
2219 3386 2249 3426 e
2285 3372 2505 3440 regione
2535 3385 2666 3426 vero
2701 3370 2936 3425 alteram
2993 3386 3058 3426 ex
3091 3369 3281 3425 eadem
3323 3380 3495 3425 mate-

1913 3463 1998 3515 ria
2046 3473 2252 3518 rectam
2290 3469 2438 3516 stare
2494 3462 2596 3516 viri
2656 3462 2912 3530 figuram,
2973 3462 3138 3517 modo
3188 3461 3498 3530 composito
3596 3496 3597 3499 η

1914 3552 2160 3623 diploide
2207 3552 2475 3613 indutam,
2514 3566 2851 3618 manumque
2904 3551 3120 3606 mulieri
3152 3551 3497 3621 protenden-

1915 3650 2045 3697 tem.
2088 3641 2169 3696 Ad
2218 3641 2383 3710 hujus
2426 3649 2627 3697 statua:
2680 3642 2850 3711 pedes
2908 3642 3261 3712 peregrinum
3320 3640 3498 3711 quod-

1914 3735 2039 3789 dam
2071 3734 2254 3789 berbze
2286 3750 2460 3804 genus
2498 3732 2676 3797 nasci,
2719 3731 2867 3802 quod
2912 3730 3003 3787 ubi
3037 3731 3104 3787 ad
3130 3747 3287 3787 oram
3325 3746 3500 3803 usque

1914 3824 2177 3895 diploidis
2201 3825 2471 3895 pervenit,
2507 3825 2826 3879 morborum
2864 3824 3110 3881 omnium
3156 3825 3499 3882 medicamen

1914 3917 2119 3971 evadit.
2154 3914 2307 3971 Hanc
2350 3930 2520 3987 porro
2558 3923 2797 3971 statuam
2846 3914 2977 3973 Jesn
3031 3916 3248 3972 Domini
3306 3918 3500 3990 imagi-

1917 4023 2041 4062 nem
2098 4009 2409 4079 exprimere
2462 4007 2649 4073 aiunt;
2710 4008 3027 4079 mansitque
3080 4008 3176 4063 illa
3226 4011 3498 4079 usquead

1917 4111 2163 4156 nostram
2217 4108 2457 4166 aetatem,
2498 4106 2560 4154 ut
2594 4098 2689 4169 qui
2727 4100 2781 4153 in
2819 4099 3105 4155 civitatem
3136 4100 3279 4154 hanc
3329 4100 3495 4157 adve-

1918 4192 2097 4254 niunt,
2130 4191 2310 4247 oculis
2342 4205 2462 4246 eam
2514 4189 2754 4245 lustrare
2786 4189 3031 4261 possint.
3072 4188 3259 4260 Neque
3296 4190 3496 4244 mirum

1918 4284 2094 4339 videri
2129 4282 2311 4351 debet,
2340 4290 2557 4339 veteres
2587 4283 2712 4338 illos
2742 4298 2806 4337 ex
2845 4282 3124 4353 gentibus,
3163 4282 3258 4353 qui
3306 4279 3498 4336 Salva-

1922 4382 2093 4430 toretn
2118 4387 2248 4445 erga
2282 4388 2344 4429 se
2384 4371 2692 4428 beneficum
2728 4371 2939 4441 experti
2969 4378 3154 4435 erant,
3204 4369 3384 4425 eidem
3414 4378 3497 4422 ta-

1921 4465 1991 4520 lia
2019 4463 2344 4535 prmstitisse
2364 4506 2378 4531 ,
2402 4461 2625 4534 quando
2666 4471 2779 4514 tum
2832 4460 3213 4531 apostolorum
3265 4458 3413 4513 Petri
3442 4466 3496 4513 et

1920 4555 2112 4619 Pauli,
2147 4562 2262 4608 tum
2310 4552 2602 4624 ipsinsmct
2635 4551 2842 4606 Christi
2884 4552 3059 4622 pictas
3104 4550 3373 4620 imagines
3418 4550 3498 4603 vi-

1917 4646 2299 4703 dimus:cum
2332 4654 2545 4701 veteres
2597 4644 2808 4714 absque
2862 4644 2976 4698 ullo
3032 4643 3295 4714 scrupulo
3348 4642 3499 4712 ejus—

1916 4736 2065 4793 modi
2107 4737 2392 4800 honorem,
2428 4734 2835 4792 consuetudine
2865 4750 2894 4789 a
2920 4734 3221 4805 gentilibus
3247 4740 3495 4802 accepta,

1912 4826 2292 4885 servatoribus
2319 4827 2438 4884 suis
2462 4826 2812 4882 adhiberent.
2851 4844 2869 4877 ι

1912 4961 2077 5033 370
2112 4960 2385 5032 Ejusdem,
2406 4975 2472 5015 ea:
2506 4960 2639 5015 libro
2687 4976 2823 5033 nono
2852 4958 3090 5033 ejusdem
3118 4956 3375 5013 Historia:
3427 4957 3494 5013 de

2337 5033 2654 5101 imperatore
2686 5030 3063 5087 Constantino.

1995 5165 2015 5198 ι
2047 5146 2183 5202 Cum
2241 5160 2362 5202 sese
2415 5143 2604 5200 divino
2661 5143 2915 5215 adjutum
2973 5157 3100 5199 esse
3134 5140 3369 5198 consilio
3394 5154 3494 5212 apd-

1913 5235 2092 5306 prime
2156 5236 2447 5298 sensisset,
2505 5247 2632 5287 mox
2695 5232 2999 5289 salutiferae
3057 5231 3339 5302 passionis
3381 5239 3495 5284 tro-

1913 5344 2091 5401 paeum
2128 5336 2327 5384 statua:
2360 5342 2476 5385 suae
2502 5326 2689 5383 manui
2712 5325 2911 5398 apponi
2944 5325 3224 5397 praecepit.
3259 5322 3338 5378 Ac
3366 5336 3494 5378 cum

1912 5436 2032 5477 eam
2060 5421 2327 5477 salutaris
2366 5420 2551 5476 crucis
2594 5420 2814 5490 signum
2872 5418 3100 5473 dextera
3145 5430 3246 5473 sua
3301 5422 3496 5471 tenen-

1914 5518 2048 5579 tem,
2088 5513 2142 5567 in
2168 5512 2617 5583 frequentissimo
2653 5511 2916 5567 Romanae
2944 5510 3103 5566 urbis
3129 5510 3253 5564 loco
3291 5507 3497 5565 erexis-

1914 5613 2058 5670 sent,
2117 5605 2531 5675 inscriptionem
2585 5605 2731 5661 bane
2787 5603 2985 5658 Latino
3033 5614 3291 5659 sermone
3320 5600 3499 5670 subji-

1912 5697 2162 5753 ciendam
2184 5698 2396 5751 curavit
2429 5715 2442 5749 :
2487 5714 2504 5748 ι
2545 5695 2659 5752 lioc
2692 5694 2919 5752 salutari
2953 5694 3131 5762 signo,
3167 5690 3316 5761 quod
3342 5702 3490 5744 verae

1919 5807 1937 5841 ι
1981 5788 2203 5843 virtutis
2243 5787 2460 5858 insigne
2520 5796 2628 5852 est,
2673 5788 2870 5845 urbem
2921 5794 3166 5841 vestram
3205 5780 3507 5849 tyrannica:

1921 5902 1937 5934 ι
1978 5880 2259 5939 servitutis
2290 5880 2422 5951 jugo
2452 5888 2759 5947 servatam,
2786 5879 2843 5933 in
2864 5877 3189 5937 libertatem
3212 5866 3515 5923 vindicavi.
