3986 6346
501 461 644 531 13⁹⁷5

1675 459 1738 521 8».
1778 457 2098 521 JOANNIS
2122 457 2552 520 DAMASCENI

3385 329 3452 348 _-
3607 323 3730 348 ‘."'\

2859 369 2862 372 ’
3125 335 3548 424 ῂ3ε“.;ἶ-’.“ἳσ

2774 424 2796 454 ι]
2837 395 2986 466 ,ιεκῖΣΧ
3024 403 3104 432 Ν.
3183 389 3224 423 κ,
3279 409 3282 411 λ
3345 403 3354 406 -
3403 403 3406 406 .
3615 451 3748 466 “un

507 596 530 632 ι
576 575 817 643 $.P.Q.
863 573 931 630 Β.
995 574 1053 630 in
1113 574 1422 631 libertatem
1479 573 1718 640 asserui,
1767 573 2069 644 pristinum

2194 595 2197 627 ε
2237 574 2346 629 ἀπὸ
2397 571 2564 643 ζυγοῦ
2616 568 2715 626 τοῦ
2780 571 3047 644 τυράννου
3093 569 3453 625 διασωθεῖσαν
3473 611 3488 636 ,
3525 568 3766 647 ῂλευθέσ⁸

509 690 530 725 ι
574 671 742 726 decus
770 667 1068 738 nobilitati,
1101 667 1562 738 splendoremque
1595 666 1837 723 restitui.
1873 685 1892 720 ι

513 995 600 1053 Ex
627 997 881 1054 Historia:
917 995 1290 1053 ecclesiasticae
1328 997 1563 1053 Socratis
1593 998 1728 1054 libro
1759 1011 1805 1066 ι,
1833 1013 1954 1065 cap.
1984 999 2074 1068 18,

960 1068 1024 1122 de
1065 1070 1245 1124 eodem
1272 1069 1612 1137 imperatore.

584 1283 605 1316 ι
643 1263 894 1319 Posthaec
919 1271 1104 1318 autem
1160 1264 1463 1334 imperator
1487 1263 1912 1330 Constantinus,
1947 1262 2081 1318 reli-

507 1360 688 1432 gionis
720 1359 1049 1415 Christianae
1106 1359 1405 1415 studiosior
1463 1359 1667 1423 factus,
1702 1375 1732 1414 a
1794 1359 2082 1430 gentilium

508 1447 659 1502 cultu
697 1462 934 1517 prorsus.
957 1447 1268 1513 abhorruit,
1322 1448 1733 1518 singularisque
1779 1447 2083 1503 certamina

509 1537 814 1607 prohibuit,
851 1544 907 1591 et
959 1551 1091 1594 suas
1135 1537 1405 1608 imagines
1458 1537 1516 1593 in
1559 1539 1778 1610 templis
1844 1537 2085 1593 colloca-

509 1629 586 1684 vit
616 1629 760 1699 (50).Ι
787 1649 806 1682 ι

649 1723 906 1830 Stephani
936 1759 1206 1823 Bostreui,
1236 1766 1422 1812 contra
1449 1755 1690 1820 Juda'os,
1711 1771 1836 1828 cap.
1867 1758 1922 1812 4.

588 1913 607 1947 ι
636 1893 747 1951 Nos
781 1909 948 1966 porro
1000 1899 1317 1948 sanctorum
1354 1890 1623 1960 imagines
1671 1889 1739 1944 ad
1781 1903 1972 1944 eorum
2001 1903 2085 1942 re-

511 1983 888 2038 cordationem
918 1983 1231 2044 statuimus,
1267 1988 1394 2050 puta
1444 1981 1741 2044 Abraham,
1785 1981 1962 2044 Isaac,
1993 1977 2088 2032 Ja-

512 2075 638 2139 cob,
689 2074 914 2146 Moysis,
966 2074 1115 2137 Eliaa,
1154 2071 1463 2138 Zachariae,
1499 2081 1553 2126 et
1577 2071 1812 2125 aliorum
1852 2072 2088 2140 prophe-

511 2171 716 2230 tarum,
749 2172 1180 2232 sanctorumque
1226 2161 1322 2216 Dei
1373 2169 1696 2233 martyrum,
1739 2161 1834 2230 qui
1863 2167 2089 2232 propter

516 2255 699 2326 ipsum
749 2266 981 2312 mortem
1041 2254 1369 2319 subierunt;
1431 2262 1492 2308 ut
1544 2254 1861 2323 quicunque
1897 2252 2090 2322 imagi-

513 2363 613 2403 nes
664 2362 857 2402 eorum
899 2346 1205 2417 aspexerit,
1254 2345 1473 2400 illorum
1521 2343 1881 2410 recordetur,
1932 2357 2092 2398 cum-

510 2453 620 2509 que
655 2438 916 2496 laudibus
942 2437 1191 2505 extollat,
1220 2437 1315 2509 qui
1351 2436 1526 2508 gloria
1564 2435 1764 2506 dignos
1795 2434 1924 2490 illos
1958 2432 2086 2490 red-

511 2528 674 2584 didit.
715 2545 738 2580 ι

584 2665 861 2736 Ejusdem.
910 2682 930 2717 ι
964 2663 1122 2731 Quod
1178 2669 1364 2718 autem
1417 2665 1632 2730 spectat
1663 2657 1730 2713 ad
1771 2656 2040 2730 imagines
2068 2695 2084 2722 ,

511 2758 696 2812 omnia
727 2771 850 2827 qua:
906 2755 960 2809 in
1015 2755 1112 2810 Dei
1161 2753 1385 2808 nomine
1445 2751 1608 2815 ﬁunt,
1649 2749 1794 2804 bona
1851 2763 1972 2805 esse
2034 2757 2086 2804 et

511 2856 704 2902 sancta
776 2845 1166 2901 conﬁdimus:
1223 2843 1368 2899 idola
1451 2856 1583 2897 vero
1642 2847 1697 2895 et
1765 2838 2085 2901 simulacra,

511 2951 701 3006 apage.
747 2933 874 2989 Haec
925 2934 1072 2989 enim
1109 2932 1254 2988 mala
1305 2931 1606 3003 spuriaque
1658 2933 1810 2992 sunt,
1861 2925 2088 2996 perinde

511 3037 676 3097 atque
701 3027 778 3080 illi
821 3025 919 3098 qui
965 3025 1175 3081 faciunt
1216 3038 1300 3079 ea.
1332 3022 1498 3076 Aliud
1535 3021 1738 3090 quippe
1779 3026 1866 3074 est
1908 3018 2088 3088 imago

513 3117 799 3186 prophetae
853 3117 1078 3183 sancti,
1130 3122 1185 3170 et
1235 3113 1382 3168 aliud
1433 3113 1790 3167 simulacrum
1825 3110 1940 3165 sive
1969 3119 2086 3163 sta-

511 3215 604 3263 tua
636 3208 884 3275 Saturni,
915 3206 1168 3272 Veneris,
1199 3205 1365 3271 Solis,
1390 3212 1444 3260 et
1469 3202 1656 3258 Lunae.
1689 3201 1885 3268 Porro,
1915 3216 2090 3272 quan-

512 3299 810 3369 doquidem
875 3299 1038 3352 homo
1083 3297 1151 3352 ad
1216 3296 1509 3365 imaginem
1589 3292 1683 3348 Dei
1738 3291 1918 3347 factus
1980 3299 2084 3356 est,

513 3391 722 3446 idcirco
753 3388 1038 3444 adoratur.
1073 3387 1312 3458 Serpens
1359 3395 1566 3450 autem,
1603 3384 1736 3455 quia
1768 3383 1972 3438 diaboli
2004 3389 2090 3438 est

513 3483 716 3552 imago,
751 3480 1069 3536 immundus
1105 3489 1191 3535 est
1236 3477 1300 3534 et‘
1338 3476 1717 3533 exsecrabilis.
1755 3473 1912 3540 Quod
1945 3474 1990 3530 si
2024 3489 2089 3529 ea

511 3586 636 3642 qua:
685 3571 970 3626 hominum
1025 3568 1281 3623 manibus
1338 3565 1606 3620 fabricata
1648 3573 1800 3629 sunt,
1838 3563 2086 3634 respuis,

511 3663 623 3724 die,
674 3659 1120 3732 quassoJudaee,
1178 3658 1445 3728 quidnam
1511 3656 1778 3711 adoratur
1813 3657 1869 3710 in
1921 3665 2087 3719 terra,

511 3753 657 3825 quod
690 3753 974 3807 hominum
1011 3766 1176 3806 manu
1211 3750 1554 3805 elaboratum
1587 3763 1695 3802 non
1738 3747 1853 3804 sit?
1881 3747 2088 3812 Altare,

512 3843 985 3915 propitiatorium,
1050 3841 1374 3909 Cherubim,
1447 3856 1588 3894 urna
1648 3853 1814 3894 aurea
1878 3838 2090 3893 habens

515 3949 739 4001 manna,
774 3948 987 4001 mensa,
1022 3931 1444 3988 tabernaculum
1486 3929 1754 4000 interius,
1781 3928 1964 3984 omnia
1992 3929 2092 3982 de-

515 4039 664 4079 mum
696 4039 820 4093 quae
867 4022 1068 4077 Sancta
1117 4030 1435 4076 sanctorum
1472 4019 1542 4074 ab
1584 4020 1702 4089 ipso
1740 4017 1852 4073 Deo
1901 4017 2092 4088 appel-

513 4115 625 4168 lata
663 4114 836 4171 sunt?
859 4112 1050 4168 Nonne
1083 4111 1394 4166 manufacta
1426 4110 1720 4165 Cherubim
1766 4108 2090 4179 angelorum

513 4215 670 4262 erant
696 4205 1005 4277 imagines?
1033 4203 1164 4275 quid
1213 4203 1282 4259 ad
1332 4204 1450 4258 haec
1481 4200 1825 4273 respondes?
1854 4198 2012 4266 Quod
2044 4197 2091 4252 si

513 4300 620 4354 ista
672 4299 928 4354 nominas
990 4297 1157 4360 idola,
1211 4295 1344 4366 quid
1421 4294 1716 4349 dicendum
1766 4306 1963 4347 censes
2024 4290 2094 4346 de

515 4391 696 4463 Moyse
753 4397 806 4446 et
861 4389 1074 4454 Israel,
1129 4389 1225 4458 qui
1277 4387 1394 4440 haec
1453 4380 1863 4439 adoraverunt?
1919 4380 2090 4450 Atqui

515 4481 766 4536 adoratio
815 4478 1039 4550 quidem
1085 4477 1316 4533 honoris
1351 4482 1740 4546 argumentum
1796 4481 1901 4529 est.
1935 4473 2090 4538 Quo-

2185 685 2204 719 ι
2252 683 2402 737 ρωσα
2424 681 2438 696 ⁸
2474 664 2554 720 ἔτι
2587 663 2694 736 μὴν
2725 663 2822 717 καὶ
2851 663 2949 734 τὴν
2985 661 3312 734 σύγκλητον,
3342 663 3438 716 καὶ
3464 662 3557 717 τὸν
3583 649 3762 735 δῆμον

2181 772 2202 807 ι
2256 753 2584 824 Ῥωμαίων,
2634 755 2702 824 τῇ
2746 753 2952 824 ἀρχαίᾳ
2984 753 3316 824 ἐπιφανείᾳ,
3359 753 3456 805 καὶ
3494 756 3562 825 τῇ
3616 754 3761 826 λαμ-

2183 866 2202 898 ι
2250 845 2487 916 πρὸτητι
2511 843 2911 918 ἐλευθερώσας,
2941 843 3390 915 ἀποκατέστησα.
3427 861 3447 896 ι
3797 837 3800 844 ’

2191 1001 2295 1055 Ἐκ
2335 1001 2447 1068 τῆς
2502 998 3020 1067 ἐκκλησιωτικῆς
3071 994 3368 1066 Ἱστορίας
3405 997 3751 1068 Σωκράτους

2245 1067 2496 1134 ,βιϐλίου
2529 1068 2764 1139 πρώτου
2783 1108 2799 1134 ,
2837 1071 3053 1140 negaui.
3090 1074 3185 1135 ιη’,
3230 1068 3366 1137 περί
3407 1067 3514 1124 τοῦ
3559 1069 3758 1124 αὑτοῦ

2248 1139 2574 1207 βασιλέως.

2259 1283 2279 1317 ι
2316 1265 2470 1321 Μετά
2510 1265 2687 1320 ταῦτα
2733 1267 2790 1320 δὲ
2834 1269 2863 1319 ό
2894 1264 3150 1336 βασιλεὺς
3177 1266 3596 1327 Κωνσταντῖνος
3634 1267 3756 1318 ἐπι-

2185 1357 2514 1429 μελέστερος
2541 1357 2618 1411 ὢν
2648 1358 2717 1411 τά
2761 1357 2892 1428 περὶ
2939 1355 3395 1427 Χριστιανισμοῦ,
3424 1356 3760 1426 ἀπεστράφη

2183 1449 2282 1512 τάς
2319 1445 2639 1518 Ἑλληνικὰς
2664 1447 2984 1518 θρησκείας,
3016 1449 3112 1502 καὶ
3135 1447 3300 1502 παύει
3328 1449 3395 1501 τὰ
3416 1448 3758 1520 μονομάχια·

2184 1539 2399 1602 εἰκόνας
2434 1539 2492 1593 δὲ
2519 1538 2620 1603 τὰς
2650 1539 2790 1603 ἰδίας
2819 1540 2879 1594 ὲν
2903 1541 3018 1604 τοῖς
3046 1541 3195 1604 ναοῖς
3223 1539 3480 1594 ἀπέθετο.
3521 1557 3542 1590 ο

2186 1753 2495 1825 Στεφάνου
2515 1755 2867 1825 Βοστρηνοῦ
2901 1755 3052 1810 κατὰ
3085 1755 3413 1820 Ἰουδαίων,
3440 1757 3655 1825 mssa).
3688 1753 3761 1808 ὃν.

2263 1907 2281 1939 ι
2324 1890 2514 1960 Ἡμεῖς
2540 1890 2638 1954 τὰς
2678 1890 2894 1954 εἰκόνας
2922 1889 3031 1944 τῶν
3064 1889 3237 1959 ἁγίων
3275 1891 3357 1953 εἰς
3397 1891 3620 1960 μνήμην
3649 1889 3766 1942 τῶν

2189 1980 2361 2048 ἁγίων
2397 1982 2736 2052 ἐποιήσαμεν
2756 2024 2771 2047 ,
2807 1976 2918 2035 οἷον
2961 1981 3212 2053 ’Δϐραάμ
3233 2022 3248 2048 ,
3279 1981 3374 2033 καὶ
3405 1980 3624 2045 Ἰσαὰκ,
3665 1979 3768 2032 καὶ

2199 2068 2398 2124 Ἰακὼϐ
2417 2111 2433 2136 ,
2474 2071 2570 2124 καί
2596 2073 2878 2137 Μωῦσέως
2899 2115 2915 2140 ,
2966 2074 3063 2128 καὶ
3123 2073 3308 2138 Ἠλία,
3341 2073 3437 2126 καὶ
3463 2072 3766 2144 Ζαχαρίου,

2187 2163 2284 2216 καὶ
2320 2164 2429 2217 τῶν
2485 2164 2691 2219 λοιπῶν
2743 2165 3038 2236 προφητῶν
3081 2167 3176 2219 καὶ
3221 2167 3393 2234 ἁγίων
3439 2164 3765 2236 μαρτύρων,

2187 2255 2296 2309 τῶν
2327 2257 2395 2310 δι’
2426 2257 2590 2312 αὐτὸν
2618 2258 3044 2330 ἀναιρεθέντων,
3087 2259 3178 2312 ἵνα
3205 2259 3314 2321 πᾶς
3339 2260 3369 2312 ὁ
3391 2258 3533 2329 όρῶν
3576 2257 3767 2312 αὐτῶν

2187 2349 2286 2413 τάς
2307 2351 2541 2415 εἰκόνας,
2577 2350 2892 2424 μνημονεύῃ
2921 2350 3121 2415 αὐτῶν,
3152 2351 3248 2405 καὶ
3274 2349 3472 2422 δοξάξῃ
3496 2349 3589 2403 τὸν
3612 2347 3766 2416 δοξάν-

2191 2458 2361 2495 σαντα
2393 2441 2612 2506 αὐτούς.
2653 2461 2674 2497 ι

2279 2662 2390 2718 Τοῦ
2431 2664 2638 2719 αὐτοῦ.
2683 2683 2700 2717 ι
2736 2664 2874 2736 Περί
2917 2664 2975 2719 δὲ
3024 2666 3251 2720 εἰκόνων
3295 2649 3766 2738 θαρροῦμεν,ῦτι

2190 2753 2299 2806 πᾶν
2351 2751 2513 2824 ἔργον
2541 2752 2828 2823 γινόμενον
2859 2754 2917 2807 ὲν
2959 2753 3185 2824 ὀνόματι
3229 2753 3405 2821 Θεοῦ,
3446 2754 3614 2808 καλὸν
3664 2755 3766 2810 καὶ

2189 2842 2344 2911 ἅγιόν
2370 2845 2507 2898 ἐστι.
2540 2845 2615 2896 Πε
2626 2845 2678 2915 pl.
2697 2844 2753 2898 δὲ
2776 2843 3012 2900 εἰδώλων
3035 2846 3129 2899 και)⁸
3153 2845 3506 2916 ἀγαλμάτων,
3538 2847 3725 2916 ἄπαγε
3746 2863 3763 2877 ⁵

2190 2934 2336 2988 κακὰ
2365 2934 2474 3007 γὰρ
2501 2935 2595 2989 καὶ
2622 2936 2908 3010 ἀλλόκοτα,
2942 2937 3036 2990 καὶ
3064 2936 3226 3001 αύτά,
3263 2937 3359 2991 καὶ
3392 2937 3448 2990 οἱ
3478 2937 3764 3002 ποιοῦντες

2189 3025 2348 3081 αὐτά.
2384 3027 2614 3096 Ἕτερον
2644 3027 2754 3099 γάρ
2788 3029 2943 3104 ἐστιν,
2961 3026 3134 3104 ,εἰκὼν
3158 3029 3312 3098 ἁγίου
3336 3031 3642 3102 προφήτου,
3668 3033 3766 3085 καὶ

2189 3119 2374 3189 ἕτερον
2427 3118 2648 3190 ἄγαλμα
2698 3119 2730 3190 ἢ
2780 3101 3223 3200 ξόανον”Κρόνου
3275 3123 3373 3176 καὶ
3415 3123 3765 3194 Ἀφροδίτης,

2201 3207 2382 3261 Ἠλίου
2407 3225 2466 3262 τε
2502 3210 2597 3262 καὶ
2625 3209 2882 3281 Σελήνης.
2925 3210 3080 3264 Ἐπεὶ
3107 3210 3165 3264 δὲ
3197 3213 3294 3265 καὶ
3322 3211 3612 3282 ἄνθρωπος
3641 3213 3768 3267 κατ’

2192 3299 2375 3352 εἰκόνα
2389 3298 2523 3353 Θεοῦ
2552 3300 2766 3368 γέγονε,
2795 3303 3210 3370 προσκυνεῖται.
3241 3302 3298 3354 '0
3325 3301 3381 3354 δὲ
3402 3302 3547 3371 ὄφις,
3575 3301 3768 3372 ἐπειδὴ

2190 3387 2355 3441 εἰκών
2390 3391 2506 3441 ἐστι
2553 3389 2838 3453 διαϐόλου,
2872 3390 3182 3461 ἀκάθαρτός
3222 3390 3341 3444 ἐστι
3379 3392 3475 3445 καὶ
3521 3390 3770 3464 ἀπόϐλη-

2191 3495 2300 3542 τος.
2335 3479 2398 3532 El
2434 3479 2585 3533 δὲτά
2611 3481 2964 3552 χειροποίητα
2994 3480 3276 3553 ἀποϐάλλῃ
3297 3519 3313 3546 ,
3357 3482 3482 3536 εἰπὲ
3503 3523 3516 3547 ,
3548 3477 3596 3537 ὧ
3633 3482 3771 3537 ’1ου-

2193 3569 2328 3633 δαῖε,
2359 3571 2412 3624 τί
2437 3571 2585 3624 ἐστιν
2610 3571 2704 3624 ἐπὶ
2723 3572 2826 3642 γῆς
2848 3572 3262 3644 ἀχειροποίητον
3285 3573 3314 3626 ὃ
3338 3575 3770 3645 προσκυνεῖταις

2193 3657 2285 3728 Μὴ
2316 3659 2348 3730 ἡ
2376 3658 2608 3722 κιϐωτὸς
2641 3659 2735 3713 τοῦ
2763 3660 2898 3714 Θεοῦ
2929 3663 3310 3734 χειροποίητος
3335 3659 3402 3735 ἦν
3427 3679 3444 3729 ;
3483 3665 3547 3718 τὸ
3581 3664 3774 3718 θυσια-

2195 3749 2419 3821 στήριον
2443 3790 2456 3812 ,
2487 3752 2582 3804 καὶ
2608 3751 2670 3805 τὸ
2705 3751 3019 3825 ἱλαστήριον
3043 3795 3060 3820 ,
3089 3755 3183 3808 καὶ
3219 3755 3288 3810 τὰ
3318 3755 3603 3826 Χερουϐὶμ
3626 3797 3644 3823 ,
3675 3758 3775 3811 καὶ

2193 3840 2226 3910 ὴ
2262 3839 2495 3910 στάμνος
2522 3843 2554 3912 ή
2587 3844 2788 3914 χρυσῆ,
2829 3843 2863 3914 η
2897 3842 3097 3914 ἔχουσα
3121 3844 3184 3898 τὸ
3214 3845 3412 3915 μάννα,
3445 3845 3540 3899 καὶ
3560 3846 3596 3916 η
3633 3847 3774 3920 τράο

2193 3926 2356 3995 πεζα,
2400 3930 2495 3983 καὶ
2525 3931 2559 4002 ἡ
2592 3931 2766 4002 σκηνὴ
2804 3933 2838 4002 ή
2881 3932 3158 4005 ὲσωτέρα,
3193 3933 3290 3988 καὶ
3320 3935 3498 3989 πάντα
3535 3935 3574 3990 ἁ
3601 3937 3778 4005 ’Δγια

2193 4021 2365 4091 ἁγίων
2395 4023 2705 4096 ἐκλήθησαν
2745 4025 2848 4079 ύπδ
2881 4027 2976 4081 τοῦ
3010 4026 3149 4082 Θεοῦ
3179 4045 3193 4096 ;
3230 4029 3344 4083 Ούκ
3375 4024 3518 4101 ἦσαν
3553 4031 3624 4085 τὰ
3661 4032 3776 4085 Χε-

2198 4115 2396 4187 ρουϐὶμ
2442 4117 2816 4190 χειροποίητα,
2861 4119 3070 4184 εἰκόνες
3120 4122 3414 4191 ἀγγέλων;
3460 4123 3516 4176 τί
3546 4123 3776 4193 λέγειςς

2193 4206 2256 4259 Εἰ
2297 4207 2490 4262 εἴδωλα
2532 4209 2824 4273 ἀποκαλεῖς
2867 4210 3039 4277 αύτά,
3088 4211 3143 4265 τι
3193 4212 3372 4280 λέγεις
3423 4213 3504 4284 τῷ
3559 4215 3776 4288 Μωῦσῇ

2193 4301 2655 4371 προσκυνήσαντι,
2690 4301 2784 4355 καὶ
2807 4301 2886 4372 τῷ
2929 4303 3171 4374 Ἰσραήλ;
3201 4304 3310 4358 Καὶ
3335 4306 3368 4375 ἡ
3403 4304 3499 4375 μὲν
3520 4307 3778 4377 προσκύο

2193 4407 2367 4460 νησις,
2391 4392 2556 4462 τιμῆς
2579 4394 2695 4446 ἐστι
2717 4392 3007 4464 σύμϐολον.
3040 4393 3241 4459 Καθὼς
3271 4396 3368 4449 καὶΙ
3399 4397 3561 4467 ἡμεῖς
3593 4398 3780 4471 ἁμαρ-

2191 4482 2350 4535 τωλοὶ
2380 4483 2814 4556 προσκυνοῦμεν,
2851 4485 2945 4540 τὸν
2975 4486 3076 4557 μὲν
3113 4487 3264 4554 Θεὸν,
3298 4488 3436 4543 κατὰ
3457 4490 3557 4560 τὴν
3583 4490 3780 4563 θεῖκὴν

516 4574 667 4628 circa
696 4585 798 4625 nos
828 4584 1048 4639 quoque
1082 4573 1424 4638 peccatores,
1479 4564 1647 4620 Deum
1694 4562 1919 4634 quidem
1953 4561 2087 4617 ado-

2194 4573 2449 4644 λατρείαν
2506 4575 2601 4629 καὶ
2637 4573 2796 4640 ἀξίαν
2864 4576 3237 4648 προσκύνησιν
3281 4578 3618 4650 δοξάζομεν,
3678 4561 3780 4636 καὶ

515 4675 703 4718 ramus
763 4660 974 4725 divino,
1032 4659 1127 4729 qui
1211 4657 1318 4727 ipsi
1377 4655 1630 4720 debetur,
1673 4655 1850 4708 latriae
1907 4654 2086 4721 cultu,

512 4757 804 4826 ipsumque
834 4767 932 4808 ceu
965 4758 1271 4808 creatorem
1305 4755 1361 4804 et
1391 4747 1698 4802 beneﬁcum
1727 4761 2044 4802 reveremur
2071 4762 2085 4799 :

515 4845 739 4917 angelos
767 4858 918 4908 vero,
953 4840 1160 4911 Deique
1199 4838 1459 4906 famulos,
1512 4838 1581 4892 ad
1636 4838 1728 4892 Dei
1770 4837 1946 4907 ipsius
1974 4838 2092 4910 glo-

514 4938 680 5001 riam,
719 4944 980 5005 tanquam
1015 4947 1105 4987 res
1139 4946 1169 4984 a
1202 4929 1311 4985 Deo
1365 4928 1636 4994 conditas,
1691 4928 1852 4999 eique
1898 4929 2089 4999 subje-

513 5035 654 5082 ctas.
694 5024 880 5094 Imago
937 5021 1208 5092 siquidem
1258 5029 1342 5076 est
1404 5033 1603 5075 nomen
1662 5018 2086 5089 similitudoque

514 5119 663 5175 illius
696 5116 791 5188 qui
825 5115 880 5169 in
907 5113 1022 5184 ipsa
1051 5112 1301 5182 depictus
1335 5123 1438 5167 est.
1469 5109 1832 5176 Quamobrem
1865 5108 2081 5165 Domini

516 5217 950 5276 sanctorumque
977 5205 1370 5274 prophetarum
1416 5200 1720 5263 cruciatus,
1753 5199 1846 5269 qui
1875 5197 1930 5252 in
1967 5199 2086 5270 lege

515 5311 572 5357 et
627 5297 934 5372 Evangeliis
992 5293 1255 5365 descripti
1305 5299 1456 5357 sunt,
1516 5299 1631 5346 tum
1694 5304 1792 5359 per
1845 5289 2085 5356 litteras,

515 5403 634 5448 tum
681 5407 780 5463 per
833 5391 1133 5460 imaginum
1191 5385 1598 5458 expressiones,
1651 5381 1710 5438 in
1761 5381 2082 5438 memoriam

519 5499 736 5556 semper
763 5495 1107 5542 revocamus.
1138 5497 1159 5534 ι

2188 4666 2467 4738 τρέμομεν
2514 4667 2590 4732 ὡς
2629 4667 2860 4740 ποιητὴν
2897 4669 2992 4722 καὶ
3034 4669 3271 4742 χορηγὸν
3309 4671 3504 4741 ἡμῶν·
3549 4671 3686 4735 τοὺς
3719 4671 3778 4726 δὲ

2188 4757 2459 4826 ἀγγέλους
2503 4758 2864 4832 καὶηδούλους
2905 4760 3002 4813 τοῦ
3049 4761 3187 4814 Θεοῦ
3241 4761 3385 4815 κατά
3453 4762 3626 4833 τιμὴν
3676 4761 3776 4815 τοῦ

2187 4847 2323 4902 Θεοῦ
2350 4887 2367 4913 ,
2415 4849 2494 4912 ὠς
2548 4849 2835 4920 ποιήματα
2875 4849 2972 4904 τοῦ
3006 4849 3142 4904 Θεοῦ
3183 4853 3278 4905 καὶ
3320 4849 3542 4916 δούλους
3577 4851 3774 4908 αὑτοῦ.

2187 4941 2366 4997 Είκὼν
2409 4941 2518 5014 γάρ
2564 4943 2714 4996 ἐστιν
2753 4941 2926 5013 ὄνομα
2977 4943 3074 4996 καὶ
3109 4942 3370 5013 ὁμοίωσις
3393 4941 3492 4996 τοῦ
3532 4946 3593 4998 ὲν
3627 4945 3774 5016 αὐτῇ

2189 5034 2508 5106 γραφέντος.
2541 5034 2633 5088 Διὸ
2664 5038 2758 5089 καὶ
2788 5035 3084 5107 γράμμασι
3124 5036 3220 5088 καὶ
3273 5035 3630 5106 χαρὰγμασιν
3685 5037 3777 5092 ἀεὶ

2193 5125 2606 5196 μνημονεύομεν
2633 5125 2742 5180 τῶν
2769 5126 2865 5180 τοῦ
2901 5128 3106 5197 Κυρίου
3141 5125 3506 5198 παθημάτων,
3535 5128 3632 5181 καὶ
3660 5128 3776 5183 τῶν

2191 5215 2362 5284 ἁγίων
2415 5216 2713 5288 προφητῶν
2734 5254 2750 5282 ,
2796 5215 2906 5271 τῶν
2951 5218 3011 5270 ὲν
3061 5216 3214 5288 νόμῳ
3268 5216 3366 5272 καὶ
3409 5216 3778 5286 Εὐαγγελιοις

2189 5310 2608 5382 γεγραμμένων.
2651 5327 2672 5363 ι

2033 5659 2264 5716 NOTAE.

535 5776 715 5906 περ
775 5775 1001 5836 Deorum
1059 5777 1247 5851 utique
1270 5821 1286 5848 ,
1339 5778 1456 5837 sive
1505 5778 1806 5847 idolorum;

1898 5786 1957 5835 ut
2009 5793 2120 5837 non
2190 5779 2334 5836 male
2388 5775 2924 5850 Christophorsonus
2986 5783 3040 5833 et
3105 5771 3360 5830 Valesius
3417 5768 3771 5845 interpretati
