3986 6346
317 287 448 357 1371

1413 286 1512 348 DE
1538 284 2000 348 IMAGINIBUS
2028 282 2310 343 ORATIO
2342 283 2457 343 III.

3437 288 3536 355 137
3544 307 3580 372 3

320 400 432 457 Τοῦ
464 398 640 470 ἁγίου
696 397 1025 470 Γρηγορίωθ
1058 395 1399 470 Νιιᾷανζοῦ,
1446 396 1664 470 ἐκίτοῦ
1705 396 1890 466 λόγου

2000 392 2154 463 371
2181 392 2372 448 Sancti
2394 393 2630 470 Gregorii
2661 393 3021 460 Nazianzeni,
3040 398 3367 470 exoratione
3393 413 3582 458 contra

484 466 593 527 τοῦ
636 466 786 523 κατὰ
830 466 1157 523 Ἰουλιανοῦ
1192 466 1298 522 τοῦ
1341 466 1706 535 παραϐἀτου.

392 579 413 623 ι
446 553 521 615 Οὗ
553 558 622 614 τά
661 558 907 629 σύμ6ολα
941 558 1040 630 τῆς
1082 558 1174 611 ἐπὶ
1198 556 1374 629 τούτῳ
1404 556 1642 629 πληγῆς,
1666 556 1724 609 αἱ
1752 556 1895 609 εἰκό-

313 667 405 714 νες
428 651 703 721 φέρουσιν,
743 648 825 701 ἐτι
848 648 1107 720 δημοσίαι
1142 646 1521 718 προκείμεναι.
1553 664 1572 698 ι

318 740 429 796 Τοῦ
455 739 889 809 Χρυσοστόμου
929 739 1063 862 (311),
1102 735 1317 863 ἐκιτξς
1331 736 1645 807 ἑρμηνείας
1674 733 1783 790 τοῦ
1809 734 1894 788 δι-

924 826 999 863 κιι
1026 826 1098 863 ου
1196 825 1242 859 ω
1283 846 1298 862 .

924 825 1098 864 καιου
1159 825 1298 863 ιωο.

244 956 251 975 κ
387 920 408 954 ι
458 902 548 957 Ἐν
571 900 787 965 τούτοις
829 901 967 954 πᾶσι
1006 902 1122 964 τοῖς
1170 898 1574 971 συμϐεϐηκόσιν
1598 896 1767 968 αὐτῷ,
1792 896 1894 951 οὐκ

311 992 511 1046 ἔδωκεν
544 992 858 1063 ἀφροσύνην
896 990 973 1063 τῷ
1009 990 1162 1063 Θεῷο
1212 990 1465 1062 καθάπερ
1491 990 1585 1043 ἐπὶ
1614 987 1723 1042 τῶν
1749 987 1893 1041 εικό-

311 1098 440 1144 νων,
468 1081 688 1136 ἐπειδάν
723 1097 846 1135 τινα
870 1081 1172 1152 γράφωμεν
1208 1080 1266 1132 ὲν
1288 1081 1354 1150 τῇ
1397 1080 1642 1150 ἱστορικῇ
1681 1079 1891 1148 γραφῇ.

258 1230 259 1235 η
322 1173 388 1227 '0
426 1172 594 1227 δεῖνα
633 1172 911 1241 ἀνέθηκε,
959 1172 1268 1243 γράφομεν,
1318 1169 1461 1223 οὕτω
1510 1170 1604 1222 καὶ
1633 1168 1888 1234 ἐνταῦθα,

310 1263 410 1334 τὴν
441 1263 622 1317 εἰκόνα
643 1264 741 1333 τῆς
770 1263 948 1335 ψυχῆς
970 1261 1132 1317 αὑτοῦ
1161 1261 1396 1333 γράψας,
1433 1262 1462 1313 ὁ
1485 1260 1700 1331 γράψας
1722 1259 1782 1312 τὸ
1810 1259 1892 1330 βι-

311 1355 480 1422 ϐλίον,
504 1355 692 1426 ὥσπερ
730 1355 786 1407 ὲν
810 1352 1058 1425 χοινικίδι
1086 1353 1331 1407 κάτωθεν
1366 1353 1697 1422 ὑπογράφων
1719 1350 1887 1420 λέγει’

324 1444 428 1501 Ἐν
466 1447 700 1511 τούτοις
739 1445 892 1500 πᾶσι
939 1444 1062 1512 τοῖς
1091 1446 1543 1516 συμϐεϐηκόσιν
1570 1441 1730 1510 αὐτῷ
1773 1445 1886 1513 οὐχ

312 1536 577 1606 ἥμαρτεν
620 1535 762 1592 Ἰὼϐ.
803 1554 821 1587 ι

310 1629 408 1681 Ἐκ
434 1627 541 1682 τοῦ
556 1628 703 1692 ,βίου
721 1629 827 1683 τοῦ
847 1629 1022 1699 ἁγίου
1048 1628 1795 1693 Κωνσταντίνου,,ϐι6λίου
1816 1624 1887 1681 δ’.

2411 461 2691 517 lulianum
2734 475 3039 533 apostatam
3076 468 3143 522 “.

2068 567 2089 603 ι
2130 550 2311 622 llrijus
2357 554 2560 624 quippe
2594 554 2836 611 vnlneris
2875 556 3035 627 signa
3067 568 3331 626 promunt
3377 561 3574 634 imagi-

1994 658 2093 701 nes
2122 645 2176 699 in
2210 644 2350 701 locis
2379 647 2617 716 publicis
2642 656 2862 702 erectze.
2894 666 2913 699 ι

1995 734 2179 791 Sancti
2244 736 2473 792 Joannis
2535 739 2943 863 Cltrysostogtib,
3006 753 3073 794 ea:
3125 740 3465 796 enarratione
3522 742 3578 798 in

2594 818 2798 863 iustum
2868 826 2897 863 ο
2938 849 2952 862 .

2585 818 2798 877 justum
2827 818 2952 863 Job.

2066 912 2087 947 ι
2119 895 2178 950 In
2218 895 2304 951 his
2358 897 2621 953 omnibus
2667 914 2790 969 qua:
2846 898 2949 968 ipsi
3002 898 3372 971 contigerunt,
3438 900 3578 955 nihil

1992 986 2322 1057 insipienter
2367 989 2636 1045 adversus
2673 989 2841 1045 Deum
2890 991 3111 1046 locutus
3143 999 3249 1047 est.
3298 990 3575 1057 Quemad-

1992 1078 2306 1135 modumin
2358 1080 2696 1151 imaginibus
2735 1096 2859 1137 cum
2912 1082 3231 1153 cujuspiam
3295 1085 3578 1154 pinximus

1991 1169 2325 1235 historiam,
2373 1171 2657 1227 ascribere
2710 1171 2957 1227 solemus
3008 1191 3022 1227 :
3089 1170 3165 1226 N.
3214 1174 3574 1238 consecravit;

1991 1263 2076 1319 sic
2129 1266 2223 1334 qui
2278 1264 2479 1320 librum
2543 1265 2690 1320 hunc
2742 1266 2987 1337 scripsit,
3036 1274 3326 1337 postquam
3377 1268 3576 1323 animat:

1990 1353 2142 1410 illius
2177 1356 2471 1426 imaginem
2501 1357 2816 1423 delineavit,
2859 1357 3007 1413 velut
3057 1359 3115 1411 in
3161 1366 3407 1413 extrema
3456 1373 3575 1411 mo-

1990 1444 2120 1501 dioli
2147 1453 2306 1515 parte
2327 1446 2720 1514 subscribens,
2760 1447 2899 1501 dixit
2931 1464 2944 1501 :
2988 1445 3054 1501 In
3087 1448 3327 1502 omnibus
3356 1448 3435 1502 his
3461 1462 3577 1517 qua:

1991 1534 2302 1590 acciderunt
2323 1537 2447 1606 ipsi,
2481 1552 2584 1591 non
2617 1538 2848 1605 peccavit
2874 1536 2975 1590 Job
3016 1536 3087 1591 ".
3130 1555 3149 1589 ι

2096 1626 2165 1683 1η
2202 1628 2325 1682 Vita
2349 1630 2520 1683 sancti
2548 1628 2886 1684 Constantini
2924 1628 3057 1683 libro
3086 1645 3138 1683 1v
3175 1627 3319 1699 (cap.
3357 1627 3468 1699 15).

388 1735 406 1769 ι
440 1717 580 1788 Ὅσῃ
613 1716 668 1770 δὲ
698 1719 861 1773 αὐτοῦ
895 1721 928 1791 ἠ
958 1719 1137 1791 ψυχὴ,
1171 1720 1407 1782 πίστεως
1444 1718 1631 1772 ἐνθέου
1670 1719 1887 1789 ἐστήρι-

2064 1734 2084 1768 ι
2118 1716 2338 1784 Quanto
2378 1726 2561 1773 autem
2607 1718 2732 1774 lidei
2761 1719 2959 1774 robore
3000 1719 3225 1775 animus
3258 1719 3378 1789 ejus
3410 1719 3577 1775 obﬁr-

312 1824 409 1861 κτο
432 1807 678 1879 δυνάμει,
709 1809 868 1878 μάθοι
898 1809 965 1864 ἄν
990 1827 1074 1874 τις
1104 1811 1198 1863 καὶ
1239 1812 1303 1863 ἐκ
1343 1809 1516 1875 τοῦδε,
1542 1809 1890 1880 λογιζόμενος

310 1899 387 1961 ὡς
407 1900 464 1951 ἐν
483 1900 595 1962 τοῖς
614 1901 834 1970 χρυσοῖς
854 1900 1204 1971 νομίσμασιν,
1225 1899 1385 1964 αὐτὸς
1410 1898 1507 1972 τὴν
1523 1900 1588 1952 αὑ
1598 1898 1687 1952 τοῦ
1706 1899 1890 1953 εἰκόνα

309 1990 654 2061 διεγράφετο,
704 1990 781 2056 ὡς
815 1992 928 2046 ἄνω
968 1991 1187 2063 βλέπειν
1230 1992 1441 2060 δοκεῖν,
1478 1992 1888 2065 άνατεταμὲνην

312 2082 447 2153 πρὸς
468 2082 621 2150 Θεὸν,
645 2083 941 2154 εὐχομένου
969 2085 1189 2156 τρόπον.
1222 2084 1424 2139 Τούτου
1461 2084 1560 2155 μὲν
1580 2079 1671 2139 οὖν
1700 2085 1771 2138 τά
1798 2087 1890 2138 ὲκ-

311 2172 633 2245 τυπώματα,
672 2174 790 2229 καθ’
822 2175 951 2247 ὅλης
975 2176 1074 2247 τῆς
1109 2175 1397 2248 Ῥωμαίων
1419 2177 1520 2247 γῆς
1548 2190 1595 2242 ι,
1630 2177 1687 2229 ὲν
1706 2177 1889 2241 αὐτοῖς

308 2265 366 2318 δὲ
393 2267 504 2329 τοῖς
534 2265 822 2336 βασιλείοις
873 2268 1015 2322 κατά
1060 2286 1211 2332 τινας
1234 2268 1438 2334 πόλεις,
1476 2271 1533 2322 ὲν
1574 2271 1692 2332 ταῖς
1723 2271 1802 2332 εἰς
1829 2270 1889 2324 τὸ

311 2357 585 2431 μετέωρον
606 2357 715 2411 τῶν
744 2359 1036 2431 προπύλων
1060 2361 1448 2431 ἀνακειμένοις
1471 2361 1693 2425 εἰκόσιν,
1719 2360 1889 2425 ἑστὼς

308 2446 488 2517 όρθιος
515 2448 807 2522 ἐγράφετο,
844 2452 955 2506 ἄνω
981 2451 1081 2522 μὲν
1111 2452 1192 2516 είς
1212 2450 1303 2505 τὸν
1324 2451 1552 2523 οὐρανὸν
1576 2450 1886 2522 ἐμϐλέπων,

308 2542 387 2595 τὼ
411 2543 555 2612 χεῖρε
588 2542 954 2613 ὲκτεταμένω,
1007 2543 1300 2615 εὐχομένου
1330 2545 1590 2614 σχήματι.
1620 2538 1749 2596 Ὧδε
1790 2544 1890 2615 μὲν

258 2629 267 2637 ’
308 2627 403 2687 οὖν
430 2632 591 2698 αὐτὸς
631 2634 825 2689 ἑαυτὸν
872 2636 932 2689 ὲν
960 2638 1081 2700 ταῖς
1130 2635 1568 2707 είκονογραφίαις
1597 2635 1889 2707 εὐχόμενον

310 2725 532 2797 iamest.
574 2744 594 2779 ι

544 2900 654 2955 Τοῦ
677 2900 886 2969 αὐτοῦ,
915 2901 985 2955 ἐκ
1018 2901 1124 2957 τοῦ
1152 2901 1353 2969 τρίτου
1374 2901 1641 2967 βιϐλίου.

385 3009 405 3043 ι
433 2983 563 3046 ⁴ΙὨδε
594 2991 693 3061 μὲν
723 2989 817 3046 οὖν
841 2994 873 3062 ή
913 2992 1176 3062 βασιλέως
1204 2992 1500 3067 magno};
1534 2994 1739 3065 μήτηρ,
1762 2994 1891 3059 ἀξία

1995 1814 2181 1864 matus
2212 1806 2394 1873 fuerit,
2428 1823 2495 1863 ex
2530 1823 2595 1865 eo
2619 1809 2830 1879 quisvis
2859 1809 3151 1880 intelligat,
3184 1809 3327 1880 quod
3382 1812 3567 1865 aureis

1995 1898 2050 1954 iu
2084 1899 2325 1955 nummis
2352 1914 2507 1956 suam
2538 1899 2657 1968 ipse
2688 1899 2984 1970 imaginem
3024 1899 3100 1953 ita
3135 1900 3397 1970 cogitavit
3423 1900 3576 1955 efﬁn-

1996 1988 2269 2059 gendam,
2308 1998 2367 2044 ut
2420 1990 2477 2044 in
2523 1989 2891 2059 supplicantis
2934 1990 3154 2045 modum
3200 2004 3463 2046 conversa
3506 1988 3577 2043 ad

1996 2080 2167 2137 Deum
2226 2081 2390 2147 facie,
2442 2090 2694 2153 spectare
2748 2096 2971 2137 sursum
3024 2080 3330 2138 videretur.
3392 2080 3576 2150 Atque

1994 2172 2115 2243 ejus
2145 2172 2369 2243 quidem
2402 2173 2605 2244 eﬂigies
2637 2174 2919 2243 impressae
2957 2187 3056 2242 per
3105 2172 3418 2228 universam
3461 2169 3575 2228 Ro-

1995 2278 2283 2318 manorum
2303 2264 2580 2341 ditionem
2633 2265 3057 2334 spargebantur.
3096 2263 3442 2330 Quibusdam
3476 2279 3578 2319 au-

1995 2361 2103 2409 tem
2157 2354 2215 2409 in
2266 2354 2584 2410 civitatibus
2615 2354 2671 2408 in
2704 2353 3058 2410 eminentiori
3111 2354 3386 2424 regiarum
3434 2354 3581 2425 ipsa-

1994 2459 2118 2499 rum
2179 2444 2426 2514 porticus
2478 2452 2638 2516 parte
2695 2444 2962 2515 imagines
3024 2445 3198 2515 ipsius
3254 2445 3331 2499 ita
3389 2443 3581 2516 depin-

1995 2536 2280 2605 gebantur,
2315 2543 2379 2590 ut
2412 2546 2597 2592 rectus
2628 2535 2768 2606 ipse,
2799 2535 3190 2605 protensisque
3221 2534 3580 2605 supplicantis

1994 2641 2149 2681 more
2183 2627 2437 2683 manibus
2473 2636 2651 2696 stans,
2699 2630 2899 2684 coelum
2943 2628 3274 2697 suspiceret.
3326 2625 3418 2681 Sic
3450 2642 3581 2698 ergo

1996 2723 2239 2791 seipsum
2296 2722 2352 2777 in
2407 2724 2640 2795 picturis
2706 2722 2985 2793 precantis
3031 2721 3224 2777 habitu
3277 2735 3581 2793 repraesen-

1996 2811 2168 2885 tabat.
2210 2832 2230 2866 ι

2425 2904 2682 2973 Ejusdem
2711 2921 2778 2961 ex
2807 2906 2940 2961 libro
2976 2906 3155 2962 tertio.

2073 3014 2093 3050 ι
2129 2999 2246 3054 Hoc
2285 2997 2452 3069 igitur
2485 2998 2650 3053 modo
2680 2998 3034 3068 imperatoris
3063 3005 3239 3052 mater
3265 2996 3453 3069 vivere
3484 2996 3579 3053 dc-

308 3101 369 3138 τε
398 3085 563 3155 τιμῆς
596 3084 873 3155 πλείστης,
936 3084 1043 3139 τῶν
1095 3102 1154 3138 τε
1195 3086 1369 3157 αὐτῆς
1409 3086 1573 3140 ἕνεκα
1629 3086 1890 3155 θεοφιλῶν

2000 3089 2105 3168 siit,
2131 3104 2277 3161 quae,
2300 3104 2424 3145 cum
2456 3096 2683 3161 propter
2730 3090 3014 3160 religionis
3043 3104 3108 3145 ac
3137 3090 3357 3161 pietatis
3386 3105 3579 3161 opera,

310 3175 585 3248 πράξεων,
620 3176 715 3230 τοῦ
767 3192 826 3229 τε
881 3175 943 3241 ἐξ
992 3177 1163 3249 αὐτῆς
1216 3176 1413 3247 φύντος
1446 3178 1759 3249 ὑπερφυοῦς
1795 3180 1892 3232 καὶ

309 3267 613 3339 παραδόξου
662 3267 832 3337 φυτοῦ
853 3284 867 3298 ·
914 3267 973 3322 ὃν
1004 3269 1139 3339 πρὸς
1189 3271 1303 3333 τοῖς
1331 3269 1525 3337 ἅπασι,
1564 3268 1660 3325 καὶ⁵
1685 3270 1785 3341 τῆς
1811 3272 1893 3333 εἰς

309 3361 409 3429 τὴν
429 3358 837 3430 γεννησαμένην
859 3360 1031 3425 ὁσίας,
1058 3360 1380 3431 μακαρίζειν
1404 3362 1573 3428 ἄξιον.
1608 3361 1766 3416 Οὕτω
1791 3363 1891 3433 μὲν

309 3448 478 3520 αὐτὴν
499 3448 722 3521 θεοσεϐῆ
746 3453 1188 3521 καταστήσαντα,
1224 3450 1299 3522 μὴ
1320 3447 1484 3506 οὖσαν
1513 3452 1573 3505 τὸ
1604 3453 1889 3524 πρότερον,

310 3540 387 3604 ὡς
418 3539 567 3621 αὑτῷ
598 3542 774 3596 δοκεῖν
804 3544 869 3596 ὲκ
903 3542 1124 3614 πρώτης
1146 3542 1224 3613 τῷ
1260 3542 1424 3613 κοινῷ
1466 3543 1684 3614 Σωτῆρι
1711 3543 1891 3615 μεμά-

311 3630 604 3701 θητεῦσοαι
626 3648 639 3663 ·
683 3630 825 3685 οὕτω
862 3632 919 3685 δὲ
941 3631 1020 3703 τῷ
1053 3631 1327 3703 ἀξιώματι
1372 3630 1639 3703 βασιλικῷ
1667 3649 1891 3704 τετιμη-

310 3719 465 3785 κότα,
494 3720 571 3785 ὡς
589 3722 647 3775 ὲν
674 3721 875 3776 άπασιν
895 3721 1094 3789 ἔθνεσι,
1122 3722 1219 3776 καὶ
1239 3721 1369 3793 παρ’
1389 3723 1573 3786 αὐτοῖς
1594 3724 1705 3787 τοῖς
1728 3740 1891 3794 στρα-

309 3814 580 3875 τιωτικοϊς
624 3813 921 3883 τάγμασιν,
953 3814 1313 3884 Αὐγούσταν
1343 3812 1642 3877 βασιλίδα
1692 3814 1889 3882 άναγο-

315 3899 592 3971 ρεύεσθαι,
624 3906 846 3972 χρυσοῖς
881 3921 939 3957 τε
971 3904 1271 3975 νομίσμασι
1301 3902 1397 3957 καὶ
1418 3901 1516 3973 τὴν
1540 3901 1712 3973 αὐτῇς
1732 3904 1891 3956 ὲκτυ-

312 3996 544 4053 πούσθαι
569 3996 773 4051 εἰκόνα.
810 4015 830 4049 ι

458 4257 570 4314 Τοῦ
601 4256 789 4313 αὐτοῦ
824 4255 1105 4326 τετάρτου
1136 4256 1346 4326 λόγου,
1391 4256 1605 4325 κεφαλ.
1637 4254 1746 4321 ἔθ’.

232 4402 257 4417 _.
282 4372 287 4420 ξ
386 4370 406 4403 ι
439 4351 504 4403 Οἱ
524 4349 581 4404 δὲ
611 4349 712 4420 τὴν
733 4347 980 4419 βασιλίδα
1004 4347 1157 4401 πόλιν
1182 4345 1475 4413 οἰκοῦντες,
1498 4345 1638 4417 αύτῇ
1666 4348 1733 4417 τῇ
1756 4362 1887 4415 συγ-

1993 3182 2188 3238 honori
2226 3183 2465 3251 plurimo
2506 3182 2673 3253 digna
2721 3180 2845 3248 fuit,
2879 3191 2995 3236 tum
3034 3189 3259 3253 propter
3296 3182 3579 3239 excellen-

1996 3280 2103 3328 tem
2125 3279 2181 3327 et
2212 3273 2596 3328 admirabilem
2633 3272 2877 3343 plantam
2914 3273 3067 3328 illam
3098 3286 3268 3343 quam
3299 3287 3367 3329 ex
3392 3289 3451 3329 se
3480 3287 3576 3343 ge-

1992 3363 2144 3427 nuit;
2186 3377 2356 3432 quem
2387 3362 2629 3432 quidem,
2662 3377 2789 3417 cum
2827 3363 3092 3420 omnibus
3124 3363 3249 3419 aliis
3274 3361 3343 3419 de
3370 3364 3577 3429 causis,

1991 3462 2106 3508 tum
2140 3452 2211 3506 ob
2239 3453 2361 3522 ejus
2387 3466 2517 3523 erga
2544 3461 2782 3507 matrem
2813 3454 3072 3523 pietatem
3115 3454 3337 3509 beatum
3380 3454 3579 3524 praedi-

1991 3557 2121 3599 care
2150 3543 2457 3599 debemus:
2510 3543 2718 3614 quippe
2761 3545 2859 3614 qui
2911 3544 3082 3611 illam,
3116 3559 3239 3599 cum
3275 3544 3372 3600 Dei
3403 3546 3577 3601 cultui

1991 3632 2207 3690 addicta
2232 3634 2385 3704 prius
2414 3649 2525 3688 non
2555 3641 2722 3699 esset,
2758 3635 2842 3691 sic
2871 3635 3193 3705 religiosam
3225 3634 3484 3703 reddidit,
3518 3648 3578 3692 ut

1991 3739 2021 3780 a
2053 3725 2313 3796 primaeva
2351 3731 2514 3780 astate
2566 3739 2599 3779 a
2648 3727 2931 3781 communi
2983 3727 3233 3782 omnium
3293 3726 3580 3784 Salvatore

1988 3816 2203 3872 erudita
2232 3815 2531 3871 videretur.
2559 3814 2736 3886 Ipsam
2761 3816 2983 3873 demum
3018 3818 3375 3889 imperatoria
3402 3818 3580 3890 digni-

1989 3912 2101 3959 tate
2130 3905 2530 3968 cohonestavit,
2562 3914 2624 3960 ut
2669 3907 2812 3976 apud
2848 3921 3040 3964 omnes
3069 3915 3262 3978 gentes
3285 3950 3301 3976 ,
3358 3922 3576 3965 necnon

1990 3993 2133 4065 apud
2153 3995 2415 4065 ipsasmet
2431 3997 2668 4052 militum
2696 3996 2976 4064 cohortes,
3005 4000 3319 4067 imperatria:
3337 3999 3578 4072 Augusta

1989 4085 2458 4157 proclamaretur,
2487 4086 2777 4158 imagoque
2810 4087 2934 4157 ejus
2963 4087 3215 4145 nummis
3243 4088 3430 4145 aureis
3468 4089 3576 4144 im-

1990 4177 2338 4249 primeretur.
2383 4196 2404 4230 ι
2482 4226 2485 4229 ι

2346 4267 2602 4338 Ejusdem
2630 4283 2697 4323 ea:
2729 4267 2866 4323 libro
2895 4283 2970 4335 Iv,
3002 4284 3120 4339 cap.
3155 4267 3246 4325 69.

2069 4379 2087 4411 ι
2122 4358 2226 4426 Qui
2278 4375 2409 4415 vero
2452 4361 2645 4416 urbem
2677 4360 2883 4432 regiam
2923 4359 3263 4428 incolebant,
3307 4375 3417 4417 una
3450 4375 3575 4419 cum

284 4414 293 4515 ι
313 4442 497 4514 κλήτῳ
527 4441 621 4495 καὶ
652 4414 810 4512 δήμῳ
863 4440 1149 4510 Ῥωμαίων
1174 4480 1188 4506 ,
1239 4439 1313 4503 ὡς
1345 4438 1461 4524 τὴνῖ
1486 4414 1750 4524 {nothi-59';
1795 4440 1890 4491 ἐπ-

2000 4414 2192 4506 εεηοῖιι
2221 4452 2535 4523 populoque
2564 4414 2838 4519 Itomaiio,
2872 4452 2963 4510 ubi
2998 4414 3263 4523 primum.

290 4510 293 4571 Ϊ
314 4510 559 4602 έγν-ωσαν
580 4510 835 4600 τελευτὴν
861 4574 877 4599 ,
914 4532 1060 4603 δεινῇ
1107 4531 1204 4585 καὶ¹
1247 4533 1427 4602 πάσης
1456 4510 1760 4601 ᾖσυμφιῲόῖς
1791 4530 1893 4583 ὲπ-

314 4626 497 4680 έκεινα
523 4629 589 4696 τῇ
621 4626 758 4696 ἀκοῇ
790 4624 1085 4695 δεδεμένοι,
1108 4624 1303 4685 πένθος
1332 4623 1558 4693 ἄσχετον
1588 4620 1890 4675 ἐποιοῦντο.

272 4788 275 4793 Ι
316 4720 531 4790 Aous-pi
558 4719 613 4772 δὲ
641 4718 994 4772 ἁπεκλείοντο
1014 4718 1108 4770 καὶ
1127 4717 1342 4787 ἀγοραὶ,
1368 4715 1638 4788 πάνδημοι
1658 4733 1719 4769 τε
1749 4714 1890 4780 θέαι,

242 4800 281 4819 ω
317 4811 412 4863 καὶ
450 4811 626 4865 πάντα
662 4810 763 4863 ὅσα
796 4810 887 4862 ἐπὶ
914 4808 1165 4881 ῥᾳστώνῃ
1193 4809 1307 4879 βίου
1334 4811 1447 4875 τοῖς
1468 4808 1893 4879 εύθυμουμένοις

314 4902 575 4972 πράττειν
607 4901 728 4966 ἔθος
763 4898 852 4973 ἦν.
889 4903 1169 4971 Καττλφείς
1211 4901 1267 4954 δὲ
1322 4901 1371 4954 οἱ
1401 4900 1565 4955 πάλαι
1602 4900 1886 4971 τρυφηλοὶ,

315 4992 415 5055 τὰς
451 4992 707 5064 προόδους
740 4994 1019 5047 ἐποιοῦντο
1040 5008 1053 5022 ο
1104 4994 1238 5063 ὁμοῦ
1263 5011 1321 5047 τε
1354 4994 1556 5057 πάντες
1588 4993 1680 5047 τὸν
1711 4995 1889 5064 μακά-

318 5100 433 5155 ριον
480 5085 851 5156 ἀνευφήμουν,
901 5085 993 5139 τὸν
1029 5084 1273 5153 θεοφιλῆ,
1311 5085 1403 5139 τὸν
1447 5083 1522 5147 ὼς
1551 5084 1764 5156 ἀληθῶς
1793 5084 1892 5153 τῆς

417 5265 462 5298 ⁸²
499 5263 712 5320 lnvect.
741 5264 959 5333 t,p.95.
1035 5263 1080 5296 ”
1107 5263 1209 5318 Job
1258 5279 1295 5327 ι,
1335 5262 1426 5318 22.

1992 4541 2075 4599 ris
2112 4543 2321 4597 obitum
2356 4554 2707 4615 acceperunt,
2734 4545 2932 4602 acerbo
2960 4551 3017 4600 et
3043 4544 3239 4616 quavis
3262 4544 3578 4601 calamitate

1995 4633 2234 4705 graviori
2260 4636 2456 4690 nuntio
2484 4637 2750 4706 perculsi,
2784 4638 2995 4692 nullum
3026 4636 3201 4693 luctui
3224 4637 3448 4692 modum
3478 4653 3576 4708 po-

1994 4730 2243 4778 suerunt.
2278 4722 2495 4780 Balnea:
2538 4732 2593 4780 et
2624 4726 2744 4780 lora
2773 4726 2957 4782 clausa
3004 4735 3154 4790 sunt,
3186 4726 3404 4797 publica
3434 4742 3576 4796 quo-

1992 4826 2104 4881 que
2144 4813 2483 4881 spectacula,
2507 4820 2561 4869 et
2587 4828 2933 4884 quaecunque
2959 4814 3216 4870 homines
3255 4815 3371 4868 otio
3399 4813 3571 4869 dediti

1994 4912 2047 4957 et
2073 4902 2233 4971 genio
2267 4903 2612 4975 indulgentes
2646 4906 2957 4960 consectari
3007 4906 3209 4972 solent,
3254 4903 3573 4961 intermissa

1997 5003 2144 5049 sunt.
2185 4995 2291 5061 Qui
2327 5004 2453 5051 ante
2500 4998 2555 5051 in
2607 4996 2821 5054 deliciis
2868 4996 3250 5062 versabantur,
3310 4994 3464 5065 vultu
3500 4995 3567 5067 in

1997 5096 2198 5143 terram
2235 5088 2472 5153 demisso
2504 5090 2763 5147 incedere
2792 5105 3011 5163 unaque
3041 5103 3230 5148 omnes
3270 5098 3406 5143 voce
3439 5084 3569 5140 bea-

1612 5354 1849 5413 VARUE
1882 5355 2290 5413 LECTIONES.

389 5486 420 5519 ι
448 5472 613 5534 Deest
650 5490 755 5531 vox
782 5474 1081 5545 διέτρεχεν,
1117 5491 1180 5531 ex
1214 5474 1452 5530 Eusebio
1485 5475 1827 5545 supplenda.

1830 5583 2060 5639 NOT/E.

392 5705 505 5777 (3i)
543 5704 600 5762 S.
655 5705 1035 5777 Chrysostomi
1096 5706 1476 5761 commentarii
1513 5705 1568 5760 in
1628 5703 1729 5761 Job
1778 5703 2081 5776 fragmenta
2107 5708 2324 5759 exstant
2356 5701 2410 5756 in
2439 5709 2641 5759 catena
2672 5700 2845 5758 Iunii.
