3986 6346
316 282 452 349 1381

1419 285 1516 347 DE
1550 279 2010 345 IMAGINIBUS
2039 280 2322 341 ORATIO
2362 282 2476 342 III.

3435 287 3570 355 1382

311 373 420 451 Ἐκ
446 413 552 452 του
574 395 900 465 μαρτυρίου
923 392 1029 448 τοῦ
1052 395 1224 465 ἁγίου
1250 395 1609 461 Εὑσταθίου,
1646 395 1751 450 τοῦ
1792 394 1884 448 καὶ

2087 389 2169 444 Ea:
2200 391 2455 460 martyrio
2488 392 2657 445 sancti
2689 389 2977 459 Eustathii,
3004 393 3092 462 qui
3118 403 3166 448 et
3202 393 3473 458 Placidas.

946 465 1141 517 Πλακί
1143 464 1238 519 δα.

387 571 409 608 ι
463 554 800 621 Ἐξελθόντος
836 553 1001 608 αὐτοῦ
1034 557 1092 610 ἐν
1129 558 1230 628 μιᾷ
1258 556 1442 630 ἡμέρᾳ
1484 557 1625 613 κατά
1674 557 1735 612 τὸ
1766 558 1888 611 σύν-

310 646 442 720 ηθες
504 645 595 700 ἐπὶ
628 643 698 699 τὰ
752 645 852 719 δρη
886 646 1152 719 θηρεῦσαι
1203 649 1341 720 μετά
1370 648 1463 702 τοῦ
1496 650 1885 722 στρατοπέδου,

312 740 407 793 ml
438 737 619 809 πάσης
640 737 739 808 τῆς
763 737 1077 809 θεραπείας,
1111 740 1266 810 ὥφθη
1291 740 1439 812 αὐτῷ
1474 743 1644 816 ἀγέλη
1672 743 1888 813 ἐλάφων

314 830 640 901 βοσκομένη.
669 830 777 883 Καὶ
792 830 1089 901 διαστήσας
1105 832 1246 885 κατά
1271 832 1333 886 τὸ
1361 832 1590 904 σύνηθες
1610 835 1702 887 τὸν
1723 850 1888 906 στραο

309 921 419 987 τὸν,
453 920 689 974 ἐποιεῖτο
715 920 818 990 τὴν
862 921 981 975 κατ’
1013 921 1192 976 αὐτῶν
1228 920 1430 988 δίωξιν.
1474 920 1684 986 Παντὸς
1710 921 1764 977 δὲ
1792 924 1886 978 τοῦ

314 1009 545 1081 στρατοῦ
572 1010 664 1063 ἐπὶ
690 1009 789 1081 τὴν
810 1010 1071 1081 σύλληψιν
1099 1012 1497 1084 ἀσχολουμένου
1522 1014 1630 1068 τῶν
1651 1014 1885 1083 ἐλάφων,

311 1103 338 1156 ό
365 1100 911 1173 ὑπερμεγεθέστατος
940 1102 1121 1175 πάσης
1151 1105 1249 1175 τῆς
1305 1105 1527 1177 ἀγέλης,
1561 1107 1655 1161 καὶ
1684 1107 1888 1161 εὐειδέ-

311 1211 525 1259 στατος,
554 1194 931 1259 ἀποσπασθεὶς
980 1195 1079 1266 τῆς
1113 1196 1338 1267 ἀγέλης,
1369 1198 1599 1269 ὥρμησε
1624 1199 1763 1253 κατά
1795 1198 1887 1253 τοῦ

308 1283 514 1356 δρυμοῦ
549 1285 740 1349 ἐντοῖς
770 1285 1084 1356 δασυτέροις
1112 1287 1297 1351 τόποις
1328 1290 1427 1359 τῆς
1456 1289 1609 1360 ὕλης,
1651 1291 1746 1344 καὶ
1766 1290 1890 1344 δυσ-

308 1375 497 1439 ϐάτοις
540 1374 780 1446 χωρίοις.
847 1379 945 1429 Ὃν
993 1376 1330 1448 θεασάμενος
1369 1379 1397 1430 ὁ
1445 1379 1738 1448 Πλακίδας,
1794 1388 1889 1437 καὶ

307 1465 661 1535 ἐπιθυμήσας
682 1465 1069 1521 συλλαϐεῖσθαι
1101 1468 1285 1532 αὑτὸν,
1317 1471 1632 1526 καταλιπὼν
1657 1474 1889 1542 πάντας,

309 1557 428 1624 μετ’
450 1551 646 1621 ὀλίγων
685 1554 1035 1625 στρατιωτῶν
1077 1558 1406 1613 κατεδίωκεν
1441 1562 1623 1617 αὐτόν.
1674 1564 1891 1634 ’Λτονη-

307 1647 518 1698 σάντων
548 1644 607 1697 δέ
656 1644 769 1699 τῶν
826 1646 1117 1711 συνόντων,
1152 1649 1314 1718 μόνος
1354 1652 1786 1724 προσεκαρτέρει
1819 1656 1884 1725 τῇ

2065 561 2082 595 ι
2121 543 2255 598 Cum
2298 543 2388 599 die
2441 542 2725 613 quodam,
2784 543 2851 598 de
2897 552 3162 599 consueto
3211 560 3387 610 more,
3441 562 3565 604 cum

1988 636 2237 690 exercitu
2309 634 2679 705 univcrsoque
2727 633 3056 689 famulorum
3108 644 3256 691 coetu
3310 648 3567 695 venatum

1987 725 2242 792 exiisset,
2306 741 2597 781 cervorum
2652 726 2994 797 pascentium
3044 729 3397 797 conspicatus
3449 746 3571 803 grc-

1988 834 2133 890 gem,
2163 819 2415 874 exercitu
2448 820 2500 872 in
2539 826 2651 875 tres
2684 827 2890 890 partes,
2926 818 3004 873 uti
3038 820 3272 886 solebat,
3302 821 3570 877 distribu-

1991 919 2070 977 to,
2098 926 2195 969 eos
2223 910 2623 966 insectabatur.
2655 909 2728 964 At
2757 924 2880 965 cum
2914 910 3028 965 illis
3066 910 3348 981 capiendis
3389 912 3571 969 inten-

1989 1012 2077 1057 tus
2105 1010 2251 1057 esset
2272 1002 2573 1067 exercitus,
2609 1002 2701 1056 illc
2736 1002 2830 1071 qui
2872 1002 2928 1055 in
2975 1002 3290 1058 universum
3323 1019 3567 1075 gregem,

1990 1101 2107 1147 tum
2156 1093 2510 1163 proceritate,
2570 1101 2683 1146 tum
2736 1091 2914 1147 forma
2948 1092 3245 1158 eminebat,
3277 1109 3307 1149 a
3338 1096 3569 1165 reliquis

1988 1185 2298 1250 discedens,
2331 1201 2428 1256 per
2458 1186 2793 1241 densissima
2846 1187 2999 1242 silva:
3032 1195 3421 1260 praeruptaque
3445 1190 3593 1245 loca‘

1990 1278 2046 1333 in
2078 1294 2272 1335 nemus
2299 1278 2556 1349 prosiliit.
2595 1277 2752 1333 llunc
2784 1277 3034 1335 Placidas
3076 1282 3382 1348 contuitus,
3413 1282 3566 1353 ejus-

1990 1386 2096 1440 que
2155 1370 2660 1441 comprehendendi
2724 1371 3003 1427 desiderio
3060 1386 3372 1442 accensus,
3437 1388 3566 1430 cum

1989 1462 2254 1518 militibus
2279 1462 2495 1532 paucis,
2534 1462 2753 1517 caeteris
2785 1462 3044 1518 omnibus
3073 1463 3304 1529 relictis,
3348 1466 3568 1522 insecu-

1992 1560 2079 1608 tus
2106 1560 2211 1607 est.
2239 1550 2358 1606 Jam
2382 1550 2517 1607 socii
2535 1551 2920 1608 deﬁcientibus
2944 1551 3155 1607 viribus
3176 1554 3564 1622 constiterant,

1992 1658 2115 1699 cum
2143 1645 2299 1700 solus
2330 1643 2450 1715 ipse
2489 1642 2871 1714 persequendo
2905 1653 3308 1714 perseveraret,
3345 1646 3565 1702 divina-

304 1734 504 1801 διώξει,
532 1735 673 1790 κατὰ
704 1735 959 1807 πρόνοιαν
978 1736 1035 1790 δὲ
1059 1737 1216 1803 Θεοῦ,
1248 1740 1387 1811 μήτε
1407 1741 1502 1794 τοῦ
1525 1742 1691 1796 ἵππου
1720 1744 1883 1797 αὐτοῦ

1989 1750 2095 1806 que
2154 1734 2356 1790 factum
2413 1734 2757 1804 providentia
2809 1744 2914 1799 CSl,
2964 1743 3024 1788 ut
3070 1749 3171 1790 nec
3210 1750 3422 1806 equus,
3462 1751 3566 1794 nec

304 1826 686 1896 ἀτονήσαντος,
720 1826 856 1899 μήτε
887 1827 1052 1882 αὑτοῦ
1103 1830 1240 1901 πρὸς
1290 1830 1390 1903 τὴν
1440 1832 1760 1907 δυσχέρειαν
1789 1836 1883 1889 τοῦ

305 1919 471 1972 τόπου
502 1918 939 1990 ἀποκνήσαντος,
971 1921 1065 1975 ἐπὶ
1099 1923 1235 1976 πολὺ
1263 1924 1636 1995 καταδιώκων,
1664 1930 1883 2000 μακράν

305 2009 507 2080 εὑρέθη
536 2010 631 2063 τοῦ
658 2012 1022 2083 στρατοπέδου
1054 2014 1241 2069 αὑτοῦ.
1272 2016 1331 2069 '0
1357 2016 1414 2069 δὲ
1438 2016 1635 2088 ἔλαφος
1664 2018 1883 2090 ἔφευγε,

305 2101 511 2165 ἐκεῖνος
544 2101 601 2156 δὲ
651 2102 989 2174 παραλαϐὼν
1021 2104 1334 2177 ἀκρώρειαν
1378 2106 1605 2179 πέτρας,
1658 2109 1883 2181 μηδενὸς

308 2192 559 2257 συνόντος
590 2193 759 2265 αὐτῷ,
791 2194 920 2267 ἔστη
953 2196 1305 2266 περισκοπῶν
1343 2198 1638 2266 πάντοθεν,
1663 2201 1760 2255 καὶ
1793 2203 1883 2253 ἐν-

307 2284 443 2337 νοῶν
476 2284 612 2354 ποίῳ
644 2287 830 2358 τρόπῳ
858 2285 1093 2358 λάϐηται
1112 2290 1210 2359 τῆς
1253 2288 1454 2359 ἐλάφου
1477 2306 1491 2320 ·
1529 2289 1642 2343 ἀλλ’
1685 2293 1713 2344 ὁ
1750 2292 1883 2347 πάν-

308 2391 469 2443 σοφος
507 2377 603 2429 καὶ
631 2378 931 2448 οἰκτίρμων
950 2378 1102 2445 Θεὸς,
1135 2381 1163 2433 ὁ
1194 2380 1455 2444 παντοίας
1486 2381 1639 2444 όδοὺς
1667 2382 1760 2434 ἐπὶ
1782 2399 1885 2435 σω-

303 2466 470 2537 τηρῐᾳ
493 2468 603 2521 τῶν
631 2469 934 2539 ἀνθρώπων
956 2470 1252 2542 ἐπινοήσας
1270 2510 1285 2536 ,
1319 2472 1664 2543 ἀντιθηρεύει
1696 2474 1884 2528 τοῦτον

304 2558 363 2610 ἐν
383 2560 450 2629 τῇ
481 2557 623 2630 θήρᾳ
645 2575 658 2591 ο
693 2560 790 2631 οὐχ
818 2560 890 2625 ὼς
925 2561 1226 2632 Κορνήλιον
1256 2563 1347 2617 διὰ
1378 2563 1607 2635 Πέτρου,
1645 2565 1760 2619 ἀλλ’
1808 2566 1884 2630 ὼς

307 2648 518 2702 Παῦλον
539 2648 825 2714 διώκοντα,
843 2650 932 2703 διὰ
948 2652 1047 2720 τῆς
1070 2652 1203 2715 ιδίας
1227 2652 1570 2722 ἐπιφανείας.
1605 2655 1729 2708 Ἐπὶ
1749 2656 1882 2709 πολὺ

305 2740 362 2793 δὲ
388 2742 623 2805 ἑστῶτος
649 2742 743 2795 τοῦ
772 2743 1036 2809 Πλακίδα,
1069 2745 1165 2798 καὶ
1195 2746 1535 2810 ἀτενίζοντος
1567 2747 1668 2818 μὲν
1693 2749 1773 2811 εἰς
1794 2748 1883 2802 τὸν

304 2832 519 2902 ἔλαφον,
545 2832 919 2903 θαυμάζοντος
957 2833 1014 2887 δὲ
1046 2834 1212 2889 αὑτοῦ
1245 2835 1307 2889 τὺ
1342 2836 1593 2907 μέγεθος,
1622 2838 1717 2891 καὶ
1740 2838 1885 2909 ἀμη-

305 2925 593 2997 χανοῦντος
623 2926 752 2996 περ)⁸
779 2925 879 2996 τὴν
905 2925 1186 2996 σύλληψιν,
1218 2926 1459 2981 δείκνυσι
1490 2930 1694 2999 Κύριος
1722 2929 1884 3001 τερά-

307 3019 454 3073 στιόν
482 3037 536 3073 τι
568 3018 829 3084 τοιοῦτον,
862 3020 964 3073 οὐκ
991 3020 1238 3084 ἀπεικὸς,
1266 3020 1387 3073 οὐδὲ
1414 3021 1742 3092 ύπερὸαῖνον
1781 3024 1883 3094 τῆς

306 3109 471 3164 αὐτοῦ
493 3109 780 3180 δυνάμεως
805 3082 867 3164 τὸ
910 3110 1141 3180 μέγεθος
1167 3082 1207 3141 ’ἡ
1237 3110 1355 3165 ἀλλ’
1399 3082 1586 3184 ὥσπερ
1640 3112 1734 3164 ἐπὶ
1785 3082 1878 3166 τοῦ
1906 3082 1950 3142 C

305 3200 536 3271 Βαλαὰμ
556 3199 714 3270 λόγον
741 3199 917 3265 ἐνθεὶς
950 3202 1016 3272 τῇ
1051 3201 1178 3272 δνῳ,
1210 3201 1436 3273 ἦλεγξεν
1457 3203 1622 3258 αὐτοῦ
1647 3202 1747 3275 τὴν
1768 3204 1883 3259 διά-

305 3306 478 3355 νοιαν,
512 3288 655 3343 οὓτω
711 3289 806 3344 ml
851 3288 1083 3343 ἐνταῦθα
1129 3290 1368 3346 δείκνυσι
1394 3294 1588 3362 τούτῳ.
1627 3292 1753 3347 Ἐπὶ
1782 3293 1882 3365 μὲν

305 3380 551 3453 κεράτων
574 3378 669 3434 τοῦ
709 3378 913 3449 ἐλάφου
956 3380 1050 3433 τὸν
1094 3381 1264 3434 τύπον
1292 3381 1387 3435 τοῦ
1426 3382 1584 3450 ἁγίου
1620 3384 1877 3456 σταυροῦ,

308 3470 448 3541 ὑπὲρ
478 3470 578 3541 τὴν
609 3470 971 3543 λαμπρότητα
989 3470 1084 3526 τοῦ
1119 3471 1270 3542 ἡλίου
1302 3471 1608 3542 λάμποντα,
1635 3474 1799 3543 μέσον
1823 3475 1880 3528 δὲ

304 3562 413 3617 τῶν
438 3563 685 3633 κεράτων
709 3561 806 3635 τὴν
830 3564 1015 3618 εἰκόνα
1061 3563 1157 3616 τοῦ
1189 3562 1450 3635 θεοφόρου
1506 3562 1778 3636 σώματος,
1817 3560 1880 3621 οῦ

304 3651 393 3705 διὰ
428 3652 527 3722 τὴν
569 3652 846 3723 ἡμετέραν
880 3652 1155 3724 σωτηρίαν
1201 3653 1493 3709 ἀναλαϐεῖν
1533 3655 1877 3724 κατεδέξατο,

310 3743 402 3797 καὶ
427 3743 611 3814 φωνὴν
639 3743 987 3815 ἀνθρωπίνην
1014 3743 1190 3808 ἐνθεὶς
1226 3748 1293 3816 τῇ
1320 3746 1527 3819 ἐλάφῳ,
1550 3747 1881 3819 προσκαλεί-

305 3852 396 3889 ται
422 3833 513 3888 τὸν
550 3835 820 3889 Πλακίδαν
838 3874 855 3902 ,
915 3834 1117 3905 λέγων’
1146 3831 1216 3889 Ὦ
1245 3838 1517 3901 Πλακίδα,
1545 3839 1599 3893 τί
1657 3857 1724 3912 με
1753 3840 1878 3896 διώ-

307 3943 462 3993 κεις;
495 3926 602 3980 ἰδοὺ
637 3925 821 3979 ἕνεκέν
848 3944 939 3979 σου
973 3927 1178 3998 παρῆν,
1214 3929 1309 3981 καὶ
1338 3930 1394 3982 ἐν
1435 3929 1513 4001 τῷ
1548 3929 1672 4003 ζώῳ
1702 3933 1879 4005 τούτῳ

305 4017 494 4087 ὤφθην
527 4034 628 4071 σοι.
668 4016 810 4086 Ἐγώ
846 4018 963 4088 εἰμι
1007 4018 1215 4090 Ἰησοῦς
1247 4021 1275 4072 ό
1302 4021 1557 4092 Χριστὸς,
1591 4023 1651 4076 ὃν
1669 4026 1878 4094 ἀγνοῶν

308 4109 460 4179 σέϐῃ.
490 4109 556 4161 Ai
585 4108 694 4181 γὰρ
725 4109 965 4164 εὐποιίαι
986 4126 1103 4177 σου,
1125 4111 1192 4175 ἀς
1227 4111 1291 4165 σὺ
1316 4116 1490 4178 ποιεῖς
1516 4116 1595 4179 εἰς
1627 4116 1751 4180 τοὺς
1771 4118 1881 4172 δεο-

307 4199 523 4269 μένους,
555 4200 906 4270 παρέστησαν
939 4200 1169 4255 ὲνώπιόν
1202 4220 1305 4273 μου
1326 4244 1339 4269 ,
1378 4206 1470 4258 ml
1493 4201 1656 4277 ἦλθον
1700 4209 1879 4281 ἐμφα-

306 4288 451 4342 νίσαι
487 4304 571 4341 σοι
608 4287 844 4358 ἐμαυτὸν
873 4288 961 4342 διὰ
998 4288 1093 4343 τοῦ
1118 4290 1316 4360 ἐλάφου
1346 4291 1560 4359 τούτου,
1584 4294 1678 4347 καὶ
1724 4296 1877 4349 ἀντι-

305 4379 587 4451 ζωγρῆσαί
619 4396 701 4445 σε,
750 4380 844 4433 καὶ
895 4383 1112 4452 συσχεῖν
1137 4383 1250 4445 τοῖς
1286 4383 1523 4448 δικτύοις
1549 4385 1647 4456 τῆς
1686 4387 1873 4457 φιλαν-
1898 4419 1950 4480 D

306 4469 553 4543 θρωπίας
602 4487 727 4540 μου.
758 4472 831 4526 Οὐ
866 4472 969 4543 γάρ
1001 4474 1117 4528 ἐστι
1153 4474 1383 4539 δίκαιον,
1431 4476 1525 4531 τὸν
1553 4478 1677 4548 ἐμολ⁵
1706 4496 1875 4551 προσ-

306 4561 438 4633 φιλῆ
480 4561 568 4617 διὰ
618 4561 729 4616 τῶν
777 4563 999 4631 ἀγαθῶν
1050 4564 1249 4635 ἔργων,
1303 4566 1574 4622 δουλεύειν
1626 4569 1877 4641 δαίμοσιν

307 4649 638 4722 ἀκαθάρτοις
666 4651 760 4706 καὶ
783 4651 1023 4717 εἰδώλοις
1044 4657 1256 4724 νεκροῖς
1280 4657 1377 4710 καὶ
1399 4660 1620 4727 κωφοῖς.
1646 4659 1746 4714 Διά
1768 4662 1877 4733 γὰρ

305 4737 465 4794 τοῦτο
490 4737 653 4813 ἦλθον
684 4744 778 4797 ἐπὶ
804 4744 907 4813 γῆς
936 4747 994 4798 ἐν
1023 4744 1101 4816 τῷ
1128 4745 1258 4800 εἴδει
1286 4750 1481 4821 τούτῳ,
1521 4744 1566 4819 ᾧ
1593 4751 1687 4807 νῦν
1721 4755 1875 4826 δρᾷς,

309 4833 480 4890 σῶσαι
509 4836 679 4892 θέλων
710 4838 773 4892 τὸ
799 4837 907 4893 τῶν
930 4839 1234 4910 ἀνθρώπων
1273 4844 1448 4911 γένος.
1498 4864 1518 4897 ι
1581 4837 1593 4847 ’

260 5165 267 5168 ν
310 5092 425 5152 Τοῦ
446 5096 620 5169 ἁγίου
640 5101 925 5178 Λεοντίου
944 5104 1306 5178 ⁸ιγεαίντότλεως
1329 5104 1437 5173 τῆς
1460 5106 1741 5175 Κυπρίων
1770 5110 1869 5178 νή,

586 5185 724 5237 σου,
753 5172 897 5237 πρὸς
944 5172 1293 5240 Ἰουδαίους,
1319 5182 1361 5228 ε’
1388 5172 1594 5247 λόγου.

382 5274 403 5309 r
446 5257 582 5331 Φέρε
631 5259 694 5330 δὴ
745 5261 950 5326 λοιπὸν,
992 5265 1130 5335 φέρε
1165 5267 1483 5338 προθύμως,
1519 5272 1612 5326 καὶ
1649 5274 1745 5346 τὴν
1778 5276 1874 5347 τῆς

308 5348 666 5415 ἐκτυπώσεως
690 5353 797 5405 τῶν
822 5357 1033 5410 σεπτῶν
1059 5360 1283 5413 εἰκόνων
1307 5363 1602 5433 ἀπολογίαν
1638 5370 1875 5439 ποιησώ-

309 5439 469 5506 μεθα,
500 5441 645 5505 ὅπως
680 5444 1038 5517 ἐμφρασθῶσι
1086 5450 1327 5521 στόματα
1370 5453 1607 5525 ἀνόμων,
1649 5458 1873 5513 λαλούν-

308 5545 415 5584 των
462 5529 649 5585 ἀδικασ
684 5535 880 5607 νομικὴ
919 5537 1027 5609 γὰρ
1056 5540 1194 5612 α’ύτη
1232 5543 1265 5613 ἡ
1295 5545 1613 5615 παράδοσις,
1646 5550 1738 5603 ml
1775 5553 1872 5623 οὐχ

380 5655 425 5688 ⁸⁸
443 5668 607 5725 Num.
636 5687 767 5741 xxn,
800 5674 890 5731 ΞΒ.

1986 1827 2220 1898 ipsemet
2257 1827 2553 1897 asperitate
2588 1826 2833 1880 locorum
2876 1823 3231 1892 fatiscerent;
3262 1835 3315 1881 et
3341 1842 3564 1882 cervum

1987 1918 2198 1975 diutius
2216 1917 2555 1988 adurgendo,
2588 1916 2778 1987 procul
2810 1932 2869 1971 se
2898 1917 2966 1972 ab
2995 1919 3240 1975 exercitu
3264 1920 3565 1977 recessisse

1986 2009 2149 2081 373
2204 2009 2610 2065 animadvertit.
2666 2008 2838 2063 Porro
2887 2008 3130 2079 fugiente
3190 2024 3377 2075 cervo,
3434 2025 3562 2065 cum

1986 2102 2174 2157 nullus
2202 2101 2465 2157 comitum
2512 2099 2753 2166 adesset,
2784 2107 2955 2169 petra:
2992 2101 3254 2156 verticem
3298 2116 3565 2157 conscen-

1986 2194 2087 2258 dit,
2143 2203 2258 2249 tum
2296 2192 2783 2262 circumaspicerc,
2817 2207 3118 2263 secumque
3163 2193 3427 2263 c0gitare,
3452 2208 3563 2264 quo

1984 2284 2205 2342 tandem
2238 2293 2398 2355 pacto
2436 2284 2674 2353 praedam
2709 2295 3066 2352 assequatur.
3103 2283 3173 2338 At
3213 2284 3563 2355 sapientissi-

1984 2392 2111 2433 mus
2159 2375 2736 2445 clementissimusque
2774 2372 2950 2439 Deus,
2986 2373 3079 2443 qui
3110 2374 3290 2430 nullas
3329 2391 3438 2430 non
3468 2391 3563 2431 cx-

1986 2467 2189 2539 cogitat
2237 2469 2374 2533 vias,
2411 2454 2615 2536 quibus
2656 2464 2721 2519 ad
2770 2466 3005 2519 salutem
3052 2463 3307 2520 homines
3358 2466 3561 2530 ducat,

1986 2558 2135 2613 hunc
2186 2558 2241 2611 in
2294 2557 2528 2627 ipsumet
2579 2555 2871 2611 venatione
2928 2563 3160 2609 venatur
3208 2574 3221 2610 :
3264 2571 3372 2610 non
3418 2555 3563 2611 Petri

1986 2664 2181 2720 opera;
2215 2657 2277 2702 ut
2324 2649 2453 2702 olim
2491 2648 2834 2713 Cornelium,
2866 2648 3042 2718 magis
3079 2656 3261 2703 autem
3302 2648 3384 2702 uti
3430 2663 3563 2717 per-

1986 2748 2292 2796 secutorem
2320 2737 2573 2803 Paulum,
2602 2739 2818 2809 objecta
2844 2755 2943 2795 sua
2978 2739 3184 2809 specie.
3216 2737 3404 2809 Itaque
3432 2754 3563 2794 con-

1985 2832 2199 2886 sistenti
2233 2832 2325 2885 diu
2352 2830 2605 2897 Placidm,
2632 2834 2893 2901 cervique
2922 2830 3307 2900 proceritatem
3334 2831 3563 2889 intentis

1985 2922 2162 2977 oculis
2193 2920 2508 2986 demiranti,
2545 2936 2669 2976 cum
2705 2920 2855 2977 illius
2892 2920 3144 2991 capiendi
3180 2921 3329 2977 nulla
3354 2924 3440 2977 via
3465 2937 3562 2977 oc-

1986 3023 2255 3080 curreret,
2311 3012 2590 3083 ejusmodi
2651 3019 2969 3083 portentum
3034 3012 3295 3069 Dominus
3368 3012 3561 3080 edidit,

1982 3103 2127 3175 quod
2156 3103 2378 3174 quidem
2412 3104 2547 3158 nihil
2576 3104 2831 3160 absimile
2858 3105 2972 3160 veri
2993 3115 3097 3172 est,
3131 3118 3231 3159 nec
3262 3104 3435 3174 ipsius
3460 3120 3561 3175 po-

1982 3197 2167 3252 tentia:
2199 3197 2633 3267 magnitudinem
2673 3197 2908 3253 excedit.
2945 3195 3074 3263 Sed,
3097 3199 3561 3268 quemadmodum

1982 3286 2155 3342 asina:
2187 3286 2405 3341 Balaam
2460 3286 2716 3356 loquendi
2771 3287 2944 3343 indita
2975 3286 3235 3343 facultate
3273 3289 3343 3357 ⁸⁵,
3371 3303 3437 3344 ea
3468 3303 3562 3343 ar-

1980 3380 2119 3450 guit,
2154 3394 2275 3448 quae
2306 3386 2459 3433 vates
2491 3380 2676 3433 animo
2707 3381 2985 3446 versabat,
3018 3381 3311 3437 consimile
3351 3381 3559 3452 aliquid

1982 3478 2115 3524 tunc
2141 3470 2303 3522 etiam
2332 3467 2408 3522 illi
2450 3470 2798 3525 monstravit.
2823 3469 2879 3524 In
2904 3471 3049 3525 cervi
3075 3472 3335 3529 cornibus
3355 3481 3560 3530 sancta:

1982 3559 2163 3613 crucis
2199 3558 2318 3628 ipso
2351 3559 2465 3614 sole
2494 3558 2653 3629 longe
2679 3558 3068 3629 fulgentiorem
3109 3561 3363 3632 ﬁguram,
3394 3573 3558 3635 atque

1982 3650 2125 3705 inter
2152 3663 2361 3704 cornua
2392 3648 2563 3703 divini
2604 3648 2690 3705 sui
2727 3651 3005 3721 corporis,
3053 3654 3202 3723 quod
3234 3669 3334 3724 pro
3366 3664 3557 3713 nostra

1980 3741 2160 3797 salute
2192 3755 2414 3796 sumere
2459 3738 2720 3809 dignatus
2751 3748 2856 3808 est,
2899 3740 3127 3813 eﬂigiem
3153 3741 3433 3815 ostendit;
3470 3746 3557 3802 in-

1979 3832 2205 3902 ditaque
2239 3845 2403 3887 cervo
2437 3845 2572 3886 voce
2605 3830 2869 3901 humana,
2914 3833 3001 3889 his
3053 3832 3333 3891 Placidam
3369 3838 3554 3894 verbis

1979 3922 2276 3993 compellat
2316 3940 2329 3977 :
2366 3919 2508 3987 Quid
2559 3937 2647 3977 me
2704 3926 3090 3994 persequeris,
3148 3925 3413 3984 Placida‘l
3474 3930 3554 3987 En

1980 4014 2059 4069 tui
2089 4029 2259 4069 causa
2290 4013 2536 4080 aderam,
2580 4029 2779 4084 meque
2812 4016 2907 4071 tibi
2942 4016 3045 4072 hoc
3074 4018 3127 4071 in
3164 4020 3385 4076 animali
3418 4037 3553 4078 cou-

1980 4107 2320 4179 spiciendum
2355 4106 2580 4176 praebui.
2609 4106 2719 4175 Ego
2745 4123 2867 4164 sum
2900 4107 3062 4166 Jesus
3085 4109 3363 4180 Christus,
3392 4129 3553 4183 quem

1980 4202 2242 4272 ignorans
2272 4200 2428 4255 colis.
2458 4197 2574 4253 Tua
2606 4214 2737 4269 erga
2767 4214 3044 4270 pauperes
3094 4202 3271 4259 omcia
3318 4218 3555 4277 conspe-

1979 4294 2093 4348 ctui
2160 4306 2282 4348 meo
2317 4290 2610 4363 praesentia
2672 4290 2917 4347 luerunt.
2984 4292 3354 4360 Quamobrem
3408 4297 3554 4354 istuc

1979 4385 2123 4448 veni,
2157 4392 2210 4439 ut
2262 4399 2359 4453 per
2402 4384 2551 4440 hunc
2592 4399 2813 4441 cervum
2864 4403 2949 4442 me
3002 4388 3369 4457 patefacercm
3431 4392 3552 4459 tibi,

1977 4484 2138 4547 teque
2190 4476 2439 4532 vicissim
2492 4484 2696 4532 venatu
2745 4480 3290 4550 comprehenderem,
3339 4492 3394 4540 et
3440 4486 3556 4540 cle-

1977 4569 2195 4624 mentim
2234 4584 2366 4624 mere
2391 4569 2647 4640 indagine
2683 4570 2983 4644 cingerem.
3008 4572 3118 4629 Nec
3150 4575 3295 4631 enim
3335 4593 3550 4648 arquum

1977 4657 2165 4725 fuerit,
2202 4667 2261 4714 ut
2288 4675 2449 4730 quem
2477 4660 2546 4716 ob
2585 4671 2737 4718 recte
2772 4665 3050 4734 probeque
3084 4664 3227 4721 facta
3259 4666 3450 4739 diligo,
3505 4670 3552 4726 is

1978 4753 2323 4810 dmmonibus
2357 4754 2614 4823 impuris,
2665 4756 3007 4827 mortuisque
3040 4764 3095 4811 et
3144 4757 3332 4815 surdis
3372 4760 3551 4815 simu~

1979 4844 2146 4900 lacris
2190 4845 2413 4901 serviat.
2461 4843 2672 4901 Idcirco
2717 4846 2924 4917 quippe
2953 4847 3020 4902 ad
3053 4855 3254 4912 terras,
3285 4862 3348 4905 ea
3384 4865 3548 4922 quam

1978 4935 2162 4993 cernis
2212 4936 2395 5007 specie
2444 4936 2593 5004 veni,
2636 4946 2697 4992 ut
2745 4938 2931 5008 generi
2983 4939 3268 4997 hominum
3316 4942 3550 5000 salutem

1979 5028 2252 5086 aﬂerrem.
2294 5049 2315 5083 ›

1982 5120 2167 5177 Sancti
2217 5120 2421 5178 Leontii
2468 5120 2804 5197 _1_V_’eapolis_iu
2836 5122 3011 5197 Cypro
3034 5124 3220 5197 insula
3250 5123 3550 5197 [episcopi],

2362 5207 2427 5245 ea:
2460 5190 2594 5247 libro
2627 5210 2658 5248 v
2698 5190 3172 5249 Contrd'luda’os.

2052 5303 2071 5336 ι
2112 5283 2357 5355 Agedum
2405 5281 2707 5355 deinceps,
2750 5298 2847 5355 age
2874 5282 2989 5353 jam
3023 5298 3181 5355 ωειυο
3231 5283 3418 5340 animo
3456 5301 3543 5339 ve-

1974 5374 2299 5429 nerabilium
2350 5372 2651 5442 imaginum
2705 5373 3080 5428 defensionem
3134 5373 3544 5445 aggrediamur,

1972 5474 2032 5521 ut
2065 5467 2429 5522 obstruantur
2468 5479 2564 5520 ora
2608 5464 2951 5535 loquentium
2985 5464 3203 5537 iniqua.
3247 5464 3366 5523 Non
3398 5465 3547 5521 enim

1981 5556 2267 5618 inventum
2309 5564 2558 5612 nostrum
2595 5556 2731 5613 illud
2757 5564 2862 5624 est,
2897 5558 2991 5615 sed
3018 5558 3155 5630 legis
3183 5557 3366 5628 potius
3393 5557 3551 5615 tasti-
