3986 6346
295 333 431 399 1381

1397 332 1495 394 DE
1528 324 1990 392 IMAGINIBUS
2018 324 2301 386 ORATIO
2340 325 2455 385 IlI.

3414 326 3549 394 1382

289 424 399 502 Ἐκ
424 463 531 502 του
552 445 880 515 μαρτυρίου
903 441 1009 495 τοῦ
1032 444 1203 515 ἁγίου
1230 442 1588 507 Εηύσταθίου,
1625 441 1730 497 τοῦ
1771 440 1867 494 καὶ

2067 434 2148 489 Ea:
2180 435 2435 504 martyrio
2468 434 2636 487 sancti
2668 431 2956 499 Eustathii,
2983 433 3071 502 qui
3098 443 3145 488 et
3182 432 3451 498 Placidus.

926 513 1120 566 Πυίίικί
1123 512 1217 567 δα.

367 621 389 658 ι
443 604 781 672 Ἐεελθόντος
817 602 982 658 αὑτοῦ
1015 605 1072 659 ὲν
1110 606 1209 676 μιᾷ
1238 603 1421 677 ἡμέρᾳ
1463 604 1606 659 κατὰ
1654 604 1715 658 τὸ
1746 604 1868 657 σύν-

289 697 421 770 ηθες
484 695 576 750 ἐπὶ
608 693 679 749 τά
733 694 834 768 δρη
867 695 1133 767 θηρεῦσαι
1184 696 1322 768 μετά
1350 696 1444 750 τοῦ
1476 695 1866 768 στρατοπέδου,

290 790 387 843 καὶ
418 787 600 860 πάσης
621 788 721 858 τῆς
744 786 1058 859 θεραπείας,
1092 787 1247 859 ὤφθη
1272 788 1420 860 αὐτῷ
1454 788 1624 862 ἀγέλη
1653 788 1869 859 ἐλάφων

293 881 622 952 βοσκομένη.
650 880 759 933 Καὶ
774 879 1070 950 διαστήσας
1086 879 1227 933 κατά
1252 880 1314 934 τὸ
1341 879 1571 951 σύνηθες
1591 881 1683 933 τὸν
1704 896 1869 951 στραο

290 972 401 1038 τὸν,
434 971 671 1024 ἐποιεῖτο
697 970 800 1040 τὴν
844 970 963 1024 κατ’
994 969 1173 1023 αὐτῶν
1208 967 1412 1035 δίωξιν.
1456 966 1666 1032 Παντὸς
1691 967 1746 1022 δὲ
1774 970 1868 1023 τοῦ

295 1060 526 1132 στρατοῦ
554 1060 646 1113 ἐπὶ
672 1059 771 1130 τὴν
792 1059 1053 1130 σύλληψιν
1081 1060 1479 1131 ἀσχολουμένου
1503 1061 1611 1114 τῶν
1633 1060 1866 1129 ἐλάφων,

293 1155 321 1207 ό
347 1151 893 1224 ὑπερμεγεθέστατος
922 1151 1103 1223 πάσης
1134 1153 1231 1223 τῆς
1288 1153 1509 1224 ἀγέλης,
1543 1152 1637 1208 καὶ
1666 1153 1870 1207 εὐειδέ-

294 1262 507 1310 στατος,
538 1243 914 1308 ἀποσπασθεὶς
963 1244 1061 1314 τῆς
1095 1244 1321 1315 ἀγέλης,
1352 1245 1581 1316 ὥρμησε
1605 1244 1745 1299 κατά
1777 1243 1869 1298 τοῦ

291 1334 498 1408 δρυμοῦ
532 1335 723 1398 ἐντοῖς
753 1334 1067 1405 δασυτέροις
1094 1335 1281 1399 τόποις
1311 1337 1409 1406 τῆς
1439 1336 1591 1407 ῦλης,
1633 1337 1728 1390 καὶ
1749 1336 1873 1389 δυσ-

292 1426 480 1490 ϐάτοις
523 1424 764 1496 χωρίοις.
831 1427 928 1478 Ὃν
976 1425 1313 1496 θεασάμενος
1352 1426 1381 1478 ὁ
1428 1426 1721 1494 Πλακίδας,
1777 1432 1873 1483 καὶ

291 1515 645 1586 ἐπιθυμήσας
667 1514 1052 1569 συλλαϐεἶσθαι
1085 1516 1268 1579 αὑτὸν,
1300 1517 1616 1573 καταλιπὼν
1641 1520 1872 1587 πάντας,

294 1608 412 1675 μετ’
435 1602 631 1671 ὀλίγων
670 1603 1019 1674 στρατιωτῶν
1061 1605 1389 1661 κατεδίωκεν
1425 1609 1606 1663 αὐτόν.
1658 1609 1875 1679 ’Λτονη-

293 1698 503 1749 σάντων
533 1694 591 1748 δὲ
641 1694 753 1748 τῶν
810 1695 1103 1760 συνόντων,
1136 1697 1299 1766 μόνος
1339 1698 1771 1771 προσεκαρτέρει
1803 1702 1869 1770 τῇ

2045 606 2062 641 ι
2100 587 2234 642 Cum
2278 587 2368 642 die
2422 585 2705 657 quodam,
2764 584 2831 640 de
2877 592 3141 639 consueto
3191 600 3366 650 more,
3420 602 3545 642 cum

1968 680 2218 734 exercitu
2290 678 2659 747 universoque
2707 675 3037 730 famulorum
3090 685 3236 731 emta
3292 688 3547 734 venatum

1968 770 2223 836 exiisset,
2287 784 2578 824 cervorum
2633 767 2975 839 pascentium
3025 769 3377 838 conspicatus
3428 785 3551 841 grc-

1969 878 2114 935 gem,
2144 862 2396 919 exercitu
2430 862 2482 915 in
2520 869 2632 917 tres
2665 869 2871 932 partes,
2906 859 2985 914 uti
3019 860 3253 926 solebat,
3284 861 3551 917 distribu-

1972 964 2051 1022 to,
2079 971 2177 1012 eos
2205 953 2605 1010 insectabatur.
2637 952 2709 1006 At
2738 966 2861 1006 cum
2896 951 3010 1006 illis
3047 950 3330 1021 capiendis
3370 952 3552 1007 inten-

1971 1056 2059 1102 tus
2087 1054 2234 1101 esset
2254 1045 2555 1109 exercitus,
2591 1044 2683 1098 ille
2718 1044 2813 1112 qui
2855 1044 2910 1097 in
2957 1042 3272 1099 universum
3304 1058 3548 1115 gregem,

1972 1147 2089 1192 tum
2139 1136 2492 1207 proceritate,
2552 1143 2666 1188 tum
2718 1132 2896 1188 forma
2931 1133 3227 1198 eminebat,
3260 1148 3288 1188 a
3321 1135 3551 1204 reliquis

1971 1229 2281 1295 discedens,
2314 1244 2411 1300 per
2441 1228 2775 1283 densissima
2828 1228 2981 1283 silva:
3016 1234 3403 1299 praeruptaque
3428 1229 3577 1284 loca‘

1973 1322 2028 1377 in
2060 1338 2256 1378 nemus
2282 1322 2539 1392 prosiliit.
2578 1319 2735 1376 Hunc
2768 1319 3016 1375 Placidas
3059 1322 3365 1387 contuitus,
3396 1322 3548 1391 ejus-

1973 1431 2079 1484 que
2139 1412 2642 1484 comprehendeudi
2707 1412 2986 1467 desiderio
3043 1426 3355 1480 accensus,
3420 1426 3549 1468 cum

1974 1507 2238 1562 militibus
2263 1505 2479 1575 paucis,
2518 1504 2736 1559 caeteris
2769 1503 3027 1557 omnibus
3057 1504 3288 1569 relictis,
3332 1504 3551 1561 insecu-

1976 1604 2064 1653 tus
2090 1604 2196 1651 est.
2223 1594 2343 1650 Jam
2367 1593 2502 1649 socii
2519 1592 2903 1649 deficientibus
2927 1591 3138 1647 viribus
3159 1593 3549 1659 constiterant,

1975 1703 2100 1743 cum
2128 1688 2283 1743 solus
2314 1686 2435 1757 ipse
2473 1683 2855 1756 persequendo
2889 1692 3293 1755 perseveraret,
3330 1684 3550 1740 divina-

290 1785 489 1851 διώξει,
517 1785 658 1839 κατά
690 1785 944 1857 πρόνοιαν
962 1784 1019 1838 δὲ
1044 1785 1201 1851 Θεοῦ,
1233 1788 1372 1858 μήτε
1392 1788 1487 1841 τοῦ
1510 1788 1676 1842 ἵππου
1704 1789 1867 1843 αὐτοῦ

1974 1795 2080 1850 que
2139 1777 2341 1833 factum
2396 1775 2742 1847 providentia
2793 1784 2899 1839 est,
2949 1783 3009 1828 ut
3054 1789 3156 1831 nec
3194 1790 3407 1845 equus,
3446 1789 3550 1832 nec

291 1877 671 1947 ἀτονήσαντος,
706 1876 842 1948 μήτε
872 1876 1038 1930 αὑτοῦ
1089 1878 1225 1949 πρὸς
1275 1878 1375 1951 τὴν
1425 1879 1745 1952 δυσχέρειαν
1774 1880 1868 1935 τοῦ

291 1970 456 2023 τόπου
487 1968 924 2040 ἀποκνήσαντος,
957 1969 1051 2023 ἐπὶ
1084 1970 1221 2023 πολὺ
1248 1970 1621 2042 καταδιώκων,
1650 1976 1868 2046 μακράν

292 2059 493 2131 εὑρέθη
523 2059 617 2114 τοῦ
644 2061 1009 2132 στρατοπέδου
1040 2061 1227 2117 αὐτοῦ.
1259 2063 1317 2116 '0
1343 2063 1399 2117 δὲ
1424 2062 1621 2134 ἔλαφος
1649 2064 1868 2135 ἔφευγε,

291 2152 498 2216 ἐκεῖνος
530 2152 587 2207 δὲ
638 2150 975 2223 παραλαϐὼν
1008 2151 1320 2225 ἀκρώρειαν
1364 2153 1591 2225 πέτρας,
1644 2154 1869 2226 μηδενὸς

295 2243 545 2307 συνόντος
576 2243 745 2315 αὐτῷ,
777 2243 907 2315 ἔστη
939 2244 1292 2314 περισκοπῶν
1329 2244 1624 2311 πάντοθεν,
1649 2246 1746 2300 καὶ⁵
1780 2248 1869 2299 ἐν-

294 2335 429 2388 νοῶν
462 2334 599 2405 ποίῳ
630 2336 817 2407 τρόπῳ
844 2333 1080 2406 λάϐηται
1099 2338 1197 2407 τῆς
1240 2335 1440 2405 ἐλάφου
1463 2353 1477 2366 ·
1515 2335 1628 2390 ἀλλ’
1671 2338 1700 2390 ὁ
1736 2337 1870 2391 πάν-

295 2442 456 2494 σοφος
494 2426 590 2479 καὶ⁴
618 2427 919 2498 οἰκτίρμων
937 2426 1089 2492 Θεὸς,
1122 2428 1151 2480 ὁ
1181 2428 1442 2490 παντοίας
1473 2428 1625 2490 ὁδοὺς
1654 2428 1747 2479 ἐπὶ
1769 2445 1872 2481 σω-

291 2517 457 2588 τηρία
481 2518 591 2571 τῶν
618 2519 922 2589 ἀνθρώπων
944 2518 1240 2589 ἐπινοήσας
1258 2558 1273 2583 ,
1306 2519 1651 2590 ἀντιθηρεύει
1683 2519 1871 2573 τοῦτον

292 2609 351 2661 ὲν
370 2610 437 2680 τῇ
468 2608 610 2680 θήρᾳ
632 2624 646 2641 ο
681 2609 778 2680 οὐχ
806 2608 878 2674 ὼς
913 2609 1213 2680 Κορνήλιον
1243 2610 1335 2664 διὰ
1365 2610 1595 2681 Πέτρου,
1633 2610 1747 2664 ἀλλ’
1796 2611 1872 2675 ὡς

295 2699 505 2753 Παῦλον
527 2698 813 2763 διώκοντα,
831 2699 920 2753 διὰ
936 2701 1035 2768 τῆς
1058 2700 1191 2762 ιδίας
1215 2700 1558 2769 ἐπιφανείας.
1593 2701 1717 2754 Ἐπὶ
1736 2701 1871 2755 πολὺ

294 2792 351 2844 δὲ
376 2792 611 2855 ἑστῶτος
637 2792 731 2844 τοῦ
760 2792 1025 2857 Πλακίδα,
1057 2793 1154 2846 καὶ
1184 2792 1523 2857 ἀτενίζοντος
1555 2793 1656 2864 μὲν
1682 2794 1762 2857 είς
1782 2793 1872 2847 τὸν

293 2884 507 2953 ἔλαφον,
534 2881 908 2953 θαυμάζοντος
946 2882 1003 2936 δὲ
1035 2882 1201 2937 αὑτοῦ
1234 2882 1295 2936 τὸ
1331 2882 1582 2953 μέγεθος,
1612 2882 1706 2936 καὶ
1729 2883 1874 2953 ἀμη-

295 2975 582 3049 χανοῦντος
612 2976 741 3046 περὶ
768 2975 868 3045 τὴν
894 2974 1176 3045 σύλληψιν,
1208 2974 1449 3028 δείκνυσι
1479 2975 1683 3045 Κύριος
1711 2974 1874 3046 τεράε

296 3070 444 3124 στιόν
472 3087 526 3123 τι
558 3068 819 3133 τοιοῦτον,
851 3068 953 3122 οὐκ
981 3067 1228 3131 ἀπεικὸς,
1256 3066 1377 3121 οὐδὲ
1403 3067 1732 3139 ύπερϐαῖνον
1771 3068 1873 3139 τῆς

297 3160 461 3215 αὐτοῦ
484 3160 770 3230 δυνάμεως
794 3158 857 3214 τὸ
900 3159 1131 3229 μέγεθος
1157 3173 1172 3188 '
1228 3157 1345 3212 ἀλλ’
1389 3156 1576 3230 ὥσπερ
1630 3158 1724 3211 ἐπὶ
1775 3157 1869 3211 τοῦ

295 3251 527 3322 Βαλαὰμ
546 3250 705 3320 λόγον
732 3248 907 3314 ἐνθεὶς
940 3250 1007 3320 τῇ
1041 3250 1170 3320 δνῳ,
1201 3248 1426 3321 ἦλεγξεν
1448 3249 1612 3304 αὐτοῦ
1638 3248 1738 3321 τὴν
1759 3249 1874 3304 διά-

297 3357 469 3405 νοιαν,
503 3339 646 3393 οὓτω
702 3339 798 3393 κα)⁵
842 3337 1074 3393 ἐνταῦθα
1120 3338 1359 3393 δείκνυσι
1385 3341 1579 3409 τούτῳ.
1618 3338 1744 3392 Ἐπὶ
1774 3338 1872 3409 μὲν

297 3431 542 3504 κεράτων
565 3428 660 3484 τοῦ
700 3428 904 3499 ὲλάφου
947 3428 1041 3482 τὸν
1085 3429 1255 3482 τύπον
1283 3428 1378 3482 τοῦ
1418 3429 1574 3497 ἁγίου
1611 3429 1869 3501 σταυροῦ,

299 3521 439 3592 ὑπὲρ
470 3521 570 3592 τὴν
601 3520 962 3592 λαμπρότητα
980 3518 1076 3574 τοῦ
1111 3519 1262 3591 ἡλίου
1293 3518 1600 3589 λάμποντα,
1627 3520 1791 3590 μέσον
1815 3520 1872 3574 δὲ

296 3613 404 3669 τῶν
429 3613 677 3683 κεράτων
701 3611 798 3684 τὴν
822 3613 1007 3667 εἰκόνα
1054 3611 1149 3664 τοῦ
1182 3610 1443 3682 θεοφόρου
1498 3608 1770 3682 σώματος,
1808 3605 1871 3666 οῦ

296 3702 385 3756 διὰ
420 3703 520 3772 τὴν
561 3701 838 3773 ἡμετέραν
873 3700 1147 3773 σωτηρίαν
1193 3700 1486 3755 ἀναλαϐεῖν
1526 3701 1870 3769 κατεδέξατο,

302 3794 395 3848 καὶ
420 3794 604 3864 φωνὴν
631 3792 979 3865 ἀνθρωπίνην
1008 3791 1183 3856 ἐνθεὶς
1219 3795 1286 3864 τῇ
1313 3792 1520 3865 ἐλάφῳ,
1544 3793 1873 3866 προσκαλεί-

298 3903 389 3940 ται
415 3884 506 3938 τὸν
544 3884 813 3939 Πλακίδαν
831 3923 848 3951 ,
908 3883 1110 3953 λέγων’
1139 3879 1210 3936 Ὦ
1238 3885 1511 3948 Πλακίδα,
1539 3885 1592 3940 τί
1650 3903 1717 3957 με
1746 3886 1871 3941 διώ..

300 3994 456 4043 κεις;
488 3976 595 4029 ἰδοὺ
630 3975 814 4029 ἕνεκέν
841 3993 933 4028 σου
966 3976 1172 4045 παρῆν,
1207 3976 1303 4029 καὶ
1331 3977 1388 4029 ἐν
1429 3976 1507 4047 τῷ
1541 3976 1666 4049 ζώῳ
1696 3979 1872 4051 τούτῳ

298 4068 488 4138 ὤφθην
521 4084 622 4122 σοι.
661 4066 804 4136 Ἐγώ
840 4067 957 4137 εἰμι
1001 4066 1209 4138 Ἰησοῦς
1241 4068 1269 4119 ὁ
1297 4068 1550 4138 Χριστὸς,
1585 4068 1644 4122 ὃν
1663 4071 1872 4140 ἀγνοῶν

302 4160 454 4230 σέϐῃ.
484 4160 550 4212 Ai
579 4158 688 4231 γὰρ
719 4158 959 4213 εὑποιίαι
980 4175 1098 4226 σου,
1119 4159 1186 4222 ἀς
1221 4158 1285 4212 σὺ
1310 4162 1484 4224 ποιεῖς
1510 4162 1589 4225 είς
1622 4162 1746 4225 τοὺς
1765 4163 1874 4217 δεο-

302 4250 517 4321 μένους,
549 4250 901 4320 παρέστησαν
934 4248 1163 4303 ἐνώπιόν
1197 4268 1299 4321 μου
1319 4291 1334 4316 ,
1372 4252 1465 4305 καὶ
1487 4248 1650 4323 ἦλθον
1695 4254 1873 4326 ἐμφα-

300 4339 445 4394 νίσαι
481 4355 566 4392 σοι
602 4337 839 4409 ἐμαυτὸν
868 4337 956 4391 διὰ
993 4335 1088 4391 τοῦ
1113 4338 1311 4408 ἐλάφου
1340 4338 1555 4405 τούτου,
1579 4340 1672 4393 καὶ
1719 4341 1872 4394 ἀντι-

300 4430 582 4503 ζωγρῆσαί
614 4446 696 4496 σε,
745 4429 839 4483 καὶ
890 4431 1107 4501 συσχεῖν
1132 4431 1245 4493 τοῖς
1281 4429 1518 4494 δικτύοις
1544 4431 1642 4502 τῆς
1680 4432 1868 4502 φιλαν-
1894 4464 1945 4525 D

302 4520 548 4594 Ορωπίας
598 4538 723 4590 μου.
753 4522 826 4576 Οὐ
860 4522 965 4592 γάρ
996 4522 1112 4576 ἐστι
1149 4521 1377 4586 δίκαιον,
1426 4523 1520 4576 τὸν
1548 4524 1672 4594 ἐμοὶ
1701 4541 1870 4597 προσ-

302 4614 433 4685 φιλῆ
476 4612 564 4668 διά
613 4612 724 4666 τῶν
773 4612 995 4680 ἀγαθῶν
1046 4612 1245 4684 ἔργων,
1298 4613 1570 4668 δουλεύειν
1622 4616 1873 4686 δαίμοσιν

303 4701 634 4773 ἀκαθάρτοις
661 4701 756 4756 καὶ
779 4700 1018 4765 εἰδώλοις
1041 4705 1252 4772 νεκροῖς
1276 4704 1374 4757 καὶ
1395 4706 1616 4774 κωφοῖς.
1642 4706 1743 4759 Διά
1764 4707 1874 4779 γάρ

301 4788 461 4845 τοῦτο
486 4788 649 4865 ἦλθον
680 4794 774 4847 ἐπὶ
800 4793 903 4863 γῆς
932 4796 990 4848 ὲν
1019 4793 1097 4865 τῷ
1124 4793 1255 4848 είδει
1283 4797 1477 4868 τούτῳ,
1518 4791 1562 4866 ᾧ
1590 4797 1684 4853 νῦν
1718 4801 1872 4872 δρᾷς,

307 4885 477 4941 σῶσαι
505 4887 675 4943 θέλων
706 4888 770 4942 τὸ
796 4886 904 4942 τῶν
927 4888 1231 4959 ἀνθρώπων
1270 4892 1445 4960 γένος.
1496 4911 1515 4944 ι
1578 4883 1590 4895 “

262 5216 265 5219 _
308 5144 423 5203 Τοῦ
444 5147 618 5220 ἁγίου
638 5150 923 5223 Λεοντίου
946 5152 1304 5223 Νεαπόλεως
1327 5150 1435 5220 τῆς
1457 5153 1739 5221 Κυπρίων
1768 5155 1867 5223 νήο

584 5234 722 5286 σου,
751 5221 895 5287 πρὸς
943 5222 1292 5288 Ἰουδαίους,
1318 5229 1359 5275 ε’
1386 5223 1593 5293 λόγου.

380 5324 401 5360 ι
444 5307 580 5381 Φέρε
630 5309 693 5381 δὴ
743 5311 948 5374 λοιπὸν,
992 5314 1129 5384 φέρε
1164 5314 1482 5385 προθύμως,
1517 5319 1611 5371 καὶ
1648 5319 1744 5392 τὴν
1777 5322 1874 5392 τῆς

306 5399 665 5464 ἐκτυπώσεως
689 5403 796 5455 τῶν
820 5405 1031 5459 σεπτῶν
1058 5408 1282 5461 εἰκόνων
1306 5410 1601 5480 ἀπολογίαν
1638 5416 1875 5485 ποιησώ-

308 5490 469 5556 μεθα,
499 5492 645 5555 ὅπως
680 5494 1037 5565 ἐμφρασθῶσι
1084 5498 1326 5568 στόματα
1370 5501 1607 5572 ἀνόμων,
1649 5503 1873 5559 λαλούν-

308 5596 416 5634 των
462 5579 649 5635 άδικα·
684 5584 880 5656 νομικὴ
919 5586 1027 5657 γάρ
1056 5588 1194 5660 αὕτη
1232 5591 1265 5661 ἠ
1295 5592 1613 5662 παράδοσις,
1645 5596 1739 5650 καὶ
1775 5598 1872 5669 οὐχ

381 5706 425 5739 ³⁸
444 5719 608 5775 Num.
638 5736 769 5789 χιιι,
802 5722 891 5779 ‘28.

1971 1872 2205 1942 ipsemet
2243 1869 2539 1940 asperitate
2573 1867 2817 1922 locorum
2861 1864 3217 1933 fatiscerent;
3248 1874 3301 1920 et
3326 1880 3549 1921 cervum

1972 1962 2183 2019 diutius
2201 1960 2540 2031 adurgendo,
2573 1957 2763 2029 procul
2796 1973 2855 2012 se
2884 1958 2951 2012 ab
2980 1959 3226 2015 exercitu
3250 1958 3551 2015 recessisse

1972 2053 2135 2125 373
2190 2052 2595 2107 animadvertit.
2652 2049 2824 2105 Porro
2873 2049 3116 2120 fugiente
3176 2064 3363 2114 cervo,
3420 2064 3548 2104 eum

1972 2146 2159 2200 nullus
2188 2143 2451 2199 comitum
2497 2141 2739 2208 adesset,
2771 2148 2941 2211 petra:
2978 2140 3241 2196 verticem
3285 2154 3551 2196 conscen-

1972 2238 2073 2303 dit,
2129 2246 2245 2292 tum
2283 2235 2769 2304 circuntaspicere,
2803 2247 3104 2303 secumque
3150 2232 3413 2303 cogitare,
3439 2247 3549 2303 quo

1971 2328 2192 2386 tandem
2225 2335 2385 2398 pacto
2422 2326 2661 2396 przedam
2696 2336 3053 2393 assequatur.
3090 2323 3159 2378 At
3200 2323 3550 2395 sapientissi-

1971 2436 2098 2476 mus
2146 2418 2723 2486 clementissimusque
2762 2413 2937 2480 Deus,
2973 2414 3066 2483 qui
3097 2414 3278 2469 nullas
3316 2430 3425 2468 non
3455 2430 3550 2469 ex-

1973 2510 2176 2583 cogitat
2224 2512 2361 2576 vias,
2399 2496 2603 2579 quibus
2643 2505 2708 2561 ad
2758 2507 2993 2561 salutem
3039 2503 3294 2560 homines
3345 2504 3549 2568 ducat,

1974 2602 2123 2657 hunc
2175 2602 2228 2655 in
2282 2601 2516 2670 ipsamct
2566 2596 2859 2652 venatione
2915 2603 3148 2650 venatur
3196 2613 3208 2650 :
3252 2610 3361 2649 non
3405 2593 3551 2649 Petri

1974 2708 2169 2764 opera;
2203 2701 2265 2746 ut
2312 2693 2442 2745 olim
2479 2690 2823 2754 Cornelium,
2854 2689 3030 2759 magis
3066 2696 3249 2742 autem
3290 2687 3372 2741 uti
3419 2702 3551 2755 per-

1975 2791 2281 2840 secutorem
2309 2781 2561 2846 Paulum,
2590 2780 2806 2851 objecta
2833 2796 2931 2836 sua
2966 2779 3173 2849 specie.
3204 2776 3393 2847 Itaque
3421 2793 3553 2833 con-

1975 2876 2189 2931 sistenti
2222 2874 2313 2928 diu
2341 2873 2595 2940 Placidm,
2620 2876 2881 2943 cervique
2910 2870 3295 2941 proceritatem
3323 2870 3552 2926 intentis

1974 2965 2151 3021 oculis
2183 2963 2497 3029 demiranti,
2534 2978 2658 3018 cum
2695 2962 2845 3018 illius
2881 2960 3135 3031 capiendi
3169 2960 3319 3016 nulla
3344 2962 3429 3015 via
3454 2975 3552 3015 oc-

1976 3066 2245 3123 Curreret,
2301 3054 2579 3126 ejusmodi
2642 3060 2959 3124 portentum
3023 3053 3285 3108 Dominus
3357 3050 3551 3117 edidit,

1973 3147 2119 3219 quod
2146 3146 2368 3218 quidem
2402 3146 2538 3200 nihil
2566 3146 2821 3202 absimile
2848 3145 2961 3200 veri
2983 3154 3087 3211 est,
3121 3158 3221 3199 nec
3252 3142 3425 3213 ipsius
3451 3158 3552 3214 po-

1972 3241 2158 3296 lentim
2190 3239 2624 3310 magnitudinem
2663 3238 2898 3294 excedit.
2935 3236 3065 3303 Sed,
3088 3237 3552 3308 quemadmodum

1973 3330 2146 3386 asinze
2178 3330 2396 3384 Balaam
2451 3328 2706 3399 loquendi
2762 3329 2935 3384 indita
2966 3326 3227 3383 facultate
3264 3328 3333 3395 ",
3362 3342 3427 3383 ea
3459 3341 3553 3381 ar-

1972 3425 2110 3495 guit,
2146 3439 2266 3493 quae
2297 3430 2450 3476 vates
2481 3421 2667 3475 animo
2699 3421 2976 3486 versabat,
3009 3420 3303 3477 consimile
3342 3420 3551 3491 aliquid

1973 3523 2107 3568 tunc
2133 3513 2295 3566 etiam
2323 3510 2400 3565 illi
2441 3512 2789 3567 monstravit.
2813 3510 2871 3565 ιιι
2895 3511 3040 3566 cervi
3066 3512 3326 3568 cornibus
3347 3521 3552 3569 sancta:

1973 3602 2155 3658 crucis
2190 3601 2311 3671 ipso
2343 3601 2457 3657 sole
2485 3600 2645 3671 longe
2671 3599 3059 3671 fulgentiorem
3100 3601 3355 3673 figuram,
3386 3612 3550 3673 atque

1973 3695 2117 3749 inter
2145 3707 2353 3748 cornua
2384 3691 2554 3747 divini
2597 3691 2683 3747 sui
2719 3692 2997 3761 corporis,
3045 3694 3193 3763 quod
3226 3708 3326 3763 pro
3358 3703 3549 3751 nostra

1973 3785 2153 3841 salute
2184 3798 2407 3840 sumere
2452 3781 2713 3851 dignatus
2743 3789 2848 3848 est,
2891 3780 3119 3854 eﬂigiem
3163 3784 3425 3853 ostendit;
3462 3785 3549 3840 in-

1972 3877 2198 3946 ditaque
2232 3889 2396 3930 cervo
2430 3888 2565 3929 voce
2598 3872 2862 3941 humana,
2907 3873 2993 3930 his
3046 3872 3327 3930 Placidam
3362 3877 3547 3933 verbis

1972 3965 2269 4037 compellat
2309 3982 2323 4019 :
2359 3961 2503 4030 Quid
2552 3980 2640 4019 me
2699 3966 3083 4035 persequeris,
3141 3965 3405 4024 Placidai
3467 3969 3547 4025 En

1974 4058 2053 4113 tui
2082 4072 2252 4113 causa
2283 4057 2530 4122 aderam,
2574 4071 2772 4126 meque
2805 4057 2901 4112 tibi
2936 4057 3038 4113 hoc
3068 4058 3121 4111 in
3158 4059 3379 4115 animali
3411 4075 3546 4117 eon~

1973 4150 2314 4223 spiciendum
2348 4148 2575 4219 praebui.
2604 4148 2712 4217 Ego
2739 4164 2860 4205 sum
2894 4148 3056 4207 Jesus
3079 4149 3356 4220 Christus,
3386 4168 3547 4223 quem

1974 4246 2237 4316 ignorans
2266 4242 2423 4298 colis.
2453 4239 2570 4295 Tua
2602 4255 2731 4311 erga
2763 4255 3038 4312 pauperes
3088 4242 3265 4298 ofﬁcia
3311 4258 3550 4316 conspe-

1974 4338 2089 4393 ctui
2155 4350 2277 4392 meo
2312 4332 2606 4406 praesentia
2668 4332 2912 4389 fuerunt.
2979 4333 3349 4400 Quamobrem
3402 4337 3548 4394 istuc

1974 4429 2119 4492 veni,
2152 4436 2206 4482 ut
2258 4443 2355 4498 per
2398 4427 2546 4483 hunc
2588 4442 2809 4483 cervum
2858 4444 2944 4483 me
2996 4428 3364 4497 patefacerem
3425 4432 3546 4498 tibi,

1972 4528 2134 4592 teque
2187 4520 2435 4576 vicissim
2489 4528 2691 4575 venatu
2740 4520 3286 4592 comprehenderem,
3333 4531 3389 4579 et
3435 4525 3551 4579 clu-

1973 4613 2192 4669 mentia':
2230 4628 2363 4668 mete
2388 4612 2644 4682 indagine
2679 4612 2978 4686 cingerem.
3004 4613 3114 4670 Nec
3146 4615 3291 4671 enim
3330 4632 3546 4688 aequum

1973 4703 2163 4770 fuerit,
2200 4712 2258 4759 ut
2285 4719 2446 4774 quem
2474 4704 2544 4759 ob
2582 4712 2733 4760 recte
2768 4706 3046 4776 probeque
3080 4705 3224 4762 facta
3256 4706 3445 4779 diligo,
3501 4709 3548 4765 is

1976 4798 2320 4854 daemonibus
2355 4797 2611 4867 impuris,
2662 4798 3004 4868 mortuisque
3036 4805 3090 4853 et
3140 4797 3329 4854 surdis
3368 4799 3546 4854 simu-

1977 4888 2144 4945 lacris
2188 4889 2410 4945 serviat.
2459 4886 2670 4944 Idcirco
2715 4888 2921 4959 quippe
2950 4889 3018 4944 ad
3050 4896 3251 4953 terras,
3282 4902 3345 4945 ea
3381 4903 3545 4961 quam

1975 4979 2159 5037 cernis
2210 4980 2393 5050 specie
2442 4979 2592 5047 veni,
2634 4988 2695 5034 ut
2743 4979 2928 5049 generi
2980 4980 3265 5037 hominum
3313 4981 3547 5038 salutent

1978 5072 2250 5129 aﬂ‘errem.
2292 5091 2313 5127 ›

1981 5165 2166 5222 Sancti
2215 5164 2419 5221 Leontii
2470 5163 2802 5236 Neapolisin
2834 5164 3009 5236 Cypro
3034 5164 3217 5236 insula
3247 5162 3547 5236 [episcopi],

2361 5250 2427 5289 ex
2460 5232 2599 5289 libro
2625 5252 2657 5290 v
2696 5232 2893 5288 Contra
2914 5232 3169 5289 'Juda’os.

2051 5348 2069 5381 ι
2110 5327 2357 5399 Agedum
2405 5325 2706 5397 deinceps,
2749 5340 2846 5396 age
2874 5324 2988 5393 jam
3022 5338 3179 5395 aequo
3229 5322 3416 5380 animo
3454 5339 3542 5378 ve-

1974 5419 2299 5475 nerabilium
2350 5416 2650 5485 imaginum
2704 5413 3079 5469 defensionem
3133 5412 3543 5484 aggrediamur,

1972 5519 2032 5567 ut
2065 5511 2429 5567 obstruantur
2468 5522 2564 5563 ora
2609 5507 2951 5576 loquentium
2985 5504 3202 5576 iniqua.
3246 5504 3365 5562 Non
3397 5504 3546 5560 enim

1981 5602 2268 5664 inventum
2310 5608 2560 5657 nostrum
2596 5599 2729 5655 illud
2756 5606 2861 5665 est,
2896 5598 2990 5656 sed
3017 5598 3153 5668 legis
3181 5597 3363 5668 potius
3391 5595 3551 5654 insti-
