3986 6346
476 281 614 351 1383

486 573 902 644 conllatilesque
947 572 1307 640 fabrefaciat,
1359 573 1558 644 quibus
1612 575 2050 646 propitiatorium

473 666 924 722 obumbraretur.
966 665 1204 732 Adhazc,
1247 666 1512 736 templum
1577 665 1848 722 Ezechieli
1903 665 2050 722 Deus

474 757 738 822 ostendit,
794 756 942 828 quod
994 771 1024 811 a
1073 757 1385 827 pavimento
1433 757 1498 812 ad
1555 743 1832 826 laquearis
1893 755 2053 812 fasti-

475 852 647 924 gium,
679 849 970 920 sculptiles
1003 849 1247 917 leonum,
1278 850 1604 920 palmarum,
1627 850 2047 920 hominumque,

474 953 528 1001 et
554 943 852 998 Cherubim
885 943 1052 998 facies
1082 942 1346 999 habuisse
1375 944 1530 999 dicit.
1551 943 1843 999 Terribilis
1869 945 2052 1014 reipsa

476 1036 565 1090 hic
613 1050 794 1091 sermo
843 1042 950 1088 est.
997 1035 1138 1089 Deus
1185 1036 1281 1104 qui
1332 1033 1519 1089 lsraeli
1575 1034 1834 1104 injunxit,
1869 1050 1938 1090 ne
1973 1033 2052 1089 rei

474 1128 664 1190 ullius,
695 1125 809 1180 sive
838 1141 960 1193 quae
995 1124 1048 1178 in
1081 1125 1260 1188 caelis,
1292 1125 1408 1180 sive
1442 1141 1563 1196 qua:
1597 1127 1648 1179 in
1684 1133 1831 1180 terra
1859 1126 2052 1190 fuerit,

476 1217 735 1286 sculptile
757 1216 1077 1286 quodpiam,
1112 1225 1208 1270 aut
1238 1215 1532 1286 imaginem
1570 1215 2054 1273 similitudinemve

478 1305 706 1373 faceret,
759 1307 877 1377 ipse
927 1305 1098 1377 Moysi
1137 1306 1406 1376 prmripit,
1441 1316 1502 1361 ut
1534 1309 1753 1378 sculpta
1799 1309 2054 1363 animan-

476 1400 573 1459 tia,
629 1399 952 1463 Cherubim,
1005 1399 1252 1467 inquam,
1312 1397 1561 1454 fabricet.
1611 1399 1869 1468 Quinimo
1917 1401 2054 1457 Eze-

475 1489 639 1544 chieli
673 1490 933 1560 templum
981 1497 1273 1555 monstrat,
1319 1490 1671 1561 imaginibus,
1718 1493 2056 1564 sculptisque

475 1577 715 1644 leonum,
778 1577 1109 1646 palmarum,
1157 1589 1211 1634 et
1259 1580 1546 1634 hominum
1600 1583 1912 1639 simulacris
1966 1599 2054 1640 re-

478 1665 697 1723 fertum.
753 1665 1012 1722 Salomon
1055 1668 1183 1723 item
1239 1669 1468 1739 figuram
1503 1670 2056 1743 designationemque

474 1772 542 1812 ex
582 1758 700 1828 lege
735 1767 1041 1825 mutuatus,
1077 1759 1250 1815 aeneis
1289 1759 1476 1826 boum,
1508 1761 1842 1832 palmarum,
1869 1769 1922 1816 et
1953 1761 2053 1817 ho-

475 1849 686 1903 minum
753 1849 1063 1906 simulacris
1117 1851 1336 1920 plenum
1420 1852 1679 1922 templum
1737 1853 2053 1908 exstruxit:

474 1956 653 2011 neque
708 1943 778 1997 ob
837 1941 889 1996 id
948 1957 1178 2012 usquam
1227 1957 1256 1996 a
1315 1941 1424 1999 Deo
1490 1945 1860 2014 reprehensus
1919 1943 2056 1999 fuit.

475 2030 842 2099 Quamobrem
899 2034 945 2088 si
1011 2049 1097 2089 me
1147 2044 1370 2105 propter
1417 2034 1684 2106 imagines
1723 2035 2055 2091 condemna-

476 2139 538 2179 re
593 2125 701 2188 vis,
763 2124 932 2179 Deum
983 2125 1138 2195 prius
1201 2141 1465 2191 accuses,
1517 2127 1614 2198 qui
1672 2127 1788 2183 haec
1851 2128 2058 2186 idcirco

480 2211 596 2268 fleri
620 2213 824 2284 jussit,
851 2223 910 2270 ut
944 2215 1120 2286 ipsius
1164 2217 1308 2287 apud
1353 2233 1453 2273 nos
1497 2221 1761 2275 memoria
1801 2235 2056 2290 perseve-

477 2313 646 2360 raret.
698 2324 719 2359 ι

794 2396 961 2471 37hI
996 2397 1244 2469 Ejusdem
1270 2417 1334 2456 ex
1368 2400 1503 2457 libro
1537 2403 1736 2472 quinto.

551 2506 573 2542 ‹
613 2487 781 2546 Nobis
830 2506 1050 2546 rursum
1084 2492 1345 2561 illudunt,
1395 2495 1544 2564 quod
1595 2494 1892 2564 pretiosam
1927 2509 2058 2550 cru-

475 2594 594 2635 cem
633 2579 961 2662 divinasque
1007 2583 1276 2656 imagines
1323 2585 1701 2655 designemus,
1741 2585 2058 2642 adoremus-

477 2687 613 2742 que,
673 2687 886 2744 nosque
947 2674 1226 2730 idolorum
1288 2689 1352 2730 ac
1407 2677 1709 2747 ligneorum
1765 2678 2054 2733 numinum

476 2763 716 2821 cultores
743 2773 964 2832 vocant,
997 2766 1099 2820 viri
1125 2768 1219 2839 qui
1245 2766 1412 2822 Deum
1445 2768 1668 2823 omnino
1691 2783 1798 2825 non
1830 2776 2035 2825 norunt

475 2855 632 2922 Quod
684 2855 757 2924 si,
811 2866 872 2912 ut
907 2848 1136 2926 asseris,
1171 2859 1366 2927 athee,
1416 2859 1583 2915 Deum
1618 2861 1859 2932 ligneum
1909 2862 2054 2928 colo,

475 2954 624 3002 certe
653 2948 839 3017 plures
873 2963 1094 3020 quoque
1130 2963 1381 3004 veneror.
1413 2948 1470 3004 Si
1506 2949 1718 3020 plures,
1747 2951 1938 3020 utique
1963 2953 2057 3006 de-

1638 280 1698 341 S.
1739 279 2060 345 IOANNIS
2099 281 2528 343 DAMASCENI

474 403 672 449 tutum.
715 390 848 445 Nam
889 387 1058 444 Deum
1099 388 1279 461 ipsum
1323 389 1446 444 audi
1503 389 1674 462 Moysi
1711 392 2036 462 przrcipien-

2159 395 2414 466 ἡμετέρα.
2475 396 2742 450 ’Ἄκουσον
2780 393 2889 466 γὰρ
2930 392 3110 462 ,αὑτοῦ
3145 393 3240 450 τοῦ
3277 395 3416 450 Θεοῦ
3479 398 3770 468 λέγοντος

471 493 605 550 tem,
663 493 724 538 ut
773 483 1022 554 geminas
1069 481 1371 537 Cherubim
1435 483 1703 554 imagines
1761 484 2049 554 sculptilcs

2159 485 2290 556 πρὸς
2338 485 2610 550 Μωῦσέα,
2657 487 2872 551 εἰκόνας
2908 485 3000 540 δύο
3024 487 3307 558 Χερουϐὶμ
3337 489 3610 557 γλυπτῶν
3663 493 3773 546 καὶ

2143 576 2439 647 ,χωνευτῶν
2472 575 2904 641 κατασκευάσαι,
2940 577 3272 642 σκιαζόντων
3298 578 3358 632 τὸ
3395 580 3768 654 ἱλαστήριον.

2151 670 2264 724 Καὶ
2304 669 2488 735 πάλιν,
2536 669 2626 722 τὸν
2681 669 2806 724 ναὸν
2861 668 3061 734 ἔδειξεν
3097 672 3126 724 ό
3153 669 3288 736 Θεὸς
3324 672 3402 743 τῷ
3438 673 3765 743 Ἰεζεκιήλ,

2151 761 2366 830 γλυπτὰ
2419 761 2706 832 πρόσωπα,
2757 761 2939 832 φησὶν,
2973 756 3111 832 εἶχε,
3141 761 3389 830 λεόντων,
3426 766 3526 818 καὶ
3563 767 3766 847 genii-

2150 867 2284 926 κων,
2317 847 2412 904 καὶ
2435 847 2754 921 ἀνθρώπων,
2790 853 2884 904 καὶ
2903 850 3205 921 Χερουϐὶμ,
3238 852 3348 907 ἀπὸ
3381 854 3471 907 τοῦ
3499 847 3766 927 ἐδάφους

2154 939 2320 996 αὐτοῦ
2349 942 2454 1005 ἕως
2491 941 2584 994 τοῦ
2611 939 2973 1018 φατνώματος
3008 941 3111 1012 τῆς
3142 943 3361 1014 στέγης,
3395 947 3612 1011 Ὄντως
3641 967 3762 1016 φο..
3797 951 3800 954 ’
3827 975 3842 986 ι

2152 1029 2311 1100 ϐερὸς
2341 1031 2370 1084 ό
2390 1029 2566 1100 λόγος.
2604 1031 2662 1086 '0
2681 1031 2825 1097 ⁵Θεὸς
2859 1031 3234 1104 ἐντειλάμενος
3265 1033 3342 1104 τῷ
3398 1037 3626 1109 Ἰσραὴλ
3668 1039 3756 1108 μὴ

2155 1121 2380 1192 ποιῆσαι
2413 1122 2671 1191 γλυπτὸν,
2714 1123 2852 1195 μήτε
2885 1123 3093 1190 εἰκόνα,
3133 1126 3274 1195 μήτε
3297 1127 3571 1198 ὁμοίωμα,
3637 1131 3760 1183 ὅσα

2153 1213 2304 1266 ἐστὶν
2325 1214 2383 1268 ὲν
2402 1213 2481 1284 τῷ
2505 1215 2741 1285 οὐρανῷ,
2765 1215 2862 1269 καὶ
2884 1216 2984 1269 ὅσα
3009 1217 3156 1270 ἐστὶν
3198 1217 3291 1270 ἐπὶ
3333 1221 3435 1289 τῆς
3477 1220 3606 1289 γῆς,
3644 1221 3760 1274 αὗ-

2153 1305 2249 1369 τὸς
2309 1307 2641 1377 προστάσσει
2678 1307 2757 1378 τῷ
2809 1309 3016 1379 Μωῦσῇ
3077 1309 3302 1379 ποιῆσαι
3349 1311 3569 1379 γλυπτὰ
3623 1309 3760 1376 ζῶα

2153 1398 2455 1476 Χερουϐίμο
2481 1399 2576 1452 καὶ
2603 1397 2952 1469 τῷΊεζεκιὴλ
2969 1400 3154 1471 πλήρη
3177 1401 3398 1456 εἰκόνων
3416 1403 3510 1455 καὶ
3527 1402 3759 1476 ,ὄνομά-

2153 1471 2336 1561 conf?)
2359 1490 2637 1559 γλυπτῶν,
2667 1491 2917 1556 λεόντων,
2951 1493 3044 1545 καὶ
3079 1493 3358 1561 φοινίκων,
3389 1495 3482 1547 καὶ¹
3517 1495 3754 1564 ἀνθρώ-

2157 1567 2294 1647 πιεῖν,
2325 1582 2567 1636 δείκνυσι
2598 1581 2688 1635 τὸν
2718 1582 2846 1637 ναὸν
2871 1585 2899 1636 ό
2926 1583 3087 1647 Θεόςο
3117 1584 3214 1636 καὶ
3254 1584 3526 1654 Σολομὼν,
3559 1588 3624 1638 ὲκ
3651 1590 3760 1642 νό-

2161 1689 2261 1743 μου
2295 1671 2475 1740 λριϐὼν
2522 1671 2583 1724 τὸ
2630 1671 2888 1742 τύπωμα,
2939 1673 3122 1744 πλήρη
3173 1675 3442 1744 πεποίηκε
3478 1675 3570 1729 τὸν
3607 1677 3752 1730 νειὸν
3785 1719 3802 1754 Ι,

2157 1763 2374 1835 χαλκῶν
2397 1763 2674 1832 γλυπτῶν,
2727 1766 2886 1835 βοῶν,
2927 1767 3022 1819 καὶ
3065 1767 3324 1834 φοινίκων
3350 1809 3364 1833 ,
3399 1768 3491 1820 καὶ
3519 1767 3750 1839 ἀνθρώ-

2158 1871 2295 1921 πων,
2327 1855 2422 1908 καὶ
2446 1853 2506 1908 οὐ
2536 1855 2890 1926 κατεγνώσθη
2935 1856 3040 1910 ὑπὸ
3086 1856 3180 1910 τοῦ
3207 1857 3342 1910 Θεοῦ
3369 1859 3426 1910 ἐν
3446 1859 3648 1926 τούτῳ.
3683 1858 3750 1912 ΕΞ

2155 1945 2336 2001 τοίνυν
2382 1943 2518 2016 ἐμοῦ
2575 1945 3014 2014 καταγινώσκειν
3063 1946 3240 2012 θέλεις
3297 1949 3426 2019 περὶ
3485 1950 3746 2016 εἰκόνων,

2157 2037 2577 2110 προκατάγνωθι
2611 2036 2703 2091 τοῦ
2745 2036 2880 2091 Θεοῦ
2927 2036 3102 2092 ταῦτα
3141 2042 3316 2092 ποιεῖν
3355 2039 3743 2106 κελεύσαντος,

2155 2129 2231 2195 ὡς
2259 2129 2565 2201 ὑπόμνησιν
2599 2127 2762 2182 αὐτοῦ
2797 2122 2938 2183 εἰναι
2977 2127 3110 2200 παρ’
3151 2129 3307 2200 ἡμῖν.
3352 2147 3372 2183 ι

2373 2396 2483 2452 Τοῦ
2512 2396 2721 2462 αὐτοῦ,
2761 2397 2829 2451 ἐκ
2858 2397 2965 2452 τοῦ
3003 2396 3276 2467 πέμπτου
3309 2398 3515 2468 λόγου.

2236 2505 2255 2540 t
2291 2486 2460 2540 Πάλιν
2490 2487 2639 2558 ἡμᾶς
2670 2486 3017 2550 διαπαίζουσι
3047 2489 3176 2559 περὶ
3214 2487 3308 2543 τοῦ
3345 2490 3528 2560 τιμίου
3565 2507 3744 2546 σταυ-

2163 2578 2276 2650 ροῦ,
2308 2579 2402 2633 καὶ
2430 2577 2530 2649 τῆς
2569 2580 2679 2633 τῶν
2726 2578 3080 2633 Θεοτυπὼτων
3109 2580 3334 2634 εἰκόνων
3379 2583 3743 2652 σημειώσεὼς

2157 2687 2214 2724 τε
2237 2671 2330 2724 καὶ
2365 2672 2809 2743 προσκυνήσεως,
2851 2669 3241 2741 εἰδωλολάτρας
3271 2672 3416 2740 ἡμᾶς
3450 2672 3545 2725 καὶ
3577 2661 3738 2738 ξυλο-
3771 2675 3779 2696 '

2157 2761 2313 2824 θέους
2332 2761 2713 2832 ὀνομάζοντες,
2739 2761 2788 2813 οἱ
2819 2759 3101 2814 πανάϐεοι.
3132 2760 3196 2813 Εἰ
3224 2759 3280 2813 δὲ
3314 2761 3559 2825 ξυλόθεός
3591 2763 3737 2832 εἰμι,

2156 2855 2232 2918 ὡς
2253 2855 2453 2923 λέγεις,
2476 2853 2625 2919 ἆοεε,
2661 2851 2756 2907 καὶ
2785 2850 3046 2916 πολύθεος
3092 2852 3329 2916 πάντως.
3371 2854 3432 2907 Εἰ
3473 2853 3530 2907 δὲ
3563 2856 3739 2908 πολύ-

2157 2943 2298 3010 θεος,
2350 2946 2519 3016 ὲχρῆν
2555 2961 2622 3016 με
2681 2942 2898 3007 πάντως
2931 2943 3173 3013 ὀμνύντα
3214 2944 3430 3013 λέγειν·
3466 2947 3562 3002 Μὰ
3589 2948 3740 3014 τοὺς

471 3037 704 3108 jerando
755 3039 970 3106 dixero,
1029 3040 1133 3094 Per
1177 3039 1302 3094 deos
1338 3055 1357 3093 :
1392 3041 1854 3110 quemadmodum
1885 3052 1937 3098 et
1969 3051 2050 3110 tu,

2159 3037 2353 3102 θεοὺς,
2405 3035 2657 3106 καθάπερ
2703 3035 2798 3089 καὶ
2851 3035 2916 3088 σὺ
2944 3035 3038 3087 ἕνα
3075 3034 3216 3105 ὁρῶν
3247 3036 3468 3106 μόσχον,
3506 3037 3694 3106 ἔλεγες
3719 3053 3734 3068 ·

475 3130 754 3198 quondam
784 3129 1019 3182 vitulum
1050 3145 1222 3184 unum
1249 3130 1546 3201 aspiciens,
1576 3131 1763 3188 aiebas
1791 3150 1805 3186 :
1835 3131 1906 3186 lli
1934 3143 2054 3188 sunt

475 3217 554 3271 dii
603 3218 703 3284 tui,
760 3215 936 3273 Israel
985 3219 1052 3274 ⁸⁸.
1094 3221 1163 3274 At
1219 3221 1491 3290 ejusmodi
1541 3221 1926 3292 jusjurandqu
1988 3240 2056 3282 ex

476 3324 573 3366 ore
629 3310 1068 3368 Christianorum
1120 3325 1176 3372 te
1230 3316 1510 3373 audivisse
1544 3319 1866 3390 neutiquam
1904 3335 2056 3376 assc-

457 3403 706 3481 ‘veraris.
775 3403 974 3460 Verum
1029 3406 1294 3466 adulterae
1358 3409 1656 3481 Synagogze
1708 3413 2054 3468 consuetudo

476 3502 582 3560 est,
613 3503 673 3548 ut
719 3496 1102 3564 castissimam
1133 3498 1338 3554 Christi
1373 3499 1708 3568 Ecclesiam,
1735 3517 1836 3558 ceu
1872 3519 2054 3560 mere-

478 3585 670 3639 tricem
703 3585 952 3642 infamct.
990 3604 1009 3637 ι

552 3675 832 3746 Ejusdem.
871 3695 890 3729 ‹
931 3676 1118 3749 Neque
1145 3679 1289 3736 enim
1312 3689 1628 3738 sanctorum
1657 3682 1883 3751 formas,
1920 3682 2057 3739 ima-

478 3767 634 3840 gines
663 3777 716 3824 et
751 3769 950 3840 figuras
997 3771 1077 3825 uti
1109 3771 1246 3830 deos
1307 3775 1624 3830 adoramus.
1669 3775 1802 3830 Nam
1847 3779 1894 3832 si
1935 3784 2056 3832 lan-

478 3874 643 3930 quam
678 3858 847 3914 Deum
878 3860 1114 3931 ligneam
1163 3863 1456 3936 imaginem
1487 3865 1865 3934 adoraremus,
1901 3883 2058 3924 eum-

479 3949 602 4004 dem
634 3947 862 4004 omnino
895 3950 1103 4005 cultum
1149 3953 1382 4024 reliquis
1421 3956 1586 4010 etiam
1623 3955 1790 4026 lignis
1826 3957 2055 4014 exhibe-

479 4055 684 4106 remus,
732 4057 933 4113 neque,
963 4051 1022 4098 ut
1051 4060 1197 4115 saepe
1225 4046 1519 4119 contingit,
1555 4049 1848 4121 imaginem
1883 4049 2056 4106 forma

477 4133 652 4190 deleta
700 4136 1176 4193 combureremus.
1217 4138 1284 4193 Et
1317 4155 1560 4206 rursum,
1612 4141 1856 4212 quandiu
1910 4141 2057 4212 ligna

477 4227 660 4282 crucis
724 4236 978 4299 coaptata
1053 4239 1302 4297 manent,
1371 4232 1603 4287 formam
1679 4232 1828 4287 illam
1883 4233 2054 4290 adoro

2160 3123 2335 3184 Οὗτοι
2371 3128 2427 3180 οἰ
2466 3126 2588 3180 θέοι
2631 3138 2773 3191 σου,
2809 3124 3082 3194 Ἰσραήλ·
3115 3125 3234 3180 ἀλλ’
3289 3127 3388 3180 οὐκ
3442 3126 3737 3208 semesa};

2154 3221 2314 3275 τοῦτο
2361 3222 2511 3290 παρὰ
2559 3220 2899 3290 Χριστιανῶν
2949 3221 3236 3290 στομάτων
3274 3220 3509 3274 ἀκοῦσαί
3559 3239 3730 3275 ποτε’
3763 3224 3806 3236 ’“

3609 285 3771 352 138$

3871 0 3902 244 l

3799 1645 3901 1672 ι’.“Ι

3809 1745 3838 1755 ,κ
3873 1743 3882 1746 .

2155 3312 2269 3368 ἀλλ’
2296 3289 2529 3366 εἰθισται
2557 3289 2645 3366 ἀεὶ
2675 3314 2708 3384 ἡ
2742 3311 2990 3383 μοιχαλὶς
3016 3289 3110 3365 καί
3137 3311 3366 3376 ἄπιστος
3410 3312 3732 3384 Συναγωγή,
3825 3289 3858 3360 '..'
3899 3339 3901 3356 .

2157 3404 2252 3476 τὴν
2299 3405 2668 3477 πανσὼφρονα
2717 3401 2954 3476 Χριστοῦ
3009 3401 3364 3474 Ἐκκλησίαν,
3400 3401 3476 3466 ὡς
3519 3402 3733 3475 πόρνην

2155 3493 2514 3566 διαγορεύειν.
2547 3511 2568 3546 ι
2641 3507 2770 3568 ’.μμ
2817 3517 2858 3574 ιτ,

2229 3673 2341 3730 Τοῦ
2376 3672 2579 3729 αὐτοῦ.
2608 3689 2628 3724 ι
2665 3670 2798 3726 Οὐδὲ
2824 3669 2933 3741 γὰρ
2959 3667 3091 3740 παρ’
3117 3667 3295 3739 ἡμῶν,
3317 3666 3393 3730 ὡς
3419 3665 3536 3719 θεοὶ
3564 3683 3732 3738 προσ-

2158 3765 2444 3820 κυνοῦνται
2483 3763 2534 3816 οἰ
2583 3761 2691 3814 τῶν
2745 3759 2915 3828 ἁγίων
2953 3755 3318 3828 χαρακτῆρες,
3372 3753 3468 3806 καὶ
3501 3754 3730 3817 εἰκόνες,

2157 3855 2252 3911 καὶ
2279 3854 2462 3909 τύποι.
2505 3854 2568 3912 Εἰ
2600 3851 2708 3922 γὰρ
2734 3851 2808 3915 ὠς
2840 3849 2960 3918 Θεῷ
2993 3845 3440 3920 προσεκυνοῦμεν
3471 3845 3548 3915 τῷ
3588 3845 3732 3915 ξύλῳ

2155 3947 2257 4019 τῆς
2292 3945 2519 4011 εἰκόνος,
2579 3942 2880 4015 ἐμέλλομεν
2937 3939 3154 4002 πάντως
3213 3938 3306 3992 καὶ
3354 3939 3466 4000 τοῖς
3523 3937 3732 4001 λοιποῖς

2158 4036 2486 4109 προσκυνεῖν
2521 4033 2718 4099 ξύλοις,
2754 4031 2850 4086 καὶ
2868 4031 2969 4102 οὐχ
2997 4030 3073 4094 ὡς
3101 4029 3381 4092 πολλάκις,
3415 4026 3730 4090 λεανθέντος

2155 4125 2249 4181 τοῦ
2283 4123 2664 4197 χαρακτῆρος,
2710 4121 2789 4192 τῷ
2827 4121 2962 4191 πυρὶ
2992 4119 3090 4191 τὴν
3133 4117 3315 4172 εἰκόνα
3342 4114 3726 4187 κατεκαίομεν.

2156 4219 2269 4275 Καὶ
2297 4217 2482 4284 πάλιν,
2516 4218 2622 4280 ἓως
2658 4215 2758 4287 μὲν
2804 4215 2920 4267 ἔστι
2958 4209 3314 4282 συνδεδεμένα
3353 4210 3421 4262 τὰ
3461 4207 3595 4276 ξύλα
3630 4209 3730 4262 τοῦ

477 4331 700 4390 propter
727 4298 851 4376 cum
885 4325 974 4392 qui
1013 4324 1318 4379 cruciﬁxus
1351 4323 1487 4379 fuit:
1522 4323 1612 4377 ubi
1645 4339 1773 4379 vero
1804 4325 2054 4394 scjuncta

2159 4307 2420 4381 σταυροῦ,
2451 4306 2744 4380 προσκυνῶ
2764 4303 2854 4358 τὸν
2876 4303 3044 4357 τύπον
3071 4302 3160 4356 διὰ
3186 4301 3279 4354 τὸν
3308 4301 3366 4354 ὲν
3388 4298 3533 4369 αὐτῷ
3563 4316 3731 4351 σταυ-

479 4387 706 4478 fuerint,
739 4387 926 4468 eadem
965 4415 1167 4486 abjicio
1199 4424 1363 4486 atque
1386 4415 1670 4470 comburo.
1699 4415 1766 4470 Et
1791 4387 2054 4487 quemad-

2159 4398 2401 4474 ptoe'éwa
2425 4397 2681 4469 Χριστὸν,
2718 4394 2854 4448 ὲπὰν
2898 4393 2956 4448 δὲ
2979 4389 3326 4464 διαιρεθῶσιν
3363 4389 3422 4454 ἐξ
3455 4387 3731 4459 ἀλλήλων,

479 4505 723 4569 modum,
748 4505 841 4575 qui
873 4506 1228 4578 imperatoris
1252 4506 1492 4563 edictum
1521 4507 1872 4580 obsignatum
1905 4508 2056 4564 acci-

479 4597 579 4667 pit,
614 4595 963 4666 sigillumque
995 4598 1303 4664 osculatur,
1333 4597 1379 4652 is
1410 4611 1520 4651 non
1550 4597 1746 4661 lutum,
1775 4597 2056 4652 chartam-

477 4702 566 4748 ve.
603 4692 699 4740 aut
730 4685 1016 4755 plumbum
1042 4695 1361 4754 veneratur,
1395 4687 1491 4743 sed
1529 4686 1843 4758 imperatori
1870 4687 2055 4757 potius

477 4775 745 4831 honorem
779 4773 960 4831 defert
993 4783 1050 4831 et
1089 4777 1512 4843 adorationem;
1549 4776 1630 4833 sic
1679 4791 1783 4832 nos
1831 4790 2053 4846 quoque

477 4863 804 4930 Christiani,
857 4865 1041 4920 crucis
1099 4865 1335 4922 formam
1392 4867 1702 4932 adorando,
1754 4881 1868 4921 non
1924 4866 2056 4937 ligni

478 4959 789 5024 materiam,
850 4957 949 5014 sed
1012 4960 1189 5031 magis
1238 4960 1612 5030 signaculum,
1671 4959 1932 5014 annulum
2003 4967 2059 5014 et

479 5051 855 5107 characterem
899 5048 1110 5104 Christi
1160 5050 1342 5120 ipsius
1390 5051 1779 5121 respicientes,
1815 5065 1913 5119 per
1964 5065 2058 5103 ea-

478 5141 600 5196 dem
654 5141 807 5196 illum
855 5142 952 5213 qui
1001 5138 1154 5196 cruci
1208 5137 1402 5196 allixus
1461 5139 1586 5207 fuit,
1646 5139 1956 5196 salutamus
2003 5150 2061 5197 et

479 5235 795 5291 adoramus.
826 5253 845 5288 ι

455 5527 460 5532 _
550 5450 595 5480 ²⁶
625 5457 795 5514 Exod.
825 5476 999 5524 xxx“,
1026 5463 1078 5518 ό.

2161 4492 2340 4563 ρίπτω
2390 4489 2533 4544 αὐτὰ
2577 4489 2673 4543 καί
2705 4484 3009 4542 κατακαίω.
3064 4483 3176 4537 Καὶ
3207 4481 3397 4552 ὥσπερ
3424 4483 3452 4534 ὁ
3482 4480 3731 4532 κέλευσιν

2159 4586 2424 4658 βασιλέως
2453 4582 2743 4653 δεξάμενος
2767 4577 3235 4650 ὲσφραγισμένην,
3267 4576 3361 4630 καί¹
3405 4573 3732 4644 ὰσπασάμε-
3791 4627 3826 4650 θ

2156 4697 2247 4744 νος
2274 4678 2372 4749 τὴν
2405 4675 2699 4746 σφραγῖδα,
2720 4673 2781 4726 οὐ
2801 4671 2891 4725 τὸν
2912 4669 3083 4740 moi;
3100 4669 3377 4740 ἐτίμησεν,
3399 4669 3460 4721 ού
3487 4667 3573 4721 τὸν
3592 4667 3732 4737 χάρ-
3755 4686 3788 4738 at
3813 4693 3830 4749 f

2156 4787 2278 4842 την,
2396 4767 2486 4821 τὸν
2538 4764 2805 4842 @2693),
2837 4761 2974 4816 ἀλλὰ
3023 4761 3100 4832 τῷ
3134 4759 3345 4830 βασιλεί
3378 4760 3636 4827 ἀπένειμε
3663 4758 3730 4810 τὸ
3767 4747 3860 4814 ,ἐξω

2159 4862 2326 4925 σέϐας
2375 4859 2470 4913 καὶ
2497 4857 2598 4929 τὴν
2637 4854 3009 4928 προσκύνησιν
3031 4869 3046 4886 ο
3093 4852 3235 4906 οῦτω
3265 4850 3360 4904 καὶ
3392 4847 3729 4920 Χριστιανῶν

2154 4953 2379 5017 παῖδες,
2419 4948 2498 5020 τῷ
2523 4947 2680 5018 τύπῳ
2729 4945 2824 5000 τοῦ
2872 4942 3109 5016 σταυροῦ
3162 4939 3621 5013 προοκυνοῦντες,
3659 4939 3725 4992 οὐ

2153 5045 2254 5116 τὴν
2291 5041 2452 5114 φύσιν
2472 5019 2576 5094 Ῠτοῦ
2607 5037 2763 5106 ξύλου
2795 5033 3234 5107 προσκυνοῦμεν,
3273 5031 3410 5088 ἀλλὰ
3440 5019 3856 5103 σεραγίδαδῖεξ
3899 5037 3901 5044 “

2155 5137 2253 5190 καὶ
2277 5132 2584 5208 δακτύλιον,
2616 5131 2710 5184 καὶ
2753 5130 3076 5199 χαρακτῆρα
3111 5123 3349 5196 Χριστοῦ
3401 5119 3564 5176 αὐτοῦ
3619 5120 3729 5189 [ns-
3783 5151 3846 5206 ,μζ
3899 5165 3901 5172 ,

2164 5209 2470 5292 ποντες,λδιῖ
2489 5209 2666 5277 αὑτοῦ
2701 5221 2790 5275 τὸν
2811 5223 2869 5276 ὲν
2896 5218 3044 5291 αὐτῷ
3079 5215 3462 5290 σταυρωθέντα
3492 5210 3726 5276 ἁσπαξό-
3837 5209 3901 5255 ξ”τ

2168 5317 2310 5389 μεθα
2339 5315 2432 5371 καὶ
2456 5312 2889 5388 προσκυνοῦμεν.
2932 5330 2948 5361 ι

3391 5383 3422 5397 κ

1759 5549 1988 5603 VARle
2028 5543 2429 5604 LECTIONES.

551 5669 749 5758 51.030
775 5688 1154 5757 όμοιωμάτων,
1191 5696 1241 5739 ut
1283 5685 1452 5740 Ziuus
1479 5693 1528 5738 et
1563 5683 1722 5764 Tilm.
1765 5695 1819 5737 et
1850 5683 1903 5737 in
1935 5689 2042 5736 act.
2072 5681 2102 5735 Ἰ
2143 5694 2263 5750 syu.
