3986 6346
190 454 318 520 1385

1274 458 1371 517 DE
1412 459 1872 523 IMAGINIBUS
1906 449 2189 513 ORATIO
2220 450 2334 510 ΙΙΙ.

3294 449 3430 511 1386

254 560 364 617 Τοῦ
393 558 599 615 αὑτοῦ.
626 576 644 609 ι
672 559 782 613 Καὶ
810 559 898 612 διὰ
924 558 1081 611 τοῦτο
1116 561 1370 631 Χριστὸν,
1398 564 1493 616 καὶ
1523 564 1595 617 τά
1618 520 1754 636 Χρι-

1936 558 2209 628 Ejusdem.
2251 554 2485 625 (Atque
2539 566 2659 605 eam
2719 551 2790 606 ob
2842 566 3064 605 causam
3119 549 3428 618 Christum,

188 650 304 704 στοῦ
336 650 519 721 πάθη,
549 650 609 703 ἐν
651 649 993 719 ἐκκλησίαις,
1028 651 1121 703 καὶ
1160 652 1349 715 οἴκοις,
1378 653 1473 705 καὶ
1507 655 1754 724 ἀγοραῖς,

184 744 270 795 καὶ
299 742 357 793 ἐν
380 740 573 803 εἰκόσι,
614 740 710 793 καὶ
731 741 789 792 ἐν
827 740 1048 805 σινδόνι,
1084 743 1177 794 καὶ
1204 743 1261 794 ἐν
1292 744 1560 814 ταμείοις,
1586 745 1681 818 και
1701 746 1758 797 ἐν

187 833 433 900 ἱματίοις,
467 833 563 884 καὶ
597 833 656 884 ἐν
687 832 851 883 παντὶ
881 833 1033 901 τόπῳ
1068 832 1291 885 ἐκτυπῶ
1326 833 1419 885 καὶ
1447 833 1757 904 διαγράφω,

187 926 265 976 ἵνα
294 922 559 989 διηνεκῶς
588 922 952 993 ὁρῶνταῦτα,
981 924 1517 994 ἀναμιμνήσκωμαι,
1557 924 1650 976 καὶ
1684 926 1761 993 μὴ

186 1014 549 1083 ἐπιλάθωμαι,
602 1013 795 1085 ῶσπερ
834 1017 898 1068 σὺ
945 1013 1212 1068 ἐπελάθου
1262 1016 1467 1085 Κυρίου
1502 1014 1598 1067 τοῦ
1623 1014 1761 1067 Θεοῦ

189 1123 277 1159 σου
305 1105 409 1159 ἀεί.
448 1106 559 1159 Καὶ
586 1105 776 1180 ὥσπερ
800 1107 865 1159 σὺ
897 1106 1219 1175 προσκυνῶν
1241 1107 1301 1159 τὸ
1332 1106 1537 1176 βιϐλίον
1562 1107 1657 1159 τοῦ
1678 1106 1765 1159 νό-

192 1214 313 1266 μου,
344 1197 405 1249 οὐ
443 1196 544 1265 τὴν
573 1197 734 1264 φύσιν
779 1197 891 1251 τῶν
935 1197 1221 1268 δερμάτων
1270 1190 1371 1250 καὶΔ
1406 1196 1500 1250 τοῦ
1536 1197 1765 1273 μέλανος

192 1289 538 1358 προσκυνεῖς,
572 1287 710 1341 ἀλλὰ
735 1289 861 1351 τοὺς
895 1287 1087 1355 λόγους
1124 1286 1221 1340 τοῦ
1263 1288 1398 1340 Θεοῦ
1432 1288 1560 1349 τοὺς
1582 1291 1766 1355 ἐγκει-

194 1380 385 1454 μένους
416 1379 473 1430 ἐν
506 1377 674 1449 αὐτῷ,
715 1378 887 1436 οὕτως
919 1379 1073 1446 κάγὼ
1097 1381 1163 1449 τῇ
1195 1380 1366 1432 εἰκόνι
1399 1378 1492 1432 τοῦ
1525 1379 1766 1450 Χριστοῦ

191 1575 330 1611 των·
366 1558 443 1629 μὴ
474 1559 721 1628 γένοιτοί
767 1559 884 1614 ἀλλ’
934 1560 1128 1630 ἀψύχῳ
1177 1561 1485 1630 χαρακτῆρι
1533 1559 1769 1631 Χριστοῦ

193 1646 534 1718 προσκυνῶν,
564 1648 633 1701 δι’
674 1649 841 1702 αὑτοῦ
863 1689 877 1714 ,
922 1651 1085 1703 αὐτὸν
1118 1651 1353 1721 Χριστὸν
1378 1650 1519 1703 δοκῶ
1554 1653 1771 1722 κρατεῖν

1859 648 2177 716 Christique
2233 643 2544 714 passionem
2594 642 2648 711 in
2696 642 2969 703 ecclesiis,
3007 642 3061 695 in
3113 642 3343 709 aedibus,
3376 646 3430 697 in

1862 740 2023 804 foris,
2076 740 2139 817 in.
2182 736 2405 809 tabulis,
2456 735 2508 788 in
2552 735 2771 797 linteis,
2829 734 2884 787 in
2933 735 3217 791 cubilibus
3267 746 3325 789 et
3376 736 3432 789 in

1860 835 2135 897 vestibus,
2179 842 2343 900 atque
2387 832 2441 883 in
2488 830 2639 883 omni
2672 830 2795 893 loco
2820 831 3069 898 exprimo
3094 838 3148 885 et
3180 830 3432 900 designo,

1865 935 1922 979 ut
1977 940 2070 994 per
2129 924 2447 976 continuam
2516 921 3040 983 considerationem,
3114 921 3435 975 memoriam

1862 1030 2051 1069 eorum
2093 1012 2474 1082 perfriccmus,
2513 1026 2612 1065 nec
2647 1027 2887 1081 unquam
2923 1012 3334 1077 obliviscamur,
3380 1022 3438 1065 ut

1864 1114 1921 1157 tu
1964 1119 2178 1174 semper
2231 1105 2548 1177 oblitusjes
2613 1103 2831 1158 Domini
2885 1103 2980 1158 Dei
3029 1104 3127 1159 tui.
3179 1103 3438 1168 Quinimo

1865 1195 2055 1260 veluti,
2093 1212 2216 1249 cum
2255 1196 2504 1269 volumen
2553 1197 2688 1264 legis
2744 1197 2975 1265 adoras,
3024 1210 3132 1249 non
3172 1195 3441 1250 membra-

1868 1303 2063 1340 narum
2093 1296 2147 1342 et
2188 1288 2480 1355 atramenti
2513 1270 3035 1351 naturani‘adoras,
3063 1287 3157 1341 sed
3199 1286 3292 1340 Dei
3319 1302 3440 1342 ser-

1871 1398 2061 1437 mones
2114 1382 2208 1451 qui
2262 1382 2321 1437 in
2359 1398 2424 1451 eo
2480 1382 2672 1451 scripti
2724 1391 2890 1447 sunt;
2951 1382 3226 1438 consimili
3281 1374 3443 1435 modo

192 1468 510 1538 προσκυνῶ,
543 1470 604 1523 οὐ
639 1472 707 1539 τῇ
746 1468 906 1536 φύσει
932 1470 1027 1522 τοῦ
1070 1469 1227 1535 ξύλου
1258 1471 1351 1523 καὶ
1385 1470 1494 1523 τῶν
1542 1460 1769 1542 χρωμά-

1878 1471 2076 1526 llhristi
2136 1472 2429 1541 imaginem
2486 1471 2679 1533 adoro,
2737 1485 3081 1541 nequaquam
3114 1486 3262 1525 vero
3310 1471 3467 1538 ligni-

1872 1564 2193 1617 eolorumve
2228 1571 2520 1629 naturam;
2558 1562 2736 1631 absit!
2772 1561 2875 1623 sed,
2904 1562 3204 1619 inanimam
3234 1562 3441 1617 Christi

1875 1651 2103 1719 figuram
2140 1650 2398 1711 adorans,
2445 1664 2540 1718 per
2584 1664 2704 1703 eam
2747 1650 2883 1702 mihi
2934 1649 3124 1711 videor
3153 1649 3447 1718 ipsummet

194 1738 285 1791 καὶ
305 1742 652 1809 προσκυνεῖν.
677 1741 787 1794 Καὶ
813 1740 1003 1812 ῶσπερ
1045 1740 1241 1796 Ἰακὼὸ
1284 1742 1579 1811 δεξάμενος
1623 1742 1773 1812 παρά

1878 1741 2155 1795 Christum
2211 1740 2501 1807 complecti
2554 1750 2602 1803 el
2645 1739 2915 1805 adorare.“
2946 1738 3205 1805 Atrsicut
3251 1737 3444 1801 Jacob,

194 1831 299 1885 τῶν
337 1832 585 1902 ἀδελφῶν
623 1832 720 1885 τοῦ
786 1832 985 1903 Ἰωσὴφ
1014 1833 1106 1885 τὸν
1136 1830 1339 1903 χιτῶνα
1382 1831 1473 1885 τὸν
1526 1830 1770 1884 ποικίλον

1876 1846 2000 1882 cum
2034 1845 2064 1881 a
2098 1827 2319 1898 Josephi
2364 1829 2629 1884 fratribus
2678 1830 2771 1897 qui
2826 1830 3006 1898 ipsum
3059 1829 3443 1892 vendiderant,

196 1921 531 1991 ᾑμαγμένον,
565 1924 656 1977 ὅτε
690 1902 1006 1994 ἐπίπρασαν
1028 1923 1120 1977 τὸν
1140 1902 1354 1994 Ἰωσὴφ
1376 1961 1390 1985 ,
1439 1921 1769 1989 κατεφίλησε

1878 1923 2079 1975 variam
2116 1920 2361 1988 ejusdem
2394 1921 2641 1974 tuniCam
2676 1920 2943 1990 sanguine
2976 1929 3260 1974 cruentam
3294 1934 3448 1974 rece-

197 2009 407 2073 πάντως
451 2013 542 2064 τὸν
584 2011 789 2082 χιτῶνα
819 2014 957 2084 μετὰ
988 2013 1263 2083 δακρύων,
1307 2012 1400 2065 καὶ
1430 2013 1539 2074 τοῖς
1570 2010 1771 2080 ὀφθαλ-

196 2099 312 2166 μοῖς
338 2102 450 2163 τοῖς
480 2100 628 2163 ἰδίοις
654 2100 845 2154 τοῦτον
867 2102 1083 2171 ἔθηκεν,
1114 2103 1173 2154 οὐ
1195 2101 1256 2153 τὸ
1289 2101 1505 2171 ἱμάτιον
1533 2098 1773 2179 θρηνῶν,

1875 2013 2064 2082 pisset,
2094 2011 2237 2065 hanc
2270 2027 2394 2064 cum
2439 2010 2699 2081 lacrymis
2728 2011 3100 2077 deosculatus,
3132 2009 3448 2065 oculiszsuis
3482 2064 3485 2069 ,

1873 2105 2168 2174 apposuit;
2227 2118 2336 2156 non
2391 2086 2550 2171 quasi
2602 2102 2844 2155 tunicam
2900 2101 2993 2157 ille
3048 2101 3293 2164 deﬁeret,
3353 2099 3452 2156 sed

192 2188 327 2242 ἀλλὰ
358 2190 426 2242 δι’
453 2191 621 2243 αὑτοῦ
665 2191 755 2244 τὸν
807 2192 1006 2262 Ἰωσὴφ
1036 2192 1274 2261 νομίζων
1307 2191 1649 2259 καταφιλεῖν,
1681 2191 1775 2243 καὶ

1878 2196 2019 2263 quod
2050 2210 2143 2264 per
2173 2210 2291 2249 eam
2323 2192 2624 2263 Josephum
2661 2193 2836 2261 ipsum
2882 2194 3151 2256 osculari,
3183 2202 3240 2248 et
3276 2192 3456 2245 mani-

193 2281 252 2333 ἐν
278 2282 465 2350 χερσὶν
495 2280 657 2333 αὐτὸν
679 2281 954 2351 κατέχεινο
977 2282 1120 2335 οὕτω
1150 2285 1241 2335 καὶ
1273 2282 1615 2351 Χριστιανῶν
1644 2284 1773 2331 παῖ-

192 2371 281 2433 δες
342 2370 530 2423 εἰκόνα
558 2370 823 2440 Χριστοῦ,
848 2371 881 2441 ἢ
905 2373 1227 2436 ἀποστόλου,
1252 2372 1284 2441 ἦ
1314 2371 1589 2441 μάρτυρος
1643 2387 1776 2423 κατα

192 2565 282 2604 νον
320 2551 410 2602 τὸν
485 2551 628 2622 Χρισ

196 2637 415 2697 σθαι....
433 2640 522 2705 Ὣς
542 2637 746 2710 γοίπ

192 2728 286 2785 ἐπὶ
311 2732 512 2795 παντὸς
532 2728 851 2803 ἀσπασμῖιῖ
867 2735 963 2787 καὶ
988 2734 1082 2786 ἐπὶ
1111 2733 1295 2803 πάσης
1327 2732 1776 2803 προσκυνήσεως.

194 2824 259 2877 Εἰ
282 2823 342 2876 δὲ
378 2823 502 2893 ἐμοὶ
544 2824 818 2892 ὲγκαλεῖς,
867 2825 1063 2894 λέγων,
1096 2826 1178 2879 ὅτι
1209 2825 1504 2899 προσκυνῶ
1530 2825 1609 2895 τῷ
1640 2822 1781 2895 ξύλῳ

192 2914 289 2968 τοῦ
325 2912 583 2984 σταυροῦ,
617 2914 706 2968 διά
738 2916 791 2967 τι
836 2916 936 2969 οὑκ
959 2916 1208 2985 ἐγκαλεῖς
1248 2917 1324 2986 τῷ
1366 2915 1584 2980 Ἰακὼϐ,
1621 2934 1783 2987 προσ·

196 3008 491 3077 κυνήσαντι
541 3008 635 3059 ἐπὶ
690 3006 751 3059 τὸ
788 3007 959 3079 ἀκρον
1008 3009 1108 3077 τῆς
1162 3008 1360 3078 ῥάϐδου
1405 3007 1500 3061 τοῦ
1542 3007 1779 3078 ’Ῑωσήφς

211 3096 373 3151 Ἀλλὰ
404 3096 691 3167 πρόδηλον,
723 3099 805 3151 ὅτι
845 3098 907 3150 ού
944 3096 1007 3150 τὸ
1036 3097 1191 3163 ξύλον
1227 3097 1404 3168 τιμῶν
1437 3098 1782 3169 προσεκύνη-

200 3204 318 3256 σεν,
351 3188 486 3243 ἀλλά
519 3184 607 3241 διὰ
638 3188 733 3241 τοῦ
786 3187 945 3254 ξύλου
978 3189 1056 3259 τῷ
1115 3187 1315 3260 Ἰωσὴφ
1348 3188 1779 3259 προσεκύνησεν,

199 3281 393 3351 ὥσπερ
432 3278 525 3335 καὶ
559 3285 723 3352 ἡμεῖς
752 3282 840 3335 διά
863 3281 959 3335 τοῦ
993 3282 1229 3353 σταυροῦ
1258 3282 1336 3351 τῷ
1362 3280 1605 3351 Χριστῷ.
1626 3282 1783 3336 Ἐπεὶ

199 3372 296 3424 καὶ
333 3371 583 3442 Ἀϐραάμ
606 3373 716 3432 τοῖς
755 3370 1073 3440 πωλήσασιν
1104 3370 1253 3441 αύτῷ
1273 3372 1364 3423 τὸν
1387 3370 1558 3438 τάφον
1582 3368 1783 3441 ἀνδρά-

200 3480 288 3516 σιν
313 3463 534 3518 ἀσεϐέσι
562 3464 964 3534 προσεκύνησε,
1005 3463 1100 3517 καί⁵
1129 3462 1260 3530 γόνυ
1288 3461 1533 3531 ἔκαμψεν
1567 3462 1659 3513 ἐπὶ
1685 3464 1784 3530 τὴν

200 3554 331 3623 γῆν,
379 3555 494 3607 ἀλλ’
521 3555 618 3623 οὐχ
652 3554 728 3618 ὡς
770 3555 925 3616 θεοὺς
979 3540 1193 3615 αὐτοὺς
1224 3552 1627 3623 προσεκύνησε.
1676 3553 1787 3604 Καὶ¹

992 2552 1249 2624 μάρτυρα
1316 2551 1481 2605 αὑτοῦ
1537 2550 1779 2614 ἀσπάζε-

204 3642 388 3709 πάλιν,
430 3646 460 3696 6
514 3642 708 3696 Ἰακὼϐ
749 3643 841 3696 τὸν
888 3633 1086 3711 Φαραὼ
1113 3642 1418 3711 ηὐλόγησεν
1441 3684 1455 3706 ,
1486 3641 1659 3710 ἀσεϐῆ
1693 3630 1795 3695 και

204 3734 598 3804 εἰδωλολάτρην
637 3734 784 3801 ὄντα,
820 3735 915 3786 καὶ⁸
937 3734 1028 3786 τὸν
1074 3733 1245 3786 Ἠσαῦ
1276 3732 1526 3796 ἑπτάκις,
1552 3732 1668 3785 ἀλλ’
1691 3732 1788 3802 οὐχ

203 3826 281 3890 ὡς
303 3827 458 3881 Θεόν.
494 3826 817 3891 Ἰδὲπόσους
846 3826 1175 3895 ἀσπασμοὺς
1203 3825 1299 3878 καὶ
1343 3825 1516 3887 πόσας
1547 3841 1787 3894 προσκυ-

203 3917 392 3988 νήσεις
431 3917 687 3981 ἀπέδειξά
741 3933 845 3975 σοι,
879 3917 1155 3987 γραφικάς
1180 3915 1397 3981 ,τεκαὶ
1421 3915 1681 3983 φυσικὰς,
1712 3914 1788 3984 μὴ

16 4042 27 4073 ς,
74 4032 97 4059 ψ
136 4008 435 4079 ἐχούσας
470 4009 841 4077 κατάγνωσιν;
885 4009 985 4078 ἐμὲ
1009 4008 1064 4060 δὲ
1098 3998 1243 4060 ἐπάν
1272 4007 1388 4078 ἴδῃς
1428 4008 1615 4059 εἰκόνα
1653 4007 1790 4075 Χρι-

207 4098 359 4161 στοῦ,
390 4098 423 4168 ἢ
454 4101 553 4168 τῆς
588 4098 863 4167 πανάγνου
893 4096 1058 4151 αὑτοῦ
1088 4096 1331 4167 Μητρὸς,
1363 4095 1397 4167 ἢ
1426 4096 1582 4164 ἁγίου
1617 4112 1789 4166 προσ-

205 4188 500 4253 κυνοῦντα,
534 4190 862 4258 ἀγανακτεῖς
904 4189 1128 4255 εὐθέως,
1162 4190 1256 4242 καὶ
1298 4187 1661 4259 βλασφημεῖς,
1698 4188 1791 4241 καὶ

208 4266 517 4351 ἀποπηδᾷς,
545 4281 641 4334 καὶ
672 4280 1069 4352 εἰδωλολάτρην
1114 4297 1182 4351 με
1212 4280 1530 4345 ἀποκαλεῖς,
1553 4279 1649 4333 καὶ
1692 4279 1792 4332 οὑκ

208 4358 474 4445 αἰσχύνῃ;
501 4374 595 4428 καὶ
631 4374 895 4445 φρίττεις,
941 4374 1039 4428 καὶ
1080 4374 1363 4444 ἐρυθριᾷς,
1387 4372 1531 4444 όρῶν
1562 4390 1630 4443 με
1667 4370 1792 4426 καθ’

213 4463 451 4531 ἑκάστην
477 4461 689 4531 ἡμέραν
710 4462 767 4514 ἐν
788 4462 938 4534 πάσῃ
960 4464 1025 4532 τῇ
1048 4462 1344 4533 οἰκουμένῃ
1368 4462 1531 4525 ναοὺς
1560 4461 1793 4515 εἰδώλων

1876 2287 1978 2340 bus
2006 2284 2299 2353 complecti
2333 2284 2436 2338 sibi
2480 2283 2758 2336 videretur
2789 2284 2831 2313 ⁸⁷
2871 2300 2885 2336 :
2923 2284 3004 2339 sic
3052 2293 3107 2338 et
3156 2299 3257 2339 nos
3286 2281 3451 2337 Chri-

1877 2376 2043 2432 stiani
2083 2376 2376 2443 imaginem
2418 2374 2653 2442 apostoli
2697 2374 3028 2444 martyrisve
3063 2375 3272 2430 carnali
3301 2391 3455 2430 more

192 2460 564 2549 ασπαζόμενν
583 2463 649 2532 τῇ
681 2478 783 2533 σαρ
909 2462 1105 2534 ἦψυχῇ
1128 2462 1424 2532 νομίζομεν
1447 2461 1612 2515 αὑτὸν
1637 2462 1777 2513 ἐκεῖ·

192 2565 282 2604 νον
320 2551 410 2602 τὸν
485 2551 628 2622 Χρισ
992 2552 1249 2624 μάρτυρα
1316 2551 1481 2605 αὑτοῦ
1537 2550 1777 2614 ἀσπάζε-

196 2637 415 2697 σθαι....
433 2640 522 2705 Ὣς
542 2463 967 2746 70w;
989 2639 1164 2707 εἷπον,
1187 2644 1215 2695 6
1243 2632 1444 2706 σκοπὸς
1466 2641 1777 2706 ἐξετάζεται

1878 2467 2335 2535 complectentes,
2358 2464 2544 2519 animo
2568 2472 2886 2533 reputamus
2918 2481 3038 2529 nos,
3060 2466 3143 2520 vel
3171 2465 3454 2521 Christum

1879 2558 2095 2625 ipsum,
2142 2556 2228 2609 vel
2284 2564 2574 2625 martyrem
2623 2555 2746 2624 ejus
2796 2555 3187 2623 amplexari....
3253 2556 3454 2621 Quatu-

1878 2650 2089 2711 obrem,
2113 2656 2171 2701 ut
2202 2647 2402 2715 saepius
2438 2645 2573 2710 dixi,
2610 2646 2661 2699 in
2692 2646 2839 2699 omni
2875 2647 3203 2711 salutatione
3226 2647 3307 2701 vel
3333 2647 3454 2703 ado-

1879 2558 2095 2625 ipsum,
2142 2556 2228 2609 vel
2284 2564 2574 2625 martyrem
2623 2555 2746 2624 ejus
2796 2555 3187 2623 amplexari....
3253 2556 3458 2621 Quatu-

920 2632 967 2707 ἴς
989 2639 1164 2707 εἷπον,
1187 2644 1215 2695 6
1243 2632 1444 2706 σκοπὸς
1466 2641 1777 2706 ἐξετάζεται

1878 2650 2089 2711 obrem,
2113 2656 2171 2701 ut
2202 2647 2402 2715 saepius
2438 2645 2573 2710 dixi,
2610 2646 2661 2699 in
2692 2646 2839 2699 omni
2875 2647 3203 2711 salutatione
3226 2647 3307 2701 vel
3333 2647 3461 2703 ado-

1881 2736 2093 2790 ratione
2121 2736 2452 2807 disquiritur
2488 2736 2739 2791 intentio.
2770 2735 2926 2801 Quod
2958 2737 3003 2791 si
3034 2738 3166 2791 mihi
3198 2737 3459 2791 crimina-
3496 2794 3503 2797 ,

1882 2829 1979 2894 ris,
2008 2830 2166 2898 quasi
2199 2828 2387 2883 crucis
2421 2828 2646 2898 lignum,
2674 2844 2771 2883 ceu
2805 2828 2971 2882 Deum
3006 2828 3226 2893 adorem
3249 2847 3263 2895 ;
3287 2843 3459 2898 quare

1883 2937 1993 2975 non
2034 2920 2161 2975 item
2194 2918 2366 2975 Jacob
2388 2934 2640 2984 accusas,
2671 2920 2766 2989 qui
2801 2920 2962 2991 virgae
2981 2918 3204 2990 Josephi
3231 2918 3459 2981 summi-
3492 2976 3493 2981 η

1884 3020 2049 3067 tatem
2075 3011 2327 3066 adoravit
2349 3011 2431 3085 ⁵⁸2
2451 3010 2519 3063 At
2549 3010 2902 3064 manifestum
2933 3019 3016 3064 est
3044 3026 3167 3065 eum
3190 3025 3300 3064 non
3326 3010 3456 3080 ligni

1883 3104 2189 3161 honorandi
2225 3118 2391 3157 causa
2431 3102 2812 3155 adorationem
2830 3101 3164 3177 exhibuisse
3186 3142 3201 3167 ,
3233 3099 3329 3154 sed
3358 3116 3458 3171 po-

1884 3200 1995 3255 tius
2020 3212 2116 3268 per
2147 3197 2418 3251 honorem
2457 3194 2605 3264 ligno
2650 3195 2978 3262 praestitum,
3016 3193 3281 3263 adorasse
3310 3190 3461 3247 .lose-

1886 3291 2076 3359 phum,
2131 3284 2293 3357 375
2329 3286 2473 3340 sicut
2519 3285 2575 3338 in
2611 3298 2777 3338 cruce
2807 3283 3091 3339 Christum
3141 3283 3459 3339 adoramus.
3516 3326 3519 3327 ν

1886 3380 2092 3435 Eodem
2131 3381 2294 3447 plane
2327 3375 2491 3430 modo
2516 3390 2628 3442 quo
2662 3374 2941 3429 Abraham
2983 3374 3232 3429 homines
3265 3374 3462 3443 impios

1820 3522 1823 3523 ν
1887 3490 1915 3523 a
1949 3471 2146 3541 quibus
2174 3468 2489 3536 sepulcrum
2519 3466 2886 3528 mercabatur,
2913 3464 3147 3534 genibus
3173 3464 3225 3517 in
3255 3471 3461 3518 terram

1888 3558 2146 3615 demissis
2179 3557 2455 3620 adoravit,
2493 3570 2841 3625 nequaquam
2887 3563 3071 3608 tamen
3122 3554 3201 3609 uti
3235 3555 3367 3609 deos
3394 3555 3460 3609 ⁵⁸.

1888 3648 1968 3701 Ad
1996 3648 2130 3713 lucc,
2174 3645 2345 3699 Jacob
2387 3643 2682 3707 Pharaoni,
2720 3642 2889 3711 impio
2922 3643 3047 3715 licet
3076 3642 3465 3710 idolorumquo

1889 3738 2111 3803 cultori,
2141 3737 2424 3792 benedixit
2448 3736 2513 3801 ⁸ο,
2540 3744 2701 3803 atque
2731 3737 2934 3803 septies
2964 3736 3107 3789 Esau
3137 3735 3205 3799 ⁶¹,
3229 3732 3325 3789 sed
3354 3748 3462 3787 non

1893 3832 1969 3886 uti
2014 3830 2207 3894 Deum,
2242 3814 2511 3883 adoravit.
2545 3824 2703 3889 Vide,
2747 3835 2883 3895 quot
2927 3826 3026 3880 tibi
3076 3826 3497 3887 salutationes.:

1891 3932 2132 3993 quotque
2170 3920 2547 3983 adorationes,
2582 3927 2695 3970 tum
2734 3919 2788 3971 in
2830 3916 3135 3991 Scriptnris
3180 3917 3465 3990 probatas,

1892 3992 2006 4069 tum
2045 4013 2348 4076 naturales,
2383 4010 2519 4064 nulli
2566 3992 2798 4079 prorsus
2845 4008 3257 4077 reprehensioni
3289 4008 3467 4062 obno-

1892 4107 2011 4161 xias
2038 4102 2381 4175 protulerint.
2414 4098 2496 4154 Tu
2538 4114 2691 4163 vero,
2726 4116 2851 4152 cum
2885 4098 3111 4161 Christi,
3148 4107 3245 4153 aut
3268 4097 3468 4153 castis-

1893 4199 2046 4254 simae
2079 4194 2268 4249 Matris
2296 4193 2468 4258 illius,
2512 4201 2606 4245 aut
2643 4192 2823 4247 sancti
2855 4190 3144 4259 cujusdam
3174 4190 3465 4259 imaginem

1893 4304 1995 4344 nos
2021 4287 2175 4342 vides
2204 4285 2457 4348 adorare,
2493 4282 2788 4337 Confestim
2843 4280 3298 4351 indignabundus
3330 4280 3384 4334 id
3409 4282 3464 4335 in

1894 4383 2103 4437 crimen
2136 4377 2305 4433 vertis
2327 4418 2342 4443 ,
2371 4373 2717 4445 aufugisque,
2746 4380 2802 4427 et
2849 4387 2934 4426 me
2970 4368 3312 4424 idololatram
3365 4383 3468 4422 no-

1895 4471 2094 4525 minas.
2129 4465 2249 4521 Non
2276 4473 2328 4521 te
2361 4462 2562 4534 pudet?
2598 4478 2707 4516 non
2753 4460 3164 4532 perhorrescis?
3211 4471 3321 4512 non
3372 4472 3468 4511 ru-

214 4553 571 4618 καταλύοντα,
600 4553 698 4607 καὶ
721 4554 881 4616 ναοὺς
910 4554 1201 4625 μαρτύρων
1223 4554 1606 4623 ἀνεγείροντα;
1640 4538 1709 4605 Εἰ
1725 4552 1777 4605 τὸ

1897 4563 2030 4616 bore
2062 4556 2415 4620 suﬂ’underis,
2446 4553 2663 4625 quando
2698 4567 2784 4606 me
2820 4552 2969 4606 vides
3000 4550 3054 4603 in
3088 4549 3346 4603 universo
3375 4563 3471 4603 or—

213 4644 411 4698 εῑδωλα
436 4643 828 4715 προσεκύνουν,
858 4643 1002 4697 διατί
1032 4645 1159 4707 τοὺς
1182 4644 1468 4714 μάρτυρας
1492 4643 1640 4713 τιμῶ
1666 4644 1794 4705 τοὺς

1895 4655 1964 4709 be
2036 4651 2307 4705 idolorum
2374 4648 2602 4701 delubra
2662 4644 3094 4709 demolientem,
3161 4643 3474 4713 templaque

3486 3844 3539 3897 Ἢ
3568 3842 3735 3893 .qiuc:
3768 3814 3799 3897 ,ί

216 4732 631 4797 καταλύσαντας
659 4732 730 4787 τὰ
756 4732 983 4798 εἶδωλα;
1016 4734 1066 4785 εἰ
1094 4732 1152 4785 δὲ
1182 4731 1249 4785 τά
1279 4731 1431 4797 ξύλα,
1465 4731 1541 4795 ὼς
1566 4731 1690 4801 φὴς,
1715 4731 1777 4783 δο

1896 4746 2204 4808 martyrum
2267 4735 2463 4789 honori
2526 4730 2943 4788 exstruentem?
3008 4730 3155 4800 quod
3214 4731 3261 4785 si
3323 4729 3473 4784 idola

216 4823 388 4892 ξάζω,
416 4825 533 4890 πῶς
557 4825 703 4897 τιμῷ
728 4826 857 4888 τοὺς
882 4825 1091 4895 ἁγίους,
1122 4826 1247 4890 τοὺς
1294 4826 1366 4879 τὰ
1409 4823 1596 4889 ξύλινα
1633 4823 1777 4889 ξόανι

1898 4828 2087 4889 adoro,
2118 4823 2249 4895 quid
2279 4833 2363 4878 est
2408 4838 2507 4877 cur
2552 4828 2823 4891 martyres
2857 4819 3130 4872 idolorum
3182 4831 3474 4873 eversores

215 4914 327 4969 τῶν
349 4914 618 4985 δαιμόνων
647 4915 1135 4979 κατακαύσαντας,
1164 4914 1227 4967 Εἰ
1256 4914 1319 4991 ,δὲ
1345 4915 1588 4977 καὶτοὺς
1619 4912 1777 4966 λίθου.

1899 4915 2204 4971 honorem?
2231 4913 2377 4983 quod
2430 4912 2478 4967 si
2505 4911 2691 4981 lignis,
2730 4910 2810 4963 uti
2843 4906 2993 4978 loqui
3032 4923 3206 4974 amas,
3241 4908 3474 4979 gloriam

214 5004 447 5070 δοξάζω,
481 5004 597 5066 πῶς
617 5004 826 5071 δοξάζω
849 5005 977 5068 τοὺς
999 5004 1347 5068 ἀποστόλους,
1385 5007 1509 5067 τοὺς
1534 5006 1602 5058 τὰ
1625 5004 1777 5057 λίθινι

1902 5004 2087 5059 defero
2115 5019 2128 5068 ;
2161 5003 2255 5072 qui
2286 5002 2365 5065 fit,
2412 5010 2471 5055 ut
2501 5001 2708 5053 honore
2740 4998 2993 5053 homines
3026 5008 3250 5053 sanctos
3277 5012 3474 5069 prose-

217 5095 413 5147 εἴδωλα
437 5096 883 5158 κατακλάσαντας
904 5114 918 5159 ;
946 5097 1007 5148 Εἰ
1028 5096 1123 5158 τὰς
1154 5096 1371 5158 εἰκόνας
1394 5096 1500 5147 τῶν
1524 5096 1777 5165 ψευδωνύη

1900 5111 2060 5165 quar,
2084 5094 2177 5164 qui
2204 5094 2409 5163 ligneas
2434 5092 2742 5146 daemonum
2773 5102 2986 5145 statuas
3014 5089 3477 5145 combusserunt?

223 5204 342 5256 μων
365 5185 503 5238 θεῶν
533 5186 696 5249 σέϐω,
739 5187 857 5251 πῶς
886 5188 1094 5255 δοξάζω
1115 5227 1130 5250 ,
1157 5188 1250 5241 καὶ
1283 5188 1509 5251 ἐπαινῶ,
1564 5188 1658 5241 καὶ
1684 5188 1777 5255 ἐορ

1904 5188 2009 5242 Sed
2056 5187 2101 5241 si
2142 5186 2351 5255 lapides
2398 5185 2647 5250 celebro;
2695 5198 2796 5237 cur
2839 5182 3122 5252 apostolos
3178 5182 3349 5252 ipsos,
3378 5182 3474 5251 qui

218 5277 321 5340 τὰς
375 5278 608 5331 ὲπιτελῶ
652 5279 762 5332 τῶν
811 5279 1034 5341 παιδῶν,
1075 5279 1183 5332 τῶν
1215 5279 1272 5332 ὲν
1304 5277 1581 5332 Βαϐυλῶνι
1634 5278 1777 5348 ἀθλη·

1903 5275 2116 5346 lapidea
2172 5276 2463 5331 simulacra
2520 5275 3005 5337 comminuerunt,
3067 5273 3421 5333 celebravere
3452 5274 3491 5335 ?,

223 5368 457 5435 σάντων,
482 5372 576 5424 καὶ
600 5373 665 5441 τῇ
696 5371 865 5424 εἰκόνι
894 5373 960 5441 τῇ
981 5373 1154 5441 χρυσῇ
1178 5370 1252 5441 μὴ
1280 5358 1776 5442 προσκυνησάντων

1905 5368 2049 5439 quod
2072 5367 2116 5422 si
2145 5366 2362 5421 tandem
2386 5366 2651 5421 falsorum
2672 5365 2902 5419 deorum
2923 5379 3157 5419 veneror
3174 5365 3476 5435 imagines;

220 5462 292 5533 τῇ
324 5462 611 5533 εἰδωλικῇ;
646 5461 788 5515 Ἀλλ’
821 5462 989 5524 ὅντως
1036 5460 1204 5530 πολλὴ
1241 5462 1351 5515 τῶν
1372 5462 1589 5531 ἀνόμων
1621 5465 1652 5531 ὴ

1907 5474 2076 5529 quare
2110 5457 2278 5527 igitur
2338 5460 2500 5514 trium
2575 5470 2876 5526 puerorum
2903 5455 2968 5519 θ’,
2989 5448 3229 5531 quia,ne
3257 5469 3477 5509 auream

150 5596 157 5613 ς
184 5596 193 5607 .
227 5574 417 5629 ρωσις,
448 5556 616 5630 πολλὴ
638 5555 931 5627 τύφλωσις.
966 5550 1038 5606 Ὦ
1081 5555 1328 5621 Ἰουδαῖε,
1371 5555 1541 5627 πολλὴ
1570 5561 1602 5624 ἠ
1644 5532 1777 5609 ἀναί-

1909 5551 2039 5607 idoli
2070 5550 2361 5621 imaginem
2392 5546 3004 5618 adorarent,Babylone
3030 5547 3477 5610 decertaverunt,

6 5676 13 5687 ι
32 5676 61 5686 ῳ

347 5735 391 5767 ⁸⁷
422 5733 559 5788 Gen.
596 5748 811 5800 xxxv",
854 5731 924 5785 32
956 5746 1112 5801 seqq.
1176 5730 1254 5801 ,”
1291 5728 1429 5786 Gen.
1488 5746 1678 5794 XLVIII,
1724 5728 1777 5783 ‘li

1878 5725 2030 5782 liebr.
2074 5740 2149 5789 ιιι,
2196 5722 2287 5778 21.
2386 5724 2431 5755 ⁵⁸
2464 5720 2605 5779 Gen.
2640 5737 2798 5785 χχιιι,
2828 5722 2880 5775 7.
2981 5722 3026 5755 ‘°
3054 5720 3191 5776 Gen.
3231 5736 3399 5787 sevit,
3425 5719 3481 5772 9.

226 5802 273 5833 ‘”
299 5801 433 5859 Gen.
461 5819 655 5867 χχχιιι,
688 5804 741 5856 5.
799 5799 861 5833 7⁸³
883 5801 1016 5855 Dan.
1037 5799 1133 5865 ἰιι,
1167 5799 1193 5853 1
1224 5816 1379 5869 seqq.

548 5898 819 5953 ΡΑτιιοι..
851 5896 968 5952 (in.
1013 5893 1211 5951 XCIV.

3098 5883 3176 5941 Us
