3986 6346
487 366 622 432 i387
1657 367 1717 427 S.
1757 368 2078 433 JOANNIS
2117 373 2547 436 DAMASCENI
3619 377 3771 445 1388

479 481 710 553 gloriam
775 481 1074 550 laudesque
1133 478 1396 548 praedico,
1466 477 1778 552 horumque
1842 483 2043 537 nomini

2165 485 2283 541 δειὰ
2323 503 2418 539 σου
2453 488 2548 540 καὶ
2573 488 2605 558 ή
2634 486 2894 542 ἀσέϐεια’
2935 486 3154 560 ἀληθῶς
3203 487 3474 544 ἀδικεῖται
3520 489 3635 544 ὑπὸ
3665 509 3767 545 σου

479 576 599 631 dies
649 574 817 630 festos
860 573 1006 644 ago?
1037 571 1240 628 Verum
1290 572 1460 627 nimia
1508 573 1670 643 plane
1695 574 2043 633 scelestorum

2156 577 2190 647 ἡ
2224 577 2469 648 ἀλήθεια.
2493 596 2512 628 ¢
2547 578 2799 644 Ἀνάστα,
2833 578 2862 630 ὁ
2883 577 3034 643 Θεὸς,
3066 576 3288 630 δίκασον
3312 578 3410 648 τὴν
3430 577 3592 649 δίκην
3621 595 3724 632 σου
3745 595 3763 613 ο

479 665 787 720 (ιὶιοωοιιιὶο
827 675 934 728 est,
987 664 1156 719 nimia
1208 663 1448 720 caecitas.
1497 663 1697 737 Magna
1736 682 1989 737 prorsus,
2026 683 2043 722 ι

2155 667 2340 736 κρῖνον
2371 669 2467 722 καὶ
2498 669 2718 722 δίκασον
2766 671 2898 740 ἡμῖν
2926 668 2987 734 ἐξ
3040 669 3226 732 ἔθνους
3274 669 3374 739 οὐχ
3423 669 3606 734 ὁσίου,
3638 665 3766 724 ἀλλ’

476 756 686 819 Judaee,
717 758 1058 827 impudentia
1092 766 1208 810 tua.
1241 754 1493 812 Profecto
1509 757 1608 814 abs
1640 767 1694 815 te
1715 761 1920 815 veritas
1949 759 2059 814 ini-

474 864 580 915 que
611 850 900 918 premitur.
923 868 941 900 ι
964 849 1233 919 Exsurge,
1253 846 1420 912 Deus,
1439 848 1628 918 judica
1643 865 1868 906 causam
1889 860 2058 905 luam.

2157 758 2377 813 ἀνοσίου
2401 761 2494 813 καὶ
2525 760 2829 832 ἀλλοτρίου,
2855 761 2952 815 καὶ
2984 759 3384 832 παροξύνοντός
3412 776 3472 813 σε
3497 759 3591 814 διὰ
3615 778 3769 813 παν-

2158 849 2272 913 τός.
2313 867 2334 902 ι

473 939 688 1004 Indica,
720 950 774 997 et
804 941 1061 1000 discerne
1100 957 1326 1000 causam
1359 951 1606 998 nostram
1640 943 1707 999 de
1741 951 1905 1015 gente
1933 957 2044 998 non
2082 950 2298 1009 sancta,
2337 943 2408 999 ab
2437 942 2626 1014 iniqua
2657 952 2712 1000 et
2743 944 2951 1008 aliena,
2979 957 3102 1015 quae
3157 950 3212 999 te
3276 941 3347 998 ad
3407 943 3765 1000 iracundiam

477 1040 758 1101 provocat.
796 1051 814 1083 ι

547 1123 825 1193 Ejusdem.
859 1143 882 1176 ι
915 1123 974 1178 Si
1001 1140 1156 1196 ergo.
1187 1132 1247 1179 ut
1274 1139 1421 1196 saepe
1457 1123 1595 1190 dixi,
1645 1123 1854 1196 lignum
1908 1125 2050 1194 lapi-

470 1211 709 1282 demque
733 1213 1047 1278 adorarem,
1085 1214 1254 1284 lapidi
1283 1214 1474 1284 utique
1497 1222 1553 1268 et
1584 1213 1735 1285 ligno
1767 1213 2010 1269 dicerem
2034 1232 2048 1269 :

474 1301 553 1355 Τιι
584 1319 665 1356 me
692 1303 922 1372 genuisti
956 1305 1024 1358 “.
1067 1302 1167 1359 Sin
1199 1313 1382 1360 autem
1423 1312 1747 1361 sanctorum
1778 1305 2051 1376 imagines

471 1396 663 1461 adoro,
698 1396 806 1451 imo
839 1411 968 1453 vero
1015 1397 1063 1452 si
1107 1404 1333 1454 sanctos
1389 1397 1563 1468 ipsos,
1618 1404 2052 1470 sanctorumque

466 1486 772 1542 certamina
815 1503 1046 1544 veneror
1091 1497 1147 1544 et
1179 1489 1328 1553 colo,
1376 1489 1657 1560 quomodo
1711 1499 1790 1555 tu,
1833 1491 2048 1556 insane,

471 1580 586 1634 hate
614 1580 759 1634 idola
793 1582 998 1637 vocas?
1024 1581 1176 1636 idola
1201 1581 1408 1652 quippe
1427 1582 1825 1639 similitudines
1844 1582 2054 1638 fuerint

466 1687 681 1738 eorum,
707 1672 803 1742 qui
839 1671 1098 1739 adulteri,
1145 1672 1458 1739 homicidae,
1502 1672 1740 1728 filiorqu
1781 1680 2052 1728 mactato-

469 1777 580 1826 res,
612 1772 666 1818 ct
692 1763 994 1819 effeminati
1027 1765 1286 1820 homines
1320 1765 1685 1833 exstiterunt,
1721 1781 1826 1820 non
1867 1774 2052 1821 autem
2095 1831 2116 1838 ,η

2225 1121 2338 1176 Τοῦ
2364 1121 2576 1177 αὐτοῦ.
2615 1138 2636 1174 ι
2683 1121 2746 1176 Ei
2778 1121 2879 1192 μὲν
2907 1113 3000 1191 οὖν
3032 1117 3110 1182 ὡς
3149 1117 3418 1180 πολλάκις
3467 1114 3644 1184 εἷπον,
3679 1119 3764 1191 τῷ

2152 1211 2297 1283 ξύλῳ
2330 1211 2424 1266 καὶ
2475 1210 2556 1282 τῷ
2609 1209 2768 1280 λίθῳ,
2791 1211 2869 1274 ὡς
2920 1208 3042 1279 Θεῷ
3095 1207 3500 1280 προσεκύνουν,
3535 1205 3671 1262 εἶπα
3691 1211 3762 1265 ἂν
3805 1269 3814 1296 τ

2150 1303 2308 1373 κάγὼ
2332 1303 2412 1375 τῷ
2459 1303 2603 1375 ξύλῳ
2633 1304 2731 1357 καὶ
2772 1301 2934 1373 λίθῳ·
2972 1302 3055 1355 Σύ
3105 1317 3183 1370 με
3217 1299 3576 1370 ἐγέννησας.
3604 1303 3671 1356 Εἰ
3699 1302 3760 1355 δὲ

2148 1395 2248 1460 τὰς
2287 1395 2506 1460 εἰκόνας
2532 1396 2642 1449 τῶν
2684 1395 2860 1464 ἁγίων
2902 1393 3218 1465 προσκυνῶ,
3243 1394 3370 1455 τοὺς
3395 1393 3586 1461 ἁγίους
3615 1393 3760 1465 μᾶλε

2148 1488 2264 1554 λον,
2291 1489 2390 1544 καὶ
2421 1488 2714 1560 προσκυνῶ
2745 1488 2845 1551 τάς
2876 1487 2986 1541 τῶν
3037 1487 3208 1555 ἁγίων
3258 1486 3553 1558 μαρτύρων
3582 1487 3760 1558 sese-

2150 1594 2267 1642 σεις
2301 1579 2398 1632 καὶ
2422 1579 2592 1649 τιμῶ,
2625 1579 2743 1642 πῶς
2763 1578 2944 1648 λέγεις
2983 1578 3182 1633 εἴδωλα
3213 1577 3388 1633 ταῦτα
3406 1619 3422 1644 ,
3444 1573 3488 1631 ὦ
3515 1579 3756 1649 ἀνόητες

2149 1669 2232 1722 Τά
2259 1667 2371 1739 γὰρ
2406 1667 2626 1735 εἴδωλα,
2659 1667 2770 1721 τῶν
2815 1667 3187 1740 ψευδωνύμων
3211 1709 3227 1737 ,
3251 1669 3360 1722 τῶν
3389 1668 3624 1740 μοιχῶν,
3654 1668 3758 1721 καὶ

2149 1760 2424 1831 φονευτῶν
2447 1800 2464 1828 ,
2519 1761 2619 1815 καὶ
2669 1753 3048 1828 τεκνοθυτῶν,
3081 1762 3177 1815 καὶ
3232 1762 3494 1832 μαλακῶν
3547 1761 3756 1832 ὁμοιώ-

469 1855 862 1925 proplictarum
899 1867 951 1912 et
990 1859 1397 1927 apostolorum.
1433 1859 1614 1929 Atque
1658 1865 1722 1912 ut
1763 1873 1830 1913 ex
1867 1858 2043 1928 aliqua

2155 1852 2304 1924 ματὰ
2331 1854 2461 1919 είσι,
2493 1853 2588 1907 καὶ
2633 1853 2696 1906 ού
2744 1853 3066 1924 προφητῶν,
3101 1852 3224 1907 οὐδὲ
3253 1854 3596 1908 ἀποστόλων.
3639 1855 3756 1907 Καὶ

465 1921 643 2018 parte,
698 1947 851 2004 brevi
912 1921 1340 2019 certissimoque
1409 1921 1665 2020 exemplo
1720 1949 2043 2020 intelligas,

2154 1921 2243 1999 ῖνα
2278 1944 2343 1998 ὲκ
2385 1944 2589 2016 μέρους
2609 1921 2952 2016 παραστήσω
2987 1945 3255 2017 σύντομον
3283 1946 3382 2000 καὶ
3419 1946 3754 2000 πιστότατον

465 2041 596 2111 quid
627 2041 977 2096 Christianos
1027 2041 1173 2097 inter
1220 2051 1276 2097 et
1312 2043 1545 2114 gentiles
1585 2041 1846 2112 paritatis
1881 2042 2052 2097 inter.

463 2130 647 2198 cedat,
691 2129 845 2184 audi.
891 2128 1180 2185 Habebant
1214 2129 1494 2215 Babylone
1542 2130 1789 2185 Chaldaei
1838 2131 2052 2185 musica

461 2221 644 2278 omnis
674 2221 894 2293 generis
927 2236 1156 2292 organa,
1177 2222 1382 2292 quibus
1412 2221 1711 2276 simulacra
1734 2221 2050 2276 daemonum

463 2309 1093 2366 colebant:.habebant
1155 2321 1210 2367 et
1268 2312 1366 2366 filii
1418 2309 1590 2368 Israel
1646 2309 2050 2384 Hierosolymis

462 2409 741 2469 asportata
795 2415 1025 2470 organa,
1061 2415 1183 2472 quae
1219 2401 1273 2456 in
1309 2401 1575 2458 salicibus
1609 2403 2046 2475 suspenderunt.

463 2491 706 2562 Utraque
764 2493 1130 2548 instrumenta
1187 2503 1371 2557 erant,
1426 2494 1637 2560 nablia,
1689 2495 1940 2560 citharae,
1991 2503 2048 2552 et

459 2584 610 2639 tibiae
638 2603 651 2637 :
687 2583 786 2639 sed
820 2583 924 2640 ista
952 2584 1018 2640 ad
1049 2585 1141 2639 Dei
1173 2585 1406 2656 gloriam
1433 2603 1450 2655 ;
1490 2586 1586 2640 illa
1613 2601 1748 2642 vero
1779 2587 2044 2642 similitu-

458 2675 605 2730 dinis
634 2675 830 2730 horum
852 2677 1073 2744 aemula,
1106 2679 1174 2732 ad
1207 2680 1513 2734 daemonum
1553 2678 1765 2734 cultum
1793 2680 2042 2750 pertine-

459 2768 614 2824 bant.
642 2768 788 2825 ldem
812 2768 926 2839 jam
967 2770 1267 2826 discrimen
1299 2772 1444 2826 inter
1473 2771 1742 2841 imagines
1767 2769 2042 2826 Christia-

456 2875 657 2916 norum
695 2871 749 2917 et
779 2860 926 2916 idola
975 2861 1266 2932 gentilium
1311 2863 1515 2934 cogita.
1561 2860 1691 2918 llaec
1739 2864 1943 2934 quippe
1975 2861 2042 2917 ad

457 2952 662 3008 diaboli
695 2953 925 3024 gloriam
952 2967 1017 3009 ac
1042 2953 1404 3021 memoriam;
1440 2954 1533 3009 illa
1557 2969 1692 3011 vero
1712 2955 1780 3010 ad
1808 2954 2039 3018 Christi,

455 3053 510 3099 et
556 3045 935 3115 apostolorum
973 3057 1416 3116 martyrumque,
1455 3054 1510 3100 et
1543 3058 1864 3103 sanetorum
1919 3045 2038 3116 ejus

456 3135 674 3192 laudem
705 3135 976 3191 fabricata
1004 3143 1154 3220 sunt.
1197 3155 1215 3188 ι

526 3224 804 3294 Ejusdem.
839 3243 858 3276 ι
897 3225 1133 3280 Proinde
1167 3223 1392 3295 quando
1414 3222 1792 3282 Christianum
1829 3225 2038 3282 videris

2154 2035 2461 2108 ὑπόδειγμα
2498 2038 2630 2110 περὶ
2651 2036 3057 2109 Χριστιανικῶν
3077 2037 3175 2091 καὶ
3209 2036 3536 2108 Ἑλληνικῶν
3554 2041 3754 2109 ὁμοιω-

2155 2127 2346 2198 μάτων
2367 2167 2384 2196 ,
2418 2129 2554 2184 ἀκου
2569 2147 2683 2186 σον.
2733 2125 2894 2203 Εἶχον
2941 2131 3000 2183 ὲν
3053 2129 3336 2184 Βαϐυλῶνι
3393 2131 3442 2184 οἱ
3487 2130 3752 2185 Χαλδαῖοι

2150 2218 2360 2291 ὅργανα
2411 2223 2644 2276 παντοῖα
2682 2220 2924 2293 μουσικὰ
2976 2221 3114 2292 πρὸς
3166 2221 3468 2294 θεραπείαν
3509 2221 3752 2277 εἰδώλων

2149 2309 2442 2382 δαιμόνων.
2466 2308 2627 2383 Εἶχον
2653 2313 2712 2366 δὲ
2743 2313 2842 2368 καὶ
2866 2314 2916 2366 οί
2943 2313 3051 2367 υἱοὶ
3075 2313 3296 2386 Ἰσραὴλ
3322 2313 3433 2369 ἁπδ
3471 2315 3746 2386 Ἰερουσα-

2773 2555 2942 2566 ———_..—.—-

2148 2401 2262 2473 λὴμ
2312 2403 2522 2474 ὄργανα
2543 2444 2558 2470 ,
2585 2403 2620 2458 ἀ
2650 2405 2744 2458 ἐπὶ
2779 2407 2902 2468 ταῖς
2934 2404 3450 2478 ίτέαιςέκρέμασαχ
3472 2447 3488 2472 ,
3515 2393 3872 2478 καὶμέῴτῖ
3913 2403 3923 2428 ι

2150 2421 2262 2473 Αημ
2312 2421 2522 2474 οργανα
2543 2444 2558 2470 ,
2585 2421 2620 2458 α
2650 2421 2744 2458 επι
2779 2421 2902 2468 ταις
2935 2421 3074 2458 ιτεαι
3133 2421 3450 2476 εκρεμασαν
3472 2447 3488 2472 ,
3515 2421 3794 2478 και‹ρ.-Η.ρ
3817 2421 3868 2476 εἰ
3918 2421 3923 2428 π

2149 2495 2356 2568 963.59.“
2379 2496 2611 2568 ὄργανα,
2637 2496 2733 2549 καὶ
2765 2483 2982 2566 ἱέιέὶει,
3001 2421 3380 2734 ﬁt
3401 2459 3445 2565 ..
3448 2498 3544 2552 καὶ
3585 2479 3860 2568 abito??-
3921 2491 3923 2496 “

2149 2587 2418 2658 ὑπῆρχον,
2438 2587 2473 2642 ἃ
2500 2588 2592 2642 ἐπὶ
2617 2591 2738 2652 ταῖς
2776 2587 2948 2652 ίτέαις
2970 2590 2996 2642 ὲ
3365 2589 3514 2643 Αλλά
3537 2589 3610 2644 τὰ
3643 2591 3748 2661 μὲν
3913 2513 3923 2704 l

2149 2677 2228 2734 είς
2259 2677 2417 2734 δόξαν
2455 2677 2592 2733 Θεοῦ
2645 2679 2916 2734 ἐγένοντο.
2947 2680 3018 2734 τά
3057 2681 3118 2734 δὲ
3223 2699 3251 2734 ς
3294 2680 3593 2734 θεραπείαν
3631 2682 3746 2734 τῶν

2148 2587 2418 2658 ὑπῆρχον,
2438 2587 2473 2642 ἃ
2500 2588 2592 2642 ἐπὶ
2617 2591 2738 2652 ταῖς
2776 2587 2948 2652 ίτέαις
2970 2587 3514 2661 emam
3537 2589 3610 2644 τά
3643 2591 3748 2661 μὲν

2145 2677 2228 2742 είς
2259 2677 2417 2744 δόξαν
2455 2677 2592 2733 Θεοῦ
2645 2679 2916 2748 ἐγένοντο,
2947 2680 3018 2734 τά
3057 2677 3251 2744 δὲἯς
3294 2680 3593 2752 θεραπείαν
3631 2682 3746 2737 τῶν

2145 2767 2418 2840 δαιμόνων
2442 2809 2458 2835 ,
2494 2769 2790 2848 ἀντίμιμα.
2823 2769 2982 2824 Οὕτω
3025 2770 3235 2837 λοιπζν,
3264 2775 3361 2826 καὶ
3387 2772 3484 2826 ἐπὶ
3513 2772 3630 2827 τῶν
3662 2775 3798 2828 εί-ι-
3909 2775 3923 2812 -ί

2144 2861 2340 2926 κόνων,
2369 2864 2466 2917 καὶ
2513 2863 2771 2930 εἰδώλων,
2815 2861 3146 2932 Ἑλληνικῶν
3199 2863 3296 2917 καὶ
3336 2863 3745 2935 Χριστιανιιοῶν

2143 2953 2256 3006 νόει
2289 2954 2373 3008 δτι
2410 2955 2595 3008 ἐκεῖνα
2630 2955 2731 3026 μὲν
2769 2957 2851 3019 εἰς
2889 2954 3050 3022 δόξαν
3093 2954 3344 3008 διαϐόλου
3386 2957 3480 3011 καὶ
3515 2958 3745 3029 μνήμην

2143 3045 2694 3117 κατεσκευάσθησαν,
2721 3046 2899 3102 ταῦτα
2928 3046 2988 3101 δὲ
3040 3047 3122 3111 είς
3165 3046 3326 3112 δόξαν
3353 3049 3616 3120 Χριστοῦ,
3641 3051 3746 3104 καὶ

2140 3135 2478 3203 ἀποστόλων,
2496 3137 2593 3190 καὶ
2625 3138 2943 3210 μαρτύρων,
2973 3139 3068 3193 καὶ
3092 3140 3264 3208 ἁγίων
3301 3139 3523 3196 αὑτοῦ.»

2221 3225 2333 3281 Τοῦ
2355 3227 2566 3282 αὐτοῦ.
2604 3245 2625 3280 ι
2657 3228 2830 3283 Ὅταν
2850 3229 3035 3284 τοίνυν
3064 3231 3182 3303 ῐδης
3207 3233 3538 3304 Χριστιανὸν
3565 3252 3744 3307 προσ-

454 3291 674 3372 crucem
708 3315 962 3383 adorare,
1007 3316 1060 3370 id
1100 3291 1286 3372 ab‘eo
1327 3314 1444 3372 fieri
1495 3326 1725 3388 propter
1757 3317 2040 3373 Christum

2150 3317 2414 3374 κυνοῦντα
2442 3318 2522 3392 τῷ
2551 3319 2797 3392 σταυρῷ,
2841 3323 3034 3392 γνῶθι,
3213 3291 3302 3379 διά
3357 3291 3746 3399 Χριστὺνπὺν

454 3407 778 3464 crucifixum
831 3409 1016 3471 scito,
1069 3423 1182 3464 non
1231 3418 1414 3464 autem
1474 3417 1532 3462 ut
1573 3409 1782 3480 lignum
1828 3409 2040 3466 adoret.

453 3501 671 3572 Alioqui
727 3500 986 3556 universa
1034 3500 1184 3572 ligna
1237 3500 1622 3568 adoraremus,
1673 3501 1820 3558 sicut
1868 3501 2044 3558 Israel

453 3591 610 3646 lucos
640 3599 694 3646 et
725 3593 954 3647 arbores
980 3591 1269 3657 adorabat,
1297 3599 1462 3662 atque
1492 3591 1714 3648 dicebat
1743 3611 1756 3647 :
1793 3594 1867 3646 Tu
1901 3591 2040 3647 Deus

452 3699 600 3737 ineas
656 3698 748 3748 es;
797 3693 853 3736 tu
892 3699 974 3738 me
1027 3684 1257 3754 genuisti
1290 3682 1358 3738 “.
1392 3681 1506 3739 Nos
1547 3699 1678 3739 vero
1708 3698 1818 3739 non
1872 3683 2037 3752 item;

452 3776 550 3829 sed
593 3773 920 3828 memoriam
963 3775 1355 3846 picturamque
1401 3773 1702 3830 Dominicte
1737 3775 2035 3845 passionis,

449 3875 505 3920 et
531 3864 698 3936 376
724 3865 947 3920 illorum
985 3865 1078 3935 qui
1113 3880 1216 3935 pro
1245 3866 1368 3935 ipso
1412 3876 1830 3936 pugnaverunt,
1863 3865 1918 3920 in
1950 3881 2040 3922 ec-

449 3957 641 4012 clesiis
687 3971 752 4011 ac
809 3956 1062 4012 domibus
1115 3965 1406 4023 tenemus;
1461 3957 1648 4012 omnia
1685 3972 1882 4028 nempe
1909 3972 2034 4027 pro-

450 4060 574 4119 pter
601 4047 892 4104 bominum
930 4056 1182 4106 nostrum
1219 4048 1510 4106 facientes.
1542 4048 1918 4122 Rursumque,
1947 4050 2035 4107 dic

451 4142 673 4208 amabo,
697 4140 908 4206 Judaae,
945 4157 1196 4213 quaenam
1224 4143 1502 4213 scriptura
1548 4142 1720 4214 Moysi
1759 4143 2030 4214 permisit,

449 4231 711 4290 utJethro
723 4250 975 4291 socerum
999 4250 1162 4290 suum
1181 4235 1448 4291 cultorem
1470 4234 1744 4290 idolorum
1766 4253 1780 4302 ;
1799 4233 2030 4300 Iacobo,

449 4311 938 4394 ut-Pliaraonem;
973 4327 1324 4393 Abrahamo,
1367 4335 1428 4381 ut
1474 4326 1616 4382 filios
1665 4326 1889 4381 Emmor
1931 4326 2032 4382 ad-

448 4417 707 4472 orarent?
743 4431 930 4472 annon
957 4417 1036 4472 illi
1070 4417 1212 4487 justi
1245 4428 1406 4472 erant
1443 4424 1499 4472 et
1529 4417 1853 4488 prophetae?
1879 4433 2031 4489 quae-

447 4523 574 4563 nam
603 4507 834 4573 Danieli,
855 4517 915 4563 ut
935 4509 1160 4580 impium
1185 4506 1728 4563 Nabuchodonosor?
1747 4509 1823 4563 Ac
1842 4510 1888 4564 si
1912 4524 2031 4579 pro-

2146 3409 2551 3482 σταυρωθέντα,
2570 3414 2664 3468 καὶ¹
2689 3415 2752 3468 οὐ
2783 3417 2883 3487 τὴν
2908 3417 3072 3486 φύσιν
3098 3416 3196 3472 τοῦ
3222 3419 3384 3486 ξύλου
3413 3425 3741 3493 προσκυνεῖ.

2156 3500 2311 3555 Ἐπεὶ
2341 3503 2524 3559 πάντα
2555 3503 2624 3558 ἀν
2651 3505 2720 3560 τὰ
2739 3505 2874 3573 ξύλα
2909 3511 3362 3583 προσεκυνοῦμεν
3390 3513 3487 3567 τοῦ
3525 3515 3740 3587 ἀγροῦ,

2143 3593 2238 3647 καὶ
2259 3591 2449 3666 ὥσπερ
2472 3597 2501 3648 ό
2533 3596 2750 3670 Ἰσραὴλ
2779 3600 3106 3671 προσεκύνει
3131 3592 3200 3655 τὰ
3229 3603 3367 3676 ἄλση
3389 3605 3484 3658 καὶ
3510 3607 3584 3659 τά
3608 3607 3738 3660 δέν-

2139 3681 2264 3754 δρα,
2295 3683 2494 3753 λέγων·
2527 3690 2610 3743 Σύ
2625 3704 2749 3756 μου
2769 3685 2829 3744 εἳ
2849 3689 3016 3757 Θεὸς,
3047 3693 3147 3746 καί
3180 3695 3262 3748 σύ
3275 3710 3352 3765 με
3373 3695 3736 3766 ἐγέννησας.

2149 3777 2342 3849 Ἡμεῖς
2367 3778 2426 3832 δὲ
2464 3781 2564 3852 οὐχ
2588 3781 2785 3848 οὕτως,
2820 3784 2959 3839 ἀλλὰ
3001 3787 3231 3859 μνήμην
3256 3790 3351 3842 καὶ
3368 3791 3593 3863 γραφὴν
3619 3793 3737 3849 τῶν

2136 3869 2234 3923 τοῦ
2288 3871 2495 3944 Κυρίου
2553 3874 2930 3947 παθημάτων,
2963 3879 3058 3933 καὶ
3101 3879 3213 3934 τῶν
3255 3881 3324 3934 δι’
3354 3883 3518 3938 αὐτὸν
3556 3884 3736 3958 ἀθλη-

2139 3963 2370 4028 σάντων,
2395 3966 2454 4018 ὲν
2493 3969 2616 4031 ταῖς
2644 3967 2960 4040 ἐκκλησίαις
2995 3972 3088 4025 καὶ
3120 3974 3292 4038 οἴκοις
3304 3973 3521 4046 ἔχομεν,
3551 3978 3734 4033 πάντα

2135 4054 2205 4109 δι’
2235 4055 2397 4109 αὐτὸν
2424 4057 2708 4124 ποιοῦντες
2732 4059 2824 4115 τὸν
2853 4061 3126 4134 ⁴ἡμέτερον
3155 4064 3381 4136 Κύριον.
3407 4067 3517 4121 Καὶ
3545 4063 3732 4136 αὖθις,

2135 4146 2278 4215 είπὲ,
2303 4141 2348 4202 ὧ
2373 4146 2618 4216 Ἰουδαῖε,
2651 4151 2780 4205 ποία
2804 4153 2994 4225 Γραφὴ
3025 4155 3296 4227 ἐπέτρεψε
3330 4158 3524 4212 Musaei
3555 4177 3734 4231 προσ.

2135 4240 2370 4311 κυνῆσαι
2393 4242 2564 4314 ξιοθδρ
2588 4243 2668 4314 τῷ
2688 4244 2926 4319 γαμϐρῷ
2954 4247 3146 4314 αὑτοῦ,
3175 4249 3541 4324 είδωλολάτρῃ
3569 4253 3688 4307 ὅντε
3706 4294 3728 4322 ,

2134 4332 2230 4384 καὶ
2274 4331 2468 4386 Ἰακὼϐ
2493 4333 2570 4404 τῷ
2596 4335 2825 4408 Φαραὼ,
2853 4337 2948 4392 καὶ
2990 4339 3242 4412 ’Δϐραάμ
3268 4344 3382 4406 τοῖς
3419 4344 3554 4406 υἱοῖς
3587 4345 3729 4417 Ἐμ-

2137 4423 2289 4495 μώρ;
2323 4425 2419 4480 καὶ
2441 4427 2640 4482 ἐκεῖνοι
2677 4428 2876 4484 δίκαιοι
2925 4431 3022 4484 καὶ
3057 4432 3372 4503 προφῆται·
3406 4437 3500 4489 καὶ
3517 4438 3732 4511 Δανιὴλ

2131 4513 2210 4585 τῷ
2259 4515 2731 4592 Ναϐουχοδονόσορ
2760 4519 2950 4577 ἀσεϐεῖ
2992 4522 3138 4592 om;
3174 4525 3286 4579 Kal
3311 4527 3362 4580 εί
3398 4528 3598 4582 ἐκείνοι
3631 4532 3728 4586 διὰ

447 4607 570 4670 pter
590 4599 924 4654 mundanam
937 4599 1613 4670 temporariamquevitam
1633 4601 1736 4656 hoc
1753 4600 2026 4668 fecerunt,

2150 4605 2407 4677 ιοσμικὴν
2428 4609 2526 4660 καὶ
2572 4609 2910 4682 πρόσκαιρον
2944 4610 3092 4684 ζωὴν
3127 4613 3302 4668 ταῦτα
3329 4615 3568 4684 ἐποίουν,
3600 4619 3731 4683 πῶς

445 4705 612 4746 eccur
635 4704 847 4745 mecum
877 4692 1221 4762 expostulas,
1250 4691 1395 4761 quod
1428 4692 1484 4746 in
1513 4692 1688 4750 sacris
1712 4703 2028 4750 sanctorum

446 4779 754 4848 memoriis,
789 4783 914 4863 sive.
942 4797 1038 4854 per
1070 4782 1578 4863 scripturam,_psiye
1609 4800 1706 4856 per
1763 4785 2033 4856 picturam

2133 4693 2258 4764 ἐμοὶ
2291 4695 2546 4765 ἐγκαλεῖς
2594 4699 2991 4771 προσκυνοῦντι
3011 4705 3132 4766 ταῖς
3180 4705 3366 4774 ἁγίαις
3401 4707 3508 4761 τῶν
3547 4709 3729 4778 ἁγίων

2133 4788 2383 4858 μνήμαις
2408 4830 2424 4856 ,
2453 4795 2756 4864 γραφικαῖς
2816 4795 2915 4848 καὶ
2955 4796 3256 4870 ἱστορικαῖς
3276 4838 3291 4863 ,
3322 4801 3419 4854 καὶ
3461 4801 3532 4855 τὰ
3569 4790 3770 4870 πάθηί
3791 4859 3808 4868 _
3827 4849 3838 4860 .

445 4875 748 4954 expressis,
790 4874 1109 4928 eorumdem
1148 4875 1431 4931 cruciatus
1473 4885 1527 4931 et
1566 4878 1868 4932 certamina
1905 4877 2038 4934 ado-

2150 4879 2226 4934 tal
2260 4879 2362 4946 τὰς
2399 4881 2689 4956 ἀθλήσεις,
2721 4884 2780 4953 ἐξ
2809 4879 2885 4940 ὧν
2910 4887 3032 4942 καθ’
3060 4890 3276 4961 ἡμέραν
3299 4892 3726 4965 εὐεργετοῦμαι,

445 4981 584 5031 rem,
626 4981 724 5033 per
766 4979 889 5034 quae
934 4964 1172 5037 singulis
1217 4965 1414 5022 diebus
1469 4966 1756 5023 beneﬁciis
1800 4984 2035 5039 augeor,

447 5065 882 5128 perpetuamque
931 5065 986 5113 et
1029 5058 1421 5128 sempiternam
1465 5058 1626 5112 vitam
1677 5060 1972 5130 exspecto?
2011 5079 2030 5113 ι

449 5148 533 5203 Ex
572 5147 820 5203 Historia
871 5149 1233 5204 ecclesiastica
1289 5147 1570 5214 Theodori,
1630 5161 1768 5204 tonio
1818 5161 2030 5221 quarto.

339 5369 350 5375 ,
524 5329 544 5362 ι
585 5309 703 5366 Sub
734 5309 840 5364 hoc
859 5307 1175 5374 consulatu,
1199 5305 1287 5360 die
1315 5321 1421 5360 xxv
1446 5306 1656 5362 mensis
1683 5303 2026 5373 Decembris,

418 5440 434 5480 ,_
448 5402 696 5458 terribile
727 5402 1035 5474 ingensque
1079 5399 1409 5454 miraculum
1441 5398 1693 5471 contigit,
1725 5399 1874 5470 quod
1911 5415 2030 5456 om-

521 5535 794 5594 "Jerem.
827 5551 890 5604 ιι,
928 5535 1020 5592 27.
1098 5537 1145 5568 “
1176 5538 1306 5594 ibid.

2131 4971 2226 5025 καὶ
2263 4969 2482 5025 αἰώνιον
2511 4973 2605 5027 καὶ
2635 4974 2809 5030 ἀΐδιον
2845 4976 2991 5050 ζωὴν
3038 4979 3350 5050 ἐκδέχομαι;
3388 5001 3407 5032 ι

2145 5147 2260 5216 Τῆς
2311 5149 2841 5234 ἐκκλησιαστικῆςΔ
2882 5154 3178 5234 Ἰᾳτορίας
3233 5155 3724 5234 Θεοδωρήτουρίδ,
3802 5137 3814 5216 l

2797 5225 2842 5278 δ’
2875 5225 3078 5281 τόιιου.

2797 5243 2839 5278 0'
2875 5243 2942 5278 το
3023 5245 3078 5281 υ.

2217 5332 2236 5364 ι
2258 5310 2394 5366 Ὑπὸ
2413 5313 2470 5366 δὲ
2486 5316 2698 5388 ταύτην
2717 5318 2817 5388 τὴν
2843 5243 3135 5384 fastigium
3168 5322 3312 5375 κατὰ
3331 5323 3421 5375 τὸν
3447 5323 3598 5394 μῆνα
3627 5324 3726 5377 τὸν

2136 5405 2495 5478 Δεκέμϐριον,
2524 5408 2720 5480 ἔχοντα
2755 5413 2920 5466 αὐτὸν
2956 5414 3150 5469 εἰκάδα
3181 5416 3276 5468 καὶ
3305 5415 3726 5488 πέμπτὴνημέ-

1761 5631 1849 5688 VA
1860 5631 2000 5688 [{le
2039 5631 2454 5695 LECTIONES.

521 5720 2062 5814 lt“begeicumbillio-Qspegbpeo,.Theqdart,.Lectori§_
2089 5733 2321 5814 scilicet.
2357 5732 2503 5814 Nam
2523 5735 2625 5814 s_u_b
2653 5735 2946 5814 Anastasio
2971 5737 3114 5811 imp.
3133 5751 3415 5814 superstes
3455 5759 3566 5802 non
3596 5753 3722 5803 erat

450 5791 850 5854 Theodoretus.
883 5795 1141 5866 Ejusdem
1172 5791 1565 5869 historiae'qua:
1591 5799 1680 5854 hic
1705 5791 1963 5869 refertur,
2000 5799 2364 5873 Theophanes
2392 5812 2446 5861 et
2471 5804 2671 5863 Suidas
2727 5809 3048 5893 meminere.

3849 4827 3856 4834 ο

3849 4843 3880 4855 κ
