3986 6346
142 1418 145 1433 “
378 1450 409 1489 η
452 1428 643 1471 verum
699 1412 914 1475 decent,
947 1417 1274 1465 ornamenta
1302 1416 1358 1463 et
1386 1408 1544 1481 dotes
1587 1409 2021 1477 comparat;id-

307 1499 343 1535 δ
391 1532 397 1539 -
454 1518 563 1573 que
633 1502 1179 1571 speciosissimarum
1232 1500 1533 1570 imaginum
1578 1499 1805 1554 assidua
1838 1500 2024 1571 inspe-

414 3536 418 3541 .
471 3497 695 3548 servant
727 3489 965 3561 regionis
997 3489 1160 3546 istius
1210 3489 1405 3546 incola:
1435 3497 1630 3544 contra
1677 3503 1865 3545 servos
1896 3488 2045 3559 fugi-

430 5574 441 5619 ἰ

1366 62 1429 103 ,Ὗ
1488 41 1699 103 ’.τηνδὶ
1771 6 2019 101 χλτπςλλντίάςῖ
2060 52 2067 61 ~

442 347 580 411 1503
1623 344 1683 405 S.
1722 345 2037 407 JOANNIS

2148 344 2515 407 AMASCENI

516 465 598 519 Ex
628 463 762 518 libro
797 430 1019 529 septimo
1065 457 1489 529 Stromateornm
1522 462 1863 517 vetustissimi
1891 462 2009 517 Cle-
2038 468 2084 524 Α
2120 454 2229 515 Τοῦ

865 530 1053 584 utentis
1081 528 1148 582 ad
1177 527 1565 583 Alexandrum.

3564 339 3735 404 1404

2290 460 2685 530 ἀρχαιοτάτοὺ
2739 459 3099 530 Κλήμεντος
3120 498 3170 530 ,_
3204 456 3355 530 πρὸς
3418 456 3735 521 Ἀλέξαν-

2183 526 2478 654 ﬁgor—(3'6),
2495 531 2564 584 ἐκ
2591 530 2698 584 τοῦ
2722 528 2974 598 ἑϐδόμου
2997 526 3396 594 βιϐλίουντῶν
3423 530 3735 595 Στρωμα-

2186 618 2218 654 τ
2253 617 2353 654 ων.

2191 711 2210 739 ε
2240 688 2471 758 Οὐκοῦν,
2509 691 2569 745 οὐ
2619 692 2780 759 μόνος
2824 688 3041 741 ἐπαινεῖ
3064 686 3133 741 τὰ
3175 685 3336 749 καλὰ,
3364 686 3503 740 ἀλλὰ
3536 686 3735 748 αὐτὸς

446 781 542 838 sed
563 780 682 849 ipse
699 791 915 849 quoque
935 778 1113 832 bonus
1134 790 1257 831 esse
1279 774 1565 828 adnititur.
1586 774 1767 843 Atque
1785 789 1851 829 ex
1871 774 2016 828 bono

2148 783 2364 847 ιιάζεται
2398 780 2492 836 τοῦ
2528 777 2669 835 εἶναι
2703 780 2885 843 καλὸς,
2917 781 2981 833 ἐκ
3012 778 3109 832 τοῦ
3136 779 3341 847 ἀγαθοῦ
3377 779 3473 831 καὶ
3505 778 3733 830 πιστοῦ

447 871 702 939 fidelique
724 883 883 926 servo
908 883 1005 937 per
1031 865 1356 921 charitatem
1385 863 1599 919 amicus
1616 864 1825 928 evadit,
1854 879 2019 934 prop-

2148 875 2308 928 ούλου
2341 872 2686 943 μεταϐαίνων
2715 871 2782 924 δι’
2814 871 3036 940 ἀγάπης
3077 870 3159 933 εἰς
3192 869 3364 939 φίλον,
3390 869 3478 921 διὰ
3521 868 3584 921 τὸ
3617 869 3732 920 τὲ-

448 966 531 1012 ter
554 956 771 1012 habitus
794 954 1188 1026 perfectionem
1211 966 1376 1023 quam
1398 966 1463 1007 ex
1489 967 1614 1006 vera
1649 953 1940 1023 disciplina
1962 962 2019 1009 et

2149 983 2257 1019 ειον
2299 965 2399 1034 τῆς
2437 964 2621 1029 ἕξεως,
2664 961 2693 1015 ὃ
2737 962 2802 1015 ὲκ
2847 960 3141 1031 μαθήσεως
3175 957 3407 1029 ἀληθοῦς
3439 958 3534 1011 καὶ
3574 975 3717 1011 συνο

448 1047 840 1103 exercitatione
872 1044 1146 1115 frequenti
1179 1044 1395 1099 sincere
1422 1043 1819 1113 consequitur;
1853 1045 1925 1099 ita
1959 1052 2020 1099 ut

2148 1057 2406 1127 ισκήσεως
2450 1054 2653 1122 πολλῆς
2693 1050 2951 1129 καθαρῶς
2976 1051 3265 1121 ἐκτήσατο.
3291 1051 3379 1113 Ὦς
3404 1049 3471 1103 ἂν
3491 1044 3585 1103 οὗν
3618 1048 3731 1102 ἐπ’
3778 1054 3801 1073 ⁵

450 1139 584 1194 nihil
640 1153 746 1191 non
795 1143 1035 1197 moveat,
1095 1148 1204 1203 quo
1239 1133 1529 1203 perveniat
1586 1135 1654 1188 ad
1686 1135 2019 1205 cognitionis

2148 1146 2287 1218 ίκρον
2320 1145 2574 1213 γνώσεως
2620 1143 2751 1215 ἥκῃ,
2791 1141 3109 1211 βιαζόμενος
3132 1140 3213 1212 τῷ
3239 1141 3384 1213 seu,
3422 1140 3520 1194 καὶ
3542 1156 3728 1193 κεκοι

2123 1233 2423 1304 σμημένος,
2444 1231 2522 1302 τῷ
2550 1232 2793 1303 σχήματι
2826 1229 3289 1300 κατεσταλμένος,
3312 1229 3492 1281 πάντα
3516 1231 3729 1281 ἐκεῖνα

2122 1324 2282 1394 ἔχων,
2308 1324 2408 1377 ὅσα
2452 1319 2900 1393 πλεονεκτήματά
2945 1320 3063 1372 ὲστι
3108 1317 3204 1371 τοῦ
3250 1316 3391 1371 κατά
3439 1316 3731 1386 ἀλήθειαν
3792 1330 3809 1371 3

2123 1412 2457 1486 γνωπικοῦ,
2484 1414 2564 1475 εἰς
2588 1411 2689 1475 τὰς
2718 1398 2931 1473 εἰκόνας
2972 1407 3192 1478 ἀφορῶν
3216 1406 3314 1470 τὰς
3342 1406 3537 1471 καλὰς,
3569 1406 3727 1458 πολ-

2123 1510 2250 1573 λοὺς
2293 1507 2392 1579 μὲν
2434 1506 2562 1570 τοὺς
2608 1496 3043 1575 κατωρθωκότας
3070 1500 3178 1572 πρὸ
3218 1499 3386 1554 αὑτοῦ
3430 1502 3728 1570 πατριάρ-

457 1596 673 1656 ctione,
741 1601 869 1663 puta
928 1592 1291 1660 plurimorum
1358 1591 1578 1646 illorum
1635 1591 1727 1661 qui
1779 1598 1909 1646 ante
1965 1606 2027 1647 se

2148 1618 2248 1673 ξας,
2275 1598 2631 1671 παμπόλλους
2675 1596 2734 1650 δὲ
2776 1594 3082 1666 προφήτας,
3130 1593 3391 1663 ἀπείρους
3440 1592 3499 1645 δὲ
3544 1593 3729 1653 ὅσους

460 1685 688 1756 perfecti
717 1685 957 1739 fuerunt.
989 1682 1362 1745 Patriarcbas,
1394 1682 1709 1751 complures
1741 1682 1869 1736 item
1894 1696 2028 1752 pro-

2148 1694 2258 1763 Ἂμῖν
2302 1688 2521 1761 ἀριθμῷ
2564 1685 2910 1755 λογιζόμενος
2961 1681 3267 1751 ἀγγέλους,
3323 1681 3417 1733 καὶ
3464 1680 3559 1733 τὸν
3615 1677 3729 1731 ἐπὶ

462 1775 673 1843 plietas,
691 1773 1235 1841 innumerabilesque
1260 1772 1484 1841 angelos
1512 1770 1865 1837 considerat;
1894 1770 2027 1842 quin

2148 1783 2268 1835 rrth
2298 1779 2525 1850 Κύριον,
2553 1777 2646 1831 τόν
2685 1774 2975 1840 διδάξαντα
3007 1772 3100 1826 καὶ
3136 1774 3585 1842 παραστήσαντα,
3620 1769 3729 1821 δυο

459 1874 514 1919 et
545 1865 698 1919 illum
732 1864 909 1933 ipsum
933 1864 1027 1933 qui
1067 1877 1238 1931 super
1258 1862 1445 1917 omnia
1478 1861 1740 1917 Dominus
1766 1870 1871 1927 est,
1896 1863 2025 1932 qui—

2148 1871 2287 1925 ιατὸν
2355 1864 2498 1925 εἶναι
2562 1867 2672 1923 τῶν
2735 1863 3051 1938 κορυφαίων
3108 1862 3334 1918 ἐκείνων
3394 1859 3726 1932 κτήσασθαι

522 708 543 742 ι
560 690 750 758 Itaque
767 700 877 741 non
895 700 958 741 ea
981 683 1328 741 solummodo
1344 681 1532 738 laudat
1550 698 1673 753 qua:
1695 683 1839 738 bona
1862 690 2012 748 sunt,

452 1231 752 1299 fastigium.
789 1228 927 1282 Tum
961 1226 1291 1283 exornandis
1319 1226 1564 1281 moribus
1591 1226 1879 1291 incumbit,
1906 1228 2021 1284 oris

452 1332 665 1392 gestum
702 1320 1013 1390 componit,
1057 1319 1350 1389 omniaque
1393 1318 1486 1373 illa
1540 1333 1662 1388 qua:
1709 1318 2020 1389 gnosticum

451 1969 569 2025 .que
593 1955 779 2009 docuit
816 1962 871 2009 et
896 1954 1120 2023 planum
1154 1950 1308 2013 fecit,
1341 1950 1678 2018 impossibile
1706 1952 2025 2022 neutiquam
2131 1963 2263 2036 βίον,
2294 1980 2315 2015 ι

462 2061 606 2109 esse,
645 2044 776 2115 quin
802 2044 993 2100 eadem
1044 2058 1169 2096 cum
1208 2040 1642 2098 celsitudinibus
1673 2042 1786 2099 illis
1810 2042 2028 2099 vivendi

464 2148 712 2188 normam
737 2149 1118 2202 assequamur.
1162 2150 1183 2185 ι

677 2221 862 2278 Sancti
900 2224 1163 2279 Theodori
1192 2225 1422 2294 episcopi
1473 2222 1802 2292 Pentapolis.

542 2330 561 2362 ι
601 2310 841 2365 Rursum
869 2311 952 2367 vir
986 2312 1209 2384 quidam
1241 2321 1442 2367 eratex
1474 2312 1715 2382 regionis
1749 2311 1897 2367 illius
1922 2311 2033 2382 pri-

463 2404 735 2470 moribus,
761 2405 986 2460 nomine
1022 2404 1185 2470 Dion,
1210 2404 1306 2475 qui
1341 2405 1531 2461 multis
1575 2403 1824 2461 donariis
1856 2405 2031 2460 sancti

465 2494 726 2565 martyris
751 2495 1016 2565 templum
1051 2504 1437 2563 exornaverat,
1471 2496 1704 2566 ejusque
1733 2496 1908 2550 altare
1932 2510 2034 2549 ar-

462 2591 628 2655 gento
658 2587 942 2641 vestierat.
979 2584 1134 2642 Unus
1164 2594 1346 2640 autem
1396 2601 1463 2641 ex
1494 2587 1671 2640 servis
1696 2585 1894 2656 ipsius,
1924 2601 2034 2640 non

463 2676 718 2746 exiguam
774 2676 1024 2747 pecunia:
1071 2691 1344 2733 summam
1404 2675 1733 2741 sutl‘uratus,
1799 2675 2033 2747 aufugit.

465 2764 604 2821 Dion
642 2780 772 2822 vero
820 2781 947 2822 eum
998 2767 1287 2822 insecutus
1343 2781 1456 2822 non
1486 2774 1596 2832 est,
1651 2765 1749 2821 sed
1774 2766 1841 2821 ad
1875 2765 2036 2837 383

2172 2223 2285 2281 Τοῦ
2317 2224 2492 2295 ἁγίου
2527 2224 2830 2294 Θεοδώρου
2854 2224 3194 2279 ἐπισκόπου
3223 2222 3677 2284 Πενταπόλεως.

2213 2335 2232 2370 ι
2260 2318 2431 2373 Πάλιν
2470 2335 2557 2382 τις
2586 2319 2748 2390 ἀνὴρ,
2795 2317 2906 2373 τῶν
2951 2316 3185 2389 πρώτων
3215 2316 3317 2386 τῆς
3344 2314 3531 2385 χώρας
3562 2312 3719 2365 ἐκεί·

2130 2428 2254 2480 νης,
2285 2411 2423 2465 Δίων
2455 2408 2715 2481 τοῦνομα,
2759 2409 2819 2474 ὃς
2868 2408 3085 2472 πολλοῖς
3130 2406 3436 2476 ἀναθέμασι
3481 2403 3719 2458 κατεκό·

2136 2517 2315 2569 σμησε
2363 2500 2457 2555 τὸν
2502 2500 2631 2554 ναὸν
2663 2500 2758 2554 τοῦ
2782 2500 2941 2569 ἀγίου
2978 2500 3278 2571 μάρτυρος,
3307 2496 3402 2551 καὶ
3428 2495 3488 2549 τὸ
3517 2494 3717 2548 θυσια-

2136 2597 2356 2665 στήριον
2398 2594 2565 2649 αὐτοῦ
2612 2592 3007 2665 ἀργυρένδυτον
3052 2591 3293 2662 ἐποίησε.
3332 2587 3441 2643 Καί
3480 2604 3566 2650 τις
3599 2586 3717 2638 τῶν

2133 2685 2360 2739 οἰκετῶν
2407 2684 2595 2749 αὐτοῦ,
2644 2684 2851 2754 κλέψας
2898 2683 2957 2749 ἐξ
3001 2681 3170 2735 αὐτοῦ
3216 2667 3502 2751 χρήματα⁸
3517 2676 3716 2734 πολλὰ.

2134 2776 2367 2847 ἀπέδρα.
2382 2773 2442 2829 '0
2468 2775 2527 2828 δὲ
2559 2775 2718 2840 Δίων,
2747 2775 2810 2828 οὐ
2833 2772 3159 2840 κατεδίωξεν
3182 2772 3357 2825 ὀπίσω
3382 2768 3567 2833 αὐτοῦ,
3591 2768 3716 2821 ἀλλ’

464 2856 762 2927 imaginem
788 2871 1045 2928 pergens,
1082 2856 1340 2927 imaginis
1371 2858 1524 2911 illius
1557 2857 1787 2927 figuram
1818 2870 2037 2912 ceream

2148 2867 2217 2927 εἰς
2260 2866 2359 2937 τὴν
2409 2864 2505 2919 τοῦ
2548 2866 2824 2937 μάρτυρος
2869 2864 3057 2919 εἰκόνα
3107 2862 3378 2929 ἀπελθὼν,
3414 2859 3571 2932 κηρῷ
3615 2860 3718 2914 τὸν

465 2945 694 3012 eﬂinxit,
725 2962 942 3018 quaque
982 2946 1039 3000 in
1072 2955 1324 3002 sanctum
1350 2953 1643 3015 martyrem
1669 2945 1866 3001 fiducia
1896 2953 2037 3011 erat,

2148 2957 2304 3011 τύπον
2324 2958 2425 3026 τῆς
2448 2957 2653 3021 εἰκόνος
2676 2957 2842 3011 αὐτοῦ
2876 2956 3115 3026 ἀνέμαξε
3135 2996 3151 3020 ,
3182 2956 3279 3009 καὶ
3307 2956 3373 3024 τῇ
3405 2952 3585 3005 πίστει
3617 2950 3722 3004 τοῦ

468 3038 666 3092 domus
695 3052 808 3092 sua:
847 3036 1023 3090 limini
1062 3051 1181 3090 eam
1208 3036 1484 3105 apposuit.
1509 3034 1818 3104 Statimque
1845 3048 2037 3089 servus

2148 3048 2294 3117 ἁγίου
2338 3049 2613 3119 μάρτυρος
2643 3048 2821 3119 ὲνλτῷ
2866 3046 3102 3100 πυλεῶνι
3136 3046 3201 3098 ἐκ
3236 3043 3328 3097 τοῦ
3356 3043 3502 3097 οἰκου
3546 3040 3722 3095 αὐτοῦ

468 3127 627 3196 quasi
659 3142 691 3181 a
724 3127 981 3196 quopiam
1036 3125 1432 3195 impelleretur,
1483 3125 1549 3179 ad
1574 3140 1635 3180 se
1684 3125 1925 3188 rediens,
1967 3124 2035 3178 ad

2148 3116 2390 3210 ὲνέπηξε.
2417 3116 2531 3192 Kal
2570 3116 2810 3203 θειςίῖζό
2849 3139 2976 3200 παῖς
3023 3137 3218 3191 ἑαυτὸν
3261 3135 3593 3203 ἐπέστρεφεν
3639 3132 3721 3193 ὡς

472 3219 664 3273 herum
725 3232 889 3272 suum
940 3232 1225 3286 regressus
1274 3226 1393 3283 est;
1426 3218 1557 3286 quin
1610 3231 1710 3272 nec
1737 3216 2037 3287 quidquam

2148 3229 2247 3281 ὑπό
2290 3245 2433 3291 τινος
2467 3226 2842 3296 ἐλαυνόμενος,
2872 3225 2966 3278 καὶ
2998 3220 3131 3295 ἦλθε
3161 3224 3298 3294 πρὸς
3339 3225 3429 3276 τὸν
3468 3222 3598 3275 ἴδιον
3624 3221 3719 3273 δε-

468 3323 658 3363 eorum
682 3323 803 3378 quae
829 3309 1206 3378 subripuerat,
1225 3306 1427 3363 defuit.
1454 3308 1567 3363 Hoc
1597 3324 1720 3363 cum
1748 3307 1895 3378 apud
1918 3324 2037 3362 om-

2148 3318 2369 3388 σπότην,
2401 3316 2569 3388 μηδὲν
2617 3315 2678 3380 ἐξ
2719 3309 2794 3369 ὧν
2839 3315 3079 3368 ὲσύλωσε
3109 3313 3398 3376 σπανίσας.
3425 3311 3595 3363 Τοῦτο
3619 3305 3720 3364 οὖν

472 3415 571 3456 nes
594 3398 945 3463 innotuisset,
974 3413 1148 3469 usque
1172 3399 1228 3453 in
1256 3400 1395 3455 diem
1419 3399 1741 3454 hodiernum
1764 3397 1907 3453 idem
1937 3399 2037 3453 ob-

2148 3408 2343 3471 πάντες
2393 3406 2681 3477 μαθόντες,
2736 3407 2842 3471 ἕως
2896 3406 2997 3476 τῆς
3052 3406 3291 3475 σήμερον
3338 3402 3552 3473 ἡμέρας
3601 3402 3719 3462 τοῖς

2143 3496 2631 3570 ἀποδιδράσκουσιν
2687 3494 3032 3551 ἐπιτελοῦσιν
3075 3497 3125 3547 οἰ
3183 3494 3283 3565 τῆς
3332 3492 3515 3563 χώρας
3563 3490 3721 3544 ἐκεί-

2143 3607 2262 3660 νης.
2292 3608 2311 3642 ι

2150 3681 2261 3736 Τοῦ
2280 3680 2452 3749 ἁγίου
2487 3679 2859 3749 Ἀθανασιου-
2874 3676 3346 3749 Ἀλεξανδρείας,
3379 3675 3448 3729 ὲκ
3472 3672 3578 3727 τοῦ
3601 3675 3719 3727 Κα-

2476 3748 2551 3813 τὰ
2594 3746 2907 3816 Ἀρειανῶν
2917 3747 3160 3812 βιϐλίου
3188 3749 3407 3816 τρίτου.

2223 3860 2242 3893 ‹
2263 3840 2377 3911 Τῆς
2395 3841 2452 3895 δὲ
2472 3839 2657 3902 οὐσίας
2671 3837 2767 3892 τοῦ
2788 3837 3002 3908 Πατρὸς
3027 3837 3156 3891 ῐδιον
3172 3837 3246 3891 ὢν
3262 3838 3503 3907 γέννημα
3522 3839 3551 3891 ό
3568 3837 3717 3901 Υἰὺς,

2147 3930 2371 3990 εἰκότως
2395 3928 2488 3983 καὶ
2520 3928 2588 3981 τά
2607 3926 2699 3981 τοῦ
2732 3925 2945 3996 Πατρδς
2971 3926 3117 3993 λέγει
3142 3926 3336 3980 ἑαυτοῦ
3366 3921 3531 3980 εἶναι.
3557 3928 3720 3980 Ὅθεν

2148 4019 2466 4088 πρεπόντως
2502 4017 2595 4071 καὶ
2622 4016 2962 4079 ἀκολούθως,
2995 4015 3073 4086 τῷ
3113 4016 3328 4084 λέγειν,
3371 4017 3512 4087 Ἐγὼ
3552 4018 3649 4071 καὶ
3688 4021 3723 4072 ό

2148 4108 2351 4176 Πατὴρ
2380 4106 2448 4161 ἐν
2482 4106 2688 4176 ἐσμεν,
2726 4107 3031 4176 ἐπήγαγενσ
3070 4105 3195 4159 Ἵνα
3242 4104 3458 4174 γνῶτε,
3480 4105 3567 4160 ὅτι
3601 4108 3722 4176 ἐγὼ

2147 4203 2218 4256 ἐν
2248 4201 2327 4267 τῷ
2363 4200 2545 4270 Πατρί
2576 4200 2673 4254 καί
2700 4202 2734 4254 ό
2765 4198 2965 4268 Πατὴρ
2994 4199 3064 4252 ἐν
3090 4199 3239 4268 ἐμοί.
3274 4200 3444 4254 Τοῦτο
3473 4201 3528 4254 δὲ
3558 4202 3721 4256 πάλιν

2150 4292 2480 4364 προείρηκεν
2499 4307 2514 4323 ·
2541 4292 2622 4345 ὅτι
2662 4289 2716 4342 '0
2739 4289 3012 4358 ἑωρακὼς
3039 4289 3144 4358 ἐμὲ
3170 4290 3392 4359 ἑώρακε
3416 4291 3519 4344 τὸν
3540 4293 3722 4347 Hate-

472 3583 638 3636 tivos.
666 3598 688 3633 ι

546 3669 730 3727 Sancti
781 3671 1061 3727 Athanasii
1093 3669 1544 3794 lignandi-ini,”
1573 3669 1707 3725 libro
1732 3686 1795 3731 ut
1845 3669 2047 3726 Contra

1194 3756 1398 3794 nanos.

1194 3756 1398 3795 νιαηοε.

551 3852 570 3886 ι
605 3834 673 3887 At
693 3847 822 3888 vero
855 3831 1054 3900 Filius,
1085 3832 1215 3902 quia
1242 3831 1569 3887 substantiae
1600 3829 1780 3887 Patris
1815 3847 2043 3903 germen

479 3924 761 3993 proprium
793 3931 899 3989 est,
931 3923 1303 3978 consentanea
1337 3923 1500 3991 plane
1548 3924 1784 3988 ratione,
1824 3939 1888 3978 ea
1925 3938 2049 3993 quae

478 4013 657 4069 Patris
716 4022 866 4079 sunt,
916 4029 1017 4070 sua
1073 4028 1199 4068 esse
1248 4013 1407 4068 dicit.
1436 4013 1619 4080 Quare
1643 4030 1764 4069 cum
1793 4015 2047 4084 praefatus

479 4104 717 4161 fuisset:
748 4103 856 4175 Ego
910 4113 962 4158 et
1007 4103 1171 4158 Pater
1218 4119 1381 4156 unum
1427 4120 1608 4159 sumus
1627 4104 1694 4171 ⁸⁸,
1734 4104 1861 4174 jure
1893 4114 1947 4160 et
1980 4121 2048 4161 ex

477 4198 837 4269 consequenti
896 4184 1131 4268 subjecit
1162 4212 1181 4251 :
1220 4194 1290 4249 Ut
1316 4197 1500 4250 sciatis
1550 4200 1676 4268 quia
1718 4214 1810 4269 ego
1842 4215 1960 4253 sum
1993 4201 2049 4253 in

484 4289 666 4355 Patre,
692 4299 741 4344 et
771 4288 930 4343 Pater
962 4290 1017 4343 in
1046 4306 1126 4343 me
1154 4298 1232 4343 est
1258 4290 1323 4344 δ’.
1361 4289 1553 4346 Itidem
1604 4298 1734 4345 ante
1781 4290 1993 4346 dixerat
2030 4310 2045 4347 :

480 4382 589 4448 Qui
643 4381 772 4435 vidit
830 4396 931 4445 me,
961 4380 1091 4434 vidit
1122 4389 1173 4433 et
1212 4379 1433 4434 Patrem
1452 4381 1523 4433 ".
1562 4382 1744 4450 Atque
1781 4380 2037 4437 horumce

2148 4398 2246 4451 pa.-
2275 4383 2385 4434 Καὶ
2406 4381 2552 4434 ἔστιν
2575 4376 2655 4444 εἷς
2684 4380 2780 4433 καὶ
2798 4374 2953 4443 οὗτος
2983 4381 3105 4443 νοῦς
3129 4381 3187 4433 ὲν
3213 4383 3326 4444 τοῖς
3344 4382 3488 4451 τρισὶ
3515 4383 3719 4451 ῥητοῖς.

482 4472 648 4525 trium
679 4473 925 4526 locorum
954 4485 1097 4525 unus
1122 4469 1376 4541 idemque
1417 4486 1617 4527 sensus
1640 4481 1743 4528 est.
1771 4471 1907 4527 Nam
1957 4475 2037 4543 qui

2167 4472 2225 4526 Ὀ
2257 4470 2362 4542 γὰρ
2380 4470 2549 4533 οὕτως
2586 4468 2857 4537 ἐγνωκὼς,
2890 4468 2972 4521 ὅτι
2997 4467 3056 4521 ἓν
3080 4468 3215 4521 εἰσιν
3237 4470 3266 4522 ὁ
3284 4468 3410 4531 Υίὸς
3438 4470 3527 4522 καὶ
3553 4470 3582 4521 ό
3609 4472 3718 4523 [la-

484 4565 703 4621 noverit
733 4564 933 4620 Filium
969 4572 1024 4620 et
1053 4563 1271 4619 Patrem
1305 4579 1473 4619 unum
1525 4579 1674 4630 esse,
1711 4566 1757 4622 is
1786 4566 1939 4621 novit
1964 4565 2037 4621 Fi-

2156 4561 2281 4632 τὴρ,
2321 4556 2461 4614 οἰδεν
2491 4561 2573 4614 ὅτι
2592 4560 2753 4622 αὐτὸς
2774 4560 2832 4612 ὲν
2854 4558 2931 4629 τῷ
2951 4558 3126 4629 Πατρί
3155 4561 3325 4625 ἐστιν,
3350 4562 3446 4613 καὶ
3477 4563 3507 4613 ό
3529 4561 3718 4632 Πατὴρ

486 4654 619 4708 lium
647 4653 701 4708 in
752 4651 919 4709 Patre
946 4668 1091 4719 esse,
1120 4660 1175 4709 et
1202 4650 1420 4707 Patrem
1468 4651 1522 4706 in
1564 4651 1730 4709 Filio.
1756 4652 1891 4709 Nam
1924 4653 2037 4709 Filii

2159 4652 2216 4705 ὲν
2232 4649 2310 4721 τῷ
2345 4649 2479 4721 Υἱῷο
2505 4650 2539 4721 ἡ
2568 4649 2676 4720 γὰρ
2701 4647 2833 4702 Υἱοῦ
2856 4647 3064 4719 θεότης,
3090 4648 3185 4701 τοῦ
3223 4649 3434 4719 Πατρός
3464 4650 3597 4712 ἐστι,
3629 4651 3725 4703 καὶ

483 4743 749 4800 divinitas
817 4741 998 4800 Patris
1047 4751 1152 4809 est,
1197 4755 1391 4815 estque
1434 4744 1489 4799 in
1524 4743 1683 4801 Filio.
1726 4745 1793 4799 Et
1823 4746 1916 4815 qui
1948 4746 2037 4801 bot

2158 4742 2295 4813 αὑτὴ
2330 4745 2387 4796 ὲν
2415 4740 2491 4813 τῷ
2534 4741 2646 4811 Υἰῷ
2663 4742 2799 4795 ἐστι.
2828 4740 2940 4795 Καὶ
2965 4740 3165 4793 ότοῢτο
3186 4740 3242 4793 δὲ
3269 4739 3585 4794 καταλαϐὼν
3602 4744 3722 4795 ἐπει

484 4833 741 4889 distincte
765 4834 1034 4905 percepit,
1068 4835 1116 4890 is
1147 4836 1432 4905 cognoscit
1460 4851 1586 4891 eum
1620 4836 1714 4906 qui
1742 4836 1940 4891 Filium
1976 4837 2037 4891 vi!

2159 4851 2374 4898 σταται,
2405 4834 2487 4886 ὅτι
2512 4834 2541 4885 ό
2560 4830 2819 4902 ἑωρακὼς
2846 4830 2936 4885 τὸν
2952 4829 3100 4894 Υἰὸν,
3126 4828 3338 4901 ἑώρακε
3364 4830 3455 4885 τὸν
3476 4830 3722 4899 Πατέραο

485 4924 590 4988 dit,
622 4922 842 4978 Patrem
896 4940 1115 4995 quoque
1154 4927 1380 4982 vidisse.
1425 4924 1485 4981 In
1515 4925 1659 4982 Filio
1682 4927 1885 4998 quippe
1919 4927 2037 4983 divi-

2160 4928 2218 4981 ὲν
2246 4927 2356 4998 γὰρ
2391 4924 2468 4995 τῷ
2520 4924 2637 4995 Υἰῷ
2678 4926 2713 4996 η
2753 4922 2846 4976 τοῦ
2908 4922 3122 4992 [ἰατρὸς
3181 4920 3372 4992 θεότης
3420 4921 3717 4993 θεωρεῖται.

490 5016 634 5070 nitas
670 5014 848 5070 Patris
877 5015 1214 5085 agnoscitur.
1267 5015 1424 5082 Quod
1464 5016 1688 5087 quidem
1725 5016 1890 5088 regiae
1918 5016 2025 5071 ima

2161 5018 2332 5071 Τοῦτο
2357 5018 2415 5071 δὲ
2462 5016 2558 5070 καὶ
2586 5016 2692 5069 ἀπὸ
2712 5015 2807 5068 τοῦ
2863 5015 3305 5086 παραδείγματος
3358 5014 3460 5083 τῆς
3518 5014 3721 5079 εἰκόνος

490 5105 635 5177 ginis
670 5106 923 5175 exemplo
975 5108 1293 5165 accuratius
1319 5108 1553 5179 intelligi
1584 5117 1787 5179 potest.
1827 5109 1964 5164 Nam
2002 5112 2037 5165 it

2160 5104 2255 5158 τοῦ
2271 5104 2555 5175 βασιλέως,
2571 5101 2899 5175 προσεχέστε
2908 5102 2998 5173 ρόν
3027 5118 3109 5164 τις
3128 5100 3458 5172 κατανοῆσαι
3477 5100 3713 5157 δύναται.

561 5218 779 5275 “toan.
817 5236 870 5285 τ,
894 5218 985 5275 50.
1060 5220 1105 5253 ⁸⁸
1134 5218 1293 5277 Joan.
1322 5237 1438 5290 xw,
1474 5222 1559 5277 il.
1635 5222 1680 5254 "°
1708 5220 1841 5277 ibid.
1881 5221 1932 5276 9.

542 5364 549 5381 κ
574 5376 599 5381 ,,
625 5378 639 5381 ,
896 5380 901 5381 ,
982 5380 999 5381 κν
1022 5380 1029 5381 ί
1765 5310 1998 5367 νΑΒιΑῑ
2035 5306 2438 5365 LECTIONES.

573 5376 609 5419 IV
625 5378 786 5450 Lege,
820 5380 916 5435 καὶ
940 5380 1116 5456 αὖθις.

2004 5465 2234 5522 NOTAE.

2165 5561 2335 5616 libros
2364 5559 2530 5632 etiam
2590 5558 3092 5632 Stromatei‘iNam
3169 5561 3497 5632 principium
3526 5561 3711 5618 borum

2200 5632 2346 5686 eriit.
2384 5631 2505 5685 Alio
2549 5630 2601 5684 ui
2631 5631 3039 5687 emendandum
3066 5628 3207 5685 foret
3235 5628 3548 5709 Κλήμεντος
3570 5633 3709 5688 Ἀλε-

2164 5647 2445 5766 ἓανδρείας
2465 5715 2478 5731 ⁸
2509 5647 2798 5756 (ὲιεηιίιηιὲδ
2834 5699 3205 5759 Alexandrini.

2232 5700 2478 5771 νδρείας·
2515 5699 2798 5756 Clementis
2834 5699 3205 5759 Alexandrini.

570 5562 684 5639 (36)
725 5568 880 5639 Πρὸς
911 5567 1329 5639 Ἀλέξανδρον).
1366 5563 1509 5639 sane
1529 5563 1786 5639 Clemens
1823 5563 2059 5639 Alexan-

500 5633 696 5694 drinus
723 5633 1035 5692 Alexandro
1059 5633 1554 5706 Hierosolymitano
1571 5634 1848 5706 Canonem
1878 5633 2054 5706 eccle:

502 5707 789 5767 siasticum
837 5713 1030 5763 contra
1061 5701 1413 5762 Judaizaritcs
1463 5704 1797 5773 nuncupavit
1828 5701 2056 5773 :quidni
