3986 6346
289 406 423 472 3405

1376 406 1475 470 DE
1513 406 1977 469 IMAGINIBUS
2012 407 2295 470 ORATIO
2331 409 2445 470 III.

3398 390 3541 460 1406

297 523 384 577 Ἐν
416 523 528 594 γὰρ
582 524 649 595 τῇ
694 522 860 577 οίκόνι
904 520 1000 575 τοῦ
1049 518 1332 591 βασιλέως,
1395 521 1460 574 τὸ
1496 516 1633 585 εἶδος
1682 519 1776 574 καὶ
1824 520 1859 589 ἡ

1988 522 2200 590 magine
2224 522 2441 591 species
2458 527 2513 575 et
2544 518 2720 574 forma
2746 524 2833 573 est
2856 510 3232 588 imperatoris,
3264 516 3320 566 et
3352 507 3408 562 in
3434 522 3539 559 im-

289 615 470 685 μορφή
507 615 625 669 ἑστι
654 631 669 647 ’
706 614 803 668 καὶ
827 614 885 668 ἐν
909 612 989 684 τῷ
1027 612 1239 687 βασιλεῖ
1267 611 1343 677 δὲ,
1376 611 1441 665 τὸ
1484 613 1544 665 ἐν
1575 612 1643 682 τῇ
1691 609 1860 663 εικόνι

287 700 424 767 εἶδός
462 706 632 758 ἐστιν.
688 702 1134 775 Ἀπαράλλακτός
1173 702 1320 755 ἔστιν
1351 703 1409 755 ὲν
1436 703 1503 773 τῇ
1566 700 1734 753 εἰκόνι
1768 698 1861 752 τοῦ

290 794 609 866 βασιλέωςή
651 795 928 865 ὁμοιότης,
977 793 1054 857 ὡς
1088 794 1179 847 τὸν
1237 793 1450 862 ὁρῶντα
1497 791 1598 863 τὴν
1656 792 1862 855 είκόνα,

287 887 420 956 όρᾷν
442 885 535 939 τὸν
584 884 807 956 βασιλέα
836 888 894 942 ιν
923 888 1085 958 αὐτῇ,
1102 884 1313 939 καὶτὸν
1336 882 1499 937 πάλιν
1527 882 1740 952 δρῶντα
1771 880 1865 936 τδν

294 976 539 1047 βασιλέα,
574 977 961 1046 ἐπιγινώσκειν
1012 979 1097 1033 ὅτι
1152 970 1309 1040 οὗτός
1336 976 1484 1029 ἐστιν
1516 976 1546 1029 ό
1573 975 1632 1027 ὲν
1661 975 1729 1045 τῇ
1785 973 1866 1026 εί-

289 1068 428 1121 κόνι.
469 1066 641 1121 Ἐκδὲ
662 1067 758 1122 τοῦ
792 1069 867 1139 μὴ
910 1068 1241 1124 διαλλάττειν
1276 1067 1378 1137 τὴν
1422 1064 1739 1136 ὁμοιότητα,
1786 1062 1866 1136 τῷ

292 1163 497 1216 θέλοντι
530 1161 667 1233 μετὰ
692 1163 792 1233 τὴν
827 1163 1012 1217 είκόνα
1030 1161 1123 1215 τὸν
1145 1159 1373 1232 βασιλέα
1395 1158 1694 1230 Θεωρῆσαι,
1723 1157 1867 1210 εῐποι

291 1252 356 1305 ἂν
386 1251 561 1324 τούτῳ
579 1254 613 1323 ἡ
647 1252 834 1305 εἰκών·
880 1253 1020 1321 Ἐγὼ
1048 1252 1145 1306 καὶ
1167 1253 1195 1305 ὁ
1220 1249 1473 1321 βασιλεὺς
1507 1248 1567 1302 ἒν
1588 1247 1641 1302 τί
1674 1249 1867 1317 ὲσμεν.

306 1342 445 1412 Ἐγὼ
480 1343 592 1414 γὰρ
626 1343 686 1397 ὲν
715 1344 908 1415 ἐκείνῳ
947 1343 1087 1412 είμὶ,
1123 1344 1377 1405 κάκεῖνος
1411 1341 1469 1393 ὲν
1507 1338 1629 1410 ἐμοί
1658 1354 1673 1369 ο
1722 1337 1817 1391 καὶ
1840 1337 1870 1391 δ

292 1432 426 1504 δρᾷς
476 1434 534 1486 ἑν
557 1433 703 1503 ἐμοὶ,
732 1434 892 1486 τοῦτο
924 1435 983 1486 ὲν
1016 1433 1209 1503 ἐκείνῳ
1254 1432 1493 1504 βλέπεις,
1525 1431 1618 1483 καὶ
1638 1428 1666 1483 ὃ
1698 1428 1869 1500 ἑώρα-

293 1537 399 1585 κας
429 1523 490 1575 ὲν
520 1521 737 1591 ἐκείνῳ,
761 1523 981 1593 βλέπεις
1008 1522 1167 1577 τοῦτο
1198 1525 1256 1577 ὲν
1298 1522 1422 1595 ὲμοί
1458 1537 1473 1551 ο
1502 1523 1531 1575 ό
1567 1520 1676 1593 γὰρ
1705 1537 1873 1591 προσ-

294 1610 472 1665 κυνῶν
493 1610 594 1681 τὴν
620 1612 829 1679 εἰκόνα,
861 1614 920 1665 ὲν
939 1613 1076 1684 αὐτῇ
1099 1614 1397 1684 προσκυνεῖ
1411 1611 1501 1666 τὸν
1519 1610 1765 1682 βασιλέα.
1806 1610 1873 1663 Ἦ

292 1699 398 1773 γὰρ
444 1700 652 1754 ἐκείνου
699 1702 882 1773 μορφὴ
923 1701 1020 1757 καὶ
1066 1702 1128 1756 τὸ
1176 1699 1317 1767 εἶδος
1372 1701 1559 1768 αὐτοῦ,
1618 1700 1770 1755 ἐστὶν
1836 1699 1871 1769 ἠ

294 1788 479 1846 εἰκών.
519 1810 539 1843 ι
1264 1798 1267 1799 ⁷

469 1881 579 1936 Τοῦ
607 1880 816 1949 αὐτοῦ,
858 1881 1009 1950 πρὸς
1058 1882 1368 1951 Ἀντίοχον
1413 1880 1694 1949 ἄρχοντα.

370 1990 389 2023 ι
429 1971 495 2025 Τί
522 1987 654 2043 φασι
678 1973 816 2044 πρὸς
842 1973 1019 2026 ταῦτα
1045 1973 1095 2026 oi
1118 1973 1609 2044 ἀποστρεφόμενοι,
1632 1973 1725 2025 καὶ
1754 1972 1872 2025 ὲπι-

295 2062 584 2134 τρέποντες
602 2062 679 2134 μὴ
694 2064 1021 2133 προσκυνεῖν
1032 2064 1157 2125 τοὺς
1181 2063 1533 2133 χαρακτῆρας
1548 2062 1657 2115 τῶν
1675 2061 1869 2131 ἁγίων,

297 2151 492 2217 οῖτινες
529 2152 597 2207 δι’
627 2152 935 2224 ὑπόμνησιν
964 2154 1096 2224 παρ’
1131 2153 1287 2223 ἡμῶν
1311 2152 1695 2219 ὲκτυποῦνται;
1741 2170 1761 2203 ι

314 2244 663 2316 ’Δμϐροσίου
705 2244 1045 2316 ἐπισκόπου
1086 2243 1476 2316 Μεδιολᾴνωις
1506 2245 1612 2316 (57
1648 2243 1872 2316 ),-πρός

369 2312 702 2383 Γρατιανὸν
752 2313 860 2383 τὸν
884 2312 1166 2379 βασιλέα,
1212 2314 1346 2382 περὶ
1402 2312 1524 2383 τῆς
1568 2312 1874 2383 θσάρκου

369 2382 712 2451 οίκονομίας
736 2382 842 2436 τοῦ
872 2382 1020 2438 Θεοῦ
1057 2384 1275 2452 Λόγου.

377 2492 400 2530 ε
435 2473 567 2538 Θεδς
597 2474 705 2545 πρὸ
728 2474 830 2544 τῆς
857 2474 1084 2545 σαρκὸς,
1117 2475 1212 2527 καὶ
1238 2474 1370 2539 Θεὸς
1400 2476 1459 2528 ὲν
1484 2475 1669 2546 σαρκί.
1714 2474 1874 2529 una

72 2582 75 2589 '
126 2562 489 2649 φόϐος.
534 2564 689 2634 φησιν
721 2563 797 2635 μὴ
854 2563 948 2617 δύο
979 2564 1302 2639 ἡγεμονικὰ,
1350 2564 1384 2635 ἢ
1442 2565 1634 2635 σοφίαν
1695 2564 1881 2636 διττὴν

72 2682 97 2711 ρ,
210 2655 674 2725 μηλὰπονέμοντες
727 2655 970 2725 Χριστῷ,
1029 2656 1273 2726 μερίζειν
1330 2655 1571 2727 δόξωμεν
1621 2656 1878 2727 Χριστόν.

306 2740 453 2815 ’Λρα
487 2741 600 2809 οὖν,
638 2746 712 2817 μὴ
737 2746 901 2800 ὁπότε
932 2747 1027 2802 καὶΙ
1049 2746 1150 2818 τὴν
1176 2747 1408 2818 θεότητα
1458 2746 1623 2801 αὐτοῦ
1655 2748 1750 2801 καὶ
1781 2746 1880 2818 τὴν

309 2835 487 2905 σάρκα
515 2836 949 2907 προσκυνοῦμεν,
981 2837 1278 2907 μερίζομεν
1304 2837 1398 2891 τὸν
1419 2837 1657 2908 Χριστόν
1685 2852 1702 2904 ;
1728 2837 1761 2907 ἢ
1790 2838 1881 2890 ὅτε

308 2930 367 2980 ὲν
385 2926 464 2998 τῷ
481 2928 651 2998 αὐτῷ,
681 2926 774 2980 καὶ
798 2927 897 2998 τὴν
923 2927 1017 2981 τοῦ
1050 2927 1188 2982 Θεοῦ
1220 2928 1407 2982 είκόνα
1444 2929 1541 2982 καὶ
1581 2930 1675 2982 τὸν
1714 2946 1880 2982 σταυ-

311 3015 404 3087 ρὸν
463 3014 899 3087 προσκυνοῦμεν,
957 3012 1274 3089 διαιροῦμεν
1340 3017 1548 3085 αὐτόν;
1611 3018 1705 3090 Μὴ
1788 3020 1883 3087 γέ-

308 3120 452 3158 νοιτο
474 3115 514 3144 ιιι
533 3104 548 3156 ι
596 3121 615 3156 ι

308 3194 611 3261 Κυρίλλου
658 3195 1025 3317 παῗιάρχου
1076 3196 1540 3266 ιἰεροσολύμων,
1588 3198 1701 3267 τῆς
1767 3199 1881 3254 δω-

789 3266 1009 3317 sudem-
1038 3266 1446 3317 xatnnia'amr.
1468 3273 1525 3317 l...
1546 3272 1665 3317 :l...-
1701 3280 1729 3317 ε.
1760 3276 1815 3317 πιι
1842 3298 1843 3301 η

384 3368 405 3403 ι
434 3352 498 3405 Ei
521 3350 699 3405 τοίνυν
722 3352 902 3423 ζητεῖς
917 3353 1013 3423 τῆς
1030 3353 1266 3424 Χριστοῦ
1291 3356 1591 3425 παρουσίας
1612 3356 1673 3410 τδ
1686 3358 1878 3425 αῐτιον,

309 3442 587 3513 ἀνάδραμε
627 3442 721 3495 ἐπὶ
766 3442 827 3496 τὸ
863 3443 1080 3515 πρῶτον
1122 3444 1232 3497 τῶν
1257 3445 1493 3516 Γραφῶν
1522 3446 1746 3517 βιϐλίον.
1792 3448 1883 3501 Ἐν

308 3532 368 3597 ἒξ
403 3531 637 3603 ἡμέραις
662 3532 915 3603 ἐποίησεν
940 3536 969 3586 ὁ
998 3532 1131 3597 Θεὸς
1158 3534 1248 3587 τὸν
1276 3535 1502 3608 κόσμον,
1554 3535 1670 3589 ἀλλ’
1710 3536 1740 3589 ό
1793 3537 1884 3590 κό-

310 3637 465 3691 σμος,
490 3619 579 3674 διὰ
595 3621 687 3674 τὸν
710 3621 996 3693 ἄνθρωπον
1021 3639 1034 3653 ’
1061 3622 1209 3692 ἥλιος
1234 3623 1332 3693 μὲν
1347 3624 1456 3694 γὰρ
1471 3624 1874 3696 λαμπρότατος,

308 3712 504 3782 αὐγαῖς
533 3713 895 3781 ἀποστίλϐων,
920 3712 1056 3767 ἀλλὰ
1090 3713 1178 3767 διὰ
1208 3714 1300 3767 τὸν
1326 3714 1636 3785 ἄνθρωπον,
1676 3717 1881 3787 φαμὲν,

310 3804 546 3873 ἐγένετο.
575 3805 688 3859 Καὶ
714 3805 895 3860 πάντα
922 3805 992 3857 τὰ.
1027 3804 1141 3870 ζῶα
1182 3805 1271 3859 διὰ
1312 3804 1374 3859 τὸ
1425 3805 1696 3861 δουλεύειν
1752 3810 1885 3880 ἡμῖν

312 3893 586 3964 κατέστη·
631 3893 853 3964 βοτάναι
891 3895 987 3947 καὶ
1035 3893 1228 3965 δένδρα
1251 3933 1267 3954 .
1330 3893 1418 3947 διὰ
1461 3894 1562 3965 τὴν
1614 3895 1885 3967 ἡμετέραν

310 3985 632 4040 ἀπόλαυσιν.
677 3984 933 4055 Ἐκτίσθη
961 3984 1137 4038 πάντα
1153 3984 1293 4038 καλὰ
1317 3984 1387 4039 τὰ
1405 3985 1884 4057 δημιουργήματα,

311 4078 429 4133 ἀλλ’
462 4078 617 4132 οὐδὲν
644 4078 850 4132 τούτων
874 4076 1037 4131 είκὼν
1061 4074 1157 4130 τοῦ
1187 4075 1347 4141 Θεοῦ,
1384 4076 1546 4145 μόνος
1585 4077 1642 4130 δὲ
1673 4076 1885 4148 ἄνθρω-

315 4186 437 4229 πος.
477 4168 668 4231 Ἤλιος
699 4167 1081 4237 προστάγματι
1132 4165 1299 4235 μόνῳ,
1330 4165 1616 4237 ἄνθρωπος
1643 4166 1700 4220 δὲ
1729 4169 1886 4238 χερσὶ

315 4257 485 4321 Θείαις
511 4257 757 4327 ἐπλάσθη
788 4273 804 4289 ο
836 4276 855 4309 ι
894 4256 1244 4326 Ποιήσωμεν
1263 4255 1373 4327 γὰρ
1407 4256 1720 4325 ἄνθρωπον
1757 4257 1887 4311 κατ’

312 4350 520 4402 εἰκόνα
539 4345 851 4416 ἡμετέραν,
890 4348 989 4402 καί
1020 4347 1151 4403 καθ’
1218 4345 1507 4415 ὁμοίωσιν
1533 4363 1548 4379 ο
1588 4348 1751 4402 εἰκὼν
1798 4347 1887 4413 ξυο

315 4437 435 4509 λίνη
480 4438 723 4504 ἐπιγείου
775 4439 1037 4509 βασιλέως
1085 4439 1332 4510 τιμᾶται,
1367 4438 1519 4508 πόσῳ
1568 4456 1633 4509 γε
1684 4440 1886 4509 μᾶλλον

316 4529 481 4583 εἰκὼν
505 4529 698 4598 λογικῂ
730 4529 900 4596 Θεοῦ;
940 4547 959 4582 ι

323 4620 433 4675 Τοῦ
459 4620 632 4691 ἁγίου
662 4620 985 4691 Βασιλείου
1010 4618 1159 4686 πρὸς
1186 4619 1300 4691 τὸν
1320 4618 1492 4691 ἄτιον
1530 4620 1887 4686 Φλαὸιανόν,

739 4688 875 4756 περὶ
904 4688 1016 4757 τῆς
1043 4689 1484 4758 Σαμαρείτιδος.

393 4795 417 4832 ι
467 4780 559 4836 Ἐν
580 4781 733 4850 τόπῳ
759 4777 897 4833 εἶναι
933 4779 1033 4851 τὴν
1058 4779 1429 4851 προσκύνησιν
1471 4781 1536 4834 ἐκ
1562 4780 1664 4851 τῆς
1714 4782 1890 4855 ἐγχω-

206 4862 209 4871 ¹
321 4868 441 4939 ρίου
474 4869 762 4942 συνηθείας
790 4869 1169 4940 ἠπατημένην,
1199 4871 1227 4923 ό
1252 4870 1453 4942 Κύριος
1475 4869 1630 4941 ήμῶν
1669 4870 1889 4939 μεταδι-

320 4959 554 5014 δάσκωψ
584 4962 689 5016 Ἐν
703 4962 993 5031 πνεύματι
1010 4960 1108 5015 καὶ
1121 4962 1371 5030 ἀληθείᾳ
1383 4961 1479 5015 δεῖ
1493 4961 1883 5030 προσκυνεῖν,

210 5046 211 5053 “
323 5051 509 5120 φησὶν,
538 5052 731 5106 ἑαυτὸν
755 5052 930 5122 λέγων
956 5052 1157 5124 δηλαδὴ
1194 5052 1293 5123 τὴν
1348 5052 1626 5123 ἀλήθειαν.
1678 5051 1888 5125 Ὠσπερ

325 5141 381 5193 ἑν
408 5139 485 5212 τῷ
516 5142 631 5214 Υἱῷ
684 5146 1012 5215 προσκυνεῖν
1056 5144 1288 5214 λέγομεν
1335 5143 1427 5197 τὸν
1464 5142 1700 5213 Πατέρα,
1722 5142 1798 5208 ὡς
1826 5145 1885 5198 ὲν

1963 620 2219 681 peratore
2249 613 2463 682 species
2493 610 2772 681 imaginis.
2812 607 3173 663 Dissentanea
3209 601 3266 655 in
3300 599 3542 667 imagine

1965 716 2072 755 non
2107 708 2194 756 est
2232 701 2583 771 imperatoris
2618 698 2971 764 similitudo;
3005 696 3079 750 ita
3117 701 3176 749 ut
3206 691 3302 764 qui
3358 688 3543 742 videat

1964 791 2281 862 imaginem,
2334 793 2391 845 in
2418 791 2537 861 ipsa
2567 804 2790 860 quoque
2821 790 3207 859 imperatorem
3239 778 3539 849 inspiciat:

1964 894 2026 939 ct
2071 896 2316 943 rursum,
2371 881 2465 950 qui
2517 880 2903 949 imperatorem
2952 876 3158 938 rideat,
3199 874 3348 927 hunc
3387 869 3540 923 illum

1964 985 2088 1029 esse
2129 966 2401 1035 intelligat
2455 966 2548 1036 qui
2604 964 2659 1018 in
2713 964 2949 1034 imagine
3002 964 3075 1015 sit
3119 972 3435 1031 expressus.
3466 952 3542 1006 Ex

1968 1071 2078 1125 quo
2127 1064 2312 1111 autem
2343 1071 2454 1111 non
2484 1055 2671 1111 didert
2717 1054 3049 1117 similitudo,
3083 1052 3285 1106 exhinc
3308 1062 3544 1117 conspe-

1967 1152 2055 1200 cta
2087 1144 2349 1215 imagine,
2381 1144 2587 1199 volenti
2645 1144 3036 1213 imperatorem
3066 1143 3247 1211 ipsum
3300 1135 3539 1200 intueri,

1970 1238 2149 1309 imago
2185 1239 2374 1309 utique
2404 1238 2608 1293 dixerit
2635 1253 2649 1290 :
2676 1238 2792 1309 Ego
2835 1246 2887 1293 et
2918 1238 3216 1306 imperator
3247 1248 3417 1289 unum
3453 1246 3546 1286 su-

1974 1345 2121 1385 mus.
2183 1330 2298 1400 Ego
2351 1331 2554 1399 quippe
2586 1328 2642 1383 in
2680 1329 2774 1384 illo
2822 1343 2970 1393 sum,
3002 1335 3060 1382 et
3092 1325 3185 1380 ille
3214 1326 3270 1379 in
3320 1337 3409 1377 me
3443 1340 3458 1376 :
3489 1328 3546 1376 et

1971 1418 2118 1487 quod
2160 1418 2218 1472 in
2274 1433 2362 1473 me
2405 1419 2587 1487 vides,
2631 1417 2736 1473 hoc
2763 1419 2905 1474 idem
2938 1419 2993 1472 in
3020 1431 3088 1471 eo
3143 1413 3443 1486 perspicis;
3493 1419 3548 1465 et

1971 1508 2121 1579 quod
2182 1508 2241 1563 in
2297 1507 2393 1564 illo
2454 1508 2829 1579 perspexeris,
2875 1507 2929 1562 id
2962 1508 3018 1562 in
3073 1522 3159 1561 me
3190 1504 3420 1561 cernis:
3452 1500 3547 1569 qui

1973 1600 2119 1655 enim
2174 1598 2369 1653 adorat
2420 1598 2870 1670 imaginem,,ille
2908 1597 3301 1667 imperatorem
3332 1593 3546 1649 adorat.

1975 1690 2108 1746 Nam
2138 1690 2319 1761 imago
2342 1698 2425 1747 est
2457 1690 2633 1745 forma
2665 1696 2721 1745 et
2752 1689 2966 1760 species
2989 1687 3167 1743 illius.
3207 1704 3227 1739 ι

2185 1885 2463 1956 Ejusdem,
2498 1885 2567 1940 ad
2597 1885 2910 1941 Antiochum
2933 1883 3242 1955 prafectum
3270 1882 3340 1938 ".

2048 1995 2068 2029 ι
2092 1975 2237 2044 Quid
2270 1978 2338 2033 ad
2363 1978 2477 2035 haec
2502 1978 2579 2033 illi
2607 1978 3038 2049 quisanctorum
3066 1969 3268 2047 ﬁguras
3286 1982 3549 2025 aversan-

1976 2074 2063 2123 tur
2111 2068 2535 2137 adorandasque
2589 2079 2814 2140 negant,
2875 2081 2997 2139 quae
3047 2066 3103 2121 in
3148 2061 3550 2119 monimentum

1976 2159 2117 2229 apud
2151 2175 2253 2215 nos
2281 2159 2654 2231 eﬂinguntur?
2682 2180 2701 2213 ι

1978 2253 2241 2308 Ambrosii
2287 2253 2511 2321 episcopi
2535 2251 2944 2321 Mediolanensis
3003 2248 3071 2321 ad
3108 2245 3422 2321 Gratianum
3448 2240 3552 2294 im-

2159 2313 2476 2391 peratorem,
2506 2322 2570 2375 de
2620 2320 2984 2374 incarnatione
3024 2316 3173 2371 Verbi
3203 2313 3395 2368 divini.

2054 2492 2073 2527 ι
2108 2474 2252 2531 Dens
2290 2484 2417 2531 ante
2444 2489 2671 2531 carnem
2698 2492 2714 2542 ;
2745 2474 2893 2529 Deus
2942 2472 2996 2527 in
3022 2484 3281 2525 carne....
3324 2464 3433 2521 Sed
3466 2476 3556 2518 ve-

1979 2565 2239 2631 rendum,
2296 2566 2506 2637 inquis,
2563 2580 2632 2621 ne
2661 2566 2708 2620 si
2740 2564 2884 2619 duos
2942 2559 3281 2633 principales
3326 2567 3550 2617 sensus,

1980 2663 2075 2709 aut
2136 2654 2411 2726 geminam
2448 2656 2777 2725 sapientiam
2804 2652 3032 2709 Christo
3055 2642 3555 2709 tribuimus,Chri-

1981 2754 2126 2800 stum
2155 2743 2486 2799 dividamus.
2518 2742 2792 2813 Numquid
2832 2758 2957 2797 cum
2984 2750 3039 2796 et
3070 2738 3407 2795 divinitatem
3434 2733 3557 2804 ejus

1981 2834 2277 2890 adoramus
2301 2842 2357 2890 et
2392 2849 2641 2899 carnem,
2691 2832 2972 2888 Christum
3003 2826 3347 2887 dividimus?
3381 2825 3556 2880 Num-

1982 2921 2112 2993 quid
2160 2939 2284 2979 cum
2326 2923 2382 2978 in
2414 2938 2482 2979 eo
2508 2924 2805 2993 imaginem
2832 2922 2924 2977 Dei
2957 2932 3290 2990 crucemque
3322 2929 3558 2972 venera-

1984 3029 2126 3079 mur,
2156 3012 2459 3071 dividimus
2488 3030 2612 3070 eum
2637 3014 2661 3067 ?
2684 3013 2880 3069 Absit!
2919 3031 2939 3065 ι

821 3195 1025 3265 ιάρχου
1076 3196 1540 3266 Ἰεροσολύμων,
1588 3198 1701 3267 τῆς
1767 3199 1881 3254 δω.
1908 3185 1953 3243 C
2057 3189 2251 3261 Cyrilli
2306 3190 2798 3262 Hierosolymorum
2843 3190 3198 3259 patriarcha,
3244 3204 3310 3245 ea:
3348 3185 3553 3243 duode-

821 3266 1009 3332 κάτης
1038 3266 1446 3335 κατηχήσεως.
1468 3273 1525 3327 in.
1546 3272 1667 3331 dm,
1701 3280 1729 3323 ι.
1760 3276 1850 3329 v.1,
1892 3262 2131 3317 »ἵκωμι-ν.
2550 3263 2689 3317 ciina
2723 3262 3000 3315 ratechesi.

789 3276 1009 3332 εκατης
1038 3276 1446 3337 κατηχήσεως.
1468 3276 1491 3327 l1
1510 3302 1525 3321 [ι
1546 3276 1667 3331 Λημ,
1701 3280 1729 3323 ι.
1760 3276 1850 3329 πιιηη,
1892 3276 2131 3317 »ἵκωμι-ν.

2550 3263 2689 3317 cima
2723 3262 3000 3315 ratechesi.

2054 3351 2111 3406 Si
2163 3367 2295 3423 ergo
2332 3336 2614 3408 'adventus
2666 3350 2870 3407 Christi
2929 3364 3155 3407 causam
3205 3346 3432 3419 quaeris,
3488 3346 3561 3403 ad

1981 3439 2148 3511 384
2174 3441 2412 3510 primum
2456 3441 2759 3509 Scriptura:
2806 3441 3009 3495 librum
3039 3454 3286 3495 recurre.
3316 3438 3422 3493 Sex
3445 3436 3561 3493 die-

1985 3546 2105 3584 rum
2169 3530 2349 3599 spatio
2406 3530 2675 3584 mundum
2734 3532 2944 3585 creavit
2984 3530 3250 3585 Deuszat
3317 3526 3584 3583 mundus.

1985 3633 2206 3692 propter
2228 3622 2506 3677 hominem
2540 3622 2718 3678 lactus
2754 3631 2858 3679 est.
2888 3621 3183 3677 Enimvero
3241 3620 3324 3676 sol
3379 3620 3560 3690 splen-

1984 3713 2327 3781 didissimus,
2350 3714 2629 3783 radiisque
2654 3713 2890 3784 fulgens,
2918 3721 2977 3768 ut
3006 3714 3171 3768 modo
3204 3712 3553 3777 dicebamus.

1986 3805 2222 3860 hominis
2259 3819 2425 3860 causa
2455 3803 2633 3861 lactus
2655 3814 2758 3861 cst.
2801 3803 2998 3861 Omnia
3033 3820 3255 3876 quoque
3290 3803 3552 3857 animan-

1989 3903 2060 3956 tia
2083 3901 2292 3956 idcirco
2323 3899 2550 3956 condita
2580 3910 2732 3966 sunt,
2763 3909 2824 3955 ut
2869 3901 3114 3956 serviant
3140 3896 3329 3963 nobis;
3357 3896 3561 3969 grami-

1986 4010 2054 4049 na
2106 3995 2233 4049 item
2267 4003 2323 4049 et
2344 3994 2599 4058 arbores,
2642 4002 2704 4048 ut
2729 3993 2840 4047 illis
2863 3991 3135 4046 fruamur.
3171 3989 3434 4046 Universa
3460 3988 3557 4044 Dei

1984 4101 2151 4155 opera
2174 4086 2318 4140 bona
2345 4084 2503 4140 valde
2523 4094 2673 4147 sunt,
2716 4083 2811 4140 sed
2849 4084 3060 4138 nullum
3087 4097 3301 4146 eorum,
3330 4082 3554 4149 dempto

1989 4175 2236 4240 homine,
2295 4174 2475 4245 imago
2519 4174 2613 4227 Dei
2643 4181 2746 4228 est.
2783 4171 2879 4227 Sol
2927 4172 3187 4247 mandato
3213 4171 3355 4234 solo,
3401 4170 3563 4223 homo

1987 4279 2118 4321 vero
2147 4264 2241 4321 Dei
2272 4266 2527 4321 manibus
2565 4264 2835 4319 formatus
2863 4263 2986 4319 fuit.
3012 4259 3563 4321 Aitenim":Facia-

1988 4365 2104 4403 mus
2125 4348 2387 4403 hominem
2412 4349 2483 4403 ad
2508 4350 2790 4419 imaginem
2806 4358 2855 4403 et
2874 4346 3277 4403 similitudinem
3297 4355 3561 4401 nostram.

1992 4439 2345 4509 Imperatoris
2392 4447 2599 4494 terreni
2627 4439 2919 4509 imaginem
2953 4437 3186 4507 ligneam
3215 4447 3562 4501 veneramur,

1923 4506 1966 4560 θ
1994 4506 2204 4603 quanto
2222 4518 2435 4602 'potiori
2462 4531 2588 4600 jure
2619 4506 2942 4585 rationalem
2969 4506 3264 4598 imaginem
3296 4524 3389 4580 Dei
3414 4525 3438 4577 7
3468 4543 3490 4576 ε

2058 4622 2245 4679 Sancti
2277 4622 2476 4677 Basilii
2503 4623 2571 4675 ad
2631 4635 2874 4676 sanctum
2931 4618 3269 4683 Flavianum,
3290 4616 3355 4671 de
3377 4614 3564 4672 Sama-

2548 4692 2728 4745 ritana
2758 4691 2997 4744 muliere.

2064 4799 2083 4833 ι
2120 4780 2357 4836 Gentilis
2403 4796 2518 4836 suae
2573 4780 2996 4837 consuetudinis
3054 4791 3247 4833 errore
3293 4776 3350 4829 in
3412 4770 3604 4828 certo'

1985 4872 2106 4927 loco
2164 4873 2539 4928 adorationem
2596 4872 2796 4927 debere
2853 4870 2968 4925 lieri
3004 4868 3341 4931 credentem,
3382 4863 3566 4918 Domi-

1992 4979 2099 5018 nus
2143 4973 2333 5019 noster
2375 4964 2595 5019 erudit:
2630 4964 2870 5031 Oportet,
2938 4960 3140 5031 inquit,
3203 4959 3261 5013 in
3292 4956 3482 5026 spiritu
3514 4961 3566 5008 ει

1993 5055 2210 5109 veritate
2234 5054 2555 5123 adorare";
2588 5064 2648 5109 ut
2680 5056 2920 5126 seipsum
2973 5053 3259 5115 nimirum,
3292 5050 3387 5120 qui
3415 5046 3565 5103 veri-

2006 5157 2092 5204 tas
2112 5154 2218 5213 est,
2248 5147 2538 5207 indicaret.
2582 5147 3055 5217 Quemadmodum
3079 5146 3143 5202 in
3178 5142 3319 5200 Filio
3345 5141 3569 5197 Patrem

405 5275 449 5306 τί
485 5272 692 5343 Quaest.
718 5276 908 5337 59,ubi
941 5292 1128 5348 supra.
1203 5277 1248 5307 τ’
1275 5275 1414 5333 Gen.
1446 5289 1488 5344 ι,
1518 5275 1608 5331 26.
1683 5276 1726 5309 ⁷³
1755 5273 1914 5335 Joan.
1956 5293 2030 5346 Iv,
2055 5280 2145 5336 24.

1602 5389 1840 5445 νΑΙιΙΑΞ
1894 5391 2296 5455 LECTIONES.

396 5496 441 5524 ’³
475 5489 660 5559 Deest,
689 5489 859 5551 Absit.
900 5487 976 5559 μὴ
1016 5487 1247 5557 γένοιτο,
1296 5485 1442 5556 apud
1474 5484 1846 5541 Ambrosium.

1820 5603 2053 5660 NOTAE.

401 5699 512 5769 (37)
540 5702 816 5757 Ambrosii
851 5700 1044 5756 Latina
1073 5701 1353 5765 describo,
1398 5716 1461 5757 ex
1507 5699 1787 5769 ejuslibro
1825 5695 2313 5769 Deincarnntionis
2354 5694 2648 5755 Dominicis
2673 5706 3026 5768 sacramento,
3059 5711 3180 5768 cap.
3218 5696 3276 5765 'l,
3316 5714 3376 5753 ιι.
3404 5698 3486 5753 70
3511 5704 3577 5753 τι

338 5766 423 5825 7'4.
451 5766 557 5838 Qui
592 5772 735 5827 liber
775 5782 1021 5842 tempore
1051 5771 1249 5841 synodi
1291 5766 1585 5841 Ephesium
1617 5768 1809 5825 Graece
1837 5766 2085 5851 redditus
2110 5766 2307 5820 fuerat.
3013 5766 3017 5768 ⁷
3129 5766 3142 5768 “
3272 5772 3275 5775 ·
