3986 6346
479 368 617 437 1m

1674 350 1746 423 Si.
1783 354 2109 424 IOANNIS
2130 352 2571 420 DAMASCENI

3630 365 3786 434 H12

473 484 744 556 imaglncs
755 491 979 551 quoque
996 477 1318 541 adoramus,
1336 473 1406 532 iis
1420 474 1793 532 acoensendos
1821 472 1962 539 fore,
1979 488 2053 542 qn

2178 468 2399 533 εἰκόνας
2444 468 2897 542 προσκυνοῦντες,
2937 471 3013 537 ὡς
3053 473 3284 545 ἀψύχοις
3332 479 3783 550 προσευχόμενοι

474 574 791 631 simulacris
821 570 1086 625 inanimis
1113 568 1452 640 supplicant.
1486 566 1647 622 Absit
1682 566 1895 636 itaque,
1922 574 1985 620 ut
2013 564 2064 618 id

476 682 579 721 nos
607 664 1048 720 committamus.
1072 660 1209 716 Nam
1238 659 1508 731 quidquid
1535 666 1706 729 agunt
1737 657 2064 719 Christiani,

482 755 590 810 ﬁde
621 761 905 824 pensatur,
936 761 991 806 et
1014 749 1179 814 Deus,
1215 750 1309 820 qui
1342 747 1575 803 mendax
1609 761 1718 801 non
1746 753 1856 808 est,
1885 744 2067 799 virtu-

472 855 559 903 tes
604 850 892 913 operatur.
944 840 1065 896 Non
1093 840 1243 897 enim
1294 840 1350 894 in
1401 838 1734 909 quibusdam
1787 834 2068 892 coloribus

471 950 776 997 moramur.
806 932 927 999 sed,
957 932 1127 988 veluti
1165 929 1440 1000 contingit
1471 929 1528 983 in
1571 927 2068 997 repraesentatione

472 1029 690 1092 litterze,
713 1042 821 1098 qua
853 1026 998 1081 aliud
1038 1024 1415 1093 signiﬁcatur,
1450 1021 1606 1076 illum
1634 1020 1729 1091 qui
1767 1020 2068 1076 invisibilis

471 1128 577 1185 est,
609 1118 666 1172 in
705 1118 923 1189 pictura
957 1114 1391 1183 conspicientes,
1426 1120 1690 1181 tanquam
1733 1116 2064 1181 praesentem

473 1211 790 1266 laudamus.
815 1208 931 1262 Nec
960 1207 1010 1261 ei
1044 1205 1348 1269 credimus,
1386 1204 1483 1272 qui
1519 1202 1665 1259 Deus
1699 1216 1809 1257 non
1844 1201 1940 1267 sit,
1970 1200 2065 1257 sed

472 1301 572 1371 qui
599 1315 728 1354 vere
770 1298 1006 1353 exsistat
1051 1294 1237 1350 Deus:
1273 1309 1458 1364 neque
1507 1293 1636 1348 item
1689 1293 1924 1359 sanctis,
1971 1292 2065 1363 qui

472 1393 654 1449 sancti
690 1406 801 1446 non
831 1391 965 1453 sint,
1001 1387 1096 1444 sed
1126 1388 1219 1457 qui
1253 1387 1392 1441 tales
1438 1385 1601 1455 plane
1633 1385 1765 1451 sint,
1790 1393 1845 1440 et
1879 1388 2069 1441 vivant

473 1483 617 1554 apud
652 1482 851 1549 Deum;
883 1495 1011 1535 cum
1045 1479 1213 1534 etiam
1263 1476 1494 1547 spiritus
1523 1491 1714 1531 eorum
1749 1478 1820 1532 ob
1856 1478 2065 1533 sancti-

2173 557 2424 622 εἰδώλοις
2452 559 2916 631 λογισθησόμεθα.
2942 563 3035 634 Μὴ
3060 560 3157 618 οῦν
3187 568 3399 634 γένοιτο
3423 571 3578 639 ημᾶς
3604 572 3783 625 τοῦτο

2172 653 2372 707 ποιεῖν.
2405 652 2486 706 Τά
2512 653 2623 724 γὰρ
2664 654 2775 707 τῶν
2822 656 3170 726 Χριστιανῶν
3210 659 3394 722 πιστίς
3429 662 3579 725 εστι,
3611 663 3723 716 καὶ
3752 664 3781 714 ό

2172 740 2609 827 ἀψεύδὴςῖῆμῶν
2641 746 2777 810 Θεδς
2818 749 3037 818 ἐνεργεῖ
3076 749 3179 812 τάς
3216 752 3495 822 δυνάμεις.
3533 754 3612 807 Οὐ
3662 756 3783 825 γὰρ

2172 834 2672 907 χροῖδίοιςρ,ζπάλλά
2690 834 2757 890 ὲν
2787 838 3096 909 ὑπομνήσει
3125 840 3219 894 τοῦ
3251 842 3553 895 ἀντιτύπου
3581 846 3783 916 γράμο

2174 944 2367 1007 ματος,
2397 928 2637 1000 δρῶντες
2659 929 2751 983 τὸν
2779 930 3012 1000 ἀόρατον
3036 931 3126 986 διὰ
3164 933 3264 1004 τῆς
3297 918 3782 1006 ὁρωμένηςγρει-

2166 1020 2296 1090 iﬁlli.
2337 1019 2414 1084 ὡς
2452 1021 2699 1092 παρόντα
2753 1021 3069 1094 δοξάζομεν,
3101 1024 3202 1095 οὐχ
3243 1023 3321 1089 ῶς
3362 1025 3441 1097 μὴ
3481 1026 3599 1080 ϐντι
3644 1027 3781 1098 Θεῷ

2165 1109 2521 1176 πιστεύοντες
2543 1127 2557 1143 ⁸
2590 1112 2705 1168 ἀλλ’
2729 1114 2807 1178 ὡς
2842 1114 2958 1168 ὄντι
2982 1115 3224 1186 ἀληθῶς,
3254 1114 3380 1170 οὔτε
3416 1119 3533 1182 τοῖς
3559 1118 3777 1187 ἁγίοις,

2164 1204 2242 1270 ὡς
2275 1205 2352 1277 μὴ
2400 1202 2577 1271 οῦσιν,
2601 1206 2719 1261 ἀλλ’
2742 1207 2820 1271 ὡς
2848 1202 2987 1271 οὖσι,
3017 1209 3113 1262 καὶ
3142 1209 3279 1274 ζῶσι
3309 1208 3463 1281 παρά
3497 1210 3581 1281 τῷ
3615 1210 3772 1281 Θεῷ,

2164 1296 2260 1349 καὶ
2304 1296 2413 1348 τῶν
2462 1297 2793 1367 πνευμάτων
2825 1296 3031 1362 αὐτῶν,
3063 1299 3235 1367 ἁγίων
3264 1299 3434 1353 ὅντων
3466 1304 3567 1355 καὶ
3594 1301 3775 1354 δυνά-

2169 1403 2262 1457 μει
2287 1385 2427 1440 Θεοῦ
2460 1386 2805 1458 βοηθούντων
2840 1392 2953 1454 τοῖς
2998 1390 3193 1455 ἀξίοις,
3228 1391 3305 1456 ὡς
3334 1391 3614 1462 δεομένοις
3660 1394 3772 1447 αύ-

2164 1494 2342 1533 των.»

474 1579 642 1626 tatem
676 1586 859 1639 suam,
893 1584 1001 1640 qua
1031 1569 1212 1624 divina
1260 1568 1468 1623 virtute
1509 1568 1738 1639 pollent,
1795 1568 1910 1626 illis
1960 1571 2055 1641 qui
2096 1571 2252 1644 digni
2281 1578 2416 1628 sunt
2439 1568 2801 1641 opitulentur,
2837 1579 3025 1642 utpote
3087 1574 3184 1644 qui
3224 1575 3468 1646 ipsorum
3543 1577 3768 1633 auxilio

474 1666 769 1737 indigeant.
815 1684 834 1717 ι

479 1757 758 1812 Anastasii
810 1755 1192 1827 archiepiscopi
1245 1754 1581 1827 ΑιιιὶοιεΙιεηῖἐ
1626 1751 1700 1827 ad
1749 1754 2055 1827 Syineonem

2179 1753 2587 1827 Ἀναστασίου

736 1823 1037 1895 episcopum
1066 1825 1411 1890 Boslrorum,
1441 1824 1517 1878 De
1540 1823 1798 1881 Sabbato.

552 2037 569 2069 ι
594 2016 1065 2083 Quemadmodum
1090 2017 1235 2072 enim
1264 2017 1484 2073 absente
1510 2018 1864 2091 imperatore,
1888 2020 2062 2092 ipsius

476 2112 661 2180 imago
691 2110 980 2174 adoratur,
1022 2117 1291 2179 praasente
1330 2125 1459 2165 vero
1489 2112 1791 2168 absurdum
1826 2129 2061 2185 prorsus

471 2210 579 2266 est,
625 2200 926 2270 exemplari
953 2200 1295 2270 posthabito,
1324 2200 1617 2272 imaginem
1654 2202 1925 2271 adorare;
1959 2220 2061 2260 nec

471 2302 678 2357 tamen,
732 2307 797 2347 eo
844 2292 993 2362 quod
1044 2292 1134 2346 ille
1179 2308 1427 2361 praasens
1477 2294 1567 2355 sit,
1627 2303 1852 2366 propter
1895 2312 2058 2366 quem

470 2386 653 2455 imago
691 2383 916 2446 colitur,
966 2384 1177 2438 idcirco
1220 2384 1519 2455 imaginem
1566 2385 1740 2455 ipsam
1784 2387 1939 2442 nihili
1973 2387 2059 2442 fa-

469 2489 595 2530 cere
624 2483 1064 2529 consentaneum
1111 2472 1299 2528 fuerit.
1328 2472 1461 2529 Tale
1485 2475 1618 2545 quid
1651 2477 1903 2532 evenisse
1932 2492 2059 2533 reor

468 2564 622 2619 circa
652 2564 788 2632 legis
823 2563 1075 2616 umbram
1122 2564 1240 2617 sive
1277 2562 1518 2618 litteram
1568 2565 1735 2635 (hanc
1759 2568 1905 2621 enim
1936 2584 2057 2621 um-

470 2654 622 2708 bram
655 2654 904 2708 nominat
939 2654 1284 2723 Apostolus).
1328 2654 1586 2721 Quandiu
1618 2656 1767 2711 enim
1800 2659 2054 2715 veritatis

468 2744 649 2815 gratia
692 2740 1158 2807 abscondebatur,
1206 2743 1411 2813 ﬁguras
1464 2743 1643 2798 sancti
1689 2745 2054 2813 promebant;

467 2835 671 2905 quippe
704 2834 798 2905 qui
833 2833 1118 2888 veritatem
1149 2843 1412 2904 tanquam
1459 2834 1516 2889 in
1547 2836 1778 2905 speculo
1806 2847 2056 2891 contem-

467 2928 784 2999 plabantur.
817 2926 916 2981 Ast
941 2924 1031 2979 ubi
1057 2925 1261 2981 veritas
1289 2926 1520 2995 prodiit,
1549 2941 1766 2996 aequum
1801 2941 1908 2982 non
1931 2942 2056 2982 esse

466 3025 825 3081 censuerunt,
863 3024 925 3070 ut
953 3018 1261 3072 secundum
1300 3016 1504 3086 ﬁguras
1540 3018 1873 3082 viveremus,
1910 3034 2053 3088 quas

468 3110 733 3180 deinceps
759 3124 1137 3178 sequeremur.
1176 3106 1379 3161 Rerum
1409 3108 1556 3163 enim
1581 3112 1934 3178 praesentium
1959 3126 2053 3164 su-
2078 3120 2124 3181 α

466 3214 821 3271 pervacauea:
849 3208 977 3253 sunt
1014 3197 1225 3268 ﬁguras.
1258 3197 1368 3252 Nec
1410 3207 1595 3252 tamen
1660 3198 1865 3269 ﬁguras
1894 3200 2055 3255 inho-

467 3297 622 3346 neste
674 3289 1007 3352 habuerunt,
1060 3299 1157 3342 aut
1205 3296 1682 3358 contempserunt,
1716 3293 1848 3360 quin
1886 3293 2059 3346 hono-

464 3387 659 3438 rarunt
677 3379 884 3450 potius,
909 3388 962 3433 et
991 3394 1108 3446 eos,
1127 3380 1220 3451 qui
1240 3382 1597 3437 contumeliis
1627 3384 1777 3453 ipsas
1804 3398 2056 3453 asperge-

464 3471 618 3537 bant,
667 3468 865 3539 impios
917 3484 1041 3525 esse
1091 3471 1444 3539 judicarunt,
1494 3481 1548 3528 et
1595 3472 1808 3529 acerba:
1852 3474 2055 3529 mortis

468 3561 746 3635 supplicio
773 3560 993 3631 dignos.
1038 3581 1057 3614 ι

818 3649 1099 3720 Ejusdem,
1134 3668 1199 3707 ex
1231 3657 1475 3710 oratione
1508 3656 1685 3711 tertia.

544 3761 564 3795 ι
604 3740 766 3797 Velut
792 3741 839 3797 si
862 3742 989 3812 quis
1016 3753 1237 3814 propter
1279 3746 1546 3801 honorem
1580 3749 1675 3815 qui
1700 3744 1931 3802 debetur
1954 3748 2054 3803 im-

464 3833 734 3905 peratori,
756 3831 875 3899 ejus
902 3832 1093 3888 adoret
1122 3835 1446 3906 imaginem,
1478 3837 1784 3906 quamlibet
1813 3853 1880 3895 ex
1920 3853 2050 3895 cera

464 3928 523 3978 et
556 3921 843 3976 coloribus
872 3929 1241 3977 constantem.
1292 3942 1312 3975 ι

467 4011 655 4069 Sancti
714 4021 766 4067 et
836 4014 1139 4085 cacumenici
1219 4014 1433 4068 concilii
1490 4016 1665 4085 quinti
1738 4019 2053 4075 anathema-

974 4084 1159 4136 tismus
1193 4084 1553 4140 duodecimae.

544 4191 566 4226 ι
607 4170 665 4228 Si
708 4173 835 4244 quis
880 4173 1109 4244 impium
1153 4172 1505 4231 Theodorum
1562 4177 2050 4250 Mopsuestiensem

475 4263 770 4329 defendat,
812 4265 908 4336 qui
943 4266 1081 4320 dicit
1129 4267 1297 4322 alium
1327 4283 1449 4325 esse
1480 4269 1653 4326 Deum
1682 4270 1923 4328 Verbum
1951 4312 1967 4339 ,
1998 4282 2053 4330 et

467 4354 638 4411 alium
673 4371 794 4411 esse
831 4354 1138 4424 Christum,
1172 4359 1507 4417 animalibus
1538 4363 2047 4432 perturbationibus

2635 1752 3116 1827 ἁρχιεπισκρπου
3169 1754 3549 1827 Ἀντιοχείας,
3598 1759 3766 1827 πρὸς

2236 1823 2487 1895 Συμεὼν
2514 1824 2857 1879 ἐπίσκοπον
2883 1823 3190 1893 Βόστρων,
3217 1824 3360 1893 Περὶ
3390 1827 3499 1881 τοῦ
3530 1823 3765 1884 Σαϐσάέ

2235 1914 2365 1951 του.

2241 2006 2262 2041 ι
2292 1988 2504 2058 Ὥσπερ
2532 1985 2664 2057 γάρ,
2696 1985 2931 2049 ἀπόντος
2961 1990 3065 2056 μὶν
3094 1984 3374 2057 βασιλέως,
3399 1988 3435 2060 ἡ
3465 1988 3635 2043 εἰκὼν
3658 1992 3763 2045 αύ-

2160 2075 2259 2131 τοῦ
2306 2079 2743 2149 προσκυνεῖται,
2799 2076 3070 2147 παρόντος
3115 2077 3198 2143 δὲ,
3257 2078 3444 2133 λοιπὸν
3493 2084 3763 2152 περιττὸν

2160 2168 2535 2224 καταλιπόντα
2566 2168 2661 2221 τὸν
2687 2167 3050 2240 πρωτότυπον
3079 2172 3412 2240 προσκυνεῖν
3437 2173 3506 2243 τῇ
3533 2172 3719 2226 εἰκόνι
3743 2189 3758 2203 ν

2157 2261 2221 2315 οὐ
2261 2261 2391 2333 μὴν,
2433 2260 2560 2314 ἐπεὶ
2592 2261 2655 2315 οὐ
2698 2263 3086 2332 προσκυνεῖται
3117 2261 3209 2316 διά
3244 2262 3305 2316 τὺ
3339 2266 3598 2335 παρεῖναι
3634 2265 3762 2327 τὸν,

2156 2351 2227 2406 δι’
2246 2353 2306 2406 ὃν
2332 2354 2748 2424 προσκυνεῖται,
2770 2351 3140 2421 ἀτιμάζεσθαι
3161 2352 3331 2425 αὐτὴν
3354 2353 3471 2408 δεῖ·
3501 2355 3759 2410 τοιοῦτόν

2155 2462 2210 2500 τι
2234 2445 2441 2515 νομίζω
2476 2444 2752 2517 συμϐῆναι
2785 2444 2917 2515 περὶ
2944 2444 3044 2515 τὴν
3073 2444 3171 2498 τοῦ
3212 2445 3380 2516 νόμου
3414 2446 3597 2512 σκιὰν,
3625 2449 3761 2519 ἢτοι

2155 2536 2218 2592 τὸ
2246 2538 2484 2608 γράμμα
2528 2538 2734 2607 (σκιὰν
2792 2536 2902 2608 γὰρ
2945 2536 3109 2590 αὐτὸν
3134 2537 3291 2591 καλεῖ
3313 2538 3344 2591 ό
3378 2538 3759 2611 ’Δπόστολος).

2169 2626 2286 2697 Ἐφ’
2312 2628 2437 2683 ὅσον
2461 2628 2571 2699 γάρ
2614 2626 2940 2698 ὲταμιεύετο
2985 2626 3077 2680 τὸν
3107 2627 3305 2698 καιρὸν
3346 2628 3447 2700 τῆς
3485 2629 3760 2701 ἀληθείας

2154 2721 2188 2793 ἡ
2213 2721 2394 2792 χάρις,
2421 2720 2549 2783 τοὺς
2574 2706 2779 2783 τύπους
2810 2710 3075 2792 προεῖπον
3099 2727 3124 2753 ο
3147 2721 3197 2773 οί
3221 2719 3387 2789 ἀγιοι,
3412 2720 3758 2793 θεωροῦντες

2153 2814 2229 2877 ῶς
2264 2815 2323 2867 ὲν
2357 2812 2609 2883 ἐσόπτρῳ
2638 2811 2736 2882 τὴν
2774 2811 3069 2882 ἀλήθειαν.;
3086 2811 3380 2883 Ἐλθούσης
3404 2813 3461 2866 δὲ
3490 2813 3593 2885 τῆς
3613 2817 3758 2889 ἀλη.

2154 2904 2326 2968 θείας,
2357 2903 2459 2973 ζῇν
2483 2905 2582 2973 μὲν
2613 2902 2755 2956 κατά
2789 2903 2916 2966 τοὺς
2938 2901 3145 2967 τύπους
3172 2903 3273 2957 οὐκ
3317 2903 3570 2974 ἐνόμιζον
3604 2901 3757 2962 εἶναι

2152 2995 2340 3057 καλὸν,
2384 2994 2479 3047 καὶ
2524 2992 2736 3057 τούτοις
2778 2992 3094 3047 ἀκολουθεῖν
3139 2993 3244 3049 ἔτι.
3292 2995 3592 3065 Παρόντων
3637 2998 3755 3068 γὰρ

2155 3083 2264 3137 τῶν
2298 3082 2666 3155 πραγμάτων,
2699 3080 2962 3161 παρέλκει
2986 3081 3173 3136 λοιπὸν
3193 3082 3222 3134 ό
3242 3082 3411 3146 τύπος
3436 3082 3533 3137 τοῦ
3569 3087 3759 3158 πράγ-
3784 3112 3809 3137 ι
3914 3110 3915 3123 ι

2162 3188 2351 3243 ματος.
2381 3171 2526 3242 Πλὴν
2555 3171 2651 3224 καὶ
2686 3160 2858 3233 οὕτως
2882 3158 2990 3224 οὐκ
3013 3170 3314 3242 ἠτίμαζον,
3352 3171 3473 3225 οὐδὲ
3514 3176 3755 3247 πξρεῖλ-
3800 3170 3809 3217 ὶ

2161 3281 2278 3327 κον,
2308 3262 2424 3317 ἀλλ’
2454 3262 2659 3333 ὲτίμων
2686 3262 2777 3315 τὸν
2808 3261 3000 3326 τύπον,
3035 3264 3279 3327 καὶτοὺς
3304 3264 3597 3335 ἀτιμάζειν
3622 3268 3755 3319 ἑπι-

2157 3355 2495 3426 χειροῦντας,
2535 3352 2755 3416 ἀσεϐεῖς
2780 3352 3017 3425 ἔκρινον,
3058 3354 3154 3407 καὶ
3183 3354 3414 3409 θανάτου
3451 3355 3543 3410 διὰ
3572 3356 3750 3412 κολά-

2159 3462 2298 3509 σεως
2325 3446 2529 3515 πικρᾶς
2558 3443 2764 3508 ἀξίους.
2795 3464 2815 3497 ι

2548 3639 2659 3694 Τοῦ
2688 3640 2895 3705 αὐτοῦ,
2929 3640 3117 3709 λόγου
3148 3641 3371 3709 τρίτου.

2232 3746 2252 3781 ι
2278 3729 2494 3800 Ὠσπερ
2530 3728 2596 3784 ἂν
2627 3732 2679 3784 εί
2706 3748 2791 3793 τις
2838 3732 3028 3786 εἰκόνα
3060 3731 3348 3802 βασιλέως,
3375 3731 3465 3786 διὰ
3491 3733 3558 3788 τὸ
3603 3737 3749 3789 καθ·

2154 3821 2290 3891 ἧκον
2332 3824 2433 3892 τῆς
2485 3822 2616 3891 περὶ
2644 3822 2737 3876 τὸν
2785 3822 3014 3893 βασιλέα
3043 3828 3343 3895 προσκυνεῖ
3371 3826 3561 3897 τιμῆς,
3587 3828 3749 3881 οὐδὲν

2154 3910 2342 3978 οὖσαν,
2374 3913 2407 3985 ἢ
2446 3915 2616 3984 κηρὸν
2650 3916 2746 3968 καὶ
2776 3917 3067 3986 χρώματα.
3103 3935 3122 3969 ι

2161 4004 2276 4074 Τῆς
2306 4005 2481 4075 ἁγίας
2517 4006 2615 4058 καί
2657 4007 3081 4079 οἰκουμενικῆς
3127 4009 3405 4077 πέμπτης
3443 4012 3743 4079 συνόδου,

2636 4076 3116 4146 ἀναθεματισμὸς
3147 4079 3245 4143 ιβ’.

2232 4186 2250 4218 ι
2281 4166 2348 4219 Et
2368 4183 2453 4228 τις
2493 4166 2861 4221 ἀντιποιεῖται
2901 4168 3181 4239 Θεοδώρου
3219 4167 3318 4223 τοῦ
3362 4171 3598 4236 ἀσεϐοῦς
3638 4174 3743 4242 τῆς

2153 4257 2537 4327 Μοψουστείας
2564 4257 2659 4311 τοῦ
2691 4259 2965 4323 εἰπόντος,
3008 4260 3167 4314 ἀλλον
3188 4257 3329 4316 εἴναι
3354 4263 3448 4316 τδν
3472 4264 3606 4317 Θεὸν
3632 4256 3742 4318 Λό-

2153 4367 2269 4419 γον,
2294 4351 2389 4404 καὶ
2424 4350 2582 4404 ἄλλον
2607 4350 2700 4404 τὸν
2729 4352 2988 4423 Χριστὸν,
3013 4353 3119 4407 ὑπὸ
3148 4354 3341 4409 παθῶν
3361 4356 3611 4428 ψυχικῶν
3640 4361 3741 4412 καὶ

471 4453 528 4500 et
553 4447 739 4502 carnis
779 4447 1178 4518 cupiditatibus
1208 4451 1532 4517 obnoxium,
1562 4461 1615 4508 et
1657 4468 1724 4509 ex
1751 4456 2043 4512 deteriori-

2166 4441 2260 4494 :ch
2313 4442 2414 4512 τῆς
2448 4441 2651 4513 σαρκὸς
2697 4442 3007 4513 ἐπιθυμιῶν
3036 4445 3440 4518 ἐνοχλούμενον,
3479 4450 3574 4503 καὶ
3624 4452 3739 4504 τῶν

466 4535 570 4592 bus
599 4537 865 4606 paulatim
918 4553 1299 4611 progressum,
1349 4551 1409 4597 ut
1462 4544 1741 4599 actionum
1794 4546 2040 4615 profectu

465 4627 662 4682 melior
714 4628 914 4693 factus,
961 4637 1014 4685 et
1062 4633 1134 4687 ob
1171 4635 1649 4692 conversationem
1700 4637 2039 4708 inculpatam

466 4718 885 4785 statuminatus,
927 4728 1188 4793 tanquam
1224 4740 1396 4794 purus
1444 4725 1607 4781 homo
1635 4728 1942 4797 baptizatus
1964 4729 2040 4784 sit

440 4809 522 4860 εἰη
556 4808 778 4865 nomine
804 4810 988 4868 Patris
1018 4820 1073 4869 et
1103 4811 1229 4868 Filii
1278 4825 1333 4869 et
1370 4813 1612 4885 Spiritus
1649 4818 1849 4885 sancti,
1883 4832 2041 4874 acce-

464 4907 669 4969 ptaque
720 4916 815 4972 per
873 4906 1209 4976 baptismum
1280 4905 1515 4978 Spiritus
1574 4911 1751 4965 sancti
1816 4912 2038 4981 gratia,

465 4988 759 5059 adoptione
803 4991 970 5049 fuerit
1014 4997 1316 5066 dignatus;
1370 5012 1590 5053 necnon
1642 5000 1806 5069 regiae
1868 5002 2042 5058 instar

465 5076 739 5149 imaginis,
795 5089 1057 5154 tanquam
1098 5085 1189 5139 Dei
1239 5101 1531 5158 personam
1585 5096 1866 5160 gerentem
1911 5105 2038 5146 eum

464 5166 683 5224 adorari
706 5187 722 5226 :
750 5172 1039 5228 anathema
1056 5175 1179 5230 sit.»

543 5341 588 5375 ⁷⁸
607 5344 769 5405 Hebr.
802 5364 860 5414 κ,
892 5349 940 5404 l.

2151 4532 2412 4602 χειρόνων
2436 4532 2578 4585 κατά
2626 4533 2822 4603 μικρὸν
2873 4536 3262 4608 χωριζόμενον,
3319 4540 3416 4593 καὶ
3455 4539 3630 4604 οὕτως
3670 4543 3737 4596 ἐκ

2149 4625 2438 4693 προκοπῆς
2497 4624 2679 4695 ἔργων
2734 4626 3130 4695 βελτιωθέντα,
3186 4630 3284 4683 καὶ
3340 4632 3406 4683 ὲκ
3448 4632 3734 4697 πολιτείας

2147 4711 2382 4782 ἀμώμου
2422 4723 2449 4762 ρ
2485 4713 2849 4778 καταστάντα,
2887 4714 2963 4779 ὡς
3009 4716 3165 4785 ψιλὸν
3209 4717 3494 4787 ἄνθρωπον
3528 4718 3732 4789 βαπτι-

2149 4804 2365 4873 σθῆναι,
2407 4806 2485 4868 είς
2517 4804 2688 4875 ὄνομα
2727 4806 2821 4859 τοῦ
2849 4808 3086 4878 Πατρός,
3119 4808 3213 4862 καὶ
3244 4808 3398 4874 Υίοῦ,
3438 4811 3533 4863 καὶ
3566 4813 3730 4879 ἁγίου

2150 4896 2494 4967 ιινεύματος,
2531 4897 2627 4951 καὶ
2664 4897 2754 4951 διά
2777 4898 2874 4951 τοῦ
2903 4900 3283 4970 βαπτίσματος
3312 4902 3408 4972 τὴν
3437 4902 3600 4974 χάριν
3631 4906 3728 4959 τοῦ

2146 4987 2305 5055 ἁγίου
2339 4987 2657 5058 Πνεύματος
2685 4990 2938 5052 λαϐόντα,
2975 4992 3069 5044 καὶ
3100 4992 3373 5056 υἱοθεσίας
3401 4993 3727 5063 ἀξιωθῆναι,

2148 5080 2244 5133 καὶ
2286 5079 2427 5133 κατά
2480 5079 2701 5152 ἰσότητα
2737 5082 3019 5153 βασιλικῆς
3052 5084 3284 5150 εἰκόνος,
3325 5086 3405 5147 είς
3432 5085 3728 5155 πρόσωπον

2147 5171 2243 5226 τοῦ
2265 5169 2400 5224 Θεοῦ
2436 5172 2614 5240 Λόγου
2645 5175 3091 5243 προσκυνεῖσθαι,
3116 5176 3368 5247 ἀνάθεμα
3396 5175 3557 5231 ἔστω.
3586 5207 3610 5230 ο

1776 5488 2009 5545 VARIE
2043 5488 2442 5545 LECTIONES.

546 5540 599 5605 ἰι
635 5567 950 5652 Legendum
1011 5580 1170 5652 putat
1235 5572 1431 5652 Billius
1458 5617 1471 5639 ,
1532 5578 1961 5652 toi;___xpoi6£0t;
2023 5581 2461 5652 ἐναπομένομεν·
2498 5581 2655 5651 quasi
2720 5582 2868 5637 dicat
2907 5601 2919 5637 :
2965 5580 3091 5637 Non
3136 5584 3272 5636 enim
3343 5585 3398 5636 in
3441 5585 3715 5642 coloribus

462 5639 963 5734 iMIpOLﬂiﬂﬂl‘,3U£
981 5639 1159 5734 Isimile
1185 5645 1495 5734 qui'tjipliam.
1542 5639 1810 5734 ιὀλΒίξῙῖὶιε
1841 5639 2119 5734 emendat,
2151 5639 2461 5734 περιεῖπον,
2487 5639 2961 5734 amplectebantur.
3034 5652 3508 5734 cliegoﬁpcgpoy,
3539 5665 3602 5709 ut
3631 5639 3710 5734 _in

463 5707 909 5795 actishslnodi.
933 5710 1084 5768 Alias
1114 5707 1240 5768 cum
1273 5707 1434 5770 Bi'llio
1473 5719 1796 5795 vertendum
1830 5732 2011 5777 esset:
2042 5707 2328 5791 Incnlﬁata
2356 5707 2561 5777 ratione
2576 5707 2817 5787 'viveudi;
2849 5707 2983 5790 non,
3011 5730 3071 5779 ut
3098 5707 3271 5780 linus
3295 5707 3316 5777 ἒ
3340 5707 3506 5779 Civili
3530 5707 3709 5782 {mai

462 5794 529 5837 ιιι
551 5778 778 5834 visendi.
