3986 6346
268 351 407 419 ιιιό
460 363 468 371 ·
571 329 580 337 ’

1361 348 1456 412 DE
1489 350 1951 413 IMAGINIBUS
1984 353 2266 416 ORATIO
2308 358 2401 419 III

3382 362 3543 432 1414'

264 463 588 543 Oeoddgzou
617 460 1074 543 ἱστοριογφάφιίυ
1119 462 1830 543 ξςωνσζαντινουπέλεως,

1947 464 2224 543 Theodori
2283 470 2698 543 historiographi
2771 471 3375 543 Copstantinooolitani,
3449 497 3516 536 ex

330 535 400 586 ἐκ
424 531 535 601 τῖῆς
562 531 1080 601 ἐκκλησωστικῆς
1119 531 1427 599 Ἱστορίας,
1456 532 1589 601 περὶ
1612 534 1839 590 Γεννα-
1914 582 1917 587 .

328 603 464 657 δίου
493 600 968 671 ἁρχιεπισκόπου
999 603 1716 668 Κωνσταντινουπόλεως.

340 713 359 747 ι
388 694 595 764 Ἕτερα
640 692 696 745 δὲ
746 691 911 745 αὐτοῦ
970 692 1397 763 παραθήσομαι,
1444 692 1839 763 καταπλήξεως

264 783 440 856 μεστά
458 799 474 815 ο
500 782 796 853 ζωγράφος
818 798 925 845 τις,
953 780 1054 852 τὴν
1077 782 1266 837 εἰκόνα
1292 784 1387 837 τοῦ
1413 784 1682 837 Δεσπότου
1704 784 1839 852 Χρι-

260 874 387 929 στοῦ
421 873 674 944 γράφων,
707 872 785 925 τὼ
817 875 967 943 χεῖρε
1000 872 1304 941 ἁπέψυκτο.
1339 874 1449 927 Καὶ
1493 874 1712 943 ἐλέγετο
1759 873 1838 938 ὡς

259 966 367 1019 ὐπὸ
387 964 650 1035 Ἕλληνάς
678 979 825 1026 τινος
854 964 916 1016 τὸ
947 963 1111 1035 ἔργον
1157 964 1421 1033 ὲπιταγὲν
1459 964 1561 1035 τῆς
1605 965 1834 1031 εἰκόνος,

257 1056 316 1109 ὲν
346 1054 425 1125 τῷ
459 1053 811 1125 προσχήματι
861 1052 957 1106 τοῦ
986 1052 1253 1121 ὀνόματος
1298 1051 1396 1106 τοῦ
1438 1052 1713 1123 Σωτῆρος,
1747 1071 1838 1123 γε·

258 1145 566 1217 γράφηκεν,
597 1143 656 1209 ἐξ
699 1143 960 1213 ἑκατέρου
996 1143 1098 1208 τὰς
1138 1144 1335 1215 τρίχας
1360 1144 1455 1199 ἐπὶ
1485 1146 1728 1218 κεφαλῆς
1759 1146 1838 1199 δι-

258 1234 505 1298 εστώσας
526 1233 603 1297 ὡς
638 1233 717 1305 μὴ
745 1233 815 1285 τὰ
844 1232 997 1302 ὄψεις
1036 1232 1431 1287 καλύπτεσθαι.
1460 1234 1703 1306 Τοιούτῳ
1726 1235 1837 1308 γὰρ

263 1328 500 1396 σχήματι
536 1324 807 1394 Ἐλλήνων
834 1324 1026 1389 παῖδες
1046 1325 1138 1378 τὸν
1164 1324 1262 1378 Δία
1285 1324 1579 1395 γράφουσι,
1611 1325 1749 1397 πρὸς
1775 1326 1837 1379 τὸ

257 1420 386 1482 τοὺς
416 1416 658 1488 ὁρῶντας
687 1414 954 1485 νομίζειν,
980 1415 1059 1487 τῷ
1082 1417 1297 1487 Σωτῆρι
1325 1417 1423 1487 τὴν
1462 1416 1836 1488 προσκύνησιν

257 1507 631 1578 ἀπονέμεσθαι
656 1507 792 1578 (ιε).
820 1525 840 1558 ι

261 1596 373 1652 Τοῦ
398 1595 548 1650 ἀϐὄᾶ
570 1595 865 1663 Μαξίμου,
888 1594 985 1663 καί
1013 1594 1338 1648 Θεοδοσίου
1356 1594 1713 1661 ἐπισκόπου,
1735 1595 1834 1648 καὶ

318 1664 839 1799 ἑῶνιλιέρχόντων,
876 1662 994 1717 τῶν
1026 1664 1501 1718 ἀποσταλέντων
1533 1664 1694 1734 παρὰ
1724 1666 1833 1719 τοῦ

368 1751 452 1789 ac
550 1752 649 1801 ως.

2017 535 2646 621 gisto‘riaecclesiastica
2672 583 2686 606 ,
2716 542 2781 597 de
2820 541 3090 598 Genuadio
3121 535 3516 621 archiepiscopo

2018 603 2636 679 Constantinopolitano.

2015 716 2035 749 ι
2084 698 2178 754 llis
2220 701 2325 755 alia
2371 703 2637 772 stupenda
2681 719 2907 773 prorsus
2953 706 3021 760 de
3057 721 3124 761 eo
3169 708 3513 765 subnectam.

1936 788 2100 860 387
2131 789 2334 847 Pictori
2377 794 2616 857 cuidam,
2650 796 2743 866 qui
2785 796 2986 851 Christi
3019 796 3231 853 Domini
3266 802 3516 869 pinxerat

1937 881 2248 951 imaginem,
2284 897 2478 937 manus
2505 885 2677 938 ambae
2704 893 3057 939 exaruerunt.
3093 884 3392 943 Ferebatur
3414 907 3513 947 au-

1937 978 2044 1025 tem
2088 970 2310 1039 gentilis
2355 971 2660 1042 cujuspiam
2713 973 2954 1031 hominis
2994 976 3154 1045 jussu
3203 977 3306 1033 hoc
3340 995 3512 1049 opus,

1937 1061 2042 1116 sub
2074 1062 2314 1117 nominis
2352 1060 2661 1119 Salvatoris
2709 1067 2890 1134 specie
2926 1067 2998 1120 ita
3032 1069 3297 1136 pinxisse,
3329 1081 3387 1125 ut
3417 1088 3512 1126 ca-

1938 1152 2086 1222 pillis
2108 1167 2176 1207 ex
2208 1162 2438 1224 utraque
2471 1155 2588 1210 oris
2625 1163 2783 1225 parte
2811 1155 3092 1222 discretis,
3127 1159 3296 1216 facies
3334 1162 3511 1216 nulla-

1937 1251 2099 1300 tenus
2123 1252 2394 1316 tegeretur
2422 1248 2507 1315 (ea
2543 1248 2734 1316 utique
2764 1246 2937 1302 forma
2969 1265 3069 1317 qua
3104 1256 3293 1323 pagani
3320 1254 3508 1308 Jovem

1936 1336 2215 1405 pingunt),
2251 1346 2311 1389 ut
2356 1336 2524 1392 abiis
2560 1338 2654 1406 qui
2692 1338 2868 1406 ipsum
2902 1341 3186 1405 viderent,
3239 1342 3509 1398 Salvatori

1936 1425 2310 1480 adorationem
2341 1426 2538 1482 offerre
2564 1427 2994 1486 existimaretur.
3031 1451 3049 1481 ι

1936 1577 2166 1633 Maximi
2200 1579 2431 1653 abbatis,
2453 1589 2513 1653 et
2552 1578 2835 1635 Theodosii
2861 1583 3093 1651 episcopi
3120 1600 3184 1637 ac
3209 1600 3505 1653 procerum,

2213 1651 2304 1719 qui
2333 1650 2398 1703 ab
2445 1651 2765 1721 imperatore
2803 1653 2955 1707 missi
2983 1650 3225 1722 fuerant.

334 1844 352 1877 ι
397 1827 455 1880 '0
484 1799 629 1888 ὅσιος
651 1824 903 1895 Μάξιμος
932 1819 1117 1877 εἷπενο
1150 1842 1170 1876 ι
1206 1824 1379 1878 Ἐπὰν
1410 1824 1466 1878 δὲ
1490 1824 1635 1890 ἔδοξε
1658 1825 1830 1879 ταῦτα

2009 1817 2029 1850 ι
2076 1799 2318 1855 Sanctus
2341 1799 2615 1855 Maximus
2642 1802 2783 1855 dixit
2828 1821 2841 1856 :
2887 1820 2905 1852 ι
2952 1802 3187 1869 Quando
3232 1803 3347 1858 hanc
3389 1804 3507 1859 fieri

265 1937 286 1971 ι
316 1917 601 1987 γενέσθαι,
628 1915 856 1980 ἔκϐασις
885 1914 1096 1985 γένοιτο
1126 1915 1235 1970 τῶν
1268 1916 1558 1983 δοξάντων,
1581 1916 1677 1970 καὶ
1699 1917 1833 1970 ὅπου

262 2029 281 2061 ι
321 2008 571 2063 κελεύετε
600 2048 616 2073 ,
656 2006 938 2061 ἀκολουθῶ
980 2008 1132 2078 ἡμῖν.
1160 2026 1179 2060 ι
1212 2008 1324 2061 Καὶ
1358 2006 1450 2060 ἐπὶ
1498 2006 1711 2071 τούτοις
1744 2009 1837 2060 άν-

257 2101 492 2171 έστησαν
510 2099 732 2164 πάντες,
750 2099 843 2151 καὶ
869 2098 1006 2169 μετὰ
1026 2098 1278 2169 δακρύων
1305 2098 1500 2152 ἔϐαλον
1523 2098 1832 2170 μετάνοιαν,

258 2190 355 2243 καὶ
387 2190 522 2261 εὐχὴ
557 2189 782 2258 γέγονε⁹
816 2189 912 2243 καὶ
956 2189 1187 2252 ἕκαστος
1226 2188 1408 2243 αὐτῶν
1451 2191 1519 2243 τὰ
1552 2189 1685 2259 ἆγια
1731 2191 1836 2243 Εὑ-

261 2279 514 2349 αγγέλια,
544 2280 641 2332 καὶ
668 2279 760 2332 τδν
781 2278 962 2350 τίμιον
992 2278 1250 2349 σταυρὸν,
1283 2283 1379 2333 καὶ
1405 2281 1504 2350 τὴν
1527 2281 1713 2334 εἰκόνα
1737 2282 1832 2335 τοῦ

260 2370 516 2441 Σωτῆρος
562 2369 719 2440 ἡμῶν
765 2369 942 2437 Ἰησοῦ
986 2369 1258 2441 Χριστοῦ,
1296 2370 1522 2439 καὶτῆς
1567 2372 1835 2442 τεκούσης

260 2460 423 2514 αὐτὸν
458 2462 617 2530 ἁγίας
646 2461 932 2525 Θεοτόκου,
973 2462 1293 2532 ἠσπάσαντο
1315 2503 1331 2527 ,
1397 2462 1704 2528 τεθεικότες
1738 2466 1834 2519 καὶ

254 2547 353 2613 τὰς
382 2551 571 2620 χεῖρας
596 2549 687 2602 ἐπὶ
726 2548 1013 2621 βεϐαιώσει
1035 2550 1146 2604 τῶν
1169 2549 1532 2621 λαληθέντων.
1572 2571 1592 2604 ι

259 2725 375 2799 Τοῦ
422 2726 598 2799 ,ἁγίου
651 2727 1028 2796 Σωφρονίου,
1072 2727 1142 2782 ἐκ
1190 2728 1311 2782 τῶν
1352 2728 1670 2799 θαυμάτων
1713 2729 1834 2785 τῶν

327 2798 513 2865 ἁγίων
538 2798 855 2866 μαρτύρων
875 2800 1071 2865 Κύρου
1110 2800 1208 2851 καί
1240 2800 1541 2861 Ἰωάννου,
1563 2803 1652 2866 εἰς
1690 2802 1831 2854 Θεό-

323 2866 517 2933 δωρον
543 2866 652 2919 τὸν
680 2867 1087 2921 ὺποδιάκονον
1115 2867 1576 2938 away-proﬂua.

327 2971 347 3005 ι
386 2953 643 3025 Λέξωμεν
671 2954 729 3008 δὲ
754 2955 939 3008 λοιπὸν
961 2957 1055 3008 καὶ
1085 2956 1185 3027 τὴν
1223 2958 1394 3027 ῥῶσιν
1423 2958 1519 3011 τοῦ
1549 2958 1825 3029 σώματος,

248 3046 317 3099 δι’
370 3045 566 3115 ὀλίγων
615 3047 708 3100 τὸν
761 3046 920 3116 λόγον
972 3047 1312 3118 ποιούμενοι.
1341 3050 1479 3102 Μετ’
1532 3050 1721 3120 ὀλίγας
1768 3053 1827 3106 δὲ

1941 1914 1960 1947 ι
1998 1897 2326 1951 coaclusum
2391 1906 2496 1961 est,
2554 1912 2745 1951 eorum
2796 1912 2920 1965 quae
2979 1898 3094 1952 visa
3152 1906 3307 1957 sunt,
3374 1897 3509 1951 faxit

1941 2006 1961 2039 ι
2000 1988 2143 2043 Deus
2172 1997 2230 2042 ut
2262 1990 2551 2059 contingat
2578 1991 2761 2044 exitus
2789 2009 2801 2044 :
2828 1991 3126 2060 statimque
3171 2005 3510 2061 quocunque

1940 2097 1959 2132 ι
1994 2079 2228 2150 jubetis,
2256 2096 2480 2151 sequor.
2522 2100 2540 2133 ι
2582 2080 2825 2137 Posthac
2866 2098 3064 2138 omnes
3103 2090 3508 2149 surrexerunt,

1934 2172 2247 2242 positisque
2294 2174 2532 2243 genibus
2585 2183 2928 2239 oraverunt,
2972 2186 3277 2245 sanctaque
3324 2175 3508 2229 Evan-

1933 2265 2095 2334 gelia,
2132 2266 2439 2335 pretiosam
2468 2280 2718 2330 crucem,
2754 2274 2808 2320 et
2838 2264 2969 2320 Jesu
3003 2267 3213 2323 Christi
3249 2268 3507 2322 Salvato-

1933 2355 2032 2418 ris,
2062 2361 2271 2408 sanctae
2306 2370 2529 2424 quoque
2563 2353 2658 2409 Dei
2691 2352 3013 2418 Genitricis,
3050 2372 3170 2426 quae
3202 2359 3387 2428 ipsum
3414 2372 3507 2429 pe-

1933 2443 2097 2514 perit,
2134 2444 2435 2514 imaginem
2488 2443 2696 2515 singuli
2725 2444 3037 2500 deosculati
3075 2458 3226 2512 sunt,
3264 2448 3507 2504 admotis

1932 2536 2215 2601 manibus,
2245 2551 2346 2607 pro
2380 2535 2625 2603 illorum,
2654 2553 2779 2608 quat
2812 2539 3131 2594 interlocuti
3161 2548 3344 2606 erant,
3372 2555 3500 2596 con-

1933 2632 2268 2689 lirmatione.
2306 2653 2325 2686 ι

1930 2724 2115 2779 Sancti
2142 2725 2443 2791 Saphronii,
2472 2726 2544 2781 De
2567 2727 2840 2780 miraculis
2865 2736 3172 2781 sanctorum
3208 2735 3504 2791 martyrum

1999 2794 2129 2917 ξφ)νὶ
2157 2808 2205 2850 et
2226 2795 2496 2919 gemmis;
2525 2798 2588 2851 de
2620 2797 2893 2852 Theodoro
2920 2796 3243 2851 subdiacono
3268 2794 3503 2867 podagra

2021 2883 2052 2919 a
2090 2882 2220 2919 orau
2247 2883 2295 2920 e.

2002 2973 2023 3008 ι
2063 2957 2328 3027 Deinceps
2353 2966 2566 3021 autem,
2597 2971 2706 3026 qua
2741 2956 2957 3011 ratione
2981 2956 3248 3011 valetudo
3278 2956 3501 3027 corpori

1927 3062 2194 3103 concessa
2236 3047 2443 3111 fuerit,
2505 3049 2748 3103 dicimus
2795 3047 3013 3117 paucis.
3067 3048 3295 3118 Aliquot
3345 3047 3504 3102 hisce

248 3137 456 3202 ταύτας
479 3138 581 3201 τάς
610 3138 824 3209 ἡμέρας
852 3137 1133 3205 ἐκάθευδε,
1153 3138 1249 3193 καὶ
1276 3140 1440 3194 πάλιν
1469 3142 1825 3212 παρεστῶτας

1936 3140 2226 3195 transactis
2245 3139 2466 3202 diebus,
2495 3152 2622 3193 cum
2659 3137 2751 3192 ille
2781 3137 3074 3203 dormiret,
3105 3144 3353 3192 astantes
3380 3150 3505 3190 rur-

250 3228 438 3300 βλέπει
476 3229 605 3294 τοὺς
634 3222 958 3302 μάρτυρας,
1001 3229 1099 3285 καὶ
1138 3231 1449 3287 συνοδεύειν
1476 3233 1659 3299 αὐτοῖς
1698 3235 1822 3288 ἑπι-

248 3320 562 3385 τάττοντας.
605 3321 666 3375 '0
692 3321 751 3375 δὲ
801 3321 954 3392 σφίσι
986 3322 1396 3395 προθυμότερον
1425 3325 1632 3379 εἵπετο.
1668 3326 1823 3397 ᾜδει

248 3412 360 3484 γὰρ
387 3412 490 3466 οὐκ
514 3411 745 3483 ἀκερδὲς
771 3413 835 3465 τὸ
870 3412 985 3475 τοῖς
1011 3412 1187 3482 ἁγίοις
1217 3413 1564 3469 συνέπεσθαι.
1609 3415 1825 3470 Ἐλθόν-

242 3520 341 3569 τες
373 3502 469 3557 οὖν
492 3504 573 3567 εἰς
598 3503 725 3556 ναὸν
757 3501 1051 3574 Ἑλλήνων,
1076 3502 1156 3573 τῷ
1185 3503 1284 3573 μὲν
1315 3503 1444 3558 εἴδει
1474 3504 1708 3575 φοϐερὸν
1731 3506 1824 3560 καὶ

248 3594 670 3667 ὑπέρλαμπρον,
704 3593 785 3664 τῷ
819 3594 882 3647 δὲ
916 3592 1042 3664 ὕψει
1082 3593 1193 3647 τῶν
1231 3594 1487 3665 οὐρανῶν
1513 3596 1695 3650 αὐτῶν
1723 3597 1824 3666 ὲφ-

247 3686 587 3756 απτόμενον·
640 3686 737 3738 καὶ
789 3685 923 3739 εῐσω
978 3683 1171 3739 τούτου
1211 3686 1531 3757 γενόμενοι,
1561 3687 1826 3759 μεγίστην

249 3777 438 3830 εἰκόνα
495 3776 593 3829 καὶ
649 3774 960 3845 θαυμασίαν
1009 3774 1350 3847 ἐϐλέπομεν,
1394 3779 1561 3848 μέσον
1601 3779 1681 3844 δὲ,
1732 3780 1825 3832 τὸν

249 3866 526 3937 Δεσπότην
553 3867 788 3938 Χριστὸν
822 3868 1208 3938 γεγραμμένον
1238 3867 1528 3938 χρώμασιν
1571 3869 1823 3941 ἔχουσαν,

249 3957 349 4029 τὴν
378 3957 674 4012 Δέσποιναν
693 3958 954 4013 Θεοτόκον
982 3959 1152 4013 εύώνυ
1161 3976 1280 4029 μον,
1304 3959 1399 4013 καί
1423 3959 1618 4026 δεξιὸν,
1646 3963 1826 4016 Ἰωάν-

251 4067 350 4121 νην
377 4050 468 4105 τὺν
497 4050 838 4123 Βαπτιστὴν,
866 4050 956 4104 τὸν
987 4052 1052 4104 ὲκ
1078 4050 1288 4114 κοιλίας
1322 4053 1691 4122 σκιρτήμασιν
1722 4054 1824 4107 αύ-

247 4143 339 4195 τὸν
381 4142 834 4214 προμηνύσαντα,
868 4143 1015 4206 ἐπεὶ,
1056 4142 1152 4195 καὶ
1181 4141 1357 4195 λαλῶν
1400 4142 1548 4197 ἔνδον
1584 4142 1683 4208 ὢν,
1722 4146 1825 4198 οὐκ

248 4234 478 4301 ἠκούετο
496 4251 509 4265 ·
529 4233 622 4288 καί
644 4250 796 4296 τινας
822 4233 918 4286 τοῦ
942 4233 1048 4288 τῶν
1068 4233 1386 4288 ἀποστόλων
1406 4234 1504 4288 καὶ
1529 4236 1826 4306 προφητῶν

247 4323 461 4388 ἐνδόξου
491 4322 677 4393 χοροῦ,
706 4323 921 4393 καὶτῆς
948 4322 1293 4394 μαρτυρικῖπ
1323 4323 1671 4395 ὁμηγύρεως,
1703 4324 1821 4396 μεθ’

246 4407 323 4468 ὧν
345 4415 612 4483 ἐτύγχανε
656 4413 838 4485 Κύρος
890 4414 989 4468 καὶ
1021 4413 1277 4484 Ἰωάννης
1321 4415 1372 4467 οἰ
1420 4415 1718 4487 μάρτυρες,
1769 4417 1823 4469 οἰ

248 4503 358 4574 πρὸ
403 4503 508 4572 τῆς
558 4484 769 4566 εἰκόνος
809 4504 1112 4574 ἱστάμενοι,
1154 4501 1233 4561 τῶ
1263 4484 1511 4577 Δεσπότη
1556 4484 1820 4574 προσέπιο
1852 4484 1896 4540 D

248 4610 404 4659 πτον,
422 4592 625 4662 γόνατα
664 4592 1030 4663 κάμπτοντες,
1060 4593 1156 4646 καὶ
1187 4593 1287 4657 τὰς
1314 4594 1559 4662 κεφαλὰς
1593 4595 1674 4658 εἰς
1698 4595 1821 4648 ἐδα-

248 4700 349 4753 φος
389 4681 705 4747 τύπτοντες,
753 4683 848 4735 καὶ
896 4683 1027 4753 περὶ
1076 4682 1178 4751 τῆς
1233 4683 1328 4736 τοῦ
1354 4682 1479 4736 νέου
1523 4682 1819 4755 θεραπείας

174 4782 219 4835 ,μ
248 4773 664 4844 πρεσϐεύοντες.
706 4770 894 4826 Ταῦτα
917 4772 974 4825 δὲ
996 4768 1066 4843 ἦν
1094 4774 1163 4826 τὰ
1186 4775 1284 4844 τῆς
1312 4773 1609 4845 πρεσϐείας
1642 4777 1818 4848 ῥήμα-

247 4882 344 4919 τα·
376 4864 658 4918 «Δέσποτα
690 4863 1063 4933 φιλάνθρωπε,
1102 4864 1344 4928 κελεύεις
1371 4865 1551 4935 δῶμεν
1581 4867 1678 4923 καὶ
1695 4866 1820 4920 τού-

244 4973 327 5028 τῳ
349 4954 447 5026 τὴν
482 4953 657 5010 ἴασιν·
695 4974 714 5007 ι
755 4956 819 5008 υἰ
847 4953 925 5021 δὲ,
964 4954 1228 5019 πολλάκις
1255 4957 1335 5018 εἰς
1376 4954 1481 5025 γῆν
1510 4957 1821 5028 προσκυνή-

1927 3243 2049 3285 sum
2076 3237 2347 3301 martyres
2382 3228 2553 3294 videt,
2581 3228 2677 3298 qui
2710 3227 2817 3283 sibi
2852 3236 2911 3282 ut
2960 3237 3288 3298 sequeretur
3323 3226 3499 3298 impe-

1927 3321 2151 3376 rabant.
2205 3320 2305 3375 llle
2358 3334 2490 3375 vero
2555 3329 2754 3389 sponte
2829 3319 3189 3390 sequebatur.
3259 3316 3502 3373 Noverat

1927 3415 2074 3470 enim
2108 3423 2377 3485 quantum
2414 3413 2553 3467 lucri
2582 3422 2809 3467 sanctos
2846 3411 3164 3464 comitando
3207 3417 3497 3479 perceptu-

1927 3521 2024 3560 rus
2052 3511 2225 3560 esset.
2258 3502 2550 3573 Templum
2572 3516 2705 3570 ergo
2728 3501 3042 3571 gentilium,
3069 3503 3253 3570 specie
3275 3501 3496 3569 quidem

1926 3593 2383 3661 augustissimum
2417 3589 3077 3660 splendidissimumque,
3114 3588 3496 3656 magnitudine

1924 3698 2058 3739 vero
2088 3683 2157 3737 ad
2186 3683 2359 3738 caelos
2404 3682 2753 3753 pertingens,
2782 3680 3050 3735 adeuntes
3086 3689 3140 3734 et
3188 3679 3498 3751 ingredien-

1926 3782 2031 3838 tes,
2072 3787 2357 3843 proceram
2388 3782 2444 3828 et
2474 3772 2858 3827 admirabilem
2890 3772 3259 3825 cernebamus
3300 3770 3498 3840 imagi-

1925 3878 2075 3928 nem,
2143 3877 2268 3933 qum
2322 3862 2566 3916 medium
2628 3861 2850 3931 quidem
2886 3859 3173 3915 Christum
3219 3860 3498 3918 coloribus

1925 3953 2294 4010 deformatum
2321 3952 2647 4017 exhiberet;
2678 3951 3066 4006 sinistrorsum
3096 3963 3277 4006 autem
3310 3951 3497 4008 Domi-

1926 4043 2186 4099 nam'Dei
2224 4042 2601 4111 Genitricem;
2652 4043 3007 4098 dextrorsum
3044 4057 3175 4097 vero
3223 4041 3496 4098 Joannem

1926 4136 2259 4207 Baptistam,
2290 4133 2386 4204 qui
2437 4134 2495 4188 in
2550 4142 2710 4190 utero
2759 4136 2957 4189 matris
2988 4134 3276 4190 exsultans
3312 4135 3494 4205 ipsum

1923 4226 2289 4291 indicaverat,
2315 4239 2443 4278 cum
2482 4238 2584 4278 vox
2622 4222 2798 4293 ipsius
2827 4224 2981 4278 intus
3012 4223 3290 4293 loquentis
3323 4237 3496 4277 exau-

1923 4319 2030 4374 diri
2081 4333 2190 4373 non
2242 4324 2431 4389 posset
2460 4334 2474 4370 :
2508 4316 2809 4371 nonnullos
2850 4323 3117 4386 prteterea
3157 4329 3222 4371 ex
3255 4314 3496 4385 glorioso

1927 4415 2305 4486 apostolorum
2365 4420 2422 4468 et
2460 4412 2853 4482 prophetarum
2901 4410 3073 4466 choro
3101 4449 3116 4473 ,
3167 4424 3380 4465 necnon
3428 4425 3496 4465 ex

1924 4514 2069 4563 coetu
2095 4512 2422 4571 martyrum,
2450 4502 2595 4557 inter
2622 4516 2763 4571 quos
2784 4508 2947 4556 erant
2974 4501 3153 4574 Cyrus
3175 4510 3229 4557 et
3256 4499 3496 4556 Joannes

1926 4603 2223 4667 martyres.
2262 4592 2329 4649 Hi
2359 4608 2545 4649 coram
2579 4594 2819 4663 imagine
2847 4602 3116 4657 astantes,
3148 4593 3304 4648 ﬂexis
3335 4593 3495 4664 geni-

1925 4685 2055 4750 bus,
2087 4684 2140 4738 in
2174 4684 2370 4740 faciem
2413 4698 2605 4737 coram
2660 4683 2892 4739 Domino
2923 4686 3077 4738 humi
3112 4685 3495 4755 prociderunt,

1925 4791 2027 4847 pro
2054 4775 2273 4844 juvenis
2294 4775 2612 4830 valetudine
2655 4775 3058 4845 supplicantes.
3093 4774 3153 4828 ln
3186 4775 3300 4830 haac
3329 4789 3495 4844 porro

1925 4867 2095 4922 verba
2125 4866 2365 4921 orabant
2394 4882 2408 4920 :
2455 4883 2474 4918 ι
2507 4864 2955 4921 Clementissime
2994 4863 3248 4930 Domine,
3290 4866 3493 4919 annuis

1934 4965 1994 5012 ut
2044 4958 2174 5012 huic
2230 4942 2450 5028 quoque
2507 4957 2800 5012 sanitatem
2844 4955 3180 5026 largiamur?
3217 4974 3235 5010 ι
3268 4956 3336 5012 At
3364 4971 3492 5013 cum

1756 5152 1988 5211 NOTIE.

321 5243 433 5314 (ιε)
456 5241 837 5315 Narrationem
865 5245 1008 5301 hanc
1040 5245 1307 5315 integram
1340 5244 1496 5299 habet
1528 5245 1650 5299 cod.
1686 5245 1818 5315 Reg.

242 5314 410 5377 295i,
449 5314 543 5386 fol.
574 5314 971 5386 264radditque
1000 5336 1013 5371 :
1056 5315 1129 5368 Τὸ
1154 5314 1213 5370 δὲ
1231 5315 1608 5386 ,ἀληθέστερον
1636 5314 1820 5386 ὑπάρ-

243 5401 363 5457 χειν
420 5384 574 5457 ούλὸν
613 5385 717 5457 -καὶ
774 5384 1107 5457 πολύτριχα’
1148 5385 1341 5457 τούτου
1376 5387 1695 5457 γενομένου,
1725 5384 1821 5457 κα).

242 5453 347 5523 τῆς
383 5453 560 5526 eti-tia;
607 5453 1091 5526 θριαμϐευθείσης,
1119 5456 1245 5526 ,ὑπὸ
1289 5453 1389 5524 τῆς
1431 5456 1678 5526 ἀνάγκης
1722 5453 1817 5508 τοῦ

243 5523 527 5591 γεγονότος
551 5523 761 5600 πάθους
796 5523 1306 5600 συντόμως-ἤγαγον
1334 5523 1493 5600 αὑτὸν
1528 5523 1665 5600 πρὸς
1698 5526 1818 5600 Earl:

246 5608 469 5666 σκοπον,
508 5592 809 5666 αἰτοῦντες,
1047 5592 1157 5665 τὴν
1198 5592 1485 5666 συμφορὰν
1527 5592 1712 5650 λῦπαι.
1757 5595 1816 5648 Ὀ

246 5613 469 5655 σκοπόν,
508 5613 809 5657 αιτουντες,
858 5613 992 5666 ευχῃ
1047 5613 1146 5665 την
1198 5613 1261 5647 συ
1313 5613 1485 5665 φοραν
1527 5613 1712 5650 Λυςαι.
1763 5613 1816 5648 νυ

242 5664 356 5723 τοῖς
394 5661 641 5735 συνοῦσιν
685 5613 1479 5735 έπιτρέψαςηπροσεύὲασθαι,
1525 5666 1660 5733 μετὰ
1715 5666 1818 5735 τὴν

244 5730 557 5803 προσευχὴν
596 5730 865 5805 ἐπέθηκεν
891 5730 1041 5804 αὐτῷ
1068 5730 1136 5789 τά
1184 5735 1305 5788 θεῖα
1349 5730 1682 5804 Εὐαγγέλια,
1720 5730 1816 5789 καὶ

1934 5249 2063 5321 παρ’
2109 5248 2252 5302 αὐτὰ
2293 5248 2393 5318 τῆς
2422 5248 2623 5321 ,ἰάσεως
2664 5249 2888 5321 ἔτυχεν·
2929 5247 3279 5321 ϐαπτισθήτω
3321 5250 3493 5320 crispa

1933 5318 2196 5388 densaque
2222 5335 2370 5373 coma
2402 5320 2581 5389 fuerit.
2641 5318 2904 5373 ﬂoccum
2952 5318 3274 5389 contigisset,
3320 5318 3494 5374 divul-

1926 5397 2151 5458 gataque
2183 5405 2368 5449 causa,
2402 5389 2464 5442 ob
2498 5390 2759 5457 iuﬂictam
2802 5391 3037 5459 plagam,
3072 5388 3254 5459 statim
3285 5391 3352 5440 ad
3383 5394 3492 5459 epi-

1928 5473 2143 5526 scopum
2174 5460 2482 5512 necessitate
2522 5461 2780 5528 compulsi
2804 5458 2971 5513 illum
3012 5458 3365 5521 adduxerunt,
3409 5458 3493 5513 ro-

1922 5538 2108 5597 gautes
2150 5537 2207 5581 ut
2250 5530 2487 5597 precibus
2535 5531 2643 5584 suis
2676 5530 2970 5583 calamitati
3014 5528 3325 5582 mederetur.
3389 5530 3494 5595 Qui

1923 5614 2011 5651 eos
2053 5600 2143 5667 qui
2172 5615 2345 5668 secum
2370 5599 2595 5653 aderant
2634 5600 2853 5667 fundere
2892 5614 3063 5665 preces
3108 5599 3322 5668 jubens,
3371 5611 3488 5668 past
3592 5658 3595 5659 ν

1924 5670 2218 5741 orationem
2264 5667 2669 5741 Evangeliorum
2704 5670 2933 5724 codicem
2963 5671 3009 5723 ei
3049 5667 3322 5741 imposuit.
3345 5667 3495 5725 me

1922 5752 2020 5807 que
2046 5738 2209 5793 saluti
2230 5740 2510 5794 restitutus
2540 5741 2662 5810 fuit.
