3986 6346
453 405 604 462 1415.

1635 394 1700 455 S.
1732 389 2055 454 JOANNIS
2085 391 2517 453 DAMASCENI

3581 383 3728 449 1416

448 516 662 574 diutius
687 527 741 569 m
766 522 966 568 terram
997 511 1156 582 proni
1183 505 1844 581 adorasse’nt,'supplices
1863 515 2028 563 ‘voces

2139 503 2346 570 σαντες,
2395 505 2490 558 καῖ
2521 506 2648 566 τοὺς
2677 497 2774 570 τῆς
2815 502 3028 567 ἱκεσίας
3061 501 3255 570 λόγους
3302 501 3734 574 ἐκπέμψαντες,

450 604 759 666 fundendo,
791 618 893 657 nec
928 601 1201 656 Dominus
1231 600 1489 657 Christus
1518 591 1810 668 annuet-et,
1836 601 1904 654 ab
1929 601 2028 653 iu-

449 693 790 764 terpellando
826 693 1247 758 abstinuerunt;
1301 704 1357 748 et
1412 693 2029 766 tristes,_d_e_mis§0quc

447 787 629 860 yultu,
676 784 745 838 ad
799 800 906 847 me.
947 784 1149 853 inquit,
1180 785 1388 838 reversi
1425 793 1596 847 sunt,
1636 785 1732 852 qui
1767 781 1914 836 haud
1949 783 2025 835 ita

405 913 418 922 ι
453 877 644 947 procul
693 875 764 929 ab
815 875 1057 944 imagine
1091 873 1479 929 constiteram.
1533 872 1782 941 Cumque
1817 871 1888 924 ad
1942 886 2030 925 me

450 967 678 1036 propius
727 964 1147 1017 accessissent:
1186 980 1204 1013 ι
1248 961 1412 1016 Vides
1442 1003 1458 1028 ,
1531 962 1829 1030 inquiunt,
1879 959 2028 1029 quod

455 1075 474 1109 ι
514 1057 806 1112 sanitatem
835 1053 934 1107 tibi
966 1051 1274 1106 concedere
1294 1052 1561 1107 Dominus
1587 1051 1808 1105 renuit?
1828 1049 2028 1105 Verum

454 1167 474 1200 ι
517 1163 587 1203 ne
614 1139 966 1216 despondeas
1019 1143 1288 1198 animum.
1327 1143 1468 1196 Nam
1513 1159 1643 1213 erga
1690 1152 1742 1198 te
1776 1156 2026 1212 prorsus,

457 1258 474 1292 ι
519 1240 598 1293 uti
627 1254 758 1310 erga
785 1251 980 1292 omnes
1009 1251 1070 1290 se
1102 1236 1397 1306 benignum
1449 1235 1736 1306 praebebit.
1776 1253 1796 1286 ι
1841 1233 2031 1304 Itaque

451 1332 611 1402 quasi
671 1329 965 1384 semihora:
1003 1327 1194 1398 elapso
1249 1326 1453 1396 spatio,
1492 1336 1790 1396 surgentes
1829 1327 2030 1379 iterum

450 1424 759 1484 redierunt,
791 1419 1367 1489 supplicaveruntque
1393 1457 1409 1483 ,
1442 1417 1538 1472 sed
1575 1433 1796 1474 rursum
1831 1425 2030 1470 mmsto

447 1514 775 1583 deiectoque
823 1510 1002 1575 vultu,
1048 1518 1106 1562 ut
1154 1517 1318 1571 ante,
1366 1522 1428 1562 re
1463 1506 1669 1562 inlecta
1722 1506 2028 1568 redierunt,

451 1605 687 1661 Domino
727 1615 1080 1672 nequaquam
1124 1601 1498 1665 concedente;
1546 1600 1898 1670 regressique
1935 1614 2028 1652 ea-

449 1696 574 1752 dem
608 1692 1152 1766 388‘renuntiant.
1192 1688 1377 1744 Tertio
1406 1705 1534 1744 vero
1567 1688 2028 1759 proﬁciscentes:

457 1807 476 1840 ι
518 1786 694 1848 Bono,
734 1783 1015 1854 inquiunt,
1057 1781 1246 1836 animo
1295 1790 1439 1836 esto.
1495 1781 1656 1836 Modo
1705 1780 1852 1836 enim
1901 1794 2032 1849 gra-

454 1897 474 1931 ι
513 1879 645 1932 tiam
698 1874 1155 1946 impctrabimus;
1210 1873 1309 1928 sed
1354 1882 1408 1926 tu
1442 1887 1690 1942 quoque,
1733 1871 1879 1927 sicut
1930 1886 2032 1926 nos

454 1987 474 2020 ι
513 1969 880 2037 deprecantes
909 1964 1117 2028 cernis,
1151 1963 1444 2019 nobiscum
1496 1964 1682 2018 itidem
1712 1962 2029 2033 procidens,

452 2080 473 2113 ι
519 2059 815 2113 Dominum
845 2055 1079 2125 supplex
1119 2056 1333 2110 invoca.
1377 2075 1397 2107 ι
1441 2053 1632 2109 Tertio
1677 2055 1920 2124 denique
1965 2054 2032 2107 ad

449 2149 748 2218 imaginem
812 2143 1164 2210 accedentes,
1221 2144 1412 2200 eodem
1474 2145 1663 2199 habitu
1724 2145 2034 2213 iisdemque

448 2239 635 2292 verbis
667 2246 994 2292 oraverunt.
1026 2237 1274 2305 Cumque
1305 2234 1401 2287 diu
1435 2235 1847 2306 supplicassem
1874 2277 1888 2298 ,
1928 2235 2032 2288 hu-

447 2327 636 2398 mique
667 2329 932 2398 prostrati
954 2328 1059 2381 hoc
1090 2327 1441 2381 solummodo
1475 2327 1800 2391 clamarent,
1825 2347 1842 2378 ι
1873 2313 2031 2393 ιιυὺο,

447 2407 702 2483 Domine,
737 2438 757 2472 ι
797 2419 1058 2475 Christus
1087 2419 1309 2475 tandem
1342 2421 1703 2475 miseratione
1745 2429 1932 2474 motus
1966 2435 2034 2474 ex

448 2511 692 2582 imagine
717 2511 871 2566 dixit
910 2531 924 2566 :
978 2529 998 2563 ι
1045 2510 1112 2564 Ει
1152 2509 1256 2580 ipsi
1293 2527 1516 2581 quoque
1549 2510 1796 2566 tribuite.
1837 2528 1855 2562 ι
1893 2505 2050 2563 Tum

448 2601 722 2674 ma‘rtyres
783 2617 814 2656 a
875 2610 1023 2658 terra
1089 2609 1420 2672 surgentes,
1487 2603 1730 2672 primum
1805 2600 2031 2672 quidem

447 2688 674 2746 Christo
701 2691 908 2761 gratias
939 2701 1195 2762 egerunt,
1233 2690 1383 2762 quod
1408 2693 1848 2762 postulationem
1875 2706 2034 2748 suam

447 2780 850 2838 exa’udivisset.
902 2802 921 2836 ι

449 2892 637 2949 Sancti
671 2896 947 2948 Anastasii
975 2913 1007 2949 a
1050 2906 1234 2949 sancto
1288 2895 1473 2950 Monte
1520 2895 1674 2960 Sina,
1726 2895 1784 2949 in
1839 2909 2033 2951 novam

666 2964 1002 3019 Dominicam
1035 2975 1084 3020 et
1113 2967 1174 3020 iu
1207 2965 1467 3020 Thomam
1498 2967 1825 3036 apostolum.

527 3115 681 3185 gQui
705 3111 993 3170 Christum
1026 3117 1082 3172 in
1118 3133 1284 3174 aarne
1316 3120 1752 3184 contuebantur,
1791 3119 2032 3190 prophe-

449 3216 563 3262 tam
592 3207 746 3262 illum
777 3223 900 3264 esse
929 3209 1325 3264 existimabant
1349 3229 1362 3265 :
1391 3227 1494 3266 nos
1523 3219 1711 3266 autem
1733 3212 1828 3281 qui
1851 3211 2032 3282 ipsum

409 3293 414 3296 ’
449 3311 560 3352 non
587 3287 884 3363 'videmus,
920 3312 1048 3350 mox
1078 3315 1107 3351 a
1140 3299 1352 3355 teneris
1387 3293 1674 3370 'unguibus
1707 3301 1868 3372 pueri
1899 3300 2035 3356 ado-

449 3389 855 3459 lescentulique
893 3381 1090 3453 Deum“,
1124 3389 1443 3456 Dominum,
1484 3393 1949 3462 omnipotentem,
1978 3399 2035 3448 et

449 3482 788 3535 saeculOrum'
807 3467 1150 3549 eﬁ‘ectoreni,
1169 3467 1641 3554 splendoremque
1661 3484 1842 3538 Patris
1877 3499 2033 3538 eum-

448 3578 571 3630 dem
600 3591 723 3631 esse
753 3575 1102 3633 conﬁtemur.
1134 3578 1227 3634 Sic
1251 3581 1401 3635 enim
1446 3581 1744 3651 Evangelia
1771 3599 1896 3636 cum
1929 3582 2033 3638 (ide

449 3668 854 3732 auscultamus,
888 3685 952 3724 ac
981 3671 1028 3725 si
1062 3671 1362 3741 ipsummet
1391 3672 1680 3728 Christum
1709 3674 2028 3744 loquentem

449 3773 828 3812 cerneremus.
878 3757 1310 3834 ltnmaculatam’
1355 3761 1485 3815 item
1535 3762 1792 3830 corporis
1853 3761 2029 3831 ipsius

450 3847 811 3916 margaritam
842 3856 1148 3911 sumentes.
1201 3849 1356 3902 illum
1391 3851 1574 3918 ipsum
1606 3850 1889 3905 Christum
1928 3864 2030 3904 nos

448 3946 670 4010 gestare
701 3938 1108 3994 existimamus.
1144 3939 1290 4005 Quin
1321 3940 1488 3994 etiam
1533 3940 1580 3994 si
1623 3940 1878 4013 divinam
1907 3939 2030 4010 ejus

452 4026 665 4097 pictura
697 4027 1084 4081 tantummodo
1119 4027 1487 4083 deformatam
1525 4028 1756 4097 clligiem
1807 4029 2031 4098 conspi-

450 4117 683 4183 ciamus,
717 4127 979 4188 tanquam
1014 4121 1128 4188 ipse
1164 4135 1264 4175 nos
1297 4135 1328 4174 e
1361 4120 1508 4175 cmlo
1535 4121 1843 4184 intueatur,
1878 4120 2029 4174 arbi-

449 4217 687 4273 tramur,
710 4216 874 4278 atque
903 4193 1262 4279 procidentes
1307 4210 1628 4265 adoramus.
1658 4207 1856 4279 Magna
1878 4205 2029 4264 nunc

449 4310 532 4354 est
567 4300 700 4355 ﬁdes
733 4300 969 4355 Christi.
989 4285 992 4288 ’
1011 4319 1031 4351 ι

452 4411 540 4468 Ea:
613 4412 731 4468 Vita
798 4414 975 4468 sancti
1037 4413 1244 4483 abbatis
1298 4412 1582 4479 Danielis,
1643 4411 1724 4468 De
1798 4411 2026 4483 Eulogio

1119 4482 1376 4562 lapicida.

527 4590 549 4626 ι
583 4571 739 4628 Tunc
759 4589 1006 4654 mingens
1036 4575 1126 4629 ille
1171 4559 1458 4641 discessit,
1501 4589 1672 4646 seque
1705 4590 1894 4654 coram
1928 4559 2024 4630 Dei

449 4665 756 4721 Genitricis
790 4647 1030 4736 imagine
1061 4675 1446 4737 pro-sternens,
1473 4682 1600 4722 cum
1636 4649 1846 4738 eiulatu
1877 4666 2025 4721 dicc-

449 4758 546 4813 bat
595 4777 608 4812 :
669 4757 920 4827 Domine,
987 4757 1140 4830 quod
1191 4760 1408 4815 homini
1456 4759 1549 4816 isti
1601 4760 1898 4832 spopondi,
1938 4759 2025 4813 l'ac

451 4850 682 4905 solvam.
732 4871 750 4902 ι
1304 4923 1310 4928 _
1543 4919 1552 4926 Ι

729 4941 815 4996 Ea:
855 4943 975 4998 Vita
999 4957 1198 4999 sancta:
1225 4943 1420 4998 Maria:
1449 4941 1738 5013 Egyptiw.

523 5051 543 5084 ι
579 5031 716 5088 Cum
755 5034 920 5104 igitur
951 5036 1214 5105 lugerem,
1243 5050 1412 5104 supra
1445 5034 1626 5088 locum
1659 5035 1712 5087 in
1745 5029 1856 5103 quo
1890 5047 2023 5086 con-

450 5124 701 5176 stiteram
728 5163 744 5188 ,
779 5133 986 5179 sancta:
1023 5125 1116 5179 Dei
1160 5123 1460 5180 Gcnitricis
1511 5124 1807 5194 imaginem
1851 5124 2021 5178 collo-

450 5223 630 5268 catam
679 5217 1001 5286 conspicio,
1046 5217 1250 5286 hisque
1280 5232 1402 5271 eam
1437 5217 1708 5286 compello
1740 5217 2023 5270 sermoni-

451 5309 636 5361 buszt
679 5305 847 5379 Virgo
879 5303 976 5364 Dei
1028 5308 1302 5375 Genitrix,
1355 5307 1610 5370 Domina,
1662 5321 1786 5376 quze
1849 5305 2021 5361 Deum

454 5415 476 5451 ι
520 5395 752 5453 Verbum
801 5401 858 5454 in
907 5416 1076 5454 carne
1115 5400 1410 5470 peperisti,
1451 5398 1567 5451 scio
1595 5389 1868 5466 equidem,
1907 5399 2024 5453 scio

453 5509 477 5544 ι
517 5505 738 5561 aequum
770 5501 1314 5561 consentaneumque
1346 5499 1458 5544 non
1491 5503 1636 5552 esse,
1689 5498 1752 5542 ut
1801 5489 2028 5558 impura‘

452 5601 478 5636 ς
519 5595 644 5652 ego,
686 5581 967 5653 nullisque
995 5599 1104 5638 non
1156 5583 1391 5641 luxuria:
1432 5581 1694 5636 'sordibus
1737 5575 2020 5650 squalens,

376 5687 380 5692 ·
455 5691 477 5726 ι
520 5674 818 5745 imaginem
852 5683 999 5728 tuam
1031 5677 1268 5739 intuear.
1304 5675 1514 5746 quippe
1543 5688 1668 5743 quae
1692 5672 1852 5740 virgo
1878 5665 2019 5726 seiu-

460 5783 480 5816 ι
519 5773 618 5829 per
645 5763 924 5819 exstiteris
961 5781 974 5820 :
1013 5765 1147 5834 quin
1186 5780 1286 5836 par
1317 5774 1424 5830 est,
1455 5773 1514 5820 ut
1545 5775 1760 5820 summa
1801 5763 1893 5816 illa
1929 5771 2020 5816 tua

2059 4497 2112 4559 υ

2129 597 2206 660 ὡς
2224 600 2252 650 ὁ
2277 595 2554 666 Δεσπότης
2578 595 2813 664 Χριστὸς
2829 595 2930 648 οὐκ
2957 595 3245 660 ἐπένευσε,
3264 596 3360 648 τοῦ
3384 594 3737 664 πρεσϐεύειν

2132 688 2497 754 παυσάμενοι,
2525 687 2795 755 κατηφεῖς
2817 685 2914 739 καὶ
2937 685 3218 762 ὀλίγωροι,
3243 684 3384 756 πρὸς
3407 685 3534 754 ἐμὲ,
3557 688 3734 756 φησὶ,

2131 777 2548 847 παραγίνονται,
2581 779 2644 831 οὑ
2683 777 2899 848 μακρὰν
2931 777 3068 830 πολὺ
3098 777 3198 845 τῆς
3235 777 3447 840 εἰκόνος
3479 777 3730 848 ἱστάμε-

2130 883 2239 924 νον.
2272 872 2384 924 Καὶ
2424 871 2654 940 πλησίον
2688 869 2999 938 γενόμενοι,
3044 887 3063 920 ι
3101 869 3290 941 Ὁρᾷς,
3327 871 3487 940 φησὶ,
3519 871 3652 936 πῶς
3703 875 3738 926 δ

2136 985 2154 1016 ι
2188 965 2470 1034 Δεσπότης
2510 965 2572 1016 ού
2603 964 2856 1034 βούλεταί
2887 981 2972 1017 σοι
3001 963 3189 1018 δοῦναι
3225 967 3325 1036 τὴν
3353 968 3540 1033 tactv;
3581 967 3738 1020 ἀλλὰ

2135 1074 2153 1107 ι
2196 1055 2364 1125 μηδὲν
2411 1054 2734 1126 ὰθυμήσῃς.’
2785 1055 3010 1118 Πάντως
3056 1056 3168 1126 γὰρ
3212 1057 3307 1110 καὶ
3349 1058 3487 1127 πρὸς
3543 1061 3608 1111 σὲ
3650 1059 3734 1121 ὼς

2138 1165 2156 1197 ι
2194 1147 2331 1218 πρὸς
2357 1149 2569 1209 πάντας
2589 1146 3010 1218 χρηστεύεται.ι
3028 1148 3140 1201 Καὶ
3166 1148 3558 1213 διαναστάντες
3587 1151 3726 1203 ὡσεῖ

2133 1235 2332 1306 μικρὸν
2364 1234 2664 1306 ἡμιώριον,
2709 1236 2810 1290 καὶ
2857 1237 3023 1292 πάλιν
3073 1237 3430 1304 ἀπελθόντες,
3480 1240 3720 1296 ἐδέοντο.

2131 1331 2242 1382 Καὶ
2268 1330 2430 1386 πάλιν
2458 1331 2752 1400 ἄπρακτοι,
2779 1329 2970 1399 φησὶν,
2994 1329 3418 1399 ἀνακάμπτουσι
3447 1333 3720 1401 κατηφεῖς

2132 1419 2228 1472 καὶ
2249 1419 2532 1490 ὀλίγωροι,
2564 1419 2641 1483 ὡς
2664 1419 2725 1472 τὸ
2749 1412 3016 1491 πρότερον
3038 1420 3135 1474 τοῦ
3166 1423 3438 1476 Δεσπότου
3473 1422 3730 1493 Χριστοῦ

2135 1515 2210 1587 μὴ
2241 1513 2618 1574 κελεύσαντος.
2670 1511 2783 1564 Καὶ
2811 1509 2990 1564 ταῦτά
3035 1527 3126 1580 μοι
3152 1510 3317 1564 πάλιν
3358 1511 3616 1574 ἐλθόντες
3648 1513 3735 1564 εί·-

2135 1606 2386 1677 ρήκασιν.
2419 1603 2495 1654 Τὸ
2517 1600 2706 1670 τρίτον
2724 1601 2783 1654 δὲ
2811 1598 3194 1670 πορευόμενοι·
3231 1617 3250 1650 ι
3280 1599 3504 1670 Θάρῤει,
3533 1599 3734 1666 λέγου-

2137 1715 2156 1748 ι
2193 1710 2306 1748 σιν·
2333 1692 2429 1747 νῦν
2455 1692 2566 1762 γὰρ
2595 1692 2697 1762 τὴν
2725 1691 2886 1762 χάριν
2918 1691 3140 1754 πάντως
3170 1689 3548 1760 λαμϐάνομεν·
3579 1689 3734 1742 ἀλλὰ

2140 1807 2158 1838 ‹
2193 1787 2289 1840 καὶ
2322 1787 2410 1850 σὺ,
2445 1785 2635 1854 ὥσπερ
2674 1785 2822 1853 ἡμᾶς
2850 1783 2984 1854 ὁρᾷς
3032 1781 3399 1845 ἱκετεύοντας,
3437 1781 3539 1834 σὺν
3583 1783 3734 1851 ἡμῖν

2142 1899 2161 1931 ι
2195 1875 2386 1943 ἐλθὼν,
2421 1878 2512 1929 τὸν
2542 1867 2824 1945 Δεσπότην
2860 1873 3096 1927 ἱκέτευε.
3140 1892 3158 1925 ι
3191 1873 3302 1926 Καὶ
3328 1873 3467 1946 πρὸς
3509 1874 3615 1943 τὴν
3645 1875 3734 1926 εί-

2137 1970 2272 2025 κόνα
2299 1968 2360 2022 τὸ
2383 1963 2568 2039 τρίτον
2603 1961 2895 2050 γενόμενοι
2936 1968 3052 2028 τοῖς
3099 1964 3434 2037 προλαβοῦσι
3473 1968 3731 2050 ³τρόποις

2134 2061 2376 2133 ἐχρῶντο
2402 2059 2496 2112 καὶ
2535 2059 2770 2131 ῥήμασι.
2802 2047 2913 2112 κω.
2942 2057 3018 2138 ὡς
3057 2056 3210 2138 ὥραν
3247 2055 3448 2126 πολλὴν
3482 2047 3732 2126 ἔδεηθη-

2136 2172 2265 2218 σαν,
2300 2154 2394 2206 καὶ
2429 2153 2578 2207 κάτω
2610 2152 2875 2221 κείμενοι,
2909 2150 2990 2216 τὸ,
3027 2169 3045 2200 ι
3083 2149 3362 2216 Κελεύεις,
3393 2149 3670 2210 Δέσποτα,
3703 2167 3724 2200 ι

2138 2248 2298 2317 μόνον
2329 2230 2634 2315 ἀνέκραζον
2655 2283 2671 2307 ,
2696 2243 2818 2296 τότε
2850 2244 2878 2296 ό
2903 2229 3138 2312 Χριστὸς
3171 2240 3627 2311 σπλαγχνισθεὶς,
3649 2241 3732 2304 ὡς

2134 2338 2458 2408 οἰκτίρμων,
2494 2354 2514 2386 ι
2557 2323 2668 2388 καὶ
2720 2333 2839 2386 δότε
2897 2330 3067 2401 αὐτῷ,
3104 2349 3125 2383 ι
3165 2332 3304 2404 πρὸς
3355 2332 3455 2402 τῆς
3507 2331 3732 2394 εἰκόνος

2136 2427 2536 2497 ἀπεφθέγξατο.
2572 2426 2682 2479 Καὶ
2705 2422 2950 2494 χαμόθεν
2977 2423 3310 2486 ἀναστάντες
3329 2423 3381 2476 οἱ
3416 2421 3732 2494 μάρτυρες,

2135 2515 2350 2590 πρῶτον
2377 2519 2476 2590 μὲν
2509 2505 2878 2588 ηύχαρίστουν
2907 2513 3134 2587 Χριστῷ
3163 2515 3244 2588 τῷ
3282 2515 3402 2588 Θεῷ
3428 2514 3614 2587 ἡμῶν,
3643 2514 3726 2576 ὼς

2133 2611 2232 2681 τῆς
2257 2609 2496 2680 δεήσεως
2532 2609 2712 2662 αὐτῶν
2742 2606 3134 2662 ὲπακούσαντι.
3174 2627 3194 2660 ι

2139 2903 2252 2959 Τοῦ
2273 2903 2446 2972 ἁγίου
2469 2900 2874 2972 ’ᾼναστασίου
2898 2898 3003 2952 τοῦ
3031 2897 3205 2972 ᾀγίου
3230 2898 3413 2972 ὄρους
3437 2894 3605 2972 rara.
3629 2897 3726 2972 εις

2205 2966 2333 3098 ἑὴν-⁷
2353 2970 2582 3052 καινὴν
2607 2969 2940 3038 Κυριακὴν,
2973 2966 3088 3023 καί
3111 2970 3200 3034 είς
3229 2966 3338 3020 τὸν
3369 2967 3726 3021 (indotata?

2254 3059 2440 3098 wuar.

2254 3059 2440 3112 ωμαν.

2211 3153 2229 3187 ι
2269 3136 2332 3188 0i
2367 3132 2674 3208 ἑωρακότες
2705 3129 2942 3202 Χριστὸν
2973 3131 3032 3184 ὲν
3075 3129 3262 3199 σαρκὶ,
3305 3127 3385 3196 ὡς
3419 3129 3726 3198 προφήτην

2136 3226 2298 3282 αὑτὸν
2347 3221 2530 3294 εἶχον
2578 3225 2629 3276 οἱ
2671 3221 2746 3293 μὴ
2795 3221 3109 3293 ἑωρακότες
3151 3222 3352 3290 ἡμεῖς,
3398 3218 3628 3281 εὐθέως,
3666 3217 3725 3280 ὲξ
3787 3211 3790 3222 ’

2137 3317 2364 3374 ἁπαλῶν
2390 3317 2620 3385 ὀνύχων,
2653 3315 2880 3390 παῖδες,
2907 3313 3004 3367 καὶ
3039 3312 3338 3376 νεανίσκοι,
3358 3310 3494 3364 Θεὸν
3522 3309 3718 3372 αὐτὸν,

2135 3410 2516 3478 ὲξουσιαστὴν,
2563 3407 2658 3462 καὶ
2694 3404 3139 3476 παντοκράτορα,
3191 3404 3289 3456 καὶ⁵
3337 3401 3449 3454 τῶν
3502 3401 3724 3454 αἰώνων

2134 3501 2387 3573 ποιητὴν,
2415 3501 2766 3568 ἀπαύγασμα
2793 3497 2890 3566 τοῦ
2931 3496 3150 3567 [ἰατρὸς
3191 3493 3586 3565 ὁμολογοῦμεν.
3629 3493 3724 3554 Ὠς
3795 3569 3800 3574 ι

2132 3591 2242 3660 γὰρ
2265 3591 2438 3644 ἀὑτὸν
2469 3591 2678 3641 ἐκεῖνον
2719 3585 3288 3664 βλέποντες-Χριστόν,
3301 3584 3594 3654 λαλοῦντα,
3627 3580 3724 3635 οὖ-

2131 3699 2240 3743 τως
2269 3681 2376 3734 τῶν
2408 3667 2574 3732 αὑτοῦ
2596 3661 2944 3746 non};th
2975 3661 3114 3746 μετὰ
3144 3676 3378 3738 πίστευε
3403 3674 3686 3743 ἀκούομεν
3705 3689 3720 3704 ⁸

2132 3771 2226 3823 καὶ
2270 3769 2363 3821 τὸν
2393 3769 2662 3839 ἄχραντον
2716 3767 3065 3837 μαργαρίτην
3117 3765 3212 3818 τοῦ
3253 3764 3422 3819 αὐτοῦ
3461 3762 3724 3832 σώματος

2131 3860 2438 3931 δεχόμενοι,
2477 3860 2645 3913 αὑτὸν
2668 3859 2880 3913 ἐκεῖνον
2911 3857 3206 3927 βαστάζειν
3233 3859 3324 3910 τὸν
3355 3855 3596 3924 Χριστὸν
3629 3871 3721 3907 νο-

2134 3951 2383 4023 μίζομεν.
2416 3951 2536 4005 Κᾶν
2561 3950 2722 4020 μόνον
2756 3947 2922 4002 αὑτοῦ
2963 3949 3106 4002 θεῖον
3141 3947 3468 4019 χαρακτῆρα
3497 3948 3720 4012 ἐξεικο-

2130 4042 2386 4112 νισμένον
2433 4041 2656 4111 ῐδωμεν,
2710 4039 2787 4103 ὡς
2824 4039 2885 4104 ἐξ
2935 4038 3169 4111 ούρανοῦ
3213 4041 3346 4109 ἡμῖν
3397 4038 3721 4101 ἀτενίζοντα

2131 4134 2453 4206 νομίζομεν,
2501 4130 2946 4200 προσκυνοῦμεν,
3005 4127 3446 4201 προσπίπτομεν.
3478 4127 3718 4197 Μεγάλη

2129 4222 2227 4276 νῦν
2259 4225 2292 4293 ἡ
2319 4219 2631 4285 πίστιςοτοῦ
2657 4219 2918 4291 Χριστοῦ.
2945 4239 2964 4272 ι

2141 4423 2246 4476 Ἐκ
2283 4419 2392 4475 τοῦ
2425 4419 2573 4484 βίου
2611 4417 2721 4472 τοῦ
2759 4416 2911 4474 ὰσσᾶ
2952 4415 3200 4486 Δανιὴλ,
3229 4415 3372 4485 Περὶ
3409 4415 3714 4484 no.1th

2121 4509 2124 4514 ·
2699 4489 2808 4544 τοῦ
2852 4488 3140 4558 λατόμου.

2207 4605 2224 4637 ι
2261 4584 2396 4638 Τότε
2447 4567 2796 4654 ὀλιγωρήσας
2843 4578 3091 4650 ἀπῆλθε,
3140 4579 3237 4632 καὶ
3292 4577 3453 4648 ῥίψας
3503 4577 3711 4631 ἑαυτὺν

2127 4672 2438 4746 ἔμπροσθεν
2461 4671 2562 4742 τῆς
2583 4663 2793 4733 εἰκόνος
2822 4669 2922 4739 τῆς
2948 4668 3241 4731 Θεοτόκου,
3263 4667 3400 4738 μετὰ
3422 4667 3714 4739 κλαυθμοῦ

2127 4767 2285 4834 ἔλεγε
2303 4779 2321 4796 ο
2354 4763 2552 4833 Κύριε,
2583 4761 2744 4814 λύσον
2772 4762 2873 4832 τὴν
2902 4759 3106 4831 ἐγγύην
3131 4759 3228 4814 τοῦ
3265 4759 3554 4831 ἀνθρώπου
3581 4761 3714 4814 τού-

2128 4875 2222 4911 του
2251 4855 2345 4910 ἀπ⁹
2376 4852 2530 4924 ἐμοῦ.
2564 4871 2584 4906 ι

2311 4947 2411 4999 Ἐκ
2441 4943 2548 4998 τοῦ
2581 4943 2729 5008 ,ϐίου
2771 4945 3002 5012 Μαρίας
3037 4945 3151 5013 τῆς
3178 4947 3526 5016 Αἰγυπτίας.

2201 5056 2220 5089 ι
2253 5036 2532 5090 Κλαίουσα
2572 5037 2788 5110 τοίνυν,
2823 5036 2934 5105 ὁρῶ
2965 5036 3152 5089 ἐπάνω
3198 5035 3296 5089 τοῦ
3343 5037 3513 5090 τόπου
3570 5039 3635 5092 ὲν
3666 5034 3714 5110 ᾧ

2127 5126 2386 5196 ἱστάμην,
2425 5123 2523 5196 τὴν
2569 5123 2755 5177 εἰκόνα
2787 5124 2887 5192 τῆς
2925 5123 3087 5192 ἁγίας
3116 5124 3382 5177 Θεοτόκου
3429 5125 3710 5192 ἑστῶσαν,

2124 5219 2220 5272 καί
2243 5235 2388 5287 φημι
2414 5215 2551 5287 πρὸς
2579 5215 2752 5285 αὐτήν
2773 5230 2787 5244 '
2821 5233 2840 5266 ι
2866 5213 3132 5286 Παρθένε,
3155 5213 3386 5268 Θεοτόκε
3409 5215 3710 5280 Δέσποινα,

2131 5330 2148 5360 ι
2183 5311 2217 5380 ἡ
2259 5308 2351 5362 τὸν
2398 5307 2534 5362 Θεὸν
2575 5308 2749 5374 Λόγον
2789 5307 2929 5360 κατὰ
2977 5305 3156 5377 σάρκα
3192 5309 3534 5375 γεννήσασα,
3583 5303 3712 5363 οἶδα

2133 5422 2148 5451 ι
2190 5401 2309 5470 μὲν,
2353 5396 2494 5463 οῖδα,
2529 5399 2606 5462 ὡς
2640 5399 2739 5451 οὐκ
2786 5398 2937 5452 ἐστιν
2977 5397 3274 5466 εὐπρεπὲς,
3303 5397 3425 5450 οὐδὲ
3454 5397 3706 5466 εὔλογον,

2133 5514 2149 5544 ι
2183 5493 2282 5564 τὴν
2315 5491 2458 5544 οὕτω
2493 5491 2769 5563 ῥυπαρὰν,
2803 5491 2906 5564 τὴν
2943 5487 3086 5542 οὕτω
3127 5489 3466 5554 πανάσωτον,
3492 5489 3594 5560 τὴν
3628 5493 3710 5544 si-

2131 5605 2147 5633 c
2191 5583 2324 5637 κόνα
2348 5583 2589 5653 καθορᾷν
2624 5599 2740 5646 σου,
2764 5581 2870 5651 τῆς
2893 5579 3303 5656 ’Δειπαρθένου,
3332 5579 3469 5634 ἀλλὰ
3494 5581 3707 5636 δίκαιόν

2131 5693 2147 5724 ι
2186 5673 2359 5737 ἐστιν,
2384 5671 2486 5742 ἐμὲ
2511 5671 2617 5725 ὑπὸ
2647 5671 2747 5743 τῆς
2775 5671 2876 5742 σῆς
2899 5669 3273 5741 καθαρότητος
3298 5669 3573 5740 μισεῖσθαι
3606 5675 3704 5726 καὶ

2132 5787 2149 5818 ι
2189 5759 2588 5835 βδελύττεσθαι.
2638 5755 2798 5835 Πλὴν
2837 5762 3066 5834 ἐπείπερ
3109 5761 3198 5816 διὰ
3231 5762 3389 5818 τοῦτο
3415 5763 3644 5831 γέγονεν
3674 5767 3702 5817 ό
