3986 6346
249 379 383 448 1417
1336 379 1434 440 DE
1474 377 1823 439 IMAGINIE

1908 378 1934 438 Ξ
1969 376 2068 438 ΟΒ
2084 376 2250 436 \TIO
2289 370 2403 435 III.
3349 367 3482 445 1418

251 512 272 546 σ
310 498 375 548 ἐκ
404 491 498 548 σοῦ
522 492 734 563 τεχθεὶς
768 492 922 558 Θεὸς,
947 492 1257 563 ἄνθρωπος,
1285 492 1433 555 ὅπως
1456 491 1662 563 καλέσῃ
1686 491 1809 553 τοὺς

1922 508 1941 541 ι
1980 491 2204 558 νιιιιὶιος
2253 504 2340 543 me
2401 495 2663 557 tanquam
2723 486 3119 542 exsecrabilem
3174 492 3485 543 aversetur.

251 600 271 637 ι
310 584 670 655 ἁμαρτωλοὺς
695 584 773 646 εἰς
803 582 1114 652 μετάνοιαν,
1146 582 1415 653 βοήθησόν
1439 599 1549 652 μοι,
1575 584 1640 651 τῇ
1677 579 1813 649 μόνῃ

1923 597 1940 629 ι
1989 580 2213 644 Verum,
2249 578 2469 648 quando
2500 576 2664 642 Deus,
2703 580 2796 648 qui
2830 593 3052 632 carnem
3086 593 3153 632 ex
3194 588 3245 633 te
3294 593 3490 633 susccu

252 691 272 725 ι
311 673 385 744 μὴ
413 672 610 744 ἐχούσῃ
638 672 761 725 τινὰ
783 672 1059 743 βοήθειαν.
1090 673 1373 738 Ἐπίταξον
1404 672 1570 742 κάμοὶ
1599 687 1813 740 συγχω-

1922 689 1940 721 ‹
1990 671 2091 740 pit,
2132 671 2341 725 idcirco
2374 672 2553 727 factus
2605 680 2687 725 est
2740 671 2936 733 homo,
2972 678 3031 724 ut
3062 677 3381 739 peccatores
3417 665 3481 723 ad

250 779 271 815 ι
310 763 544 835 ρηθῆναι
579 764 679 834 τὴν
723 766 964 819 εἴσοδον
1004 765 1080 835 μὴ
1133 766 1405 835 στερήσῃς
1455 781 1520 833 με
1560 765 1620 817 τὸ
1662 764 1815 827 ξύλον

1923 780 1941 813 ι
1990 763 2375 832 paenitentiam
2409 772 2651 829 vocaret,
2688 761 2897 831 adjuva.
2933 777 3039 826 me,
3096 777 3306 831 quaeso,
3364 775 3485 830 quze

253 873 272 908 ι
314 856 460 920 ἰδεῖν,
491 857 550 910 ἐν
577 848 622 925 ᾧ
652 856 795 909 κατὰ
826 857 1005 928 σάρκα
1045 856 1372 927 προσεπάγη
1412 858 1439 908 ό
1463 856 1593 918 Θεὸς
1620 857 1813 923 Λόγος,

1922 872 1941 904 ι
1987 856 2103 909 sola
2123 870 2267 919 sum,
2292 854 2442 909 aliud
2470 865 2667 923 praeter
2692 863 2744 909 te
2768 855 3081 925 praesidium
3108 868 3219 909 non
3252 854 3479 909 habens.

252 965 271 1000 ι
306 948 364 1001 δν
390 949 713 1019 ἐγέννησας·
748 948 808 1012 ὃς
834 949 895 1001 τὸ
930 944 1073 1016 αἷμα
1093 949 1156 1001 τὸ
1191 948 1321 1000 ἴδιον
1355 938 1495 1019 ὑπὲρ
1524 948 1658 1018 ἐμοῦ
1688 948 1817 1001 ἐδω-

1924 966 1942 998 ‹
1990 947 2152 1010 Jube,
2188 955 2246 1002 ut
2272 948 2402 1001 mihi
2433 962 2659 1017 quoque
2692 949 2978 1018 ingressus
3014 955 3231 1018 pateat;
3263 962 3364 1002 nec
3399 963 3485 1003 me

251 1056 271 1091 ι
307 1055 401 1093 κεν
424 1038 762 1107 ἀντίλυτρον.
801 1039 1105 1103 Ἐπίταξον,
1131 1033 1175 1091 ὦ
1206 1040 1491 1102 Δέσποινα,
1519 1032 1685 1109 κάμοὶ
1718 1039 1816 1109 τὴν

1923 1056 1942 1091 ι
1987 1047 2288 1109 conspectu
2323 1040 2510 1109 prives
2547 1038 2680 1109 ligni
2714 1040 2884 1100 illius,
2924 1039 2980 1095 in
3018 1055 3127 1108 quo
3178 1038 3483 1094 secundum

248 1146 270 1181 ι
305 1129 475 1200 θύραν
509 1128 822 1199 ἀνοιχθῆναι
852 1128 950 1198 τῆς
994 1128 1146 1191 θείας
1172 1128 1265 1181 τοῦ
1300 1127 1534 1199 σταυροῦ
1578 1140 1815 1194 προσκυο

1922 1147 1940 1179 ‹
1985 1143 2209 1183 carnem
2244 1126 2434 1183 affixus
2464 1136 2549 1183 est
2580 1127 2725 1182 Deus
2756 1126 3023 1194 Verbum,
3057 1144 3217 1197 quem
3243 1138 3300 1181 tu
3328 1142 3488 1196 pepe-

250 1238 269 1271 ι
304 1220 534 1289 νήσεως.
574 1218 682 1271 Καί
716 1235 775 1271 σε
814 1218 1009 1287 δίδωμι
1050 1218 1127 1281 τῷ
1172 1220 1237 1271 ἐκ
1270 1218 1364 1271 σοῦ
1406 1218 1653 1289 τεχθέντι
1697 1218 1817 1289 Θεῷ

1989 1220 2130 1287 risti,
2170 1220 2378 1289 quique
2407 1220 2690 1290 proprium
2729 1220 3125 1289 sanguinemin
3154 1220 3518 1287 redemptio-i

250 1328 270 1363 ι
307 1308 585 1379 ἐγγυητὴν
618 1306 935 1379 ἀξιόχρεων,
961 1310 1037 1372 ὡς
1062 1309 1249 1362 οὐκέτι
1272 1310 1373 1379 τὴν
1404 1311 1586 1380 σάρκα
1613 1309 1817 1379 ταύτην

1922 1332 1941 1365 ι
1986 1317 2072 1369 nis
2103 1331 2237 1369 mete
2276 1319 2511 1383 pretium
2549 1313 2718 1369 dedit.
2753 1312 2924 1377 Jube,
2971 1311 3222 1375 Domina,
3260 1322 3316 1365 ut
3352 1311 3486 1364 mihi

250 1418 269 1452 ι
306 1399 579 1470 ἐξυϐρίσω
620 1400 687 1452 δι’
734 1399 966 1470 αἰσχρᾶς
1012 1400 1333 1471 οἱασδήποτε
1394 1401 1616 1470 μίξεως.
1676 1400 1816 1453 Ἀλλ’

1923 1423 1941 1457 ι
1986 1407 2214 1475 perinde
2249 1406 2316 1459 ad
2345 1405 2543 1459 divinae
2572 1405 2758 1458 crucis
2788 1404 3172 1459 adorationem
3216 1402 3365 1457 fores
3394 1416 3489 1470 pa-

251 1510 270 1544 t
306 1493 469 1562 ἡνίκα
498 1490 560 1543 τὸ
590 1491 745 1555 ξύλον
779 1491 872 1544 τοῦ
912 1491 1146 1564 σταυροῦ
1179 1492 1273 1545 τοῦ
1308 1491 1439 1545 Υίοῦ
1472 1509 1567 1545 σου
1609 1492 1817 1546 θεάσω-

1922 1516 1940 1547 ι
1989 1506 2163 1552 team.
2195 1496 2453 1567 Teipsam
2493 1480 2601 1550 Deo
2629 1511 2691 1549 ex
2728 1503 2781 1549 te
2808 1495 3016 1565 genito,
3054 1503 3105 1549 te
3146 1496 3199 1547 in
3237 1493 3487 1562 locuple-

251 1599 269 1632 ι
308 1598 428 1652 μαι,
457 1581 648 1652 κόσμῳ
686 1582 778 1635 καὶ
804 1584 918 1646 τοῖς
941 1586 998 1634 ἐν
1028 1583 1218 1654 κόσμῳ
1251 1586 1416 1638 πᾶσιν
1457 1583 1659 1648 εὐθέως
1684 1586 1817 1638 ἁπο-

1923 1604 1943 1638 t
1988 1587 2262 1642 tissimam
2320 1585 2556 1656 praedem
2608 1583 2791 1649 trado,
2834 1599 2921 1639 me
2969 1584 3233 1653 deinceps
3266 1597 3486 1636 carnem

248 1693 268 1727 ‹
302 1675 601 1745 τάσσομαι,
649 1675 745 1729 καὶ
790 1674 992 1729 αὐτίκα
1030 1675 1348 1746 ἐξέρχομαι,
1396 1678 1531 1729 ὅπου
1582 1677 1648 1730 ἂν
1677 1677 1815 1747 αὑτὴ

1923 1696 1941 1729 t
1988 1676 2133 1731 hanc
2178 1677 2333 1731 nullo
2383 1692 2617 1746 prorsus
2654 1677 2869 1744 imptlro
2899 1677 3047 1728 coitu
3081 1688 3320 1745 unquam
3368 1689 3487 1727 nta-

249 1784 269 1818 t
304 1766 381 1830 ὡς
426 1765 704 1837 ἐγγυητὴς
742 1765 940 1837 ὑπόθῃ,
983 1767 1079 1820 καὶ
1132 1767 1406 1837 ὁδηγήσῃς
1436 1784 1525 1836 με.
1570 1785 1587 1817 ι
1629 1766 1817 1821 Ταῦτα

1922 1787 1942 1820 ι
1988 1769 2321 1824 culaturam.
2360 1768 2619 1834 Quinimo
2662 1768 2751 1822 ubi
2786 1768 2973 1821 crucis
3006 1765 3129 1821 Filii
3164 1767 3241 1819 tui
3279 1767 3484 1836 lignum

242 1829 619 1921 εἰποῦσα-,καλ
656 1829 848 1928 ῶσπερ
875 1829 998 1910 τινὰ
1048 1829 1448 1927 πληροτρορίαν
1471 1856 1714 1911 λαϐοῦσα
1752 1858 1813 1911 τὸ

1922 1880 1940 1913 ι
1987 1876 2360 1931 conspexero,
2410 1861 2616 1915 mundo
2663 1861 2850 1915 statim
2897 1868 2951 1913 et
2981 1859 3241 1913 omnibus
3274 1874 3398 1927 quae
3431 1859 3485 1912 in

244 1946 341 2017 τῆς
369 1947 605 2010 πίστεως
634 1946 903 2018 ἔμπυρον,
924 1950 991 2019 τῇ
1020 1947 1392 2018 εὐσπλαγχνίᾳ
1422 1948 1523 2019 τῆς
1548 1948 1812 2001 Θεοτόκου

1918 1970 1939 2005 t
1987 1953 2191 2008 mundo
2224 1959 2357 2008 sunt
2401 1953 2751 2016 renuntiabo,
2787 1953 3039 2022 nihilque
3073 1961 3309 2018 morata,
3354 1952 3484 2006 illuc

244 2033 586 2107 θαρῤήσασα.
618 2037 752 2091 κινῶ
789 2038 1038 2107 ἐμαυτὴν
1068 2036 1127 2104 ἐξ
1170 2038 1380 2090 ἐκείνου
1411 2037 1504 2090 τοῦ
1533 2038 1721 2102 τόπου,
1757 2039 1814 2091 ἐν

1921 2063 1940 2094 ‹
1983 2044 2328 2114 proﬁciscar,
2383 2059 2493 2114 quo
2548 2052 2605 2098 tu
2660 2045 2798 2113 ipsa,
2840 2060 3004 2114 quam
3048 2044 3102 2097 in
3159 2059 3482 2113 sponsorem

242 2121 286 2196 ᾧ
316 2128 531 2181 ἐστῶσα
564 2128 865 2200 ἐποιούμην
887 2128 986 2197 τὴν
1015 2129 1220 2199 δέησιν,
1247 2129 1341 2181 καὶ
1367 2128 1597 2200 ἔρχομαι
1628 2129 1812 2194 πάλιν,

1920 2150 1938 2185 ι
1977 2149 2167 2217 sumo,
2199 2135 2465 2204 jusseris,
2500 2143 2665 2206 atque
2693 2136 2938 2191 duxeris.
2981 2155 3001 2190 ι
3035 2134 3131 2191 llis
3158 2137 3483 2205 pronuntia-

243 2222 339 2274 καὶ
374 2223 488 2285 τοῖς
525 2219 788 2274 εἰσιοῦσιν
840 2221 1086 2292 ἐμαυτὴν
1119 2221 1477 2292 ἐγκατέμιξα.
1532 2222 1645 2274 Καὶ
1686 2222 1815 2275 οὐκ·

1917 2225 2008 2291 tis,
2043 2240 2109 2280 ex
2141 2225 2263 2281 ﬁdei
2290 2225 2488 2281 ardore
2514 2227 2719 2282 certior
2743 2228 3147 2296 quodammodo
3174 2228 3408 2292 reddita,
3431 2236 3486 2282 et

243 2312 324 2365 έτι
348 2308 416 2384 ἦν
439 2312 646 2366 όώθῶν
708 2330 797 2383 με,
835 2313 928 2367 καὶ
968 2314 1397 2384 ἀντωθούμενος,
1429 2315 1523 2367 καὶ
1564 2314 1739 2379 οὐδεὶς
1785 2314 1813 2366 ὁ

1915 2315 1972 2369 ἰη
2007 2315 2102 2371 Dei
2155 2316 2453 2373 Genitricis
2490 2319 2782 2373 clementia
2832 2321 2992 2373 tidem
3034 2336 3264 2390 ponens,
3314 2335 3380 2373 ex
3425 2337 3488 2374 eo

242 2404 467 2459 κωλύων
493 2402 586 2456 τοῦ
608 2403 834 2474 πλησίον
855 2404 1104 2473 γενέσθαι
1127 2422 1193 2475 με
1216 2405 1314 2475 τῆς
1338 2404 1529 2476 θύρας,
1556 2406 1623 2459 δι’
1642 2402 1709 2478 ἦς
1734 2408 1814 2471 είς

1915 2407 2036 2462 loco
2063 2409 2115 2462 in
2140 2423 2249 2478 quo
2271 2419 2524 2465 steteram
2561 2417 2891 2479 precataque
2917 2409 3147 2476 fueram,
3179 2409 3486 2474 discedens,

240 2494 332 2549 τὸν
367 2491 515 2549 οἷκον
536 2495 806 2567 εἰσῄεσαν.
839 2496 1069 2550 Ἔλαϐεν
1092 2496 1185 2549 οῦν
1218 2514 1286 2566 με
1306 2497 1473 2568 φρίκη
1500 2498 1592 2550 καὶ
1618 2496 1813 2552 ἐκστα-

1915 2498 1986 2555 iis
2015 2500 2107 2569 qui
2139 2500 2587 2571 ingrediebantur
2615 2502 2780 2573 389
2808 2519 2895 2556 me
2917 2518 3136 2556 rursum
3166 2502 3352 2572 jungo,
3390 2521 3488 2557 nec

245 2603 331 2650 σις
348 2587 442 2640 καὶ
470 2586 565 2657 ὅλη
593 2586 660 2640 δι’
679 2586 800 2640 ὅλου
828 2586 1288 2658 ἐκλονούμην,καὶ
1318 2587 1815 2659 ἕτρεμον.⁹Ρίψασα

1916 2590 2176 2662 deinceps
2206 2592 2492 2662 quisquam
2530 2593 2630 2647 fuit
2651 2596 2743 2664 qui
2776 2610 2859 2649 me
2888 2595 3193 2664 repelleret,
3213 2596 3371 2649 etcui
3404 2611 3489 2649 re-

241 2677 424 2730 τοίνυν
462 2677 708 2747 ἐμαυτὴν
753 2678 845 2729 ἐπὶ
882 2677 981 2747 τῆς
1012 2677 1134 2746 γῆς,
1185 2676 1281 2731 καὶ
1332 2678 1393 2730 τὸ
1441 2678 1595 2746 ἅγιον
1639 2679 1815 2731 ἐκεῖνο

1916 2682 2138 2752 pellenti
2176 2684 2515 2739 resisterem.
2545 2683 2740 2739 Nullus
2768 2702 2993 2756 prorsus
3018 2688 3112 2756 qui
3155 2702 3238 2740 me
3274 2687 3488 2743 foribus

244 2769 671 2840 προσκυνήσασα
710 2766 935 2838 ἔδαφος,
984 2766 1206 2838 ἔτρεχον
1244 2767 1496 2831 ἐξιοῦσα,
1534 2769 1627 2823 καὶ
1681 2771 1816 2841 πρὸς

1918 2780 2153 2838 arceret,
2203 2789 2300 2844 per
2344 2789 2482 2846 quas
2530 2776 2585 2829 in
2633 2777 2805 2831 aedem
2848 2792 3064 2831 sacram
3103 2777 3286 2832 aditus
3345 2785 3485 2833 erat.

241 2862 342 2931 τὴν
388 2859 808 2931 ἐγγυησαμένην
843 2860 1099 2929 γενέσθαι
1148 2861 1547 2926 σπουδάζουσα.
1585 2863 1813 2933 Γίνομαι

1916 2862 2127 2920 liorror
2154 2866 2337 2920 statim
2371 2873 2424 2920 et
2465 2875 2662 2937 stupor
2708 2883 2795 2922 me
2830 2868 3062 2935 invadit,
3094 2877 3321 2942 totoque
3360 2888 3487 2927 coro

243 2952 423 3007 τοίνυν
455 2956 511 3007 ἐν
538 2954 732 3024 ἐκείνῳ
752 2953 829 3023 τῷ
863 2955 1036 3024 τόπῳ,
1064 2955 1121 3005 ἐν
1147 2947 1191 3022 ᾧ
1223 2953 1324 3024 τῆς
1345 2953 1550 3024 ἐγγύης
1575 2957 1816 3025 ἐπεγρά-

1917 2971 2050 3026 pore
2083 2958 2305 3027 quatior
2340 2966 2395 3011 et
2427 2957 2800 3013 contremier
2830 2978 2841 3012 :
2876 2976 3115 3030 cumque
3166 2962 3317 3018 humi
3357 2979 3483 3033 pro-

96 3088 121 3111 ,
152 3088 175 3097 ..
222 3065 317 3119 ιφη
369 3048 751 3119 χειρόγραφον,
788 3046 882 3100 καὶ
924 3046 1050 3116 γόνυ
1091 3047 1322 3101 κλίνασα
1368 3047 1670 3117 ἔμπροσθεν

1918 3053 2112 3110 strata,
2155 3053 2407 3100 sanctum
2440 3045 2578 3099 illud
2622 3045 2803 3099 solum
2833 3046 3179 3109 adornssem,
3207 3051 3483 3119 egredior,

256 3124 669 3209 ’Aetwapﬁévou"
692 3136 783 3190 καὶ
810 3136 1095 3203 Θεοτόκου,
1117 3136 1328 3200 τούτοις
1353 3138 1673 3208 ἐχρησάμην
1701 3138 1815 3199 τοῖς

1917 3151 2200 3208 cursuque
2234 3137 2298 3191 ad
2334 3152 2453 3193 eam
2490 3152 2611 3206 qua:
2647 3152 2745 3206 pro
2792 3154 2877 3191 me
2928 3141 3323 3208 Spoponderat,
3362 3157 3488 3214 pro-

8 3294 9 3297 η
92 3230 519 3301 ,,ι.-μ-ρήμασινο
556 3250 574 3281 t
606 3230 680 3283 Σὺ
731 3229 851 3300 μὲν,
885 3229 1150 3298 φιλάγαθε
1182 3229 1475 3295 Δέσποινα,
1508 3229 1569 3281 τὸ

1917 3244 2075 3300 pero,
2114 3239 2279 3300 atque
2307 3229 2361 3283 iu
2395 3244 2461 3283 eo
2490 3230 2612 3283 loco
2642 3230 2978 3293 consistens,
3016 3231 3070 3284 in
3103 3246 3208 3301 quo
3238 3237 3488 3301 sponsio-

26 3314 27 3317 “
248 3339 268 3372 t
308 3324 435 3392 ἐμοὶ
472 3322 719 3387 ἐνεδείξω
752 3322 1158 3393 φιλάνθρωπον,
1203 3325 1268 3377 σὺ
1318 3322 1416 3393 τῆς
1451 3322 1600 3386 ἀναξί

1918 3322 2006 3378 nis
2034 3322 2464 3392 chirographum
2506 3329 2796 3375 exaratum
2848 3329 2988 3383 erat,
3037 3323 3270 3394 genibus
3303 3341 3487 3379 coram

250 3433 268 3466 ι
305 3414 576 3481 ἐὸδελύξω
605 3416 703 3485 τὴν
731 3414 935 3486 δέησιν.
968 3410 1125 3466 Εἶδον
1150 3413 1331 3479 δόξαν,
1360 3414 1427 3484 ἣν
1461 3412 1688 3475 δικαίως
1716 3402 1816 3481 οὐχ

1924 3413 2017 3469 Dei
2055 3413 2353 3468 Genitricis
2403 3413 2643 3482 imagine
2693 3412 2910 3481 positis,
2960 3413 3050 3469 hic
3101 3416 3249 3467 illam
3307 3418 3489 3471 verbis

253 3526 272 3558 ι
310 3507 527 3578 ὁρῶμεν
556 3509 606 3560 οἱ
631 3509 865 3561 ἄσωτοι·
895 3506 1022 3570 δόξα
1053 3506 1131 3575 τῷ
1158 3504 1297 3575 Θεῷ,
1318 3505 1396 3571 τῷ
1429 3505 1515 3559 διὰ
1546 3504 1641 3557 σοῦ
1666 3504 1818 3572 δεχο-

1917 3503 2230 3572 compello:
2280 3520 2298 3553 ι
2338 3500 2421 3554 Tu
2473 3501 2718 3571 quidem,
2779 3503 3175 3557 amabilissima
3236 3506 3489 3576 bonaque

249 3615 268 3650 ε
310 3599 454 3667 μένῳ
470 3598 576 3651 τῶν
598 3597 938 3669 ἁμαρτωλῶν
959 3597 1057 3666 τὴν
1079 3597 1394 3667 μετόινοιαν⁶
1423 3617 1440 3647 ι
1468 3596 1563 3649 καὶ
1583 3597 1648 3647 τὰ
1665 3594 1813 3663 ἐξῆς.

1926 3614 1945 3647 ι
1993 3593 2250 3657 Domina,
2290 3600 2439 3646 tuam
2482 3607 2608 3662 erga
2640 3608 2726 3647 me
2766 3592 3166 3649 humanitatem
3206 3611 3490 3650 common-

252 3708 272 3742 ‹
316 3693 503 3747 strasti
534 3703 627 3747 :tu
656 3693 896 3760 indignae
922 3706 1113 3761 preces
1145 3693 1467 3760 neutiquam
1494 3689 1810 3759 despexisti.
1854 3685 2095 3741 Gloriam
2140 3685 2292 3737 illam
2340 3683 2473 3746 vidi,
2524 3682 2688 3751 Cujus
2723 3692 3025 3754 conspectu
3075 3700 3178 3739 nos
3225 3687 3487 3756 impudici

252 3805 272 3839 ι
314 3786 463 3857 digni
531 3802 640 3839 nun
672 3799 917 3839 eramus.
983 3781 1067 3836 Sit
1108 3782 1217 3836 Deo
1280 3782 1475 3849 gloria,
1534 3781 1626 3849 qui
1664 3785 2017 3849 peccatorum
2049 3772 2432 3844 paenitentiam
2473 3787 2567 3840 per
2604 3780 2656 3827 te
2691 3773 2953 3840 suscipit,
2999 3790 3018 3823 ι
3050 3780 3156 3827 etc.

468 3878 568 3931 Ἐκ
595 3876 699 3931 τοῦ
719 3877 864 3939 ,βίου
890 3874 995 3943 τῆς
1020 3876 1191 3945 ἁγίας
1233 3872 1597 3940 Εὑπραξίας.

1521 3888 1597 3936 ις,
2299 3863 2381 3916 Ea:
2419 3863 2537 3917 l'ila
2559 3873 2755 3917 sancta:
2792 3862 3095 3931 Eupraxia'.

320 3986 338 4018 ι
373 3966 531 4035 Λέγει
560 3968 593 4036 η
623 3967 869 4028 διάκονος
901 3964 980 4035 τῷ
1004 3964 1276 4033 κορασίῳ’
1309 3980 1327 4012 ι
1374 3962 1614 4027 ’⁸Υπαγε,
1649 3958 1812 4029 κυρία

1997 3978 2016 4010 ι
2062 3956 2380 4012 Diaconissa
2405 3970 2533 4010 vero
2560 3954 2625 4008 ad
2656 3955 2890 4024 puellam
2923 3955 2996 4007 ait
3029 3973 3040 4007 :
3080 3976 3097 4007 ι
3129 3956 3229 4009 Abi
3261 3955 3484 4033 domum

250 4076 266 4106 ι
310 4073 434 4126 μου,
471 4059 548 4118 είς
571 4055 660 4108 τὸν
689 4050 837 4108 οἶκόν
894 4071 1007 4117 σου,
1046 4054 1125 4106 ὅτι
1151 4052 1212 4104 ού
1253 4051 1479 4105 δύνασαι
1509 4044 1610 4103 ὧδε
1635 4064 1813 4115 παρα-

1926 4069 1946 4103 σ
1990 4058 2174 4113 tuam,
2221 4049 2439 4104 domina
2497 4062 2656 4113 mea;
2708 4062 2884 4115 neque
2945 4050 3087 4102 enim
3134 4048 3221 4100 hic
3270 4065 3489 4107 manere

248 4168 269 4202 ι
307 4152 509 4219 μεῖναι.
590 4148 723 4201 Οὐδὲ
776 4147 887 4216 γὰρ
948 4146 1169 4200 δύναταί
1230 4163 1315 4205 τις
1366 4138 1467 4196 ὧδε
1543 4141 1815 4212 παραμεῖ-

1927 4161 1945 4193 ι
1992 4150 2167 4213 potes.
2226 4140 2373 4195 Nulli
2428 4140 2629 4209 quippe
2691 4139 2814 4192 istic
2872 4140 3199 4192 comnmrari
3257 4141 3338 4194 fas
3378 4153 3484 4207 est,

249 4258 269 4291 ι
308 4257 416 4304 ναι,
459 4238 551 4290 ἐὰν
618 4239 691 4306 μὴ
742 4237 1066 4304 συντάξηται
1132 4235 1210 4303 τῷ
1278 4234 1516 4305 Χριστῷ.
1574 4252 1593 4282 ι
1652 4233 1815 4299 Λέγει

1924 4251 1943 4285 t
1989 4233 2100 4287 nisi
2128 4232 2348 4287 Christo
2382 4230 2733 4299 adjungatnr.
2768 4249 2784 4280 ι
2819 4228 3001 4283 Puella
3043 4239 3222 4283 autem
3254 4250 3268 4285 :
3303 4253 3321 4286 ι
3360 4230 3488 4289 Ubi-

242 4331 379 4401 αύτῇ
422 4330 480 4382 τὸ
528 4330 816 4400 κοράσιονο
870 4348 888 4380 ι
932 4329 1040 4381 Ποῦ
1094 4331 1241 4381 ἐστιν
1297 4331 1325 4381 ὁ
1368 4326 1639 4397 Χριστός;
1673 4344 1692 4374 ι
1752 4324 1814 4375 'H

1922 4340 1942 4374 ι
1986 4338 2137 4385 nam,
2187 4322 2386 4392 inquit,
2418 4320 2674 4375 Christus
2705 4321 2829 4374 est?
2867 4340 2885 4372 ι
2935 4319 3189 4374 Ostendit
3221 4324 3313 4377 illa
3350 4324 3489 4378 ima-

241 4424 487 4485 διάκονος
515 4423 785 4487 ἐπέδειξεν
817 4422 953 4493 αὐτῇ
985 4422 1076 4477 τὸν
1111 4420 1439 4474 Δεσποτικὸν
1465 4418 1815 4489 χαρακτῆρα,

1923 4433 1942 4465 ι
1990 4414 2170 4482 ginem
2193 4412 2434 4477 Christi;
2461 4411 2712 4480 adquam
2740 4411 2916 4479 puella
2941 4427 3205 4465 conversa
3232 4431 3243 4465 ε
3277 4432 3294 4463 ‹
3332 4413 3483 4479 Vere,

244 4516 339 4568 καὶ
366 4516 691 4583 στραφεῖσα,
740 4514 885 4581 λέγει
925 4516 988 4583 τῇ
1024 4513 1286 4583 διακόνῳ·
1325 4530 1341 4562 t
1382 4511 1622 4582 Ἀληθῶς
1659 4511 1815 4577 κάγὼ

1923 4523 1943 4557 ι
1993 4503 2194 4572 inquit,
2230 4518 2331 4573 ego
2360 4518 2581 4572 quoque
2610 4501 2831 4556 Christo
2879 4502 3199 4571 coniungar,
3240 4519 3338 4556 nec
3370 4521 3487 4557 am-

251 4625 270 4658 t
311 4606 387 4676 τῷ
415 4605 633 4675 Χριστῷ
691 4605 1079 4673 συντάσσομαι.
1128 4604 1220 4655 καὶ
1272 4601 1455 4654 οὐκέτι
1502 4601 1813 4669 ἀπέρχομαι

1924 4612 1943 4645 ι
1992 4595 2137 4663 plius
2167 4608 2289 4647 cum
2326 4594 2545 4646 domina
2574 4608 2688 4645 mea
2723 4593 3024 4645 discedam.
3070 4612 3086 4643 ι
3138 4591 3488 4663 Rursumque

250 4717 269 4749 ι
312 4697 447 4767 μετὰ
461 4697 560 4766 τῆς
587 4695 784 4765 κυρίας
809 4713 930 4765 μου.
971 4696 1107 4748 ›Καὶ
1153 4692 1313 4747 πάλιν
1337 4692 1619 4745 ἀναστᾶσα
1645 4691 1678 4760 η
1711 4687 1815 4740 Εὐ-

1919 4700 2259 4754 consurgens
2316 4682 2612 4751 Eupraxia,
2664 4684 2938 4751 liliamque
2980 4697 3135 4736 suam
3187 4687 3489 4753 apprehen-

244 4787 469 4858 πραξία,
532 4786 626 4840 καὶ
672 4784 911 4838 λαϐοῦσα
951 4785 1047 4856 τὴν
1101 4782 1375 4853 θυγατέρα
1418 4780 1638 4848 ἑαυτῆς,
1671 4794 1813 4847 παρ-

1920 4775 2078 4838 dens,
2112 4773 2412 4828 Dominicae
2443 4789 2562 4827 eam
2611 4773 2852 4826 admovit
2912 4773 3153 4842 imagini,
3204 4777 3488 4833 manibus-

243 4898 470 4951 trc'tqoev
484 4884 562 4945 είς
575 4882 667 4935 τὸν
693 4878 1020 4933 Δεσποτικὸν
1047 4876 1391 4947 χαρακτῆρα,
1418 4873 1512 4926 καὶ
1530 4871 1814 4926 ἐκτείνασα

1922 4882 2030 4936 que
2076 4865 2143 4919 ad
2178 4865 2377 4919 caelum
2421 4864 2677 4926 sublatis,
2725 4878 2849 4916 cum
2910 4862 3170 4933 lacrymis
3217 4867 3490 4922 exclama-

241 4973 342 5036 τὰς
360 4976 547 5043 χεῖρας
563 4974 732 5042 αὐτῆς
756 4973 835 5035 είς
857 4971 947 5023 τὸν
970 4970 1217 5038 οὐρανὸν,
1246 4967 1436 5037 ἐϐόησε
1458 4964 1595 5034 μετὰ
1615 4962 1815 5017 κλαυθ-

1920 4958 2040 5011 vit:
2082 4976 2100 5009 ι
2143 4956 2366 5009 Domine
2412 4954 2541 5010 Jesu
2595 4954 2831 5020 Christe,
2869 4956 3060 5023 puella:
3109 4957 3269 5025 hujus
3301 4975 3487 5013 Clll'ttlll

248 5062 352 5133 μοῦ
373 5079 387 5093 ο
417 5064 618 5133 (Κύριε
635 5062 807 5131 Ἰησοῦ
844 5060 1068 5130 Χριστέ,
1094 5057 1175 5110 σοὶ
1195 5056 1415 5127 μελήσει
1430 5056 1559 5125 περὶ⁵
1574 5053 1666 5106 τοῦ
1688 5069 1815 5105 παι-

1929 5068 1945 5099 (
1996 5048 2215 5109 habeto,
2262 5046 2392 5116 quia
2431 5055 2483 5100 te
2512 5046 2854 5115 concupivit,
2885 5060 2948 5099 ac
2982 5047 3218 5115 seipsam
3259 5048 3354 5101 tibi
3398 5050 3487 5104 de-

250 5174 270 5206 ι
311 5154 445 5219 δίου,
479 5156 561 5207 ὅτι
587 5153 645 5205 σέ
676 5153 963 5221 ἐπόθησεν,
995 5150 1089 5202 καὶ
1125 5148 1206 5201 σοὶ
1235 5147 1504 5215 παρέθετο
1524 5146 1745 5215 ἑαυτήν.
1791 5164 1811 5195 ι
1928 5158 1947 5192 t
1994 5139 2150 5193 didit.
2189 5158 2208 5189 ›

130 5298 157 5309 ,,
250 5242 361 5311 Τῆς
377 5244 548 5310 ἁγίας
564 5242 741 5307 ἕκτης
760 5241 1027 5295 συνόδου
1056 5240 1167 5311 (45)
1197 5236 1306 5305 τῆς
1336 5238 1431 5289 ἐπὶ
1470 5238 1704 5311 ’ζουστιι

1992 5230 2206 5286 Sancta:
2236 5230 2427 5301 synodi
2453 5229 2767 5311 quinisexlw
2812 5227 2905 5283 sub
2935 5224 3250 5282 Iustiniano
3284 5229 3420 5282 cele-

158 5312 174 5325 ⁴
218 5370 225 5379 ,
309 5298 353 5311 Η
402 5298 541 5375 κοῦ,
574 5298 843 5379 περὶτῆς
861 5312 1033 5378 ἁγίας
1062 5298 1340 5376 πέμπε-ἦς
1362 5305 1648 5358 συνόδου.
2268 5298 2282 5301 θ
2616 5298 2802 5352 brata'.

318 5421 337 5454 ι
373 5404 468 5455 Ἔν
506 5422 616 5456 τισι
652 5403 760 5457 τῶν
814 5402 1029 5455 σεπτῶν
1078 5399 1302 5453 εἰκόνων
1351 5398 1590 5465 γραφαῖς
1623 5394 1817 5465 ’Δμνδς

2000 5412 2017 5444 ι
2066 5392 2123 5446 In
2163 5391 2496 5462 quibusdam
2541 5389 2937 5443 venerabilium
2976 5390 3273 5460 imaginum
3310 5391 3492 5461 pictu~

238 5494 488 5565 δακτύλῳ
515 5494 608 5548 τοῦ
642 5495 950 5566 προδρόμου
999 5490 1348 5560 δεικνύμενος
1388 5488 1812 5558 ἐγχαράττεται,

1923 5485 2001 5538 ris
2030 5484 2217 5555 Agnus
2244 5483 2416 5552 digito
2455 5482 2817 5552 pra‘cursoris
2850 5491 3192 5538 monstratus
3244 5484 3493 5556 depingio

1714 5601 1938 5658 NOTE.

306 5706 422 5777 (45)
454 5708 549 5760 Ἐκ
584 5702 693 5772 τῆς
719 5703 892 5777 ἁγίας
921 5702 1100 5777 ἕκτης
1154 5698 1445 5777 ονυνρδομῐ
1477 5696 1587 5777 llic.
1612 5695 1807 5777 titulus

1920 5702 1974 5776 ut
2012 5708 2136 5746 eum
2196 5688 2389 5777 Latine
2436 5692 2673 5748 reddidi.
2727 5689 2863 5773 Nam
2900 5706 3082 5749 canon
3134 5694 3244 5747 iste
3276 5698 3494 5777 octoge-

238 5759 540 5847 mtiltiplici
563 5759 693 5829 vitio
726 5759 958 5837 la'bor'at,
996 5759 1092 5839 qui
1136 5770 1216 5823 sic
1279 5766 1661 5836 intelligendus
1706 5775 1810 5832 est,
1880 5766 1883 5769 ’
1924 5766 2098 5819 simus
2121 5761 2398 5818 secundus
2432 5772 2538 5831 est,
2568 5779 2676 5819 non
2702 5762 2926 5831 quintae.
2958 5780 3057 5822 nec
3089 5771 3255 5816 sextae
3290 5759 3503 5829 synodi,

522 5871 790 5928 PATROL.
824 5870 937 5927 Gn.
968 5864 1173 5926 XCIV.

3103 5853 3184 5911 is!)
