4012 6208
365 353 480 417 ’715

1531 351 1592 410 S.
1632 349 1953 414 JOANNIS
1999 350 2430 411 DAMASCENI

3528 348 3637 412 7l6

371 461 588 532 pissimi
626 459 714 513 isti
745 467 896 522 sunt,
937 473 1006 512 ac
1048 456 1316 512 nefariam
1354 468 1854 528 praeposteramque
1881 460 1945 514 Ii-

2071 457 2476 529 ιῑσχροποιοὶδὲ
2503 452 2650 511 οὗτοί
2691 457 2847 523 εἰσιν,
2881 457 3396 529 ἀρρητοποιοῦντες,
3430 459 3528 513 καὶ
3572 464 3637 516 τὰ

371 553 615 609 bidinem
653 558 940 613 exercent,
976 565 1186 620 suaque
1217 567 1451 621 corpora
1487 560 1870 628 corrumpqnt.

437 643 528 698 tib.
563 641 882 713 Origeniani
918 642 1037 708 alii,
1079 642 1149 696 ab
1181 641 1416 713 Origene
1446 641 1775 696 Adaniantio
1808 643 1945 697 scri-

369 744 543 806 ptore.
582 733 645 788 lli
679 743 1019 788 mortuarum
1051 736 1519 789 resurrectionem
1548 744 1769 805 negant.
1808 732 1942 787 Tam

367 828 672 892 Christum,
702 840 867 896 quam
905 823 1173 892 Spiritum
1224 834 1478 880 sanctum
1526 825 1694 881 rebus
1741 827 1945 882 creatis

368 931 684 980 accensent.
714 917 1061 982 Paradisum,
1088 929 1152 970 ac
1195 917 1392 980 ctelos,
1423 926 1736 987 cmteraque
1763 918 1947 972 omnia

369 1013 663 1084 allegorice
719 1019 1023 1082 exponunt.
1073 1009 1283 1065 Christi
1336 1025 1568 1079 regnum
1615 1010 1949 1080 quandoque

369 1123 591 1164 cessare
647 1115 974 1176 nugantur,
1033 1103 1278 1172 itemque
1341 1101 1624 1156 desituros
1679 1102 1942 1172 angelos:

369 1201 654 1257 Christum
688 1213 818 1252 vero
847 1211 972 1252 cum
1022 1194 1246 1250 diabolo
1291 1209 1464 1263 regno
1509 1193 1604 1250 Dei
1647 1194 1948 1264 subjicien-

370 1293 520 1355 dum,
581 1305 643 1344 ac
700 1303 800 1360 pro
866 1286 1216 1342 daemonibus
1270 1283 1555 1341 Christum
1621 1287 1948 1341 cruciﬁxum

371 1392 691 1454 portentose
723 1379 1067 1449 confingunt.
1624 1411 1628 1416 -
1735 1395 1738 1398 ·

443 1475 714 1528 Hactenus
747 1470 834 1526 IV
868 1471 1019 1536 tomi,
1060 1485 1122 1523 ac
1156 1469 1373 1524 secundi
1394 1469 1519 1525 libri
1542 1471 1765 1526 hccreses
1791 1472 1875 1527 l8.

441 1659 545 1728 91
590 1656 656 1710 In
684 1657 865 1728 quinte
894 1663 1033 1708 tanta
1062 1654 1289 1728 secundo
1320 1670 1438 1708 vero
1471 1653 1593 1707 libri
1621 1657 1836 1710 secundi
1864 1697 1878 1719 ,

836 1727 1059 1780 Iuvreses
1087 1725 1313 1793 quinque
1347 1734 1490 1778 sunt.
1627 1729 1632 1734 “

448 1840 533 1893 65.
571 1838 972 1903 Paulianistze,
1007 1853 1035 1893 a
1086 1838 1261 1893 Paulo
1312 1837 1698 1892 Samosateno.
1747 1838 1953 1894 Paulus
1985 1854 2029 1912 Β

2050 549 2258 602 ἑαυτῶν
2288 548 2520 619 σώματα
2551 549 2730 620 φθορᾷ
2763 549 3172 620 παραδιδόντες.

2118 642 2210 711 ξδ’.
2256 644 2612 714 Ὡριγενεανοῖ¹
2653 645 2830 698 ἄλλοι·
2877 645 3185 716 Ὠριγένους
3213 645 3310 698 τοῦ
3341 647 3436 700 καὶ
3479 645 3641 701 Ἀδα-

2050 737 2274 807 μαντίου
2305 736 2400 790 τοῦ
2437 737 2760 800 συντάκτου,
2791 739 2839 790 ol
2863 739 2961 807 τὴν
2987 737 3099 790 τῶν
3127 738 3343 809 νεκρῶν
3393 739 3639 795 ἀνάστα-

2050 845 2134 881 σιν
2160 828 2610 898 ἀποϐαλλόμενοι.
2643 829 2879 898 Χριστὸν
2915 830 2972 882 δὲ
3003 829 3210 899 κτίσμα
3228 868 3243 893 ,
3269 830 3365 884 καὶ
3391 830 3454 883 τὸ
3480 830 3641 900 ἅγιον

2050 919 2267 989 πνεῦμα
2317 912 2748 991 εἰσηγούμενοιε
2773 938 2785 949 ·
2822 920 3152 990 παράδεισόν
3198 937 3258 973 τε
3285 959 3300 986 ,
3331 920 3429 974 καὶ
3470 922 3643 992 οὐρα-

2051 1014 2194 1076 νοὺς,
2225 1012 2320 1067 καὶ
2360 1012 2430 1066 τὰ
2481 1012 2620 1066 ἄλλα
2675 1013 2853 1065 πάντα
2903 1011 3364 1082 ἁλληγοροῦντες.
3396 1014 3642 1084 Χριστοῦ

2050 1104 2252 1174 δήποτε
2315 1100 2634 1156 πεπαῦσθαι
2691 1101 2792 1172 τὴν
2857 1101 3137 1172 βασιλείαν
3189 1103 3504 1174 ληροῦντι-ες,
3544 1106 3646 1160 καὶ

2049 1195 2184 1266 ὁμοῦ
2217 1197 2342 1260 τοὺς
2399 1195 2666 1265 ἀγγέλους
2721 1195 3124 1266 παυθήσεσθαι.
3165 1195 3404 1267 Χριστὸν
3442 1196 3498 1250 δὲ
3539 1198 3644 1251 σὺν

2049 1289 2279 1360 διαϐόλῳ
2312 1288 2858 1361 βασιλευθησόμενον,
2879 1287 2974 1340 καὶ
3003 1286 3225 1357 δαίμοσι
3251 1288 3643 1358 σταυρωθέντα

2049 1383 2288 1455 Χριστὸν
2319 1384 2731 1454 τερατεύονται.
2865 1435 2868 1440 ,

2117 1471 2298 1530 Αὗται
2331 1477 2392 1528 αἱ
2446 1475 2552 1529 τοῦ
2599 1473 2648 1526 δ’
2697 1473 2882 1541 τόμου
2931 1471 3217 1539 δευτέρου
3252 1471 3641 1536 ,βιϐλίουωὶ-

2048 1566 2250 1636 ρέσεις
2283 1565 2375 1633 ιη’.

2061 1658 2136 1712 Τὰ
2174 1658 2242 1710 δὲ
2271 1658 2513 1712 ἔνεστιν
2539 1659 2610 1711 ἐν
2638 1656 2720 1722 τῷ
2749 1657 2996 1724 πέμπτῳ
3029 1656 3187 1724 τόμῳ
3212 1656 3320 1709 τοῦ
3355 1655 3640 1723 δευτέρου

2512 1728 2780 1793 βιϐλίου,
2800 1723 3080 1796 ,αιρέσεις
3099 1723 3179 1778 ε’.

2139 1839 2232 1904 ξεί.
2274 1840 2667 1895 Παυλιανισταὶ
2701 1839 2840 1910 (45).
2875 1839 2984 1893 ἀπὸ
3015 1837 3109 1892 τοῦ
3150 1839 3367 1894 Παύλου
3403 1836 3497 1890 τοῦ
3533 1837 3648 1890 Σα-

1678 2011 1913 2066 νΑΒυΕ
1944 2012 2344 2072 LECTIONES.

455 2177 479 2214 Β
512 2173 716 2228 Desunt
744 2173 856 2227 inec
903 2174 955 2225 in
1007 2172 1073 2228 ιι.
1132 2171 1272 2226 9.508
1305 2181 1355 2225 et
1400 2169 1526 2226 cod.
1566 2169 1624 2224 S.
1661 2171 1765 2228 llil.
1794 2181 1845 2227 et
1871 2173 1924 2224 in
1958 2179 2066 2226 vet.
2094 2170 2290 2225 Fraus.

1884 2325 2116 2384 NO'NE.

379 2485 545 2556 edidit
580 2485 714 2556 Περὶ
745 2483 952 2556 αρχῶν,
977 2484 1050 2539 De
1098 2485 1399 2556 principiis,
1429 2498 1620 2540 omnes
1652 2486 1949 2555 congessit.

386 2555 608 2611 Delatus
645 2555 708 2609 ad
746 2555 1046 2610 Fabianum
1081 2569 1296 2624 papam,
1338 2555 1664 2623 deprav'atas
1697 2557 1952 2609 lucubra-

383 2629 562 2679 tiones
620 2641 749 2680 suas
809 2627 1041 2695 primum
1089 2637 1352 2679 causatus
1404 2633 1537 2678 est:
1578 2624 1820 2679 Fabiano
1878 2627 1955 2678 ita

382 2695 614 2760 scripsit,
643 2694 817 2764 inquit
855 2694 1241 2764 Hieronymus,
1271 2704 1326 2747 ut
1365 2695 1722 2763 pwnitentiam
1761 2705 1953 2764 ageret,

382 2782 477 2818 cur
509 2765 643 2818 talia
674 2767 966 2834 scripserit,
989 2774 1038 2818 et
1061 2781 1280 2834 causam
1309 2766 1619 2818 temeritatis
1661 2767 1714 2819 in
1737 2764 1958 2817 Ambro-

382 2836 754 2906 sium_rctulit,
791 2834 927 2906 quod
956 2844 1152 2906 secreto
1191 2833 1333 2906 edita
1364 2835 1722 2906 inpublieum
1759 2836 1956 2906 retule-

382 2906 472 2958 rit.
512 2902 849 2975 Theophilus
879 2904 1030 2958 Alex.
1071 2905 1217 2975 hom.
1238 2921 1270 2975 Vl
1295 2902 1493 2960 Pasch.
1523 2913 1578 2959 et
1610 2904 1956 2960 Jitstinianus

387 2977 515 3040 imp.
539 2974 704 3045 epist.
737 2975 802 3045 ad
835 2975 1084 3030 Mennam
1109 3013 1123 3035 ,
1157 2974 1445 3044 Origenem
1482 2975 1535 3027 in
1570 2976 1762 3043 primis
1793 2991 1958 3029 acru-

383 3054 530 3105 sant,
561 3044 704 3114 quod
755 3044 990 3099 Verbum
1055 3045 1254 3099 creatis
1315 3046 1480 3099 rebus
1540 3047 1949 3106 aunumerarit,

385 3117 574 3168 tumin
608 3115 761 3169 libris
814 3115 891 3168 De
942 3114 1239 3183 principiis,
1276 3123 1390 3168 tum
1431 3115 1483 3168 in
1515 3116 1650 3183 psal.
1683 3131 1719 3179 ι,
1759 3117 1812 3168 in
1844 3130 1954 3182 quo

385 3185 662 3238 Christum
707 3185 931 3252 γενητὸν
981 3184 1134 3246 Θεὸν.
1167 3183 1368 3252 factum
1407 3183 1592 3246 Deum,
1624 3194 1802 3238 vorat.
1832 3185 1951 3238 Alia

385 3252 606 3324 quidem
646 3254 763 3324 loca
796 3270 904 3306 non
934 3253 1152 3324 desunt,
1191 3255 1245 3307 in
1284 3253 1494 3324 quibus
1531 3253 1726 3308 Filium
1755 3254 1951 3322 ἀγένη-

2059 2485 2385 2538 diversarum
2407 2485 2754 2548 voluntatum,
2791 2498 2900 2552 pra'
2925 2482 3285 2552 magnitudine
3315 2480 3641 2551 negligentie

2051 2556 2346 2624 jumenlum
2392 2571 2546 2624 posse
2573 2554 2782 2618 fieri...
2827 2553 2896 2606 ad
2933 2565 3225 2624 extremum
3267 2569 3330 2606 ne
3381 2561 3642 2624 teneretur

2063 2622 2407 2694 Pythagorici
2445 2624 2706 2694 dogmatis
2743 2640 2882 2687 reus,
2913 2625 3003 2693 qui
3054 2623 3245 2676 asserit
3281 2622 3640 2694 μετεμψύχω-

2063 2692 2164 2757 σιν,
2187 2692 2305 2760 past
2349 2705 2457 2747 tam
2507 2692 2790 2759 nefandam
2817 2692 3253 2761 disputationem,
3281 2709 3387 2751 qua
3426 2692 3637 2746 lectoris

2063 2766 2299 2817 animum
2357 2765 2719 2818 vulneraverat
2754 2779 2774 2826 ;
2801 2764 2939 2828 Itwc,
2968 2765 3164 2832 inquit,
3186 2762 3351 2829 juxta
3399 2777 3637 2815 nostram

2065 2836 2380 2889 sententiam
2430 2851 2531 2887 non
2572 2835 2677 2885 sint
2719 2835 2990 2903 dogmata,
3024 2833 3114 2886 sed
3152 2834 3375 2903 quwsita
3405 2842 3636 2895 tantum,

2061 2918 2106 2959 et
2142 2905 2397 2974 projecta,
2424 2921 2485 2958 ne
2527 2904 2732 2973 penitus
2780 2902 3069 2957 intractato
3115 2902 3638 2974 uiderentur.Nimi-

2063 2973 2183 3029 rum
2219 2973 2270 3028 in
2297 2976 2527 3044 prologo
2567 2983 2967 3042 praemonuerat
3003 2989 3061 3028 se
3101 2973 3399 3044 dicturum,
3422 2973 3487 3026 de
3516 2973 3639 3042 qui-

2064 3046 2167 3099 bus
2189 3046 2271 3100 vel
2301 3041 2584 3105 allirniari,
2613 3045 2696 3097 vel
2746 3044 2930 3110 negari
2963 3044 3109 3097 salva
3144 3041 3268 3107 fide,
3303 3058 3466 3110 quam
3503 3041 3636 3110 apo-

2060 3114 2185 3169 stoli
2215 3116 2507 3177 tradidere,
2530 3114 2596 3167 ad
2624 3114 2834 3167 libitum
2867 3120 3070 3181 posset.
3095 3110 3427 3181 Hocjurein
3457 3112 3549 3166 lib.
3572 3128 3634 3177 tt,

2065 3184 2300 3238 mundos
2331 3185 2531 3238 asserit
2557 3179 3006 3244 innumerabiles,
3028 3197 3127 3235 non
3155 3181 3306 3247 iuxta
3341 3179 3635 3250 Epicurum

2059 3270 2163 3308 uno
2207 3264 2432 3323 tempore
2488 3254 2763 3322 plurimos,
2793 3253 2968 3321 inquit
3003 3252 3254 3323 Hierom,
3281 3251 3373 3305 sed
3403 3261 3520 3320 post
3548 3253 3636 3323 alg

386 3314 496 3386 ⁴ἔον,
534 3337 636 3375 non
659 3322 881 3390 factum,
917 3322 1010 3376 sed
1039 3337 1105 3376 cx
1132 3314 1437 3393 Substantia
1472 3322 1648 3378 Patris
1689 3314 1955 3393 prodiisse
1982 3314 2025 3371 C
2061 3327 2224 3378 terius
2268 3314 2451 3377 mundi
2479 3314 2660 3392 finem,
2692 3314 2913 3377 alterius
2937 3339 3049 3376 esse
3091 3314 3456 3393 principium:
3488 3322 3637 3390 quod

387 3392 588 3446 dixerit
633 3401 917 3461 :attamen
970 3393 1154 3461 negari
1208 3392 1294 3444 vix
1347 3393 1521 3460 possit
1569 3392 1952 3446 Adamantium

391 3461 678 3546 censuisse
711 3460 911 3546 Filium
942 3460 1064 3542 esse
1099 3462 1384 3546 dignitate,
1419 3464 1654 3531 potentia
1688 3473 1742 3517 et
1773 3463 1955 3546 scien-

391 3534 464 3600 tia
522 3531 834 3585 inferiorem
871 3529 1045 3590 Patri,
1079 3542 1132 3584 et
1155 3529 1432 3600 Spiritum
1483 3541 1757 3596 sanctum,
1795 3533 1951 3586 Filio.

390 3599 444 3652 Id
472 3601 676 3655 diserte
709 3603 945 3655 abstruit
971 3602 1109 3654 lihro
1141 3599 1217 3654 De
1267 3603 1525 3664 oratione,
1555 3603 1642 3656 ubi
1679 3603 1956 3656 contendit

391 3669 626 3731 Patrem,
657 3687 762 3724 non
793 3672 1072 3724 Christum
1123 3681 1218 3724 aut
1251 3669 1470 3736 Filium,
1506 3674 1773 3726 orandum
1809 3685 1952 3727 esse.

393 3739 529 3810 Hinc
591 3741 863 3796 Eusebius
925 3740 1320 3810 Caesariensis,
1368 3742 1459 3810 qui
1520 3743 1957 3797 studiosissimus

382 3809 641 3881 "Origenis
697 3810 832 3881 fuit,
867 3811 922 3865 in
980 3811 1134 3866 libris
1183 3809 1398 3881 Contr.’
1437 3811 1704 3876 Marcell.,
1739 3814 1956 3866 tametsi

392 3879 630 3936 Verbum
659 3880 716 3946 ἐξ
745 3882 844 3934 οὐκ
881 3881 1073 3942 ὄντων,
1103 3895 1168 3934 ex
1191 3879 1353 3934 nullis
1380 3883 1735 3945 exstantibus,
1754 3882 1956 3936 factum

393 3960 574 4020 negat,
607 3962 660 4004 et
698 3966 761 4004 ex
797 3951 888 4005 Dei
922 3951 1232 4020 substantia
1262 3953 1506 4020 genitum
1533 3952 1784 4016 allii-mat,
1811 3960 1958 4006 totus

391 4019 482 4092 est
526 4022 580 4074 in
618 4020 955 4092 subiectione
989 4019 1112 4073 Filii
1175 4019 1504 4092 adIPatrem
1543 4022 1955 4092 propugnanda.

394 4091 660 4160 Quocirca
711 4090 905 4144 Filium
959 4105 1082 4145 esse
1104 4090 1421 4160 ὁμοούσιον,
1457 4090 1958 4146 εωέδιιϋδιᾱηιίαιειη

388 4158 544 4232 Patri
579 4160 681 4213 hoc
715 4176 881 4214 sensu
911 4158 1176 4232 duntaxat
1195 4160 1384 4232 fassus
1412 4173 1526 4227 est,
1554 4179 1664 4232 quo
1693 4163 1959 4217 Platonici

395 4229 672 4283 damionas
731 4237 784 4283 ct
835 4231 1047 4284 animas
1095 4230 1280 4283 divina
1327 4229 1634 4286 substantia
1703 4241 1960 4287 constare

396 4299 634 4372 aiebant.
680 4297 791 4352 lloc
841 4299 1103 4372 Origenes
1142 4307 1429 4372 acceperat
1464 4318 1527 4356 ex
1583 4301 1828 4366 Platone,
1866 4303 1960 4372 qui

397 4377 454 4440 ut
491 4371 679 4436 mtdti,
713 4385 775 4424 ac
824 4369 1122 4438 praesertim
1177 4369 1466 4440 Eusebius,
1516 4372 1608 4426 lib.
1666 4387 1743 4426 x1!
1776 4369 1956 4440 Priap.

399 4438 625 4512 Etang.,
665 4455 786 4512 cap.
812 4439 902 4503 20,
927 4439 1326 4512 observarunt,
1357 4456 1525 4494 unum
1563 4441 1729 4495 Deum
1778 4438 1961 4512 posuit

395 4511 486 4579 qui
536 4509 972 4579 supereluuentia
1013 4509 1252 4579 quadam
1297 4511 1365 4564 de
1424 4526 1482 4564 se
1539 4509 1818 4577 mentem',
1847 4515 1961 4568 sive

396 4578 583 4641 ideain
607 4578 870 4650 emiserit,
903 4595 1000 4633 ceu
1033 4578 1281 4650 δεύτερον
1341 4581 1532 4645 αἴτιον,
1577 4598 1790 4635 causam
1837 4583 1963 4636 alte-

2057 3396 2220 3464 plane
2242 3402 2336 3464 est,
2358 3391 2638 3464 materiam
2665 3403 2922 3446 :eternam
2949 3407 3168 3464 ponere.
3192 3391 3380 3464 Itaque
3399 3408 3468 3464 εξ
3481 3407 3635 3464 praef

2057 3461 2221 3518 dictis
2257 3463 2528 3518 inferebat
2561 3463 2837 3516 tilBlllOlleS
2859 3471 2913 3516 et
2955 3461 3156 3531 impios
3188 3463 3401 3516 meritis
3431 3461 3637 3516 Christi

2059 3534 2126 3587 ad
2176 3535 2454 3588 meliorem
2495 3532 2701 3601 frugem
2757 3533 3052 3595 redituros,
3087 3540 3327 3599 tuncque
3370 3531 3639 3598 subjectis

2059 3603 2330 3658 universis
2361 3603 2490 3667 Deo,
2518 3618 2738 3672 regnum
2788 3603 2993 3658 Christi
3019 3602 3371 3672 gdesiturum.
3407 3601 3497 3655 Sic
3523 3601 3638 3672 dis;

2059 3683 2210 3742 putat
2242 3675 2336 3728 lib.
2365 3689 2414 3727 tv
2445 3672 2520 3726 De
2566 3670 2764 3740 prima,
2796 3681 2851 3726 et
2886 3673 2979 3727 lib.
3013 3670 3084 3725 De
3113 3681 3254 3726 orat.
3285 3671 3313 3742 ἓ
3344 3673 3458 3742 16,7
3500 3670 3638 3742 nihil

2059 3741 2380 3800 desciscens
2421 3758 2450 3796 a
2498 3742 2795 3797 Platonicis
2849 3744 2987 3796 suis.
3023 3741 3640 3810 lnsuper,postbabito

2061 3816 2242 3868 nativo
2265 3814 2562 3882 Scriptum
2587 3827 2774 3876 sensu,
2799 3812 3188 3882 Gnosticormn
3221 3827 3392 3876 more,
3414 3825 3477 3865 ac
3497 3827 3640 3882 prae—

2061 3886 2246 3939 sertim
2269 3881 2662 3938 .IuliiCassiaui
2686 3923 2700 3946 ,
2726 3884 2912 3947 libuv,
2949 3897 3070 3952 cap.
3111 3881 3144 3935 5
3166 3882 3386 3944 ,docuit
3419 3881 3640 3952 paradi-

2063 3970 2206 4018 sum,
2227 3955 2280 4008 in
2301 3955 2460 4008 tertio
2480 3957 2778 4020 plantatum
2815 3969 2843 4005 a
2879 3954 2985 4007 Deo
3013 3951 3200 4015 fuisse,
3232 3967 3329 4021 pro
3350 3951 3641 4006 arboribus

2064 4025 2309 4094 angelos,
2328 4039 2426 4093 pro
2458 4023 2778 4077 ﬂuminibus
2804 4022 3514 4094 virtutcs'intclligens,pro
3551 4031 3641 4074 tu-

2066 4093 2208 4148 niCis
2239 4095 2481 4165 pelliceis
2511 4094 2710 4162 quibus
2735 4093 2896 4162 primi
2931 4102 3185 4165 parentes
3207 4102 3337 4165 post
3355 4098 3639 4161 peccatum

2063 4163 2413 4226 indutiisunt,
2434 4178 2653 4217 carnem
2682 4179 2803 4232 quae
2833 4163 2993 4215 morti
3017 4163 3251 4215 obnoxia
3275 4171 3424 4216 esset
3447 4180 3458 4215 :
3480 4171 3641 4214 antea

2063 4235 2332 4303 siquidem
2360 4234 2626 4288 Adamum
2651 4237 2767 4288 sine
2791 4247 2978 4296 carne,
3004 4232 3186 4303 nervis
3205 4271 3220 4291 .
3242 4239 3295 4285 et
3324 4232 3545 4286 ossibus
3563 4234 3643 4283 vi-

2064 4301 2229 4360 xisse.
2282 4305 2626 4373 Quapropter
2657 4318 2948 4373 corporum
3001 4301 3246 4373 quidem,
3296 4318 3404 4373 non
3460 4309 3643 4373 autem

2064 4376 2249 4430 carnis
2277 4371 2791 4437 ,rres‘urrectionem
2853 4371 2989 4427 fore.
3020 4371 3430 4440 Primigeniam
3493 4372 3644 4425 illam

2065 4445 2290 4499 humani
2316 4445 2566 4514 corporis
2588 4443 2977 4514 conditionem,
3016 4442 3332 4514 interiorem
3350 4441 3645 4514 hominem

2064 4509 2440 4584 appellitabat,
2471 4514 2557 4568 cui
2587 4515 2688 4568 soli
2712 4512 3004 4584 conveniat
3043 4527 3168 4566 esse
3201 4511 3493 4584 imaginem
3526 4509 3642 4562 Dei.

2067 4580 2338 4639 Caeterum
2391 4585 2580 4640 sedula
2630 4583 3025 4637 exercitatione
3071 4596 3236 4650 posse
3269 4580 3546 4650 hominem
3581 4594 3647 4633 eo

393 4667 535 4725 ram,
577 4657 691 4702 tum
739 4649 958 4725 tertium
992 4649 1182 4725 _al_iud,
1219 4652 1615 4725 puta_animam
1641 4653 1965 4725 _mundi_or-
2000 4657 2043 4711 ι)
2070 4655 2423 4725 perfectionis
2476 4654 2784 4723 pertingere
2817 4692 2836 4725 ,_
2865 4660 2926 4706 ut
2964 4667 3033 4706 ne
3075 4649 3357 4725 :leviorem
3420 4649 3644 4725 quidem

397 4721 525 4774 diue
561 4729 615 4774 et
636 4729 829 4773 natura
876 4719 941 4774 iis
991 4719 1324 4774 interiorem.
1359 4719 1596 4775 Rursum
1633 4720 1790 4790 juxta
1843 4721 1966 4776 Pla-

392 4793 707 4844 tonicorum
751 4790 1077 4856 doctrinam,
1097 4790 1653 4859 angelos,daemones,
1671 4800 1724 4846 et
1755 4793 1968 4850 animas

397 4863 669 4932 humanas
697 4859 941 4932 ejusdem
973 4875 1099 4932 esse
1133 4862 1382 4932 essentia:
1407 4862 1655 4923 docebat,
1691 4871 1802 4915 tum
1836 4863 1965 4917 sub-

395 4931 525 4986 inde
581 4945 680 4999 pro
738 4930 1059 4985 discrimine
1121 4930 1438 4985 maritorum
1502 4933 1746 4986 diversos
1791 4941 1968 4989 status

400 5011 587 5056 nactos
618 5015 761 5067 esse,
790 5010 849 5053 ut
903 5001 993 5053 alii
1045 5002 1218 5068 angeli
1272 5009 1478 5065 essent,
1519 5003 1794 5056 daemones
1829 5004 1918 5056 alii
1950 5021 1964 5070 ;

397 5070 489 5124 alii
517 5072 834 5126 coelestibus
857 5071 1199 5139 corporibus,
1235 5071 1323 5124 alii
1362 5072 1612 5125 humanis
1644 5075 1958 5141 vegetaudis

396 5140 827 5196 destinarentur.
878 5143 1105 5194 Animas
1159 5141 1358 5210 quippe
1417 5140 1778 5210 corporibus,
1815 5145 1959 5196 velut

395 5211 687 5280 ergastulis
741 5212 974 5279 alligari,
1009 5225 1105 5264 nec
1141 5219 1250 5281 tam
1291 5213 1504 5281 discere
1526 5227 1648 5280 qua:
1682 5213 1960 5281 religionis

397 5290 560 5348 sunt,
592 5297 756 5350 quam
805 5295 995 5335 eorum
1057 5280 1348 5336 reminisci.
1386 5280 1508 5336 ll-ec
1562 5283 1727 5336 tradit
1763 5280 1857 5336 lib.
1887 5282 1961 5338 De

396 5353 684 5423 oratione;
733 5367 853 5421 quae
885 5350 1104 5423 quidem
1157 5350 1371 5423 aliaque
1422 5353 1576 5423 plura
1603 5351 1964 5423 Hieronymus

396 5425 558 5491 epist.
590 5422 679 5486 59,
717 5438 837 5492 cap.
871 5423 894 5474 1
921 5460 935 5483 ,
966 5421 1113 5474 eruit
1143 5436 1210 5475 ex
1243 5421 1339 5477 lib.
1367 5438 1382 5476 ι
1433 5422 1510 5476 De
1533 5425 1702 5490 princ.
1732 5421 1965 5493 Cumque

400 5494 576 5545 omnia
638 5495 784 5546 vario
839 5506 1075 5545 sermone
1128 5500 1428 5556 tractasset,
1480 5494 1970 5562 inquit,assereus

401 5562 671 5615 diabolum
725 5580 828 5616 non
855 5563 1155 5630 incapacem
1185 5578 1296 5615 esse
1326 5564 1557 5629 virtutis,
1579 5573 1627 5616 et
1657 5572 1830 5617 tamen
1855 5579 1972 5618 nec—

402 5632 530 5683 dum
559 5632 687 5684 velle
734 5649 918 5700 capere
972 5634 1258 5693 virtutem;
1291 5632 1359 5684 ad
1410 5643 1702 5686 extremum
1739 5651 1974 5688 sermone

403 5700 672 5752 latissimo
729 5701 1012 5766 disputavit
1040 5741 1053 5764 ,
1087 5700 1364 5767 angelum,
1398 5704 1502 5756 sive
1567 5704 1806 5755 aninmm
1829 5743 1842 5766 ,
1883 5714 1974 5757 aut

405 5779 544 5826 certe
585 5769 892 5834 datmonem,
922 5785 1050 5837 quos
1098 5771 1252 5822 unius
1285 5773 1470 5826 asserit
1500 5789 1612 5828 esse
1640 5783 1866 5842 naturte,
1887 5775 1974 5829 sed

2068 4721 2537 4795 perturbatione‘n‘i
2600 4723 2967 4795 persentiscat
2991 4763 3006 4787 ,
3041 4721 3274 4795 ulliusve
3311 4724 3519 4795 peccati
3545 4721 3647 4795 _la-

2067 4789 2211 4859 irem,
2237 4810 2300 4848 ac
2323 4794 2550 4864 depulsa
2587 4789 2682 4862 per
2715 4791 2989 4864 ἀπάθξιανν
3038 4789 3646 4864 caligine,_inlelligibi-

2067 4866 2148 4919 les
2175 4861 2515 4919 substantias
2547 4861 2849 4918 intueatur.
2875 4863 2934 4914 ln
2981 4862 3122 4914 hanc
3168 4861 3647 4928 opinionem,qua':

2067 4933 2451 4988 Gnosticorum
2501 4934 2664 4987 etiam
2712 4933 2930 4995 fuerat,
2968 4931 3198 5000 posthac
3251 4928 3504 5000 Pelagius
3543 4932 3646 4982 im-

2069 5006 2256 5075 pegit;
2290 5020 2450 5073 quem
2495 5004 2699 5075 idcirco
2741 4999 3138 5075 Hieronynius,
3181 4999 3545 5075 enumeratis
3559 5014 3647 5075 re-

2070 5068 2191 5128 iteui
2225 5068 2382 5128 istius
2415 5073 2755 5137 auctoribus,
2789 5073 2871 5126 sic
2905 5068 3287 5138 alloquebatur
3315 5087 3327 5122 :
3359 5068 3448 5121 Vis
3477 5068 3649 5120 adhuc

2066 5155 2114 5196 et
2165 5144 2332 5197 alium
2384 5161 2535 5198 nosse
2586 5142 2661 5194 tui
2709 5141 2905 5195 erroris
2945 5139 3275 5208 principem,
3306 5139 3521 5192 hwresis
3559 5149 3651 5190 tua

2071 5214 2312 5282 Origenis
2345 5213 2680 5266 ramusculus
2705 5222 2804 5282 est.

2143 5274 2255 5354 ($3)
2297 5285 2441 5338 Idem
2500 5283 2654 5354 Pauli
2697 5280 3079 5354 Samosatcni,
3140 5277 3233 5348 qui
3275 5274 3498 5354 Sgbellii
3524 5316 3537 5336 ,
3583 5275 3651 5328 de

2071 5346 2358 5427 Trinitate,
2393 5363 2447 5427 et
2483 5355 2550 5408 de
2579 5352 2786 5427 Christi
2826 5366 3059 5421 persona
3075 5346 3286 5427 sensus
3322 5346 3458 5427 fuit;
3483 5360 3647 5427 quem

2076 5425 2321 5497 Orientis
2347 5415 2602 5497 episcopi
2628 5415 2869 5497 eodem,
2906 5436 3019 5497 quo
3072 5417 3447 5497 Epiphanius,
3483 5415 3648 5469 modo

2078 5495 2362 5548 enimtiaut
2397 5489 2679 5546 inter-tia
2748 5493 2840 5545 illa
2899 5489 3021 5544 lidei
3081 5489 3425 5558 professione
3479 5500 3646 5558 quam

2041 5592 2049 5602 ο
2079 5565 2414 5620 Athanasius
2435 5574 2489 5618 et
2523 5563 2765 5616 llilarius
2788 5561 2841 5614 in
2874 5561 3028 5614 libris
3052 5557 3126 5612 De
3149 5557 3362 5627 synodi:
3393 5557 3649 5627 recitant,

2081 5650 2293 5689 nernou
2354 5635 2645 5705 Socrates,»
2685 5633 2781 5685 lib.
2821 5646 2855 5683 ιι
2912 5629 3052 5705 Hist.
3087 5645 3141 5682 c.
3179 5624 3267 5705 '13:
3309 5624 3649 5705 Epiphanius

2081 5707 2135 5758 in
2168 5705 2405 5757 Panario
2436 5704 2606 5766 addit,
2636 5703 2738 5757 hoc
2773 5708 2932 5770 pacto
2961 5701 3200 5770 Artemze
3235 5697 3428 5770 dogma
3459 5697 3661 5750 exstin-

2083 5785 2221 5830 ctum
2257 5777 2481 5843 pridem,
2519 5773 2628 5844 πρὸ
2692 5767 2899 5825 πολλῶν
2940 5769 3076 5822 ἐτῶν
3107 5767 3458 5837 ἐσδεσμένκδν,
3493 5776 3659 5834 opere
