4012 6208
434 355 541 422 717

1596 346 1695 405 DE
1737 341 2188 404 HrERESIBUS
2218 336 2467 397 LIBER.

3575 322 3680 387 718

436 461 739 534 μοσατέως.
783 454 953 521 Οὗτος
1010 458 1038 510 ὁ
1090 454 1322 519 Παῦλος,
1375 452 1723 523 ἀνύπαρκτον
1768 452 2005 522 Χριστὸν

2130 448 2198 500 tie
2232 445 2382 499 omni
2414 454 2584 512 prope
2622 438 2846 494 modum
2877 436 3201 493 exsistentia
3233 432 3518 489 Christum
3551 444 3680 499 spo-

434 554 615 621 ὸλίγου
660 553 772 605 δεῖν
815 548 1246 613 διαϐεϐαιοῦται,
1274 546 1432 617 λόγον
1471 545 1806 617 προφορικὺν
1845 544 2005 596 αὑτὸν

437 644 803 715 σχηματίσας.
833 640 940 695 ἀπὸ
978 640 1198 709 Μαρίας
1224 637 1303 702 δὲ,
1336 638 1433 689 καὶ
1475 634 1637 706 δεῦρο
1667 631 1838 687 εἶναι·
1877 649 2009 702 προ-

438 732 882 801 καταγγελτικῶς
915 730 983 783 τὰ
1025 729 1155 798 περὶ
1211 726 1376 780 αὑτοῦ
1411 728 1470 778 ὲν
1508 728 1629 787 ταῖς
1665 724 1836 786 θείαις
1868 723 2008 791 Γρα-

440 828 564 895 qui;
598 823 863 894 εἰρημένα
892 820 1108 891 ἔχοντος
1160 818 1280 888 μὲν,
1316 818 1392 887 μὴ
1422 817 1576 879 ὄντος
1619 815 1675 867 δέ
1696 831 1710 845 ⁸
1751 814 1866 867 ἀλλ’
1900 813 2009 865 ἀπὸ

438 916 653 987 Μαρίας
685 915 780 967 καὶ
801 911 959 983 δεῦρο
990 910 1097 963 ἀπὸ
1119 910 1217 979 τῆς
1239 908 1507 979 ὲνσάρκου
1536 905 1838 976 παρουσίας
1865 904 2009 972 ἔχειν

437 1007 535 1078 τὴν
566 1006 821 1076 ὓπαρξιν.

511 1178 616 1243 ig’.
670 1177 962 1245 Μανιχαϊοι
1014 1172 1158 1244 (Η),
1214 1173 1262 1225 οἱ
1306 1171 1400 1225 καὶ
1439 1170 1711 1224 Ἀκονῖται
1746 1167 1809 1207 δ’
1863 1161 2009 1223 οὗτοι

442 1268 629 1324 Μανοῦ
658 1266 754 1320 τοῦ
792 1267 1004 1335 Πέρσου
1048 1264 1307 1335 μαθηταὶ,
1344 1261 1585 1332 Χριστὸν
1628 1262 1727 1332 μὲν
1771 1262 2013 1332 σχήματι

440 1360 711 1427 λέγοντες,
745 1358 901 1427 ἥλιον
927 1356 985 1408 δὲ
1015 1354 1286 1417 σέϐοντες,
1335 1354 1432 1405 καὶ
1465 1353 1696 1423 σελήνην
1716 1390 1732 1414 ,
1772 1352 2013 1423 ἄστροις,

444 1456 539 1507 καὶ
568 1452 849 1522 δυνάμεσι,
902 1449 999 1502 καὶ
1048 1448 1301 1517 δαίμοσιν
1349 1444 1670 1515 εὐχόμενοι,
1707 1442 1883 1514 ἀρχὰς
1924 1443 2017 1496 δύο

446 1541 825 1611 εἰσηγούμενοι
850 1577 865 1601 ν
908 1539 1153 1608 πονηράν
1184 1554 1242 1589 τε
1296 1536 1390 1589 καὶ
1440 1533 1652 1604 ἀγαθὴν
1696 1534 1782 1586 ἀεὶ
1813 1533 2011 1595 οὔσας·

445 1627 683 1698 Χριστὸν
729 1626 785 1680 δὲ
840 1625 1059 1695 δοκήσει
1117 1624 1454 1695 πεφηνέναι,
1508 1625 1601 1674 καὶ
1652 1624 2013 1676 πεπονθέναι·

2111 540 2209 592 liat
2231 578 2244 599 ,
2282 538 2411 589 dum
2447 547 2571 588 eum
2603 531 2657 585 in
2693 528 3035 600 prolatitium
3068 539 3377 581 sermonem
3410 521 3685 575 transfor-

2110 636 2243 693 mat,
2265 626 2629 691 eumdemque
2652 629 2775 675 ante
2800 619 3023 674 Mariam
3048 618 3260 671 initium
3286 631 3395 667 non
3424 613 3687 668 habuisse

2112 720 2392 789 praedicat.
2427 714 2793 781 Quamobrem
2825 725 2947 782 qua:
2981 710 3036 763 in
3070 708 3245 763 sacris
3270 704 3495 759 Litteris
3526 705 3594 759 de
3621 719 3689 760 eo

2111 812 2449 873 referuntur,
2502 805 2825 877 prophetico
2872 818 3025 856 more
3074 798 3446 870 praenuntiata
3480 796 3681 860 docet,

2112 918 2236 956 cum
2265 900 2524 956 Christus
2559 897 2800 953 nondum
2833 902 3009 959 esset,
3040 900 3205 961 atque
3233 906 3263 943 a
3292 888 3463 944 Maria
3488 888 3689 942 dunta-

2114 1000 2207 1046 xat
2229 1032 2243 1055 ,
2283 1007 2350 1045 ex
2384 1005 2494 1060 quo
2527 988 2789 1043 nimirum
2825 986 2879 1041 in
2916 1000 3085 1040 carne
3118 981 3403 1053 apparuit,
3436 994 3501 1035 ae
3532 979 3689 1034 dein-

2114 1098 2243 1153 ccps
2266 1123 2281 1145 ,
2311 1080 2615 1137 exstiterit.

2186 1176 2275 1229 66.
2316 1173 2634 1234 Manichaei,
2665 1185 2806 1240 quos
2843 1176 2897 1223 et
2939 1166 3205 1222 Aeonitas
3238 1173 3473 1228 vocant,
3517 1162 3694 1217 Manis

2118 1262 2304 1319 Persa:
2354 1260 2613 1330 discipuli
2644 1276 2657 1325 ;
2695 1258 2978 1314 Christum
3014 1255 3197 1323 specie
3230 1266 3391 1308 tenus
3427 1251 3696 1307 conﬁten-

2118 1365 2234 1418 tes,
2288 1355 2458 1408 solem
2505 1352 2800 1418 lunamque
2837 1347 3045 1401 colunt.
3094 1345 3258 1398 Astra
3297 1344 3569 1408 virtutes,
3628 1357 3692 1394 ac

2118 1445 2397 1500 dazmones
2430 1444 2709 1496 invocant.
2742 1438 2857 1491 Duo
2886 1434 3155 1507 principia
3185 1434 3524 1502 sempiterna
3546 1472 3560 1494 ,
3595 1432 3696 1485 bo-

2120 1551 2249 1590 num
2282 1543 2337 1589 et
2361 1535 2564 1588 malum
2598 1532 2948 1586 constituunt
2976 1546 2988 1580 :
3023 1526 3308 1581 Christum
3340 1523 3698 1593 phantastico

2122 1625 2283 1679 modo
2317 1624 2681 1694 apparuisse,
2722 1635 2785 1675 ac
2820 1620 3006 1689 specie
3055 1627 3219 1673 tenus
3257 1630 3480 1685 passum
3522 1630 3647 1671 esse
3681 1634 3695 1667 :

452 1717 701 1773 Παλαιὰν
732 1717 1006 1787 Διαθήκην
1038 1715 1505 1785 βλασφημοῦντες,
1530 1713 1625 1767 καὶ
1666 1713 1757 1767 τὸν
1794 1718 1851 1768 ἐν
1877 1716 2013 1785 αὐτῇ

2126 1714 2291 1785 Notus
2326 1716 2769 1777 Testamentum,
2827 1723 2881 1768 et
2933 1726 3055 1766 eum
3104 1710 3199 1781 qui
3254 1708 3309 1762 in
3361 1722 3427 1763 eo
3478 1708 3698 1761 loeutus

445 1809 755 1879 λαλήσαντα
781 1809 913 1861 Θεόν
936 1826 949 1839 ·
986 1807 1192 1876 κόσμον
1224 1807 1285 1859 ού
1324 1806 1415 1859 τὸν
1451 1807 1648 1868 πάντα,
1684 1805 1818 1859 ἀλλὰ
1851 1806 2013 1877 μέρος

2126 1816 2241 1869 cst,
2277 1806 2643 1873 blaspltemiis
2691 1812 2950 1860 onerant.
2994 1803 3287 1865 Mundum,
3330 1815 3440 1855 non
3475 1800 3701 1854 univer-

449 1901 511 1952 ἐκ
538 1900 673 1953 Θεοῦ
700 1899 1029 1969 γεγενῆσθαι
1055 1899 1363 1969 ὁρίζομενοι
1402 1899 1444 1949 ί.

553 2078 617 2141 ζ’.
662 2076 951 2145 ’Ῐερακιταί
977 2076 1086 2144 (43)
1108 2091 1122 2106 ο
1155 2067 1297 2127 οὗτοι
1320 2073 1427 2125 ἀπὸ
1470 2073 1710 2143 Ἱέρακος
1731 2074 1822 2125 τοῦ
1851 2076 2014 2127 Λεον·

450 2162 731 2216 τοπολίτου
758 2162 857 2231 τῆς
888 2161 1157 2230 Αίγύπτου
1182 2160 1449 2231 ἐξηγητοῦ
1476 2161 1649 2224 τινός·
1678 2164 1886 2232 σαρκὸς
1918 2165 2016 2233 μὲν

451 2255 753 2307 ἀνάστασιν
809 2252 1156 2315 ἀθετοῦντες,
1217 2251 1491 2320 χρώμενοι
1557 2249 1613 2302 δὲ
1666 2251 1877 2322 Παλαιᾷ
1930 2255 2023 2306 καὶ

451 2345 628 2413 Καινῇ
673 2342 937 2415 Διαθήκῃ.
990 2339 1450 2412 Ἀπαγορεύοντες
1501 2342 1677 2411 γάμον
1711 2344 2022 2407 παντελῶς,

456 2435 790 2506 μονάζοντας
812 2435 891 2497 δὲ,
918 2435 1013 2488 καὶ
1047 2434 1369 2505 παρθένους,
1400 2434 1492 2487 καὶ
1523 2435 2027 2505 ὲγκρατευομένους

2124 1914 2246 1953 sum
2275 1913 2304 1951 a
2347 1899 2458 1953 Deo
2480 1937 2495 1962 ,
2528 1898 2626 1953 sed
2660 1897 2781 1966 ejus
2827 1903 3040 1966 partem
3086 1894 3412 1949 fabricatam
3451 1905 3575 1947 esse
3607 1889 3705 1947 de-

2124 1989 2343 2043 finiunt.

2189 2080 2277 2134 67.
2322 2078 2652 2141 llieracitrc,
2708 2079 2777 2132 ab
2832 2076 3061 2131 Hieraee
3112 2076 3345 2145 quodam
3402 2078 3702 2147 interprete

2121 2176 2175 2224 et
2218 2168 2483 2231 doctore,
2522 2166 2890 2235 Leontopoli,
2949 2163 3094 2233 quod
3150 2162 3372 2234 Egypti
3435 2165 3702 2233 oppidum

2124 2268 2242 2321 est,
2293 2261 2530 2313 oriundo
2586 2256 2931 2324 uuncupati;
2978 2254 3167 2309 carnis
3223 2255 3696 2309 resurrectionem

2128 2356 2401 2419 respuunt
2439 2367 2453 2402 :
2493 2348 2678 2403 Veteri
2729 2345 2989 2415 Novoque
3033 2344 3385 2399 Testamento
3430 2351 3705 2399 utuntur:

2130 2440 2344 2511 nuptiis
2378 2423 2602 2510 penitus
2638 2437 2982 2493 interdicunt
3016 2456 3027 2490 :
3068 2436 3368 2489 monachos
3403 2444 3620 2502 autem,
3656 2444 3709 2491 et

1722 2589 1958 2644 VARIIE
1998 2590 2399 2647 LECTIONES.

527 2699 553 2739 'I
586 2702 777 2772 Epiph.
817 2703 1174 2772 Ἀπιουανῖται.
1209 2701 1298 2756 Sic
1332 2712 1489 2772 vetus
1516 2703 1720 2772 interp.
1765 2705 2060 2759 Acuam’lre.

456 2772 555 2843 τῆς
579 2767 826 2834 ἐναντίας
860 2767 997 2825 εἶναι
1030 2773 1202 2843 ἀρχῆς
1229 2767 1682 2825 διαϐεϐαιοῦνταιξ

2148 2709 2161 2745 ί
2204 2708 2260 2761 1η
2298 2709 2421 2763 cod.
2459 2708 2516 2761 S.
2548 2708 2651 2763 Hil.
2692 2708 2928 2761 secunda
2965 2721 3125 2759 manu
3161 2702 3402 2769 additur,
3443 2704 3504 2756 τὸ
3525 2702 3709 2757 λοιπὸν

1892 2944 1907 2949 ι
1976 2863 2208 2919 NOTAE.

459 3019 613 3073 Pauli
648 3018 931 3071 revixisse.
969 3016 1164 3071 Verum
1204 3017 1528 3071 Antiocheni
1576 3016 1766 3072 Patres
1800 3018 1851 3071 in
1897 3020 2014 3086 epi—

467 3093 606 3143 stola
662 3090 925 3141 adversus
961 3087 1205 3158 Paulum
1259 3088 1519 3157 synodica
1570 3086 1764 3158 [apud
1824 3088 2024 3142 Euseb.

465 3160 561 3213 lib.
604 3175 675 3212 vn
700 3160 844 3211 Hist.
871 3172 920 3210 c.
952 3156 1041 3226 22]
1083 3165 1212 3210 tunc
1236 3158 1498 3226 temporis
1534 3156 1810 3210 A’rtetnam
1850 3158 2027 3226 ipsum

466 3212 816 3297 superstitem
843 3228 896 3280 in
930 3212 1069 3280 vivis
1101 3228 1272 3297 fuisse
1308 3212 1620 3297 signiﬁcare
1646 3212 1909 3279 videntu'r
1937 3226 2027 3297 his

467 3290 686 3353 verbis:
722 3296 799 3365 τῷ
835 3297 1074 3365 Ἀρτεμᾷ
1108 3290 1259 3357 οὗτος
1302 3290 1813 3365 ὲτῖιστελλέτωηκαὶ
1849 3299 1897 3348 oi
1943 3296 2031 3348 διὰ

466 3368 558 3421 τοῦ
602 3362 843 3435 Ἀρτεμᾶ
870 3362 1059 3435 τούτῷ
1080 3365 1530 3435 κοινωνείτωσαν,
1561 3366 1645 3417 hic
1677 3362 1928 3433 (Paulus)
1954 3366 2030 3417 ad

470 3434 741 3491 Artemon:
768 3435 982 3505 scribat,
1006 3434 1055 3488 et
1082 3436 1311 3489 Artema:
1332 3434 1564 3505 gregales
1593 3450 1711 3486 cum
1742 3435 1858 3505 ipso
1884 3452 2031 3489 com.

469 3510 758 3559 municent.
821 3503 1085 3568 Quocirca
1146 3503 1452 3558 Alexander
1508 3504 1915 3559 Alexandrinus
1977 3507 2030 3558 in

470 3578 632 3645 epist.
677 3576 741 3627 ad
783 3575 1151 3628 Alexandrum
1194 3574 1417 3643 Byzant.
1463 3574 1612 3628 circa
1652 3589 1858 3645 annum
1904 3576 2027 3639 517,

472 3643 768 3706 scribebat,
834 3658 941 3697 non
1001 3644 1074 3697 ita
1141 3645 1349 3711 pridem
1420 3645 1705 3698 Artemam
1774 3643 2030 3700 deitatem

472 3715 674 3769 Christi
704 3727 1021 3782 oppugnare
1054 3716 1309 3782 cmpisse.

544 3784 655 3856 (44)
713 3782 1112 3856 Manesjuxta
1149 3790 1384 3856 veterem
1429 3782 1757 3856 Persarum,
1810 3797 2024 3856 necnon

473 3852 857 3910 Gu‘ost’icorum
884 3853 1207 3921 theologiam
1241 3852 1351 3906 duo
1379 3868 1560 3907 rerqu
1595 3852 1843 3905 omnium
1870 3854 2025 3921 prin-

473 3925 613 3994 cipia
654 3930 951 3994 coaeterna_
977 3931 1032 3975 et
1069 3921 1425 3994 subsistentia
1472 3922 1783 3994 priestituit,
1821 3924 2025 3976 bonum

475 3990 707 4059 scilicet,
746 3992 888 4061 quod
922 3990 1086 4044 Deum
1114 4000 1166 4045 et
1197 3992 1370 4045 lucem
1405 3990 1775 4059 nu'neupabat,
1817 4001 1871 4045 et
1909 4006 2027 4044 ma-

473 4065 585 4118 lum
611 4062 754 4132 quod
788 4062 1062 4132 tenebras,
1092 4062 1176 4132 vel
1198 4061 1367 4132 etiam
1403 4061 1689 4132 materiam
1712 4075 1837 4113 cum
1860 4075 2030 4131 pravo

472 4150 573 4187 suo
602 4129 782 4203 genio,
815 4145 908 4184 seu
933 4129 1171 4184 diabolo.
1197 4131 1332 4203 Illud
1359 4130 1576 4203 quidem
1606 4129 1875 4203 bonorum
1905 4145 2029 4203 esse

477 4198 706 4263 fontém,
742 4217 770 4254 a
801 4215 907 4267 quo
940 4215 1025 4254 res
1053 4202 1364 4268 superiores
1406 4198 1690 4268 producta:
1729 4200 1863 4259 sint,
1894 4200 2027 4253 alte-

474 4289 597 4327 rum
630 4286 762 4327 vero
788 4270 1072 4323 malorum.
1109 4267 1283 4323 Ambo
1314 4267 1586 4339 quendam
1621 4267 1791 4322 fuisse
1820 4268 2029 4339 disgre-

476 4353 600 4412 gata
632 4360 645 4394 :
681 4351 735 4394 at
760 4340 981 4412 malum,
1025 4338 1567 4412 impatiensquietis,
1597 4338 2026 4412 contra-bonurn

476 4406 737 4475 movisse,
785 4406 1117 4477 emissisque'
1143 4406 1434 4461 virtutibus
1477 4406 1627 4469 suis,
1653 4406 2023 4475 nequidquam

2136 3019 2482 3089 navigiorum
2504 3020 2892 3089 quorumdam,
2922 3016 3517 3089 adminiculo,rregriedi
3550 3017 3706 3074 fabu-

2134 3088 2432 3143 labautur:
2488 3088 2553 3143 eo
2591 3088 2703 3142 fere
2742 3089 2926 3149 modo,
2960 3103 3120 3157 quem
3169 3088 3389 3141 tinxisse
3426 3088 3706 3157 Platonem

2135 3157 2475 3227 Porphyrius
2522 3158 2689 3213 refert
2746 3159 2840 3212 lib.
2896 3156 3170 3211 Deiantro
3217 3158 3431 3227 nymph.
3489 3156 3705 3212 Nullam

2138 3228 2365 3297 proinde
2406 3229 2868 3297 resurrectionem
2913 3228 3027 3297 fore
3059 3228 3265 3291 carnis,
3304 3242 3468 3297 quam
3506 3228 3705 3282 caelum

2136 3296 2245 3351 non
2277 3299 2550 3352 admittat.
2580 3296 2942 3362 Quamobrem
2975 3296 3277 3360 Christum,
3310 3312 3434 3349 cum
3498 3313 3561 3351 ex
3599 3297 3709 3353 Deo

2135 3368 2415 3422 deeisione
2445 3376 2739 3438 generatus
2768 3376 2915 3421 esset
2944 3366 3118 3438 (velut
3150 3381 3228 3438 ex
3269 3366 3491 3422 homine
3524 3367 3706 3438 homo)

2135 3438 2308 3491 solam
2364 3435 2602 3506 speciem
2658 3436 2951 3489 humanam
2991 3435 3293 3506 obtulisse,
3336 3450 3433 3490 nec
3480 3435 3709 3506 proinde

2135 3505 2666 3576 passum,’subjecto
2700 3507 2755 3560 in
2803 3507 2888 3576 sui
2927 3506 3106 3561 locum
3140 3505 3268 3561 Jesu
3306 3505 3543 3576 quodam
3580 3508 3709 3561 mali

2135 3574 2385 3645 principii
2420 3574 2550 3639 tilio,
2590 3592 2750 3644 quem
2800 3574 2970 3646 Iudici
3024 3574 3353 3646 occiderint.
3399 3574 3701 3646 Utriusque

2132 3646 2335 3699 Christi
2366 3649 2572 3701 mentio
2603 3648 2662 3700 tit
2694 3646 2749 3698 in
2800 3645 3197 3700 Mendaitarum
3235 3645 3419 3709 libris,
3459 3645 3694 3713 quos’ex

2134 3716 2466 3771 Colbertinis
2499 3714 2784 3770 codicibus
2831 3716 3136 3782 descriptos
3191 3714 3276 3768 vir
3336 3714 3696 3769 doctissimus

2137 3784 2198 3839 Ι).
2228 3785 2539 3839 Ludovicus
2569 3784 2822 3853 Picques,
2855 3782 3436 3853 doctorSorbonieus,
3460 3786 3488 3835 ὁ
3513 3800 3697 3852 μακα-

2139 3855 2291 3924 ρίτης
2334 3850 3196 3924 bibliotheca—nostrzePariensi
3234 3851 3341 3924 san
3376 3850 3708 3924 Honoriante

2134 3919 2465 3978 testamento
2515 3923 2731 3991 legavit.
2796 3921 3067 3974 Nimirum
3124 3919 3444 3991 Mendaitte,
3503 3922 3599 3991 qui
3655 3931 3711 3978 et

2131 3992 2426 4047 Christiani
2457 3992 2513 4046 S.
2552 3990 2780 4045 Joannis
2814 3991 3181 4059 appellantur,
3214 3990 3336 4059 puri
3374 3992 3494 4060 puti
3522 3990 3708 4045 Mani-

2132 4063 2266 4117 chzei
2293 4070 2443 4123 sunt,
2479 4062 2572 4131 qui
2604 4072 2659 4131 et
2690 4060 3039 4131 Sabaitarum
3064 4073 3263 4131 nomen
3290 4075 3466 4130 nuper
3492 4075 3709 4116 assum-

2136 4139 2381 4201 pserunt.
2414 4129 2510 4185 Ab'
2534 4130 2659 4201 aliis
2688 4144 2883 4201 eorum
2920 4129 3283 4201 blasphemiis
3319 4129 3525 4200 quibus
3554 4131 3707 4187 orbis

2135 4198 2475 4255 conditorem
2508 4208 2562 4255 et
2599 4199 2732 4269 legis
2763 4198 3015 4253 Mosaica:
3064 4198 3351 4263 datorem,
3374 4216 3538 4269 quem
3584 4215 3711 4257 esse

2132 4271 2413 4325 diabolum
2452 4277 2669 4339 putant,
2722 4274 3069 4339 onerarunt,
3123 4283 3335 4322 necnon
3394 4271 3463 4325 ab
3515 4285 3707 4325 eorum

2134 4339 2417 4410 spurcitiis
2454 4338 2784 4410 recitandis
2819 4339 3105 4410 abstineo;
3136 4409 3139 4410 ν
3166 4353 3289 4407 quae
3338 4340 3547 4394 similes
3598 4342 3711 4393 sint

2132 4406 2318 4465 earum
2352 4424 2490 4479 quas
2543 4407 2915 4479 nequissimos
2948 4406 3346 4463 Gnosticorum
3382 4416 3709 4479 persecutos

473 4468 871 4535 obsistentibus
924 4468 1253 4533 adversariis
1282 4519 1296 4542 ,
1352 4477 1444 4531 Dei
1493 4468 1666 4545 ἱρείας
1721 4468 2026 4544 portionem
2060 4468 2105 4522 ι)
2140 4468 2384 4533 tradunt:

466 4552 763 4618 rapuisse,
790 4563 947 4616 quam
972 4548 1294 4616 corporibus
1314 4546 1626 4618 animaudis
1654 4546 1895 4613 illigarit.
1929 4546 2037 4600 Deo

476 4616 751 4687 siquidem
777 4633 900 4671 curn
924 4618 1172 4679 virtutes,
1197 4627 1307 4687 tum
1330 4616 1551 4687 αἰῶνας,
1576 4632 1741 4687 ωοηεδ
1761 4629 1890 4668 suos
1912 4631 2036 4687 per-

476 4685 605 4742 inde
639 4704 699 4741 ac
733 4687 974 4741 Gnostici
1011 4686 1361 4739 concedebat.
1383 4686 1608 4738 Animas
1646 4685 1827 4753 itaque
1858 4685 2037 4737 homi-

476 4774 647 4824 num;
680 4764 789 4809 tam
822 4756 1099 4809 hominum
1125 4770 1286 4824 quam
1308 4755 1698 4821 iumentorum,
1720 4754 1923 4824 avium,
1958 4754 2039 4822 pi-

475 4823 651 4881 scium
683 4835 736 4879 et
769 4826 1045 4889 arborum,
1070 4823 1150 4877 uti
1180 4826 1407 4878 virtutes
1438 4827 1710 4881 caelestes.
1733 4823 1923 4886 solem,
1958 4825 2039 4875 lu-

475 4911 633 4959 nam,
663 4906 715 4950 et
744 4896 918 4949 sidera
970 4895 1165 4947 divina?
1217 4895 1534 4947 substantiae
1573 4902 1849 4961 segmenta
1894 4908 2035 4946 esse.

481 4965 654 5019 Deum
692 4967 885 5034 quippe
906 4978 1133 5033 corpore
1167 4964 1401 5017 {ethereo
1433 4972 1717 5023 constare;
1747 4962 1856 5015 imo
1889 4962 2039 5034 defe-

479 5032 1040 5096 catissinium'aerem,
1072 5048 1165 5087 seu
1191 5035 1443 5087 attherem
1493 5046 1650 5085 esse:
1684 5032 2036 5099 quamobrem

478 5104 681 5159 nedum
706 5105 901 5156 animal
923 5102 1149 5171 quodvis
1172 5103 1374 5165 necari,
1398 5111 1488 5154 aut
1508 5117 1571 5153 ex
1600 5100 1795 5171 arbore
1823 5115 2037 5154 ramus-

475 5176 662 5229 culum
696 5174 864 5242 carpi,
908 5169 1001 5226 sed
1030 5188 1204 5240 neque
1236 5187 1430 5242 aerem
1457 5172 1537 5223 vel
1569 5169 1836 5242 tantillum
1872 5185 2037 5242 manu

476 5246 616 5299 cieri
630 5238 835 5298 ferebat
859 5262 872 5296 :
890 5243 1104 5311 Ἐπειδὴ
1119 5238 1153 5293 ’ὁ
1169 5242 1236 5310 ἀὴ
1244 5259 1275 5309 ρ
1302 5241 1443 5311 ψυχή
1463 5242 1576 5291 ἐστι
1593 5239 1699 5311 τῶν
1711 5238 2037 5311 ῥινθρῴπων,

476 5316 575 5368 καὶ
606 5314 714 5366 τῶν
747 5312 919 5375 ζώων,
962 5312 1055 5364 καὶ
1083 5307 1189 5363 τῶν
1215 5307 1493 5369 πετεινῶν,
1538 5310 1631 5360 καὶ
1667 5310 1774 5359 τῶν
1807 5307 2037 5376 ἰχθύων,

477 5384 578 5437 καὶ
611 5383 719 5434 τῶν
750 5382 1026 5450 ὲρπετῶν’
1065 5383 1201 5445 Quia
1239 5396 1330 5434 aer
1365 5381 1544 5432 anima
1573 5377 1951 5450 estgltontinum
1985 5390 2034 5429 et

477 5445 833 5506 animantium
857 5452 1171 5512 volatilium,
1201 5452 1423 5517 piscium
1462 5457 1509 5501 et
1548 5447 1834 5515 replilium.
1866 5445 2038 5500 Porro

479 5525 721 5585 animas,
762 5530 881 5589 post
909 5524 1108 5575 multas
1137 5531 1190 5574 et
1214 5518 1549 5589 corporibus!
1580 5518 1633 5570 in
1670 5517 2036 5589 corporami-

479 5586 785 5661 grationes',
815 5592 1129 5661 agservitute
1160 5586 1376 5643 tandem
1412 5587 1769 5661 tenebrarmn
1791 5586 1950 5649 solvi,
1985 5596 2039 5640 et

484 5654 551 5713 ad
589 5662 810 5721 malum,
847 5659 1119 5731 Deumque
1175 5662 1375 5731 ipsum,
1408 5656 1693 5731 duodecim
1728 5654 2035 5731 signorum,

485 5746 698 5783 necnon
728 5725 1086 5799 planetarum,
1113 5737 1164 5783 ct
1197 5725 1267 5781 'in
1295 5728 1483 5797 primis
1506 5726 1637 5780 solis
1671 5733 1722 5778 ct
1752 5725 1911 5792 lunae,
1937 5741 2035 5779 ceu

2212 4545 2829 4619 (45)‘Hieracitze,ﬁnon
2873 4546 3318 4612 Manichaeorum,
3358 4546 3437 4600 uti
3482 4545 3708 4619 scripsit

2141 4617 2500 4688 Epiphanius,
2538 4620 2632 4673 sed
2684 4618 3085 4672 Encratitarum
3113 4620 3353 4672 stolones
3379 4625 3559 4688 erant.
3592 4617 3708 4669 Au-

2139 4687 2261 4742 ctor
2286 4690 2553 4743 orationis
2571 4688 2773 4742 Contra
2796 4688 3018 4741 Itwreses
3042 4702 3162 4754 qua:
3182 4695 3359 4741 exstat
3376 4687 3517 4741 inter
3542 4700 3710 4753 opera

2140 4758 2449 4823 Athanasii,
2468 4758 2629 4812 docet
2659 4773 2779 4820 nos,
2811 4764 2971 4812 vetus
2997 4757 3259 4811 duntaxat
3285 4755 3707 4810 lnstrumentum

2141 4830 2210 4880 ab
2239 4828 2527 4882 Hieracitis
2564 4828 2849 4895 explosum
2897 4844 2910 4879 :
2944 4827 3170 4897 insuper
3215 4826 3437 4897 nuptias
3485 4823 3705 4897 quidem

2142 4905 2269 4951 ante
2306 4897 2517 4951 Domini
2576 4894 2868 4951 adventum
2898 4894 3195 4951 concessas
3239 4895 3431 4959 fuisse,
3474 4894 3707 4963 posthac

2143 4976 2326 5021 autem
2376 4968 2593 5021 vetitas.
2628 4965 2793 5021 Arius
2846 4966 2899 5019 in
2939 4967 3169 5033 epistola
3216 4966 3281 5019 ad
3336 4962 3707 5019 Alexandrum

2141 5037 2294 5089 Alex.
2336 5048 2597 5091 causatur
2648 5035 2928 5090 Hieracam
2964 5051 3122 5089 suum
3167 5034 3234 5090 de
3264 5033 3426 5088 Verbi
3477 5047 3709 5103 genera-

2143 5108 2293 5160 tione
2334 5121 2557 5160 sensum
2587 5120 2879 5161 enarrasse
2907 5105 3157 5173 exemplo
3198 5106 3457 5165 lucernae,
3490 5117 3610 5171 qua:
3640 5117 3709 5173 ex

2143 5178 2245 5229 alia
2300 5177 2518 5230 lucerna
2568 5174 2917 5239 accendatur,
2950 5185 3003 5228 et
3055 5171 3334 5242 proprium
3377 5171 3709 5242 lunien,‘ab

2142 5247 2369 5300 alterius
2403 5246 2606 5299 lumine
2634 5245 2931 5299 discretum
2979 5239 3171 5297 habeat
3199 5259 3212 5296 :
3256 5243 3345 5304 Ὠς
3374 5241 3565 5304 λύχνον
3598 5239 3707 5293 ἀπὸ

2142 5313 2356 5384 λύχνου,
2386 5317 2419 5387 ἢ
2451 5316 2525 5377 ὡς
2554 5314 2811 5387 λαμπάδα
2840 5314 2918 5387 είς
2950 5312 3390 5387 δύα-οδω).
3411 5310 3709 5387 Tritheita-

2143 5380 2262 5437 rum
2302 5380 2492 5439 haeresi
2526 5380 2806 5437 convenit.
2842 5383 2985 5436 ldetn
3023 5384 3190 5437 refert
3225 5381 3484 5445 llilarius,
3521 5380 3616 5433 lib.
3651 5392 3707 5431 vr

2144 5454 2220 5508 De
2253 5454 2470 5518 Triuil.,
2510 5468 2725 5507 necnon
2758 5455 2881 5506 vita:
2920 5451 3140 5506 Macarii
3172 5450 3414 5519 IEgyptii
3445 5449 3705 5518 scriptor.

2140 5525 2388 5579 Addebat
2425 5523 2879 5578 Melchisedecum
2932 5521 3194 5590 Spiritum
3232 5529 3479 5575 sanctum
3512 5519 3705 5590 fuisse.

2142 5595 2234 5662 qui
2286 5595 2521 5649 humana
2572 5593 2754 5662 specie
2804 5588 3085 5661 assumpta
3117 5592 3333 5648 obviam
3376 5590 3499 5645 ierit
3529 5588 3706 5645 Abra-

2140 5666 2325 5718 hamo.
