4012 6208
301 397 408 462 ’123

1471 409 1532 470 S.
1565 409 1884 470 JOANNIS
1911 411 2339 475 DAMASCENI

3434 423 3546 486 724

374 511 462 568 74.
505 518 1027 584 Pneumatomachi,
1065 519 1118 572 id
1158 527 1242 573 est
1282 518 1523 590 Spiritus
1557 522 1731 576 sancti
1769 522 1868 576 im-

2043 527 2134 581 08'.
2166 531 2620 600 Πνευματομάχοι
2661 530 2845 601 (52)(1.
2881 526 3042 586 Οὗτοι
3090 533 3188 602 μὲν
3238 534 3369 602 περὶ
3408 534 3546 604 Χρι-

301 611 659 673 pugnatores.
689 607 763 662 De
786 605 1008 664 Christo
1042 608 1264 678 quidem
1302 610 1445 664 haud
1493 611 1636 665 male
1675 610 1868 664 admo-

297 694 430 749 dum
465 695 766 764 loquuntur
793 715 808 752 :
835 697 905 753 de
936 697 1144 768 Spiritu
1173 707 1367 753 sancto
1394 708 1578 754 autem
1613 701 1868 770 blasphe-

297 801 386 840 ma
430 789 740 852 enuntiant,
789 805 952 860 quem
995 799 1052 845 et
1099 798 1344 845 creatum
1402 802 1717 847 asseverent
1746 803 1800 848 et
1836 810 1869 850 a

298 877 590 933 divinitate
637 880 914 945 alienum,
967 881 1077 935 imo
1128 896 1260 935 vero
1308 882 1573 938 abusione
1630 885 1866 952 quadam

297 971 453 1026 vocis
507 979 750 1026 creatam
808 971 921 1028 dici
967 979 1187 1042 propter
1233 966 1505 1028 actionem
1546 977 1688 1044 :qui
1734 975 1870 1029 nihil

298 1061 449 1115 aliud
480 1071 678 1130 praeter
711 1063 822 1117 vim
874 1064 1255 1119 sanetilicand-i
1301 1064 1568 1134 Spiritum
1615 1074 1870 1120 sanctum

300 1169 422 1214 esse
459 1154 718 1209 doceant.

371 1244 460 1298 75.
503 1244 750 1299 Aeriani.
781 1245 982 1300 Acrius
1012 1246 1116 1300 iste
1153 1261 1183 1300 e
1217 1244 1394 1300 Ponto
1423 1245 1698 1302 oriundus
1719 1289 1734 1312 ,
1773 1247 1874 1300 hoc

300 1333 502 1404 dieque
533 1349 732 1402 magno
761 1335 1045 1389 hominum
1077 1334 1366 1404 dispendio
1411 1336 1464 1388 in
1509 1336 1648 1391 vivis
1679 1351 1875 1406 super-

302 1434 420 1480 stes
459 1432 564 1479 est.
604 1424 807 1479 Fuerat
835 1433 1018 1480 autem
1057 1424 1329 1480 Eustathii
1361 1426 1606 1495 episcopi
1641 1428 1870 1498 presby-

304 1522 409 1578 ter,
440 1530 604 1583 quem
640 1514 831 1569 Ariani
870 1516 1080 1571 erroris
1113 1516 1594 1587 insimulave_runt.
1631 1516 1742 1588 95
1770 1519 1875 1571 Ae-

302 1605 422 1661 rius
442 1645 457 1670 ,
488 1620 554 1662 eo
588 1607 734 1676 quod
766 1608 1062 1676 episcopus
1092 1616 1316 1662 creatus
1352 1621 1461 1660 non
1489 1616 1672 1673 esset,
1701 1607 1874 1661 multa

303 1697 569 1751 adversus
595 1697 895 1752 Ecclesiam
931 1697 1186 1768 dogmata
1234 1705 1584 1753 commentus
1635 1705 1742 1753 est.
1798 1699 1877 1754 Ac

303 1785 450 1858 quod
490 1787 556 1840 ad
605 1786 766 1842 (idem
818 1787 1053 1852 attinet,
1109 1803 1408 1857 germanus
1461 1788 1580 1841 Arii
1635 1795 1878 1843 sectator

1973 618 2312 683 στοῦηκαλῶς
2343 631 2365 658 ι’
2397 621 2636 688 λέγουσι,
2686 622 2837 692 παρά
2885 638 2972 673 τι·
3009 622 3072 674 τὸ
3116 620 3176 675 δὲ
3215 623 3461 692 Πνεῦμα.
3486 625 3548 675 τὸ

1972 707 2126 775 ἆγιον
2163 709 2570 781 βλασφημοῦσι,
2618 711 2837 764 κτιστὸν
2886 712 3018 764 αὐτὸ
3064 711 3399 782 ὁριζόμενοι,
3455 716 3546 766 καὶ

1949 795 2069 847 ιούκ
2105 795 2162 849 ὃν
2198 799 2262 851 ὲκ
2290 800 2391 869 τῆς
2420 799 2696 871 θεότητος,
2738 801 2938 871 μᾶλλον
2983 801 3041 853 δὲ
3086 802 3547 873 καταχρηστικῶς

1969 886 2036 938 δι’
2097 889 2374 960 ἐνέργειαν
2429 891 2562 944 αὐτὸ
2613 891 2892 945 ἐκτίσθαιθ
2938 893 3264 963 ἀγιαστικὴν
3317 895 3544 965 δύναμιν

1972 977 2102 1031 αὐτὸ
2131 981 2430 1046 φάσκοντες
2458 975 2598 1037 εἶναι
2628 984 2786 1053 μόνον
2804 994 2852 1037 ⁸.

2046 1247 2135 1293 σε’.
2189 1242 2456 1312 Ἀεριανοί
2489 1242 2632 1312 (55).
2673 1237 2842 1306 Οὗτος
2888 1245 2917 1296 ὁ
2953 1245 3160 1316 ’Λέριος
3193 1245 3300 1297 ἀπὸ
3340 1244 3548 1297 Πόντου

1973 1329 2231 1400 ὡρμᾶτοο
2288 1331 2371 1384 ἔτι
2426 1332 2483 1384 δὲ
2526 1332 2688 1403 δεῦρο
2733 1335 3041 1404 πειρασμὸς
3067 1336 3240 1402 κέστιν
3285 1330 3441 1399 οὗτος
3469 1339 3549 1408 τῷ

1976 1419 2097 1490 βίῳ.
2136 1421 2332 1489 Γέγονε
2362 1421 2418 1474 δὲ
2460 1423 2832 1494 πρεσϐύτερος
2869 1423 2962 1477 τοῦ
3002 1425 3302 1479 ἐπισκόπου
3340 1429 3546 1480 Εὐστα-

1976 1510 2112 1575 θίου,
2159 1511 2251 1563 τοῦ
2299 1514 2356 1564 ἐν
2398 1512 2699 1583 Ἀρειανοῖς
2737 1501 3153 1583 διαϐληθέντοςο
3211 1515 3322 1567 καϊ
3361 1517 3549 1586 ἐπειδὴ

1975 1592 2130 1664 οὗτος
2162 1601 2374 1672 ’Λέριος
2399 1602 2460 1654 οὐ
2491 1604 2800 1673 κατεστάθη
2847 1604 3172 1667 ἐπίσκοπος,
3205 1606 3378 1658 πολλὰ
3407 1610 3550 1660 κατὰ

1975 1690 2073 1759 τῆς
2130 1689 2457 1760 Ἐκκλησίας
2494 1693 2870 1763 ἐδογμάτισε·
2931 1698 2996 1765 τῇ
3067 1697 3170 1761 μὲν
3222 1698 3404 1749 πίστει
3475 1697 3552 1750 ὣν

1991 1781 2267 1852 Ἀρειανδς
2310 1782 2666 1850 τελεώτατος,
2704 1787 3087 1856 περιττότερον
3137 1788 3197 1839 δὲ
3234 1789 3553 1858 δογματίζει

303 1884 391 1932 est
425 1893 440 1930 :
490 1877 587 1932 sed
619 1877 858 1948 amplius
885 1878 1145 1948 quiddam
1187 1878 1519 1948 proﬁtetur:
1554 1887 1684 1948 puta
1719 1879 1878 1933 obla-

1984 1873 2058 1943 μὴ
2087 1875 2198 1926 δεῖν
2244 1875 2578 1945 προσφέρειν
2621 1874 2762 1945 ὑπὲρ
2803 1875 2913 1928 τῶν
2962 1879 3403 1948 κεκοιμημένων*
3448 1895 3549 1948 νη-

302 1966 484 2021 tiones
543 1983 647 2038 pro
699 1969 934 2023 mortuis
990 1985 1098 2023 non
1155 1984 1278 2024 esse
1339 1968 1629 2024 faciendas
1667 1968 1880 2038 jejunia

302 2066 518 2127 quartae
571 2067 628 2114 et
672 2067 844 2115 sextae
895 2061 1086 2126 feriae,
1118 2059 1596 2130 quadragesinne,
1651 2061 1782 2115 item
1827 2067 1884 2115 et

302 2149 592 2206 Paschatis
624 2151 878 2221 prohibet
913 2170 927 2206 :
979 2151 1256 2207 bonorum
1291 2151 1702 2206 abdicationem
1739 2165 1884 2220 pra:-

303 2238 472 2293 dicat.
517 2238 779 2294 Carnium
805 2247 860 2295 et
884 2241 1136 2294 ciborum
1185 2255 1357 2311 genus
1407 2254 1570 2295 omne
1604 2239 1672 2292 ad
1714 2239 1883 2294 vitam

305 2329 517 2399 absque
551 2329 750 2385 timore
780 2330 1023 2387 adhibet.
1055 2330 1211 2397 Quod
1262 2333 1308 2386 si
1360 2331 1486 2400 quis
1536 2339 1876 2386 sectatorum

305 2417 428 2487 ejus
454 2416 712 2486 jejunare
741 2418 902 2484 velit,
933 2420 1158 2474 statutis
1185 2419 1288 2473 hoc
1311 2417 1514 2473 diebus
1543 2423 1690 2472 vetat
1721 2416 1840 2471 ﬁeri
1862 2459 1876 2483 ,

306 2508 403 2562 sed
439 2507 664 2577 quando
694 2507 938 2564 libuerit.
976 2508 1094 2563 Non
1125 2510 1273 2564 enim
1303 2549 1318 2576 ,
1352 2506 1569 2578 inquit,
1606 2506 1712 2576 legi
1747 2506 1883 2560 sub-

303 2600 488 2669 jectus
515 2613 600 2653 es.
631 2598 968 2671 Episcopum
1007 2600 1169 2656 docet
1212 2599 1387 2656 nihilo
1433 2596 1876 2668 praestantiorem
1946 2607 1954 2616 ‘

306 2707 428 2748 esse
454 2691 803 2763 presbytero.

1977 1965 2192 2018 στεύειν
2230 1966 2467 2035 τετράδα
2513 1967 2608 2019 καὶ
2639 1967 3016 2036 προσάϐϐατον
3056 1968 3150 2020 καὶ
3199 1969 3548 2040 Τεσσαρακο-

1977 2058 2110 2128 στὴν
2181 2057 2275 2110 καὶ
2332 2059 2524 2126 Πάσχα
2582 2057 2802 2112 κωλύει·
2843 2059 3142 2125 ἁποταξίαν
3186 2060 3446 2129 κηρύττει
3497 2062 3542 2122 ⁸,
3582 2109 3598 2130 ,

1979 2150 2379 2220 σαρκοφαγὶαις
2455 2151 2736 2213 παντοίαις
2790 2149 3094 2220 κέχρηται,
3158 2152 3252 2204 καὶ
3315 2153 3542 2220 τροφαῖς

1979 2241 2170 2305 ἀδεῶς.
2205 2241 2268 2294 Εἰ
2297 2240 2356 2294 δέ
2381 2258 2465 2304 τις
2513 2241 2623 2294 τῶν
2659 2240 2822 2294 αὑτοῦ
2856 2240 3101 2310 βούλοιτο
3138 2239 3435 2310 νηστεύειν,
3467 2241 3545 2310 μὴ

1978 2333 2036 2387 ὲν
2066 2330 2302 2404 ἡμέραις
2347 2331 2709 2400 τεταγμέναις
2760 2331 2956 2401 φησὶν,
2999 2331 3115 2384 ἀλλ’
3159 2331 3249 2385 ὅτε
3293 2329 3469 2400 βούλει
3495 2339 3549 2387 ⁸³.

1981 2424 2054 2477 Ού
2085 2429 2194 2494 γὰρ
2226 2416 2296 2487 εἴ,
2332 2420 2518 2490 φησὶν,
2556 2419 2660 2473 ὑπὸ
2686 2420 2870 2490 νόμον.
2902 2421 3110 2475 Φάσκει
3144 2421 3200 2474 δὲ
3233 2421 3401 2492 μηδὲν
3439 2419 3554 2472 δια-

1983 2514 2170 2586 φέρειν
2205 2511 2476 2583 πρεσὸυτέ
2487 2527 2612 2579 ρους
2637 2511 2958 2564 ἐπισκόπου.

1589 2843 1821 2902 ῩΑΒΙᾸΞ
1852 2839 2252 2899 LECTIONES.

377 2988 406 3028 tt
434 2978 570 3034 Cod.
605 2977 663 3034 S.
693 2976 802 3032 Hii.
832 2977 883 3031 oi
907 2978 1015 3032 ἀπὸ
1047 2976 1384 3048 Μακεδονιου
1425 2976 1518 3030 τοῦ
1546 2977 2036 3048 Πνευματομάχου.
2092 2987 2137 3048 ,τ
2173 2976 2236 3029 Β.
2262 2975 2419 3048 9508
2442 2975 2646 3048 κακῷς.
2692 2974 2862 3032 Vetus
2887 2977 2987 3048 int.
3037 2975 3136 3031 Isti
3165 2977 3372 3046 quidem
3405 2981 3556 3032 bene-

309 3051 489 3102 dicunt
526 3048 590 3103 de
610 3049 821 3103 Christo
843 3049 1007 3116 juxta
1035 3049 1225 3109 alium,
1278 3045 1537 3113 Spiritum
1573 3045 1748 3101 autem
1782 3045 2048 3100 sanctum.
2089 3045 2262 3116 Legit,
2292 3047 2353 3098 τὸ
2379 3047 2436 3100 δὲ
2463 3045 2708 3116 Πνεῦμα,
2747 3055 2802 3116 ut
2837 3047 2978 3116 apud
3009 3045 3205 3116 Epiph.

3284 3059 3305 3086 ⁸
3342 3048 3397 3100 In
3426 3049 3552 3102 εοιι.

311 3120 371 3171 S.
400 3118 509 3174 llil.
539 3118 782 3183 additur,
817 3114 926 3171 άπὸ
958 3119 1150 3172 τούτου
1179 3117 1544 3187 Μοντανισταί
1571 3135 1583 3148 ο
1615 3118 1666 3168 οἱ
1694 3117 1800 3170 ἀπὸ
1821 3116 2100 3187 Μοντανοῦ
2127 3114 2445 3187 ἐγράφησαν
2478 3114 2718 3187 ὄπισθεν.
2752 3114 2886 3187 Ωιι-αἱ
2907 3114 3271 3187 librariorum
3304 3119 3548 3171 oscitan-

310 3187 439 3240 tiam
465 3187 722 3257 produnt,
755 3202 879 3257 cum
918 3187 987 3240 ad
1017 3195 1184 3256 caput
1222 3186 1286 3239 de
1314 3184 1762 3257 Cataphrygibus,
1800 3186 2129 3257 pertineant.

311 3253 684 3325 ἀποκηρύττει
742 3265 803 3309 ιιι
828 3256 1028 3309 habent
1059 3253 1304 3311 codices.
1341 3253 1509 3308 Favet
1541 3253 1988 3327 et'Augustinus.
2066 3265 2093 3293 ιι
2125 3253 2257 3310 Cod.
2294 3255 2355 3310 E.

2213 3186 2233 3222 ί
2267 3184 2358 3240 Sie
2385 3185 2673 3308 natandum
2714 3200 2780 3239 ex
2820 3184 3128 3257 Epiphanio
3162 3187 3393 3258 passim,
3442 3203 3554 3242 non

2213 3253 2257 3310 [1.
2294 3255 2355 3310 E.
2462 3255 2519 3308 ιΙ.
2557 3253 2828 3325 βούλεται.
3315 3307 3318 3311 .

2462 3271 2519 3308 ΙΙ.
2558 3271 2828 3309 βούλεται.

1845 3405 2078 3462 NOTAE.

312 3545 627 3618 opinionem
659 3560 1066 3618 propugnasse;
1111 3546 1371 3618 Acacium
1422 3544 1686 3618 Caesareae
1720 3546 1891 3618 μέσην
1922 3549 1968 3608 c
1997 3550 2248 3618 genitum,
2269 3549 2480 3602 omnino
2517 3547 2781 3618 consequi,
2812 3556 2869 3600 ut
2893 3549 2941 3602 ei
2958 3549 3123 3618 quise
3143 3549 3318 3617 genuit
3348 3548 3560 3618 ὁμοού-
3590 3535 3611 3558 ⁸

312 3614 452 3682 τινὰ,
495 3614 722 3670 mediam
759 3614 1042 3685 quamdam
1079 3616 1361 3685 protulisse
1407 3633 1425 3671 :
1469 3616 1686 3671 tandem
1723 3614 1887 3670 Mele-

315 3689 450 3742 tium
484 3685 1071 3768 reclaniTheologiam
1140 3687 1480 3768 enuntiasse.
1540 3685 1736 3768 Meletii
1771 3700 1887 3768 ser-

315 3771 531 3811 monem
548 3754 904 3824 Epiphanius,
935 3754 992 3810 in
1017 3755 1258 3810 Panario
1278 3757 1500 3825 scriptis
1523 3755 1885 3825 consignavit,

315 3841 420 3880 nec
449 3825 746 3894 quidquam
775 3826 826 3879 in
853 3840 916 3880 eo
944 3826 1183 3896 reperire
1214 3826 1306 3886 sit,
1339 3828 1480 3896 quod
1498 3827 1573 3896 ab
1597 3828 1888 3896 Ancyrana

316 3897 638 3951 deﬁnitione
669 3895 990 3964 _discrepel,
1011 3894 1106 3950 vel
1134 3894 1453 3964 Nicazna'mﬂ
1484 3895 1640 3949 [idem
1688 3894 1890 3949 diserte

317 3965 608 4034 exprimat.
655 3962 827 4028 Quam
871 3962 1067 4034 agendi
1106 3965 1368 4020 rationem
1413 3963 1688 4020 Meletium
1722 3965 1774 4034 in
1809 3979 1891 4033 sy-

316 4033 464 4090 nodo
505 4033 842 4105 Seleuciensi
899 4033 1150 4105 tenuisse
1179 4034 1333 4090 testis
1366 4045 1450 4090 est
1478 4043 1600 4105 post
1652 4033 1890 4105 Athana-

319 4105 478 4174 siuml
537 4103 813 4174 Socrates.
881 4103 1060 4174 Atque
1133 4106 1247 4158 hazc
1292 4114 1400 4174 gest
1466 4102 1738 4174 pratensa
1799 4102 1891 4155 illa

319 4171 590 4228 simulatio
641 4169 840 4228 Meletii
895 4169 1222 4228 et'Eusebii
1279 4169 1650 4237 Samosateni,
1724 4186 1889 4241 quam

320 4242 497 4310 carpit
529 4243 1031 4312 auctorcujusdam
1067 4243 1494 4312 lucubrationis,
1551 4257 1672 4311 qua!
1697 4247 1890 4312 _exstat

320 4309 464 4392 inter
511 4327 676 4392 opera
716 4309 1034 4392 Athanasii.
1070 4311 1414 4392 Theodoreto
1460 4309 1629 4392 igitur
1668 4309 1892 4392 Semia-

320 4381 462 4435 riani
524 4381 614 4434 alii
663 4396 769 4434 non
821 4382 1042 4436 fuerunt
1091 4391 1287 4452 praeter
1339 4381 1524 4452 Acacii
1569 4389 1887 4452 sectatores,

318 4453 415 4521 qui
434 4465 684 4520 peraeque
703 4460 947 4505 tacerent
967 4449 1124 4507 voces
1148 4450 1434 4521 όμοοοσίου
1458 4467 1472 4516 ;
1503 4459 1557 4504 et
1582 4449 1890 4521 ὁμοιουσίου

321 4518 450 4591 quia
474 4521 527 4574 in
547 4518 820 4590 scriptura
845 4518 1241 4591 nonleguntu’r,
1271 4519 1406 4591 alios
1420 4535 1548 4591 vero
1569 4518 1660 4588 qui
1679 4518 1893 4588 ὁμοιού-

323 4588 457 4651 σιον,
479 4588 1099 4659 admitterenttanquam
1117 4588 1461 4644 Orthodoxos
1485 4590 1734 4642 habuitet
1748 4595 1894 4659 certe

325 4659 751 4730 l’hilostorgius,
783 4675 906 4713 cum
942 4658 1177 4714 Arianos
1212 4674 1344 4714 suos
1384 4673 1753 4730 quoscunque
1779 4658 1894 4730 lau-

322 4731 484 4786 dibus
509 4726 719 4792 oneret,
743 4730 1001 4783 Acacium
1029 4739 1212 4783 tamen
1251 4726 1487 4799 pessime
1541 4726 1759 4799 tractat.
1797 4726 1895 4780 Ba-

324 4800 837 4872 siliusAncyranus
865 4802 917 4853 in
949 4796 1268 4872 Syrmiensi
1302 4797 1558 4872 formula,
1591 4805 1649 4851 ut
1677 4796 1892 4872 Patrem

1990 3617 2102 3681 σιος
2128 3618 2593 3672 consubstantialis
2623 3619 2710 3680 sit,
2749 3617 2888 3671 Deus
2930 3617 2994 3671 de
3021 3617 3148 3679 Deo,
3180 3618 3349 3670 lumen
3375 3617 3438 3670 de
3473 3619 3559 3671 lu-

1988 3691 2146 3750 mine,
2178 3690 2271 3740 καὶ
2301 3689 2401 3754 τὴν
2436 3686 2605 3756 αὐτὴν
2639 3687 2749 3756 ἔχει
2785 3686 2862 3756 τῷ
2889 3688 3173 3757 γεννήτορι
3198 3687 3380 3753 φύσιν,
3411 3705 3560 3741 eam-

1989 3759 2204 3826 demque
2235 3775 2296 3810 ac
2317 3758 2522 3827 genitori
2541 3755 2793 3827 naturam
2820 3755 3028 3811 habeat.
3059 3755 3290 3825 ld‘quod
3324 3759 3559 3827 posthac

1989 3826 2382 3900 proAiessLsu’nt
2413 3826 2583 3900 variis
2616 3827 2670 3900 in
2715 3826 2886 3900 locis.

1999 3895 2009 3924 ³
2062 3896 2173 3967 (52)
2208 3896 2283 3949 Ex
2315 3895 2675 3967 Semiariauis
2715 3896 3191 3967 Πνευματομάχοι,
3231 3895 3283 3950 id
3314 3895 3559 3963 est,Spi-

1991 3965 2125 4020 ritus
2174 3965 2348 4018 sancti
2401 3965 2794 4034 impugnatores
2846 3966 3190 4034 prodierunt,
3249 3973 3476 4018 auctore
3502 3968 3562 4021 in

1989 4034 2182 4106 primis
2206 4033 2658 4106 Macedonio,'qui
2685 4035 2791 4106 QP.
2834 4033 3017 4106 sedem
3049 4037 3397 4106 arripuerat.
3447 4033 3562 4090 llos

1991 4103 2274 4158 damnavit
2308 4103 2644 4157 Athanasius
2684 4103 2737 4156 in
2767 4103 2978 4171 synodo
3034 4103 3400 4157 Alexandrina
3426 4121 3558 4158 ann.

1992 4173 2118 4237 569.,
2149 4175 2388 4241 itemque
2425 4173 2695 4244 Damasus
2719 4189 2855 4244 papa
2886 4174 2940 4226 in
2968 4173 3174 4242 duplici
3219 4175 3429 4244 synodo
3469 4191 3562 4229 ro-

1991 4257 2204 4382 ggi'n?.)
2242 4257 2308 4297 ac
2356 4242 2575 4296 tandem
2635 4243 2931 4298 concilium
2984 4242 3363 4314 generale",
3426 4259 3560 4299 anu.

2149 4331 2179 4364 a
2211 4349 2228 4366 ο

2070 4315 2086 4366 1
2126 4315 2228 4366 (α).

2064 4379 2548 4451 (55)’Epiphan_i_us
2607 4380 2916 4435 simulatam
2962 4381 3107 4435 Aerii
3161 4382 3561 4436 continentiam

1994 4449 2165 4521 pene'
2200 4449 2408 4521 omisit;
2456 4449 2569 4504 lloc
2607 4452 2950 4521 solummodo
3001 4453 3077 4504 ait
3108 4492 3123 4517 ,
3196 4452 3563 4504 ἀποτακτικὸν

1997 4513 2300 4590 ἐσχήκασιν
2351 4513 2495 4572 οὗτοι
2536 4521 2626 4573 τὸν
2674 4520 2905 4590 τρόπον,
2955 4513 3117 4590 quod'
3147 4523 3564 4574 renuntiantium

1995 4588 2198 4644 uiuendi
2237 4589 2493 4642 rationem
2541 4588 2730 4644 teneat.
2784 4588 3117 4645 Pliilastrius
3165 4605 3298 4644 vero
3331 4632 3344 4655 ,
3394 4591 3564 4654 Aerii,

1997 4660 2062 4713 ab
2091 4662 2246 4714 Aerio
2273 4659 2532 4730 iiquodam
2569 4660 2646 4714 sic
2676 4659 2953 4730 appellati
3019 4673 3162 4730 sunt,
3219 4661 3418 4730 inquit,
3473 4663 3566 4730 qui

1998 4729 2330 4783 abstinentiis
2360 4738 2569 4794 vacant,
2587 4738 2635 4782 et
2666 4729 2721 4782 in
2747 4730 3017 4800 provincia
3044 4729 3359 4800 Pamphylia
3383 4729 3569 4798 quam.-

1996 4799 2215 4870 plurimi
2245 4866 2254 4870 _
2282 4809 2696 4870 commorantur,
2736 4800 2822 4866 qui
2851 4808 2899 4852 et
2931 4798 3224 4870 Encratitte
3255 4798 3265 4800 ⁷
3291 4799 3564 4870 dicuntur,

323 4880 378 4944 et
410 4868 608 4923 Filium
635 4866 969 4944 unumcsse
991 4866 1167 4944 Deum
1210 4867 1528 4944 concludat_.
1546 4868 1651 4944 hoc
1676 4867 1898 4944 subjun-
1928 4890 1972 4944 ι)
1996 4866 2054 4944 id
2076 4878 2177 4944 est,
2201 4866 2538 4921 abstinentes.
2567 4867 2645 4944 lli
2679 4883 2779 4919 non
2823 4868 3334 4944 possidenthaliquid
3366 4884 3385 4921 :
3417 4885 3565 4922 escas

325 4941 404 5007 git
425 4956 572 5020 :nnon
593 4941 731 5020 enim
765 4937 963 4992 Filium
993 4941 1364 5020 συντάσσομεν
1383 4939 1460 5020 τῷ
1484 4937 1699 5020 Πατρὶζ
1717 4937 1897 5018 eodem

326 5027 388 5062 ac
421 5008 635 5062 Putrem
691 5008 922 5064 locamus
980 5012 1168 5076 qradu,
1211 5007 1298 5063 sed
1327 5007 1619 5078 subjectum
1673 5007 1897 5076 facimus

327 5079 505 5142 Patri,
564 5081 650 5132 cui
699 5078 1139 5142 subministrarit,
1196 5079 1638 5149 ὑπουργήσαντα,
1675 5081 1739 5149 in
1781 5078 1902 5149 unj-

330 5149 464 5202 rcrsi
524 5149 885 5220 productione.
949 5147 1350 5204 Nihilominus
1380 5147 1639 5220 Hilarius
1673 5147 1769 5220 li_h_.
1800 5147 1900 5220 _De

331 5235 450 5288 syn.
483 5216 556 5288 Li,
589 5221 699 5272 haec
719 5219 785 5272 ad
807 5219 1146 5275 Catholicum
1175 5234 1396 5273 sensum
1425 5216 1688 5288 traduxit.
1711 5217 1903 5270 Enim-

335 5286 468 5340 vero
511 5287 913 5353 Theodoretus,
967 5289 1134 5353 Ilist.,
1179 5289 1273 5342 lib.
1329 5304 1391 5354 ll,
1424 5303 1474 5342 c.
1516 5286 1627 5351 27,
1690 5296 1899 5351 narrat,

332 5359 679 5421 Constantio,
739 5361 920 5414 soluto
977 5358 1314 5415 Seleuciensi
1368 5357 1624 5420 concilio,
1665 5371 1787 5410 cum
1823 5356 1903 5410 eis

335 5427 684 5497 imperasset.
724 5429 1091 5499 υιόμοούσιον
1145 5429 1370 5498 perinde
1395 5442 1458 5481 ac
1485 5425 1743 5482 Acaciani
1783 5425 1902 5499 eju-

335 5497 885 5568 rarent,Sy|vanum
947 5497 1285 5568 Tarsensem
1325 5505 1645 5568 caeterorum
1686 5498 1909 5549 nomine

337 5565 727 5637 respondisse,
776 5568 1192 5637 quandoquidem
1253 5567 1350 5622 Dei
1411 5565 1632 5620 Verbum
1677 5580 1741 5637 ea:
1803 5581 1906 5618 non

335 5634 674 5689 exstantibus
697 5634 897 5704 factum
929 5634 1030 5691 non
1060 5648 1157 5701 est,
1190 5654 1350 5706 neque
1370 5653 1434 5690 ea:
1468 5637 1579 5689 alia
1608 5635 1909 5711 substantia

397 5791 469 5852 (α)
499 5789 614 5844 Vld.
635 5791 997 5851 Prmfattonem,
1025 5803 1159 5840 num.
1207 5803 1290 5840 xx.

2005 4939 2396 4999 abominantur,
2437 4955 2566 5007 quas
2603 4937 2743 4991 Deus
2783 4954 2900 4990 cum
2939 4938 3290 4992 benedictione
3336 4949 3567 4992 hutnano

2004 5008 2178 5079 generi
2203 5007 2412 5079 tribuit.
2455 5007 2724 5060 Damnant
2762 5008 2922 5079 etiam
2955 5008 3019 5062 de
3047 5009 3157 5079 lege
3184 5008 3419 5075 nuptias,
3462 5025 3568 5061 non

2005 5076 2038 5131 ξι
2071 5077 2466 5130 Deoinstitutas
2507 5086 2814 5130 asserentes.
2840 5076 3046 5131 Locum
3101 5076 3382 5132 Philastrii
3425 5079 3568 5131 inte-

2006 5163 2162 5218 grum
2212 5146 2474 5218 descripsi
2502 5185 2517 5210 ,
2563 5157 2618 5218 ut
2658 5147 2879 5215 planum
2910 5147 3032 5218 _[iat
3084 5147 3473 5218 Hieronymum
3511 5148 3568 5201 iu

2008 5214 2127 5286 cap.
2156 5231 2230 5271 vn
2265 5214 2405 5270 Osee
2427 5214 2674 5286 apprime
2692 5223 2855 5286 recte,
2885 5214 3101 5270 Aeriam
3128 5214 3380 5286 posuisse
3424 5219 3570 5270 inter

2008 5285 2280 5341 caStitatis
2319 5293 2373 5339 et
2401 5285 2681 5354 pudicitiae
2701 5285 3048 5341 simulatores
3075 5305 3086 5339 :
3126 5285 3179 5340 id
3206 5287 3350 5355 quod
3410 5287 3566 5339 illum

2009 5357 2080 5411 ab
2100 5356 2378 5424 episcopo,
2403 5362 2456 5408 et
2480 5357 2656 5409 amico
2683 5355 2959 5424 quondam
2993 5371 3116 5420 suo,
3147 5356 3432 5410 Eustathio
3469 5356 3569 5410 Sc-

2011 5421 2239 5480 basteno
2255 5421 2514 5478 didicisse
2541 5421 2814 5481 colligitur
2835 5439 2899 5478 ex
2923 5421 3150 5480 Socrate
3165 5435 3220 5481 et
3238 5426 3565 5480 Sozomeno.

2010 5493 2304 5564 Peregrina
2329 5493 2613 5565 amborum
2658 5493 3190 5565 dogmatasynodus
3229 5495 3569 5565 Gaugrcnsis

2011 5561 2314 5636 damnavit,
2348 5563 2515 5636 inque
2548 5561 3122 5636 Eustathiia'afritieiu
3156 5561 3386 5636 magnus
3415 5563 3564 5620 Basi-

2011 5636 2118 5691 lius
2146 5631 2560 5699 animadvcrsit,
2588 5635 2749 5706 epist.
2785 5631 2849 5686 74
2877 5640 2931 5689 et
2973 5633 3096 5690 196.
