4012 6208
510 303 616 365 725

511 526 761 579 διακόνου
788 526 1083 596 γενομένου
1125 525 1230 580 ὑπὸ
1276 526 1314 577 Γ
1317 526 1549 596 εωργίου
1592 527 1688 580 τοῦ
1731 527 1841 581 τῶν
1876 529 2091 599 Ἀρεια·

513 619 620 673 νῶν
644 618 945 670 ἐπισκόπου
994 618 1094 687 τῆς
1135 618 1566 687 Ἀλεξανδρείας,
1596 622 1645 671 οἱ
1695 622 1788 673 καὶ
1822 621 2091 689 Ἀνόμοιοι

517 710 866 781 καλούμενοι,
894 712 1049 782 παρά
1074 728 1185 764 τισι
1232 711 1289 764 δὲ
1328 712 1675 781 Εὐνομιανοὶ,
1724 713 1788 765 δι’
1824 712 2092 783 Εὐνόμιόν

514 820 657 864 τινα.
714 802 964 872 μαθητὴν
1007 802 1213 854 Ἀετίου
1266 802 1591 872 γενόμενον·
1646 798 1727 864 οἷς
1776 803 1943 873 συνῆν
1995 803 2092 856 καὶ

516 891 792 954 Εὐδόξιος,
816 891 953 944 ἀλλὰ
984 891 1146 960 δῆθεν
1165 892 1255 944 διὰ
1282 891 1373 944 τὸν
1402 892 1541 963 πρὸς
1566 892 1656 945 τὸν
1682 892 1906 962 βασιλέα
1931 894 2089 947 Κων-

516 984 795 1034 σταντῖνον
816 995 838 1020 ι
864 981 1028 1049 φόϐον
1048 980 1325 1051 ἀφώρισεν
1349 980 1560 1045 ἑαυτὸν,
1584 982 1677 1034 καὶ
1703 982 1859 1051 μόνον
1888 983 2091 1037 Ἀέτιον

513 1072 795 1144 ἐξώρισεν.
845 1072 1069 1141 Ἔμεινε
1117 1071 1300 1141 μέντοι
1350 1071 1378 1123 ὁ
1411 1070 1661 1136 esseea;
1718 1072 2088 1141 Ἀρειανίςων,

512 1170 577 1222 οὐ
623 1168 806 1238 μέντοι.
841 1184 904 1234 γε
941 1167 1082 1219 κατὰ
1119 1168 1211 1220 τὸν
1257 1166 1482 1219 Ἀέτιον.
1523 1158 1685 1220 Οὗτοι
1717 1168 1765 1219 οἱ
1820 1167 2089 1237 Ἀνὸμοιοι

514 1257 613 1309 καὶ
658 1258 709 1309 οἱ
752 1256 1014 1309 Ἀετιανοὶ
1048 1256 1363 1310 παντάπασι
1408 1257 1647 1325 Χριστὸν
1696 1258 1787 1311 καὶ
1830 1259 1890 1311 τὸ
1936 1259 2089 1327 ἅγιον

515 1347 742 1417 Πνεῦμα
787 1347 1209 1417 ἀπαλλοτριοῦσι
1260 1347 1352 1401 τοῦ
1395 1347 1530 1401 Θεοῦ
1580 1349 1813 1420 Πατρδς,
1870 1351 2088 1405 κτιστδν

512 1438 679 1493 αὑτὸν
734 1438 1231 1509 διαϐεϐαιούμενοι,
1296 1440 1391 1493 καὶ
1445 1440 1566 1493 οὐδὲ
1626 1442 1921 1510 ὁμοιότητά
1967 1460 2089 1495 τινα

509 1531 658 1599 ἔχειν
688 1529 960 1596 λέγουσιν.
1006 1531 1101 1583 Ἐκ
1142 1530 1517 1601 συλλογισμῶν
1545 1532 1603 1585 δὲ
1637 1532 2087 1601 Ἀριστοτελικῶν

508 1623 603 1674 καὶ
630 1621 1021 1691 γεωμετρικῶν
1046 1623 1137 1675 τὸν
1162 1621 1297 1677 Θεὸν
1332 1624 1607 1695 παριστᾷν
1655 1624 1958 1693 βούλονται,
1994 1629 2087 1680 καὶ

507 1708 741 1778 Χριστὸν
768 1708 930 1778 δῆθεν
961 1709 1035 1779 μὴ
1070 1709 1330 1762 δύνασθαι
1353 1707 1493 1763 εἶναι
1530 1712 1595 1763 ὲκ
1626 1710 1762 1764 Θεοῦ
1800 1712 1888 1765 διὰ
1913 1714 2086 1767 τοιοῦ-

1712 308 1809 366 DE
1839 308 2295 369 HIERESIBUS
2332 311 2585 369 LIBER.

580 441 687 501 oq’-
734 435 1000 491 Ἀετιανοί
1030 437 1142 508 (54)
1165 454 1177 469 ⁶
1222 438 1270 490 οἱ
1300 436 1410 490 ἀπὸ
1444 436 1536 490 τοῦ
1584 437 1790 492 Ἀετίου
1817 439 2038 502 Κίλικος
2064 449 2092 476 ν
2122 447 2169 503 Α

3653 308 3762 371 726

2272 440 2357 495 76.
2394 441 2634 496 Aetiani.
2661 442 2742 496 Ab
2772 442 2931 497 Aetio
2955 441 3145 505 Cilire,
3171 442 3265 510 qui
3294 456 3322 494 a
3351 440 3585 511 Georgio
3608 440 3763 495 Aria-

2192 545 2388 585 norum
2443 532 2793 587 Alexandrire
2850 532 3111 602 episcopo
3156 532 3426 586 diaconus
3472 531 3767 585 ordinatus

2192 632 2297 678 est.
2330 622 2581 677 Anomcei
2619 638 2840 691 quoque
2870 622 3205 685 vocitantur,
3254 629 3306 675 et
3354 635 3383 672 a
3429 621 3767 690 quibusdam

2192 712 2562 777 Eunomiani,
2597 714 2667 769 ab
2704 714 2978 768 Eunomio
3009 712 3150 766 Aetii
3194 711 3487 781 discipulo.
3538 711 3769 765 Earumv

2192 804 2316 859 dem
2354 805 2593 875 partium
2624 812 2743 859 erat
2788 813 2851 859 ct—
2885 803 3210 867 Eudoxius;
3266 802 3363 857 sed
3416 802 3770 870 imperatoris

2193 903 2342 949 metu
2396 895 2464 949 ab
2516 895 2626 949 illis
2676 910 2736 951 se
2789 894 3096 964 segregavit
3137 911 3149 947 :
3196 908 3307 962 quo
3341 892 3542 946 factum
3578 903 3661 947 est
3695 902 3756 945 ut

2193 988 2345 1043 solus
2394 988 2588 1042 Actius
2643 988 3003 1058 relegaretur.
3061 985 3387 1056 Quanquam
3443 986 3499 1039 in
3561 987 3769 1039 Ariano

2191 1077 2446 1148 dogmate
2478 1081 2877 1148 perseveravit,
2914 1078 3014 1134 sed
3040 1079 3257 1133 Aetium
3288 1077 3515 1133 minime
3546 1088 3767 1133 secutus

2190 1178 2296 1222 est.
2340 1167 2511 1223 Porro
2544 1169 2797 1224 Anomaai
2821 1208 2835 1233 ,
2873 1171 2987 1223 sive
3019 1168 3237 1224 Aetiani
3272 1166 3471 1221 Filium
3505 1176 3557 1222 et
3591 1168 3769 1239 Spiri-

2191 1267 2305 1313 tum
2354 1267 2607 1313 sanctum
2660 1274 2690 1311 a
2743 1261 2849 1314 Deo
2899 1260 3058 1314 Patre
3092 1260 3315 1330 penitus
3361 1259 3601 1314 alienum
3640 1278 3770 1316 esse

2190 1351 2514 1420 praedicam,
2548 1366 2687 1420 quos
2722 1362 2936 1406 creatos
2966 1368 3109 1415 esse,
3150 1368 3249 1407 nec
3278 1353 3578 1423 quidquam
3616 1354 3771 1408 simi-

2189 1440 2441 1495 litudinis
2484 1440 2689 1495 habere
2743 1442 2963 1496 docent.
3010 1442 3223 1512 Quippe
3270 1443 3605 1513 syllogismis
3637 1445 3765 1513 qui-

2190 1530 2427 1585 busdam
2463 1531 2835 1587 Aristotelicis
2869 1540 2922 1587 et
2962 1532 3315 1602 geometricis
3362 1533 3458 1587 Dei
3505 1543 3771 1589 naturam

2186 1621 2464 1689 explicare
2520 1622 2781 1687 student,
2818 1630 2986 1692 atque
3041 1624 3177 1677 adeo
3210 1622 3490 1679 Christum
3527 1640 3595 1680 ex
3658 1626 3769 1680 Deo

2188 1728 2314 1767 esse
2352 1726 2461 1767 non
2500 1728 2683 1782 posse.
2717 1713 3045 1768 Eunomiani
3081 1730 3211 1768 vero
3237 1729 3299 1768 ex
3336 1714 3457 1783 ipso
3494 1716 3722 1784 profecti
3747 1756 3764 1780 ,

506 1817 598 1852 τον
629 1799 850 1870 τρόπον.
878 1801 942 1853 Οἱ
972 1801 1028 1852 δὲ
1062 1802 1156 1854 ἀπ’
1188 1801 1368 1853 αὐτῶν
1423 1802 1752 1871 Εὑνομιανοὶ
1781 1804 2083 1859 ἀναϐαπτξ-

2192 1818 2420 1868 omnes,
2477 1804 2571 1873 qui
2626 1804 2692 1858 ad
2746 1813 2929 1873 partes
2988 1818 3117 1858 suas
3181 1813 3510 1868 transeunt,
3574 1806 3767 1859 iteralo

509 1889 662 1953 ζουσι
691 1890 901 1955 πάντας
938 1892 1065 1956 τοὺς
1093 1892 1229 1963 πρὸς
1263 1893 1462 1957 αὐτοὺς
1490 1893 1851 1965 ὲρχομένους’
1894 1896 1954 1949 οὐ
1994 1898 2089 1966 μό-

508 2000 620 2049 νον,
655 1982 793 2037 and:
839 1983 1094 2046 καὶτοὺς
1125 1983 1219 2037 ἀπ’
1260 1982 1579 2054 ’Λρειανῶν,
1646 1986 1790 2038 κατὰ
1843 1986 2087 2055 κεφαλῆς

508 2074 621 2128 ἄνω
650 2076 778 2139 τοὺς
808 2076 975 2140 πόδας
1014 2078 1335 2147 στρέφοντες
1381 2076 1489 2131 τῶν
1531 2077 1968 2149 βαπτιζομένων,
2009 2079 2085 2143 ὡς

510 2166 679 2229 πολὺς
707 2166 894 2238 ᾅδεται
947 2167 1135 2235 λόγος’
1167 2168 1228 2221 τὸ
1275 2168 1333 2221 δὲ
1364 2171 1632 2241 σφαλῆναι
1680 2171 1737 2225 ἔν
1786 2190 1916 2237 τινι,
1950 2190 2086 2244 πορ-

510 2258 708 2329 νείᾳ,ἢ
757 2259 922 2330 ἑτέρᾳ
952 2260 1217 2331 ἁμαρτίᾳ,
1261 2261 1417 2315 οὐδὲν
1468 2262 1642 2316 δεινὸν
1692 2257 1832 2317 εἷναί
1886 2281 2080 2334 φασιν·

2190 1896 2509 1966 baptizant,
2556 1909 2664 1950 non
2708 1890 3024 1951 Catholicos
3060 1896 3238 1951 solum
3268 1935 3282 1957 .
3320 1895 3413 1951 sed
3450 1907 3503 1951 et
3533 1896 3769 1952 Arianos

2190 1986 2382 2057 ipsos;
2432 1986 2594 2056 idque
2643 1985 2748 2041 hoc
2798 1985 3003 2053 modo,
3068 1987 3147 2041 uti
3210 1988 3528 2058 percrebuit
3578 1986 3720 2040 fama
3751 2028 3767 2052 ,

2186 2079 2417 2151 pedibus
2465 2078 2520 2133 in
2554 2078 2759 2135 ccelum
2811 2077 3083 2144 inversis,
3133 2079 3187 2132 in
3236 2086 3401 2148 caput
3431 2078 3559 2134 illos
3592 2078 3767 2133 intin-

2185 2177 2324 2242 gunt
2345 2210 2359 2232 .
2391 2168 2811 2225 fornicationem
2832 2211 2845 2235 ,
2873 2176 2967 2223 aut
2999 2169 3151 2223 aliud
3181 2169 3416 2239 quodvis
3444 2178 3729 2239 peccatum
3749 2212 3765 2236 ,

2190 2260 2329 2315 nihil
2375 2275 2497 2315 esse
2547 2258 2838 2315 dictitant:
2899 2274 3078 2329 neque
3124 2262 3270 2315 enim
3332 2258 3499 2314 Deum
3555 2260 3774 2330 aliquid

510 2347 664 2401 οὐδὲν
706 2347 817 2418 γὰρ
855 2347 1009 2419 ζητεῖ
1056 2352 1085 2402 ὁ
1111 2348 1263 2415 Θεὸς,
1313 2350 1430 2403 ἀλλ’
1484 2350 1612 2421 ἥτὺ
1663 2347 1804 2403 εἷναί
1848 2368 1972 2405 τινα
2025 2352 2083 2404 ὲν

2192 2364 2432 2420 quaerere
2452 2388 2467 2413 ,
2501 2349 2607 2404 nisi
2637 2356 2698 2403 ut
2728 2348 2781 2402 in
2810 2362 2872 2403 ea
2908 2349 3024 2404 sola
3045 2388 3058 2413 ,
3091 2363 3254 2418 quam
3290 2349 3396 2419 ipsi
3422 2349 3764 2418 praedicant»

509 2436 684 2508 ταύτῃ
710 2441 774 2509 τῇ
797 2436 1132 2512 νομιζομένῃ
1157 2438 1336 2493 αὐτῶν
1366 2440 1568 2493 πίστει.

510 2524 702 2585 Αὗταί
738 2532 1142 2602 εισιιζνόμοζως
1191 2531 1289 2584 καὶ
1323 2534 1383 2585 αἱ
1412 2532 1517 2586 τοῦ
1569 2534 1771 2602 τρίτου
1817 2534 2083 2598 βιϐλίου,

806 2600 913 2655 τοῦ
947 2600 1181 2669 πρώτου
1208 2600 1687 2671 τόμου,αιρέσὲις
1720 2600 1782 2663 ζ’.

560 2692 661 2745 Ἑν
714 2690 783 2743 δὲ
838 2691 918 2757 τῷ
968 2691 1246 2762 δευτέρῳ.
1301 2694 1476 2815 agito)
1519 2692 1587 2747 δὲ
1634 2694 2052 2763 ﬁtﬁt/quame-

1175 2779 1306 2815 σειο
1390 2806 1404 2815 .

1175 2779 1306 2828 σεις
1336 2779 1404 2819 ο“.

582 2850 678 2916 οξ.
712 2855 1017 2924 Διμοιρίται
1043 2854 1178 2923 (55),
1220 2855 1268 2906 oi
1301 2853 1394 2906 mi.
1440 2848 1873 2927 Ἀπολλινάριοι·
1912 2856 1959 2907 οἱ
2006 2855 2082 2924 μὴ

2182 2442 2286 2498 fide
2314 2450 2721 2513 perseveretur.

2184 2534 2280 2587 Hie
2326 2548 2527 2602 quoque
2570 2539 2692 2585 sunt
2763 2532 2985 2585 hwreses
3026 2540 3228 2602 septem
3269 2528 3427 2597 primi
3472 2528 3605 2582 tomi
3641 2526 3768 2581 libri

2891 2601 3055 2655 tertii.

2189 2694 2252 2748 In
2288 2695 2512 2748 secundo
2574 2705 2709 2748 tomo
2747 2692 2868 2747 libri
2896 2691 3039 2745 tertii
3061 2729 3075 2754 ,
3114 2690 3335 2744 hareses
3367 2697 3594 2759 quatuor
3621 2695 3763 2741 sunt.

2259 2854 2347 2911 77.
2391 2853 2700 2908 Dimocritae
2723 2892 2737 2917 ,
2771 2851 2865 2921 qui
2898 2862 2950 2906 et
2980 2847 3425 2920 Apollinaristae;
3459 2846 3552 2917 qui
3589 2843 3769 2915 perfe-

1870 3031 2103 3089 VABUE
2140 3031 2547 3089 LECTIONES.

585 3181 610 3209 '
635 3172 771 3230 Cod.
806 3174 862 3228 S.
895 3172 999 3230 "il.
1053 3174 1348 3237 Ἀετιανοὶ,
1389 3174 1438 3225 οἱ
1474 3172 1568 3227 καὶ
1609 3171 1895 3240 Ἀνόμοιοι,
1951 3173 2044 3225 καὶ
2096 3169 2437 3239 Εὐνομιανοὶ,
2487 3170 2579 3222 καὶ
2612 3169 2939 3235 Εὑδοξιανοί.

3041 3184 3066 3211 ι
3099 3169 3152 3224 1η
3186 3169 3308 3226 cod.
3359 3168 3417 3223 S.
3450 3168 3558 3222 Hil.
3614 3166 3769 3224 deest

514 3244 861 3314 imperatoris
894 3259 1112 3299 nomen.
1146 3242 1402 3298 Cotteler.
1435 3250 1617 3298 monet
1654 3237 1942 3312 legendum
1981 3237 2376 3301 Κωνστάντιον,
2410 3247 2468 3293 ιιι
2501 3240 2665 3293 etiam
2726 3240 2957 3294 habetur
2994 3241 3048 3294 in
3084 3240 3312 3309 Synopsi
3339 3237 3652 3309 Epiphanii.

2054 3394 2283 3452 ΝΟΤᾹΞ.

584 3511 695 3584 (54)
728 3509 919 3584 Aetius
947 3510 1016 3566 ab
1049 3508 1272 3584 Arianis
1298 3508 1575 3584 discessit,
1603 3509 1729 3579 quia
1761 3509 1957 3584 Filium
1982 3508 2083 3562 Pa—
2111 3511 2152 3568 C
2187 3509 2336 3584 circa
2394 3510 2853 3584 incarnationem.
2901 3508 3036 3584 Cum
3099 3508 3397 3584 aestimaret
3419 3520 3502 3584 ἐκ
3556 3505 3770 3564 duabus

513 3580 601 3638 tri'
628 3580 860 3638 similem
906 3596 1003 3649 per
1053 3581 1237 3636 omnia
1285 3580 1551 3644 dicerent,
1601 3594 1708 3634 non
1769 3582 2078 3636 crederent.

512 3654 786 3719 Quocirca
813 3653 913 3706 hoc
952 3651 1283 3720 praestituto,
1330 3649 1474 3719 quod
1507 3650 1611 3704 sibi
1664 3650 1852 3705 eadem
1882 3666 1945 3703 ac
1978 3650 2080 3771 ipsi

512 3726 627 3771 nm
649 3722 1040 3771 nersnicuitate
1082 3729 1269 3771 notum
1326 3728 1619 3771 assereret.
1662 3721 1956 3771 essentiam
2034 3720 2080 3771 ei

512 3726 627 3779 Deo
649 3722 1040 3792 perspicuitate
1082 3729 1269 3792 notum
1326 3728 1619 3792 assereret,
1662 3721 1956 3792 essentiam
1989 3720 2082 3792 Dei

517 3795 571 3846 in
600 3789 706 3847 hoc
734 3789 895 3860 sitam
928 3805 1076 3854 esse,
1120 3789 1264 3856 quod
1316 3789 1634 3860 γάγέννητος,
1693 3791 1957 3860 ingenitus
1987 3791 2079 3853 sit,

507 3862 784 3917 «inferebat
813 3859 1035 3923 Filium,
1056 3860 1183 3928 quia
1206 3859 1470 3924 genitum,
1500 3859 1785 3915 dissimilis
1804 3876 1831 3912 a
1859 3868 2084 3928 paterna

513 3942 726 3986 natura:
747 3946 890 3986 esse.
940 3930 1078 3984 Hinc
1116 3928 1405 3999 ’Δνόμοιοι,
1468 3928 1718 3999 Αηοηιωὶ,
1765 3930 1894 3999 dicti
1954 3938 2083 3982 sunt

513 4004 634 4067 ejus
653 4015 916 4068 sequaces
937 4017 951 4064 ;
980 4014 1211 4067 quorum
1231 3999 1498 4068 prtecipui
1514 3998 1735 4068 fuerunt
1755 3998 2080 4061 Eunomius;

514 4088 543 4125 a
576 4087 686 4141 quo
716 4067 1034 4124 Eunomiani
1056 4069 1366 4141 audierunt,
1393 4067 1803 4141 aeEutychius,
1823 4069 1912 4137 qui
1940 4078 2086 4141 post-

516 4137 617 4196 hac
646 4141 875 4195 alterius
920 4148 1084 4195 sectre
1122 4138 1376 4208 princeps
1402 4138 1536 4208 fuit._
1566 4137 1866 4206 Utriusque
1896 4139 2084 4208 memi—

515 4218 717 4266 nerunt
740 4210 1018 4274 Socrates,
1040 4206 1137 4263 lib.
1167 4224 1218 4272 v,
1238 4222 1288 4261 c.
1307 4207 1412 4273 24;
1438 4215 1491 4261 et
1515 4206 1873 4271 Sozomcnus,
1890 4207 1983 4262 lib.
2007 4223 2081 4270 γι,

515 4298 563 4335 c.
596 4280 686 4335 26.
718 4278 871 4333 Unde
930 4280 1299 4345 Hieronymus
1322 4278 1376 4331 in
1411 4291 1530 4344 cap.
1564 4295 1575 4330 I
1634 4278 1801 4331 Amos
1839 4277 2081 4346 scripsit.

516 4352 733 4404 Ariana:
778 4350 1003 4405 haeresis
1044 4359 1207 4403 vectes
1234 4357 1282 4401 et
1313 4347 1651 4417 ﬁrmissimas
1711 4363 1855 4400 seras
1891 4346 2085 4417 Eutyc-

519 4431 625 4473 tum
648 4429 696 4474 et
731 4417 1048 4472 Eunomium
1086 4417 1277 4472 fuisse.
1320 4416 1435 4471 Non
1462 4418 1606 4470 enim
1665 4426 1860 4470 contra
1920 4416 2080 4473 codd.

516 4500 571 4545 et
596 4491 866 4545 editorum
916 4489 1075 4544 fidem
1109 4488 1212 4557 legi
1246 4487 1436 4557 debet,
1493 4488 1671 4541 Aetius
1689 4497 1737 4540 et
1769 4486 2083 4557 Eunomius.

518 4568 1021 4628 nec,utapparet,
1082 4556 1304 4627 ignotus
1363 4556 1619 4628 Eutycius
1674 4557 1912 4628 Arianus
1962 4556 2081 4611 fuit.

520 4625 889 4683 Eudomianos
939 4625 1217 4682 mersione
1267 4642 1375 4681 una
1430 4625 1741 4696 baptizasse
1794 4625 2081 4690 Socrates,

519 4700 881 4762 Sozomenus,
912 4697 1316 4761 Theodoretus,
1363 4696 1567 4765 aliique
1617 4699 1858 4759 tradunt,
1893 4698 2002 4750 imo
2032 4707 2087 4749 et.

518 4770 838 4838 peregrinas
895 4771 1040 4838 inter
1092 4767 1492 4838 baptizandum
1544 4767 1899 4821 caeremonias
1926 4767 2083 4820 adhi—

2188 3581 2353 3635 rebus
2381 3580 2641 3650 perfectis
2673 3588 2725 3633 et
2758 3579 2985 3650 integris
3014 3592 3182 3650 unum
3215 3576 3435 3650 aliquod
3465 3592 3574 3630 non
3616 3590 3768 3630 com-

2187 3651 2313 3718 poni
2339 3692 2353 3715 ,
2383 3645 2813 3705 'humanitatem
2875 3647 3129 3709 Domini,
3189 3645 3558 3718 utUChristus
3594 3662 3769 3718 __unus

2188 3714 2603 3789 ainOSCeretur,
2634 3734 2696 3773 ea
2725 3724 2878 3789 parte
2900 3731 3007 3786 qua
3030 3716 3317 3771 rationalis
3340 3724 3443 3789 est,
3473 3714 3764 3776 mutilavit,

2187 3785 2346 3859 cujus
2399 3791 2583 3842 munia
2629 3789 2682 3859 in
2726 3785 2982 3859 ⁷Ῡρνὶιιιιιι
3049 3785 3587 3859 propter___unionem
3640 3799 3765 3859 eum

2187 3854 2350 3913 carne
2400 3858 2702 3913 transtulit.
2762 3854 2901 3908 Hinc
2952 3856 3198 3922 gregales
3257 3854 3406 3906 illius
3456 3854 3766 3922 ᾼιμοιρίται

2187 3929 2367 3983 vocati
2427 3936 2591 3989 sunt,
2627 3942 2680 3994 q.
2715 3925 2769 3978 d.
2831 3919 3150 3994 Partitores
3195 3923 3408 3994 animae.
3470 3919 3761 3994 Nimirum,

2188 3998 2267 4052 uti
2294 3996 2579 4051 Nemesius
2613 3990 2870 4049 observat
2911 4008 3030 4062 cap.
3064 3994 3087 4046 l
3120 3992 3193 4046 De
3214 4000 3324 4062 nat.
3356 3991 3498 4062 hom.
3555 3990 3766 4062 Apolli-

2186 4068 2378 4122 narius
2396 4066 2552 4135 juxta
2576 4063 2994 4135 Platonicorum
3013 4063 3214 4131 placita
3236 4061 3761 4135 arbitrabattirvodv,

2187 4131 2428 4195 mentem.
2459 4151 2552 4192 seu
2582 4134 2827 4204 Πνεῦμα,
2865 4133 3137 4204 spiritum,
3163 4133 3598 4204 essequamdam
3630 4131 3763 4204 sub-

2188 4208 2446 4262 stantiam
2473 4208 2542 4261 ab
2575 4201 2755 4259 anima
2811 4202 3177 4271 superabilem
3205 4244 3220 4266 ,
3285 4202 3449 4271 idque
3488 4201 3540 4254 in
3572 4202 3765 4269 primis

2188 4277 2443 4332 studebat
2466 4276 2764 4330 inculcare.
2802 4270 3217 4340 Appollinarium
3269 4270 3642 4335 Laodicenum,
3682 4271 3764 4323 in-

2187 4346 2305 4415 quit
2337 4346 2721 4416 Hieronymus,
2773 4344 2935 4413 epist.
2978 4342 3067 4404 65,
3106 4343 3285 4416 audivi
3324 4340 3613 4416 Antiochia?
3657 4341 3765 4416 fre-

2188 4410 2423 4486 quenter,
2480 4426 2526 4470 et
2545 4410 2731 4478 ἐοίιιὶ,
2765 4410 2963 4486 etcum
3015 4426 3094 4464 me
3123 4413 3425 4486 in_sanctis
3473 4410 3764 4477 Scripta-ris

2186 4481 2438 4548 erudiret,
2469 4501 2737 4554 nunquam
2778 4484 2925 4539 illius
2975 4481 3353 4554 contentiosa»:
3397 4496 3563 4554 super
3610 4496 3766 4554 sensu

2190 4558 2310 4624 (seu
2351 4557 2551 4626 mente)
2590 4550 2784 4626 dogma
2835 4553 3060 4626 suscepi.
3109 4550 3267 4626 Quod
3317 4551 3539 4626 quidam
3591 4550 3763 4613 aiunt,

2188 4620 2313 4681 eum
2345 4620 2584 4679 animam
2616 4620 2861 4688 Christo,
2889 4620 3046 4690 juxta
3077 4637 3141 4677 ac
3175 4622 3412 4675 Arianos
3440 4620 3763 4687 denegasse,

2188 4696 2255 4750 de
2289 4697 2544 4749 rationali
2569 4694 2981 4749 concedendum
3012 4701 3098 4746 est
3126 4706 3325 4761 quaeex
3357 4691 3476 4755 ejus
3507 4690 3765 4761 doctrina

2190 4775 2371 4820 mente
2422 4767 2537 4821 sola
2589 4772 2892 4819 constaret.
2949 4762 3023 4815 Ex
3070 4759 3157 4817 his
3210 4760 3512 4823 inferebat,
3562 4759 3764 4812 nedum

517 4830 748 4895 iniisse:
808 4839 864 4893 in
911 4837 1083 4893 solam
1126 4830 1254 4891 vero
1293 4836 1496 4890 Christi
1553 4846 1820 4899 mortem,
1877 4838 2081 4891 omissa
2118 4840 2159 4893 D
2190 4851 2353 4889 unam
2385 4851 2505 4890 esse
2530 4834 2733 4889 Christi
2768 4846 3057 4903 personam
3099 4841 3151 4885 et
3186 4830 3546 4903 hypostasim,
3575 4843 3765 4903 verum

520 4909 753 4962 formula
780 4924 951 4978 quam,
971 4908 1223 4962 Christus
1249 4906 1505 4978 instituit,
1542 4906 1971 4978 tingeresolitos
1998 4909 2079 4960 vix

522 4976 867 5034 concessero.
931 4977 1189 5033 Socrates
1244 4985 1299 5031 et
1360 4976 1698 5030 Sozomenus
1754 4976 2083 5046 Eutychium

522 5057 794 5103 auctorem
822 5047 1030 5102 faciunt
1061 5062 1367 5116 suppressae
1395 5047 1554 5116 trinae
1599 5046 1908 5116 mersionis.
1951 5049 2089 5099 Ano-

521 5134 693 5188 mmos
722 5119 970 5188 reliquiis
1015 5115 1312 5187 Martj'rum
1343 5124 1396 5171 et
1422 5115 1730 5187 Virginitati
1786 5115 2090 5173 detraxisse

518 5205 583 5243 ex
614 5187 814 5244 Basilio
844 5187 897 5241 et
917 5188 1252 5257 Hieronymo
1286 5195 1518 5251 constat.

593 5258 708 5326 (35)
755 5254 1140 5327 Apollinarius'
1185 5258 1433 5311 diversos
1490 5256 1709 5326 quidem
1732 5256 1786 5310 in
1825 5254 2093 5312 Trinitatc

521 5328 725 5394 gradus
753 5328 1003 5397 posuisse
1029 5328 1220 5389 fertur,
1250 5334 1309 5381 ut
1328 5327 1569 5397 Spiritus
1592 5335 2091 5397 sanctusimagnus,

524 5398 700 5466 major
719 5397 911 5460 Filius,
944 5396 1101 5451 Pater
1130 5396 1423 5467 maximus,
1466 5397 1798 5467 dicerentur.
1826 5396 1880 5449 ld
1908 5406 2095 5450 narrat

522 5466 902 5523 Nazianzenus
940 5469 1099 5536 epist.
1137 5468 1158 5520 l
1189 5467 1257 5519 ad
1283 5466 1498 5520 Cledon.
1530 5474 1588 5519 ut
1636 5466 1881 5534 ejusdem
1931 5467 2095 5536 Apol-

522 5538 703 5591 linarii
728 5605 735 5606 ί
764 5545 972 5591 taceam
1029 5537 1314 5606 epistolam
1342 5537 1407 5589 ad
1437 5537 1715 5606 Basilium,
1765 5552 1885 5606 qum
1918 5544 2097 5593 exstat

528 5617 658 5659 tam.
699 5605 738 5659 ll
778 5606 1015 5661 Monum.
1062 5605 1211 5660 Eccl.
1252 5605 1468 5659 Graeca}.
1504 5605 1737 5663 Basilius
1785 5605 1929 5662 ’vcro
1984 5622 2090 5660 non

528 5693 637 5729 ιιιιο
679 5677 731 5729 in
774 5677 896 5731 loco
941 5675 1162 5731 Sabellii
1216 5676 1409 5744 dogma
1468 5676 1831 5730 instauratum
1902 5677 2120 5731 scribit.

528 5747 595 5801 ab
630 5747 989 5816 Apollinario.
1032 5747 1099 5802 At
1144 5746 1316 5816 magis
1369 5755 1583 5804 constat
1623 5748 1689 5803 dc
1737 5747 1857 5817 ejus
1909 5762 2095 5803 crrorc

2193 4913 2246 4960 et
2279 4914 2531 4960 naturam
2580 4898 2856 4959 unamCln
2892 4898 3399 4956 Collectaneis‘adv.
3447 4900 3634 4961 Sever,
3668 4898 3767 4951 ba-

2198 4976 2355 5029 belur
2379 4985 2716 5046 segmentum
2742 4972 2988 5043 epistola:
3015 4972 3340 5046 _Apollinarii
3358 4969 3420 5023 ad
3444 4968 3763 5029 Diodorum,

2198 5046 2251 5115 in
2280 5062 2389 5114 qun
2442 5040 2550 5115 μία
2596 5040 2899 5115 συγκρατος
2959 5040 3152 5115 φύσις,
3214 5058 3320 5095 una
3382 5047 3769 5115 contemperata

2199 5110 2394 5169 Chr-isti
2451 5110 2645 5167 natura
2716 5110 2920 5183 legitur.
2964 5113 3147 5183 rAlqui
3209 5110 3767 5183 contemperatiopem

2199 5185 2340 5238 hanc
2381 5178 3403 5248 cuvoociwstvfconsubstantiationem,
3433 5178 3764 5250 appellabat,

2201 5264 2444 5309 mutuata
2496 5270 2631 5309 voce
2667 5270 2696 5308 a
2723 5253 2933 5325 synodo
2986 5248 3764 5325 Antiochena,__qua:'_Paulum

2201 5325 2617 5380 Samosatenum
2653 5320 3030 5377 damnaverat.
3050 5320 3204 5376 Unde
3222 5320 3624 5390 Apollinaristaa
3644 5334 3768 5390 συν-⁴

2197 5396 2502 5454 ουσιασταὶ,
2533 5394 2863 5464 Synusiasta:
2896 5407 3111 5464 quoque
3148 5388 3458 5445 audierunt.
3495 5388 3759 5454 Quocirca

2200 5465 2477 5519 ferebatur
2518 5462 2899 5519 confusionem
2950 5462 3242 5515 admittere
3294 5470 3636 5519 naturarum,
3671 5464 3765 5510 aut

2198 5535 2361 5588 unius
2399 5536 2450 5588 in
2484 5535 2646 5586 aliam
2708 5532 3166 5601 conversionem;
3235 5531 3394 5601 idque
3440 5544 3505 5584 eo
3552 5527 3762 5601 magis.

2201 5604 2437 5673 quodex
2480 5604 2601 5671 ejus
2638 5602 2910 5673 sententia
2946 5602 2999 5654 in
3032 5597 3511 5673 Deitatem'ipsam
3543 5597 3763 5673 dolores

2202 5667 2253 5730 et
2274 5667 2654 5744 perpessi-ones
2686 5672 3126 5744 refumlerentur.
3155 5667 3425 5744 Caeterum
3452 5671 3504 5723 in
3526 5667 3759 5744 cpistola

2203 5735 2666 5815 ad'Sc'rapionem
2710 5742 2855 5814 apud
2918 5741 3204 5799 Leontium
3262 5742 3527 5796 adversus
3563 5735 3761 5790 'fraud.
