4012 6208
422 330 521 395 731

1614 331 1674 388 S.
1713 326 2032 389 JOANNIS
2066 326 2496 392 DAMASCENI

3551 331 3666 395 732

495 445 550 500 8.
579 444 830 499 Animam
875 445 957 500 sic
989 444 1126 500 allici
1157 452 1413 515 oportere
1460 456 1630 497 sensu
1682 437 1981 508 participa-

2160 445 2230 508 η’.
2262 440 2383 493 Ὅτι
2409 441 2493 493 δεῖ
2530 440 2631 511 τὴν
2675 441 2854 512 ψυχὴν
2883 440 3140 510 τοιαύτης
3173 438 3458 494 αἰσθέσθαι
3489 439 3520 480 δ
3559 443 3664 511 τῆς

422 533 868 590 tionis‘cmlestis
899 535 1108 604 sponsi,
1141 544 1200 588 ut
1243 531 1480 586 afficitur
1516 529 1715 583 mulier
1748 543 1816 584 ex
1854 541 1991 582 con-

425 636 618 692 gressu
655 622 782 676 viri.

492 713 545 768 9.
581 713 871 782 Spiritales
919 712 1170 766 homines
1203 711 1354 765 intus
1404 709 1651 778 forisque
1701 715 1990 778 peccatum

422 805 650 860 videre:
687 819 897 860 necnon
924 805 1158 875 gratiam
1220 817 1342 871 quae
1395 801 1726 866 infunditur,
1775 807 1831 856 et
1868 813 1991 869 quae

422 904 714 966 operatur.

496 985 583 1038 10.
617 984 1028 1040 Revelationem
1059 998 1182 1038 esse
1211 996 1332 1052 qua
1364 981 1455 1034 ﬁat
1503 979 1558 1034 in
1606 993 1771 1035 sensu
1825 987 1880 1032 et
1906 977 1990 1032 di-

422 1077 550 1130 vina
581 1091 837 1146 persona,
867 1085 1126 1145 tanquam
1154 1073 1429 1128 doctrina.

496 1166 583 1220 11.
618 1167 796 1240 Ignem
835 1167 1176 1221 conditorem
1205 1180 1346 1219 esse.

496 1256 583 1310 12.
614 1255 868 1310 Animam
916 1271 1026 1311 non
1067 1256 1355 1310 habentem
1403 1253 1685 1308 Christum
1719 1254 1772 1307 in
1823 1268 1986 1308 sensu

423 1346 688 1414 omnique
737 1345 978 1410 actione,
1027 1353 1344 1414 serpentum
1403 1358 1527 1398 esse
1577 1357 1642 1396 ac
1696 1352 1990 1397 venenata-

424 1453 546 1492 rum
581 1437 904 1502 bestiarum,
937 1437 1040 1492 hoc
1064 1445 1148 1492 est
1173 1435 1504 1490 adversariae
1537 1434 1719 1488 omnis
1746 1435 1989 1500 virtutis,

424 1528 786 1584 domicilium.

499 1619 585 1674 l3.
619 1618 780 1683 Mala,
817 1626 1016 1673 natura
1047 1625 1326 1672 constare.

498 1710 584 1763 M.
625 1709 770 1764 Ante
816 1709 1076 1763 violatum
1130 1715 1484 1778 praeceptum,
1541 1707 1810 1760 Adamum
1863 1720 1989 1758 cum

428 1798 535 1853 Eva
568 1801 776 1870 absque
805 1800 919 1854 ullo
965 1799 1212 1854 libidinis
1247 1809 1382 1853 aestu
1425 1812 1787 1867 congressum
1844 1811 1988 1850 esse.

498 1889 585 1944 15.
620 1887 676 1942 In
709 1888 931 1942 Mariam
962 1903 1150 1943 semen
1184 1899 1236 1942 et
1261 1887 1499 1942 Verbum
1529 1885 1814 1941 cecidisse.

499 1981 587 2034 16.
621 1979 907 2036 Hominem
934 1990 1190 2050 oportere
1240 1979 1447 2048 duplici
1481 1979 1667 2032 anima
1709 1976 1990 2048 praeditum

426 2087 587 2136 esse;
639 2086 749 2125 una
798 2086 962 2142 quam
1017 2070 1333 2125 hominibus
1387 2083 1732 2124 communem
1776 2067 1990 2131 dicunt,

428 2163 620 2225 altera,
667 2175 833 2230 quam
861 2161 1163 2216 caelestem.

501 2252 588 2305 17.
621 2250 765 2305 Fieri
797 2265 982 2320 posse,
1020 2258 1079 2303 ut
1111 2250 1276 2304 homo
1315 2247 1659 2305 sensibiliter
1696 2261 1992 2318 personam

431 2341 672 2412 Spiritus
724 2343 904 2398 sancti
953 2342 1221 2412 percipiat
1270 2356 1394 2396 cum
1442 2341 1592 2396 omni
1629 2331 1990 2404 icertitudine,

429 2433 770 2505 plenitudine
804 2442 858 2488 et
884 2433 1229 2503 operatione.
1650 2455 1682 2488 ο

501 2525 587 2580 18.
630 2525 805 2582 Posse
855 2525 942 2581 his
990 2525 1085 2595 qui
1127 2533 1291 2579 orant
1336 2538 1603 2594 apparere
1650 2522 1993 2578 Salvatorem

430 2617 487 2670 in
521 2616 644 2670 luce
671 2633 686 2670 :
718 2631 782 2672 ac
813 2617 1050 2686 quodam
1095 2624 1342 2686 tempore
1373 2617 1660 2670 inventum
1714 2615 1992 2668 hominem

430 2714 699 2761 astantem
749 2707 935 2772 altari,
986 2708 1073 2762 cui
1103 2706 1216 2762 sint
1269 2704 1438 2760 oblati
1495 2717 1604 2760 tres
1653 2718 1824 2774 panes
1874 2704 1996 2758 oleo

431 2796 664 2865 perfusi.

498 2985 608 3056 97
638 2985 860 3049 Adhzec,
884 3000 1142 3040 manuum
1174 3001 1369 3056 cperas
1391 2987 1670 3056 rejiciunt,
1706 2986 1854 3040 velut
1875 3002 1996 3056 quze

2091 529 2373 592 κοινωνίας
2411 531 2506 584 τοῦ
2531 533 2782 603 οὐρανίου
2825 533 3083 603 νυμφίου,
3115 531 3234 592 οἵας
3266 529 3582 585 αἰσθάνεται
3620 533 3660 600 ἡ

2092 619 2229 690 γυνὴ
2259 621 2317 672 ἐν
2338 624 2404 691 τῇ
2429 623 2688 693 συνουσίᾳ
2718 621 2812 674 τοῦ
2845 623 3057 692 ἀνδρός.

2161 710 2226 764 θ’.
2263 713 2385 764 Ὀτι
2411 712 2463 764 οἱ
2487 712 2846 780 πνευματικοὶ
2870 711 3072 781 ὁρῶσιν
3099 709 3303 763 ἔσωθεν
3342 711 3437 763 καὶ
3459 710 3664 776 ἔξωθεν

2088 803 2187 873 τὴν
2210 802 2503 874 ἁμαρτίαν,
2531 804 2627 857 καὶ
2644 803 2742 874 τὴν
2767 803 2924 874 χάριν
2945 801 3366 872 ἐνεργουμένην,
3389 803 3483 856 καὶ
3506 804 3665 874 ἐνερ-

2090 909 2188 960 γου
2196 909 2314 944 σαν.

2163 981 2214 1034 ι’.
2253 984 2375 1036 Ὀτι
2424 983 2574 1035 ἐστὶν
2608 981 2946 1051 ἀποκάλυψις
2989 983 3251 1055 γινομένη
3303 985 3362 1036 ἐν
3408 984 3660 1055 αἰσθήσει

2092 1074 2186 1126 καὶ
2214 1073 2506 1126 ὑποστάσει
2538 1073 2719 1142 θεῖκῇ,
2748 1072 2823 1134 ὡς
2842 1072 3091 1141 δόγματι.

2166 1171 2251 1217 ια’.
2284 1165 2407 1218 Ὀτι
2438 1164 2498 1216 τὸ
2527 1163 2636 1234 πῦρ
2664 1163 2995 1234 δημιουργόν
3024 1165 3195 1216 ἐστιν.
3645 1217 3652 1224 ,

2163 1256 2251 1324 ιβ’.
2283 1256 2407 1307 Ὀτι
2437 1254 2640 1325 ἡψυχὴ
2669 1255 2703 1324 ἡ
2743 1254 2817 1323 μὴ
2853 1253 3052 1322 ἔχουσα
3080 1253 3172 1306 τὸν
3221 1253 3457 1324 Χριστὸν
3484 1254 3542 1306 ἐν
3575 1255 3662 1306 al-

2094 1345 2306 1416 σθήσει,
2338 1346 2434 1398 καὶ
2464 1345 2614 1416 πάσῃ
2654 1343 2924 1414 ἐνεργείᾳ,
2963 1343 3278 1414 οίκητὴριόν
3317 1346 3466 1396 ἐστιν
3497 1346 3662 1412 ἑρπε-

2090 1437 2220 1498 τῶν,
2253 1437 2347 1489 καὶ
2379 1436 2601 1489 ίοῦόλων
2643 1435 2872 1505 θηρίων,
2920 1434 3170 1486 τουτέστι
3203 1435 3383 1505 πάσης
3423 1437 3661 1488 ἀντικει-

2095 1530 2264 1600 μένης
2287 1528 2592 1598 δυνάμεως.

2164 1616 2251 1685 ιγ’·
2279 1618 2402 1671 Ὅτι
2437 1619 2598 1685 φύσει
2625 1617 2694 1671 τὰ
2720 1616 2886 1670 κακά.

2166 1708 2248 1763 ιδ.
2281 1709 2404 1760 Ὀτι
2439 1708 2530 1760 καὶ
2563 1705 2667 1778 πρὸ
2707 1705 2806 1776 τῆς
2858 1705 3224 1779 παραϐάσεως
3255 1706 3483 1771 ἀπαθῶς
3512 1711 3659 1761 ἐκοι⁹

2022 1762 2066 1820 Β
2093 1799 2334 1870 νώνηκεν
2364 1800 2395 1851 ό
2433 1762 2701 1870 Ἀδὰμ.τῇ

2165 1890 2247 1946 ιε’.
2283 1891 2406 1943 Ὅτι
2430 1889 2654 1961 σπέρμα
2683 1889 2778 1942 καὶ
2802 1890 2972 1958 Λόγος
2993 1890 3190 1946 ἔπεσεν
3215 1893 3292 1955 είς
3311 1890 3551 1960 Μαρίαν.

2167 1987 2261 2044 ις’.
2295 1981 2419 2033 Ὀτι
2453 1979 2545 2033 δύο
2569 1980 2650 2032 δεῖ
2690 1979 2997 2051 κτήσασθαι
3031 1980 3122 2034 τὸν
3147 1981 3430 2054 ἄνθρωπον
3454 1981 3661 2051 ψυχάς,

2095 2073 2260 2142 φασίο
2316 2073 2443 2143 μίαν
2497 2073 2596 2143 τὴν
2644 2073 2832 2144 κοινὴν
2869 2072 3188 2142 ἀνθρώποις.
3232 2073 3323 2128 καὶ
3367 2074 3499 2144 μίαν
3550 2073 3661 2144 τὴν

2095 2165 2436 2236 ἐπουράνιον.

2167 2255 2250 2319 ιζ’.
2302 2255 2425 2308 Ὀτι
2472 2253 2695 2307 δυνατόν
2747 2270 2882 2323 φασι
2939 2252 3195 2320 δέξασθαι
3244 2254 3512 2324 αἰσθητῶς
3553 2255 3656 2324 τὴν

2097 2344 2394 2397 ὑπόστασιν
2439 2343 2530 2397 τοῦ
2584 2343 2740 2412 ἁγίου
2787 2345 3102 2415 Πνεύματος
3145 2345 3237 2398 τὸν
3274 2343 3559 2416 ἄνθρωπον
3596 2345 3658 2397 ἐν

2095 2435 2244 2506 πάσῃ
2270 2435 2611 2509 πληροφορίᾳ
2639 2437 2734 2490 καὶ
2763 2437 2912 2508 πάσῃ
2939 2437 3213 2507 ἐνεργείᾳ.

2169 2527 2259 2595 ιη’.
2295 2527 2420 2578 Ὀτι
2460 2528 2574 2590 τοῖς
2617 2526 2932 2596 εὐχομένοις
2969 2526 3194 2580 δύναται
3237 2524 3606 2596 φανεροῢσθαι
3635 2527 3664 2578 ὁ

2097 2617 2288 2686 Σωτὴρ
2323 2627 2345 2654 ε
2389 2617 2449 2669 ἐν
2477 2618 2638 2686 φωτὶ,
2671 2618 2765 2671 καὶ
2808 2617 2950 2670 κατά
2992 2633 3112 2670 τινα
3143 2616 3334 2687 καιρὸν
3368 2615 3662 2684 εὑρεθῆναι

2096 2707 2382 2777 ἄνθρωπον
2421 2709 2748 2779 παρεστῶτα
2793 2708 2872 2778 τῷ
2907 2706 3310 2777 θυσιαστηρίῳ,
3353 2707 3446 2760 καὶ
3488 2723 3662 2776 προσε

2097 2799 2323 2869 ηνέχθαι
2377 2799 2526 2869 αὑτῷ
2582 2803 2732 2870 τρεῖς
2784 2801 2978 2870 ἄρτους
3032 2799 3099 2852 δι’
3141 2797 3319 2852 ἐλαίου
3377 2797 3666 2868 πεφυρμέ-

2100 2907 2245 2954 νους.

2170 2997 2293 3052 Ἔτι
2329 3001 2386 3053 δὲ
2424 2999 2518 3054 καὶ
2553 3000 2984 3070 ἀποστρέφονται
3019 3001 3112 3055 καὶ
3131 3000 3230 3071 τὴν
3255 3001 3318 3054 ἐκ
3338 2999 3446 3054 τῶν
3467 3001 3666 3070 χειρῶν

427 3077 778 3158 Christianos
826 3078 1111 3134 dedeceat.
1169 3078 1478 3134 Praesertim
1539 3094 1670 3134 vero
1725 3094 1880 3134 suam
1937 3080 1990 3133 in

2100 3093 2383 3161 ἐργασίαν,
2413 3091 2488 3154 ὡς
2511 3091 2571 3144 οὑ
2593 3092 2909 3163 πρέπουσαν
2932 3093 3294 3161 Χριστιανοῖς.
3320 3091 3476 3143 Κατά
3501 3093 3669 3162 μέρος

430 3183 700 3238 pauperes
749 3169 1206 3225 lnhumauitatem
1268 3179 1549 3241 promunt.
1612 3171 1781 3224 Aiunt
1844 3171 1992 3225 enim

431 3272 609 3327 neque
638 3259 723 3314 his
753 3261 848 3329 qui
889 3262 1085 3330 stipem
1115 3262 1336 3331 publice
1370 3263 1709 3327 mendicant,
1747 3270 1842 3316 aut
1874 3278 1996 3332 qua:

429 3346 607 3401 vidua:
663 3349 869 3403 relicta.-
928 3359 1076 3414 sunt,
1133 3353 1271 3407 iisve
1327 3353 1422 3420 qui
1483 3353 1715 3407 adversa
1770 3351 1996 3406 fortuna

431 3446 682 3500 utuntur,
741 3439 826 3492 vel
881 3453 1116 3509 corpore
1160 3443 1362 3506 mutili,
1406 3443 1490 3496 vel
1521 3444 1728 3499 morbis
1775 3443 1992 3508 amicti,

429 3528 514 3582 vel
557 3528 776 3583 acerbis
804 3529 1179 3586 creditoribus
1209 3532 1456 3596 obnoxii,
1484 3534 1569 3588 vel
1597 3533 1874 3588 latronum
1903 3543 1997 3588 aut

432 3618 795 3674 barbarorum
827 3620 1242 3677 incursionibus
1276 3623 1472 3688 attriti,
1505 3623 1740 3694 aliisque
1767 3627 1996 3680 calami-

431 3711 639 3764 tatibus
694 3711 747 3765 in
790 3713 914 3766 vita:
975 3714 1262 3783 angustias
1309 3729 1373 3768 ac
1428 3723 1724 3786 egestatem
1782 3717 1993 3773 detrusi

431 3810 586 3864 sunt,
615 3803 1093 3873 elecmosynarum
1135 3821 1237 3873 ope
1281 3807 1706 3876 haudquaquam
1755 3810 1996 3865 subven-

429 3904 544 3948 tum
575 3895 640 3948 iri
674 3905 929 3965 oportere
957 3913 1053 3966 per
1077 3912 1172 3952 eos
1213 3899 1307 3968 qui
1352 3915 1472 3954 sese
1523 3899 1682 3956 bonis
1712 3901 1994 3968 abdicant,

428 3987 715 4042 autetiam
751 4003 846 4056 per
877 4002 972 4042 eos
1003 3988 1094 4057 qui
1145 3988 1519 4044 beneﬁcentia:
1551 3990 1605 4044 in
1651 3993 1845 4061 primis
1873 4002 1994 4048 stu-

428 4079 558 4130 dent
591 4097 603 4131 :
634 4079 727 4133 sed
762 4080 864 4134 sibi
901 4080 1085 4148 potius
1118 4081 1255 4149 ipsis
1285 4082 1755 4137 subministrauda
1786 4087 1990 4140 omnia.

432 4166 503 4220 Se
541 4169 686 4221 enim
716 4184 876 4224 veros
905 4185 1029 4224 esse
1057 4186 1325 4240 pauperes
1351 4171 1570 4239 spiritu.

501 4274 597 4331 llis
631 4277 963 4332 addiderunt
1005 4278 1377 4333 Eeclesiarum
1428 4295 1492 4334 ac
1535 4295 1822 4337 sacrorum
1856 4285 1994 4338 alta-

430 4366 572 4419 rium
624 4375 1024 4437 contemptum.
1074 4367 1191 4421 Non
1229 4369 1424 4422 decere
1474 4367 1771 4425 Monachos
1806 4371 1996 4426 Eccle-

431 4457 670 4512 siasticis
742 4459 1014 4512 interesse
1092 4459 1456 4512 conventibus
1507 4475 1520 4512 :
1575 4459 1821 4528 satisque
1886 4461 1995 4516 illis

428 4563 552 4604 esse
587 4563 727 4619 quas
769 4548 824 4603 in
872 4548 990 4603 suis
1018 4549 1276 4604 oratoriis
1331 4563 1520 4618 preces
1567 4548 1822 4616 fundunt,
1867 4561 1992 4606 tan-

427 4649 542 4693 tam
573 4639 720 4693 enim
750 4652 973 4707 precum
1005 4637 1112 4690 vim
1143 4652 1264 4692 esse
1293 4639 1504 4700 dicunt,
1541 4645 1601 4691 ut
1645 4640 1784 4708 ipsis
1825 4651 1994 4711 atque

428 4729 670 4796 ipsorum
696 4727 987 4798 discipulis
1014 4726 1253 4798 Spiritus
1280 4737 1506 4783 sanctus
1547 4731 1797 4785 sensibili
1832 4734 1994 4788 modo

428 4819 715 4873 visendum
749 4833 808 4874 se
852 4817 1116 4888 praebeat.
1173 4817 1387 4889 Quippe
1433 4830 1711 4890 nugantur
1741 4837 1859 4887 eos,
1895 4826 1991 4894 qui

427 4907 662 4962 salutem
708 4907 880 4961 velint
932 4907 1216 4976 consequi,
1281 4922 1344 4962 ea
1378 4912 1807 4976 perseverantia,
1857 4914 1992 4968 nihil

428 5009 658 5065 prorsus
685 4995 830 5049 aliud
881 4995 1087 5064 negotii
1117 5003 1362 5065 agentes,
1394 4997 1633 5050 orationi
1672 5013 1865 5054 vacare
1894 5001 1991 5057 de-

427 5086 578 5152 bere,
606 5085 780 5142 donec
821 5094 1106 5156 peccatum
1171 5087 1346 5140 instar
1409 5087 1539 5141 fumi
1597 5089 1855 5159 alicujus,
1900 5103 1994 5148 aut

429 5176 595 5247 ignis,
623 5185 717 5232 aut
749 5177 1044 5246 serpentis,
1094 5183 1188 5230 aut
1232 5177 1540 5248 cuiuspiam
1575 5179 1850 5248 ejusmodi
1885 5183 1990 5238 bel-

2099 3185 2154 3238 ὑὲ
2183 3183 2275 3237 καὶ
2304 3183 2402 3253 τὴν
2425 3183 2506 3246 εἰς
2535 3183 2782 3252 πτωχοὺς
2807 3183 3202 3254 ἀπανθρωπίαν
3240 3183 3540 3251 εἰσάγουσι,
3565 3183 3670 3250 φάο

2102 3295 2345 3340 σκοντες,
2376 3277 2451 3340 ὡς
2475 3276 2598 3346 οὑχὶ
2640 3277 2752 3338 τοῖς
2783 3273 3021 3344 δημοσία
3063 3273 3432 3346 προσαιτοῦσι,
3481 3273 3514 3344 ἢ
3545 3275 3672 3337 ταῖς

2099 3367 2626 3437 καταλελειμμέναις
2678 3367 2914 3436 χήραις,
2976 3365 3097 3418 οὑδὲ
3152 3369 3262 3429 τοῖς
3311 3367 3670 3436 περιστάσεσι

2097 3459 2461 3529 χρησαμένοις
2496 3456 2545 3522 δ,
2587 3459 2621 3526 ἢ
2652 3456 2803 3526 λώϐῃ
2847 3457 3133 3525 σωμάτων,
3189 3455 3222 3525 ἢ
3279 3455 3475 3516 νόσοις,
3511 3455 3544 3524 ἢ
3577 3473 3672 3508 πι-

2100 3553 2254 3620 κροῖς
2301 3551 2638 3613 δανεισταῖς,
2675 3546 2952 3618 ἢλῃστῶν
2977 3585 2991 3609 ,
3032 3546 3064 3616 ἦ
3104 3545 3401 3616 Βαρϐάρων
3447 3546 3670 3617 ἐπιδροα

2103 3645 2250 3710 μαῖς,
2290 3642 2324 3710 ἡ
2375 3657 2484 3694 τισι
2518 3637 2799 3700 τοιαύταις
2833 3638 3142 3707 συμφοραῖς
3190 3635 3672 3706 περιπεπτωκόσιν

2099 3734 2368 3805 ἀπαρκεῖν
2398 3731 2669 3802 ἁρμόττον
2694 3731 2806 3792 τοῖς
2824 3728 3280 3796 ἀποταττομένοις
3314 3739 3360 3791 ο,
3391 3726 3424 3796 ἢ
3447 3727 3510 3780 τὸ
3530 3727 3670 3789 ὅλως

2099 3825 2454 3895 ἀγαθοεργεῖν
2488 3820 2834 3891 ἀρχομένοις,
2869 3818 2984 3871 ἀλλ’
3027 3819 3213 3880 αὑτοῖς
3253 3817 3468 3870 ἅπαντα
3499 3835 3669 3888 χορη-

2099 3920 2215 3987 γεῖν
2239 3934 2252 3946 ο
2283 3916 2509 3977 ἑαυτοὺς
2535 3914 2642 3982 γὰρ
2681 3912 2914 3980 ἔφασκον
2947 3904 3085 3963 εἶναι
3117 3910 3241 3972 τοὺς
3275 3909 3491 3978 ἀληθῶς
3521 3926 3669 3962 πτω-

2099 4008 2354 4079 χεύοντας
2381 4005 2458 4076 τῷ
2480 4003 2610 4058 πνεύ
2621 4020 2769 4074 ματι.

2170 4278 2391 4342 Τούτοις
2416 4278 2804 4350 προσετίθεσαν
2832 4276 2940 4330 τῶν
2964 4272 3298 4348 Ἐκκλησιῶν
3328 4281 3421 4333 καὶ
3449 4280 3559 4331 τῶν
3575 4280 3670 4332 θυ·

2103 4370 2431 4441 σιαστηρίων
2455 4369 2774 4438 ὑπεροψίαν,
2801 4369 2874 4432 ὡς
2896 4369 3011 4421 δέον
3033 4369 3158 4431 τοὺς
3177 4369 3439 4437 ἀσκητάς,
3468 4369 3672 4438 ἐκκληο

2103 4463 2411 4522 σιαστικαῖς
2447 4459 2544 4529 μὲν
2577 4461 2652 4529 μὴ
2677 4459 3014 4529 παραμένειν
3051 4457 3353 4521 συνάξεσιν,
3377 4459 3669 4528 ἀρκεῖσθαι

2099 4552 2154 4605 δὲ
2182 4553 2301 4610 ταῖς
2330 4551 2387 4602 ἐν
2417 4551 2530 4611 τοῖς
2562 4549 2873 4618 εὑκτηρίοις
2916 4547 3095 4601 αὑτῶν
3125 4548 3331 4618 εὐχαῖς.
3383 4549 3670 4617 Τοσαύτην

2099 4641 2208 4710 γὰρ
2237 4640 2422 4706 ἔλεγον
2452 4633 2590 4690 εἶναι
2625 4637 2722 4706 τῆς
2745 4638 3056 4706 προσευχῆς
3090 4634 3108 4673 ί
3135 4635 3232 4703 τὴν
3255 4635 3505 4704 δύναμιν,
3527 4635 3668 4688 ὥστε

2102 4731 2282 4791 αὑτοῖς
2311 4745 2369 4781 τε
2393 4727 2488 4780 καὶ
2520 4727 2630 4788 τοῖς
2657 4725 2784 4794 παρ’
2811 4723 2988 4778 αὑτῶν
3017 4722 3450 4792 μαθητευθεῖσιν,
3471 4724 3663 4794 αίσθη-

2099 4819 2208 4882 τῶς
2243 4818 2304 4870 τὸ
2330 4816 2553 4886 Πνεῦμα
2591 4817 2649 4868 τὸ
2700 4814 2854 4881 ἆγιον
2899 4811 3294 4880 ἐπιφαίνεσθαι.
3332 4812 3668 4884 Τερατεύον-

2101 4928 2191 4964 ται
2222 4909 2352 4980 γὰρ,
2372 4908 2448 4971 ὡς
2479 4906 2585 4977 χρὴ
2609 4907 2735 4968 τοὺς
2765 4904 3002 4973 σωθῆναι
3039 4903 3394 4972 βουλομένους
3425 4905 3522 4956 ἐπὶ
3545 4921 3667 4957 τοσο

2099 5002 2255 5056 οὖτον
2285 4997 2710 5070 προσεύχεσθαι,
2751 4995 2904 5048 οὐδὲν
2956 4994 3018 5046 τὸ
3045 4992 3305 5065 παράπαν
3342 4993 3531 5062 ἕτερον
3555 4992 3670 5046 δια⁸

2099 5090 2530 5162 πραττομένους,
2559 5088 2663 5150 ἓως
2698 5088 2762 5140 ἂν
2791 5086 2888 5156 τῆς
2927 5085 3026 5154 μὲν
3053 5083 3327 5154 ἁμαρτίας
3353 5082 3670 5149 αἴσθωνται,

2101 5182 2350 5252 καθάπερ
2382 5179 2590 5234 καπνοῦ
2616 5195 2781 5241 τινος,
2808 5177 2842 5246 ἢ
2870 5175 3042 5246 πυρὸς
3065 5215 3078 5239 ,
3115 5174 3147 5244 ἢ
3176 5174 3485 5245 δράκοντος,
3514 5176 3550 5246 ἦ
3586 5191 3671 5227 τι-

1698 5385 1934 5442 νΑῐὶΙᾹΞ
1977 5381 2381 5442 LECTIONES.

503 5552 773 5631 li‘lllmluet
795 5554 1131 5631 cotl.__S.ll_il.
1165 5557 1402 5631 ἔσεσθαι,
1427 5561 1503 5614 sie
1537 5573 1692 5615 vetus
1718 5562 1947 5631 interpr.
1979 5562 2111 5630 fore.
2191 5573 2211 5599 ο
2247 5562 2336 5616 Sic
2368 5561 2498 5631 Reg.
2530 5559 2670 5631 2508
2700 5553 3083 5631 alii,3za_up6;-
3116 5623 3137 5631 _
3159 5550 3184 5590 δ
3218 5550 3396 5631 Q8851»
3420 5565 3669 5631 κρησαιιο

433 5621 486 5670 in
519 5621 586 5678 li.
616 5623 775 5679 2508.

859 5637 882 5663 ο
913 5624 1004 5703 Sic
1035 5625 1235 5703 ξ”ιορηιυ
1264 5628 1396 5684 Duc.
1429 5631 1598 5686 edidit
1621 5648 1686 5686 ex
1715 5632 1838 5687 (od.
1869 5622 2132 5702 August”
2159 5633 2248 5686 alii
2284 5647 2410 5687 vero
2445 5622 2570 5693 εἷοὶδς
2591 5622 3081 5696 ἀποταττομένους,
3113 5623 3144 5693 ἦ
3173 5622 3298 5684 τοὺς
3330 5643 3349 5671 :
3379 5657 3392 5672 .
3421 5659 3432 5672 .
3463 5657 3477 5672 .
3502 5622 3669 5690 ἀρχα·

309 5700 321 5719 ⁸
432 5689 643 5758 μένους.
726 5693 743 5730 ί
779 5692 908 5763 Reg.
935 5695 968 5746 2
1000 5694 1182 5762 εὐχῆς.
