4012 6208
326 324 434 386 733

1538 324 1634 384 DE
1670 323 2122 385 HrERESIBUS
2154 323 2414 383 LIBER.
2440 396 2443 397 ν

3481 316 3589 381 734

327 450 417 494 νος
447 430 695 486 τοιούτου
718 432 932 503 θηρίου,
970 432 1059 486 διὰ
1094 432 1194 501 τῆς
1226 433 1537 503 προσευχῆς
1560 433 1903 503 ἐξελαυνομέ-

2026 433 2147 499 lum,
2186 432 2454 487 orationis
2504 430 2557 485 vi
2607 431 2932 501 expellatur,
2967 444 3031 484 ac
3062 445 3158 500 per
3188 444 3377 499 preces
3408 431 3587 483 sensi-

327 542 451 593 νης,
479 525 574 578 καὶ
603 525 873 596 αίσθητῶς
894 524 984 577 διὰ
1013 524 1121 577 τῶν
1160 524 1479 594 προσευχῶν
1502 524 1752 594 ἐξιούσης
1771 542 1786 557 ο
1819 523 1913 577 τοῦ

334 615 654 685 Πνεύματος
690 615 748 667 δὲ
777 615 870 667 τοῦ
915 614 1074 681 ἁγίου
1106 613 1270 667 πάλιν
1294 614 1392 683 τὴν
1415 613 1620 667 είσοδον
1641 614 1915 681 αἰσθητῶς

330 703 723 766 ὑποδέξωνται,
752 704 848 756 καὶ
873 702 1116 773 φανερὰν
1142 704 1200 754 ἐν
1227 704 1294 771 τῇ
1330 702 1475 772 ψυχῇ
1502 701 1697 772 ἔχωσιν
1726 702 1913 771 αἴσθη-

331 810 419 845 σιν
441 793 543 860 τῆς
585 791 792 844 εἰσόδου
850 792 946 844 τοῦ
986 791 1325 862 Πνεύματος.
1376 793 1487 867 Καί
1538 792 1746 862 ταύτην
1774 790 1914 845 εἶναι

327 885 431 953 τὴν
466 882 737 952 ἀληθινὴν
762 882 871 935 τῶν
898 882 1243 954 Χριστιανῶν
1274 882 1557 936 κοινωνίαν
1578 900 1591 914 ο
1645 883 1765 935 οὐδὲ
1804 882 1913 953 γὰρ

329 976 388 1027 ὲν
415 973 494 1044 τῷ
530 972 873 1042 βαπτίσματι
899 975 998 1044 τῆς
1024 974 1339 1044 ἐκκλησίας,
1372 974 1405 1043 ἢ
1431 975 1549 1035 ταῖς
1572 972 1678 1025 τῶν
1712 972 1813 1041 κλη
1832 989 1911 1042 ρι-

331 1064 444 1117 κῶν
464 1064 815 1135 χειροτονίαι,
844 1065 1004 1133 ἁγίου
1039 1064 1178 1118 Πνεύ
1188 1082 1355 1134 ματος
1387 1065 1604 1127 πάντως
1632 1063 1905 1133 μεταλαμ-

331 1157 518 1211 ϐἁνειν
541 1158 671 1220 τοὺς
707 1157 1159 1227 βαπτιζομένους,
1189 1159 1236 1209 εί
1265 1158 1338 1227 μὴ
1368 1158 1493 1219 ταῖς
1526 1156 1705 1210 αὐτῶν
1739 1173 1908 1226 προσ-

330 1249 523 1316 ευχαῖς
576 1246 1007 1317 φιλοπονώτερον
1040 1247 1444 1316 κοινωνήσοιεν,
1500 1246 1595 1300 καὶ
1627 1246 1812 1299 λαϐεῖν
1845 1245 1911 1299 ἄν

329 1356 455 1391 τινα
491 1338 587 1392 καὶ
618 1338 738 1408 δίχα
765 1338 860 1391 τοῦ
896 1339 1297 1409 βαπτίσματος,
1338 1338 1433 1391 τοῦ
1467 1338 1622 1406 ἁγίου
1655 1339 1910 1409 Πνεύμα-

328 1445 425 1490 τος
457 1428 766 1492 κοινωνίαν,
798 1431 845 1481 εί
868 1429 1206 1497 παραμένειν
1253 1428 1434 1491 αὐτοῖς
1472 1426 1767 1497 ἐθελήσειε,
1816 1427 1910 1479 καὶ

328 1518 445 1580 τοῖς
466 1517 692 1569 ἐκείνων
725 1516 1129 1587 μαθητεύεσθαι
1158 1518 1424 1587 δόγμασιν
1448 1535 1462 1550 υ
1504 1518 1579 1581 ὡς
1608 1517 1705 1571 καὶ
1736 1534 1907 1588 πρεσ-

329 1608 580 1679 ϐυτέρων
612 1608 876 1662 εἰπόντων
911 1609 1095 1671 αὐτοῖς
1117 1648 1132 1673 ,
1163 1608 1348 1661 ὃτιἘν
1380 1608 1559 1661 πίστει
1587 1608 1649 1660 τὸ
1680 1607 1905 1675 Πνεῦμα

327 1701 393 1751 τὺ
426 1701 580 1767 ἆγιον
608 1698 974 1769 ὁμολογοῦμεν
996 1698 1163 1768 ἔχειν,
1192 1699 1285 1751 καί⁵
1313 1699 1413 1751 οὐκ
1435 1692 1705 1769 αἰσθήσει,
1736 1700 1909 1765 ἐπαγ·

2018 522 2113 577 bili
2179 523 2344 577 modo
2420 522 2702 589 discedat;
2772 524 3082 589 ingressum
3154 534 3284 573 vero
3343 519 3587 586 Spiritus

2017 614 2196 668 sancti
2256 628 2423 668 sensu
2476 628 2696 682 quoque
2749 612 2868 681 ipso
2929 610 3318 679 suscipientes.
3372 610 3590 678 perspi-

2016 719 2181 759 cuum
2205 706 2390 759 animo
2419 703 2691 774 ejusmodi
2739 704 3026 774 ingressus
3060 716 3283 758 sensum
3318 700 3588 763 habeant;

2016 794 2266 864 hancque
2314 810 2495 849 veram
2549 809 2677 849 esse
2730 794 3173 849 Christianorum
3241 792 3589 846 communio-

2015 900 2161 939 nem.
2202 884 2313 940 Nec
2349 887 2495 941 enim
2528 900 2623 955 per
2643 886 3002 955 baptismum,
3044 899 3146 938 nec
3196 898 3294 953 per
3324 896 3587 935 manuum

2013 977 2342 1031 clericorum
2412 977 2843 1046 impositionem,
2919 977 3031 1030 ullo
3098 975 3263 1029 modo
3346 974 3587 1044 Spiritus

2015 1070 2193 1122 sancti
2247 1068 2545 1137 participes
2599 1067 2739 1129 fieri,
2802 1068 2894 1136 qui
2948 1067 3224 1135 baptismo
3276 1065 3585 1135 tinguntur,

2014 1160 2120 1214 nisi
2174 1159 2503 1214 assiduitate
2562 1158 2759 1227 majori
2813 1158 3156 1212 orationibus
3209 1157 3582 1211 incubuerint.

2012 1248 2156 1314 Quin
2207 1249 2369 1304 etiam
2427 1249 2546 1303 sine
2613 1250 2885 1318 baptismo
2962 1248 3265 1316 quemlibet
3342 1247 3586 1315 Spiritus

2012 1339 2189 1393 sancti
2254 1339 2575 1408 participem
2638 1339 2751 1392 lieri
2819 1353 3001 1407 posse,
3056 1338 3220 1391 modo
3255 1336 3401 1405 apud
3434 1338 3583 1405 ipsos

2012 1440 2367 1495 perseverare
2423 1426 2681 1490 voluerit,
2747 1440 2959 1494 suaque
3028 1424 3279 1479 doctrina
3338 1424 3584 1478 imbutus

2010 1515 2178 1570 fuerit
2212 1534 2225 1568 :
2264 1525 2322 1569 ut
2350 1530 2473 1571 cum
2510 1515 2818 1586 presbyteri
2859 1515 3081 1584 quidam
3140 1515 3412 1569 dixissent
3457 1514 3581 1568 eis:

2010 1621 2109 1661 nos
2138 1606 2403 1676 Spiritum
2454 1615 2707 1662 sanctum
2759 1622 2854 1676 per
2902 1605 3059 1660 ﬁdem
3115 1605 3303 1659 haberi
3359 1605 3584 1660 conlite-

2011 1713 2152 1763 mur,
2180 1712 2289 1752 nou
2329 1713 2460 1752 vero
2493 1712 2589 1766 per
2624 1712 2881 1764 sensum;
2924 1696 3027 1766 ipsi
3065 1695 3317 1765 polliceri
3354 1696 3583 1750 minime

330 1758 617 1857 γείλασθαι
642 1758 749 1845 ’καὶ
782 1758 989 1855 αὐτοῖς,
1017 1758 1105 1842 διὰ
1134 1758 1233 1859 τῆς
1264 1791 1361 1844 σὺν
1394 1758 1903 1861 αὐτοῖς-προσευχέις

2012 1788 2405 1853 dubitaverint,
2446 1790 2564 1844 illis
2596 1805 2818 1860 quoque
2852 1789 3097 1859 Spiritus
3124 1804 3353 1845 sensum
3388 1791 3579 1842 datum

331 1881 800 1952 μεταδοθήσεσθαι
820 1881 921 1948 τῆς
948 1880 1253 1950 αἰσθήσεως
1273 1880 1366 1933 τοῦ
1398 1880 1734 1951 Πνεύματος.
1772 1882 1910 1934 Τοσ-

326 1972 488 2035 οῦτος
514 1972 571 2024 δέ
621 1973 769 2024 ἐστιν
818 1971 1000 2023 αὐτῶν
1030 1971 1131 2041 τῆς
1167 1970 1484 2034 ἀλαζονείας
1535 1973 1564 2023 ὁ
1615 1970 1801 2038 τῦφος,
1834 1970 1911 2035 ὡς

325 2064 457 2125 τοὺς
508 2063 878 2133 μετασχόντας
912 2062 1043 2131 παρ’
1070 2061 1252 2124 αὐτοῖς
1299 2060 1459 2130 δῆθεν
1488 2061 1588 2130 τῆς
1615 2060 1710 2114 τοῦ
1740 2061 1912 2114 Πνεύ-

331 2170 502 2224 ματος
539 2152 842 2222 αἰσθήσεως
896 2152 1297 2222 μακαρίζεσθαι
1342 2152 1435 2205 ὑπ’
1480 2154 1682 2215 αὐτῶν,
1721 2154 1797 2217 ὡς
1820 2171 1911 2207 τε·

327 2244 508 2307 λείους
548 2245 643 2296 καὶ
668 2244 849 2312 πάσης
872 2243 1147 2313 ἁμαρτίας
1182 2242 1519 2312 ἐλευθέρους,
1551 2246 1643 2297 καὶ
1666 2244 1910 2312 κρείττο-

329 2351 451 2397 νας,
488 2334 582 2386 καὶ
616 2326 920 2404 περιέπειν,
952 2333 1049 2386 καὶ
1083 2333 1357 2397 σέϐεσθαι,
1391 2334 1465 2397 ῶς
1506 2335 1580 2407 μὴ
1611 2336 1907 2405 ὑποκειμέ-

328 2441 457 2486 νους
489 2422 569 2475 ἔτι
619 2421 889 2485 κινδύνοις
940 2421 1234 2493 ἁμαρτίας.
1278 2421 1441 2474 Ἀλλὰ
1487 2422 1672 2476 λοιπὸν
1703 2421 1905 2486 ἄνεσιν,

328 2515 428 2567 καὶ
471 2513 778 2585 βρωμάτων
808 2513 1013 2577 ἄδειαν,
1072 2512 1166 2565 κα)⁸
1196 2514 1378 2565 πᾶσαν
1422 2513 1688 2582 ὑπάρχειν
1727 2513 1907 2575 αὐτοῖς

328 2602 675 2673 δορυφορίαν,
725 2602 818 2653 καὶ
849 2601 1034 2672 τιμὴν,
1081 2602 1176 2655 καὶ
1204 2602 1437 2672 τρυφὴν,
1474 2595 1548 2655 ὧν
1579 2602 1765 2655 πολλοὶ
1815 2603 1907 2655 καὶ⁴

333 2694 476 2763 μετὰ
515 2692 612 2762 τὴν
640 2690 899 2761 τοιαύτην
945 2693 1075 2761 παρ’
1106 2693 1289 2755 αὐτοῖς
1331 2693 1634 2763 μαρτυρίαν
1682 2693 1781 2759 τῆς
1817 2710 1905 2746 τε-

328 2785 605 2854 λειότητος
627 2785 705 2846 είς
724 2782 851 2845 τοὺς
881 2783 1038 2846 ἐκτὸς
1067 2782 1247 2848 ὄντας,
1267 2786 1361 2837 καὶ
1390 2782 1513 2836 οὔτε
1547 2784 1907 2855 Χριστιανοὺς

328 2875 838 2946 προσαγορεύεσθαι
865 2875 1050 2939 ἀξίους
1089 2878 1132 2939 ε,
1173 2875 1583 2946 αἰσχρουργίαις
1606 2875 1901 2945 διαφόροις,

329 2968 426 3021 καὶ
462 2968 761 3038 χρημάτων
800 2967 1049 3034 κλοπαῖς,
1079 2968 1172 3021 καὶ
1205 2968 1483 3038 πορνείαις
1516 2966 1904 3037 περιπεσόντες

328 3057 609 3128 ὤφθησαν.

396 3262 578 3316 Πολλὰ
618 3263 671 3317 δὲ
707 3262 803 3317 καὶ
849 3263 1014 3333 ἕτερα
1070 3262 1206 3333 πρὸς
1239 3263 1351 3325 τοῖς
1384 3259 1695 3331 είρημένοις
1737 3276 1905 3329 τερα-

325 3352 600 3418 τεύονται,
632 3354 707 3417 ὼς
745 3355 837 3407 καὶ
886 3355 1100 3424 γάμους
1145 3352 1442 3423 ὲνθέσμους
1488 3348 1903 3420 ἁδιαφορώτατα

324 3443 565 3500 διαλύειν
593 3444 810 3513 αὐτοὺς,
839 3445 936 3497 καὶ
968 3445 1097 3508 τοὺς
1126 3443 1234 3495 τῶν
1257 3444 1452 3513 γάμων
1479 3442 1899 3511 ἀφισταμένους,

323 3540 400 3604 ὡς
446 3540 697 3611 ἀσκητὰς
746 3538 1268 3610 προσλαμϐάνεσθαι
1298 3537 1393 3590 καὶ
1428 3535 1777 3607 μακαρίζειν,
1810 3536 1905 3588 καὶ

325 3633 575 3703 πατέρας
607 3632 699 3684 καὶ
732 3631 978 3701 μητέρας
1013 3629 1404 3697 τεκνοτροφίας
1434 3626 1654 3697 ἀμελεῖν
1690 3626 1904 3680 πείθου-

326 3740 432 3787 σιν,
457 3724 640 3787 αύτοῖς
666 3723 722 3775 δὲ
756 3720 1151 3792 προσκομίζειν
1172 3720 1349 3773 πάντα
1370 3706 1751 3789 κατεπᾴδουσι.
1774 3718 1903 3770 Δού-

323 3815 448 3878 λους
473 3814 530 3867 δὲ
558 3814 836 3867 δεσποτῶν
857 3813 1356 3884 ἀποδιδράσκοντας
1388 3811 1621 3880 ἑτοίμως
1664 3809 1904 3880 παραδέ-

325 3921 529 3974 χονται,
563 3905 659 3958 καὶ
684 3904 811 3966 τοὺς
839 3904 1257 3974 ἁμαρτάνοντας
1276 3941 1289 3963 ,
1318 3901 1411 3954 καὶ
1440 3901 1625 3963 αὐτοῖς
1650 3900 1904 3969 προσιόνο

320 4012 421 4058 τας
450 3995 583 4049 ἄνευ
628 3993 844 4062 καρποῦ
875 4009 1021 4055 τινος
1053 3991 1362 4062 μετανοίας,
1416 3992 1544 4044 ἄνευ
1588 3990 1775 4059 ἱερέως
1804 3989 1901 4042 αὐ-

320 4085 589 4150 θεντείας,
627 4085 757 4138 ἄνευ
784 4083 1005 4154 βαθμῶν
1035 4082 1143 4135 τῶν
1172 4084 1285 4145 τοῖς
1333 4082 1521 4135 κανόσι
1562 4082 1673 4142 τοῖς
1703 4079 1901 4151 ἐκκλη-

320 4178 623 4239 σιαστικοῖς
650 4175 1117 4246 διηγορευμένων,
1139 4175 1369 4244 τάχιστα
1390 4172 1675 4243 καθαίρειν
1704 4172 1902 4236 παντὸς

317 4266 718 4335 ἁμαρτήματος
743 4265 1193 4333 ἐπαγγέλλονται,
1226 4264 1383 4334 μόνον
1408 4264 1462 4315 ετ
1490 4280 1574 4326 τις
1607 4261 1705 4332 τὴν
1738 4261 1901 4314 πολυ-

316 4355 620 4426 θρύλλητον
653 4357 830 4410 αὐτῶν
851 4355 1160 4428 προσευχὴν
1190 4353 1321 4424 παρ’
1357 4354 1538 4416 αὐτοῖς
1576 4353 1897 4424 μελετήσας,

317 4445 537 4517 μύστης
566 4446 773 4516 σχέδιος
802 4447 900 4517 τῆς
943 4446 1165 4499 ἐκείνων
1213 4443 1439 4503 κυϐείας
1478 4444 1505 4481 ιι
1533 4442 1763 4510 γένοιτο.
1798 4443 1895 4506 Ὣς

309 4555 468 4599 τινας
496 4538 604 4591 τῶν
633 4541 891 4593 τοιούτων
941 4537 1046 4609 πρὸ
1082 4535 1183 4605 τῆς
1212 4533 1534 4602 ἀπαλλαγῆς
1565 4533 1675 4585 τῶν
1714 4534 1892 4603 ἁμαρ-

311 4628 580 4697 τημάτων
605 4629 761 4695 ἄγειν
787 4627 986 4690 αὐτοὺς
1014 4628 1093 4690 εἰς
1121 4624 1399 4695 κληρικῶν
1428 4621 1780 4693 χειροτονίας,
1808 4622 1892 4674 δο-

312 4719 490 4787 λερῶς
518 4719 798 4782 πείθοντες
839 4718 968 4781 τοὺς
992 4715 1325 4777 ἐπισκόπους
1356 4714 1653 4767 ἐπιτιθέναι
1703 4715 1892 4783 χεῖρας

312 4812 522 4873 αὐτοῖς,
543 4814 609 4882 τῇ
644 4808 663 4850 ί
684 4811 835 4880 παρὰ
850 4809 958 4862 τῶν
977 4807 1347 4878 νομιζομένων
1365 4806 1496 4875 παρ’
1520 4807 1701 4870 αὐτοῖς
1723 4806 1894 4874 ἀσκη-

309 4900 428 4954 τῶν
469 4904 738 4972 μαρτυρίᾳ
785 4898 1229 4969 δελεαζομένους.
1275 4896 1444 4951 Τοῦτο
1466 4897 1522 4949 δὲ
1563 4896 1899 4960 σπουδάζουτ

291 5007 419 5055 ισιν,
443 4991 543 5059 οὐχ
563 4991 635 5054 ὡς
663 4993 788 5054 τοὺς
818 4991 928 5044 τῶν
953 4990 1230 5061 κληρικῶν
1269 4988 1510 5059 βαθμοὺς
1541 4986 1751 5057 τιμίους
1774 4988 1899 5057 κρί-

310 5097 516 5143 νοντες,
533 5082 587 5133 οἵ
613 5097 675 5148 γε
698 5084 790 5134 καὶ
817 5082 997 5134 αὐτῶν
1027 5080 1134 5132 τῶν
1153 5078 1467 5131 ἐπισκόπων
1497 5077 1895 5145 καταφρονοῦν-

308 5187 399 5235 τες
426 5171 474 5236 i,
496 5173 626 5225 ὅταν
652 5174 876 5227 ἐθέλωσι
895 5190 909 5204 ’
937 5171 1074 5225 ἀλλὰ
1094 5170 1410 5224 δυναστείαν
1431 5167 1552 5221 τινὰ
1574 5171 1667 5221 καὶ
1696 5168 1888 5221 αὐθεν-

308 5265 457 5317 τείαν
515 5265 729 5329 ἑαυτοῖς
788 5263 1324 5337 πραγματευόμενοι.
1383 5261 1555 5314 Ἔνιοι
1611 5260 1665 5313 δὲ
1706 5261 1882 5315 αὐτῶν

2013 1880 2106 1942 iri,
2142 1879 2189 1934 si
2237 1895 2363 1934 cum
2396 1879 2537 1949 ipsis
2581 1894 2741 1935 orare
2788 1881 2983 1935 velint.
3032 1878 3211 1934 Tanta
3260 1887 3442 1934 autem
3490 1894 3584 1933 eo-

2011 1986 2134 2024 rum
2168 1979 2254 2026 est
2286 1973 2625 2043 arrogantia,
2658 1982 2717 2026 ut
2741 1986 2837 2027 eos
2864 1972 2960 2041 qui
2992 1972 3135 2041 apud
3171 1970 3323 2040 ipsos
3354 1985 3580 2026 sensum

2011 2061 2164 2116 illum
2201 2062 2448 2133 Spiritus
2494 2064 2675 2119 sancti
2723 2065 3095 2135 perceperint,
3141 2065 3333 2120 beatos
3378 2063 3581 2134 praedi-

2011 2161 2158 2218 cent,
2197 2155 2361 2208 veluti
2402 2154 2703 2224 perfectos,
2756 2164 2811 2210 et
2851 2156 2919 2209 ab
2953 2156 3102 2209 omni
3156 2155 3320 2225 culpa
3350 2154 3577 2215 liberos,

2010 2252 2348 2314 peccatoque
2398 2247 2742 2315 superiores.
2780 2244 3032 2315 Tumque
3081 2245 3219 2298 adeo
3268 2245 3417 2298 omni
3453 2244 3580 2296 illos

2010 2332 2195 2387 studio
2240 2334 2449 2398 colunt,
2510 2336 2929 2404 honoribusque
2992 2342 3427 2404 prosequuntur,
3480 2347 3580 2386 ceu

2010 2425 2143 2478 nulli
2188 2424 2304 2491 jam
2355 2425 2630 2480 obnoxios
2675 2426 2889 2496 peccati
2930 2426 3201 2495 periculo,
3235 2440 3411 2495 eoque
3455 2439 3583 2494 per-

2013 2515 2266 2570 fectionis
2295 2531 2639 2587 progressos,
2663 2523 2724 2572 ut
2751 2516 2865 2586 jam
2902 2517 3052 2572 omni
3084 2517 3423 2572 relaxatione
3446 2514 3579 2580 frui,

2011 2609 2306 2679 exquisitis
2340 2609 2484 2664 vesci
2521 2610 2682 2674 cibis,
2739 2610 3030 2679 splendido
3082 2610 3348 2664 comitatu
3406 2616 3583 2662 tume-

2008 2716 2185 2765 scere,
2226 2700 2556 2771 deliciisque
2604 2700 2860 2755 omnibus
2893 2709 3012 2755 tuto
3057 2701 3220 2769 plane
3271 2698 3409 2752 allici
3454 2712 3581 2767 pos-

2008 2791 2138 2846 sint.
2173 2789 2383 2845 ilorum
2419 2801 2599 2845 autem
2651 2792 2834 2854 multi,
2893 2792 2985 2845 tali
3039 2798 3266 2858 accepto
3312 2789 3452 2857 apud
3484 2801 3581 2842 eos

2009 2879 2358 2950 perfectionis
2389 2882 2727 2945 testimonio,
2777 2896 2900 2936 cum
2957 2882 3236 2935 extraneis
3271 2880 3444 2949 (quos
3479 2894 3580 2932 nec

2005 2968 2447 3025 Christianorum
2488 2971 2711 3026 nomine
2754 2970 2952 3041 dignos
2985 2971 3251 3040 censent)
3285 2968 3581 3039 aliquando

1931 3090 1973 3149 ο
2008 3060 2288 3128 degentes,
2345 3061 2400 3115 in
2447 3061 2601 3114 varia
2647 3062 2887 3116 obscena
2939 3061 3164 3132 ﬂagitia,
3220 3060 3579 3131 pecuniarum

2006 3152 2172 3218 furta,
2205 3162 2260 3208 et
2287 3153 2681 3210 fornicationes
2714 3154 2958 3209 incidere
2985 3155 3308 3226 deprehensi
3351 3162 3503 3209 sunt.

2072 3265 2184 3335 93
2244 3265 2405 3319 Plura
2460 3281 2681 3335 quoque
2724 3274 2976 3335 portenta
3027 3267 3571 3322 comminiscuntur:

2006 3372 2130 3409 nam
2180 3365 2234 3410 et
2279 3355 2559 3426 legitimas
2603 3357 2826 3427 nuptias
2861 3358 3009 3411 nulla
3047 3372 3278 3428 prorsus
3306 3358 3373 3412 de
3411 3372 3579 3411 causa

2007 3448 2296 3511 dirimunt,
2330 3456 2385 3502 et
2428 3461 2524 3523 eos
2567 3450 2659 3517 qui
2696 3464 2724 3500 a
2768 3447 3031 3517 coniugio
3083 3455 3458 3509 recesserunt,
3489 3462 3578 3501 ve-

2006 3540 2088 3594 lut
2127 3537 2425 3595 monachos
2468 3539 2765 3609 recipiunt,
2811 3554 2876 3594 ac
2916 3539 3104 3593 beatos
3156 3538 3434 3608 jactitaut.
3480 3537 3579 3590 Pa-

2004 3630 2259 3685 rentibus
2305 3637 2567 3684 auctores
2615 3638 2765 3691 sunt,
2812 3638 2871 3683 ut
2916 3630 3239 3685 alendorum
3277 3630 3576 3683 liberorum

2004 3736 2192 3774 curam
2249 3722 2547 3787 emittant;
2590 3736 2801 3790 eosque
2837 3730 2893 3773 ut
2926 3721 3110 3773 omnia
3144 3736 3245 3773 sua
3278 3721 3414 3788 ipsis
3445 3718 3576 3772 alle-

2003 3819 2150 3873 rant,
2186 3811 2503 3866 dementare
2544 3819 2768 3865 norunt.
2822 3810 3024 3866 Servos
3059 3826 3088 3863 a
3122 3810 3360 3864 dominis
3391 3810 3578 3879 profu-

2005 3915 2100 3968 gos
2131 3901 2273 3953 ultro
2302 3901 2585 3969 excipiunt
2616 3918 2627 3953 :
2676 3901 2799 3955 illos
2841 3900 2969 3953 item
2995 3900 3087 3969 qui
3119 3900 3287 3954 variis
3323 3899 3576 3952 crimini-

2005 3991 2109 4047 bus
2161 3990 2386 4044 obnoxii
2440 3991 2505 4044 ad
2557 4006 2619 4046 se
2664 3990 3013 4059 confugiunt,
3055 3989 3208 4043 nullo
3243 3990 3577 4059 paenitentiae

2003 4085 2148 4139 edito
2197 4083 2401 4149 fructu,
2455 4084 2606 4136 nulla
2655 4083 3002 4137 sacerdotum
3074 4083 3406 4136 auctoritate
3459 4097 3578 4134 mu-

2004 4176 2124 4238 niti,
2158 4175 2306 4227 nulla
2360 4174 2553 4228 habita
2606 4176 2821 4228 ratione
2873 4176 3166 4244 graduum,
3220 4191 3360 4243 quos
3401 4174 3576 4229 eccle-

2004 4268 2215 4323 siastici
2255 4281 2502 4322 canones
2544 4265 2941 4335 pceuitentibus
2991 4267 3382 4336 praescribunt,
3425 4264 3575 4319 omni

2006 4376 2064 4416 se
2113 4360 2297 4414 statim
2360 4358 2569 4429 peccati
2628 4357 2751 4413 labe
2803 4357 3169 4413 mundaturos
3224 4358 3573 4426 pollicentur;

1931 4425 1975 4479 Β
2002 4452 2162 4508 modo
2192 4453 2316 4521 quis
2360 4425 2626 4521 iactatam
2669 4457 2838 4506 toties
2889 4449 3192 4505 orationem
3225 4425 3391 4519 iapud
3426 4449 3575 4517 ipsos

2002 4559 2289 4611 exercens,
2320 4551 2784 4613 extemporaueus
2834 4542 3144 4611 discipulus
3170 4542 3416 4611 ipsorum
3456 4555 3579 4593 ver-

2001 4626 2157 4690 sutia:
2206 4648 2270 4689 ac
2331 4631 2539 4687 lraudis
2601 4632 2919 4687 accesserit.
2986 4631 3355 4701 Adeoplane
3418 4638 3476 4683 ut
3523 4638 3576 4683 et

2001 4726 2269 4796 quosdam
2326 4724 2448 4793 ejus
2498 4724 2714 4794 generis
2760 4733 3105 4794 peccatorum
3162 4722 3399 4777 vinculis
3433 4736 3574 4775 non-

2001 4818 2131 4873 dum
2174 4826 2478 4885 exemptos,
2530 4815 2583 4867 in
2654 4815 2891 4870 clericos
2960 4813 3299 4869 ordinandas
3344 4813 3574 4867 offerant

1996 4908 2254 4972 illorum;
2306 4908 2401 4976 qui
2458 4903 2780 4959 monasticae
2829 4905 3194 4959 observantia:
3236 4904 3397 4959 laude
3428 4908 3572 4973 apud

1993 4999 2145 5069 ipsos
2179 5003 2465 5067 praestant,
2519 4994 2841 5049 testimonio
2888 4995 3130 5065 deceptis
3180 4995 3476 5065 episcopis,
3513 5001 3571 5046 ut

2002 5089 2115 5144 illis
2168 5100 2364 5141 manus
2403 5086 2708 5154 imponant.
2763 5082 2877 5137 Hoc
2927 5092 3109 5138 autem
3160 5084 3241 5137 illi
3290 5090 3567 5150 satagunt,

1995 5195 2107 5233 non
2143 5178 2299 5248 quasi
2324 5176 2654 5232 clericorum
2684 5173 2891 5244 gradus
2920 5174 3079 5227 multi
3109 5173 3341 5237 faciant;
3367 5172 3569 5241 quippe

1990 5285 2115 5324 cum
2150 5268 2301 5340 ipsos
2330 5266 2491 5321 etiam
2515 5263 2822 5334 episcopos,
2849 5264 3072 5334 quando
3101 5264 3346 5331 libuerit,
3375 5279 3565 5335 asper-

1556 5471 1789 5526 ΥΑΗΙιΕ
1832 5470 2233 5530 LECTIONES.

387 5607 595 5701 3,33%"
624 5629 679 5675 ει
726 5623 848 5701 C011-
909 5620 966 5679 δ·
1012 5624 1119 5684 Hii.
1153 5626 1244 5690 οὓς
1282 5626 1403 5679 οὔτε
1452 5628 1805 5697 Χριστιανοὺς
1838 5631 2264 5701 προσαγορεύειν
2321 5632 2582 5699 ἀξιοῦσιν.
2661 5630 2684 5670 h
2715 5630 2778 5684 Ii.
2822 5627 2962 5685 2508
2996 5626 3208 5690 κακίας.
3290 5624 3470 5679 ilbid.
3505 5623 3563 5695 ἦ.

315 5689 330 5743 i
364 5692 472 5748 Alii
487 5693 938 5762 καταφρονοῦσιν,
