4012 6208
368 304 476 372 735

1580 306 1640 365 S.
1673 305 1991 366 JOANNIS
2029 308 2462 373 DAMASCENI

3536 323 3655 390 73$

375 428 615 475 nentur:
653 412 750 470 sed
791 414 939 485 quod
972 420 1302 484 pelestatem
1332 411 1574 483 aliquam
1601 422 1659 470 et
1699 418 1948 471 auctori-

2072 420 2195 490 ιήτε
2232 426 2559 496 κοινωνῆσαι
2585 429 2787 493 αὐτοὺς
2810 432 2925 485 τῶν
2948 433 3269 505 μυστηρίων
3287 434 3577 504 λέγουσιν,
3604 448 3654 495 ει

373 518 543 565 tatem
599 514 965 577 aucupentur.
1017 506 1249 572 Quidam
1305 515 1486 561 autem
1548 522 1745 562 eorum
1802 523 1950 562 nun-

374 618 539 674 quam
592 600 767 657 sacris
817 598 1100 671 mysteriis
1145 597 1673 652 communicandum
1724 599 1948 664 volunt,

375 692 482 759 nisi
530 689 770 760 Spiritus
820 689 997 744 sancti
1046 687 1317 743 adventus
1354 687 1448 741 illa
1492 687 1628 741 hora
1660 688 1948 744 sensibilis

377 781 514 850 ipsis
562 779 750 834 fuerit.
807 778 1068 834 Nonnulli
1119 779 1283 834 etiam
1343 777 1596 834 abscindi
1667 778 1945 833 naturalia

378 872 624 927 membra
660 870 1008 941 permittunt,
1047 871 1115 927 iis
1146 870 1241 941 qui
1274 869 1586 925 voluerint.
1617 870 1953 925 Excommu—

379 963 687 1019 nicationes
717 971 899 1018 autem
926 962 1084 1017 facile
1119 970 1507 1017 contemnunt.
1536 960 1738 1017 Jurant
1765 962 1953 1030 etiam,

379 1068 445 1107 ac
493 1054 747 1123 pejerant
788 1053 995 1122 absque
1049 1052 1160 1107 ullo
1205 1060 1389 1119 metu;
1428 1060 1486 1108 et
1514 1067 1673 1110 suam
1708 1053 1956 1123 ipsorum

381 1147 634 1205 haeresim
665 1146 894 1203 subdole
924 1145 1141 1215 eiurare
1171 1159 1282 1200 non
1314 1146 1594 1202 dubitant.

382 1279 568 1353 Adhuc
592 1280 654 1333 de
685 1278 1314 1353 dictugMessalianorum
1352 1280 1587 1353 liqui,
1612 1281 1702 1353 qui
1729 1286 1958 1353 maxime

454 1352 509 1404 in
538 1351 879 1403 monasteriis
928 1351 1279 1418 invenientur,
1314 1368 1378 1406 ea.
1410 1351 1733 1410 Theodoreti
1768 1352 1958 1410 Histo-

450 1421 555 1483 ria,
585 1420 679 1474 lib.
708 1435 782 1484 tv,
823 1434 943 1487 cap.
980 1419 1069 1474 11.

451 1531 847 1599 Valentiniani,
899 1541 954 1587 et
998 1531 1249 1589 Valentis
1301 1534 1645 1604 temporibus
1696 1545 1820 1593 orta
1873 1545 1960 1595 est

386 1624 612 1682 heresis
660 1622 1155 1688 Massalianorum,
1205 1638 1348 1694 quos
1405 1624 1681 1683 Euchetas
1736 1638 1957 1696 vocant,

383 1714 480 1784 qui
525 1727 717 1769 eorum
766 1727 967 1767 nomen
1019 1711 1207 1767 Graeca
1255 1713 1442 1784 lingua
1498 1716 1956 1786 interpretantur.

2063 508 2141 577 μὴ
2164 509 2260 579 τῆς
2282 514 2588 583 παρουσίας
2609 517 2704 571 τοῦ
2723 518 3045 590 Πνεύματος
3067 522 3348 592 αἰσθητῶς
3370 524 3398 564 ιι
3419 523 3665 579 ago-9w

2060 615 2172 662 ται,
2205 602 2505 673 γενομένης
2537 606 2657 658 κατ’
2674 608 2893 677 ἐκείνην
2918 608 3020 679 τὴν
3048 609 3225 681 ὥραν.
3257 610 3660 682 Ἐπιτρέπαυσι

2059 688 2118 743 δέ
2147 706 2290 754 τινες
2320 692 2499 747 αὐτῶν
2525 697 2639 759 τοῖς
2672 696 3021 768 βουλομένοις
3047 700 3380 771 ἀποτέμνειν
3411 702 3483 756 τὰ
3519 704 3663 756 ἑαυ-

2060 788 2172 841 τῶν
2195 788 2400 858 φυσικά
2428 788 2614 860 μόρια.
2640 791 3066 862 Καταφρονοῦσι
3087 792 3144 845 δέ
3170 794 3374 865 ῥᾳδίως
3401 796 3503 850 καὶ
3549 798 3665 865 ἀφ-

2061 881 2325 951 ορισμῶν.
2353 883 2588 952 Ὄμνυσι
2606 881 2665 935 δέ
2692 883 2866 948 ἀδεῶς
2894 884 2992 938 καὶ
3024 884 3381 957 ἐπιορκοῦσιν
3398 905 3414 920 ο
3453 888 3664 944 ἀναθε-

2066 972 2350 1043 ματίζουσί
2379 992 2438 1029 τε
2464 975 2714 1041 ὑπούλως
2749 976 2853 1049 τὴν
2888 977 3102 1049 αἵρεσιν
3123 980 3325 1037 αὐτῶν.

2068 1280 2207 1351 Ἔτι*
2218 1278 2351 1349 περὶ
2375 1279 2695 1349 εἰρημένης
2722 1281 3010 1349 αἱρέσεως
3029 1281 3149 1337 τῶν
3172 1283 3658 1351 Μασσαλίαν-ὥν,

2135 1349 2255 1424 τῶν
2280 1351 2367 1424 ,ἐν
2388 1351 2836 1424 γωαᾳτψίοις
2860 1351 3135 1424 μάλιστα
3177 1349 3657 1424 εὑρισκομένων,

2135 1419 2204 1474 ἐκ
2232 1419 2344 1489 τῆς
2378 1422 2650 1488 ἱστορίας
2674 1419 3057 1489 Θεοδωρήτου
3090 1421 3133 1477 1.

2137 1530 2295 1585 Κατά
2313 1530 2540 1602 χρόνους
2568 1530 2921 1587 Οὐαλεντίνου
2963 1542 3005 1570 ω
3034 1531 3131 1585 καὶ
3160 1531 3463 1596 υύάλεντος
3489 1532 3627 1589 ἐϐλά
3644 1565 3661 1575 ο

2029 1666 2037 1673 ,
2068 1638 2265 1691 σει-ησεν
2284 1624 2318 1692 ἡ
2338 1622 2449 1675 τῶν
2475 1622 2880 1677 Μασσαλιανῶν
2898 1622 3113 1693 αἵρεσις
3132 1640 3146 1655 ·
3170 1623 3423 1693 Εὺχητάς
3453 1624 3661 1689 αὐτοὺς

2066 1711 2570 1783 προσαγορεύουσιν
2600 1714 2649 1766 οἱ
2677 1714 2758 1777 είς
2784 1712 2885 1784 τὴν
2937 1713 3166 1769 Ἐλλάδα
3208 1714 3451 1786 τοῦνομα
3482 1732 3658 1786 μετα-

386 1770 605 1862 iiabent
650 1815 706 1861 et
734 1806 1163 1877 appellationem
1197 1770 1364 1860 aliain
1388 1822 1451 1863 ex
1486 1808 1605 1879 ipsa
1642 1770 1702 1865 ιτα
1732 1810 1962 1882 imposi-

2072 1770 2372 1867 ϐάλλοντες.
2411 1804 2636 1873 Ἔχουσι
2686 1770 2753 1857 δὲ.
2792 1770 2890 1859 καὶ
2919 1805 3116 1877 ἑτέραν
3164 1770 3544 1878 προσηγορίαν
3587 1770 3658 1860 ἐκ

386 1907 520 1951 tam.
559 1895 931 1953 Enthusiastze
982 1896 1128 1952 enim
1165 1896 1449 1963 dicuntur,
1493 1907 1785 1969 propterea
1817 1901 1963 1971 quod

2072 1892 2155 1946 τοῦ
2179 1892 2505 1964 πράγματος
2530 1891 2824 1964 γινομένην
2846 1908 2861 1924 θ
2888 1892 3263 1949 ἐνθουσιασταὶ
3289 1896 3400 1967 γάρ
3422 1895 3663 1949 καλοῦν-

387 1988 658 2043 ᾶιειηοηίε
679 1987 969 2059 cujusdam
1016 1989 1128 2043 vim
1158 1996 1214 2044 et
1254 1992 1637 2061 operationem
1670 1993 1960 2064 recipiant,

388 2095 553 2149 quam
618 2081 859 2150 Spiritus
919 2081 1101 2136 sancti
1148 2081 1501 2151 praesentiam
1564 2099 1687 2140 esse
1744 2092 1960 2155 putant.

386 2170 490 2236 Qui
519 2179 766 2227 extremo
808 2185 874 2226 eo
918 2171 1111 2226 morbo
1142 2172 1322 2227 allecti
1358 2182 1508 2237 sunt,
1556 2173 1806 2230 laborem
1839 2190 1964 2230 nia-

390 2275 560 2313 nuum
593 2267 925 2314 aversantur
962 2268 1023 2315 ut
1051 2261 1257 2316 malum
1285 2279 1301 2317 :
1335 2275 1505 2333 seque
1536 2277 1732 2319 somno
1768 2264 1967 2321 deden-

390 2361 473 2406 tes
522 2351 866 2407 somniorum
925 2351 1197 2421 imagines
1262 2352 1515 2407 divinum
1564 2354 1806 2409 adlatum
1862 2372 1966 2411 vo-

388 2450 537 2498 cant.
577 2441 816 2499 Harresis
865 2452 1047 2499 autem
1078 2444 1191 2515 99
1219 2444 1388 2514 huius
1420 2446 1700 2516 principes
1739 2446 1966 2506 fuerunt

389 2534 623 2599 Dadoes,
675 2542 730 2590 et
768 2534 967 2602 Sabas,
1024 2544 1079 2591 et
1125 2536 1449 2609 Adelphius,
1492 2548 1548 2594 et
1609 2539 1865 2611 Hermas,
1914 2554 1969 2600 et

390 2623 651 2696 Symeon,
702 2627 906 2698 aliique
972 2637 1260 2698 praeterea,
1314 2632 1407 2701 qui
1466 2632 1535 2686 ab
1592 2634 1967 2691 ecclesiastica

388 2716 785 2774 communione
836 2721 1109 2790 segregati
1154 2730 1307 2784 sunt,
1365 2723 1512 2793 quod
1566 2723 1815 2780 dicerent
1864 2742 1967 2783 nec

390 2806 673 2877 prodesse,
708 2824 808 2864 nec
852 2811 1047 2866 obesse
1086 2811 1330 2866 divinam
1369 2827 1554 2868 escam
1575 2856 1590 2881 ,
1622 2813 1692 2870 de
1725 2831 1832 2886 qua
1865 2816 1971 2872 Do-

390 2900 574 2956 minus
604 2901 723 2957 ait:
778 2901 884 2969 Qui
930 2903 1224 2958 manducat
1271 2922 1442 2960 meam
1495 2924 1712 2965 carnem
1753 2918 1805 2964 et
1840 2912 1970 2967 bibit

390 3008 563 3046 meum
587 2994 920 3062 sanguinem,
945 2995 1073 3050 vivet
1104 2995 1159 3049 in
1183 3000 1494 3053 aeternum’.
1528 3000 1777 3057 Morbum
1805 3018 1971 3075 porro

2061 2001 2173 2047 ται.
2234 1984 2489 2055 δαίμονός
2548 2001 2693 2049 τινος
2750 1985 3037 2055 ἐνέργειαν
3084 1987 3449 2059 είσδεχόμενοι
3477 2029 3494 2055 ,
3553 1988 3661 2042 καὶ

2062 2073 2383 2145 Πνεύματος
2406 2077 2562 2146 ἁγίου
2596 2077 2802 2146 ταύτην
2824 2077 3317 2147 ὑπολαμϐάνοντες.
3369 2082 3435 2134 οι
3466 2080 3524 2134 δὲ
3557 2097 3657 2134 τι·

2063 2162 2310 2217 λευταῖον
2346 2172 2376 2202 ﬂ
2424 2164 2525 2237 τὴν
2581 2166 2737 2219 νόσον
2783 2165 3172 2237 είσόεχόμενοι,
3209 2168 3657 2240 ἀποστρέφονται

2067 2255 2167 2327 μέν
2190 2254 2291 2326 τὴν
2311 2255 2421 2310 τῶν
2448 2257 2650 2327 χειρῶν
2683 2258 2972 2330 ἐργασίαν,
3003 2258 3080 2322 ὡς
3108 2258 3382 2331 πονηράν·
3410 2259 3564 2332 ὕπνῳ
3592 2260 3659 2315 δέ

2066 2350 2209 2417 σφᾶς
2240 2348 2438 2413 αὐτοὺς
2466 2349 2793 2417 ἐκδιδόντες,
2822 2349 3215 2423 ἐνθουσιασμὸν
3244 2350 3345 2415 τάς
3377 2352 3489 2405 τῶν
3508 2351 3659 2407 ὀνεί-

2068 2457 2179 2512 ρων
2206 2441 2509 2512 φαντασίας
2532 2441 2888 2498 ἀποκαλοῦσι.
2944 2444 3161 2515 Ταύτης
3210 2444 3461 2513 ἐγένοντο
3497 2444 3659 2517 αίρέ-

2068 2550 2204 2599 σεως
2229 2534 2486 2606 ἀρχηγοὶ,
2514 2534 2718 2606 Δαδόης
2752 2552 2834 2601 τε,
2853 2535 2950 2589 καὶ
2981 2535 3182 2600 Σάϐας,
3217 2536 3310 2589 καὶ
3353 2536 3656 2606 Ἀδέλφιος,

2067 2625 2163 2678 καὶ
2205 2624 2435 2695 Ἑρμᾶς,
2488 2626 2583 2678 καὶ
2614 2624 2863 2696 Συμεὼν,
2903 2627 3000 2679 καὶ
3036 2624 3189 2679 ἄλλοι
3228 2625 3368 2696 πρὸς
3398 2624 3610 2688 τούτοις
3637 2666 3655 2691 ,

2069 2712 2117 2765 οἳ
2144 2711 2243 2783 τῆς
2271 2712 2739 2783 ὲκκλησιαστικῆς
2775 2713 3060 2778 κοινωνίας
3108 2714 3450 2785 ἀπέστησαν,
3499 2712 3656 2767 οὐδὲν

2069 2801 2195 2856 οὔτε
2235 2802 2555 2875 όνήνασθαι,
2582 2802 2707 2857 οὔτε
2740 2803 3021 2858 λωϐᾶσθαι
3053 2802 3354 2873 φάσκοντες
3373 2802 3477 2873 τὴν
3502 2801 3657 2857 Θείαν

2070 2893 2276 2965 τροφὴν
2310 2900 2359 2956 ⁸,
2383 2892 2516 2965 περὶ
2535 2889 2604 2967 ἧς
2628 2895 2658 2947 ό
2680 2894 2914 2965 Χριστός
2938 2910 3102 2966 φησιν
3121 2911 3137 2925 ’
3166 2892 3228 2943 '0
3266 2892 3503 2963 τριὶηοων
3532 2910 3660 2963 μου

2072 2985 2190 3054 τὴν
2225 2984 2444 3055 σάρκα,
2477 2987 2576 3040 καί
2626 2988 2821 3040 πίνων
2859 3004 2982 3057 μου
3029 2988 3096 3040 τό
3121 2982 3266 3056 αἷμα
3297 2985 3535 3053 ζήσεται
3564 2988 3661 3052 είς

389 3098 550 3139 suum
602 3087 785 3142 celare
830 3087 1140 3153 studentes,
1186 3090 1353 3144 etiam
1400 3092 1494 3147 ubi
1542 3096 1788 3151 convicti
1819 3106 1963 3163 sunt,

2073 3076 2181 3131 τὸν
2212 3076 2421 3131 αἰῶνα.
2444 3075 2729 3147 Κρύπτειν
2765 3076 2949 3145 μέντοι
2978 3076 3076 3148 τὴν
3104 3077 3260 3131 νόσον
3297 3076 3659 3148 πειρώμενοι,

394 3177 681 3245 praefracte
713 3187 938 3247 negant,
971 3195 1182 3250 eosque
1210 3184 1450 3249 ejurant,
1492 3185 1586 3254 qui
1623 3188 1815 3242 eadem
1849 3204 1968 3243 sen-

392 3267 557 3331 tiant,
595 3282 717 3335 qua:
765 3269 870 3337 ipsi
922 3270 1124 3326 animis
1173 3272 1329 3327 allixa
1387 3275 1806 3331 circumferunt.
1867 3278 1970 3333 Le-

389 3354 539 3409 toius
590 3355 953 3412 Melitinensis
1004 3357 1267 3415 Ecclesiae
1320 3363 1575 3429 antistes,
1641 3365 1833 3419 divino
1883 3368 1969 3421 vir

390 3443 593 3499 ardens
642 3443 792 3510 zelo,
824 3459 952 3499 cum
998 3446 1210 3503 videret
1258 3451 1430 3504 multa
1479 3456 1837 3518 monasteria,
1883 3458 1969 3513 vel

389 3533 685 3600 speluncas
720 3535 905 3603 potius
930 3536 1229 3605 latronum,
1263 3549 1470 3609 pestem
1502 3542 1647 3599 hanc
1691 3545 1966 3615 hausisse,

390 3638 450 3677 ea
485 3624 756 3688 incendit,
785 3640 849 3680 ac
891 3628 1050 3697 lupos
1077 3644 1105 3681 a
1144 3644 1307 3700 grege
1329 3632 1533 3703 abegit.
1564 3633 1768 3691 Eodem
1806 3638 1970 3693 modo

389 3715 866 3773 celebratissimus
928 3719 1369 3789 Amphilochius,
1447 3724 1542 3793 qui
1648 3727 1966 3798 Lycaonium

392 3809 678 3879 mctmpoli
715 3813 1065 3880 praepositus,
1114 3822 1331 3884 gentem
1366 3817 1689 3873 universam
1716 3822 1965 3890 regebat,

395 3914 517 3954 cum
569 3899 713 3954 luem
756 3900 899 3955 banc
937 3902 1049 3956 illic
1085 3906 1330 3973 grassari
1366 3910 1745 3978 comperisset,
1782 3912 1969 3968 insur-

390 3991 536 4045 rexit
592 3993 818 4061 itidem,
877 4003 931 4050 et
985 4010 1199 4068 greges,
1245 4014 1385 4067 quos
1434 4002 1691 4070 pascebat
1722 4020 1812 4068 ,‘a
1845 4005 1968 4061 labe

388 4084 664 4142 liberavit.

462 4257 758 4316 Flavianus
795 4277 1016 4333 quoque
1049 4264 1447 4321 celeberrimus
1479 4267 1787 4324 Antiochiae
1828 4283 1968 4339 pra:-

391 4352 502 4417 snl,
534 4368 658 4407 cum
691 4353 792 4410 hos
834 4356 1056 4412 Edessa;
1083 4359 1317 4424 versari,
1363 4373 1752 4430 venenumque
1800 4376 1963 4417 suum

2074 3168 2168 3222 καὶ
2194 3166 2313 3238 μετ’
2335 3167 2590 3238 ἐλέγχους
2625 3166 2858 3230 ἀναιδῶς
2911 3166 3284 3240 ἐξαρνοῦνται,
3313 3167 3408 3221 καὶ
3440 3168 3663 3237 ἀποκη-

2071 3264 2325 3334 ρύττουσι
2357 3262 2486 3326 τοὺς
2510 3260 2686 3316 ταῦτα
2716 3260 3066 3333 φρονοῦντας,
3116 3261 3262 3333 ειπερ
3291 3262 3351 3315 ἐν
3395 3262 3515 3325 ταῖς
3546 3260 3660 3331 ψυ-

2069 3358 2191 3425 χαῖς
2214 3353 2591 3425 περιφέρουσι.
2622 3354 2838 3416 Δίτοιος
2860 3362 2888 3402 P
2916 3352 3101 3424 μέντοι
3129 3369 3234 3417 τις,
3258 3353 3287 3406 ὁ
3304 3352 3405 3423 τὴν
3431 3352 3666 3407 Μελιτε-

2070 3445 2176 3499 νῶν
2218 3444 2546 3515 Ἐκκλησίαν
2598 3444 2813 3509 ιθύνων,
2877 3443 3025 3515 ζήλῳ
3077 3442 3206 3513 θείῳ
3255 3444 3657 3515 κοσμούμενος,

2071 3536 2245 3591 πολλὰ
2264 3536 2365 3606 τῆς
2396 3537 2556 3590 νόσου
2583 3535 2788 3606 ταύτης
2814 3535 3103 3589 σπάσαντα
3128 3534 3463 3604 θεασάμενος
3487 3551 3661 3605 μονα-

2073 3630 2292 3699 στήρια,
2354 3628 2555 3698 μᾶλλον
2600 3627 2658 3681 δὲ
2702 3628 2946 3698 σπήλαια
3001 3625 3295 3700 λῃστρικὰ,
3350 3627 3663 3698 ἐνέπρησεν

2069 3719 2264 3780 ταῦτα,
2309 3718 2405 3773 καὶ
2457 3720 2586 3781 τοὺς
2621 3718 2822 3782 λύκους
2854 3721 2920 3772 ἐκ
2960 3718 3059 3788 τῆς
3098 3719 3335 3790 ποίμνης
3370 3717 3656 3789 ἐξήλασεν.

2084 3807 2434 3879 Ἀμφιλόχιος
2464 3808 2519 3860 δὲ
2549 3808 2579 3860 ό
2608 3807 2969 3877 πανεύφημος
3010 3807 3274 3872 ὡσαύτως
3308 3807 3403 3861 καὶ
3428 3808 3662 3863 Anzab-

2070 3918 2179 3954 νων
2232 3899 2572 3971 μητρόπολιν
2619 3899 3077 3969 πεπιστευμένος,
3125 3899 3221 3954 καὶ
3263 3900 3411 3954 ἅπαν
3459 3898 3659 3954 ίθύνων

2071 3991 2242 4057 ἔθνος,
2272 3990 2662 4064 ἐπισκήψασαν
2694 3991 2881 4044 αὐτόθι
2922 3991 3021 4063 τὴν
3068 3991 3251 4063 λύμην
3293 3994 3502 4064 ταύτην
3548 4010 3654 4064 μα⁸

2070 4084 2200 4148 θὼν,
2233 4083 2494 4152 ἐξανέστη
2528 4093 2557 4133 <1
2592 4083 2779 4151 πάλιν,
2810 4083 2906 4136 καὶ
2955 4082 3024 4137 τά
3056 4085 3149 4138 ὑπ’
3185 4084 3352 4137 αὑτοῦ
3379 4084 3654 4155 νεμόμενα

2071 4177 2169 4245 τῆς
2192 4174 2375 4244 λώϐης
2400 4175 2620 4245 ἐκείνης
2649 4174 2999 4245 ἠλευθέρωσε
3035 4175 3285 4245 ποίμνια.

2138 4268 2437 4331 Φλαϐιανὸς
2466 4268 2524 4321 δὲ
2546 4269 2574 4320 ὁ
2598 4266 3035 4338 πολυθρύλλητος
3060 4266 3161 4337 τῆς
3205 4265 3526 4336 Ἀντιοχέων
3550 4266 3661 4336 ἀρ·

2072 4360 2308 4430 χιερεὺς,
2346 4360 2404 4412 ἐν
2452 4358 2675 4428 Ἐδέσσῃ
2701 4357 2925 4421 τούτους
2953 4358 3163 4426 διάγειν
3195 4356 3406 4428 μαθὼν.
3440 4357 3536 4410 τὸν
3572 4359 3655 4411 oi-

392 4441 591 4497 vicinis
643 4443 915 4500 instillare
975 4446 1284 4511 didicisset,
1345 4446 1513 4501 missa
1570 4450 1963 4506 monachorum

2073 4452 2221 4503 κεῖον
2244 4452 2357 4513 τοῖς
2389 4448 2718 4511 πελάζουσιν
2746 4449 2929 4519 ἐκχεῖν
2960 4460 2983 4488 ι
3014 4450 3350 4520 προεμένους
3394 4449 3492 4514 ίδν,
3518 4464 3660 4519 συμ-

393 4533 574 4596 turba,
606 4534 955 4590 Antiochiam
988 4537 1113 4593 illos
1150 4540 1837 4611 pertraxit;morbumque
1860 4558 1971 4613 quo

392 4623 716 4678 laborabant
758 4625 1094 4692 inticiantes,
1142 4628 1246 4683 boe
1281 4628 1445 4684 modo
1478 4630 1696 4685 revicit.
1747 4630 1972 4689 Calum-

390 4713 534 4770 niari
576 4730 772 4786 nempe
822 4727 1183 4776 accusatores
1227 4730 1280 4775 et
1328 4720 1547 4775 mentiri
1601 4730 1771 4779 testes
1807 4724 1968 4790 dixit,

389 4806 1017 4878 Adelphiumque‘aatate
1045 4812 1208 4883 longa
1245 4823 1569 4883 provectum
1614 4815 1682 4870 ad
1721 4830 1782 4870 se
1815 4816 1971 4873 beni-

388 4913 497 4967 gne
525 4914 749 4965 vocans,
787 4916 853 4955 ac
886 4918 1057 4974 prepe
1087 4905 1332 4961 assidere
1358 4906 1561 4976 iubens
1591 4926 1604 4963 ι
1646 4928 1666 4961 ι
1717 4909 1850 4973 Nos,
1883 4910 1969 4964 in-

390 4989 533 5058 quit,
581 5005 614 5045 o
668 5008 859 5060 senex,
925 4996 1019 5065 qui
1076 4996 1246 5050 vitam
1295 4997 1516 5068 longius
1577 4999 1962 5069 produximus,

392 5079 685 5138 humanam
724 5093 974 5141 naturast
1004 5090 1321 5147 accuratius
1368 5090 1647 5159 novimus,
1680 5099 1735 5147 et
1769 5092 1967 5149 adver-

465 5246 487 5277 ⁹
521 5244 680 5303 Joan.
713 5264 788 5315 vi,
823 5249 912 5306 i9.

2073 4544 2268 4614 μορίαν
2298 4542 2553 4613 μοναχῶν
2574 4542 2922 4609 ἀποστείλας,
2952 4543 3160 4613 ἢγαγεν
3180 4545 3260 4606 είς
3296 4542 3654 4612 ’Δντιοχείαν,

2069 4634 2163 4686 καὶ
2190 4632 2288 4703 τὴν
2306 4634 2460 4688 νόσον
2482 4632 2907 4705 ἑξαρνουμένους
2931 4635 3079 4688 τόνδε
3102 4635 3195 4688 τὸν
3218 4635 3419 4707 τρόπον
3441 4634 3660 4705 διήλεγ-

2072 4724 2178 4789 ξεν.
2205 4725 2346 4788 Τοὺς
2377 4725 2479 4796 μὲν
2505 4724 2615 4797 γὰρ
2645 4726 2988 4797 κατηγόρους
3021 4727 3126 4799 ἔφη
3159 4728 3538 4797 συκοφαντεῖν,
3562 4728 3659 4779 καὶ

2068 4819 2196 4881 τοὺς
2248 4817 2533 4888 μάρτυρας
2583 4817 2898 4889 ψεύδεσθαι.
2953 4818 3059 4873 Τὸν
3106 4819 3164 4872 δέ
3205 4819 3489 4886 Ἀδέλφιον
3513 4818 3657 4887 ἄγαν

2069 4910 2197 4965 ὄντα
2220 4908 2618 4982 πρεσϐύτατον,
2647 4910 2819 4979 ἠπίως
2847 4910 3114 4976 κελεύσας
3136 4911 3365 4982 πλησίον
3383 4910 3657 4979 καθεσθῆ-

2073 5019 2193 5057 ναι·
2233 5022 2253 5055 ι
2290 5003 2503 5072 Ἡμεῖς,
2547 5001 2672 5072 ἔφη,
2707 4996 2750 5055 ὧ
2776 5001 3078 5074 πρεσϐῦτα,
3117 5004 3209 5056 τὸν
3239 5003 3412 5057 πλείω
3456 5001 3655 5072 βεϐιω-

2074 5094 2233 5157 κότες
2266 5092 2401 5164 βίον,
2439 5092 2833 5165 ἀκριϐέστερον
2864 5094 2959 5148 καὶ
2984 5094 3083 5165 τὴν
3111 5093 3463 5166 ἀνθρωπείαν
3491 5091 3657 5162 φύσιν

1696 5317 1928 5374 VAHUE
1976 5317 2376 5374 LECTIONES.

465 5467 495 5509 κ
528 5468 689 5548 Deest
717 5470 1088 5548 qieﬁqtégljn
1119 5469 1190 5548 Βἱ
1277 5477 1332 5548 et
1356 5488 1436 5548 vi
1465 5467 1779 5548 Τι’ζι-ηξίειιῖ.
1802 5470 1839 5524 2
1865 5470 2023 5548 habet
2044 5466 2512 5548 _xat’§iteiyqv1i1v
2540 5465 2712 5548 ὤραν.
2794 5466 2811 5505 ³
2844 5466 3112 5548 Qegsthie
3130 5464 3238 5520 Tit.
3259 5464 3417 5548 innRj
3439 5464 3581 5544 δεμ
3600 5473 3656 5517 et

398 5540 451 5611 in
487 5542 610 5595 cod.
640 5539 697 5594 Β.
728 5539 835 5595 llil.
866 5534 878 5540 ’
898 5550 949 5611 ξι
979 5538 1069 5594 Sic
1092 5540 1249 5611 codd.
1286 5539 1438 5611 Regii
1468 5549 1522 5595 et
1546 5540 1604 5611 ὃ.
1628 5540 1759 5611 Hil.,
1785 5551 1841 5594 at
1870 5540 2153 5609 legendum
2173 5534 2639 5611 Οὐαλεντινίανοῦ,
2662 5538 2895 5611 ntapud
2922 5537 3194 5611 Theudor.
3223 5545 3280 5611 et
3301 5534 3651 5611 Euthymium

397 5607 600 5681 Zy_gal).
636 5620 729 5681 μυ
763 5612 845 5666 Al.
894 5609 1137 5681 Theod._
1156 5607 1386 5681 1512}ng

1466 5619 1490 5645 ο
1529 5609 1702 5681 codd.
1730 5626 1899 5681 “mss.
1924 5605 2147 5681 γραφήν
2189 5624 2203 5661 :
2239 5619 2294 5662 at
2316 5609 2606 5681 vstran‘sl.
2628 5605 2876 5681 diuinum
2897 5608 3105 5681 figunt.
3184 5617 3211 5656 P
3253 5605 3647 5681 Als,_Ai)to_t9;.

409 5672 602 5733 ‘l'Edit.
632 5678 975 5749 ἐξανέστησε.
1058 5689 1078 5718 ι
1107 5678 1237 5750 Reg.
1263 5679 1404 5734 2508
1420 5679 1610 5735 etcod.
1645 5679 1703 5735 S.
1729 5678 1835 5734 llil.
1855 5697 1916 5737 ex
1940 5672 2152 5736 cmend.
2179 5680 2357 5750 ἁγχεὶ,
2382 5678 2500 5751 lege
2521 5677 2671 5748 ἀγχὶ,
2693 5677 2874 5747 juxta.
2897 5676 3039 5733 Edit.
3061 5672 3523 5748 ἐγχριπεομένους
3545 5672 3646 5730 liv.
