4012 6208
367 280 474 345 743

1438 284 1448 294 ·
1531 271 1592 329 8.
1631 265 1952 330 JOANNIS
1988 266 2420 329 DAMASCENI

3535 271 3648 336 ιιι

369 401 492 441 rum
556 381 1028 448 Alexandrinum,
1089 381 1147 438 in
1205 379 1445 435 concilio
1495 374 1951 441 Cbalcodonensi,

2065 373 2260 444 παθείᾳ
2307 377 2373 446 τῇ
2424 373 2560 446 πρὸς
2599 376 2692 430 τὸν
2737 377 2795 429 ὲν
2863 375 3242 449 Ἀλεξανδρείᾳ
3316 379 3643 455 Διόσκορον,

365 474 516 547 quod
553 473 816 544 Eutycbis
850 472 1184 543 placitorum
1225 466 1485 524 defensor
1525 473 1697 530 esset,
1722 464 1946 535 deposi-

368 576 510 629 tum,
539 580 662 622 sese
703 563 916 636 synodo
954 571 1358 634 opposuerunt,
1387 559 1820 627 innumerasque
1847 555 1947 610 ad-

368 675 562 716 versus
593 658 742 713 illam
764 656 1187 714 criminationes
1212 653 1638 708 conﬁnxerunt:
1666 662 1805 719 quas
1833 647 1946 717 jam

372 763 541 819 supra
567 748 672 803 hoc
701 749 756 803 in
781 747 922 802 libro
949 743 1169 800 abunde
1191 742 1578 807 refutavimus,
1603 739 1695 794 ubi
1725 747 1778 794 et
1799 739 1948 808 ipsos

369 855 542 895 vanos
573 848 627 895 et
662 839 952 894 dementes
982 851 1109 892 esse
1135 834 1507 890 ostendimus.
1554 830 1762 886 Horum
1797 829 1949 900 prin-

371 933 522 1002 cipes
567 928 914 984 Theodosius
963 925 1394 990 Alexandrinus,
1448 939 1481 978 a
1536 938 1647 993 quo
1698 921 1948 977 Theodo-

372 1021 552 1086 siani;
604 1026 657 1072 et
711 1016 953 1072 Jacobus
1010 1012 1206 1086 Syrus,
1257 1028 1287 1066 a
1325 1026 1436 1082 quo
1489 1008 1754 1064 Jacobitze
1819 1015 1950 1063 sunt

374 1110 662 1167 nominati.
712 1110 955 1175 Quorum
1011 1105 1278 1161 doctrinae
1339 1112 1649 1166 consortes,
1708 1110 1950 1154 asserto-

375 1219 574 1273 resque
599 1211 654 1257 et
682 1201 898 1271 patroni
937 1199 1161 1253 fuerunt
1200 1195 1440 1252 Severus
1477 1191 1949 1248 Antiochenorum

375 1301 688 1364 corruptor,
715 1299 770 1346 et
797 1291 891 1360 qui
929 1303 1068 1343 vana
1099 1295 1445 1342 commentus
1487 1293 1572 1340 est
1605 1298 1670 1338 ac
1701 1283 1950 1338 elabora-

374 1389 474 1451 vit,
506 1385 745 1440 Joannes
791 1381 1083 1436 Tritheita.
1116 1377 1182 1434 lli
1227 1377 1448 1450 generis
1491 1374 1718 1431 humani
1755 1371 1951 1430 salutis

375 1476 699 1549 mysterium
737 1480 1024 1544 negantes,
1051 1472 1316 1526 adversus
1342 1483 1373 1524 a
1405 1468 1513 1523 Deo
1543 1466 1737 1521 amatae
1755 1462 1950 1536 synodi

377 1565 844 1624 Chalcedonensis
881 1571 1270 1618 sexcentorum
1303 1560 1525 1630 triginta
1572 1555 1800 1612 Patrum
1849 1556 1951 1610 do-

376 1660 612 1714 ctrinam
648 1657 819 1710 multa
858 1654 1316 1724 conscripserunt
1345 1668 1360 1705 :
1391 1649 1672 1720 multaque
1698 1647 1755 1702 in
1793 1660 1950 1702 suam

2051 467 2145 521 τδν
2177 465 2283 519 ὑπὸ
2317 468 2418 536 τῆς
2467 467 2525 520 ἐν
2576 466 2883 539 Χαλκηδόνι
2938 467 3163 522 συνόδου
3213 471 3644 544 καθαιρεθέντα,

2050 557 2127 620 ὡς
2176 555 2288 610 τῶν
2327 556 2602 628 Εὑτυχοῦς
2648 559 2937 630 δογμάτων
2982 561 3283 632 συνήγορον
3315 563 3644 640 ἀντεπάθηο

2056 668 2156 706 σαν
2177 664 2205 694 ι
2235 655 2304 724 τῇ
2331 651 2556 723 συνόδῳ,
2595 652 2691 707 καὶ
2725 652 2928 724 μυρίας
2956 653 3083 722 τόγε
3113 655 3202 708 ἐπ’
3229 656 3414 722 αὐτοῖς
3434 660 3464 700 ι’
3493 661 3649 734 μέμ-

2051 743 2176 815 ψεις
2210 745 2332 798 κατ’
2385 743 2558 814 αὐτῆς
2603 745 3017 809 άνεπλάσαντο,
3065 745 3134 810 ἃς
3174 747 3554 818 προλαϐόντες
3587 753 3647 806 ἐν

2051 833 2119 902 τῇ
2176 830 2430 903 παρούσῃ
2490 829 2660 902 βίϐλῳ
2719 830 2923 894 ίκανῶς
2979 831 3349 904 διελύσαμεν,
3411 839 3647 901 σκαιοὺς

2052 920 2252 982 αὐτοὺς
2286 919 2381 972 καὶ
2425 919 2834 990 ματαιόφρονας
2880 920 3265 986 ἀποδείξαντες
3293 941 3305 952 ο
3352 919 3428 980 ὧν
3460 930 3645 1000 ἀρχη-

2053 1011 2141 1080 yol
2193 1011 2476 1074 Θεοδόσιος
2521 1012 2550 1064 δ
2588 1010 2974 1082 Ἀλεξανδρεὺς
3002 1054 3017 1079 ,
3073 1014 3133 1078 ἐξ
3184 1008 3246 1068 οὗ
3272 1017 3644 1088 Θεοδοσιανοὶ,

2066 1102 2320 1167 Ἰάκωϐος
2367 1105 2396 1158 ὁ
2443 1103 2653 1176 Σύρος,
2709 1105 2768 1171 ἐξ
2813 1097 2874 1159 οὗ
2935 1107 3270 1163 Ἰακωϐἴται.
3323 1111 3543 1165 Τούτων
3591 1115 3644 1167 oi

2057 1192 2392 1263 συνίστορες,
2429 1193 2525 1246 καὶ
2565 1192 2886 1263 βεϐαιωταὶ,
2916 1194 3010 1248 καὶ
3042 1196 3377 1267 ὑπέρμαχοι,
3412 1201 3441 1252 ό
3465 1201 3646 1272 Σευῆο

2060 1300 2150 1354 ρος
2182 1285 2211 1336 ό
2242 1285 2341 1352 τῆς
2389 1284 2710 1353 Ἀντιοχέων
2763 1284 3034 1356 φθορεὺς,
3087 1288 3184 1341 καὶ
3230 1290 3258 1342 ὁ
3308 1290 3378 1344 τά
3429 1292 3644 1360 μάταια

2057 1376 2298 1446 πονήσας
2331 1375 2586 1446 Ἰωάννης
2615 1376 2975 1461 δΤριθείτης,
3007 1379 3071 1431 τὸ
3098 1383 3199 1450 τῆς
3228 1382 3415 1452 κοινῆς
3441 1383 3644 1454 ἀρνού-

2061 1483 2214 1537 μενοι
2254 1469 2532 1539 σωτηρίας
2563 1471 2886 1540 μυστήριον.
2918 1468 3098 1524 Πολλὰ
3127 1471 3230 1542 μὲν
3257 1473 3359 1543 τῆς
3392 1474 3450 1525 ἐν
3489 1475 3644 1530 Χαλ-

2057 1559 2242 1628 κηδόνι
2269 1559 2630 1614 θεοπνεύστου
2657 1560 2766 1614 τῶν
2796 1561 3101 1626 ἑξακοσίων
3127 1563 3429 1632 τριάκοντα
3461 1568 3643 1622 Πατέ-

2060 1671 2170 1725 ρων
2255 1653 2606 1718 διδασκαλίας
2675 1656 3031 1727 κατέγραψαν
3056 1674 3074 1689 ·
3159 1659 3335 1714 πολλὰ
3407 1662 3466 1716 δὲ
3528 1665 3644 1727 τοῖς

379 1751 483 1821 ipsi
511 1748 832 1820 perniciem,
859 1747 970 1802 illis
993 1745 1087 1817 qui
1116 1753 1369 1817 pereunt.
1390 1742 1554 1812 juxta
1574 1743 1676 1797 iter
1697 1738 1957 1796 scandala

2065 1746 2454 1817 ἀπολλυμένοις
2503 1748 2640 1819 πρὸς
2686 1751 2753 1820 τῇ
2802 1749 3026 1822 ὀλεθρία
3071 1751 3254 1806 αὐτῶν
3283 1754 3514 1824 αἱρέσει,
3547 1755 3646 1810 καὶ

371 1847 684 1922 posuerunt.
719 1837 864 1904 Quin
887 1845 942 1894 et
978 1835 1344 1907 particulares
1386 1831 1729 1889 substantias
1750 1829 1954 1886 docen-

381 1941 486 1996 tes,
519 1931 838 1986 univcrsum
893 1927 1292 1988 incarnationis
1346 1923 1672 1996 mysterium
1714 1921 1952 1977 confun-

381 2022 522 2077 dunt
554 2037 568 2075 :
603 2033 838 2090 quorum
877 2017 1215 2088 impietatem
1253 2011 1647 2085 compendiose
1697 2009 1956 2078 colligere

382 2127 564 2183 operae
599 2109 844 2182 pretium
873 2108 991 2162 fore
1025 2107 1362 2177 putavimus,
1411 2102 1674 2159 brevibus
1732 2098 1956 2155 insertis

383 2201 630 2267 scholiis,
665 2201 734 2256 ad
783 2199 1179 2256 refutationem
1229 2197 1412 2268 impiae
1446 2210 1512 2250 ac
1545 2191 1957 2249 nefandissimaa

380 2307 574 2347 eorum
615 2292 859 2346 haeresis.
893 2289 1118 2346 illorum
1153 2303 1316 2360 porro
1352 2283 1776 2358 propugnatoris
1804 2289 1956 2338 ante-

383 2384 602 2454 signani
648 2381 918 2449 Joannis,
957 2381 1162 2452 quibus
1214 2381 1301 2436 vel
1351 2377 1588 2434 maxime
1625 2374 1954 2447 gloriantur,

381 2474 660 2543 dogmata,
692 2488 787 2529 seu
813 2472 997 2544 potius
1023 2471 1410 2534 deliramenta,
1434 2469 1504 2524 ob
1530 2467 1725 2522 oculos
1753 2479 1956 2536 repre-

383 2567 632 2623 sentabo.

384 2729 462 2787 De
494 2739 689 2786 natura
717 2739 767 2784 et
803 2726 1076 2800 hypostasi
1109 2721 1237 2800 quid
1280 2722 1520 2800 sentiant
1557 2717 1850 2800 Severian},
1905 2724 1955 2771 et

453 2801 716 2869 quomodo
750 2786 1108 2869 par'ticulaLes
1121 2786 1753 2869 substantiasdoceaﬂtj
1784 2786 1951 2842 Joan-

455 2857 538 2926 nis
606 2857 960 2924 Cranimatici
1017 2865 1332 2926 Tritlteitaz,
1385 2863 1475 2931 qui
1527 2871 1577 2914 et
1629 2857 1954 2931 Philoponus

453 2941 673 3005 dicitur,
724 2954 789 2994 ex
839 2952 1079 2994 sermone
1126 2943 1318 3006 quarto
1361 2928 1555 3002 operis,
1612 2930 1698 2983 cui
1746 2928 1954 2992 titulus,

458 3031 481 3066 ι
519 3012 746 3066 Arbiter.
776 3027 796 3062 ι

453 3118 779 3179 Communis
806 3116 952 3173 enim
988 3122 1043 3172 et
1074 3112 1645 3170 universalis-naturae
1668 3107 1826 3170 ratio,
1852 3105 1958 3162 etsi
1989 3081 2033 3141 ο

384 3215 503 3284 ipsa
536 3226 630 3281 per
665 3225 724 3264 se
762 3222 871 3262 una
904 3215 1012 3271 est,
1057 3214 1298 3260 attamen
1350 3203 1406 3260 in
1447 3200 1641 3257 multis
1696 3198 1963 3268 subjectis

382 3302 685 3366 exsistens,
717 3299 776 3353 ﬁt
800 3297 996 3362 multa,
1022 3298 1098 3349 ita
1131 3303 1192 3350 ut
1223 3295 1436 3364 integre
1463 3293 1519 3346 in
1548 3303 1878 3360 unoquoque
1909 3295 1965 3342 et

382 3411 494 3454 non
541 3409 606 3449 ex
645 3397 801 3462 parte
831 3388 1137 3452 consistat;
1165 3383 1629 3455 quemadmodum
1660 3381 1827 3438 etiam
1861 3395 1964 3434 na-

383 3488 516 3560 vigii
564 3485 729 3548 ratio,
781 3496 904 3552 quae
962 3481 1017 3534 in
1071 3478 1233 3533 navis
1271 3476 1601 3532 fabricatore
1632 3465 1738 3539 est,
1769 3479 1966 3544 sponte

385 3577 810 3648 multiplicatur,
861 3587 988 3627 cum
1047 3570 1280 3625 exsistat
1331 3569 1388 3622 in
1438 3567 1630 3622 multis
1677 3565 1962 3632 subjectis.

384 3666 674 3727 Consimili
707 3678 928 3735 quoque
979 3659 1144 3716 modo
1201 3660 1358 3728 102
1397 3657 1751 3728 praeceptoris
1785 3654 1966 3710 consi-

384 3758 639 3822 deratio,
697 3771 825 3812 cum
886 3754 962 3808 sit
1007 3767 1152 3818 una,
1197 3757 1396 3819 suapte
1436 3748 1654 3804 ratione
1697 3747 1963 3818 propria,

383 3849 606 3922 quando
653 3862 682 3901 a
723 3842 1014 3914 discipulis
1066 3839 1404 3912 percipitur,
1463 3839 1628 3896 simul
1685 3853 1810 3894 cum
1855 3838 1966 3896 illis

385 3952 499 4000 tota
562 3941 620 3996 in
683 3949 1019 4006 unoquoque
1078 3933 1378 3990 exsistens.
1434 3929 1705 3986 Praeterea
1777 3930 1965 3984 annuli

385 4042 574 4106 typus,
602 4039 656 4087 et
687 4043 834 4084 unus
874 4036 981 4091 est,
1019 4033 1072 4080 et
1117 4027 1173 4079 in
1222 4023 1475 4094 pluribus
1503 4021 1968 4093 expressionibus

387 4130 543 4178 totus
597 4120 653 4174 in
709 4132 1042 4189 unaquaque
1073 4114 1369 4178 cxsistens,
1403 4111 1516 4181 jam
1553 4112 1724 4166 multa
1780 4120 1886 4176 est,
1915 4117 1970 4166 et

387 4213 616 4267 dicitur.
645 4209 837 4279 itaque
862 4208 1035 4262 multa
1081 4204 1328 4275 navigia,
1359 4204 1518 4258 multi
1548 4203 1824 4268 homines,
1865 4218 1968 4258 ex-

387 4301 712 4373 pressiones
746 4298 955 4365 multa,
989 4305 1047 4353 et
1079 4295 1172 4366 qui
1202 4293 1394 4349 multis
1413 4292 1699 4364 discipulis
1721 4308 1970 4348 commu-

389 4395 650 4450 nicantur
681 4401 1006 4460 conceptus,
1055 4401 1292 4443 numero
1327 4383 1547 4454 quidem
1577 4384 1634 4440 in
1670 4384 1969 4440 individuis

390 4487 551 4558 plura
609 4491 762 4549 sunt,
820 4490 990 4550 atque
1015 4479 1217 4543 divisa.
1259 4493 1368 4532 non
1402 4476 1592 4544 unita;
1622 4477 1814 4548 specie
1841 4492 1972 4533 vero

2060 1834 2343 1908 θήρατρα,
2394 1836 2464 1890 τά
2501 1837 2565 1908 δὴ
2615 1837 2923 1909 λεγόμενα,
2979 1839 3076 1894 καὶ
3121 1841 3360 1914 ἐχόμενα
3401 1843 3639 1914 τρίϐουο

2059 1924 2339 1978 τεθείκασι
2397 1925 2693 1980 σκάνδαλα.
2750 1926 2826 1980 Οὑ
2883 1926 2993 1998 μὴν
3036 1928 3171 1984 ἀλλὰ
3231 1932 3328 1986 καὶ
3398 1933 3643 2005 μερικὰς

2059 2017 2481 2088 δογματίζοντες
2513 2017 2726 2082 οὑσίας,
2765 2017 2828 2072 τὺ
2860 2019 2966 2088 τῆς
2997 2020 3302 2092 οἰκονομίας
3335 2024 3634 2094 συγχέουσι

2065 2109 2362 2180 μυστήριον
2377 2104 2425 2164 δ.
2457 2101 2559 2162 Ὧν
2586 2107 2860 2162 διαλαϐεῖν
2899 2109 2958 2164 ἐν
2985 2111 3222 2182 ἐπιτομῇ
3242 2112 3340 2183 τὴν
3371 2114 3629 2169 ἀσέϐειαν

2061 2199 2428 2270 ἐλογισάμεθα
2457 2201 2568 2254 δεῖν
2594 2239 2610 2265 ,
2656 2199 3025 2271 παρενθέντες
3086 2202 3183 2256 καὶ
3230 2203 3401 2272 μικρὰ
3449 2205 3640 2273 σχόλια

2062 2291 2200 2362 πρὸς
2249 2291 2478 2362 ὲλεγμὸν
2528 2293 2627 2362 τῆς
2677 2291 2844 2346 ἀθέου
2905 2294 3092 2347 αὐτῶν
3146 2293 3246 2347 καὶ
3307 2295 3645 2366 παμμιαρᾶς

2063 2383 2354 2454 αἱρέσεως.
2389 2382 2497 2436 Τοῦ
2549 2383 2931 2456 προασπιστοῦ
2959 2384 3019 2438 δὲ
3067 2383 3248 2439 αὐτῶν
3282 2386 3552 2450 Ἰωάννου,
3581 2387 3646 2439 ἐν

2063 2467 2148 2535 οἷς
2177 2471 2412 2542 μάλιστα
2460 2473 2850 2544 έναϐρύνονται
2874 2516 2890 2540 ,
2937 2475 3012 2529 τά
3053 2476 3324 2548 δόγματα,
3357 2477 3559 2548 μᾶλλον
3582 2476 3648 2531 δι

2064 2561 2380 2635 ληρήματα,
2417 2564 2833 2637 παραθήσομαι.

2062 2697 2205 2767 Περὶ
2234 2698 2494 2771 φροῖεως,
2517 2699 2618 2753 καὶ
2646 2701 3066 2771 ὑποστάσεως,
3089 2704 3252 2770 ὅπως
3277 2708 3331 2759 οι
3359 2705 3431 2758 ἐκ
3451 2705 3646 2771 Σευή-

2127 2785 2243 2843 ρον
2266 2767 2607 2843 δοξάζουσι,
2650 2771 2756 2843 καί
2787 2769 2915 2843 π-ῶς
2947 2767 3061 2839 τὰς’
3086 2767 3340 2841 μερικὰς
3366 2767 3647 2843 δογματῖ-

2139 2837 2349 2919 {auctr
2392 2839 2646 2919 οὐςίας,
2718 2841 3002 2919 ’ζωάννρυΔ
3031 2837 3489 2919 Γρᾰμμαὲικοῧ
3509 2848 3648 2919 _Tpt_-;

2139 2908 2356 2980 θείτου,
2394 2908 2500 2980 τοῦ
2535 2908 2865 2979 λεγομένου
2898 2908 3263 2980 «amabo,
3316 2914 3387 2968 ἐκ
3428 2908 3569 2969 τοῦ’
3588 2915 3646 2968 δ’

2134 2979 2322 3048 λόγου
2358 2977 2467 3032 τοῦ
2512 2996 2531 3030 ι
2564 2977 2693 3035 Atat
2730 2980 2836 3034 τοῦ
2859 2991 2903 3036 θ.
2941 2999 2962 3034 ι

2145 3092 2205 3146 '0
2252 3090 2362 3164 γὰρ
2397 3092 2576 3158 κοινὸς
2625 3094 2722 3152 καὶ
2768 3093 3005 3149 καθόλου
3054 3096 3154 3168 τῆς
3196 3095 3294 3151 τοῦ
3343 3096 3642 3170 ἀνθρώπου

2063 3185 2279 3258 φύσεως
2311 3185 2490 3255 λόγος,
2531 3188 2581 3242 εί
2617 3187 2712 3240 καὶ
2744 3188 2911 3252 αὐτὸς
2939 3189 3062 3244 καθ’
3094 3189 3292 3244 ἑαυτὸν
3337 3185 3422 3254 εἷς
3466 3193 3643 3256 ἔστιν,

2061 3277 2178 3334 ἀλλ’
2209 3273 2304 3334 οὖν
2333 3279 2393 3332 ὲν
2423 3278 2642 3342 πολλοῖς
2677 3279 3063 3351 ὑποκειμένοις
3099 3279 3388 3351 γινόμενος
3412 3318 3427 3344 ,
3467 3282 3646 3337 πολλὰ

2061 3370 2296 3440 γίνεται,
2330 3369 2646 3443 ὁλοκλήρως
2673 3373 2733 3426 ὲν
2768 3373 3012 3444 ἑκάστῳ,
3045 3374 3141 3427 καὶ
3166 3375 3268 3428 οὑκ
3297 3374 3407 3428 ἀπὸ
3439 3373 3649 3447 μέρους

2063 3466 2346 3538 ὑπάρχων.
2378 3467 2592 3540 Ὠσπερ
2628 3468 2725 3522 καὶ
2757 3469 2790 3523 δ
2818 3469 2878 3524 ὲν
2914 3469 2993 3540 τῷ
3021 3469 3290 3541 ναυπηγῷ
3320 3469 3419 3524 τοῦ
3451 3470 3644 3524 πλοίου

2061 3557 2240 3626 λόγος,
2277 3553 2361 3622 εἷς
2407 3557 2486 3611 ὢν
2523 3558 2876 3629 πληθύνεται,
2917 3562 2978 3615 ὲν
3011 3560 3226 3623 πολλοῖς
3256 3561 3648 3630 ὑποκειμένοις

2062 3647 2367 3718 γινόμενος.
2400 3647 2587 3712 Οὕτως
2617 3649 2674 3702 δὲ
2715 3651 2810 3705 καὶ
2841 3651 2902 3704 τὸ
2931 3653 2991 3705 ὲν
3030 3651 3110 3724 τῷ
3149 3651 3457 3724 διδασκάλῳ
3503 3651 3647 3705 θεώ-

2067 3754 2240 3810 ρημα,
2281 3738 2339 3792 ἓν
2369 3737 2428 3792 δν
2468 3737 2549 3810 τῷ
2593 3739 2708 3811 ἰδίῳ
2736 3738 2902 3812 λόγῳ,
2933 3741 3062 3796 ὅταν
3090 3742 3150 3796 έν
3177 3743 3290 3807 τοῖς
3322 3741 3650 3813 διδασκομέ-

2063 3847 2177 3893 νοις
2207 3831 2444 3898 γίνεται,
2479 3831 2928 3903 συμπληθύνεται
2953 3835 3159 3898 αὐτοῖς,
3187 3834 3310 3888 ὅλον
3339 3835 3398 3888 ἐν
3427 3835 3650 3908 ἑκάστῳ

2065 3921 2370 3991 γινόμενον.
2401 3921 2634 3992 Προσέτι
2660 3922 2717 3976 δὲ
2742 3923 2838 3977 καὶ
2867 3924 2896 3976 ό
2926 3925 2985 3978 ὲν
3025 3923 3102 3995 τῷ
3138 3925 3412 3997 δακτυλίῳ
3449 3927 3645 3992 τύπος,

2066 4006 2144 4075 εἷς
2178 4011 2274 4079 ὢν,
2300 4012 2360 4066 ὲν
2390 4012 2635 4066 πλείοσιν
2663 4014 2983 4085 ὲκμαγείοις
3013 4015 3135 4080 ὅλος
3164 4019 3222 4071 ὲν
3250 4017 3468 4088 ἑκάστῳ
3499 4019 3652 4087 γινό-

2071 4120 2256 4174 μενος,
2303 4103 2477 4157 πολλὰ
2509 4103 2699 4159 λοιπόν
2736 4105 2854 4160 ὲστί
2891 4124 2952 4160 τε
2988 4108 3083 4162 καὶ
3112 4108 3350 4178 λέγεται.
3384 4111 3551 4164 Ὥστε
3577 4111 3650 4164 τά

2069 4193 2240 4248 πολλὰ
2277 4194 2468 4262 πλοῖα,
2520 4197 2617 4250 καὶ
2649 4197 2702 4248 oi
2730 4197 2920 4251 πολλοὶ
2952 4197 3262 4269 ἄνθρωποι,
3313 4199 3408 4254 καὶ
3448 4202 3518 4254 τὰ
3554 4203 3650 4254 ὲκ-

2073 4289 2276 4356 μαγεῖα
2303 4285 2374 4340 τὰ
2407 4287 2601 4352 πολλὰ,
2638 4289 2732 4342 καλ⁵
2776 4290 2844 4343 τά
2893 4291 2950 4344 ὲν
2983 4293 3095 4356 τοῖς
3131 4292 3345 4346 πλείοσι
3376 4293 3654 4365 μαθηταῖς

2002 4411 2045 4483 D-
2073 4378 2352 4483 νοήματα,
2376 4382 2498 4483 τοῖς
2533 4381 2632 4483 μεν
2675 4382 2900 4453 ἀτόμοις
2950 4384 3176 4438 πλείονα
3206 4387 3466 4455 τυγχάνει
3506 4387 3652 4442 κατὰ

2076 4467 2166 4522 τὸν
2195 4468 2468 4541 ἀριθμὸν,
2518 4470 2617 4525 καὶ
2659 4473 2836 4527 ταῦτα
2867 4475 3176 4547 διῃρημένα
3224 4478 3380 4544 ἐστὶ,
3429 4480 3524 4534 καὶ
3552 4482 3655 4552 οὑχ

388 4572 706 4638 communi,
749 4570 909 4624 multi
961 4567 1214 4622 homines
1268 4581 1440 4620 unum
1494 4566 1863 4630 constituunt,
1921 4575 1960 4621 el

2081 4563 2350 4633 ἡνωμένα.
2399 4562 2490 4636 Τῷ
2543 4565 2708 4637 κοινῷ
2750 4567 2807 4621 δὲ
2859 4569 2989 4622 εἴδει
3036 4571 3086 4622 oi
3136 4571 3324 4625 πολλοὶ
3373 4572 3654 4643 ἄνθρωποι

389 4665 576 4722 multa:
622 4677 816 4725 naves,
871 4673 1074 4726 unam;
1110 4657 1430 4729 pariterque
1467 4665 1771 4727 conceptus
1808 4665 1960 4727 atqui

2081 4648 2164 4718 εἷς
2187 4656 2538 4726 τυγχάνουσι,
2571 4658 2666 4712 καὶ
2693 4657 2762 4711 τὰ
2793 4658 2964 4714 πολλὰ
2999 4661 3161 4716 πλοῖα
3191 4661 3270 4725 ἓν,
3309 4664 3405 4717 καὶ
3433 4665 3503 4717 τὰ
3531 4666 3658 4736 νοή⁹

388 4757 560 4812 etiam
613 4752 1007 4826 expressiones
1070 4749 1358 4806 identitate
1402 4749 1659 4828 imaginis
1707 4751 1960 4806 unitaten

2083 4763 2229 4817 ματα
2253 4747 2312 4801 δὲ
2340 4747 2625 4816 ὡσαύτως,
2651 4750 2748 4804 καὶ
2775 4749 2844 4804 τὰ
2874 4751 3145 4823 ἐκμαγεῖα
3169 4755 3228 4807 ὲν
3247 4757 3313 4826 τῇ
3338 4756 3655 4828 ταυτότητι,

390 4845 598 4900 habent
661 4859 676 4896 :

389 4934 504 4990 sint
549 4939 606 4990 et
648 4932 843 4990 .divisa
871 4974 887 4999 ,
938 4928 1244 4987 secundum
1298 4929 1446 4984 aliud
1500 4944 1652 4998 vero,
1716 4930 1870 4986 unita
1919 4937 1975 4986 et

391 5035 590 5076 unum.

461 5112 668 5168 Adhaec
693 5110 954 5183 quamvis
987 5109 1275 5166 continuis
1317 5125 1459 5179 saepe
1488 5127 1780 5168 numerum
1812 5114 1974 5167 attri—

741 4841 880 4896 adeo
949 4846 1008 4894 ut
1071 4838 1165 4892 illa
1225 4837 1530 4894 secundum
1601 4838 1754 4894 aliud
1809 4838 1960 4893 mult:

2078 4845 2176 4897 τοῦ
2206 4843 2602 4917 ὲκτυπώματος
2626 4848 2686 4901 τὸ
2725 4847 2783 4902 ἓν
2822 4847 3056 4919 ἔχουσιν.
3093 4850 3258 4904 Ὥστε
3288 4849 3496 4914 ταῦτα,
3533 4851 3660 4905 κατ’

2081 4932 2211 4988 ἄλλο
2261 4933 2361 5004 μὲν
2409 4935 2580 4992 πολλά
2626 4938 2742 4992 ἐστι
2773 4939 2870 4992 καὶ
2909 4939 3248 5012 διῃρημένα,
3288 4945 3410 4997 κατ’
3441 4943 3571 4998 ἄλλο
3601 4944 3660 4997 δὲ

2081 5024 2340 5095 ἡνωμένα
2373 5028 2466 5080 καὶ
2494 5028 2573 5081 ἓν.

2166 5117 2324 5171 Ἀλλὰ
2371 5117 2469 5172 κᾶν
2504 5120 2598 5172 ἐπὶ
2653 5120 2761 5174 τῶν
2811 5123 3050 5194 συνεχῶν
3102 5125 3364 5192 πολλάκις
3399 5127 3665 5202 φέρωμεν

1656 5287 1892 5343 νΛΒΙΕ
1925 5288 2333 5347 LECTIONES.

465 5414 492 5487 ο
517 5399 654 5487 god.
781 5398 1305 5487 "ibdvf‘euéleqav.
1437 5402 1930 5487 A'ug._et”i‘l.23:61s
1946 5405 2247 5487 ἔπ’-αὑτῆς.
2274 5406 2441 5487 Vetus
2474 5407 2705 5487 interpr.
2732 5423 2862 5470 tunc
2885 5415 2939 5470 in
2971 5415 3130 5487 ipsis.
3207 5427 3229 5458 ι
3259 5417 3326 5475 ῃ,
3355 5421 3478 5476 cod.
3497 5422 3663 5487 2508.

399 5485 503 5546 quo
523 5470 784 5546 Qotteler.
802 5486 939 5528 usus
954 5479 1040 5524 est
1058 5485 1262 5546 sequor
1290 5486 1302 5520 :
1325 5470 1553 5546 aliast?
1577 5473 1785 5546 ρῳ
1806 5473 2014 5546 saucio?
2032 5470 2265 5546 ἐχόμενα
2287 5476 2495 5546 τρίϐου.
2570 5478 2599 5518 ἀ

2629 5481 2761 5558 Quze
2783 5481 3091 5555 sequuntur
3115 5503 3289 5558 usque
3316 5491 3383 5546 ad
3411 5481 3664 5547 haeresim

394 5540 1026 5626 nphtharto‘docetarum
1058 5539 1191 5626 cod.
1223 5539 1290 5594 Β.
1319 5540 1484 5626 25οβ,
1519 5539 1767 5626 exhibet,
1789 5554 1849 5624 ut
1887 5553 1941 5599 et
1967 5539 2263 5626 Vaticanus
2287 5539 2446 5626 ll82,
2475 5563 2574 5604 nec
2595 5539 2706 5608 non
2734 5539 3213 5626 Augustalium}:
3226 5539 3664 5617 B‘Aéﬁi’ib‘s'sé'."

399 5597 641 5695 vinus
678 5609 986 5695 Appnr'qtu‘.
1009 5694 1028 5695 ﬂ
1055 5619 1079 5695 ξ
1111 5610 1202 5665 Sic
1226 5597 1484 5695 .emendo
1513 5627 1586 5695 ex.
1613 5597 1936 5695 lfoss'evino,
1964 5597 3668 5695 qui—posuit,

394 5678 640 5737 occurrit
665 5679 809 5749 quod
844 5678 1127 5748 Dialogum
1162 5679 1362 5736 referat
1396 5697 1410 5736 :
1443 5681 1538 5738 sed
1573 5681 1977 5739 interciderunt
2001 5678 2183 5756 'parv'a
2228 5678 2461 5755 scholia,
2495 5705 2616 5759 quae
2646 5678 2842 5751 auctor
2866 5678 3454 5770 passith'épbb's'u'e'iiil
