4012 6208
397 361 502 428 τη

1578 359 1638 418 S.
1663 355 1984 418 JOANNIS
2013 351 2447 416 DAMASCENI

3545 349 3657 413 748

466 475 656 545 Itaque
690 473 779 528 illa
807 472 1045 530 hominis
1073 482 1270 530 natura
1304 471 1636 534 communis,
1663 469 1965 525 secundum

2149 463 2300 534 Λῦτη
2338 463 2402 534 δὴ
2431 459 2522 515 οὖν
2544 462 2578 532 ἡ
2615 460 2770 531 κοινὴ
2805 461 2987 532 φύσις,
3021 463 3056 534 ἡ
3087 459 3400 533 ἀνθρώπου,
3425 462 3550 516 καθ’
3585 465 3652 533 ἢν

368 581 564 638 quam
603 566 788 638 quivis
827 565 996 619 homo
1041 566 1108 620 ab
1143 565 1256 620 alio
1298 563 1521 618 homine
1577 576 1685 617 non
1745 561 1923 616 diﬂ‘ert
1951 600 1967 625 ,

398 659 526 713 dum
559 658 614 712 in
647 671 981 726 unoquoque
1012 656 1422 711 individuorum
1454 653 1696 718 exsistit,
1747 651 1968 721 propria

397 750 654 820 deinceps
685 749 788 819 ipsi
833 749 911 811 lit,
951 748 1196 818 nullique
1229 746 1389 801 alteri
1414 745 1757 811 communis;
1781 757 1972 813 quem-

399 841 693 912 admodum
754 855 872 912 cap.
922 840 957 894 4
986 840 1306 896 statuimus.
1354 835 1492 890 Nam
1520 835 1665 907 quod
1699 836 1754 891 in
1781 849 1866 890 me
1888 842 1972 889 est

399 930 603 986 animal
637 930 925 995 rationale,
957 929 1212 995 mortale,
1243 928 1451 984 nemini
1483 926 1642 982 alteri
1671 932 1759 982 est
1817 939 1970 980 com-

399 1038 584 1078 mune.
609 1020 1130 1092 Certeimpossibile
1157 1036 1269 1076 non
1297 1028 1406 1086 est,
1435 1028 1495 1074 ut
1519 1018 1740 1073 homine
1763 1016 1970 1087 aliquo,

398 1113 514 1168 sive
565 1111 724 1177 hove,
787 1110 904 1167 sive
951 1126 1094 1181 equo
1154 1112 1436 1182 patiente,
1503 1110 1641 1165 nihil
1692 1108 1973 1180 patiantur

397 1201 645 1272 ejusdem
704 1201 907 1271 speciei
972 1201 1280 1256 individua.
1345 1199 1652 1270 Siquidem,
1704 1198 1974 1254 moriente

399 1292 593 1356 Paulo,
626 1291 741 1346 lieri
788 1299 970 1362 potest
1003 1299 1062 1346 ut
1100 1300 1424 1348 cagterorum
1470 1291 1756 1346 hominum
1786 1283 1972 1345 n'ullus

399 1383 705 1447 moriatur;
739 1391 923 1453 atque,
957 1391 1222 1438 nascente
1259 1382 1445 1448 Petro,
1479 1391 1535 1438 et
1557 1383 1612 1437 in
1648 1397 1832 1437 rerum
1875 1397 1972 1436 ua-

399 1478 579 1526 turam
626 1470 797 1537 edito,
849 1470 1017 1526 futuri
1064 1479 1188 1542 post
1238 1473 1388 1528 illum
1427 1473 1679 1529 homines
1732 1465 1970 1527 nondum

402 1562 699 1617 exsistunt.
735 1562 909 1634 Igitur
945 1579 1285 1634 unaquaeque
1309 1571 1508 1618 natura
1536 1579 1645 1618 non
1681 1579 1791 1617 uno
1836 1561 1974 1616 dun-

399 1657 553 1705 taxat
584 1649 744 1706 modo
780 1651 985 1707 dicitur
1018 1653 1072 1707 id
1105 1653 1250 1724 quod
1297 1660 1401 1717 est,
1450 1653 1546 1708 sed
1598 1652 1825 1723 duplici.
1854 1653 1974 1706 Alio

398 1738 657 1807 quidem,
721 1740 768 1794 si
823 1741 1245 1798 consideremus
1297 1756 1645 1798 communem
1705 1742 1975 1813 cujusque

397 1835 608 1882 natura;
659 1829 949 1898 rationem,
1010 1833 1182 1902 ipsam
1236 1831 1292 1885 in
1341 1846 1401 1886 se
1451 1812 1791 1902 spectatam;
1843 1812 1972 1901 puta
2006 1812 2046 1867 Β

399 1929 653 1975 naturam
703 1921 966 1988 hominis,
1013 1933 1108 1979 aut
1160 1925 1309 1994 equi,
1361 1925 1415 1979 in
1471 1923 1625 1979 nullo
1687 1923 1973 1979 individuo

397 2013 792 2080 exsistentcm;
845 2016 1018 2069 altero
1073 2023 1253 2070 autem
1316 2015 1502 2080 modo,
1551 2029 1674 2070 cum
1723 2013 1971 2070 eamdem

398 2112 650 2157 naturam
711 2118 1056 2162 communem
1124 2108 1180 2161 in
1246 2106 1543 2162 individuis
1609 2107 1971 2162 exsistentem

398 2195 838 2264 perspexerimus
861 2235 877 2261 ,
910 2204 966 2252 et
1001 2205 1278 2268 quatenus
1323 2199 1378 2253 in
1421 2213 1754 2269 unoquoque
1780 2212 1972 2253 eorum

397 2286 785 2355 particularcm
814 2286 986 2342 sumit
1017 2288 1424 2355 exsistentiam,
1461 2304 1586 2359 quae
1619 2289 1758 2343 nulli
1790 2288 1970 2353 alteri,

399 2384 764 2448 praeterquam
797 2377 876 2432 illi
905 2392 970 2432 ac
999 2378 1125 2444 soli,
1159 2379 1471 2435 conveniat.
1501 2378 1715 2450 Quippe
1743 2379 1890 2449 quod
1919 2380 1972 2434 in

397 2484 485 2523 me
527 2478 614 2522 est
650 2467 850 2522 animal
888 2469 1176 2536 rationale,
1217 2471 1485 2535 mortale,
1520 2469 1657 2524 nulli
1689 2469 1974 2525 hominum

399 2562 633 2614 aliorum
666 2575 961 2617 counuuue
986 2571 1090 2630 est,
1124 2577 1306 2635 neque
1329 2562 1587 2618 animalis
1622 2571 1821 2617 natura
1852 2576 1976 2634 qua:

368 2648 480 2709 ‘est
518 2651 574 2706 in
627 2652 731 2706 isto
771 2668 938 2723 equo,
973 2654 1029 2708 iu
1064 2653 1174 2709 alio
1221 2655 1480 2725 quopiam
1536 2654 1867 2724 reperietur,
1915 2663 1978 2708 ut

397 2749 560 2803 modo
589 2747 956 2803 ostendimus.
988 2745 1161 2801 Porro
1206 2744 1364 2817 104
1393 2748 1541 2816 quod
1573 2747 1722 2801 hunc
1751 2760 1976 2802 sensum

397 2841 598 2895 habeat
637 2838 896 2894 Ecclesiae
921 2836 990 2892 de
1019 2837 1232 2892 naturis
1258 2845 1311 2891 et
1346 2837 1734 2909 hypostasibus
1765 2835 1976 2891 doctri-

398 2946 490 2993 na,
532 2945 598 2985 ex
633 2945 698 2985 eo
721 2929 1074 2984 manifeswm
1098 2927 1178 2988 ﬁt.
1211 2928 1357 2999 quod
1391 2944 1556 2983 uuam
1582 2927 1784 2994 Patris,
1831 2925 1974 2992 Filii,

2069 556 2246 619 οὐδεὶς
2288 553 2577 626 ἄνθρωπος
2604 551 2820 617 οὐδενὸς
2847 553 3179 624 διενήνοχεν,
3214 553 3272 606 ὲν
3299 552 3517 624 ἑκάστῳ
3540 553 3654 606 τῶν

2069 653 2288 722 ἀτόμων
2323 652 2606 722 γινομένη,
2657 651 2762 705 ίδία
2801 648 2986 702 λοιπὸν
3021 646 3258 711 ἐκείνου,
3309 646 3406 699 καὶ
3437 646 3654 709 οὐδενὸς

2071 742 2262 814 ἑτέρου
2316 743 2473 813 κοινὴ
2511 741 2743 810 γίνεται,
2778 737 2961 801 καθὼς
2987 737 3045 790 ὲν
3076 735 3156 806 τῷ
3193 735 3442 806 τετάρτῳ
3477 753 3656 805 κεφα-

2070 834 2208 904 λαίῳ
2257 832 2604 905 ὡρισάμεθα.
2647 832 2723 885 Τὸ
2776 829 2886 900 γὰρ
2937 831 2996 882 ὲν
3051 828 3174 899 ἐμοὶ
3227 826 3368 891 ζῶον
3407 827 3651 896 λογικὸν,

2071 925 2265 998 θνητὸν
2291 963 2306 989 ,
2345 924 2560 988 οὐδενὸς
2602 922 2765 977 ἀλλου
2815 921 2956 986 ζώου
3001 919 3181 974 κοινόν
3225 920 3395 974 ἐστιν.
3435 919 3656 990 ’Δμέλει

2073 1016 2340 1080 παθόντος
2373 1013 2665 1086 ἀνθρώπου
2710 1012 2880 1080 τινὸς,
2913 1011 2958 1083 ῆι
2990 1010 3131 1081 βοὸς,
3164 1009 3197 1082 ἢ
3231 1010 3426 1078 ἵππου,
3464 1009 3656 1080 ἀπαθῆ

2076 1106 2259 1177 μένειν
2299 1105 2368 1159 τά
2411 1104 2636 1175 ὁμοειδῆ
2681 1102 2790 1157 τῶν
2830 1103 3050 1174 ἀτόμων
3078 1103 3180 1157 οὐκ
3216 1102 3502 1159 ἀδύνατον.
3539 1104 3658 1158 Kal.

2072 1200 2182 1268 γὰρ
2205 1197 2422 1252 Παύλου
2449 1195 2769 1264 τεθνεῶτος,
2800 1196 3005 1266 μηδένα
3032 1195 3287 1250 τεθνάναι
3316 1197 3428 1253 τῶν
3449 1196 3656 1252 λοιπῶν

2073 1288 2378 1360 ἀνθρώπων
2405 1287 2709 1357 ὲνδέχεται³
2747 1283 3161 1355 καὶγενομένου
3189 1285 3421 1357 Πέτρου,
3450 1287 3546 1340 καὶ
3574 1288 3656 1351 εἰς

2072 1380 2133 1434 τὸ
2160 1375 2300 1433 εἶναι
2333 1377 2730 1450 παραχθέντος,
2751 1376 2803 1430 οἱ
2832 1375 2947 1447 μετ’
2975 1375 3140 1430 αὐτὸν
3163 1375 3261 1430 ἀνθ
3271 1395 3465 1448 ρωποι,
3501 1377 3658 1432 οῦπω

2073 1471 2181 1524 τῶν
2215 1470 2384 1523 ὄντων
2429 1469 2588 1524 εἰσίν.
2623 1467 2834 1521 Οὐκοῦν
2865 1467 3070 1539 ἑκάστη
3113 1467 3274 1537 φύσις
3309 1470 3369 1523 οὐ
3402 1470 3658 1542 μοναχῶς

2073 1567 2291 1635 λέγεται
2328 1563 2479 1618 τοῦθ’
2505 1565 2641 1634 ὅπερ
2668 1560 2842 1625 ἐστὶν,
2872 1560 3012 1616 ἀλλά
3043 1561 3228 1632 διχῶς.
3268 1564 3407 1618 Καθ’
3428 1565 3528 1620 ἕνα
3557 1566 3656 1636 μὲν

2073 1655 2314 1726 τρόπον,
2357 1653 2488 1706 ὅταν
2531 1651 2625 1704 τὸν
2677 1651 2856 1705 κοινὸν
2909 1650 3150 1720 ἑκάστης
3195 1651 3416 1720 φύσεως
3473 1653 3658 1723 λόγον,

2075 1746 2237 1801 αὐτὸν
2275 1745 2360 1814 ἐφ’
2409 1742 2604 1798 ἑαυτοῦ
2645 1741 3044 1815 θεωρούμενον,
3086 1737 3197 1797 οἶον
3229 1744 3331 1818 τὴν
3362 1746 3657 1818 ἀνθρώπου

2075 1839 2257 1909 φύσιν,
2291 1837 2325 1908 ἢ
2355 1836 2456 1906 τὴν
2491 1836 2683 1900 ἵππου,
2731 1837 2790 1889 ἐν
2818 1835 2997 1889 οὐδενὶ
3026 1835 3137 1889 τῶν
3183 1836 3403 1891 ἀτόπων
3431 1840 3660 1910 γινομέ-

2074 1949 2171 2003 νην
2199 1949 2214 1962 θ
2248 1929 2371 1984 καθ’
2396 1929 2585 2001 ἕτερον
2612 1928 2691 1993 δὲ,
2723 1929 2850 1982 ὅταν
2879 1926 3048 1999 αὐτὴν
3074 1926 3136 1999 δὴ
3166 1927 3372 1999 ταύτην
3399 1931 3502 2000 τὴν
3532 1948 3656 1985 χοι-

2072 2024 2168 2096 νὴν
2199 2022 2362 2094 φύσιν
2395 2024 2453 2076 ὲν
2479 2023 2592 2085 τοῖς
2630 2020 2853 2092 ἀτόμοις
2880 2019 3164 2090 γινομένην
3192 2019 3525 2092 κατίδωμεν,
3553 2023 3652 2077 καὶ

2077 2117 2463 2188 μερικωτάτην
2485 2117 2542 2168 ἐν
2569 2113 2787 2184 ἑκάστῳ
2809 2111 2992 2166 αὐτῶν
3009 2109 3384 2181 λαμϐάνουσαν
3402 2110 3645 2185 ὕπαρξιν

2073 2205 2249 2259 οὐδενὶ
2280 2203 2426 2276 ἄλλῳ
2458 2202 2597 2275 πλὴν
2628 2202 2826 2272 ἐκείνῳ
2872 2200 2970 2255 καὶ
3000 2200 3148 2272 μόνῳ
3172 2199 3355 2253 λοιπὸν
3393 2201 3638 2273 ἐφαρμό-

2075 2297 2296 2361 ζουσαν.
2343 2294 2416 2349 Τὸ
2445 2294 2554 2366 γὰρ
2591 2296 2650 2348 ὲν
2682 2292 2806 2362 ὲμοῒ
2837 2291 2998 2357 ζῶον,
3031 2289 3270 2360 λογικὸν,
3320 2289 3532 2360 θνητδν,
3556 2289 3651 2342 ού-

2073 2388 2189 2442 δενὶ
2219 2387 2330 2440 τῶν
2363 2386 2542 2441 ἄλλων
2589 2383 2896 2456 ἀνθρώπων
2933 2381 3054 2435 ἐστὶ
3092 2380 3272 2436 κοινόν
3300 2397 3313 2414 ο
3345 2379 3468 2434 οὐδὲ
3509 2380 3544 2450 ἡ
3595 2380 3655 2432 ὲν

2072 2479 2212 2551 τῷδε
2232 2479 2312 2550 τῷ
2341 2480 2494 2550 ἵππῳ
2522 2476 2616 2531 τοῦ
2651 2475 2792 2541 ζώου
2824 2475 3018 2544 φύσις,
3053 2475 3113 2526 ὲν
3143 2472 3292 2544 ἄλλῳ
3320 2472 3430 2527 τινὶ
3458 2471 3656 2541 γένοιτ’

2073 2571 2162 2634 ἂν,
2193 2571 2270 2632 ὼς
2299 2569 2507 2641 ἀρτίως
2553 2567 2894 2638 δεδείχαμεν.
2932 2566 3057 2618 Ὅτι
3096 2565 3154 2618 δὲ
3187 2563 3397 2628 ταύτας
3432 2562 3532 2626 τὰς
3563 2561 3662 2618 ὲν·-

2075 2661 2225 2724 νοίας
2255 2659 2384 2731 περί
2423 2676 2485 2713 τε
2531 2651 2748 2730 φύσεων
2798 2657 2913 2728 ἔχει
2955 2657 3052 2710 καὶ
3081 2657 3436 2710 ὑποστάσεων
3483 2656 3517 2727 ή
3554 2653 3656 2725 τῆς

2090 2750 2420 2820 Ἐκκλησίας
2444 2745 2790 2813 διδασκαλία,
2823 2745 2983 2817 δῆλον
3013 2744 3073 2810 ἐξ
3102 2739 3176 2800 ὦν
3204 2747 3336 2815 μίαν
3367 2745 3467 2816 μὲν
3491 2743 3658 2814 φύσιν
3697 2763 3706 2820 t

2078 2841 2293 2913 Πατρός
2315 2857 2400 2908 τε,
2449 2840 2547 2893 καὶ⁵
2577 2839 2710 2892 Υίοῦ
2733 2878 2746 2903 ,
2781 2837 2878 2891 καὶ
2907 2835 3066 2906 ἀγίου
3112 2836 3433 2906 Πνεύματος
3465 2833 3662 2906 όμολο-

2077 2934 2306 3004 γοῦμεν,
2349 2934 2500 3003 τρεῖς
2544 2931 2602 2984 δὲ
2635 2931 2734 2995 τὰς
2764 2929 2970 2984 τούτων
3003 2928 3353 2992 ὑποστάσεις,
3385 2927 3555 2999 ήγουν
3587 2925 3662 2980 τά

338 3033 352 3110 β
397 3030 450 3076 et
471 3021 716 3090 Spiritus
760 3021 939 3078 sancti
983 3028 1243 3076 naturam
1277 3022 1673 3088 conﬁteamur;
1703 3028 1818 3076 tres
1851 3034 1971 3076 vero

2080 3024 2382 3095 πρόσωπα,
2413 3018 2817 3089 δογματίζομεν
2841 3057 2856 3083 ,
2887 3015 3010 3070 καθ’
3041 3014 3107 3079 ἃς
3149 3014 3386 3067 ἕκαστον
3427 3011 3660 3081 [git-11}

397 3113 592 3165 horum
645 3112 944 3167 doceamus
973 3112 1317 3183 hypostases,
1352 3113 1467 3168 sive
1498 3127 1785 3183 personas,
1820 3112 1971 3182 juxta

2080 3131 2188 3166 τινι
2228 3115 2291 3167 ἐκ
2319 3110 2428 3165 τῶν
2459 3111 2664 3164 λοιπῶν
2707 3107 3066 3180 διακρίνεται.
3097 3107 3162 3160 Τί
3188 3105 3299 3177 γὰρ
3337 3104 3403 3159 ἂν
3434 3105 3518 3175 εἴη
3557 3103 3663 3174 μία

395 3217 534 3271 quas
560 3204 985 3274 unumquodque
1035 3204 1368 3272 proprietate
1405 3205 1640 3274 quadam
1678 3220 1708 3257 a
1749 3204 1971 3274 reliquis

2083 3205 2244 3276 φύσις
2273 3204 2551 3274 θεότητος.
2583 3202 2616 3274 ἢ
2645 3203 2672 3254 ὁ
2703 3201 2883 3263 κοινὸς
2921 3199 3022 3270 τῆς
3063 3199 3211 3261 θείας
3237 3197 3451 3267 φύσεως
3474 3196 3654 3264 λόγος,

393 3291 766 3347 discernatur.
794 3292 935 3359 Quid
971 3294 1116 3347 enim
1169 3302 1315 3350 esset
1347 3311 1456 3349 una
1485 3297 1784 3353 divinitatis
1817 3309 1977 3350 natu-

2079 3293 2243 3356 αὐτὸς
2281 3291 2402 3345 καθ’
2429 3291 2622 3344 ἑαυτὸν
2655 3288 3049 3360 θεωρούμενος,
3082 3288 3178 3341 καὶ
3208 3290 3272 3359 τῇ
3305 3286 3518 3358 ἐπινοίᾳ
3552 3288 3666 3352 τῆς
3705 3303 3720 3314 ο

395 3395 478 3444 ra,
510 3382 617 3436 nisi
648 3380 846 3436 divinae
891 3389 1100 3437 naturae
1143 3387 1451 3441 communis
1502 3387 1642 3440 ratio
1672 3385 1724 3440 in
1756 3401 1824 3442 se
1856 3397 1971 3458 Spe-

2079 3386 2320 3454 ὲκάστης
2355 3382 2712 3445 ὑποστάσεως
2745 3381 3008 3452 ἰδιότητος
3030 3379 3478 3450 κεχωρισμένοςς
3525 3377 3668 3431 Ὅτι

392 3479 565 3537 ctata,
598 3487 662 3526 ac
693 3488 790 3542 per
814 3480 1051 3529 mentem
1083 3473 1151 3528 ab
1184 3475 1498 3546 hypostasis
1544 3477 1813 3550 cujusque
1846 3494 1975 3550 pro-

394 3561 630 3633 prietate
667 3563 957 3634 sejuncta?
1000 3564 1147 3636 quod
1202 3567 1366 3621 etiam
1421 3569 1714 3638 specialius
1768 3580 1977 3627 natura:

387 3670 591 3710 nomen
640 3655 1030 3726 intelligamus,
1077 3655 1204 3711 dum
1262 3658 1319 3712 in
1368 3659 1598 3730 singulis
1656 3660 1971 3729 individuis,

391 3761 490 3802 seu
553 3747 983 3818 hypostasibus,
1043 3762 1390 3805 communem
1446 3759 1655 3806 natura:
1707 3752 1973 3807 rationem

393 3840 666 3909 propriam
691 3838 937 3896 eﬂectam
978 3841 1443 3911 contemplamur,
1486 3851 1544 3896 ut
1579 3843 1712 3897 nulli
1747 3844 1973 3914 posthac

387 3931 547 3986 alteri
581 3943 768 3986 eorum
802 3945 927 4002 quae
955 3933 1233 3987 communi
1263 3933 1465 4002 speciei
1499 3933 1809 4004 subjacent,
1843 3949 1976 3990 con-

387 4019 579 4074 venire
629 4020 842 4085 valeat;
888 4035 954 4075 ex
1001 4035 1068 4075 eo
1102 4021 1284 4076 adhuc
1343 4027 1554 4076 clarum
1592 4030 1698 4090 est,
1733 4023 1877 4095 quod
1917 4025 1972 4080 in

379 4109 610 4164 Christo
661 4111 892 4166 duarum
949 4120 1294 4178 naturarum,
1347 4115 1599 4170 humanae
1648 4123 1702 4170 et
1749 4115 1968 4183 divinae,

381 4199 691 4254 unitionem
729 4202 1069 4271 proﬁtemur.
1130 4203 1246 4268 Non
1277 4207 1419 4259 enim
1455 4204 1691 4264 dicimus
1721 4220 1971 4268 commu-

389 4305 514 4346 nem
554 4291 859 4348 divinitatis
890 4303 1168 4361 naturam,
1206 4308 1329 4365 quae
1364 4294 1419 4348 in
1474 4303 1665 4350 sancta
1700 4294 1970 4353 Trinitate

381 4383 741 4455 intelligitur,
767 4386 937 4443 fuisse
964 4387 1303 4444 incarnatam
1333 4406 1347 4442 :
1375 4405 1500 4444 nam
1533 4391 1615 4446 sic
1650 4390 1816 4446 etiam
1845 4391 1970 4464 Spi-

2076 3477 2133 3530 δὲ
2169 3477 2262 3529 καὶ⁴
2289 3474 2602 3545 ἰδικώτερον
2635 3473 2798 3528 πάλιν
2827 3473 2887 3526 τὸ
2915 3472 3017 3542 τῆς
3055 3470 3274 3540 φύσεως
3304 3470 3664 3542 γινώσκομεν

2077 3567 2249 3639 ὄνομα
2274 3608 2288 3629 ,
2333 3567 2425 3620 τὸν
2478 3565 2656 3620 κοινὸν
2702 3565 2861 3633 λόγον
2901 3566 3001 3636 τῆς
3039 3562 3254 3634 φύσεως
3305 3563 3389 3632 ἐφ’
3417 3563 3668 3615 ἑκάστου

2074 3661 2184 3714 τῶν
2244 3661 2502 3730 ἀτόμων,
2557 3659 2722 3730 ἤγουν
2775 3656 2886 3711 τῶν
2948 3657 3300 3710 ὑποστάσεων
3371 3655 3611 3725 ἑκάστης
3641 3693 3662 3720 ,

2078 3755 2210 3808 ἴδιον
2237 3753 2531 3823 γενόμενον
2562 3749 2915 3824 θεωροῦντες,
2943 3749 3039 3803 καὶ
3061 3749 3236 3802 οὐδενὶ
3261 3748 3447 3802 λοιπὸν
3476 3747 3666 3820 ἑτέρῳ

2074 3848 2183 3901 τῶν
2223 3848 2329 3899 ὑπὸ
2364 3846 2426 3898 τὸ
2449 3844 2628 3898 κοινὸν
2660 3837 2798 3915 εἶδος
2828 3841 3162 3913 ἐφαρμόζειν
3186 3839 3518 3912 δυναμένων,
3552 3839 3665 3911 δῆ-

2075 3938 2166 3992 λον
2199 3937 2362 3992 πάλιν
2407 3936 2466 4002 ἐξ
2499 3929 2573 3989 ὧν
2610 3935 2705 3988 ἐπὶ
2754 3933 2990 4003 Χριστοῦ
3037 3931 3128 3985 δύο
3173 3930 3387 4002 φύσεων
3427 3931 3660 3996 ἕνωσιν,

2073 4031 2172 4102 τῆς
2202 4029 2354 4091 θείας
2382 4028 2526 4097 φημὶ
2549 4027 2644 4081 καὶ
2671 4025 2770 4096 τῆς
2802 4024 3211 4096 ἀθρωπότητος,
3245 4021 3658 4093 πρεσϐεύομεν.

2075 4124 2149 4176 Οὐ
2183 4119 2294 4191 γάρ
2332 4120 2397 4191 δὴ
2432 4119 2530 4189 τὴν
2571 4118 2761 4189 κοινὴν
2793 4117 2886 4171 ἐπὶ
2921 4117 3020 4188 τῆς
3055 4115 3214 4185 άγίας
3239 4115 3470 4187 Τριάδος
3497 4130 3661 4168 νοου-
3686 4119 3694 4154 μ’

2075 4209 2245 4280 μένην
2289 4208 2391 4278 τῆς
2451 4205 2706 4276 θεότητος
2753 4205 3136 4276 σεσαρκῶσθαί
3195 4220 3416 4275 φαμεν·
3469 4202 3659 4268 οὕτως

2071 4301 2181 4372 γὰρ
2208 4300 2274 4354 ἂν
2303 4300 2398 4352 καὶ
2436 4298 2528 4352 τοῦ
2559 4298 2718 4367 ἁγίου
2755 4297 3073 4368 Πνεύματος
3104 4295 3517 4369 κατηγοροῦμεν
3547 4295 3660 4366 τὴν

2073 4388 2489 4459 ὲνανθρὼπησιν
2514 4403 2528 4418 ο
2557 4389 2673 4442 ἀλλ’
2704 4387 2825 4442 οὐδὲ
2856 4389 2947 4440 τδν
2970 4388 3148 4441 κοινὸν
3175 4387 3277 4457 τῆς
3298 4385 3659 4457 ἀνθρωπείας

387 4477 528 4532 ritus
553 4478 729 4532 sancti
759 4479 1188 4548 praedicaremus
1223 4482 1680 4540 incarnationem.
1723 4485 1829 4541 Sed
1869 4501 1967 4543 ne-

2075 4483 2289 4553 φύσεως
2316 4481 2474 4550 λόγον
2497 4479 2741 4551 ἡνῶσθαι
2775 4480 2852 4551 τῷ
2890 4479 3013 4550 Θεῷ
3049 4480 3209 4551 Λόγῳ
3244 4478 3656 4551 πρεσϐεύομεν.

385 4583 496 4637 que
545 4584 894 4625 communem
963 4572 1214 4629 humana:
1263 4585 1476 4630 naturae
1529 4576 1797 4632 rationem
1857 4575 1967 4632 Deo

386 4654 566 4714 Verbo
617 4659 824 4714 unitam
876 4661 1048 4719 fuisse
1081 4679 1372 4722 censemus
1407 4684 1419 4722 :
1455 4663 1585 4738 quia
1628 4667 1732 4722 hoc
1769 4669 1963 4724 iterum

381 4757 546 4820 pacto
597 4751 937 4819 hominibus,
985 4755 1242 4825 quiante
1289 4757 1450 4813 Verbi
1497 4757 1790 4813 adventum
1818 4758 1968 4814 vixe-

385 4848 536 4907 runt,
590 4842 793 4913 quique
821 4853 944 4915 post
975 4847 1129 4901 illum
1174 4849 1373 4902 victuri
1409 4859 1561 4916 sunt,
1605 4851 1816 4904 unitum
1848 4865 1967 4904 om-

384 4932 550 4988 nibus
601 4946 728 4990 esse
774 4933 873 4990 Dei
922 4934 1165 4992 Verbum
1231 4939 1429 4992 merito
1491 4941 1961 5009 pronuntiaretur.

386 5018 587 5077 Verum
625 5030 770 5092 patet
814 5025 964 5096 quod
1018 5026 1108 5082 hic
1160 5036 1415 5083 naturam
1465 5028 1768 5086 divinitatis
1814 5031 1963 5085 dica-

382 5126 540 5178 mus,
577 5123 829 5170 naturam
878 5115 1186 5173 divinitatis
1241 5118 1573 5184 communis,
1625 5133 1746 5191 qua:
1779 5129 1866 5175 est
1910 5122 1964 5174 in

383 5205 668 5275 hypostasi
729 5205 916 5263 Verbi.
969 5206 1126 5265 Unde
1162 5223 1287 5264 cum
1325 5226 1487 5264 unam
1549 5221 1801 5266 naturam
1867 5210 1963 5266 Dei

393 5294 546 5348 Verbi
593 5297 928 5353 incarnatam
965 5299 1316 5365 conﬁtemur,
1354 5315 1452 5370 per
1492 5299 1598 5355 hoc
1627 5302 1772 5372 quod
1809 5301 1964 5356 addi-

380 5400 528 5450 mus,
563 5385 658 5441 Dei
696 5386 874 5456 Verbi,
922 5399 1110 5460 aperte
1161 5393 1508 5448 secernimus
1555 5391 1703 5446 illam
1734 5406 1764 5445 a
1797 5391 1960 5447 Patre

375 5482 434 5536 et
468 5473 674 5546 Spiritu
711 5490 922 5535 sancto.
974 5482 1053 5535 Ita
1101 5491 1158 5536 ut
1209 5481 1299 5538 hic
1329 5497 1553 5553 quoque
1609 5497 1955 5537 communem

377 5565 578 5621 divinae
607 5578 815 5626 naturae
845 5574 1136 5640 rationem,
1169 5575 1332 5630 modo
1361 5572 1524 5631 Verbi
1551 5573 1644 5630 Dei
1682 5575 1958 5646 propriam

379 5656 784 5727 intelligentes,
853 5677 1169 5720 asseramus
1229 5666 1570 5720 incarnatam
1638 5667 1809 5722 fuisse
1860 5666 1954 5722 Dei

379 5741 549 5801 Verbi
577 5756 851 5805 naturam.
877 5751 1090 5809 Rursus
1115 5753 1474 5815 humanitatis
1503 5766 1753 5812 naturam
1777 5757 1954 5814 Verbo

2075 4574 2233 4628 Οῦτω
2264 4572 2373 4645 γὰρ
2421 4571 2582 4625 πάλιν
2630 4572 2726 4625 καὶ
2757 4573 2869 4635 τοῖς
2909 4572 3016 4643 πρὸ
3051 4574 3151 4640 τῆς
3179 4570 3274 4624 τοῦ
3316 4570 3490 4639 Λόγου
3522 4571 3657 4622 ἐπι-

2067 4666 2270 4736 δημίας
2309 4664 2624 4734 γενομένοις
2657 4660 2967 4732 ἀνθρώποις
2990 4705 3004 4727 ,
3053 4663 3147 4716 καὶ
3176 4665 3289 4725 τοῖς
3328 4663 3446 4731 μετ’
3476 4662 3658 4733 αὐτὴν

2069 4755 2348 4825 ἐσομένοις
2390 4753 2628 4816 ἅπασιν,
2677 4751 2921 4823 ἡνῶσθαι
2979 4753 3048 4805 ἂν
3095 4755 3122 4805 ό
3165 4751 3260 4806 τοῦ
3299 4752 3434 4804 Θεοῦ
3477 4753 3658 4818 Λόγος

2066 4848 2292 4910 δικαίως
2340 4846 2580 4914 ἐλέγετο.
2635 4845 2798 4898 Ἀλλά
2847 4845 3008 4915 δῆλον
3058 4845 3139 4898 ὅτι
3188 4847 3349 4914 φύσιν
3393 4844 3656 4915 θεότητος

2068 4938 2304 4993 ἐνταῦθά
2337 4955 2541 5010 φαμεν,
2572 4938 2673 5007 τὴν
2704 4938 2762 4989 ὲν
2793 4939 2860 5008 τῇ
2888 4938 3183 4991 ὑποστάσει
3217 4935 3314 4990 τοῦ
3345 4937 3522 5005 Λόγου
3553 4937 3656 5007 τῆς

2067 5035 2253 5102 κοινῆς
2286 5031 2541 5102 θεότητος
2585 5031 2768 5100 φύσιν.
2801 5031 2964 5084 Ὅθεν
3006 5032 3100 5084 καὶ
3136 5030 3285 5099 μίαν
3311 5031 3505 5098 φύσιν
3541 5029 3658 5082 τοῦ

2071 5121 2218 5176 Θεοῦ
2267 5123 2464 5190 Λόγου
2521 5121 2997 5190 σεσαρκωμένην
3040 5118 3412 5190 ὁμολογοῦμεν
3431 5135 3444 5150 ’
3497 5118 3660 5190 αὑτῷ

2065 5213 2127 5265 τὸ
2147 5210 2486 5284 προσθεῖναι,
2505 5212 2614 5266 τοῦ
2638 5211 2788 5266 Θεοῦ
2810 5212 3029 5282 Λόγου,
3053 5211 3239 5281 σαφῶς
3260 5213 3662 5284 ἀποκρίνοντες

2067 5303 2258 5375 αὐτὴν,
2295 5302 2389 5356 τοῦ
2447 5320 2506 5357 τε
2541 5305 2758 5376 Πατρδς
2804 5305 2900 5358 καὶ
2945 5304 3040 5358 τοῦ
3089 5305 3247 5374 ἀγίου
3296 5305 3658 5378 Πνεύματος.

2071 5397 2237 5448 Ὥστε
2266 5395 2548 5450 κάνταῦθα
2578 5396 2670 5450 τὸν
2702 5396 2882 5450 κοινὸν
2907 5397 3007 5467 τῆς
3039 5396 3190 5461 θείας
3217 5397 3436 5467 φύσεως
3467 5399 3659 5469 λόγον,

2069 5488 2198 5542 ἴδιον
2233 5486 2421 5541 λοιπὸν
2464 5487 2560 5541 τοῦ
2589 5487 2736 5542 θείου
2772 5488 2948 5556 Λόγου
2976 5489 3318 5560 νενοηκότες,
3355 5491 3659 5560 σεσαρκῶ-

2070 5577 2193 5632 σθαί
2246 5596 2428 5650 φαμεν
2477 5579 2572 5632 τοῦ
2607 5579 2743 5634 Θεοῦ
2787 5579 2961 5648 Λόγου
2993 5580 3093 5650 τὴν
3125 5579 3309 5650 φύσιν.
3341 5581 3452 5634 Καὶ
3482 5581 3659 5649 φύσιν

2066 5669 2228 5722 πάλιν
2281 5668 2701 5741 ἀνθρωπότητος
2748 5669 2982 5741 λέγομεν
3026 5671 3269 5740 ἡνῶσθαι
3326 5670 3405 5741 τῷ
3459 5671 3652 5739 Λόγῳ,

2063 5758 2169 5830 τὴν
2202 5761 2585 5831 μερικωτάτην
2638 5762 2854 5831 ἐκείνην
2915 5761 3184 5834 ὓπαρξιν,
3239 5764 3306 5834 ἢν
3362 5765 3530 5834 μόνην
3575 5766 3656 5818 ἐκ
