4012 6208
340 335 443 402 7‘51

1509 335 1571 396 S.
1613 335 1935 396 JOANNIS
1971 337 2394 399 DAMASCENI

3501 344 3613 409 ’152

344 450 695 512 relationem,
727 444 933 500 Christi
975 443 1427 500 denominatione
1471 445 1748 501 declarari
1793 460 1924 502 con-

2033 447 2331 520 Βηλωτικὴν
2358 447 2492 506 εἷναί
2517 469 2680 521 φασιν
2709 471 2722 486 ’
2758 454 2882 508 ὅθεν
2909 456 3003 510 καὶ
3023 455 3265 524 Χριστὸν
3287 456 3390 511 ἕνα
3423 456 3616 511 καλεῖν

345 543 621 596 tendunt:
653 539 796 594 unde
827 547 884 592 et
919 536 1205 592 Christum
1242 553 1418 592 unum
1455 552 1661 594 vocare
1688 554 1798 593 non
1828 539 1930 593 du-

346 636 553 701 bitant;
593 631 1069 703 quandoquidem,
1124 637 1186 684 ut
1240 630 1511 694 diximus,
1557 631 1756 686 relatio
1817 645 1926 686 una

341 734 453 792 est,
473 725 580 782 etsi
608 724 784 782 multa
807 729 959 788 sunt,
988 737 1113 793 qua:
1139 722 1292 778 illam
1315 723 1670 794 participent.
1701 723 1927 779 Clarum

342 820 530 889 itaque
556 831 684 874 esse
711 831 834 872 reor
862 816 954 879 iis,
977 815 1072 885 qui
1105 813 1176 872 de
1203 814 1594 870 incarnatione
1623 813 1928 871 Salvatoris

346 913 1024 983 religiosesentiunt,nos,
1044 925 1170 966 cum
1196 925 1363 965 unam
1389 909 1599 966 Christi
1628 925 1926 981 personam

342 1005 698 1076 proﬁtemur,
775 1020 890 1060 non
945 1004 1106 1074 juxta
1161 1001 1624 1059 Nestorianorum
1685 1011 1925 1058 mentem

343 1111 594 1167 persona:
621 1109 823 1150 nomen
854 1093 924 1148 ad
955 1093 1264 1163 simplicem
1314 1091 1416 1149 Dei
1465 1106 1598 1164 erga
1645 1092 1924 1148 hominem

346 1187 629 1252 allectum,
675 1188 784 1241 'aut
825 1185 1204 1241 habitudinem
1248 1183 1487 1252 referre;
1542 1183 1638 1240 sed
1667 1185 1736 1240 ad
1767 1199 1926 1240 eum-

342 1278 466 1333 dem
499 1293 721 1355 sensum
771 1277 1089 1349 hypostasis
1116 1285 1172 1332 et
1201 1291 1456 1348 persona
1498 1279 1922 1350 appellationem

2025 540 2292 607 ἀξιοῦσιν,
2326 543 2453 596 ἐπεὶ
2494 546 2590 596 καὶ
2613 547 2648 615 ὴ
2681 547 2890 615 σχέσις,
2936 547 3013 610 ὡς
3049 548 3294 618 εἴρηται,
3335 549 3463 619 μία,
3507 551 3617 604 κᾶν

2024 632 2247 686 πλείονα
2277 634 2364 704 εἴη
2390 634 2461 688 τὰ
2497 635 2704 706 ταύτης
2737 638 3060 708 μετέχοντα.
3097 639 3309 710 Δηλοῦν
3328 637 3425 695 οὖν
3455 638 3619 715 οἶμαι

2020 726 2134 787 τοῖς
2156 725 2442 780 εὐσεϐοῦσι
2465 729 2595 797 περὶ
2621 728 2720 800 τὴν
2747 728 2844 782 τοῦ
2874 730 3134 800 Σωτῆρος
3162 732 3617 806 ὲνανθρὼπησιν,

2021 813 2098 878 ὼς
2142 814 2201 868 ἒν
2234 812 2375 869 εἶναι
2403 816 2500 870 τοῦ
2527 818 2768 888 Χριστοῦ
2792 821 2854 872 τὸ
2885 819 3182 889 πρόσωπον
3221 823 3388 893 ἡμεῖς
3426 824 3620 894 λέγονο

2022 923 2135 974 τες,
2164 907 2264 978 οὐχ
2293 907 2369 971 ὡς
2409 911 2524 972 τοῖς
2548 909 2850 980 Νεστορίου
2875 911 3054 979 φίλοις
3082 911 3286 980 ἔδοξεν,
3313 916 3402 968 ἐπ’
3438 916 3619 986 αὑτῆς

2021 1000 2122 1070 τῆς
2145 999 2310 1070 ψιλῆς
2341 1000 2582 1070 σχέσεως
2614 999 2708 1054 τοῦ
2741 1001 2878 1056 Θεοῦ
2911 1003 3050 1072 πρὸς
3077 1005 3172 1060 τὸν
3199 1004 3522 1076 ἄνθρωπον,
3546 1009 3615 1079 τῇ

2022 1091 2120 1146 τοῦ
2147 1091 2446 1162 προσώπου
2476 1094 2822 1165 προσηγορίᾳ
2835 1094 3102 1166 χρώμεθα
3126 1109 3141 1123 ·
3164 1097 3340 1162 οὕτως
3363 1098 3618 1168 λέγοντες

2021 1184 2086 1238 τὸ
2114 1180 2256 1238 εἶναι
2285 1185 2348 1238 τὸ
2383 1185 2622 1256 Χριστοῦ
2669 1186 2991 1258 πρόσωπον,
3031 1188 3108 1252 ὡς
3154 1190 3453 1263 ἀνθρώπου
3483 1193 3617 1264 μίαν

2023 1277 2346 1341 ὑπόστασιν,
2379 1276 2586 1348 Πέτρου
2611 1277 2795 1349 τυχὸν,
2822 1279 2856 1350 ἢ
2886 1279 3130 1334 Παύλου.

343 1385 634 1442 usurpare.
677 1368 1047 1436 Quamobrem
1101 1382 1267 1424 unam
1295 1368 1503 1426 Christi
1530 1383 1825 1440 personam
1856 1383 1981 1426 esse
2010 1367 2272 1432 dicimus,
2299 1367 2448 1423 velut
2498 1383 2670 1423 unam
2724 1367 2971 1426 hominis
3028 1370 3404 1442 hypostasim,
3464 1374 3615 1432 Petri

342 1475 497 1539 puta,
526 1465 613 1520 vel
646 1461 830 1516 Pauli.

410 1560 534 1615 Jam
561 1570 696 1612 vero
729 1553 862 1608 illud
891 1567 1113 1624 quoque
1145 1567 1270 1607 cum
1306 1552 1432 1608 aliis
1461 1552 1917 1624 prmmonendum

343 1651 506 1708 nobis
544 1657 627 1704 est
669 1665 684 1702 :
717 1645 1112 1700 humanitatem
1137 1644 1346 1701 Christi
1377 1659 1447 1700 ne
1475 1645 1557 1699 vel
1584 1659 1753 1715 quam
1791 1645 1921 1700 bre-

341 1743 585 1800 vissimo
619 1748 870 1809 tempore
918 1738 1237 1793 substitisse
1291 1752 1404 1791 non
1449 1737 1666 1791 unitam
1699 1735 1921 1804 Verbo;

341 1832 437 1890 sed
462 1829 629 1887 simul
659 1841 725 1882 ac
754 1829 811 1882 iu
842 1842 1025 1882 rerum
1049 1835 1304 1882 naturam
1339 1827 1562 1897 prodire
1589 1828 1776 1898 erepit,
1812 1841 1926 1881 una

2095 1549 2507 1621 Προδιηγείσθω
2529 1550 2587 1604 δὲ
2618 1552 2752 1622 ἡμῖν
2775 1552 2917 1622 μετά
2942 1553 3055 1608 τῶν
3092 1554 3272 1610 ἄλλων
3305 1559 3401 1613 καὶ
3426 1563 3611 1616 τοῦτο’

2027 1644 2162 1698 ὡσεὶ
2183 1643 2276 1698 καὶ
2299 1644 2368 1698 τὰ
2390 1643 2627 1714 μάλιστα
2661 1644 2799 1714 μηδὲ
2831 1645 2924 1698 τὸν
2945 1647 3186 1717 τυχόντα
3211 1650 3406 1720 χρόνον
3433 1656 3612 1725 χωρὶς

2026 1733 2125 1804 τῆς
2179 1733 2317 1804 πρὸς
2338 1733 2428 1786 τὸν
2464 1732 2640 1802 Λόγον
2674 1733 2926 1796 ὲνώσεως
2953 1735 3016 1788 τὸ
3037 1735 3380 1808 ἀνθρώπινον
3403 1743 3616 1815 ὑπέστη

2029 1827 2127 1881 τοῦ
2155 1825 2418 1898 Χριστοῦ,
2453 1826 2569 1881 ἀλλ’
2589 1825 2709 1897 ἅμα
2736 1843 2795 1880 τε
2820 1827 2930 1896 τὴν
2955 1828 3135 1898 ἀρχὴν
3155 1830 3252 1901 τῆς
3276 1833 3362 1896 είς
3378 1834 3442 1886 τὸ
3471 1833 3616 1890 εἶναι

340 1920 626 1990 accepisse
660 1918 924 1972 unionem
959 1930 1086 1971 cum
1120 1915 1326 1972 Verbo.
1361 1917 1432 1971 At
1473 1927 1732 1972 naturam
1774 1918 1924 1972 illam

2033 1919 2288 1992 παρόδου,
2322 1920 2417 1973 καὶ
2436 1919 2541 1990 τὴν
2570 1919 2710 1989 πρὸς
2738 1918 2833 1970 τὸν
2874 1918 3048 1987 Λόγον
3070 1920 3362 1992 ἀνείληφεν
3385 1924 3611 1979 ἕνωσινο

341 2011 490 2066 omni
524 2007 890 2066 subsistentia
921 2006 1244 2062 destitutam
1285 2009 1606 2079 neutiquam
1639 2009 1922 2076 diximus;

340 2105 544 2176 quippe
595 2089 1113 2172 quae‘peculiarem
1169 2114 1282 2170 pra:
1341 2099 1554 2156 caeteris
1605 2099 1926 2156 hominibus

339 2193 682 2252 subsisteudi
711 2193 936 2248 modum
965 2192 1242 2258 habuerit,
1280 2192 1779 2263 exsistentiamque
1807 2192 1925 2248 suis

340 2285 824 2362 circumscriptam
879 2284 1160 2349 terminis,
1216 2298 1282 2339 ac
1330 2284 1767 2355 pr0prielatibus
1797 2285 1926 2354 qui-

338 2379 574 2438 busdam
602 2393 634 2433 a
663 2376 944 2432 communi
987 2385 1314 2443 cretei-orum
1349 2387 1550 2431 natura
1597 2377 1922 2433 discretam.

339 2475 395 2528 ld
430 2472 638 2543 quippe
671 2469 989 2541 signiﬁcare
1040 2468 1363 2540 hypostasis
1411 2481 1612 2524 nomen
1664 2468 1926 2540 superius

339 2564 707 2621 ostendimus.
783 2562 1140 2632 Quapropter
1176 2601 1192 2627 ,
1273 2561 1424 2617 sicut
1501 2561 1557 2614 in
1636 2560 1927 2616 divinitate

338 2657 543 2714 Christi
579 2664 837 2711 naturam
868 2661 924 2709 et
960 2653 1300 2725 hypostasim
1331 2653 1703 2720 conﬁtemur;
1761 2651 1922 2724 ιω

339 2747 709 2805 consimiliter
750 2746 808 2802 in
845 2745 1373 2817 ejuslhumanitate
1415 2744 1615 2816 ipsius,
1661 2755 1724 2799 ut
1757 2752 1924 2800 natu-

340 2857 481 2905 ram,
531 2843 608 2896 ita
661 2847 717 2896 et
779 2837 1126 2910 singularem
1188 2836 1334 2892 hanc
1395 2837 1736 2909 hypostasim
1789 2851 1927 2891 con-

341 2936 483 2991 tlteri
517 2947 811 2989 necessum
857 2940 982 3000 est;
1019 2946 1110 2998 ne,
1160 2937 1224 2985 ut
1269 2929 1420 2995 dixi,
1470 2937 1728 2983 naturam
1776 2927 1928 2983 illam

342 3022 720 3080 subsistentia;
761 3031 1042 3093 expertem
1075 3033 1201 3075 esse
1234 3018 1602 3090 pronuntiare
1637 3030 1925 3090 cogamur.

2027 2009 2146 2065 ἀλλ’
2176 2010 2277 2062 οὑκ
2307 2008 2673 2062 ὲνυπόστατον
2693 2003 2836 2061 εῐναί
2855 2025 3032 2077 φαμεν
3056 2008 3154 2079 τὴν
3174 2013 3337 2078 φύσιν
3358 2014 3607 2084 ἐκείνην,

2023 2104 2172 2175 ἥπερ
2202 2099 2575 2155 ίδιοσύστατον
2626 2094 2776 2170 εἶχεν
2811 2099 2955 2171 πρὸς
2985 2098 3110 2162 τοὺς
3135 2099 3354 2165 λοιποὺς
3383 2102 3574 2175 ἀνθρώ
3595 2134 3607 2144 -

2027 2211 2162 2258 πους
2185 2194 2281 2246 καὶ
2307 2193 2758 2264 ίδιοπερίγραφον
2789 2191 2893 2262 τὴν
2925 2191 3188 2262 ὓπαρξιν,
3221 2192 3469 2264 ίδιώμασί
3490 2212 3603 2249 τισι

2026 2287 2181 2358 παρά
2203 2287 2302 2356 τὴν
2334 2284 2523 2356 κοινὴν
2557 2285 2722 2354 φύσιν
2751 2283 2860 2337 τῶν
2889 2283 3100 2337 λοιπῶν
3122 2284 3378 2337 ἀπάντων
3399 2284 3613 2352 διακρι-

2025 2379 2282 2450 νομένην.
2310 2376 2486 2431 Τοῦτο
2498 2377 2608 2446 γὰρ
2635 2375 2926 2446 σημαίνειν
2948 2375 3157 2448 ἀρτίως
3181 2374 3244 2428 τὸ
3267 2373 3621 2443 τῆςὺποστά-

2028 2487 2166 2534 σεως
2197 2467 2485 2538 ἐδείξαμεν
2543 2467 2739 2538 ὄνομα.
2775 2467 2893 2521 Ούκ
2922 2461 3020 2522 οὖν
3048 2467 3126 2531 ὡς
3159 2467 3254 2520 ἐπὶ
3290 2466 3390 2534 τῆς
3428 2465 3623 2536 θεότη-

2025 2581 2120 2629 τος
2157 2563 2253 2617 τοῦ
2287 2562 2555 2634 Χριστοῦ,
2591 2564 2690 2616 καὶ
2722 2562 2887 2632 φύσιν
2927 2563 3104 2632 αὐτῆς
3161 2563 3260 2616 καὶ
3316 2561 3621 2614 ὑπόστασιν

2027 2653 2425 2727 ὁμολογοῦμεν,
2465 2651 2642 2717 οὕτως
2699 2653 2873 2724 δήπου
2897 2653 2996 2707 καὶ
3055 2652 3155 2706 ἐπὶ
3197 2652 3301 2724 τῆς
3330 2651 3621 2722 ἀνθρωπό-

2027 2764 2188 2819 τητος
2217 2746 2407 2810 αὐτοῦ,
2442 2746 2636 2817 ὥσπερ
2689 2746 2876 2814 φύσιν,
2933 2744 3112 2809 οὕτως
3161 2747 3260 2799 καὶ
3295 2745 3396 2818 τὴν
3446 2746 3622 2820 ἰδικὴν

2027 2841 2232 2912 ταύτην
2257 2839 2542 2911 ὁμολογεῖν
2581 2838 2885 2893 ὑπόστασιν
2915 2838 3160 2909 ἀνάγκη,
3195 2839 3284 2892 ῐνα
3315 2839 3390 2910 μὴ
3409 2841 3622 2894 ἀνυπό-

2031 2951 2248 3000 στατον,
2309 2931 2503 3004 ὥσπερ
2542 2932 2765 3004 εἴρηκα,
2833 2930 2933 3003 τὴν
2985 2931 3154 3002 φύσιν
3182 2931 3404 3002 εκείνην
3434 2933 3620 3003 λέγειν

2031 3026 2502 3097 ἀναγκαζώμεθα.
2551 3025 2650 3080 ’Ἑν
2703 3025 2814 3097 γὰρ
2861 3024 3042 3095 δῆλον,
3089 3026 3176 3078 ὅτι
3213 3023 3323 3078 τῶν
3363 3025 3471 3080 ὑπὸ
3517 3027 3622 3099 τὴν

340 3117 398 3171 Μ
455 3116 605 3170 enim
657 3122 899 3179 constat,
960 3112 1113 3186 quod
1173 3113 1324 3168 inter
1374 3109 1660 3167 individua
1719 3118 1924 3166 natura:

2033 3119 2226 3189 κοινὴν
2273 3119 2438 3188 φύσιν
2486 3115 2791 3170 τελούντων
2849 3116 3092 3185 ἀτόμων,
3141 3116 3206 3169 τὸ
3237 3116 3332 3170 τοῦ
3366 3117 3623 3191 Σωτῆρος

341 3205 625 3262 communi
673 3203 1022 3274 subjacentia
1073 3202 1356 3258 exstiterit
1383 3201 1692 3258 Salvatoris
1729 3201 1929 3255 huma-

343 3299 517 3441 nnli:
567 3400 635 3441 ex
685 3382 882 3439 ordine
933 3390 989 3438 et
1045 3381 1198 3438 clare
1260 3382 1574 3454 explicatis,
1629 3391 1798 3454 atque
1856 3383 1928 3439 ab

345 3479 624 3544 omnibus,
683 3485 744 3532 ut
795 3490 944 3543 reor,
999 3475 1286 3541 admissis.
1341 3476 1529 3532 dicant
1584 3476 1771 3541 nobis,
1829 3477 1925 3546 qui

346 3581 575 3628 naturas
623 3571 766 3627 duas
820 3571 878 3625 in
927 3568 1187 3637 Christo,
1243 3583 1310 3625 ac
1356 3584 1524 3624 unam
1579 3568 1925 3641 hypostasim

346 3671 639 3727 statuunt,
673 3659 898 3732 quando
943 3658 1109 3714 ambo
1148 3658 1242 3713 illa
1288 3672 1412 3729 qua
1443 3657 1599 3712 unita
1638 3665 1788 3725 sunt,
1822 3673 1926 3712 na-

343 3766 525 3812 turam
559 3753 727 3810 simul
768 3762 827 3808 et
857 3751 1230 3824 hypostasim,
1266 3752 1588 3807 necessario
1615 3749 1832 3818 habuit,
1864 3757 1926 3805 ut

342 3845 785 3902 demonstratum
842 3851 950 3908 est,
1013 3857 1083 3898 an
1138 3843 1430 3914 aequaliter
1485 3850 1810 3898 naturarum
1871 3849 1926 3900 et

345 3939 732 4013 hypostasium
761 3936 1137 3994 conﬁteantur
1179 3937 1382 3994 factam
1421 3935 1596 3994 fuisse
1623 3938 1922 4006 unionem;

341 4031 432 4087 vel
484 4031 801 4086 existiment
851 4029 1029 4102 magis
1081 4028 1270 4087 unitas
1326 4031 1652 4103 hypostases
1711 4029 1924 4096 fuisse,

342 4135 471 4175 cum
529 4135 600 4174 ex
647 4119 866 4175 duabus
915 4135 1024 4176 una
1074 4121 1428 4189 substiterit;
1481 4123 1671 4179 minus
1735 4130 1922 4178 autem

343 4221 615 4281 naturas;
661 4211 807 4268 unde
848 4222 902 4270 et
954 4213 1077 4270 duae
1122 4221 1248 4284 post
1295 4215 1605 4271 unitionem
1642 4228 1926 4272 remanse-

340 4307 478 4361 rint.

411 4394 546 4452 Post
585 4395 696 4450 alia
723 4395 778 4449 in
805 4395 1012 4465 quibus
1037 4393 1266 4465 exponit
1287 4407 1397 4464 qua
1416 4394 1636 4451 ratione
1663 4395 1926 4452 substan-

341 4486 419 4542 tia
450 4487 626 4558 magis
663 4493 718 4541 et
749 4486 933 4540 minus
964 4499 1074 4540 non
1100 4485 1354 4556 recipiat,
1385 4484 1672 4557 subiungit
1703 4503 1718 4539 :

377 4593 380 4596 ’
414 4578 592 4635 Unam
621 4577 844 4650 quidem
875 4585 1134 4632 naturam
1181 4593 1326 4644 esse,
1352 4593 1475 4650 qua:
1517 4580 1720 4637 multas
1745 4580 1925 4652 hypo-

342 4679 521 4729 stases
558 4669 888 4736 constituat,
940 4669 1086 4740 apud
1147 4685 1344 4728 omnes
1397 4686 1522 4728 esse
1576 4683 1924 4744 compertum

341 4764 604 4820 arbitror.
632 4759 715 4818 Ita
745 4760 912 4834 igitur
938 4777 1104 4818 unam
1145 4777 1272 4819 esse
1318 4763 1627 4821 divinitatis
1663 4773 1922 4820 naturam

339 4853 691 4920 confitentes,
742 4862 860 4909 tres
893 4853 1074 4923 ipsius
1124 4868 1248 4910 esse
1285 4853 1620 4927 bypostases
1669 4871 1922 4927 pronun-

339 4947 572 5001 tiamus.
611 4943 720 5000 Sed
748 4951 804 5000 et
835 4944 1120 5000 hominum
1151 4959 1373 5017 quoque
1407 4961 1517 5001 una
1549 4954 1635 5002 est
1685 4956 1882 5003 natura
1908 4965 1924 5012 ;

338 5052 465 5107 quae
497 5035 599 5107 ipsi
640 5035 882 5092 subsunt
911 5036 1339 5108 hypostasibus,
1390 5038 1445 5092 in
1490 5037 1760 5093 infinitam
1805 5038 1924 5094 fere

339 5126 759 5184 multitudinem
789 5128 1123 5200 protensis:
1169 5137 1224 5184 et
1273 5129 1357 5185 sic
1405 5130 1460 5184 in
1509 5129 1656 5186 aliis.
1699 5129 1923 5187 Naturae

334 5217 480 5284 dum,
529 5233 654 5288 quae
703 5217 1026 5274 dualltatem
1079 5220 1383 5275 secundum
1439 5235 1729 5276 numerum
1787 5223 1922 5277 reti-

336 5310 921 5368 neantunameiﬁcere
952 5302 1292 5384 hypostasiin
1319 5326 1427 5367 non
1457 5321 1726 5384 possunt:
1755 5314 1922 5384 idque

338 5414 450 5454 non
481 5399 803 5456 inductione
854 5401 1032 5456 solum
1077 5401 1452 5472 singularium
1501 5404 1741 5474 probare
1795 5405 1923 5461 licet

333 5489 470 5560 (quo
499 5493 646 5548 enim
680 5503 844 5564 pacto
897 5507 1005 5548 una
1060 5493 1201 5550 foret
1234 5495 1459 5566 lapidis,
1513 5511 1578 5552 ac
1618 5497 1775 5570 ligni,
1823 5508 1928 5561 aut,

2035 3213 2286 3284 ὑπῆρχεν
2317 3208 2684 3282 ἀνθρώπινον.

2108 3389 2328 3444 Τούτων
2377 3389 2524 3443 οὕτω
2571 3387 3070 3460 διευκρινουμένων
3123 3386 3332 3456 σαφῶς,
3375 3388 3472 3441 καὶ
3510 3387 3624 3441 ὑπὸ

2033 3481 2277 3542 πάντων.
2313 3473 2491 3550 οἶμαι,
2523 3476 3023 3548 συμφωνουμένων,
3063 3475 3374 3544 λεγέτωσαν
3397 3479 3532 3548 ἡμῖν
3570 3477 3624 3530 οἱ

2032 3573 2130 3628 δύο
2155 3567 2417 3635 εῖναιτάς
2447 3570 2544 3624 τοῦ
2573 3568 2816 3642 Χριστοῦ
2857 3567 3074 3637 φύσεις,
3118 3567 3250 3638 μίαν
3278 3567 3337 3622 δὲ
3373 3567 3624 3621 ὑπόστα-

2035 3685 2122 3722 σιν
2163 3665 2572 3736 ὑποτιθέμενοι,
2607 3661 2804 3734 ιπειδὴ
2832 3661 2945 3715 τῶν
2974 3659 3288 3715 ἑνωθέντων
3325 3661 3620 3733 ἑκάτερον,

2033 3760 2198 3832 φύσιν
2226 3775 2288 3813 τε
2321 3757 2440 3829 ἅμα
2498 3757 2591 3811 καὶ
2621 3755 2925 3810 ὑπόστασιν
2954 3752 3015 3819 ἐξ
3061 3753 3309 3825 ἀνάγκης
3340 3747 3508 3825 εἶχεν,
3541 3754 3626 3819 ὡς

2033 3857 2063 3908 ό
2115 3853 2275 3922 λόγος
2308 3849 2532 3918 ἔδειξεν,
2556 3849 2790 3920 πότερον
2835 3846 3119 3918 όμοτίμως
3167 3847 3280 3903 τῶν
3307 3864 3367 3900 τε
3400 3846 3624 3916 φύσεων

2033 3948 2129 4000 καὶ
2163 3943 2520 3999 ὑποστάσεων
2567 3939 2894 4013 ὁμολογοῦσι
2947 3939 3236 4009 γεγονέναι
3265 3939 3364 4011 τὴν
3397 3939 3620 4004 ἕνωσιν,

2032 4039 2066 4110 ἢ
2097 4037 2298 4111 μᾶλλον
2327 4035 2573 4108 ἡνῶσθαι
2597 4034 2698 4098 τὰς
2746 4034 3080 4096 ὑποστάσεις
3107 4032 3334 4098 οἴονται,
3368 4034 3494 4088 ἐπεὶ
3519 4034 3622 4086 καὶ

2036 4129 2135 4200 μία
2185 4125 2245 4192 ἐξ
2292 4127 2500 4196 ἀμφοῖν
2553 4122 2856 4186 ὑπόστασις
2911 4121 3174 4192 γέγονεν’
3224 4117 3388 4194 ἧττον
3419 4122 3478 4174 δὲ
3517 4122 3622 4186 τὰς

2033 4219 2246 4291 φύσεις,
2295 4217 2418 4272 ὅθεν
2469 4217 2568 4271 καὶ
2624 4214 2722 4270 δύο
2769 4214 2910 4287 μετά
2965 4213 3065 4285 τὴν
3112 4212 3309 4268 ἕνωσιν
3369 4215 3618 4286 μεμενή-

2033 4331 2182 4369 κασι.

2105 4404 2214 4458 Καὶ
2234 4401 2353 4475 μεθ’
2405 4403 2573 4472 ἕτερα
2599 4400 2657 4453 ὲν
2704 4393 2786 4464 οἷς
2835 4396 3127 4469 γυμνάζει,
3187 4399 3272 4453 ὅτι
3305 4399 3366 4461 τὸ
3411 4399 3621 4469 μᾶλλον

2031 4497 2126 4552 καὶ
2145 4492 2310 4568 ἦττον
2336 4496 2370 4566 ἡ
2391 4493 2551 4547 οὑσία
2581 4492 2686 4546 οὑκ
2721 4491 3058 4562 ἐπιδέχεται,
3095 4492 3258 4546 πάλιν
3295 4492 3312 4532 ί
3351 4491 3543 4562 φησίν.

2105 4589 2252 4643 Μίαν
2283 4587 2386 4658 μὲν
2411 4585 2521 4656 γὰρ
2553 4584 2717 4655 φύσιν
2767 4583 3032 4637 πλειόνων
3073 4582 3427 4638 ὑποστάσεων
3456 4585 3619 4653 ὲνερ-

1955 4657 2000 4713 D
2029 4680 2552 4753 γητικὴνὲναργὲς
2609 4675 2767 4748 οἶμαι
2828 4678 3126 4749 τυγχάνειν
3175 4677 3402 4732 ἅπασιν.
3455 4675 3619 4729 Οὕτω

2027 4773 2158 4844 γοῦν
2184 4774 2315 4843 μίαν
2342 4767 2483 4829 εἶναι
2526 4771 2688 4842 φύσιν
2734 4770 2833 4843 τῆς
2891 4770 3144 4842 θεότητος
3201 4769 3615 4841 ὁμολογοῦντες,

2027 4868 2178 4938 τρεῖς
2200 4861 2344 4919 εἶναι
2378 4866 2478 4930 τὰς
2509 4865 2841 4928 ὑποστάσεις
2863 4866 3038 4935 αὐτῆς
3073 4863 3476 4935 πρεσϐεύομεν.
3507 4863 3621 4916 Καὶ

2027 4956 2335 5027 ἀνθρώπων
2383 4957 2440 5010 δὲ
2480 4957 2581 5028 μία
2647 4957 2795 5010 ἐστὶν
2852 4959 2885 5027 ἡ
2941 4956 3123 5026 φύσις,
3169 4956 3279 5008 τῶν
3307 4953 3401 5007 ὑπ’
3441 4953 3616 5023 αὑτὴν

2030 5048 2385 5103 ὑποστάσεων
2437 5045 2525 5100 ἐπ’
2575 5046 2806 5120 ἄπειρον
2861 5047 3050 5118 σχεδὸν
3098 5044 3486 5116 ἑκτεινομένων
3537 5042 3618 5116 τῷ

2031 5140 2249 5210 πλήθει,
2280 5142 2374 5195 καὶ
2409 5141 2503 5194 ἐπὶ
2532 5140 2642 5194 τῶν
2711 5140 2888 5195 ἄλλων
2949 5139 3212 5201 ὡσαύτως
3237 5155 3250 5167 ·
3287 5137 3381 5192 δύο
3424 5138 3624 5207 φύσεις

2033 5228 2314 5295 σωζούσας
2346 5230 2471 5285 κατ’
2503 5229 2739 5303 ἀριθμὸν
2765 5231 2866 5301 τὴν
2896 5230 3085 5294 δυάδα,
3123 5229 3253 5302 μίαν
3285 5228 3614 5282 ἀποτελέσαι

2032 5319 2333 5373 ὑπόστασιν
2395 5319 2680 5375 ἀδύνατον.
2732 5321 2843 5374 Καὶ
2905 5319 3065 5373 τοῦτο
3115 5319 3176 5371 ού
3228 5317 3390 5389 μόνον
3420 5317 3485 5370 ἐκ
3515 5319 3620 5387 τῆς

2030 5409 2139 5463 τῶν
2163 5411 2302 5464 κατά
2336 5411 2500 5483 μέρος
2535 5413 2782 5467 ἑκάστων
2827 5411 3132 5481 ἐπαγωγῆς
3185 5410 3302 5465 ἐστι
3337 5408 3626 5463 πιστώσα-

2033 5500 2157 5555 σθαι
2190 5501 2330 5567 (πῶς
2359 5502 2466 5574 γὰρ
2494 5503 2561 5558 ἂν
2586 5505 2671 5575 ετη
2700 5503 2850 5558 λίθου
2879 5501 2977 5557 καὶ
3028 5501 3186 5568 ξύλου
3231 5500 3329 5573 μία
3371 5498 3620 5555 ὑπόστα-

1651 5699 1890 5758 VARUE
1923 5691 2323 5763 LECTIONES.

413 5780 433 5824 ί
465 5777 534 5836 ιι.
568 5779 702 5836 9951
739 5780 797 5832 ὲν
828 5781 906 5853 τῷ
953 5783 997 5846 ζ’
1029 5783 1224 5851 κεφαλ.
