4012 6208
418 336 527 398 753

1595 333 1691 393 DE
1718 313 2170 393 HERESiBUS
2207 334 2462 395 LIBER.

3562 335 3671 401 75$

416 462 521 507 σις,
546 443 833 497 τουτέστιν
858 441 1061 514 ἄτομον
1083 443 1217 515 ἓν,ῆ
1257 441 1398 513 βοὸς,
1439 441 1534 495 καὶ
1569 439 1738 494 ἵππου
1756 439 1820 509 ι),
1854 439 1991 493 ἀλλά

2102 438 2273 505 bovis,
2333 450 2387 495 et
2436 439 2566 511 equi
2622 440 2960 513 hypostasis,
3020 441 3125 497 hoc
3186 451 3271 499 est
3321 442 3673 502 indinduum

414 535 507 586 καὶ
540 532 601 599 ἐξ
660 534 834 603 αὐτῆς
888 532 990 603 τῆς
1033 533 1128 587 τοῦ
1162 533 1322 600 λόγου
1371 531 1674 604 ἐνεργείας.
1700 532 1765 584 Et
1802 530 1910 599 γὰρ
1933 532 1989 585 ὲν

411 627 534 688 ταῖς
564 625 900 678 ὑποστάσεσι
934 624 1153 696 (ταυτὸν
1179 624 1238 677 δὲ
1270 618 1445 677 εἰπεῖν
1477 625 1534 676 ὲν
1577 625 1689 685 τοῖς
1721 623 1988 693 ἀτόμοις),

415 716 621 785 δκάστη
652 714 815 784 φύσις
842 715 1111 785 λαμόάνει
1149 714 1408 785 ὓπαρξιν,
1460 715 1673 786 ἀνάγκη
1703 718 1853 769 πᾶσα
1883 715 1992 769 τῶν

414 808 510 860 δύο
547 808 764 876 φύσεων
787 806 988 873 οὐσῶν,
1016 808 1112 861 δύο
1134 807 1486 877 τούλάχιστον
1509 807 1604 860 καὶ
1631 808 1731 870 τὰς
1758 806 1993 860 ὑποστά-

417 915 535 960 σεις
566 894 732 963 εἷναι,
781 899 839 951 ὲν
880 891 968 960 αἷς
1017 899 1115 967 τὴν
1166 896 1402 967 ὕπαρξιν
1459 898 1517 952 αἱ
1551 896 1745 967 φύσεις
1776 897 1991 952 ἔλαϐον.

427 985 720 1040 ’Δδύνατον
748 987 856 1057 γὰρ
888 987 1191 1056 ὑποστῆναι
1234 986 1357 1040 καθ’
1381 986 1574 1057 αὐτὴν,
1614 987 1691 1059 μὴ
1719 989 1778 1040 ὲν
1805 988 1995 1058 ἀτόμῳ

412 1078 526 1131 τινὶ
568 1078 976 1150 θεωρουμένην.
1032 1079 1271 1148 ’Λτομον
1324 1080 1384 1133 δὲ
1444 1080 1646 1133 ταυτὸν
1710 1077 1850 1135 εἶναι
1902 1081 1996 1135 καὶ

415 1170 741 1235 ὑπόστασιν,
798 1168 1005 1239 ἀρτίως
1053 1170 1395 1241 δεδείχαμεν.
1434 1170 1598 1224 Ὥστε
1627 1173 1744 1225 ὅσοι
1797 1174 1893 1243 μὲν
1922 1172 1997 1243 μὴ

419 1262 581 1332 μόνον
612 1262 715 1331 τὴν
775 1261 1075 1316 ὑπόστασιν
1112 1264 1264 1333 μίαν,
1290 1263 1425 1317 ἀλλά
1478 1263 1573 1318 καὶ
1600 1264 1699 1335 τὴν
1725 1264 1886 1333 φύσιν
1910 1266 1999 1319 διὰ

416 1353 519 1419 τὴν
545 1352 741 1423 ἕνωσιν
778 1354 1067 1421 γεγονέναι
1106 1355 1296 1424 φασὶν,
1335 1355 1616 1426 σύμφωνοι
1645 1357 1739 1411 καὶ
1763 1357 1994 1421 ἑαυτοῖς,

418 1447 520 1500 καὶ
539 1448 608 1518 τῇ
634 1444 867 1517 ἀληθείᾳ
891 1446 1194 1514 φαίνονται.
1239 1448 1395 1500 Ὅσοι
1427 1448 1487 1510 δὲ
1512 1448 1611 1519 τὴν
1634 1447 1734 1518 μὲν
1765 1448 1999 1503 ὑπόστα-

424 1556 511 1592 σιν
534 1538 686 1608 μίαν,
713 1539 813 1602 τὰς
829 1538 884 1592 δὲ
910 1539 1102 1609 φύσεις
1151 1540 1243 1594 δύο
1270 1543 1435 1610 φασιν
1461 1537 1623 1610 εἶναι,
1654 1543 1750 1597 καὶ
1783 1546 1999 1608 ἑαυτοῖς

420 1635 516 1685 καὶ
548 1634 614 1703 τῇ
638 1631 869 1704 ἀληθείᾳ
897 1633 1179 1701 φαίνονται
1224 1634 1567 1704 ἀσύμφωνοι.
1621 1636 1763 1689 Ἀλλ’
1811 1637 1998 1707 ἐπειδὴ

421 1724 597 1780 καὶτὸ
619 1722 966 1794 ἀνθρώπινον
1002 1724 1267 1796 Χριστοῦ,
1301 1726 1489 1795 φασὶν,
1512 1726 1570 1781 ἐν
1603 1725 1681 1798 τῷ
1712 1727 1854 1798 λόγῳ
1896 1727 1995 1799 τὴν
2028 1779 2067 1833 Β

422 1816 726 1869 ὑπόστασιν
757 1812 925 1886 εἶχεν,
957 1818 1055 1870 καὶ
1081 1818 1142 1870 οὑ
1178 1818 1498 1889 προῦπέστη
1530 1818 1630 1888 τῆς
1691 1817 1788 1872 τοῦ
1818 1820 1993 1888 Λόγου

420 1907 694 1971 ἑνώσεως,
720 1908 810 1961 διὰ
856 1907 1017 1963 τοῦτο
1049 1908 1179 1979 μίαν
1210 1909 1393 1980 φαμὲν
1417 1906 1558 1965 εἶναι
1583 1910 1685 1981 τὴν
1719 1910 1815 1965 τοῦ
1858 1913 1997 1983 Χρι-

422 1998 551 2051 στοῦ
582 1997 904 2053 ὑπόστασιν.
928 1999 1164 2071 Πότερον
1191 1995 1287 2054 οὖν
1326 2000 1572 2072 φαίημεν
1601 2001 1697 2055 καὶ
1732 2002 1916 2073 ἡμεῖς,
1938 2002 1998 2054 ἓν

422 2089 517 2143 καὶ
567 2089 767 2145 ταυτὸν
824 2089 1047 2159 ἡγεῖσθε
1104 2090 1391 2160 σημαίνειν
1430 2090 1531 2161 τὴν
1569 2090 1734 2161 φύσιν
1774 2091 1870 2145 καὶ
1896 2092 1998 2162 τὴν

421 2182 743 2249 ὑπόστασιν,
771 2182 847 2246 ὡς
868 2184 1108 2253 ὀνόματα
1133 2184 1293 2255 μόνον
1314 2179 1701 2254 εἷναιδιάφορα
1727 2184 1849 2238 καθ’
1880 2185 2000 2247 ἑνὸς

423 2274 826 2344 σημαινομένου
848 2275 1137 2341 πίπτοντα,
1168 2275 1245 2339 ὼς
1270 2275 1511 2346 μάχαιρα
1525 2276 1618 2329 καὶ
1639 2275 1809 2344 ξίφος.
1832 2276 1998 2346 ἣέτε-

424 2383 519 2438 ρον
545 2366 639 2419 καὶ
662 2365 880 2436 ἑτάρον;
912 2366 973 2419 Et
1007 2366 1105 2436 μὲν
1126 2362 1219 2419 οῦν
1246 2366 1464 2430 ταυτὸν,
1488 2369 1617 2437 μιᾶς
1639 2367 1739 2437 τῆς
1758 2367 2000 2426 ὑποστά-

422 2475 563 2521 σεως
579 2457 767 2527 οὔσης,
792 2457 919 2527 μίαν
936 2454 1071 2513 εἶναι
1101 2459 1195 2512 καὶ
1215 2459 1315 2530 τὴν
1334 2458 1739 2530 φύσινάνάγκη,
1764 2460 1841 2523 ὡς
1859 2462 1906 2513 εἰ
1941 2462 2002 2513 τὸ

427 2546 580 2615 ξίφος
608 2546 669 2599 ἓν
698 2548 807 2616 εἴη,
834 2548 930 2601 καὶ
958 2548 1060 2618 τὴν
1104 2548 1383 2621 μάχαιραν
1417 2549 1547 2619 μίαν
1589 2544 1731 2603 εἶναι
1759 2549 1999 2621 ἀνάγκη.

428 2638 499 2691 Ἦ
524 2638 574 2690 εί
598 2638 656 2690 αἱ
686 2638 876 2706 φύσεις
908 2638 1022 2701 δύο,
1059 2640 1153 2692 καὶ
1204 2639 1536 2705 ὑποστάσεις
1561 2639 1622 2708 ἐξ
1640 2641 1889 2711 ἀνάγκης
1908 2640 2002 2694 δύο

425 2729 676 2783 ἔσονται’
710 2731 760 2783 εἰ
796 2729 853 2782 δὲ
899 2729 1029 2784 ἄλλο
1067 2730 1165 2800 μὲν
1217 2731 1475 2802 σημαίνει
1521 2732 1583 2786 τὸ
1640 2734 1741 2803 τῆς
1786 2732 2001 2802 φύσεως

425 2818 620 2889 ὄνομα,
645 2820 775 2874 ἄλλο
828 2821 885 2875 δὲ
924 2821 986 2874 τὸ
1042 2823 1143 2891 τῆς
1172 2824 1551 2890 ὑποστάσεως,
1596 2825 1769 2879 αἴτιον
1805 2826 1864 2879 δὲ
1906 2826 1999 2879 τοῦ

430 2910 559 2981 μίαν
582 2908 724 2965 εἷναι
750 2912 845 2966 τοῦ
869 2913 1111 2986 Χριστοῦ
1141 2914 1240 2986 τὴν
1289 2916 1587 2970 ὑπόστασιν
1628 2917 1909 2990 ⁴ἡγοῦνται,
1939 2918 2001 2972 τὸ

430 3002 507 3073 μὴ
540 3005 890 3077 προῦπάρξαι
918 3005 1021 3076 τὴν
1057 3005 1153 3060 τοῦ
1180 3004 1471 3077 ἀνθρώπου
1491 3009 1810 3075 ὑπόστασιν,
1833 3010 2001 3081 ἡγουν

2093 534 2309 603 unum),
2339 548 2529 589 verum
2554 533 2721 589 etiam
2752 549 2818 589 ex
2843 533 2962 602 ipsa
2991 532 3229 589 rationis
3252 535 3324 589 vi.
3358 534 3414 590 Si
3439 538 3588 593 enim
3613 539 3677 593 in:

2092 624 2488 695 hypostasihus
2519 624 2687 697 (idem
2729 634 2914 681 autem
2938 625 3124 681 dicere
3153 636 3262 692 est,
3295 638 3457 697 atque
3496 630 3549 685 in
3583 630 3670 685 in-

2091 715 2359 785 dividuis)
2391 722 2593 770 natura
2623 728 2856 786 quaeque
2889 715 3095 785 accipit
3128 716 3534 785 cxsistentiam,
3573 734 3669 774 ne-

2094 820 2250 861 cessc
2284 821 2516 876 prorsus
2547 815 2654 871 est,
2704 808 2795 861 ubi
2846 807 2969 861 duae
3016 814 3147 863 sunt
3190 816 3421 876 natura),
3474 810 3548 865 ibi
3606 814 3671 864 ad

2092 898 2386 954 minimum
2418 900 2556 956 duas
2573 900 2900 970 hypostases
2929 914 3075 963 esse,
3094 900 3148 954 in
3177 900 3378 968 quibus
3400 900 3671 956 exsisten-

2095 991 2228 1045 tiam
2282 1006 2363 1046 ea:
2417 999 2631 1047 natura:
2680 994 3053 1062 susceperint.
3088 990 3205 1047 Non
3242 1000 3425 1062 potest
3470 992 3676 1063 quippe

2096 1091 2295 1138 natura
2342 1084 2647 1139 secundum
2691 1099 2751 1141 se
2782 1085 3089 1141 subsistere
3118 1085 3173 1140 in
3202 1085 3355 1139 nullo
3386 1084 3674 1141 individuo

2096 1184 2364 1247 spectata.
2391 1175 2741 1231 lndividuum
2776 1184 2962 1230 autem
3002 1175 3146 1231 idem
3177 1191 3299 1232 esse
3321 1192 3385 1232 ac
3410 1177 3674 1249 hyposta-

2098 1268 2201 1323 sim
2251 1266 2487 1321 antehac
2524 1265 3054 1322 demonstravimus.
3093 1266 3367 1332 Quocirca
3419 1268 3508 1338 qui
3565 1283 3674 1322 non

2098 1358 2264 1413 modo
2296 1359 2641 1431 hypostasim
2676 1373 2842 1412 unam
2867 1400 2880 1422 ,
2927 1358 3022 1414 sed
3067 1366 3123 1413 et
3167 1366 3420 1414 naturam
3452 1370 3675 1430 propter

2099 1449 2403 1504 unitionem
2428 1449 2710 1504 exstitisse
2730 1448 2937 1513 volunt,
2964 1463 3175 1513 secum,
3206 1464 3269 1503 ac
3288 1463 3416 1503 cum
3434 1450 3672 1505 veritate

2098 1538 2418 1595 consentire
2475 1539 2856 1607 reperiuntur.
2930 1536 3037 1604 Qui
3114 1552 3248 1594 vero
3330 1539 3673 1610 hypostasim

2101 1644 2295 1695 unam,
2327 1643 2395 1684 ac
2422 1637 2655 1684 naturas
2690 1628 2828 1684 duas
2861 1635 3096 1697 ponunt,
3128 1635 3239 1681 tam
3271 1642 3302 1683 a
3330 1644 3421 1695 se,
3448 1642 3611 1698 quam
3648 1643 3676 1680 a

2103 1722 2339 1777 veritate
2392 1719 2652 1777 videntur
2694 1719 3015 1775 dissentire.
3049 1717 3157 1774 Sed
3188 1718 3385 1774 aiunt:
3417 1718 3495 1773 Eo
3530 1718 3683 1787 quod

2100 1813 2423 1870 humanitas
2447 1813 2657 1868 Christi
2702 1812 2757 1866 in
2801 1810 2985 1867 Verbo
3022 1811 3364 1882 hypostasim
3397 1811 3678 1869 habuerit.

2102 1921 2205 1961 nec
2229 1914 2357 1961 ante
2389 1906 2697 1962 unitionem
2730 1918 2857 1960 cum
2885 1902 3065 1959 Verbo
3087 1903 3437 1970 substiterit;
3468 1903 3690 1957 idcirco-

2099 2013 2262 2053 unam
2291 1996 2626 2053 alﬁrmamus
2654 2012 2779 2053 esse
2809 1994 3017 2052 Christi
3050 1994 3415 2066 hypostasiut.
3451 1995 3665 2062 Quibus

2098 2088 2319 2160 quidem
2378 2102 2480 2144 nos
2538 2101 2761 2158 quoque
2826 2085 3193 2141 dixerimus:
3249 2085 3447 2140 Annon
3508 2085 3680 2156 igitur

2100 2195 2272 2237 unum
2304 2179 2565 2250 idemque
2598 2175 2907 2249 signiﬁcari
2946 2176 3188 2233 censetis
3222 2191 3321 2246 per
3348 2182 3602 2231 naturam
3627 2183 3685 2231 es

2098 2274 2464 2346 hypostasim,
2499 2272 2634 2328 adeo
2664 2279 2726 2327 ut
2750 2270 2968 2327 diversa
2994 2268 3261 2324 duntaxat
3299 2268 3413 2324 sint
3458 2267 3691 2323 nomina

2101 2366 2159 2420 in
2223 2382 2393 2421 unum
2448 2374 2617 2436 atque
2675 2362 2821 2419 idem
2874 2361 3251 2434 signiﬁcatum
3292 2358 3572 2422 cadentis.
3623 2366 3691 2414 ut.

2101 2457 2318 2528 gladius
2344 2467 2401 2513 et
2419 2459 2594 2522 ensis,
2633 2464 2730 2512 aut
2753 2456 2905 2511 aliud
2936 2465 2989 2511 et
3022 2453 3197 2510 aliud.
3230 2452 3288 2509 Si
3311 2468 3479 2525 porro
3502 2454 3681 2518 idem;

2100 2564 2226 2605 cum
2271 2564 2382 2605 una
2433 2549 2746 2621 hypostssis
2795 2549 2889 2613 sit,
2942 2561 3108 2602 unam
3153 2561 3375 2618 quoque
3424 2553 3685 2602 naturam

2099 2658 2222 2698 esse
2271 2656 2563 2698 necessum
2616 2649 2728 2708 est;
2776 2641 2926 2696 velut
2974 2640 3021 2696 si
3076 2655 3221 2695 unus
3269 2638 3421 2695 ensis
3481 2637 3672 2697 fuerit,

2102 2733 2268 2789 etiam
2329 2746 2499 2787 unum
2556 2730 2796 2801 gladium
2853 2730 2971 2785 fore
3027 2744 3287 2796 necesse;
3344 2736 3436 2783 aut
3466 2728 3513 2784 si
3558 2727 3684 2782 dum

2105 2832 2336 2887 naturai,
2367 2821 2696 2892 hypostascs
2724 2835 2943 2891 quoque
2969 2819 3094 2875 duae
3124 2818 3316 2875 eadem
3347 2816 3689 2874 necessitate

2100 2921 2288 2969 erunt.
2330 2912 2486 2979 Quod
2541 2913 2586 2968 si
2643 2912 2791 2966 aliud
2838 2912 3115 2982 signiﬁcat
3172 2919 3387 2965 natura:
3443 2925 3682 2978 nomen,

2107 3003 2256 3058 aliud
2319 3004 2667 3075 bypostasis;
2732 3018 2956 3058 causam
3026 3011 3213 3057 autem
3279 3017 3382 3057 cur
3441 3018 3551 3058 una
3610 3002 3685 3059 sit

426 3094 743 3164 πρόσωπον,
772 3098 872 3167 τῆς
902 3097 1038 3168 πρὸς
1066 3098 1159 3152 τὸν
1213 3099 1387 3167 Λόγον
1438 3099 1704 3164 ἑνὼσεως.
1741 3102 1856 3155 Οὐκ
1905 3097 2000 3155 οὖν

2102 3095 2307 3151 Christi
2362 3096 2696 3167 hypostasis,
2758 3108 2877 3150 eam
2923 3109 3045 3150 esse
3097 3093 3477 3159 arbitrentur,
3526 3094 3687 3164 107

426 3182 525 3235 καί
559 3183 659 3246 τὰς
681 3183 777 3238 δύο
802 3184 897 3239 τοῦ
932 3186 1175 3258 Χριστοῦ
1217 3188 1411 3256 φύσεις
1440 3184 1601 3254 εἶναι,
1627 3189 1802 3245 αῐτιον
1832 3191 1898 3245 ἂν
1914 3192 2001 3261 εἴη

424 3276 783 3347 προῦπάρξαι
808 3277 907 3349 τὴν
963 3278 1060 3332 τοῦ
1113 3280 1405 3350 ἀνθρώπου
1434 3282 1596 3350 φύσιν
1621 3284 1718 3354 τῆς
1742 3283 1880 3353 πρὸς
1911 3284 2003 3337 τὸν

425 3367 641 3437 Λόγονι
683 3369 948 3434 ὲνώσεως.
1012 3370 1152 3424 Ἀλλ’
1200 3374 1250 3425 εἰ
1310 3374 1630 3445 προῦπέστη
1678 3374 2003 3445 ήὲνωθεῖσα

426 3460 506 3532 τῷ
526 3461 684 3531 Λόγῳ
713 3462 913 3533 μερικὴ
938 3462 1120 3531 φύσις,
1162 3464 1374 3535 ἀνάγκη
1421 3465 1591 3532 πᾶσα,
1630 3466 1723 3518 καὶ
1748 3464 1845 3537 τὴν
1870 3465 1971 3519 ταύ
1989 3496 2003 3505 -

423 3571 527 3625 της
547 3554 952 3625 προῦποστῆναι
975 3554 1295 3611 ὑπόστασιν.
1321 3554 1538 3610 Τούτων
1564 3556 1673 3629 γὰρ
1708 3558 1808 3613 οὐκ
1855 3560 2002 3614 ἐνδέ-

425 3661 581 3715 χεται
615 3643 845 3714 θάτερον
874 3639 1037 3707 εἶναι,
1059 3644 1153 3698 τοῦ
1178 3644 1367 3699 λοιποῦ
1399 3645 1475 3717 μὴ
1494 3646 1644 3713 ὄντος
1674 3663 1687 3677 °
1719 3647 1817 3719 τὴν
1844 3666 2002 3720 μερι-

425 3737 530 3804 κὴν
559 3735 706 3804 λέγω
740 3734 923 3804 φύσιν,
978 3736 1108 3789 ἄνευ
1158 3737 1257 3807 τῆς
1312 3737 1448 3801 ίδίας
1494 3738 1664 3807 αὐτῆς
1711 3739 1925 3808 φύσεως
1952 3740 2000 3797 ι.

429 3829 531 3881 Ἐν
558 3830 667 3897 γάρ
691 3828 840 3881 ἐστιν
865 3828 1033 3897 ἄμφω
1049 3826 1127 3897 τῷ
1157 3828 1523 3900 ὑποκειμένῳ,
1548 3831 1598 3883 εί
1631 3832 1725 3883 καὶ
1756 3832 1836 3893 είς
1869 3848 2001 3883 ταυ-

422 3921 517 3974 τὸν
548 3920 813 3984 πολλάκις
843 3920 1197 3990 συντρέχουσι
1238 3921 1390 3991 παρὰ
1446 3924 1560 3985 τοῖς
1607 3922 1999 3995 χρησαμένοις,

420 4011 501 4070 ὼς
542 4009 724 4082 μικρῷ
780 4010 1018 4082 πρόσθεν
1070 4011 1372 4082 ἐδείξαμεν.
1432 4012 1494 4065 Ei
1532 4013 1714 4066 τοίνυν
1750 4013 2000 4085 ὥσπερὴ

421 4100 744 4166 ὑπόστασις,
775 4101 917 4156 οὑτω
970 4103 1066 4156 καὶ
1117 4105 1149 4174 ἡ
1198 4102 1360 4173 φύσις
1392 4106 1424 4174 ἡ
1450 4103 1526 4175 τῷ
1559 4103 1716 4176 Λόγῳ
1742 4106 2001 4160 ὲνωθεῖσα

424 4196 489 4250 οὐ
515 4195 837 4265 προῦπέστη
865 4194 963 4264 τῆς
994 4194 1130 4263 πρὸς
1153 4194 1317 4248 αὑτὸν
1359 4194 1639 4258 ὲνὼσεως’
1676 4196 1866 4268 διόπερ
1895 4197 2000 4267 ἄρα

424 4285 563 4355 μίαν
579 4284 678 4355 τὴν
698 4284 794 4337 τοῦ
816 4283 1055 4355 Χριστοῦ
1087 4284 1331 4349 ἀξιοῦσιν
1361 4284 1683 4352 ὑπόστασιν,
1719 4286 1808 4339 διὰ
1843 4284 2000 4340 τοῦτο

418 4376 520 4429 καὶ
549 4373 712 4443 φύσιν
742 4368 907 4428 αὑτοῦ
939 4374 1071 4445 μίαν
1115 4374 1458 4438 ἀξιούτωσαν
1492 4371 1633 4428 εῖναι
1667 4391 1678 4403 ⁸
1709 4374 1785 4447 μὴ
1815 4376 1999 4446 διαφέ-

2104 3187 2251 3257 quod
2293 3187 2533 3242 hominis
2564 3186 2903 3257 hypostasis.
2946 3201 3043 3241 seu
3078 3200 3339 3255 persona,
3372 3193 3499 3240 ante
3554 3184 3683 3239 uni-

2105 3280 2308 3335 tionem
2352 3295 2478 3335 cum
2514 3278 2697 3335 Verbo
2734 3294 2844 3335 non
2877 3279 3174 3335 exstiterit.
3206 3276 3412 3333 Verum
3459 3279 3506 3334 sl
3556 3285 3684 3332 ante

2106 3373 2352 3428 substitit
2383 3374 2535 3427 unita
2570 3372 2758 3428 Verbo
2807 3371 3165 3443 particularis
3198 3379 3419 3438 natura,
3457 3386 3686 3427 necesse

2107 3478 2337 3533 prorsus
2378 3472 2484 3528 est,
2540 3472 2600 3519 ut
2646 3472 2779 3519 ante
2818 3462 3133 3519 substiterit
3166 3461 3416 3531 ejusdem
3463 3476 3685 3533 quoque

2108 3565 2320 3612 naturae
2372 3556 2711 3629 hypostasis.
2766 3554 2975 3611 Horum
3007 3556 3152 3610 enim
3195 3555 3524 3611 alterutrum
3561 3568 3693 3611 esse-

2106 3649 2323 3718 ncquit,
2359 3650 2493 3719 quin
2527 3649 2801 3719 reliquum
2849 3648 3015 3705 etiam
3059 3648 3331 3703 exsistat:
3384 3644 3685 3715 particula-

2109 3756 2221 3794 rem
2272 3740 2400 3794 dico
2454 3750 2705 3794 naturam
2737 3740 2947 3807 absque
2975 3738 3199 3807 prepria
3235 3750 3339 3792 sua
3369 3736 3679 3807 hypostasi.

2105 3829 2283 3884 Ambo
2311 3844 2483 3883 unum
2513 3830 2716 3899 quippe
2736 3836 2867 3884 sunt
2886 3828 3160 3896 subjecto,
3183 3827 3286 3883 etsi
3316 3825 3508 3880 eodem
3542 3839 3685 3894 saepe

2104 3929 2451 3976 concurrunt
2481 3923 2620 3990 apud
2643 3935 2738 3975 eos
2770 3920 2867 3989 qui
2898 3918 2969 3974 iis
2990 3919 3222 3974 vocibus
3254 3925 3508 3981 utuntur,
3540 3916 3686 3971 sicut

2106 4012 2270 4083 paulo
2314 4019 2442 4065 ante
2491 4010 2864 4066 ostendimus.
2912 4009 3102 4081 Itaque
3142 4011 3187 4065 si
3216 4008 3683 4081 quemadmodum

2108 4103 2445 4177 bypostasis,
2478 4102 2553 4157 ita
2581 4110 2638 4157 et
2667 4110 2868 4157 natura
2900 4101 3082 4159 Verbo
3113 4102 3292 4169 unita,
3336 4116 3444 4156 non
3473 4100 3682 4157 substi-

2106 4197 2171 4252 tit
2222 4205 2350 4253 ante
2403 4196 2709 4251 unitionem
2773 4209 2901 4249 cum
2975 4193 3112 4262 illo;
3182 4209 3249 4251 eo
3320 4195 3443 4265 ipso
3495 4194 3695 4264 utique

2106 4290 2256 4359 quod
2288 4303 2452 4344 unam
2478 4287 2690 4344 Christi
2717 4286 3064 4359 hypostasim
3092 4286 3428 4347 concedunt.
3457 4293 3684 4359 propter

2108 4380 2252 4437 idem
2290 4380 2558 4437 continuo
2598 4394 2765 4435 unam
2795 4380 2917 4450 ejus
2943 4394 3067 4436 esse
3096 4386 3353 4434 naturam
3384 4378 3678 4433 fateantur.

422 4481 626 4536 ρουσαν
652 4464 759 4537 γὰρ
809 4465 951 4519 κατά
993 4465 1055 4520 τὸ
1102 4466 1366 4537 ἡνῶσθαι,
1400 4466 1523 4521 οὑδὲ
1572 4468 1713 4522 κατὰ
1744 4467 1905 4522 τοῦτο
1930 4468 1997 4522 ἃν

2106 4473 2321 4529 Etenim
2361 4446 2971 4543 quandoquidem'non
3018 4470 3282 4526 dill‘erunt
3347 4471 3401 4524 in
3457 4470 3677 4533 unione,

415 4556 752 4624 διαφέροιεν.

492 4645 599 4703 πε.
645 4647 1143 4720 ’Λφθαρτοδοκῆται
1197 4649 1332 4720 (61),
1401 4651 1450 4704 οί
1514 4650 1623 4704 ἀπὸ
1678 4650 1995 4718 ’ῐουλιανοῦ,

2105 4579 2209 4621 nec
2235 4566 2291 4620 in
2324 4566 2427 4619 hoc
2456 4566 2623 4621 etiam
2655 4563 2974 4640 dili‘erentes
3001 4564 3223 4620 fuerint.

2176 4653 2268 4707 Si.
2298 4652 2846 4723 Aphthartodocetaa,
2894 4668 2924 4707 a
2972 4650 3189 4707 Juliano
3223 4649 3688 4706 Halicarnasseno

1708 4765 1947 4821 VARUE
2000 4764 2405 4823 LECTIONES.

497 4861 509 4911 i
563 4859 654 4916 Sic
695 4861 858 4915 codd.
917 4858 1051 4919 εοεςι
1082 4857 1174 4912 τοῦ
1210 4860 1407 4927 Λόγου.
1463 4861 1488 4900 Ιί
1522 4858 1648 4930 Leg.
1688 4861 2057 4924 ὑποστάσεως.

1938 5012 2170 5070 ΝΟΤᾸΞ.

497 5113 609 5185 (6|)
633 5113 885 5170 Julianus
910 5113 1435 5185 Halicarnassensis,
1469 5124 1523 5167 et
1547 5111 1787 5185 Gaianus
1814 5111 1999 5165 Timo-

418 5183 534 5242 thei
584 5184 877 5239 Alexandr.
939 5184 1206 5239 diaconus
1254 5199 1283 5238 a
1335 5183 1539 5238 Severo
1597 5183 1996 5248 discesserunt,

420 5256 567 5325 quod
612 5255 700 5309 hic
755 5256 1115 5325 corruptibile
1173 5254 1377 5309 Christi
1420 5268 1622 5323 corpus
1652 5252 1898 5317 diceret;
1940 5269 1999 5306 ne

415 5324 536 5397 iam
560 5327 698 5380 inter
722 5324 939 5381 carnem
977 5333 1027 5379 et
1088 5324 1311 5378 Verbum
1337 5325 1631 5397 _¢_iiscrimen
1696 5331 1996 5391 poneretur,

422 5393 671 5465 adeoque
699 5397 821 5451 duae
855 5406 1063 5449 natura:
1094 5405 1299 5450 essent.
1335 5393 1457 5448 llaec
1479 5408 1657 5465 porro
1678 5401 1999 5460 acceperant

422 5469 496 5522 ab
530 5463 766 5536 ipsomet
788 5466 1095 5537 Timotheo,
1116 5466 1223 5537 qui
1250 5472 1443 5537 contra
1472 5463 1731 5537 Severum
1760 5470 2001 5519 conten-

425 5533 603 5602 derat,
670 5538 880 5592 unione
926 5534 1071 5590 facta
1099 5536 1436 5591 dill‘erentias
1466 5533 1646 5588 nullas
1680 5540 1998 5587 naturarum

427 5607 807 5676 superfuisse;
846 5606 992 5675 quod
1023 5621 1155 5661 sane
1198 5606 1250 5659 in
1282 5604 1747 5676 Eutychianorum
1781 5603 2001 5657 illorum

432 5673 656 5733 sensum
691 5673 994 5741 recidehat,
1031 5677 1122 5745 qui
1160 5673 1428 5743 negabant
1470 5673 1753 5745 ambarum
1780 5681 2005 5745 natura-

438 5762 578 5814 rum,
620 5764 717 5805 seu
750 5749 940 5803 saltem
1010 5743 1280 5811 ltimianm,
1320 5744 1681 5815 proprietates
1714 5743 2004 5800 mansisse.

2110 5112 2295 5169 Severi
2353 5121 2534 5185 partes
2577 5110 2919 5185 Theodosius
2974 5109 3149 5185 tuitus
3175 5118 3280 5169 est.
3307 5122 3431 5185 cum
3471 5106 3540 5185 de
3580 5123 3677 5178 pa-

2109 5177 2414 5240 triarchaiu
2462 5193 2651 5239 contra
2708 5180 2975 5237 Gaianum
3037 5180 3289 5248 litigarct.
3334 5177 3678 5249 Nicephorus

2106 5255 2319 5310 Callist.
2346 5257 2441 5310 lib.
2483 5270 2615 5316 xvu,
2648 5267 2770 5322 cap.
2817 5251 2904 5312 l9.
2946 5251 3191 5322 quaedam
3231 5249 3423 5305 recitat
3455 5264 3521 5305 ex
3558 5249 3676 5303 illo—

2104 5340 2223 5379 rum
2251 5321 2757 5393 disceptationibus,
2798 5338 2920 5393 quaa
2942 5321 3143 5393 similia
3179 5330 3522 5393 suntAeorum
3555 5334 3678 5389 quae

2108 5395 2195 5447 hic
2224 5394 2385 5449 habet
2406 5390 2942 5447 ’DamascenusINos
2969 5390 3199 5461 quidem,
3233 5390 3470 5455 aiebant,
3505 5405 3677 5444 neces-

2108 5467 2266 5519 sitate
2290 5474 2497 5517 naturae
2538 5463 2838 5530 affectiones
2869 5463 3002 5529 ejus,
3032 5472 3161 5531 puta
3187 5462 3403 5530 famem,
3431 5461 3677 5531 sitimque

2114 5536 2333 5602 {erimus
2366 5552 2382 5587 :
2414 5543 2469 5586 at
2521 5532 2784 5594 Christus,
2835 5534 2924 5599 qui
2986 5530 3169 5602 sponte
3206 5546 3391 5602 pessus
3443 5530 3674 5602 siturum

2111 5598 2324 5673 perinde
2354 5602 2552 5673 legibus
2589 5612 2795 5673 natura:
2825 5598 3028 5673 seruiit.
3054 5598 3409 5673 Quosﬁrwci
3442 5598 3676 5673 ’ᾼφθαρ-

2113 5670 2426 5741 λεοδοκὴτας,
2464 5672 2663 5735 Latini,
2696 5671 3168 5741 Incorruptieohts.
3198 5670 3412 5741 dixere;
3457 5670 3512 5725 in
3539 5682 3675 5738 quo-

2116 5760 2236 5801 rum
2272 5740 2435 5800 etiam
2468 5757 2708 5800 errorem
2739 5740 3022 5797 Justianus
3047 5741 3178 5809 imp.
3213 5740 3461 5794 incurrit.
