4012 6208
3512 149 3542 177 ο

453 304 563 370 757
1100 316 1105 323 '
1631 299 1730 359 DE
1770 295 2209 358 HERESIBUS
2248 294 2496 355 LIBER.
3618 292 3725 355 758

453 420 683 489 φέρουσι
709 408 849 483 μετά
879 407 1099 481 χορείας
1128 406 1271 471 τινος
1292 407 1387 460 καὶ
1412 405 1713 477 ὀρχήσεως,
1763 405 2036 477 μιμούμε-

2157 416 2375 473 )ymnos
2424 399 2538 455 Deo
2592 414 2718 455 cum
2764 399 2975 456 chorea
3031 407 3086 455 et
3140 401 3397 473 tripudiis
3449 400 3723 472 offerant;

448 525 531 560 νοι
555 504 759 559 ώσανεὶ
805 503 896 557 τὸν
932 501 1093 573 χορὸν
1148 500 1371 555 ἐκείνων
1426 500 1518 553 ἐπὶ
1561 498 1840 560 Μωῦσέως
1856 514 2041 552 συνανο

2157 493 2374 548 :horum
2432 491 2586 546 illum
2642 490 2957 556 imitantes,
3010 490 3106 562 qui
3154 490 3340 563 Moyse
3387 492 3531 550 duce
3582 509 3724 550 cons

456 597 658 651 στάντα
704 597 800 648 ἐπὶ
848 596 917 666 τῇ
973 592 1221 664 ἀπωλείᾳ
1266 591 1376 645 τῶν
1420 590 1754 661 Αἰγυπτίων,
1797 591 1863 661 τῇ
1889 589 2034 658 ἐντῇ

467 688 707 760 Ἐρυθρᾷ
734 687 982 757 θαλάσσῃ
1008 684 1290 755 γεγονυίᾳ.

526 785 641 850 πη’.
673 777 1018 848 Γνωσιμάχοι
1043 792 1055 805 ·
1111 778 1161 829 οἱ
1197 776 1349 847 πάσῃ
1383 774 1585 845 γνώσει
1630 774 1728 827 τοῦ
1778 774 2042 844 Χριστια-

450 873 646 944 νισμοῦ
682 870 1126 936 ἀντιπίπτοντες,
1152 869 1210 922 ἐν
1240 867 1319 939 τῷ
1348 868 1529 937 λέγειν
1572 867 1799 931 αὐτοὺς,
1829 867 1912 920 ὅτι
1938 882 2034 919 πε-

452 964 641 1035 ρισσόν
666 980 721 1016 τι
751 960 999 1015 ποιοῦσιν
1032 961 1083 1013 οἱ
1129 959 1361 1028 γνώσεις
1406 957 1559 1021 τινάς
1593 955 1951 1029 ἐκζητοῠντες
1982 958 2040 1010 ἐν

449 1061 573 1121 ταῖς
604 1056 781 1119 θείαις
809 1054 1070 1125 Γραφαῖς.
1108 1051 1276 1107 Ούδέν
1320 1050 1431 1123 γὰρ
1486 1050 1615 1105 ἀλλο
1655 1049 1810 1122 ζητεῖ
1852 1052 1880 1104 ό
1909 1050 2042 1114 Θεὸς

450 1150 607 1221 παρά
632 1146 990 1218 Χριπιανοῦ,
1023 1147 1071 1199 εί
1097 1144 1172 1215 μὴ
1202 1143 1436 1214 πράξεις
1467 1144 1639 1209 καλάς
1662 1161 1674 1174 ·
1708 1144 1917 1212 ἀγαθὸν
1947 1139 2041 1197 οὗν

449 1243 570 1295 ἐστι
626 1241 829 1311 μᾶλλον
878 1237 1269 1309 ἀπλουστέρως
1318 1236 1441 1291 τινὰ
1512 1237 1877 1309 πορεύεσθαι,
1947 1236 2041 1290 καὶ

455 1335 623 1405 μηδὲν
656 1334 835 1405 δόγμα
860 1332 1170 1404 γνωστικῆς
1212 1331 1600 1405 πραγματείας
1641 1330 2041 1402 πολυπραγμο-

450 1445 587 1482 νειν.

521 1522 632 1576 πθ¹.
670 1519 1121 1591 Ἦλιοτροπῖται·
1182 1518 1232 1571 οί
1276 1516 1375 1582 τὰς
1432 1516 1738 1589 λεγομένας
1793 1517 2043 1587 ἡλιοτρό-

451 1630 591 1677 πους
621 1612 853 1684 βοτάνας
872 1612 993 1674 ταῖς
1021 1610 1207 1664 ἀκτῖσι
1240 1609 1336 1664 τοῦ
1361 1608 1515 1681 ἡλίου
1553 1607 2040 1680 συμπεριφερομέ-

450 1724 573 1770 νας,
631 1705 887 1772 λέγοντες
927 1701 1161 1774 δύναμίν
1193 1720 1319 1755 τινα
1366 1702 1519 1756 Θείαν
1571 1700 1736 1771 ἔχειν,
1792 1699 1888 1770 τὴν
1939 1700 2038 1763 τὰς

452 1798 709 1862 τοιαύτας
739 1798 1048 1869 περιφορὰς
1071 1795 1452 1867 ἐργαζομένην
1479 1797 1537 1847 ἐν
1583 1795 1777 1857 αὑταῖς
1800 1810 1814 1825 ο
1851 1794 1945 1848 καὶ
1965 1792 2041 1856 ὡς

450 1892 542 1945 διὰ
565 1891 729 1945 τοῦτο
756 1891 926 1960 τιμᾷν
948 1889 1147 1953 αὐτοὺς
1195 1886 1498 1953 ἐθέλοντες,
1532 1887 1608 1959 μὴ
1645 1886 1917 1951 συνιέντες
1943 1884 2042 1957 τὴν

457 1982 795 2054 μηνυθεῖσαν
827 1982 1046 2051 κίνησιν
1076 1979 1259 2034 αὐτῶν
1300 1980 1537 2048 φυσικήν
1586 1996 1708 2033 τινα
1752 1978 2040 2051 ὑπάρχειν.

529 2074 604 2141 ιζ.
632 2061 1034 2145 Θνητοψυχῖται
1070 2072 1219 2143 (65)·
1254 2072 1303 2126 οἱ
1332 2074 1433 2143 τὴν
1481 2070 1831 2142 ἀνθρωπείαν
1864 2070 2043 2141 ψυχὴν

456 2165 774 2234 εἰσάγοντες
805 2164 1001 2235 ὁμοίαν
1022 2164 1123 2233 τῆς
1170 2162 1283 2217 τῶν
1318 2162 1555 2233 κτηνῶν,
1588 2162 1684 2215 καί
1712 2162 1791 2233 τῷ
1825 2161 2041 2233 σώματι

455 2258 712 2325 λέγοντες
741 2251 1179 2308 συναπόλλυσθαι
1217 2252 1414 2322 αὑτήν.

530 2353 641 2416 ιιιν.
692 2345 1107 2415 Ἀγονυκλῖταιο
1141 2346 1191 2398 οἱ
1224 2347 1281 2398 ἐν
1321 2344 1482 2398 παντὶ
1511 2342 1689 2415 καιρῷ
1719 2342 1831 2396 τῶν
1863 2359 2033 2412 προσ-

454 2438 637 2510 ευχῶν
665 2437 797 2507 γόνυ
856 2436 930 2508 μὴ
991 2435 1238 2499 θέλοντες
1270 2435 1476 2490 κλίνειν
1524 2434 1639 2489 ἀλλ’
1668 2433 1905 2498 ἑστῶτες
1954 2434 2043 2486 ἀεὶ

454 2533 556 2595 τὰς
575 2530 889 2603 προσευχὰς
920 2529 1261 2601 ποιούμενοι.

530 2622 635 2692 ιιβν.
668 2621 1184 2691 Θεοκαταγνῶσται,
1233 2623 1283 2675 οἱ
1329 2622 1425 2677 καὶ
1488 2622 1837 2694 βλάσφημοι·
1882 2622 1933 2677 οἱ
1981 2621 2039 2677 ἐν

455 2732 568 2769 τισι
604 2714 782 2782 λόγοις
808 2714 901 2767 καὶ
925 2716 1235 2785 πράγμασι,
1257 2717 1365 2768 τῶν
1387 2734 1449 2769 τε
1467 2717 1846 2788 ἀνακειμένων
1889 2714 2039 2785 αύτῷ

457 2807 631 2875 ἁγίων
660 2806 993 2878 προσώπων,
1028 2808 1123 2861 καὶ
1150 2806 1258 2860 τῶν
1320 2806 1483 2862 θείων
1548 2808 1779 2878 Γραφῶν
1812 2823 2038 2876 καταγι-

456 2898 692 2952 νώσκειν
725 2896 1084 2970 πειρώμενοι,
1115 2899 1379 2972 τολμηροί
1424 2916 1569 2963 τινες
1597 2900 1691 2952 καὶ
1722 2897 2036 2970 βλάσφημοι

456 2992 816 3065 ὑπάρχοντες.

2144 582 2309 640 flatus
2348 592 2450 649 est,
2485 597 2612 640 cum
2644 580 2889 655 Egyptii
2937 581 2994 637 in
3038 582 3179 638 mari
3218 582 3407 639 lluhro
3451 585 3725 644 submersi

2142 679 2388 749 perieres

2216 768 2305 823 88.
2343 765 2702 824 Gnosimachi
2738 772 2891 831 sunt,
2919 766 3013 837 qui
3048 767 3196 821 omni
3242 766 3571 823 Christiana:
3600 770 3731 825 reli-

2142 860 2323 934 gionis
2374 859 2678 932 c0gnitioni
2708 873 2772 914 ac
2808 858 3053 915 scientiae
3103 858 3178 914 ita
3218 859 3622 927 adversantur,
3670 873 3731 919 ut

2143 968 2620 1026 supervacaneum
2645 967 2834 1008 eorum
2861 951 3107 1007 laborem
3136 967 3261 1008 esse
3295 952 3504 1018 dicant,
3544 954 3637 1024 qui
3661 969 3730 1010 ex

2145 1044 2455 1116 Scripturis
2488 1044 2692 1100 divinis
2745 1042 3091 1115 cognitiones
3140 1044 3358 1114 aliquas
3391 1045 3726 1115 exquirunt;

2144 1153 2343 1209 nempe
2391 1153 2519 1193 eum
2553 1136 2700 1193 Deus
2730 1143 2930 1207 praeter
2960 1135 3104 1190 bona
3135 1150 3302 1205 Opera
3338 1150 3367 1188 a
3397 1136 3730 1194 Christianis

2144 1232 2284 1288 nihil
2320 1231 2469 1286 aliud
2503 1230 2706 1302 exigat.
2746 1229 3023 1285 Praestare
3054 1230 3239 1298 itaque
3272 1239 3330 1284 ut
3357 1231 3484 1299 quis
3515 1231 3728 1302 simpli-

2144 1324 2267 1380 cius
2298 1322 2537 1389 incedat,
2569 1322 2893 1391 nullumque
2928 1320 3125 1392 dogma
3159 1320 3231 1375 ad
3266 1321 3553 1377 scientiam
3596 1326 3727 1377 atti-

2145 1434 2282 1474 nens
2313 1415 2594 1472 curiosius
2624 1422 2927 1471 scrutetur.

2216 1510 2306 1566 89.
2346 1509 2722 1579 Heliotropita:
2769 1516 2920 1572 sunt,
2974 1507 3068 1577 qui
3120 1506 3188 1562 iis
3232 1506 3289 1561 in
3344 1506 3551 1572 herbis,
3609 1524 3739 1579 quas

2145 1603 2319 1659 solem
2343 1601 2576 1673 ejusque
2611 1599 2797 1659 radios
2828 1601 3365 1669 sequuntur,inesse
3393 1599 3501 1653 vim
3532 1615 3730 1670 quam-

2144 1697 2269 1751 dam
2303 1695 2545 1751 divinam
2578 1696 2792 1757 dicunt,
2820 1709 2929 1765 qua
2953 1694 3223 1765 ejusmodi
3255 1698 3648 1753 conversiones
3674 1696 3730 1750 in

2146 1789 2255 1845 illis
2287 1788 2594 1845 efﬁciantur
2627 1807 2640 1844 :
2671 1788 3034 1859 quamobrem
3075 1788 3284 1842 cultum
3341 1788 3423 1843 eis
3479 1788 3729 1844 adhiberi

2144 1883 2378 1949 volunt;
2411 1896 2513 1936 nec
2537 1880 2853 1952 intelligunt
2882 1888 3092 1934 motum
3127 1880 3220 1951 qui
3275 1880 3330 1935 in
3372 1881 3459 1937 his
3490 1880 3733 1937 animad-

2145 1973 2402 2039 vertitur,
2436 1971 2747 2027 naturalem
2783 1984 2926 2027 esse.

2150 2036 2199 2087 ’ί
2213 2063 2303 2121 90.
2333 2064 2840 2137 Thnetopsychitaa,
2870 2063 3110 2119 animam
3159 2062 3458 2119 humanam
3490 2064 3726 2122 similem

2144 2160 2341 2214 animm
2370 2158 2648 2229 pecudum
2677 2158 2969 2223 inducunt,
3001 2172 3235 2229 eamque
3261 2157 3415 2213 aiunt
3447 2172 3571 2214 cum
3598 2173 3727 2215 cor-

2145 2268 2276 2323 pore
2307 2252 2506 2321 perire.

2217 2343 2309 2399 9i.
2344 2344 2685 2416 Agonyclitm
2712 2350 2865 2409 sunt,
2911 2342 3006 2414 qui
3041 2342 3201 2399 nullo
3230 2350 3477 2414 tempore
3504 2350 3728 2400 orantes

2143 2434 2512 2507 genuﬂectere
2548 2432 2743 2491 volunt
2777 2450 2843 2491 ac
2869 2435 3143 2506 provolvi,
3182 2435 3281 2492 sed
3316 2450 3536 2509 semper
3564 2447 3729 2493 orant

2145 2533 2378 2583 stantes.

2218 2618 2308 2675 92.
2351 2617 2864 2690 Theocatagnostaa,
2905 2618 2958 2675 id
3005 2626 3090 2675 est
3134 2616 3230 2677 Dei
3273 2620 3724 2692 reprehensores.

2148 2710 2243 2783 qui
2274 2718 2330 2767 et
2359 2711 2702 2783 blasphemi;
2739 2712 2774 2767 ii
2800 2722 2932 2767 sunt
2962 2714 3054 2782 qui
3090 2712 3146 2768 in
3178 2713 3361 2769 verbis
3389 2702 3726 2784 quibusdam

2149 2804 2429 2873 gestisquc
2476 2802 2696 2858 Domini
2756 2804 2929 2859 nostri
2982 2804 3097 2870 Dei,
3152 2803 3366 2875 ipsique
3417 2804 3726 2859 dicatarum

2150 2910 2512 2965 personarum
2588 2904 2957 2961 sanctarum»,
3028 2911 3243 2953 necnon
3317 2895 3725 2967 Scripturarum

2148 3002 2434 3042 sacrarum
2481 2987 2689 3043 audent
2717 2988 2923 3046 inferre
2952 2989 3164 3045 crimen
3190 3030 3206 3056 ,
3240 2989 3521 3046 temerarii
3550 2989 3728 3046 homi-

2049 3092 2110 3152 .c
2145 3096 2243 3135 nes
2273 3094 2338 3134 ac
2368 3079 2649 3137 maledici.

527 3174 639 3240 ια’.
665 3169 1029 3240 Χριστολύται
1048 3169 1182 3242 (66)·
1202 3171 1250 3224 οί
1270 3170 1522 3239 λέγοντες
1542 3171 1632 3225 τὸν
1653 3171 1856 3243 Κύριον
1886 3174 1918 3243 ἡ
1927 3171 2044 3241 μῶν

471 3261 682 3332 Ἰησοῦν
708 3262 949 3333 Χριστὸν
981 3259 1120 3332 μετά
1149 3261 1248 3333 τὴν
1272 3262 1335 3314 ἐκ
1383 3260 1595 3332 νεκρῶν
1647 3261 1945 3317 ἀνάστασιν
1983 3262 2044 3315 τὸ

456 3353 703 3425 ἔμψυχον
738 3354 901 3423 σῶμα
926 3352 1095 3407 αὑτοῦ
1142 3354 1294 3408 κάτω
1344 3353 1675 3419 λελοιπέναι,
1717 3353 1812 3407 καὶ
1858 3356 2041 3425 γυμνῇ

455 3449 525 3517 τῇ
556 3445 772 3518 θεότητι
801 3445 1188 3517 ἀνεληλυθέναι
1219 3446 1300 3510 είς
1333 3447 1459 3511 τοὺς
1492 3444 1780 3517 οὐρανούς.

529 3625 631 3694 ιιδν.
675 3626 1028 3698 Ἐθνόφρονες
1050 3640 1064 3657 °
1119 3626 1169 3678 οί
1204 3627 1327 3688 ταῖς
1376 3624 1690 3696 συνηθείαις
1726 3624 1836 3679 τῶν
1872 3624 2043 3679 ἐθνῶν

456 3716 978 3782 ἐπακολουθοῦντες,
1052 3718 1377 3788 Χριστιανοὶ
1430 3716 1600 3771 τᾶλλα
1668 3716 2040 3789 ὑπάρχοντεςο

458 3811 658 3873 οἵτινες
686 3809 1085 3879 παρεισάγουσι
1116 3808 1353 3878 γένεσιν,
1386 3808 1480 3863 καὶ
1501 3808 1693 3880 τύχην,
1726 3809 1821 3863 καὶ
1848 3809 2045 3879 εἱμαρ-

461 3899 657 3970 μένην,
695 3900 878 3954 πᾶσάν
899 3916 958 3952 τε
1014 3899 1111 3969 τὴν
1146 3899 1514 3971 ἀστρονομίαν
1547 3902 1642 3953 καὶ
1682 3900 2044 3970 ἀστρολογίαν

459 3992 919 4062 παραδεχόμενοι,
951 3993 1044 4044 καὶ
1070 3992 1253 4044 πᾶσαν
1284 3990 1567 4061 μαντείαν,
1606 3991 1699 4044 καὶ
1730 3990 2042 4062 όρνιθοσκο-

460 4084 592 4137 πίαν
614 4101 628 4115 σ
660 4086 755 4137 καὶ
783 4084 1121 4153 οίωνισμοῖς,
1151 4083 1247 4136 καὶ
1263 4082 1759 4153 ἀποτροπιασμοίς,
1791 4081 1889 4136 καὶ
1912 4082 2046 4154 κλῃ-

458 4177 761 4247 δονισμοίς,
790 4176 884 4231 καὶ
944 4175 1424 4246 τερατοσκοπίαις,
1472 4175 1568 4228 καὶ
1617 4174 1920 4240 ἐπαοιδαῖς,
1948 4176 2044 4229 καὶ

458 4270 575 4333 τοῖς
610 4266 819 4338 ὁμοίοις
854 4265 1046 4338 μύθοις
1091 4266 1328 4330 ἀσεϐῶν,
1361 4269 1429 4336 τῇ
1480 4283 1541 4319 τε
1589 4264 1750 4337 λοιπῇ
1786 4264 2046 4339 συνηθείᾳ

458 4360 571 4413 τῶν
590 4357 761 4412 ἐθνῶν
789 4357 1237 4429 προσανέχοντες,
1259 4360 1354 4412 καὶ
1389 4357 1584 4428 ἑορτάς
1614 4374 1766 4420 τινας
1798 4357 2042 4427 Ἐλληνι-

2216 3170 2307 3226 95.
2340 3170 2713 3242 Christolytae,
2758 3185 2854 3227 seu
2906 3172 3188 3227 Christum
3246 3174 3741 3238 solventes,.sunt.

2145 3263 2241 3333 qui
2289 3262 2578 3319 Dominum
2633 3270 2886 3319 nostrum
2944 3262 3135 3320 Jesum
3206 3264 3490 3324 Christum
3542 3266 3721 3332 aiunt,

2144 3362 2503 3426 posteaquam
2550 3355 2793 3411 surrexit
2844 3371 2875 3412 a
2926 3357 3185 3421 mortuis,
3230 3358 3424 3414 relicto
3468 3359 3523 3414 in
3576 3365 3724 3413 terra

2146 3446 2389 3502 animato
2434 3461 2688 3519 corpore,
2741 3447 2890 3503 nuda
2946 3450 3172 3520 solaque
3218 3450 3422 3508 deitate
3458 3450 3526 3506 ad
3556 3452 3726 3509 caelos

2146 3536 2487 3595 ascendisse.

2219 3631 2308 3686 94.
2342 3630 2793 3702 Ethnophrones,
2848 3635 2963 3704 qui,
3013 3649 3140 3690 cum
3182 3636 3424 3709 gentium
3474 3636 3725 3698 instituta

2146 3738 2211 3779 ac
2224 3739 2406 3779 mores
2438 3733 2763 3795 sequantur,
2786 3728 3081 3797 caateroqui
3103 3726 3404 3784 Christiani
3423 3729 3721 3785 exsistunt.

2146 3814 2211 3869 Hi
2266 3816 2509 3885 genesim
2572 3816 2881 3882 inducunt,
2950 3817 3340 3889 fortunamque
3404 3828 3458 3874 et
3508 3820 3724 3874 fatum:

2145 3920 2363 3959 omnem
2420 3907 2817 3962 astronomiam
2874 3908 3339 3980 astrologiamque
3382 3909 3723 3983 suscipiunt;

2144 4013 2363 4054 omnem
2397 4002 2561 4054 etiam
2592 4000 2982 4057 divinationem
3030 4008 3085 4056 et
3140 4002 3407 4072 auguria:
3458 4004 3727 4074 auspiciis

2146 4088 2457 4156 attendunt,
2489 4090 2878 4159 expiamentis,
2908 4090 3212 4157 ominibus,
3245 4092 3538 4163 portentis,
3562 4109 3727 4148 vene-

2146 4178 2307 4249 ﬁciis,
2349 4188 2404 4237 et
2450 4182 2725 4237 similibus
2770 4182 2895 4237 aliis
2939 4182 3233 4253 impiorum
3277 4184 3519 4248 fabulis,
3564 4198 3629 4239 ac
3676 4186 3724 4240 si

2148 4271 2280 4341 quid
2310 4273 2598 4344 gentilium
2644 4275 2896 4332 moribus
2952 4274 3197 4332 inolevit.
3230 4276 3377 4345 Quin
3426 4286 3479 4332 et
3536 4276 3725 4333 Genti—

2149 4365 2282 4419 lium
2346 4364 2488 4421 festa
2558 4367 2743 4438 aliqua
2812 4368 3156 4424 venerationi
3232 4369 3407 4442 109Δ
3478 4370 3722 4431 habent,

460 4453 566 4516 κάς
594 4451 885 4522 τιμῶντες,
918 4450 1134 4522 ἡμέρας
1200 4468 1259 4503 τε
1320 4445 1500 4514 αὖθις,
1559 4450 1655 4504 καὶ
1700 4449 1901 4520 μῆνας,
1951 4451 2041 4504 καὶ

2157 4452 2381 4523 diesque
2408 4468 2608 4511 rursus
2637 4466 2693 4512 et
2724 4471 2943 4514 menses
2970 4457 3289 4526 observant,
3315 4469 3367 4514 et
3396 4468 3641 4530 tempora
3673 4470 3729 4517 et

344 4570 361 4584 ο
462 4543 717 4613 καιροὺς,
748 4542 841 4596 καὶ
864 4543 1145 4604 ἐνιαυτοὺς
1178 4541 1683 4614 παρατηρούμενοι.

533 4633 638 4702 ιβ’.
695 4632 973 4689 Δονατικοί
1018 4641 1044 4670 ο
1085 4632 1221 4705 (67)*
1264 4633 1310 4685 oi
1358 4632 1466 4686 ἀπὸ
1510 4632 1741 4686 Δονάτου
1790 4632 1934 4695 τινὸς
1985 4633 2044 4685 ἐν

2154 4560 2351 4602 annos.

2226 4638 2315 4695 95.
2348 4637 2673 4708 Donatistae,
2698 4658 2727 4697 a
2768 4643 2981 4699 Donato
2999 4644 3237 4715 quodam
3265 4644 3325 4700 in
3338 4644 3523 4702 Africa
3544 4655 3729 4703 ortum

1869 4744 2105 4800 VARI/ﬁ
2147 4748 2553 4809 LECTIONES.

535 4852 561 4877 ο
586 4835 652 4895 Β.
678 4839 819 4898 2508
848 4840 1182 4896 Δονατιανοί.
1212 4838 1595 4896 Theodoretus
1619 4854 1749 4894 vero
1773 4840 2121 4893 Δονατισταί.

1981 4948 2212 5006 NOTAE.

538 5044 749 5119 (65),οο
770 5046 1255 5119 Τιιηειορςγοιρίιὶε
1280 5046 1414 5101 nihil
1439 5046 1641 5119 diserte
1662 5058 1915 5119 auctores
1933 5056 2048 5099 tra-

466 5113 636 5197 dunt.
657 5117 928 5197 Eusebius
950 5113 1073 5172 lfvi
1105 5116 1417 5197 Hist.,_cap.
1447 5117 1537 5183 38,
1572 5119 1626 5173 in
1651 5118 1849 5197 Arabia
1877 5118 2049 5172 luere-

466 5188 609 5241 ticos
648 5189 933 5245 exstitisse
964 5196 1171 5249 narrat,
1206 5188 1302 5259 qui
1337 5189 1902 5243 assererentanimam
1942 5203 2048 5242 una

464 5273 591 5311 cum
615 5260 944 5328 corporibus
973 5258 1231 5322 interire,
1278 5259 1702 5313 resurrectionis
1753 5273 1880 5311 vero
1911 5269 2049 5328 tem-

464 5342 599 5396 pore
632 5326 756 5383 cum
789 5345 1019 5399 corpore
1045 5330 1224 5383 denuo
1254 5330 1603 5385 excitandam
1638 5347 1653 5384 :
1690 5342 1830 5394 quos
1861 5327 1914 5381 in
1937 5326 2046 5381 fre-

464 5400 655 5471 quenti
686 5401 899 5471 synodo
928 5400 1229 5456 confutavit
1260 5399 1548 5471 Origenes,
1576 5408 1630 5453 et
1664 5399 1729 5471 ad
1758 5399 2047 5471 sanitatem

465 5467 1017 5526 reduxithrahicos
1065 5471 1187 5525 illos
1245 5467 1447 5526 vocant
1499 5470 1863 5539 Augustinus,
1901 5467 2049 5526 Prae-

465 5539 871 5596 destiuatianus
903 5551 957 5597 et
988 5542 1272 5596 lsodorus.

539 5606 651 5689 (βό)
686 5609 758 5689 De
805 5611 1157 5689 Christolytis
1180 5610 1387 5689 βοείοι-
1407 5610 1597 5667 iisdem
1624 5609 1804 5689 verbis
1835 5609 2046 5669 scribit,

468 5679 667 5753 quibus
714 5679 1115 5753 Constantinus
1173 5682 1577 5753 Copronymus.
1633 5679 2046 5753 cujusutextum

470 5742 813 5822 Nicephorus
841 5742 1161 5811 CP.'recitat
1189 5742 1428 5806 Arithirf.
1461 5767 1499 5819 ι,
1518 5765 1637 5823 cap.
1671 5742 1759 5808 5'4.
1786 5749 2051 5807 Videntur

2153 5047 2315 5101 ambo
2350 5046 2465 5101 haec
2501 5047 2754 5105 hausisse
2822 5064 2885 5103 ex
2929 5050 3228 5108 vetustiore
3273 5063 3516 5111 auctore.
3568 5055 3731 5113 Chri-

2152 5120 2349 5188 stolyta
2376 5116 2823 5192 fuit_Stephanus
2859 5118 3132 5192 G_obarns,
3166 5124 3258 5192 qui
3308 5124 3586 5183 Christum
3623 5144 3729 5183 nou

2153 5197 2442 5263 venturum
2484 5188 2537 5263 in
2592 5202 2755 5263 carne
2785 5199 2843 5263 ut
2895 5190 3146 5263 homines
3185 5188 3419 5263 'judicet,
3454 5198 3551 5253 sed
3585 5199 3729 5253 nuda

2152 5257 2463 5330 divinitate,
2490 5258 2781 5330 docuisse_
2800 5258 2977 5315 fertur
3008 5257 3365 5330 apudfPhot.
3403 5257 3544 5321 'cod.
3597 5268 3728 5324 252.

2151 5328 2510 5406 Christolytze
2552 5328 3066 5406 erant‘ﬁutychiani
3104 5333 3202 5406 illi.
3244 5335 3336 5406 qui
3378 5337 3521 5406 apud
3552 5338 3731 5394 Theo-

2151 5398 2591 5472 doretum',_d_ial.
2615 5398 2670 5472 ἢ,
2722 5398 3025 5468 Christum,
3066 5398 3644 5472 posita-humanitate,
3679 5412 3730 5466 in

2151 5468 2351 5522 cmlnm
2394 5468 2599 5524 abiisse
2632 5468 2952 5525 faterentur.

2222 5537 2335 5614 (67)
2376 5539 2674 5614 Donatistae
2714 5539 2968 5596 Nestorio
3017 5542 3175 5614 longe
3212 5546 3542 5604 vetustiores
3576 5560 3725 5607 sunt.

2153 5609 2411 5687 solemne
2438 5610 2570 5679 ipsis
2613 5625 2721 5687 non
2746 5623 2864 5687 erat
2904 5620 3031 5687 ante
3069 5609 3471 5687 perceptionem
3513 5619 3729 5676 Eucha-

2158 5679 2329 5753 ristia;
2360 5693 2424 5753 os
2474 5681 2731 5753 martyris
2769 5679 3082 5753 cujuspiaui
3130 5679 3391 5743 osculari.
3452 5688 3564 5745 Hoc
3611 5692 3728 5745 sola

2158 5747 2366 5805 Lucilla
2401 5747 2634 5806 femina'
2658 5747 2964 5819 factitavit}
3007 5770 3128 5826 qua:
3156 5772 3278 5812 eum
3317 5775 3345 5812 a
3374 5759 3591 5817 Caecilio
3616 5760 3733 5814 dia-
