4014 6202
318 338 427 402 765

1502 340 1602 403 DE
1633 341 2089 405 H/ERESIBUS
2119 344 2372 406 LIBER.

3480 345 3587 411 786

318 450 519 520 Μαμὲδ
567 448 1064 520 ἐπονομαζόμενος,
1128 450 1189 514 ὃς
1222 453 1288 521 τῇ
1322 468 1380 504 τε
1412 451 1628 525 Παλαιᾷ
1672 453 1766 505 καὶ
1792 451 1908 517 Νέᾳ

2016 462 2193 519 vates,
2247 454 2459 511 Mamcd
2493 455 2754 521 nomine;
2790 456 2887 525 qui
2922 471 3047 510 cum
3083 456 3136 510 in
3168 456 3340 511 libros
3373 454 3587 514 Veteris

319 544 568 613 Διαθήκη
606 540 945 610 περιτυχὼν,
985 542 1191 610 ὁμοίως
1219 543 1382 613 δῆθεν
1444 542 1708 615 Ἀρειανῷ
1743 559 1913 613 προσο

319 635 589 706 ομιλήσας
618 634 836 704 μοναχῷ
864 642 914 697 1,
947 633 1084 688 ίδίαν
1112 636 1480 706 συνεστήσατο
1528 636 1760 705 αἵρεσιν.
1805 633 1913 685 Kal

323 727 599 797 προφάσει
628 726 687 777 τὸ
717 724 896 779 δοκεῖν
927 723 1239 789 θεοσεϐείας
1258 725 1319 778 τὸ
1347 725 1499 789 ἔθνος
1520 724 1912 794 εἰσποιησάμε-

320 833 434 878 νος,
458 815 518 878 ὲξ
546 814 781 886 οὐρανοῦ
816 814 1040 885 γραφὴν
1066 814 1463 885 κατενεχθῆναι
1490 815 1577 868 ἐπ’
1606 816 1766 867 αὑτὸν
1797 814 1911 867 δια-

323 907 562 977 θρυλλεῖ.
599 907 732 960 Τινά
754 903 848 961 οὖν
874 908 1230 977 συντάγματα
1259 908 1317 961 ὲν
1353 907 1433 978 τῷ
1460 909 1590 978 παρ’
1618 906 1781 960 αὐτοῦ
1826 905 1909 976 βι-

323 1000 456 1070 ὅλίῳ
477 1000 722 1071 χαράξας
750 999 990 1069 γέλωτος
1017 998 1166 1066 ἄξια,
1202 1000 1265 1053 τὸ
1301 1000 1464 1064 σέϐας
1498 1000 1685 1062 αὐτοῖς
1731 1016 1909 1069 παρα-

321 1091 529 1144 δίδωσι.

395 1270 560 1338 Λέγει
585 1268 681 1323 ’ἐνα
710 1267 845 1321 Θεὸν
871 1263 1010 1323 εἶναι
1033 1268 1263 1340 ποιητὴν
1287 1269 1396 1323 τῶν
1429 1270 1587 1334 ὅλων,
1626 1270 1762 1341 μήτε
1785 1286 1909 1338 γενο

324 1361 581 1433 νηθὲντα,
609 1363 747 1432 μήτε
770 1362 1161 1433 γεγεννηκότα,
1186 1363 1349 1432 Λέγει
1365 1363 1456 1415 τὸν
1474 1363 1709 1434 Χριστὸν
1736 1363 1909 1431 Λόγον

321 1448 467 1506 εῖναι
514 1452 606 1506 τοῦ
648 1450 809 1520 Θεοῦ,
868 1453 964 1506 καὶ
1007 1453 1225 1524 πνεῦμα
1270 1453 1461 1521 αὑτοῦ,
1490 1455 1785 1508 κτιστὸνδὲ
1815 1454 1909 1507 καὶ

322 1544 532 1608 δοῦλον,
569 1544 664 1597 καὶ
696 1545 778 1597 ὅτι
829 1545 893 1597 ὲκ
936 1544 1154 1614 Μαρίας
1207 1545 1306 1615 τῆς
1353 1545 1592 1617 ἀδελφῆς
1627 1545 1910 1609 Μωῦσέως

324 1637 422 1690 καὶ
482 1634 695 1705 Ἀαρὼν
742 1633 871 1688 ἄνευ
926 1636 1135 1705 σπορᾶς
1179 1635 1397 1705 ἐτέχθη.
1447 1636 1507 1689 '0
1556 1636 1667 1708 γὰρ
1713 1636 1905 1705 Λόγος,

323 1728 483 1799 φησι,
532 1729 628 1781 τοῦ
662 1727 821 1792 Θεοῦ,
881 1729 975 1782 καὶ
1011 1729 1074 1782 τὸ
1125 1730 1352 1809 Πνεῦμα
1407 1728 1656 1799 εἰσῆλθεν
1689 1732 1768 1792 εἰς
1807 1729 1907 1800 τὴν
1941 1790 1983 1848 Β

324 1822 549 1848 ..Ι-ΑΙ-..
608 1822 698 1848 ..-ι
733 1820 988 1848 ι.,ι......--
1023 1820 1114 1848 -λ..
1172 1820 1378 1848 ’1..--Πη
1427 1823 1711 1848 --.μυί-..υ
1756 1820 1880 1848 κ..--

321 1822 571 1892 Μαρίαν,
608 1822 703 1875 καὶ
733 1820 991 1890 ἐγέννησε
1023 1820 1114 1874 τὸν
1172 1820 1378 1892 Ἰησοῦν
1425 1823 1711 1893 προφήτην
1754 1820 1905 1887 ὄντα,

324 1911 420 1964 καὶ
443 1909 633 1963 δοῦλον
665 1908 758 1964 τοῦ
790 1910 948 1965 Θεοῦ.
976 1910 1087 1964 Kal
1115 1912 1197 1964 ὅτι
1225 1913 1274 1965 οἱ
1309 1912 1556 1966 Ἰουδαῖοι
1586 1912 1912 1982 παρανομή-

329 2021 525 2067 σαντες
546 2002 811 2073 ὲθέλησαν
842 2003 1007 2059 αὐτὸν
1048 2002 1385 2076 σταυρῶσαι,
1418 2004 1514 2058 καὶ
1537 2006 1912 2075 κρατήσαντες

327 2095 685 2167 ἐσταύρωσαν
738 2096 839 2167 τὴν
892 2094 1052 2149 σκιὰν
1094 2095 1295 2150 αὐτοῦ’
1327 2097 1489 2160 αὐτὸς
1519 2096 1575 2150 δὲ
1620 2096 1650 2147 6
1678 2096 1911 2166 Χριστὸς

324 2190 427 2242 οὐκ
458 2186 806 2259 ἐσταυρώθη,
846 2187 1033 2257 φησὶν,
1070 2184 1195 2240 οὔτε
1233 2186 1505 2243 ἀπέθανεν
1530 2204 1544 2219 ’
1574 2190 1603 2241 6
1631 2188 1741 2259 γὰρ
1777 2188 1909 2251 Θεὸς

327 2279 525 2334 ἐλαϐεν
559 2279 722 2332 αὐτὸν
754 2277 891 2349 πρὸς
917 2279 1111 2332 ἑαυτὸν
1144 2278 1225 2341 είς
1255 2278 1346 2331 τὸν
1372 2278 1602 2349 οὐρανὸν
1621 2280 1710 2332 διὰ
1730 2280 1792 2332 τὸ
1823 2296 1911 2348 φι-

328 2372 442 2425 λεῖν
472 2370 656 2426 αὐτόν.
694 2371 804 2424 Kal
826 2370 986 2423 τοῦτο
1015 2370 1163 2439 λέγει
1188 2411 1203 2436 ,
1232 2370 1336 2436 ὅτι,
1374 2371 1468 2425 τοῦ
1491 2372 1727 2442 Χριστοῦ
1757 2371 1910 2425 ἀνελ-

329 2460 518 2523 θόντος
550 2462 630 2524 εἰς
656 2460 783 2523 τοὺς
809 2460 1108 2532 οὐρανοὺς,
1141 2460 1500 2534 ἐπηρώτησεν
1534 2463 1694 2517 αὑτὸν
1721 2465 1750 2517 6
1779 2463 1915 2527 Θεὸς

327 2552 537 2621 λέγων·
565 2547 636 2605 ’Ὦ
676 2551 853 2622 Ἰησοῦ
879 2591 894 2616 ,
948 2554 1012 2607 σὺ
1050 2549 1234 2619 εἶπας,
1268 2555 1350 2608 ὅτι
1381 2564 1402 2591 ι
1433 2573 1452 2606 ‹
1494 2556 1622 2618 Υἱός
1653 2557 1769 2625 ειμι
1815 2556 1908 2610 τοῦ

327 2641 467 2695 Θεοῦ
490 2681 505 2705 ,
534 2642 628 2695 καὶ
655 2641 826 2706 Θεός;
862 2661 881 2694 ι
917 2644 1025 2697 Kal
1064 2644 1363 2714 ἀπεκρίθη,
1394 2647 1577 2716 φησὶν,
1606 2648 1634 2698 6
1674 2646 1907 2717 Ἰησοῦςο

333 2755 352 2786 ι
388 2733 573 2798 Ἵλεώς
628 2751 739 2803 μοι,
785 2734 988 2806 Κύριε*
1042 2735 1106 2788 σὺ
1137 2731 1287 2799 οἶδας
1332 2738 1416 2791 ὅτι
1450 2738 1550 2791 οὐκ
1587 2734 1762 2803 εἷπον,
1793 2741 1911 2794 οὐδὲ

329 2825 671 2895 ὑπερηφανῶ
701 2821 842 2878 εἶναι
864 2826 1050 2890 δοῦλός
1090 2843 1182 2880 σου
1210 2844 1225 2861 ο
1265 2828 1379 2880 ἀλλ’
1417 2829 1693 2900 ἄνθρωποι
1719 2831 1768 2884 οί
1802 2849 1910 2884 πα-

328 2918 566 2987 ραϐάται
615 2918 881 2991 ἔγραψαν,
917 2920 1000 2972 ὃτι
1053 2914 1209 2974 εἷπον
1237 2923 1326 2974 τὸν
1354 2923 1513 2991 λόγον
1545 2922 1769 2990 τοῦτον,
1821 2927 1914 2978 καὶ

324 3009 632 3079 ἐψεύσαντο
660 3012 777 3065 κατ’
812 3011 972 3083 ἐμοῦ,
1005 3012 1101 3066 καὶ
1141 3014 1249 3067 είσὶ
1288 3015 1718 3085 πεπλανημένοι.
1753 3034 1773 3067 ι
1806 3017 1913 3070 Kal

2013 544 2263 615 Novique
2288 546 2629 603 'l‘estamenti
2663 549 2971 614 incidisset,
3002 548 3206 604 habitis
3232 564 3355 603 cum
3382 548 3589 603 Ariano

2013 637 2249 704 quodam
2279 637 2548 692 monacho
2564 638 2875 707 colloquiis,
2906 640 3185 708 pr0priam
3222 647 3423 693 sectam
3457 655 3589 693 con-

2012 728 2173 782 didit.
2211 727 2351 783 Tum
2392 731 2689 784 conciliato
2730 730 2833 785 sibi
2890 731 3070 799 gentis
3117 729 3305 783 favore
3335 745 3431 798 per
3458 731 3589 785 reli-

2009 820 2190 892 gionis
2235 829 2290 875 et
2338 822 2563 891 pietatis
2597 822 2830 881 larvam,
2864 822 3071 889 scripta
3110 820 3219 875 sibi
3251 818 3432 873 delata
3466 836 3589 875 esse

2009 913 2078 968 de
2115 912 2278 975 coelo,
2330 913 2611 982 missaque
2656 927 2685 966 a
2728 913 2837 967 Deo
2887 911 3229 982 praedicavit.
3293 911 3584 976 Quocirca,

2009 1006 2257 1059 exaratis
2294 1006 2348 1060 in
2398 1006 2540 1061 libro
2582 1020 2683 1060 suo
2729 1003 3224 1058 lucubratiunculis
3251 1001 3586 1072 quibusdam

2008 1099 2124 1153 risu
2179 1098 2567 1169 dignissimis,
2626 1097 2774 1152 hunc
2833 1097 2943 1152 illis
2989 1095 3209 1151 colendi
3266 1095 3363 1149 Dei
3418 1094 3587 1148 ritum

2010 1190 2203 1245 tradit.

2082 1282 2263 1338 Unum
2303 1281 2475 1336 Deum
2511 1281 2664 1351 ponit
2698 1281 2941 1337 universi
3004 1289 3309 1343 auctorem,
3344 1281 3440 1351 qui
3487 1295 3589 1335 nec

2010 1376 2228 1445 genitus
2259 1375 2351 1437 sit,
2387 1388 2485 1428 nec
2523 1373 2773 1443 genuerit
2798 1370 2947 1441 (Sur.
2982 1372 3126 1441 2-4).
3167 1370 3448 1425 Christum
3491 1385 3590 1424 au-

2009 1481 2120 1526 tem
2148 1468 2238 1523 Dei
2272 1466 2515 1523 Verbum
2543 1481 2667 1522 esse
2712 1465 2868 1528 dicit,
2900 1465 3131 1535 ejusque
3183 1463 3461 1533 spiritum,
3494 1463 3589 1517 sed

2009 1570 2258 1618 creatum
2302 1569 2360 1615 et
2412 1574 2664 1625 servum,
2715 1575 2781 1614 ex
2834 1557 3005 1611 Maria
3045 1572 3236 1613 sorore
3284 1555 3487 1626 Moysis
3534 1560 3591 1609 et

2009 1655 2191 1712 Aaron
2234 1656 2353 1711 sine
2398 1652 2611 1709 semine
2667 1660 2880 1704 natum.
2927 1649 3162 1705 Verbum
3219 1648 3424 1717 quippe
3470 1646 3587 1709 Dei,

2012 1750 2214 1819 inquit,
2246 1763 2372 1803 cum
2410 1747 2465 1800 iu
2523 1744 2746 1798 Mariam
2792 1743 3120 1803 introiisset,
3152 1740 3341 1795 Jesum
3374 1738 3586 1810 genuit,

2010 1840 2104 1911 qui
2134 1838 2401 1909 propheta
2437 1843 2492 1890 et
2546 1833 2641 1889 Dei
2668 1848 2865 1889 servus
2914 1831 3034 1885 fuit.
3067 1828 3223 1884 Hunc
3253 1842 3378 1884 cum
3413 1825 3587 1880 Judaei

2012 1947 2110 2004 per
2142 1943 2420 1986 summum
2469 1925 2630 1981 nefas
2684 1925 2740 1979 in
2793 1938 3015 1978 crucem
3063 1935 3225 1991 agere
3254 1919 3587 1980 voluissent,

2011 2020 2634 2093 apprehendissentque,
2693 2014 2872 2085 ipsius
2935 2010 3156 2082 quidem
3218 2010 3471 2063 umbram
3508 2006 3592 2060 af-

2011 2111 2413 2170 ﬁxeruntcruci
2446 2108 2598 2179 (Sur.
2622 2108 2743 2176 5-4)
2767 2125 2781 2161 :
2802 2105 3061 2159 Christus
3089 2116 3219 2157 vero
3248 2114 3347 2155 nec
3369 2113 3590 2154 crucem

2010 2219 2112 2261 nec
2136 2212 2365 2257 mortem
2395 2199 2584 2255 subiit.
2614 2196 2749 2250 Eum
2769 2197 2973 2265 quippe
3002 2191 3163 2257 Deus,
3185 2190 3313 2260 quia
3334 2188 3436 2243 sibi
3458 2188 3587 2241 cha-

2012 2296 2266 2351 rissimus
2292 2301 2437 2353 erat.
2472 2289 2831 2345 transtulerat
2864 2289 2921 2341 in
2960 2285 3185 2340 etp-lum.
3238 2282 3377 2335 illud
3421 2280 3589 2334 etiam

2012 2393 2201 2441 narrat
2232 2384 2380 2454 (Sur.
2411 2382 2479 2450 4)
2502 2421 2515 2444 ,
2552 2381 2859 2444 Christum,
2897 2393 3021 2431 cum
3065 2378 3118 2430 in
3158 2374 3360 2429 caelum
3397 2383 3595 2425 ascen—

2012 2478 2205 2542 disset,
2237 2477 2637 2544 interrogatum
2676 2486 2705 2524 a
2740 2470 2850 2525 Deo
2883 2468 3079 2531 fuisse,
3115 2481 3245 2521 num
3272 2479 3331 2520 se
3366 2462 3462 2517 Dei
3493 2459 3590 2514 Fi-

2013 2571 2143 2625 lium
2174 2583 2298 2624 esse
2323 2566 2558 2621 dixisset
2586 2582 2600 2617 :
2625 2562 2816 2618 Jcsum
2853 2576 2985 2617 vero
3031 2561 3134 2613 hoc
3168 2557 3331 2612 modo
3361 2569 3591 2623 respon—

2011 2660 2160 2716 disse
2192 2679 2207 2715 ε
2245 2678 2263 2711 ι
2298 2658 2575 2728 Propitius
2608 2655 2741 2710 mihi
2766 2655 2868 2719 sis,
2898 2652 3147 2708 Domine.
3182 2650 3303 2707 Scis
3332 2665 3416 2701 uie
3446 2662 3590 2700 nun-

2012 2768 2176 2822 quam
2211 2751 2264 2804 id
2300 2752 2544 2804 locutum
2579 2762 2727 2810 esse,
2781 2760 2961 2814 neque
3008 2753 3157 2796 tuam
3202 2756 3289 2794 me
3346 2737 3591 2791 fastidire

2013 2844 2355 2900 servitutem.
2381 2841 2583 2895 Verum
2604 2839 2855 2893 homines
2875 2834 3107 2904 improbi
3138 2833 3242 2886 hoc
3275 2845 3361 2883 me
3383 2828 3592 2881 dixisse

2013 2935 2357 2991 mendaciter
2414 2933 2764 3001 scripserunt
2809 2935 3001 2984 contra
3042 2942 3148 2988 me,
3186 2937 3495 2993 magnoque
3535 2921 3590 2971 in

2013 3042 2203 3084 errore
2236 3034 2554 3080 versantur.
2590 3041 2608 3073 ι
2666 3021 2803 3075 Tum
2861 3019 3030 3075 Deum
3070 3017 3145 3071 illi
3187 3013 3588 3081 respondisse:

324 3101 628 3172 ἀπεκρίθη,
661 3103 756 3156 καί
781 3121 947 3174 φησιν
978 3104 1127 3175 αὐτῷ
1155 3108 1183 3159 6
1206 3106 1341 3169 Θεός
1361 3120 1374 3135 ·
1413 3124 1431 3158 ι
1469 3102 1599 3161 Οἶδα
1620 3107 1704 3160 ὅτι
1728 3108 1793 3161 σὺ
1814 3109 1914 3161 οὐκ

2021 3140 2042 3175 α
2081 3120 2221 3175 Novi
2274 3127 2326 3173 te
2362 3130 2673 3172 sermonem
2731 3114 2877 3167 hunc
2920 3110 3149 3165 minime
3202 3105 3524 3177 protulisse.
3566 3121 3586 3154 ι

325 3194 516 3263 ἔλεγες
540 3196 631 3250 τὸν
658 3196 816 3264 λόγον
849 3196 1061 3251 τοῦτον.
1108 3216 1128 3251 ι
1170 3199 1283 3253 Kal
1316 3199 1452 3253 ἄλλα
1480 3196 1650 3255 πολλὰ
1689 3217 1912 3272 τερατο-

324 3284 503 3353 λογῶν
527 3289 585 3339 ὲν
602 3289 668 3357 τῇ
693 3286 917 3360 τοιαύτη
948 3293 1236 3361 συγγραφῇ
1260 3291 1495 3358 γέλωτος
1532 3293 1677 3361 ἄξια,
1708 3294 1911 3364 ταύτην

326 3377 469 3446 πρὸς
516 3376 652 3430 Θεοῦ
696 3379 783 3432 ἐπ’
826 3379 991 3433 αὐτὸν
1038 3392 1065 3421 ει
1116 3383 1509 3453 κατενεχθῆναι
1552 3386 1903 3456 φρυάττεται.

339 3467 531 3538 Ἦμῶν
559 3469 617 3522 δὲ
648 3469 916 3539 λεγόντων
939 3487 952 3501 ·
984 3472 1095 3525 Kal
1118 3473 1203 3537 τίς
1236 3475 1385 3528 ἐστιν
1415 3477 1444 3529 ὁ
1469 3476 1780 3547 μαρτυρῶν,
1832 3478 1911 3529 ὅτι

326 3559 552 3630 γραφὴν
579 3558 729 3629 αὐτῷ
752 3560 983 3613 δέδωκεν
1002 3561 1029 3614 6
1055 3560 1220 3626 Θεός;
1248 3563 1341 3615 καὶ
1366 3562 1451 3626 τίς
1477 3564 1587 3617 τῶν
1615 3562 1913 3635 προφητῶν

327 3655 595 3725 προεῖπεν
623 3652 705 3705 ὅτι
727 3652 969 3716 τοιοῦτος
991 3653 1279 3707 ἀνίσταται
1311 3656 1595 3726 προφήτης
1621 3674 1635 3721 ;
1674 3658 1766 3710 καὶ
1795 3658 1912 3711 δια-

327 3743 645 3815 πορούντων
674 3743 884 3809 αὐτῶν,
932 3743 1007 3806 ὡς
1040 3744 1069 3796 6
1106 3745 1347 3816 Μωῡσῆς
1380 3744 1474 3799 τοῦ
1502 3746 1635 3800 Θεοῦ
1680 3748 1820 3801 κατὰ
1852 3748 1914 3801 τὸ

329 3834 465 3889 Σινά
500 3835 626 3905 ὅρος
654 3836 741 3911 ἐπ’
767 3834 942 3904 ὅψεως
973 3835 1173 3898 παντὸς
1194 3835 1288 3888 τοῦ
1319 3835 1473 3900 λαοῦ,
1505 3835 1525 3909 [
1551 3837 1576 3877 ι)
1602 3838 1660 3890 ὲν
1692 3838 1909 3910 νεφέλῃ,

333 3929 432 3981 καὶ
478 3927 635 3998 πυρὶ,
671 3928 764 3980 καὶ
789 3926 973 3995 γνόφῳ
994 3966 1009 3990 ,
1042 3926 1135 3980 καὶ
1167 3926 1363 4000 θυέλλῃ
1391 3927 1655 3996 φανέντος
1698 3928 1915 3993 ἐδέξατο

330 4021 425 4074 τὸν
459 4020 648 4089 νόμον.
694 4020 806 4072 Kal
833 4020 915 4072 ὅτι
965 4020 1167 4082 πάντες
1195 4020 1244 4072 οί
1278 4024 1573 4091 προφῆται,
1602 4019 1710 4074 ἀπὸ
1749 4021 1915 4073 Μωῦ-

335 4112 475 4175 σέως
497 4113 591 4165 καὶ
618 4111 855 4180 καθεξῆς
886 4111 1212 4182 ἀρξάμενοι,
1254 4113 1386 4183 περὶ
1419 4112 1521 4181 τῆς
1560 4111 1656 4164 τοῦ
1678 4111 1914 4182 Χριστοῦ

331 4204 642 4274 παρουσίας
689 4202 1123 4275 προηγόρευσαν,
1152 4203 1248 4256 καὶ
1282 4203 1364 4255 ὅτι
1410 4202 1542 4266 Θεὸς
1589 4205 1617 4256 6
1660 4203 1913 4275 Χριστὸς,

335 4297 431 4350 καὶ
459 4292 595 4349 Θεοῦ
638 4294 768 4357 Υίὸς
798 4292 1172 4364 σαρκούμενος
1202 4292 1356 4364 ἥξει,
1398 4292 1495 4347 καὶ
1535 4293 1916 4363 σταυρωθησό-

335 4405 524 4458 μενος,
558 4387 653 4441 καὶ
704 4386 955 4458 θνήσκων
1006 4396 1053 4450 ο,
1085 4387 1179 4439 καὶ
1217 4385 1683 4456 ἀναστησόμενοςο
1717 4386 1813 4439 καὶ
1837 4387 1918 4439 ὅτι

2014 3215 2133 3269 Alia
2169 3212 2399 3280 insuper
2430 3210 2599 3263 multa
2649 3213 2903 3277 portento
2950 3202 3148 3257 similia
3196 3202 3251 3255 in
3301 3200 3403 3253 hoc
3450 3197 3594 3250 libro

2014 3304 2474 3363 comminiscitur,
2509 3316 2574 3355 ac
2606 3300 2768 3368 plane
2802 3296 3059 3351 ridicula.
3096 3293 3211 3348 Hoc
3239 3290 3461 3360 quidem
3494 3303 3591 3342 vo-

2013 3399 2199 3453 lumen
2232 3410 2261 3449 a
2294 3393 2407 3447 Deo
2441 3392 2549 3448 sibi
2589 3391 2890 3445 demissum
2932 3386 3217 3456 gloriatur.
3250 3383 3361 3437 Nos
3388 3393 3516 3433 vero
3546 3376 3593 3431 si

2014 3487 2394 3546 sciscitemur,
2422 3496 2532 3553 quo
2559 3489 2699 3536 teste
2731 3480 2933 3533 librum
2968 3477 3060 3531 ille
3090 3490 3120 3529 a
3164 3474 3274 3529 Deo
3296 3468 3592 3540 acceperit,

2014 3580 2208 3651 quisve
2236 3575 2629 3646 prophetarum
2662 3569 2937 3642 ejusmodi
2974 3567 3293 3639 prophetam
3337 3575 3597 3619 exsurre-

2014 3679 2236 3725 cturum
2286 3664 2715 3737 pr:enuntiarit;
2779 3660 3166 3716 haesitantibus
3216 3656 3362 3717 illis,
3438 3652 3597 3721 112

2014 3761 2357 3832 reponimus,
2393 3756 2611 3825 Moysen
2646 3762 2778 3807 tunc
2807 3751 3089 3820 accepisse
3129 3750 3299 3817 legem
3326 3747 3380 3800 in
3416 3751 3600 3832 monte
3636 3733 3643 3741 ’

2017 3831 2172 3917 Sina,
2204 3865 2329 3904 cum
2369 3847 2535 3911 Deus,
2571 3844 2835 3898 universo
2870 3840 3071 3911 populo
3107 3837 3480 3906 conspiciente
3517 3831 3597 3904 [in

2016 3945 2185 4006 nube,
2241 3942 2386 4012 igne,
2420 3937 2695 4007 caligine,
2743 3942 2799 3988 et
2839 3931 3083 4002 procella
3111 3920 3188 3985 se
3242 3925 3595 3981 manifestum

2017 4035 2305 4108 praeberet,
2339 4039 2503 4099 atque
2527 4041 2721 4082 omnes
2755 4023 3075 4096 prophetas,
3095 4036 3124 4074 a
3147 4020 3330 4089 Moyse
3357 4024 3411 4073 et
3440 4016 3599 4071 deiu-

2016 4143 2144 4197 ceps
2163 4124 2456 4179 adventum
2485 4119 2693 4176 Christi
2712 4117 2806 4172 diu
2831 4126 2955 4169 ante
2984 4113 3334 4185 praedixisse,
3356 4112 3601 4178 itemque

2017 4220 2300 4276 Christum
2355 4215 2562 4275 Deum,
2613 4211 2819 4281 Deique
2872 4207 3068 4263 Filium
3093 4212 3374 4275 assumpta
3433 4215 3601 4257 carne

2017 4318 2339 4371 venturum,
2376 4307 2431 4360 in
2458 4317 2681 4359 crucem
2716 4308 2903 4355 actum
2955 4298 3046 4364 iri,
3090 4296 3422 4351 moriturum
3454 4306 3599 4356 esse,

2021 4412 2075 4456 et
2104 4416 2134 4455 a
2175 4398 2411 4455 mortuis
2446 4402 2917 4457 resurrecturum,
2952 4389 3317 4458 eumdemque
3352 4386 3598 4440 futurum

331 4482 532 4555 κριτὴς
587 4475 743 4545 οὗτος
795 4479 1013 4547 ζώντων
1062 4481 1159 4534 καὶ
1206 4478 1417 4550 νεκρῶν
1441 4495 1455 4510 ·
1509 4478 1603 4532 καὶ
1656 4478 1914 4548 λεγόντων

2027 4494 2276 4548 vivorum
2316 4496 2370 4543 et
2413 4494 2761 4541 mortuorum
2809 4482 3075 4553 judicem.
3125 4479 3211 4533 Ab
3256 4478 3344 4532 his
3380 4489 3511 4545 ergo
3554 4472 3601 4528 si

333 4579 367 4648 ἡ
376 4576 519 4647 μῶν,
542 4576 666 4639 [Ιῶς
685 4574 782 4646 οὐχ
811 4573 984 4638 οὕτως
1004 4569 1167 4646 ἦλθεν
1186 4575 1214 4627 6
1237 4572 1522 4644 προφήτης
1553 4571 1728 4643 ὑμῶν,
1746 4572 1923 4627 ἀλλων

337 4668 765 4740 μαρτυρούντων
808 4668 937 4738 περ).
968 4666 1135 4720 αὐτοῦ
1162 4705 1178 4729 ,
1217 4666 1339 4719 οὐδὲ
1371 4667 1652 4737 παρόντων
1675 4665 1852 4736 ὑμῶν,
1895 4667 1924 4720 6

333 4758 493 4822 Θεὸς,
516 4757 589 4821 ὡς
617 4758 696 4827 τῷ
735 4758 959 4811 Μωῦσεῖ
1007 4757 1295 4828 βλέποντος
1320 4756 1415 4811 τοῦ
1453 4756 1606 4825 λαοῦ,
1660 4758 1919 4824 καπνιζο-

339 4852 506 4920 μένου
536 4851 699 4921 ὅρους
718 4850 918 4903 δέδωκε
959 4852 1051 4903 τὸν
1079 4850 1262 4920 νόμον,
1295 4851 1531 4921 κάκείνῳ
1559 4851 1660 4923 τὴν
1680 4853 1919 4924 γραφὴν,

334 4945 410 5012 ἦν
437 4959 593 5010 φατε,
625 4943 924 5013 παρέσχεν,
971 4943 1056 4995 ἵνα
1086 4943 1179 4996 καὶ
1213 4944 1372 5012 ὑμεῖς
1392 4942 1453 4996 τὸ
1485 4942 1700 5013 βέϐαιον
1725 4944 1918 5017 ἔχητες

336 5034 753 5105 ἀποκρίνονται,
788 5035 871 5088 ὅτι
895 5037 924 5088 6
967 5034 1098 5099 Θεὸς
1122 5036 1222 5088 ὅσα
1255 5034 1398 5089 θέλει
1432 5038 1596 5089 ποιεῖ.
1629 5036 1801 5090 Τοῦτο
1831 5040 1925 5092 καὶ

2032 4597 2369 4654 quaeramus,
2405 4578 2519 4633 Cur
2552 4593 2662 4632 non
2718 4576 2823 4630 hoc
2872 4573 3036 4629 modo
3067 4571 3279 4629 venerit
3335 4566 3601 4639 propheta

2029 4685 2233 4737 vester,
2262 4672 2388 4727 aliis
2429 4670 2533 4740 ipsi
2564 4668 2939 4724 testimonium
2974 4660 3423 4734 perhibentibus;
3464 4655 3601 4724 quin

2031 4784 2134 4823 nec
2154 4766 2311 4821 vobis
2341 4763 2564 4834 quidem
2618 4759 2994 4821 cernentibus,
3038 4757 3182 4811 Deus
3207 4752 3373 4809 veluti
3409 4748 3600 4819 Moysi,

2029 4863 2318 4931 spectante
2348 4853 2550 4926 populo
2583 4861 2637 4906 et
2686 4860 2870 4904 monte
2932 4849 3253 4918 l‘umigante,
3297 4845 3467 4912 legem
3502 4839 3601 4931 de-

2028 4929 2205 5013 derat,
2248 4950 2328 5003 sic
2365 4948 2442 5001 illi
2488 4945 2717 5012 scripta,
2755 4959 2877 5012 qua:
2926 4935 3392 4995 commemoratis,
3424 4929 3602 4986 tradi-

2032 5042 2195 5108 derit,
2239 5048 2299 5095 ut
2331 5053 2428 5093 vos
2477 5036 2554 5091 rei
2584 5040 2755 5105 gesta:
2794 5032 3066 5088 certiores
3097 5025 3345 5085 essetis?
3370 5036 3602 5093 respon-

1634 5175 1863 5233 VARIxE
1904 5177 2311 5235 LECTIONES.

414 5351 444 5391 Υ
474 5340 608 5398 Cod.
654 5342 718 5395 Β.
752 5340 896 5396 2508
927 5340 984 5402 ὃς
1013 5337 1345 5409 περιτυχὼν
1373 5336 1667 5409 Ἑϐραίοις,
1698 5338 1793 5391 καὶ
1822 5340 2172 5408 Χριστιανοῖς
2192 5339 2373 5409 δῆθεν.
2407 5341 2499 5393 καὶ
2546 5335 3013 5409 ’Λρειανοῖςηκαὶ-
3030 5332 3431 5409 Νεστοριανοῖς,
3470 5343 3611 5409 παντ-

335 5397 571 5483 ταχόθεν
625 5412 684 5466 ἓν
716 5397 1190 5483 ἀρυσάμενι)ς,ἰὶ‹ξ⁵,Δ
1213 5397 1492 5483 ’διουδα-ίων
1522 5397 1992 5483 μὲνῖμοναρχίίαν,
2021 5411 2080 5474 ἐξ
2115 5397 2433 5483 ’Ᾱρεὶανῶνγ
2454 5409 2511 5483 δὲ
2538 5397 2711 5483 Λόγον
2746 5397 3101 5483 καῖ’-[[νεῦμα
3132 5397 3351 5483 κτέστά·
3544 5397 3603 5452 δὲ

339 5468 725 5552 Νέστοριανῶν
745 5468 1281 5552 ἀνθρώπολατρείαν.
1319 5479 1413 5529 καὶ
1443 5468 1622 5552 ἑαυτῷ
1654 5468 1951 5552 θρησκείαν
1980 5468 2370 5550 περιποιεῖται.
2394 5480 2503 5531 Kal
2522 5468 2804 5552 atpocpdtcu
2819 5476 3005 5552 ’δῆθενῆ
3021 5468 3336 5552 θεοσεβείας
3368 5469 3428 5520 τὸ
3449 5468 3605 5549 ἔθνος

340 5547 801 5631 εἰσποιησάμενος
831 5547 1241 5631 τῇητενὶπαλιαιιξ,
1276 5563 1397 5631 qua:
1418 5547 2070 5631 adscitit‘iacsselectgr'
2102 5566 2260 5617 sagax
2294 5547 2674 5631 perserttiscet.

342 5602 705 5692 321.135.;
723 5602 953 5692 ’ἐᾶυτὶᾷῡζ
988 5618 1054 5672 Β.
1085 5602 1224 5692 2508

343 5770 407 5819 et
436 5771 539 5820 vet.
577 5764 767 5821 transl.
845 5773 867 5803 θ
899 5762 966 5817 R.
998 5759 1141 5815 2508
1168 5757 1553 5826 τεθνηξόμενός
1582 5774 1661 5812 τε.

2759 5555 2780 5582 ι
2819 5539 3050 5598 Ιίζθὶίἱοὸ
3075 5544 3166 5595 τὸν
3196 5540 3354 5606 λόγον
3389 5539 3599 5601 τοῦτον,

1275 5617 1474 5685 ἐαυτῷ.
1499 5618 1615 5687 Alii
1640 5618 1724 5669 ἐπ’
1750 5620 1932 5672 αὐτόν.
1989 5618 2080 5674 Sic
2113 5616 2270 5673 vetus
2294 5615 2563 5687 interpres
2602 5616 2753 5669 IIanc
2792 5616 2991 5687 scilicet
3045 5615 3602 5687 scripturam,‘q.uum

342 5694 486 5746 dixit
518 5686 776 5756 Alcoran,
806 5709 839 5745 a
878 5691 984 5743 Deo
1021 5704 1174 5752 super
1208 5688 1376 5753 ipsum
1395 5686 1724 5741 descendisse
1748 5689 1947 5757 jactat.

2026 5691 2053 5731 δ
2086 5689 2210 5745 “CCC
2261 5706 2382 5760 qua:
2426 5676 2644 5745 uncinis
2696 5686 3031 5742 clauduntur
3083 5676 3283 5741 desunt
3323 5680 3376 5733 iu
3409 5678 3441 5731 “2
3469 5676 3598 5748 Reg.
