4014 6202
369 266 476 329 761

1548 264 1608 325 S.
1650 255 1970 326 JOANNIS
1993 257 2427 326 DAMASCENI

3543 264 3667 329 768

369 385 502 440 dent
536 382 706 439 Deum
745 381 930 440 facere
951 399 1075 456 quae
1100 383 1204 456 ipsi
1231 381 1553 438 allubuerit.
1594 381 1648 438 ld
1681 383 1828 453 quod
1855 398 1955 438 nos

2079 384 2243 453 ipeic,
2273 383 2474 454 φαμὲν,
2509 382 2734 454 οἴδαμεν
2754 397 2769 412 ο
2793 381 2912 436 ἀλλ’
2937 380 3138 452 ὅπωςὴ
3169 380 3355 452 γραφὴ
3375 382 3670 453 κατῆλθεν

371 492 594 546 «μιοιιυε
617 478 865 548 proliteri
893 477 1136 535 dicimus
1167 498 1180 534 :
1216 478 1313 534 sed
1349 493 1456 548 qua
1492 476 1712 531 tandem
1749 479 1959 533 ratione

370 570 647 639 scriptura
700 569 802 624 ista
833 569 900 624 ad
937 570 1261 639 prophetam
1307 576 1554 624 vestrum
1586 567 1828 623 demissa
1863 568 1956 633 sit,

372 662 478 718 hoc
521 676 808 732 rogamus.
845 661 1201 731 Respondent
1244 675 1364 716 eam
1397 676 1566 731 super
1598 660 1751 715 illum
1807 675 1958 716 som-

371 770 446 810 no
490 756 873 826 quiescentem
900 756 1179 826 delapsam
1213 770 1359 811 esse.
1402 755 1540 808 Tum
1575 770 1678 809 nos
1706 754 1960 823 iocosum

372 846 477 901 hoc
515 847 596 902 eis
638 847 967 916 obiicimus:
995 846 1464 917 Quandoquidem
1497 846 1832 915 scripturam
1865 861 1956 900 ex-

372 938 520 1006 cepit
567 938 874 1001 dormiens,
915 953 1017 992 nec
1064 936 1235 994 divini
1295 935 1445 992 illius
1476 936 1778 1006 quidquam
1811 935 1962 990 ama-

374 1036 466 1084 tus
499 1029 700 1096 sensit,
752 1029 808 1084 in
861 1028 1043 1098 ipsum
1074 1039 1222 1084 recte
1253 1029 1403 1083 cadit
1433 1027 1627 1082 tritum
1667 1027 1805 1082 illud
1830 1027 1962 1082 ada-

372 1119 521 1189 gium
562 1119 676 1190 “‘.]

444 1211 689 1268 Rursum
747 1213 879 1269 dum
913 1211 1240 1282 quaerimus,
1277 1211 1548 1275 Curnam,
1589 1225 1717 1266 cum
1751 1210 1869 1280 ipse
1905 1208 1962 1263 in

373 1307 652 1376 scriptura
676 1315 860 1362 vestra
889 1303 1038 1375 (Sur.
1066 1303 1182 1374 4-5)
1199 1304 1458 1367 vetuerit,
1482 1318 1550 1357 ne
1578 1301 1708 1372 quid
1735 1303 1963 1356 remotis

375 1399 604 1453 arbitris
622 1398 863 1468 ageretis
884 1404 980 1450 aut
1014 1396 1368 1466 acciperetis,
1395 1396 1465 1450 ab
1493 1395 1615 1465 ipso
1639 1401 1821 1449 tamen
1852 1409 1964 1450 non

374 1491 640 1560 petiistis,
679 1501 740 1545 ut
770 1492 1011 1561 primum
1042 1498 1215 1547 testes
1246 1491 1601 1560 produceret,
1639 1490 1732 1559 qui
1779 1490 1961 1557 ipsum

375 1594 430 1636 et
463 1583 785 1653 prophetam
819 1597 946 1638 esse
972 1582 1424 1652 pronuntiarent,
1462 1590 1627 1650 atque
1653 1596 1682 1634 a
1727 1580 1835 1636 Deo
1873 1596 1965 1636 ve-

374 1675 565 1741 nisse;
599 1684 767 1744 utque
794 1675 1017 1730 demum
1041 1674 1284 1737 doceret,
1307 1688 1560 1742 quaenam
1586 1672 1875 1743 Scriptura
1897 1672 1964 1727 de

2062 477 2142 538 εἰς
2168 475 2260 528 τὸν
2284 476 2568 546 προφήτην
2606 475 2785 544 ὑμῶν,
2821 473 3140 546 ἐρωτῶμεν.
3182 474 3294 527 Καὶ
3323 474 3668 545 ἀποκρίνον-

2060 585 2173 632 ται,
2206 569 2291 622 ὅτι
2333 569 2392 620 ὲν
2419 569 2528 638 ὅσῳ
2571 570 2854 638 κοιμᾶται,
2905 567 3113 638 κατέϐη
3153 568 3188 639 ἡ
3222 569 3415 640 γραφὴ
3466 569 3668 622 ἐπάνω

2061 660 2254 716 αὐτοῦ.
2286 661 2399 714 Καὶ
2425 660 2486 714 τὸ
2505 661 2795 730 γελοιῶδες
2817 659 2957 731 πρὸς
2984 660 3183 723 αὐτοὺς
3203 659 3437 731 λέγομεν
3463 662 3662 731 ἡμεῖς’

2059 755 2144 808 δτι
2177 754 2363 808 λοιπὸν
2389 753 2578 826 ἐπειδὴ
2606 755 2955 825 κοιμώμενος
2997 750 3220 817 ἐδέξατο
3263 753 3363 824 τὴν
3405 753 3658 823 γραφὴν,

2063 849 2158 902 καὶ⁸
2180 849 2283 902 οὐκ
2312 847 2512 919 ᾔσθετο
2552 848 2653 918 τῆς
2686 845 2989 917 ἐνεργείας,
3031 846 3114 909 είς
3155 845 3322 902 αὐτὸν
3354 845 3662 918 ἐπληρώθη

2063 940 2126 993 τὸ
2157 941 2255 1011 τῆς
2285 939 2568 1010 δημώδους
2603 938 2902 1012 παροιμίας
2934 936 2986 992 ἀ.
3027 978 3044 993 ι
3075 978 3090 991 .
3131 977 3145 991 .
3171 937 3192 1010 1

2141 1204 2314 1260 Πάλιν
2336 1205 2496 1276 ἡμῶν
2520 1205 2850 1276 ἐρωτώντων
2871 1219 2885 1235 ·
2914 1205 3038 1268 Πῶς
3075 1203 3244 1258 αὑτοῦ
3273 1205 3659 1276 ἐντειλαμένου

2067 1299 2203 1369 ἡμῖν
2225 1299 2283 1352 ὲν
2311 1302 2378 1370 τῇ
2426 1300 2615 1370 γραφῇ
2650 1297 2828 1370 ὑμῶν,
2882 1298 3052 1368 μηδὲν
3094 1300 3294 1362 ποιεῖν,
3337 1299 3370 1368 ἢ
3401 1299 3657 1369 δέχεσθαι

2067 1393 2198 1448 ἄνευ
2239 1392 2565 1464 μαρτύρων,
2588 1393 2688 1445 οὒκ
2717 1392 3041 1462 ἠρωτήσατε
3085 1390 3283 1455 αὐτὸν,
3311 1392 3394 1444 ὅτι
3431 1392 3660 1462 Πρῶτον

2069 1485 2230 1548 αὐτὸς
2258 1485 2543 1549 ἀπόδειξον
2568 1484 2659 1538 διὰ
2695 1483 3012 1554 μαρτύριον,
3035 1483 3118 1536 ὅτι
3149 1484 3435 1554 προφήτης
3463 1480 3532 1550 εί,
3563 1486 3658 1540 καὶ

2069 1576 2154 1630 ὅτι
2179 1575 2287 1630 ἀπὸ
2305 1575 2442 1630 Θεοῦ
2472 1573 2714 1646 ἐξῆλθες,
2739 1576 2836 1629 καὶ
2858 1574 2988 1628 ποία
3017 1574 3204 1644 γραφὴ
3234 1576 3501 1646 μαρτυρεῖ
3527 1576 3656 1646 περὶ

2073 1669 2203 1734 σοῦ;
2247 1667 2528 1723 σιωπῶσιν
2560 1668 2893 1737 αἰδούμενοι.
2953 1667 3172 1739 Ἐπειδὴ
3206 1668 3444 1736 γυναῖκα
3483 1668 3659 1738 γῆμαι

373 1780 435 1821 se
481 1734 860 1821 testimnnium
904 1766 1138 1820 tulerit?
1168 1774 1303 1818 tunc
1345 1779 1459 1834 prae
1512 1734 1730 1834 pudore
1776 1763 1959 1820 silent.

2079 1760 2170 1813 nux
2214 1759 2426 1826 ἔξεστιν
2470 1761 2598 1830 ὑμῖν
2630 1734 2759 1814 ἄνευ
2797 1757 3131 1831 μαρτύρων,
3161 1734 3296 1814 ἰούδὲ
3340 1734 3659 1831 ἀγοράζειν,

373 1855 588 1922 Quibus
621 1857 820 1912 merito
844 1857 1236 1926 subiungimus
1267 1873 1280 1910 :
1306 1855 1583 1920 Quoniam
1609 1871 1712 1911 nec
1734 1870 1964 1910 uxorem

371 1948 578 2004 ducere
612 1951 770 2005 vobis
810 1950 1022 2020 absque
1046 1949 1284 2005 testibus
1313 1949 1467 2015 licet,
1502 1963 1606 2004 nec
1631 1963 1838 2015 emere,
1863 1963 1967 2006 nec

374 2039 686 2108 acquirere,
711 2039 787 2093 ita
818 2048 878 2094 ut
905 2055 975 2096 ne
998 2039 1219 2095 asinum
1255 2037 1502 2108 quidem,
1537 2055 1718 2108 neque
1745 2039 1970 2109 iumen-

373 2137 489 2182 tum
533 2130 648 2184 ﬁeri
680 2139 924 2186 vestrum
963 2131 1084 2186 sine
1114 2131 1355 2186 testibus
1391 2132 1717 2188 Sustineatis
1755 2149 1769 2186 :
1811 2145 1966 2185 cum-

374 2236 484 2289 que
521 2237 744 2288 uxores,
780 2223 1166 2292 possessiones
1195 2231 1250 2278 et
1285 2222 1500 2292 reliqua
1538 2222 1786 2278 testibus
1806 2223 1967 2276 adhi-

374 2313 507 2368 bitis
530 2315 884 2382 comparetis,
911 2315 1084 2370 solam
1124 2315 1282 2370 [idem
1329 2314 1694 2370 nihilominus
1718 2321 1773 2369 et
1835 2317 1968 2370 scri-

376 2414 596 2474 pturam
633 2407 786 2462 nullo
831 2415 973 2461 teste
1025 2407 1354 2476 suscipitis?
1382 2405 1519 2460 Nam
1537 2405 1632 2475 qui
1661 2406 1820 2461 vobis
1845 2420 1966 2460 eam

374 2494 633 2556 tradidit,
677 2495 827 2550 nulla
862 2504 1016 2566 parte
1043 2496 1433 2551 certitudinem
1458 2495 1646 2550 habet.
1679 2510 1783 2550 nec
1812 2496 1970 2566 quis-

376 2595 541 2650 quam
559 2582 652 2652 qui
684 2590 811 2638 ante
836 2584 910 2639 sit
928 2583 1258 2640 teetiticatus
1285 2584 1538 2649 exsistit:
1567 2584 1818 2654 quinimo
1842 2600 1968 2640 cum

377 2673 472 2728 ille
496 2687 802 2744 oppressus
853 2691 1050 2732 somno
1077 2677 1313 2746 iaceret,
1349 2693 1471 2732 eam
1505 2677 1740 2747 accepit.
1778 2676 1886 2733 Sed
1916 2685 1972 2732 et

379 2781 482 2822 nos
528 2767 868 2840 ἑταιριστάς,
921 2770 1090 2838 idest,
1140 2769 1465 2832 Sociatores,
1503 2769 1809 2840 appellant,
1841 2770 1970 2840 quia

379 2859 595 2914 socium
623 2860 884 2940 inquiunt
912 2877 1014 2918 nos
1048 2862 1158 2918 Deo
1190 2863 1514 2934 adiungere,
1548 2861 1786 2918 dicendo
1807 2860 1971 2916 Chri-

381 2959 527 3008 stum
548 2968 673 3008 esse
699 2953 791 3008 Dei
817 2953 1044 3018 Filium,
1061 2971 1124 3011 ac
1156 2957 1346 3012 Deum.
1376 2954 1592 3021 Quibus
1616 2969 1716 3010 nos
1740 2970 1974 3024 respon-

2067 1850 2190 1904 οὐδὲ
2212 1851 2470 1912 κτᾶσθαι,
2503 1849 2630 1905 οὔτε
2651 1851 2709 1905 δὲ
2746 1852 2906 1922 ὑμεῖς
2930 1851 3084 1905 αὐτοὶ
3120 1851 3484 1923 καταδέχεσθε
3513 1853 3660 1918 όνον,

2069 1943 2106 2013 ἢ
2143 1943 2341 2013 κτῆνος
2381 1944 2700 2015 ἀμάρτυρον
2728 1943 2873 2013 ἔχειν
2893 1959 2908 1974 ο
2952 1942 3101 2015 ἔχετε
3128 1943 3227 2013 μὲν
3249 1945 3343 1999 καὶ
3362 1945 3658 2013 γυναῖκας,

2067 2038 2164 2091 καὶ
2189 2036 2463 2107 κτήματα,
2498 2041 2589 2091 καὶ
2610 2037 2786 2103 ὅνους,
2812 2037 2909 2091 καὶ
2934 2037 3006 2091 τά
3023 2036 3182 2090 λοιπά
3203 2036 3292 2091 διὰ
3324 2039 3649 2109 μαρτύρων,

2071 2127 2244 2198 μόνην
2295 2128 2355 2181 δὲ
2389 2127 2735 2191 πίστιν,,καὶ
2768 2127 2988 2198 γραφὴν
3029 2125 3339 2197 ἀμάρτυρον
3384 2127 3568 2196 ἔχετε·
3621 2129 3653 2181 ὁ

2067 2219 2178 2288 γὰρ
2202 2219 2408 2291 ταύτην
2431 2220 2561 2289 ὑμῖν
2583 2219 2860 2291 παραδοὺς
2888 2217 3185 2286 οὐδαμόθεν
3202 2216 3315 2286 ἔχει
3334 2217 3395 2270 τδ
3413 2217 3657 2286 βέϐαιον,

2067 2307 2191 2362 οὐδὲ
2225 2325 2308 2371 τις
2333 2308 2664 2379 προμάρτυρ
2692 2319 2716 2347 θ
2750 2307 2964 2360 ἐκείνου
2999 2305 3345 2376 γνωρίζεται,
3388 2305 3525 2358 ἀ).λά
3565 2307 3665 2360 καὶ

2069 2399 2416 2470 κοιμώμενος
2445 2400 2662 2464 ἐδέξατο
2688 2399 2914 2470 ταύτην.
2940 2397 3181 2452 Καλοῦσι
3203 2396 3262 2450 δὲ
3284 2398 3434 2468 ἡμᾶς
3473 2396 3660 2451 Ἑται-

2063 2492 2324 2560 ριαστὰς
2365 2491 2420 2558 ί,
2452 2492 2556 2558 δτι,
2588 2493 2743 2563 φησι,
2785 2493 3000 2563 ἑταῖρον
3038 2489 3117 2561 τῷ
3167 2489 3288 2560 Θεῷ
3333 2490 3667 2561 παρεισάγο-

2075 2601 2198 2654 μεν,
2225 2583 2478 2652 λέγοντες
2510 2580 2653 2638 εἶναι
2679 2583 2770 2636 τὸν
2801 2582 3038 2654 Χριστὸν
3071 2583 3200 2637 Υῐδν
3225 2582 3362 2637 Θεοῦ
3391 2582 3485 2636 καὶ
3509 2581 3664 2636 Θεόν.

2073 2675 2216 2746 Πρὸς
2242 2675 2339 2739 οῦς
2374 2692 2577 2746 φαμεν.
2611 2676 2693 2730 ὃτι
2716 2676 2878 2730 τοῦτο
2907 2677 2957 2730 οἱ
2983 2676 3264 2748 προφῆται
3294 2676 3389 2730 καὶ
3415 2676 3447 2746 ή
3474 2675 3664 2748 Γραφῇ

2073 2769 2460 2841 παραδέδωκεν
2482 2786 2495 2798 ·
2542 2769 2704 2839 ὑμεῖς
2730 2770 2787 2823 δὲ
2815 2773 2892 2834 ώς
2923 2770 3266 2842 ἰσχυρίζεσθε
3297 2773 3425 2834 τοὺς
3453 2772 3669 2841 προφή-

2073 2878 2175 2926 τας
2205 2861 2450 2933 δέχεσθε.
2483 2862 2547 2916 Et
2567 2858 2662 2916 οῦν
2687 2863 2876 2926 κακῶς
2899 2863 3132 2934 λέγομεν
3152 2863 3245 2918 τὸν
3274 2863 3516 2934 Χριστὸν
3532 2861 3666 2916 Θεοῦ

2078 2954 2230 3019 Υίδν,
2282 2955 2529 3007 κάκεῖνοι
2584 2955 2836 3020 ἐδίδαξαν
2866 2956 2961 3009 καὶ
3013 2955 3346 3028 παρέδωκαν
3374 2956 3526 3026 ἡμῖν.
3559 2954 3670 3008 Καί

381 3047 607 3106 demus,
642 3043 748 3100 hoc
778 3059 807 3097 a
850 3045 1132 3116 pr0phetis
1162 3053 1216 3101 et
1261 3061 1421 3103 sacra
1477 3043 1764 3116 Scriptura
1799 3045 1970 3101 tradi-

2079 3065 2224 3111 τινες
2259 3047 2358 3117 μὲν
2387 3047 2571 3103 αὐτῶν
2596 3065 2782 3117 φασιν,
2813 3048 2894 3101 ὅτι
2923 3049 3086 3118 ἡμεῖς
3111 3048 3240 3111 τοὺς
3259 3049 3549 3119 προφήτας
3569 3047 3670 3100 ἀ).-

381 3141 497 3187 tnm
531 3150 677 3192 esse.
708 3136 874 3206 Atqui
905 3154 1004 3195 vos
1046 3139 1347 3210 prophetas
1391 3139 1641 3209 recipere
1689 3154 1970 3196 assevera-

2079 3140 2488 3212 ληγορήσαντες
2518 3137 2746 3193 τοιαῦτα
2769 3139 3259 3212 προστεθείκαμεν.
3295 3140 3481 3193 Ἀλλοι
3505 3139 3670 3208 φασὶν

382 3227 476 3282 tis.
508 3226 564 3281 Si
621 3231 811 3296 itaque
845 3229 1130 3286 Christum
1163 3231 1257 3286 Dei
1284 3230 1481 3286 Filium
1512 3247 1798 3303 perperam
1831 3247 1970 3287 con-

2079 3232 2160 3286 δτι
2187 3233 2236 3286 oi
2280 3232 2527 3304 Ἑϐραῖοι
2561 3231 2850 3303 μισοῦντες
2895 3233 3042 3302 ἡμᾶς
3073 3231 3410 3302 ὲπλάνησαν,
3450 3231 3526 3294 ώς
3560 3230 3671 3284 ἀπὸ

385 3318 624 3384 litemur,
659 3321 709 3374 id
747 3321 850 3390 ipsi
901 3337 1002 3377 nos
1038 3323 1374 3386 docuerunt,
1399 3323 1676 3392 nobisque
1711 3323 1970 3379 tradide-

2079 3325 2186 3380 τῶν
2223 3324 2522 3396 προφητῶν
2542 3323 2874 3396 γράψαντες,
2909 3322 2998 3376 ἵνα
3043 3325 3208 3395 ἡμεῖς
3240 3321 3596 3394 ἀπολώμεθα.

382 3415 533 3466 runt.
575 3408 750 3466 Porro
778 3413 1028 3466 nonnulli
1061 3413 1283 3484 quidem
1308 3430 1372 3470 ex
1399 3415 1499 3483 eis,
1541 3432 1644 3471 nos
1684 3416 1801 3471 haec
1845 3418 2128 3487 prophetis
2165 3419 2436 3489 adiecisse
2507 3420 2690 3486 aiunt,
2727 3434 2825 3474 eos
2893 3419 3005 3474 alio
3069 3433 3237 3474 sensu
3306 3426 3361 3474 et
3396 3433 3495 3488 per
3532 3419 3676 3474 allc-
3763 3465 3771 3472 .

385 3499 571 3568 gorias
595 3501 944 3570 exponendo.
973 3503 1078 3557 Alii
1132 3503 1389 3560 inductos
1420 3504 1474 3559 in
1502 3520 1748 3560 errorem
1783 3505 1976 3561 dicunt
2013 3507 2084 3562 ab
2116 3508 2379 3575 llebmis,
2406 3521 2518 3578 quo
2551 3508 2848 3563 adversum
2882 3521 2984 3564 nos
3053 3507 3182 3563 odio
3239 3508 3439 3579 perciti
3504 3500 3669 3562 sunt;

385 3599 446 3646 ut
478 3592 592 3646 lure
632 3593 1025 3664 prophetarum
1059 3595 1284 3651 nomine
1315 3597 1662 3667 scripserint,
1687 3599 1894 3669 quibus
1919 3598 1973 3654 in
2013 3601 2302 3655 interitum
2341 3602 2716 3657 traheremur.

459 3681 616 3752 113
650 3681 868 3739 Rursus
900 3693 1085 3740 autem
1118 3701 1219 3742 nos
1249 3687 1331 3742 eis
1355 3687 1691 3756 obiicimus:
1723 3690 1838 3748 Cur
1868 3705 1970 3746 nos

386 3764 648 3842 tanquam
686 3775 1002 3832 Sociatores
1059 3777 1285 3848 probris
1319 3779 1692 3846 insectamini,
1750 3796 1849 3835 vos
1877 3781 1974 3852 qui

385 3867 668 3922 Christum
719 3868 812 3925 Dei
847 3869 1085 3926 Verbum
1143 3880 1200 3928 et
1253 3871 1524 3944 Spiritum
1581 3890 1707 3930 esse
1749 3874 1977 3930 dicitis?

388 3957 630 4015 Verbum
665 3963 938 4032 siquidem
963 3971 1018 4018 et
1055 3963 1297 4034 Spiritus
1333 3966 1546 4036 seiungi
1582 3976 1868 4037 nequeunt
1909 3967 1976 4024 ab

387 4066 454 4107 eo
478 4054 568 4108 cui
604 4055 937 4110 naturaliter
975 4056 1170 4112 insint.
1201 4057 1256 4112 Si
1302 4058 1472 4130 igitur
1506 4071 1592 4115 est
1628 4060 1683 4114 iu
1719 4060 1826 4116 Deo
1859 4071 1981 4116 tan-

387 4159 553 4214 quam
594 4147 830 4202 Verbum
885 4149 1101 4216 ipsius,
1163 4149 1525 4205 manifestum
1577 4160 1662 4207 est
1695 4161 1750 4207 et
1801 4152 1977 4207 Deum

390 4252 535 4293 esse.
573 4236 669 4293 Sin
703 4255 838 4296 vero
874 4250 958 4298 est
985 4249 1145 4297 extra
1185 4241 1378 4310 Deum,
1410 4258 1477 4298 ex
1505 4251 1689 4299 vestra
1715 4244 1979 4314 opinione

392 4329 648 4400 sequitur
678 4329 850 4387 Deum
879 4332 1003 4389 sine
1039 4332 1222 4388 Verbo
1251 4341 1307 4388 et
1351 4333 1560 4404 Spiritu
1607 4349 1752 4390 esse.
1804 4333 1976 4390 Deum

392 4421 578 4491 itaque
604 4423 900 4490 mutilatis,
931 4423 1062 4479 dum
1096 4425 1147 4480 ei
1200 4424 1416 4480 socium
1445 4425 1656 4482 cavetis
1686 4424 1976 4481 adhibere.

391 4513 528 4568 Nam
575 4515 756 4571 satius
789 4514 988 4584 fuisset
1032 4517 1192 4573 vobis
1221 4516 1439 4583 dicere,
1477 4533 1600 4574 eum
1638 4517 1848 4573 habere
1887 4531 1975 4574 so-

392 4609 564 4671 cium,
608 4622 773 4678 quam
829 4608 1008 4679 ipsum
1063 4610 1352 4678 mutitare,
1415 4619 1470 4667 et
1536 4611 1776 4682 lapidem
1834 4626 1982 4676 esse,

393 4697 700 4767 lignumve,
761 4708 860 4754 aut
909 4715 1026 4756 rem
1086 4702 1393 4772 quamlibet
1443 4718 1652 4758 sensus
1700 4711 1984 4773 expertem

393 4798 666 4846 astruere.
686 4789 804 4847 Non
827 4808 959 4865 ergo
989 4795 1126 4850 citra
1158 4796 1506 4851 mendacium
1529 4812 1630 4852 nos
1649 4795 1986 4868 ἑταιριστάς.

394 4881 448 4936 id
476 4889 582 4948 est,
613 4881 913 4940 Sociatores
966 4887 1220 4942 vocitatis
1253 4907 1267 4943 :
1306 4903 1408 4944 nos
1443 4904 1574 4945 vero
1609 4888 1857 4946 vicissim
1893 4887 1990 4943 Dei

394 4971 741 5032 mutilatores
780 4992 880 5033 vos
922 4978 1288 5048 appellamus.

468 5063 700 5136 Insuper
745 5082 848 5124 nos
900 5077 1161 5140 tanquam
1216 5071 1541 5127 idololatras
1579 5071 1980 5137 criminantur,

397 5158 528 5230 quia
561 5176 783 5218 crucem
811 5163 1132 5229 adoramus,
1165 5181 1328 5236 quam
1354 5167 1543 5237 ct'ipsi
1568 5167 1980 5222 abominantur.

2153 3692 2322 3746 Πάλιν
2353 3693 2408 3747 δέ
2450 3691 2630 3762 φαμεν
2679 3692 2818 3764 πρὸς
2862 3691 3092 3758 αὐτούς’
3137 3691 3322 3764 ’Υμῶν
3370 3691 3672 3761 λεγόντων,

2082 3785 2166 3840 ὅτι
2196 3786 2431 3856 Χριστὸς
2456 3786 2631 3855 Λόγος
2658 3787 2775 3840 ἐστὶ
2832 3787 2926 3840 τοῦ
2961 3785 3097 3840 Θεοῦ
3129 3787 3222 3840 καὶ
3272 3785 3522 3856 Πνεῦμα,
3555 3787 3674 3850 πῶς

2083 3877 2372 3947 λοιδορεῖτε
2403 3881 2553 3950 ἡμᾶς
2593 3880 2670 3944 ώς
2699 3879 3046 3950 Ἐταιριστάς
3073 3896 3087 3945 ;
3134 3880 3191 3934 Ὀ
3242 3878 3352 3950 γὰρ
3386 3879 3546 3948 λόγος
3577 3881 3673 3932 καὶ

2082 3970 2145 4024 τὸ
2183 3970 2407 4041 Πνεῦμα
2454 3971 2760 4045 ἀχώριστόν
2795 3974 2910 4025 ἐστι
2950 3971 3044 4024 τοῦ
3090 3974 3146 4026 ὲν
3187 3966 3232 4040 ᾧ
3282 3972 3527 4041 πέφυκεν
3561 3989 3575 4004 ο
3625 3973 3673 4025 εί

2081 4060 2174 4117 οῦν
2197 4067 2254 4117 ἐν
2292 4064 2412 4136 Θεῷ
2445 4066 2594 4119 ἐστιν
2624 4067 2652 4118 ὁ
2682 4065 2857 4135 Λόγος
2898 4064 3088 4126 αὐτοῦ,
3123 4065 3284 4134 δῆλον
3312 4066 3393 4118 ὅτι
3424 4067 3517 4119 καὶ
3543 4065 3674 4128 θεός

2081 4156 2252 4211 ἐστιν.
2294 4159 2358 4212 Et
2387 4157 2446 4212 δὲ
2479 4159 2639 4223 ἐκτός
2672 4159 2790 4212 ἐστι
2837 4158 2931 4212 τοῦ
2988 4157 3148 4225 Θεοῦ,
3182 4158 3376 4228 ἄλογός
3398 4160 3516 4212 ἐστι
3551 4157 3674 4212 καθ’

2084 4251 2231 4319 ὑμᾶς
2268 4251 2296 4303 δ
2318 4250 2471 4315 Θεὸς,
2505 4251 2840 4315 καὶᾶπνους.
2866 4251 3079 4305 Οὐκοῦν
3112 4251 3405 4321 φεύγοντες
3436 4251 3675 4322 ἐταιριά·

2084 4344 2200 4406 ζειν
2229 4343 2321 4397 τὺν
2343 4343 2477 4398 Θεὸν
2497 4343 2732 4414 ἑκόψατε
2758 4345 2943 4400 αὐτόν.
2966 4342 3235 4417 Κρεῖσσον
3259 4345 3368 4417 γὰρ
3391 4341 3459 4416 ἦν
3492 4344 3675 4412 λέγειν

2090 4437 2257 4506 ὑμᾶς,
2293 4438 2377 4491 ὅτι
2434 4438 2651 4509 ἑταῖρον
2691 4437 2828 4508 ἔχει,
2881 4438 2914 4509 ἢ
2972 4439 3195 4492 κόπτειν
3251 4437 3436 4502 αὑτὸν,
3472 4437 3568 4490 καὶ
3597 4437 3675 4502 ώς

2089 4529 2256 4592 λίθον,
2294 4528 2524 4600 ἢξύλον,
2575 4531 2610 4602 ἢ
2641 4549 2694 4584 τι
2734 4530 2843 4585 τῶν
2895 4531 3242 4602 ἀναισθήτων
3285 4530 3670 4601 παρεισάγειν.

2085 4623 2253 4678 Ὥστε
2312 4625 2472 4694 ὑμεῖς
2531 4626 2683 4696 ἡμᾶς
2720 4623 3211 4696 ψευδηγοροῦντες,
3285 4622 3673 4694 Ἑταιριαστάς

2085 4713 2307 4768 καλεῖτε
2336 4715 2530 4785 ’ἡμεῖς
2554 4716 2611 4770 δὲ
2647 4717 2871 4780 Κόπτας
2893 4717 3038 4788 ὑμᾶς
3063 4715 3548 4788 προσαγορεύομεν
3577 4713 3672 4768 τοῦ

2082 4807 2242 4863 Θεοῦ.

2153 5071 2514 5147 ΔΔιαὸάλλοῦιιί
2537 5070 2594 5124 δὲ
2623 5072 2770 5141 ἡμᾶς
2789 5073 2863 5136 ώς
2879 5071 3272 5145 είδωλολάτρας
3286 5039 3676 5147 ’προσκυνοῦν-

2089 5182 2190 5228 τας
2212 5164 2303 5218 τὸν
2333 5165 2590 5236 σταυρὸν,
2639 5165 2699 5220 ὃν
2753 5167 2849 5221 καὶ
2906 5165 3285 5238 βδελύσσονται
3311 5183 3325 5198 ⁸
3357 5166 3450 5222 καί
3490 5184 3675 5240 φαμεν

1674 5325 1913 5382 VARUE
1956 5321 2365 5381 LECTIONES.

471 5456 496 5497 ἀ
531 5456 693 5533 Deest
729 5456 860 5533 illud
896 5461 1243 5533 proverbium
1281 5461 1332 5515 in
1363 5462 1622 5533 omnibus
1654 5463 1776 5517 cod.
1814 5460 1980 5533 quod
2007 5457 2152 5533 aliud
2196 5475 2319 5533 esse
2349 5475 2456 5514 non
2490 5460 2706 5516 videtur
2741 5462 2844 5517 nisi
2877 5461 3020 5516 istud
3068 5462 3336 5533 Platonis,
3391 5464 3679 5533 Ὀνείρατά

403 5544 496 5604 μοι
531 5528 911 5604 λέγειςχγοιέ
942 5531 1279 5601 ὀνειροπολεῖ
1326 5532 1622 5586 καθεύδων.
1669 5533 1725 5586 In
1774 5528 1895 5590 cod.
1963 5531 2018 5604 Si.
2055 5529 2710 5604 ~Hil._hoic_‘solummodo
2750 5533 2989 5604 additur,
3048 5532 3259 5603 σκόλιον
3288 5528 3673 5604 ἀποκείμενον.

405 5607 428 5631 ο
464 5597 613 5676 llt'gii
646 5597 1074 5676 ρξιρξιεμάτουςξ
1112 5613 1220 5676 vel.
1264 5604 1454 5676 transl.
1482 5605 1907 5676 pru'testiﬁcans.
1958 5602 2006 5676 -ξ
2049 5600 2140 5656 Sic
2265 5601 2407 5656 2508
2437 5619 2467 5656 a
2508 5605 2673 5658 verbo
2712 5597 3236 5675 ὲταιριάζειν,’ῥυοι1
3269 5604 3412 5659 infra
3441 5597 3672 5676 usurpat

403 5675 614 5724 auctor.
661 5669 762 5723 Alii
805 5669 1085 5739 ἑτεριστὰς
1116 5688 1128 5701 ·
1163 5673 1267 5743 leg.
1296 5669 1609 5744 ὲταιριάτάς
1642 5692 1699 5728 αι
1722 5669 1838 5744 ἰιιό
1881 5691 1929 5728 ε.
1958 5671 2127 5728 Vetus
2165 5673 2437 5743 interpres
2467 5677 2776 5729 Hctei'astat
2799 5669 2999 5744 posuit.
