4014 6202
342 354 452 421 763

1522 335 1617 395 DE
1648 328 2102 392 HIERESIBUS
2152 327 2404 386 LIBER.

3487 309 3596 372 ’ἵἹο

348 468 487 536 πρὸς
546 461 765 525 αὐτούς’
811 459 933 522 Πῶς
990 453 1083 509 οῦν
1154 455 1310 523 ὑμεῖς
1356 450 1489 521 λίθῳ
1530 445 1961 520 προστρίϐεσθε,

2075 442 2107 496 d
2157 456 2296 511 quos
2339 440 2597 502 dicunus,
2634 436 2734 501 Qui
2767 433 2823 487 lit
2868 433 3035 501 igitur
3064 438 3123 483 ut
3152 428 3351 499 lapidi,
3399 428 3493 481 oui
3544 427 3598 479 iu

348 534 491 611 κατὰ
513 556 611 623 τὴν
648 550 930 606 Χαϐαθὰν
984 551 1007 588 ε
1044 546 1220 617 ὑμῶν,
1275 544 1370 597 καὶ
1411 542 1618 611 φιλεῖτε
1654 541 1743 592 τὸν
1783 534 1929 588 λίθον

349 646 764 714 ἁσπαζόμενοις
792 641 899 694 Καί
930 656 1074 702 τινες
1108 634 1289 690 αὐτῶν
1321 650 1486 703 φασιν
1532 631 1715 685 ἐπάνω
1765 625 1928 681 αὐτοῦ

351 739 445 791 τὸν
488 734 740 807 ’Δϐραάμ
789 730 1138 783 συνουσιάσαι
1198 726 1267 796 τῇ
1333 722 1503 794 Ἀγάρ
1532 737 1545 752 ο
1578 719 1727 772 ἄλλοι
1765 716 1821 768 δὲ
1850 716 1931 768 ὃτι

354 832 444 884 ἐπ’
472 827 637 881 αὐτὸν
666 823 967 896 προσέδησε
995 819 1091 890 τὴν
1114 815 1383 887 κάμηλον,
1417 812 1624 882 μέλλων
1645 810 1795 862 θύειν
1840 806 1931 860 τὸν

368 920 573 975 Ἰσαάκ.
612 918 722 971 Καὶ
773 914 911 985 πρὸς
945 912 1142 973 αὐτοὺς
1191 904 1620 977 ἀποκρινόμεθιι⁶
1650 902 1760 972 Τῆς
1794 900 1934 972 Γρα-

357 1014 465 1083 φῆς
487 1010 779 1081 λεγούσης,
796 983 878 1060 ὅτι
911 1006 1035 1077 ὄρος
1064 998 1132 1073 ἦν
1163 1000 1424 1064 ἀλσῶδες,
1449 998 1541 1050 καὶ
1566 994 1718 1060 ξύλα,
1743 983 1930 1061 ἀφ’λῶν

357 1106 451 1162 καὶ
472 1108 553 1167 είς
582 1104 680 1174 τὴν
718 1099 1102 1168 ὁλοκάρπωσιν
1126 1094 1316 1164 σχίσας
1350 1094 1377 1145 ὁ
1414 1088 1667 1160 Ἀϐραὰμ
1695 1084 1935 1154 ἐπέθηκε

359 1200 438 1270 τῷ
481 1196 671 1250 Ἰσαάκ
698 1211 712 1225 ο
742 1193 838 1246 καλ⁹
866 1191 949 1243 ὅτι
985 1188 1123 1259 μετά
1144 1186 1255 1239 τῶν
1272 1183 1481 1237 παίδων
1498 1181 1597 1243 τὰς
1619 1179 1773 1241 ὅνους
1803 1193 1937 1229 κατ-

360 1292 548 1346 έλιπεν
574 1305 586 1317 '
620 1287 784 1340 πόθεν
823 1278 917 1337 οὖν
972 1282 1101 1350 ὑμῖν
1128 1278 1188 1333 τὸ
1237 1278 1466 1345 ληρεῐν;
1500 1273 1561 1326 οῦ
1613 1271 1722 1340 γὰρ
1757 1271 1938 1322 ἐκεῖσε

363 1385 499 1451 ξύλα
523 1379 778 1453 δρυμώδη
805 1378 1007 1438 κεῖται,
1034 1371 1159 1426 οὔτε
1200 1370 1313 1424 ὄνοι
1340 1364 1689 1421 διοδεύουσιν.
1720 1360 1937 1414 Αἰδοῦν-

359 1497 455 1533 ται
486 1477 604 1547 μέν.
633 1475 823 1544 Ὅμως
852 1469 1016 1540 φασὶν
1044 1463 1188 1521 εἶναι
1242 1465 1333 1517 τὸν
1360 1460 1506 1514 λίθον
1531 1458 1625 1511 τοῦ
1661 1454 1937 1526 Ἀϐραάμ.

362 1568 504 1625 Εἷτά
522 1582 725 1639 φαμεν·
765 1565 946 1617 Ἔστω
970 1558 1065 1613 τοῦ
1110 1556 1382 1629 Ἀϐραὰμ,
1408 1553 1483 1617 ὡς
1514 1551 1671 1621 ἡμεῖς
1698 1548 1938 1619 ληρεῖτε·

362 1638 554 1718 τοῦτον
608 1638 706 1714 γοῦν
750 1651 1145 1723 ἀσπαζόμενοι,
1192 1649 1274 1701 ὅτι
1298 1646 1459 1717 μόνον
1500 1647 1529 1697 ὁ
1569 1640 1818 1712 Ἀϐραὰμ
1856 1638 1940 1690 ἐπ’

364 1753 528 1808 αὐτὸν
575 1747 894 1805 συνουσίασε
927 1741 1165 1812 γυναικὶ,
1202 1738 1235 1807 ἢ
1288 1737 1370 1790 ὅτι
1401 1731 1648 1803 κάμηλον
1680 1726 1943 1797 προσέδη-

368 1862 484 1910 σεν,
514 1843 614 1896 οὐκ
637 1838 891 1901 αἰδεῖσθε,
920 1833 1034 1889 ἀλλ’
1063 1832 1213 1903 ἡμᾶς
1237 1827 1490 1881 εύθύνετε
1507 1826 1592 1878 ὅτι
1618 1820 1753 1891 πρὸς
1779 1835 1943 1871 σταυ-

369 1938 463 2008 ρὸν
501 1934 595 1988 τοῦ
647 1928 884 2002 Χριστοῦ
934 1920 1375 1997 προσκυνοῦμεν,
1431 1916 1499 1969 δι’
1566 1908 1627 1968 οὗ
1672 1910 1945 1981 δαιμόνων

373 1996 551 2095 ίσχὺς,
582 2021 676 2074 καὶ
698 1996 946 2073 ὸιαϐόλου
982 1996 1354 2067 καταλέλυται
1384 2004 1599 2074 πλάνη;
1655 1996 1822 2062 Οὗτος
1863 1998 1941 2064 δὲ,

369 2121 429 2172 ὃν
462 2113 779 2186 φασιλίθον,
801 2107 1010 2178 κεφαλὴ
1036 2106 1135 2176 τῆς
1163 2100 1482 2172 Ἀφροδίτης
1507 2095 1657 2149 ἐστὶν
1684 2095 1750 2162 ἣν
1776 2106 1944 2163 προσ-

370 2183 622 2270 εκύνουν,
652 2208 718 2276 ἢν
742 2203 930 2270 Χαϐὲρ
954 2198 984 2237 ιι
1017 2195 1443 2269 προσηγόρευον,
1471 2191 1553 2257 ἐφ’
1573 2188 1631 2239 ὃν
1657 2184 1753 2239 καὶ
1788 2183 1948 2254 μέχρι

372 2303 468 2356 νῦν
491 2297 815 2370 εγγλυφίδος
880 2295 893 2334 ί
938 2289 1298 2359 ἀποσκίασμα
1340 2286 1454 2347 τοῖς
1487 2278 1734 2351 ἀκριϐῶς
1774 2292 1942 2330 κατας

375 2393 557 2449 νοοῦσι
594 2391 865 2460 φαίνεται.

451 2651 621 2719 Οὗτος
668 2653 696 2706 ὁ
743 2648 940 2720 Μάμεδ
996 2642 1218 2705 πολλὰς,
1269 2640 1345 2702 ὡς
1403 2636 1640 2709 εἴρηται,
1684 2628 1956 2701 ληρῳδξας

383 2747 673 2813 συντάξας,
706 2744 912 2813 ἑκάστῃ
962 2735 1165 2793 τούτων
1220 2728 1593 2804 προσηγορίαν
1649 2723 1955 2794 ἐπέθηκεν⁹

381 2840 494 2897 οἷον
520 2843 554 2912 ἡ
588 2837 775 2911 γραφὴ
803 2835 899 2903 τῆς
924 2825 1202 2900 γυναικὸς,
1252 2824 1351 2912 καὶ
1400 2824 1456 2874 ὲν
1502 2818 1641 2888 αὐτῇ
1686 2818 1958 2884 τέσσαρας

383 2935 650 3004 γυναῖκας
683 2924 972 3001 προφανῶς
1025 2904 1326 2991 λαμϐάνειν
1359 2911 1658 2986 νομοθετεῖ,
1695 2906 1790 2961 καὶ
1825 2904 1961 2957 παλ-

384 2996 583 3089 λακὰς,
616 2996 984 3087 ἑὰν-δύνηται,
1007 3013 1202 3087 χιλίας,
1229 3013 1358 3072 ὅσας
1389 3011 1422 3078 ἡ
1457 3005 1577 3076 χεὶρ
1600 2999 1761 3055 αὐτοῦ
1791 2996 1963 3051 κατά-

2030 533 2305 589 Chabatlta
2340 538 2518 586 vestra
2556 536 2661 593 est,
2693 539 2793 579 vos
2838 521 3137 586 adfricetis,
3174 533 3411 589 eumque
3452 533 3602 574 com-

2032 628 2315 696 plexantes
2343 617 2784 678 deosculetnini?
2833 613 3071 680 Quidam
3116 612 3333 665 illorum
3376 625 3607 679 respon-

2030 715 2161 770 dent
2203 728 2370 783 super
2399 712 2491 765 illo
2530 708 2903 763 Abrahamum
2938 717 3063 758 cum
3099 704 3277 771 Agare
3319 698 3557 753 coivisse
3591 715 3603 750 ε

2034 807 2127 861 alii
2155 806 2426 862 eamelum
2463 802 2576 857 illic
2610 801 2864 870 alligasse
2896 811 3021 851 cum
3050 797 3205 848 Isaac
3227 791 3613 845 immolaturus

2032 907 2199 955 esset.
2221 896 2301 951 Ad
2321 910 2441 965 quae
2464 910 2564 949 nos
2593 890 2911 961 reponimus
2942 906 2953 941 :
2975 886 3112 941 Cum
3140 885 3283 938 dicat
3308 881 3613 951 Scriptura.

2038 997 2277 1045 montem
2314 988 2485 1043 fuisse
2522 996 2875 1041 nemorosum
2908 988 2963 1034 et
2998 980 3146 1048 ligna
3206 974 3502 1035 habuisse,
3547 988 3617 1026 ex

2036 1082 2238 1152 quibus
2265 1085 2674 1150 segmentorum
2713 1075 2915 1127 fascem
2947 1071 3296 1125 Ahraliamus
3325 1065 3516 1119 Isaaco
3549 1062 3617 1115 ad

2040 1174 2424 1227 holocaustum
2502 1165 2873 1238 imposuerit,
2923 1164 3189 1231 illumque
3246 1159 3433 1214 asinas
3491 1172 3616 1212 cum

2039 1264 2231 1335 pueris
2278 1262 2604 1331 reliquisse,
2666 1258 2811 1313 unde
2843 1255 2999 1310 vobis
3039 1261 3117 1307 tot
3159 1248 3621 1321 ineptiaa‘ilziaud-

2040 1369 2317 1426 quaquam
2356 1354 2501 1407 enim
2542 1352 2655 1405 illic
2706 1351 2935 1403 dumosa
2987 1344 3132 1414 ligna
3165 1350 3319 1405 sunt,
3358 1341 3489 1411 quin
3522 1353 3626 1393 nee

2042 1446 2167 1499 illae
2200 1442 2474 1498 transitus
2506 1440 2678 1496 asinis
2709 1444 2878 1507 patet.
2906 1434 3043 1488 Hine
3067 1433 3145 1486 illi
3175 1430 3395 1502 quidem
3423 1429 3624 1483 rubore

2043 1536 2440 1595 suﬁ‘unduntur
2466 1553 2479 1589 :
2520 1529 2876 1587 nihilominus
2904 1524 3200 1579 Abrahami
3234 1522 3471 1591 lapidem
3502 1534 3625 1574 esse

2044 1636 2322 1684 asserunt.
2352 1624 2464 1680 Nos
2491 1637 2658 1677 vero:
2697 1618 2930 1673 Sitsane
2953 1613 3270 1677 Abrahami,
3304 1612 3511 1675 aimus,
3547 1608 3624 1662 uti

2044 1733 2142 1773 vos
2171 1715 2453 1786 nugamini
2484 1732 2498 1767 :
2532 1728 2641 1768 non
2664 1725 2764 1764 vos
2788 1706 2956 1778 pudet
2975 1721 3099 1760 eum
3126 1702 3333 1757 idcirco
3359 1700 3628 1755 duntaxat

2047 1807 2308 1871 osculari,
2347 1806 2478 1875 quia
2518 1818 2681 1874 super
2715 1814 2841 1855 eum
2896 1795 3173 1851 Abraham
3228 1793 3298 1849 sit
3331 1807 3457 1846 eum
3508 1805 3630 1844 mu-

2047 1904 2179 1958 liere
2209 1912 2563 1969 congressus,
2594 1892 2837 1962 autqnia
2862 1888 3040 1945 eidem
3068 1885 3338 1941 eamelum
3359 1882 3628 1952 alligarit;

2048 2009 2173 2050 eum
2192 2007 2292 2047 nos
2316 1989 2541 2045 interim
2559 1982 2947 2043 emendatione
2970 1979 3168 2049 dignos
3195 1974 3465 2038 habeatis,
3484 1971 3632 2041 quod

2048 2084 2254 2140 Christi
2281 2096 2501 2137 crucem
2527 2079 2845 2137 adoremus,
2880 2087 2977 2142 per
3000 2083 3162 2139 quam
3198 2071 3499 2136 potestates
3524 2062 3634 2116 dae-

2051 2181 2366 2239 monum,et
2384 2169 2591 2228 diaboli
2614 2166 2837 2223 fraudes
2864 2162 3161 2233 proﬂigata:
3179 2157 3341 2212 sunt?
3365 2155 3632 2209 Caeterum

2050 2269 2192 2339 lapis
2244 2268 2336 2320 ille
2378 2277 2540 2335 quem
2596 2260 2785 2321 aiunt,
2828 2261 2994 2324 caput
3046 2259 3132 2305 est
3179 2248 3411 2303 Veneris
3468 2259 3634 2315 quam

2054 2359 2388 2420 adorabant,
2432 2366 2707 2424 quamque
2742 2346 2947 2403 Cimber
2976 2339 3410 2410 nuncupabant,
3442 2338 3496 2389 in
3528 2349 3639 2405 quo

2054 2450 2216 2506 etiam
2253 2446 2528 2514 hodieque
2582 2438 2787 2508 sculpti
2827 2435 3027 2507 capitis
3079 2431 3286 2503 efligies
3344 2428 3641 2498 diligenter

2057 2538 2481 2611 inspicientibus
2515 2541 2764 2604 apparet.

2129 2632 2344 2688 Mamed
2381 2630 2474 2684 ille
2513 2641 2637 2681 eum
2684 2623 2856 2678 multa
2902 2618 3283 2698 deliramenta,
3333 2621 3395 2667 ut
3434 2611 3643 2667 dictum

2060 2734 2167 2791 est,
2199 2719 2616 2792 conscripserit,
2654 2729 2845 2770 eorum
2881 2709 3111 2780 singulis
3146 2704 3367 2761 nomina
3416 2701 3641 2756 indidit.

2061 2814 2385 2886 Cujusmodi
2403 2822 2486 2867 est
2506 2809 2779 2878 scriptura
2806 2802 2955 2876 (Sur.
2977 2802 3057 2871 4),
3077 2814 3174 2853 seu
3206 2793 3644 2866 eaputmulieris,

2065 2910 2120 2965 in
2172 2922 2281 2977 qua
2336 2904 2619 2976 propalam
2676 2899 2795 2968 lege
2845 2893 3027 2951 sancit
3086 2898 3385 2960 quaternas
3440 2899 3647 2940 uxores

2067 3000 2341 3068 accipere,
2384 3004 2438 3050 et
2492 2989 2875 3053 concubinas,
2922 2984 2970 3040 si
3029 2981 3148 3037 fieri
3212 2979 3409 3049 possit,
3472 2976 3648 3041 mille,

388 3067 583 3089 ’νοντ’-νο
616 3067 706 3077 --ν
744 3067 983 3087 *ν’-,--νι
1010 3067 1092 3087 κη
1162 3067 1202 3077 -ι
1340 3067 1354 3072 ν
1411 3067 1422 3078 ,
1459 3067 1490 3076 ,,
1549 3067 1560 3073 ,

388 3138 496 3195 σχῃ
534 3116 900 3186 ὑποκειμένας
949 3116 1012 3165 ὲκ
1049 3110 1157 3163 τῶν
1214 3106 1495 3176 τεσσάρων
1546 3096 1850 3168 γυναικῶν·
1898 3094 1961 3163 ἣν

2069 3067 2308 3159 quotque
2367 3095 2563 3136 manus
2615 3076 2736 3146 ejus
2789 3071 3039 3128 subditas
3097 3067 3398 3128 contineat,
3440 3071 3645 3133 praater

2183 3186 2198 3195 ‘
2228 3191 2308 3195 θ’*
2336 3175 2457 3195 ⁵¹¹⁴-
2482 3184 2678 3195 “nn--
2710 3184 2723 3195 -
2755 3179 2915 3195 η-ισηιι
2938 3163 3066 3195 itam
3084 3156 3321 3195 unlnnrit
3356 3153 3645 3195 nimium-,1

385 3182 529 3267 6’31»
552 3182 787 3281 βουληθῇ
831 3201 1109 3264 ἀπολύειν,
1134 3197 1167 3269 ἦ
1191 3197 1464 3267 θελήσειε,
1513 3190 1610 3246 καὶ
1643 3182 1965 3258 κομίζεσθαι

390 3302 580 3371 ἀλλην,
606 3299 668 3350 ὲκ
702 3307 715 3344 l
761 3292 1014 3362 τοιαύτης
1041 3288 1220 3350 αἰτίας
1258 3281 1651 3354 νομοθετήσας
1684 3275 1969 3346 Σύμπονον

393 3364 554 3463 ἔσχεν
611 3386 808 3458 Μάμεδ
825 3383 943 3438 Ζεῖδ
955 3376 1519 3451 προσαγορευόμενον.
1549 3364 1715 3432 Οὗτος
1736 3367 1971 3435 γυναῖκα

394 3456 552 3557 Eois»!
567 3456 794 3554 ὡραίαν,
810 3472 878 3550 ἦς
894 3475 1110 3549 ἠράσθη
1126 3475 1153 3527 ὁ
1169 3468 1385 3541 Μὰμεδ.
1408 3464 1566 3534 Καθη
1576 3462 1753 3534 μένων
1770 3456 1971 3523 αὐτῶν,

396 3550 565 3651 φησὶν
696 3573 893 3647 Μάμεδ
916 3590 929 3603 ·
965 3589 983 3621 ι
1041 3568 1099 3620 '0
1128 3566 1296 3627 δεῖνα,
1333 3563 1361 3614 ό
1395 3558 1526 3621 Θεὸς
1549 3550 1852 3608 ἐνετείλατό
1883 3565 1974 3620 μοι

395 3640 496 3745 τὴν
530 3670 767 3744 γυναῖκά
790 3640 880 3719 σου
912 3663 1119 3717 λαϐεῖν.
1161 3677 1179 3709 ι
1218 3657 1274 3708 '0
1307 3653 1363 3706 δὲ
1394 3646 1672 3720 ἀπεκρίθη
1695 3662 1708 3676 ο
1745 3664 1763 3697 ι
1808 3640 1969 3696 Ἀπό-

402 3766 590 3827 στολος
619 3758 667 3815 εἷ
690 3777 703 3791 σ
756 3757 983 3828 ποίησον
1046 3751 1120 3814 ὥς
1180 3765 1260 3800 σοι
1288 3748 1316 3800 ό
1348 3743 1483 3807 Θεὸς
1520 3738 1642 3794 εἷπε
1668 3753 1680 3765 ·
1709 3735 1841 3791 λάϐε
1876 3733 1977 3801 τὴν

403 3825 638 3927 γυναῖκά
665 3869 787 3924 μου.
820 3869 838 3900 ι
872 3825 1088 3901 Μᾶλλον
1120 3842 1197 3908 δὲ,
1224 3840 1311 3893 ἵνα
1342 3834 1548 3891 ἀνωθεν
1574 3832 1841 3899 εἴπωμεν,
1874 3825 1978 3895 ἔφη

407 3918 546 4022 πρὸς
574 3918 755 4001 αὐτόν·
785 3962 802 3993 ‹
845 3938 1062 4022 Ὀ-Θεὸς
1095 3929 1396 3987 ἐνετείλατό
1437 3944 1549 3998 μοι,
1590 3926 1677 3978 ἵνα
1705 3918 1982 3988 ἀπολύσῃς

409 4011 510 4113 την
533 4037 775 4111 γυναῖκά
807 4016 929 4086 seu:
973 4049 990 4082 ι
1030 4030 1087 4081 Ὀ
1112 4027 1167 4081 δὲ
1196 4024 1453 4079 ἀπέλυσε.
1490 4019 1599 4072 Καὶ
1621 4015 1739 4087 μεθ’
1768 4011 1981 4083 ἡμέρας

408 4100 629 4196 πόλλάς.
686 4148 704 4181 t
756 4124 940 4188 Ἀλλὰ,
997 4122 1199 4193 φησὶν,
1257 4118 1343 4169 ἵνα
1406 4109 1561 4180 κάγὼ
1609 4106 1779 4176 αὐτὴν
1838 4100 1986 4155 λάϐω

414 4224 717 4281 ἐνετείλατο
750 4221 777 4272 ό
805 4217 957 4277 Θεός.
1010 4232 1026 4264 ›
1085 4206 1217 4263 Εἶτα
1274 4202 1454 4257 λαϐὼν
1482 4238 1497 4263 ,
1551 4194 1647 4249 καὶ
1692 4190 1984 4264 μοιχεύσας

414 4279 585 4385 αύτὴν
622 4309 860 4365 τοιοῦτον
890 4304 1049 4373 ἔθηκε
1082 4298 1249 4367 νόμον
1270 4312 1283 4325 ο
1328 4313 1345 4344 ι
1400 4291 1456 4343 '0
1493 4285 1815 4359 βουλόμενος
1849 4279 1987 4331 ἀπο-

414 4369 591 4463 λυέτω
616 4406 715 4474 τὴν
743 4369 1189 4471 γυναῖκα-αὺτοῦ.
1222 4387 1347 4442 Ἐὰν
1381 4384 1437 4438 δὲ
1472 4378 1608 4452 μετά
1636 4377 1696 4431 τὸ
1724 4369 1990 4429 ἀπολῦσαι

2072 3153 2308 3251 quatuor
2336 3175 2461 3229 illas
2482 3184 2683 3225 uxores
2710 3184 2725 3222 :
2754 3179 2916 3236 quam
2938 3163 3068 3217 item
3084 3153 3651 3221 voluerit,dimittere,

2073 3272 2366 3339 aliamque,
2398 3266 2444 3321 si
2480 3262 2804 3321 allubeseat,
2847 3257 3073 3315 ducere,
3116 3250 3187 3305 ob
3215 3246 3487 3319 ejusmodi
3522 3260 3657 3300 cau-

2074 3379 2191 3419 sam
2226 3338 2442 3417 statuit.
2490 3354 2713 3409 Socium
2754 3348 2991 3404 habebat
3024 3340 3258 3407 Mamed,
3290 3338 3515 3394 Zeidum
3556 3351 3658 3391 no-

2075 3458 2222 3512 mine
2253 3451 2402 3524 (Sur.
2436 3445 2655 3519 55),ουί
2675 3443 2916 3498 formosa
2941 3452 3080 3493 uxor
3098 3441 3240 3498 erat,
3257 3446 3421 3503 quam
3445 3428 3657 3483 Mamed

2076 3522 2371 3617 deperiret.
2404 3543 2544 3597 Cum
2580 3539 2766 3607 itaque
2801 3547 2907 3588 una
2952 3531 3233 3590 sederent,
3280 3524 3359 3579 ait
3388 3522 3601 3579 Mamed
3643 3539 3656 3575 :

2082 3659 2101 3693 ι
2136 3639 2283 3694 lleus
2311 3646 2393 3701 tu,
2425 3640 2757 3705 praeceptum
2791 3625 2923 3680 mihi
2964 3639 2996 3679 a
3030 3623 3142 3677 Deo
3169 3627 3273 3683 est,
3321 3626 3381 3673 ut
3432 3629 3663 3671 uxorem

2080 3742 2228 3786 lnam
2264 3727 2555 3797 accipiam.
2592 3742 2611 3775 ι
2646 3720 2747 3774 Cui
2804 3719 2894 3772 ille
2929 3712 3267 3783 respondet:
3306 3727 3326 3761 ι
3363 3708 3664 3777 Apostolus

2079 3838 2163 3889 es,
2192 3820 2278 3874 fac
2298 3819 2442 3874 sicut
2466 3813 2604 3870 dixit
2625 3811 2722 3866 tibi
2748 3810 2891 3863 Deus
2918 3821 2932 3858 :
2957 3818 3182 3858 uxorem
3212 3814 3385 3853 meam
3406 3798 3615 3865 accipe.
3640 3816 3659 3849 ι

2082 3887 2216 3975 lino,
2245 3918 2305 3963 ut
2327 3920 2440 3961 rem
2465 3918 2494 3957 a
2519 3902 2699 3971 capite
2727 3905 3065 3967 repetamus,
3089 3892 3164 3945 ait
3190 3891 3267 3945 illi
3298 3907 3310 3942 :
3347 3908 3365 3940 ι
3390 3887 3670 3941 Mandavit

2085 3999 2218 4055 mihi
2255 3996 2398 4050 Deus
2434 4000 2492 4047 ut
2530 4004 2758 4044 uxorem
2788 3996 2938 4039 tuam
2973 3981 3244 4038 dimittas.
3280 3995 3298 4027 ι
3342 3975 3670 4045 Elapsisqne

2086 4090 2283 4144 diebus
2319 4085 2551 4152 aliquot,
2582 4077 2719 4133 dixit
2746 4095 2758 4130 :
2790 4095 2807 4126 ι
2836 4072 3101 4141 Praecepit
3134 4069 3277 4123 Deus
3304 4074 3363 4120 ut
3384 4080 3504 4121 eam
3535 4079 3671 4133 quo-

2087 4197 2193 4251 que
2224 4177 2353 4232 mihi
2388 4158 2687 4231 sumerem.
2726 4188 2745 4221 ι
2796 4166 3005 4222 Deinde
3036 4178 3159 4219 eum
3196 4171 3480 4231 acceptam
3521 4159 3671 4212 illam

2095 4269 2255 4343 114
2270 4266 2540 4343 adulterio
2565 4269 2895 4331 stuprasset,
2928 4256 3099 4328 legem
3124 4256 3267 4309 hane
3294 4254 3420 4307 tulit
3447 4271 3458 4306 :
3488 4272 3507 4305 ι
3530 4251 3677 4306 Uxo-

2094 4381 2206 4419 rem
2237 4346 2418 4423 suam,
2443 4355 2536 4429 qui
2564 4352 2796 4410 voluerit
2818 4351 3057 4405 dimittat
3088 4366 3101 4401 :
3135 4346 3280 4417 quod
3308 4346 3354 4400 si
3384 4353 3675 4415 postquam

418 4436 591 4463 Λυιτυυ
616 4436 714 4474 ὐιιν
755 4436 976 4471 luna-nu.
1002 4436 1066 4447 νιν
1085 4436 1189 4445 -ν-.
1239 4436 1338 4442 .-,-.
1390 4436 1401 4438 -
1472 4436 1483 4452 .

418 4502 506 4555 ἐπ’
540 4498 707 4568 αὐτὴν
737 4488 1072 4560 ἀναστρέφῃ,
1091 4481 1341 4552 γαμείτω
1369 4473 1539 4544 αὐτὴν
1565 4469 1739 4530 ἄλλος.
1773 4464 1847 4517 Ού
1882 4461 1954 4531 γά

2096 4452 2391 4517 dimiserit,
2437 4449 2503 4503 ad
2558 4462 2677 4502 eam
2736 4449 3065 4503 revertatur,
3117 4440 3281 4492 ducat
3328 4437 3478 4490 illam
3516 4436 3676 4489 alter.

2098 4549 2208 4568 in---
2251 4546 2389 4568 “.1-..
2434 4543 2553 4568 ιζηηι
2596 4553 2712 4568 nn.“
2752 4535 3002 4568 ant-:nnro
3062 4532 3163 4568 nini
3198 4538 3325 4568 gula
3363 4530 3582 4568 dtmlaln
3613 4527 3676 4568 nit

419 4552 602 4658 ἐξεστι
629 4552 836 4649 λαϐεῖν,
891 4552 939 4633 εἰ
1110 4571 1334 4643 γαμηθῇ
1372 4564 1711 4658 ὑφ’-ἑτέρου.
1743 4554 1897 4658 *Ἐὰν
1940 4552 1998 4650 δε

805 4637 1075 4740 ἀπολύσῃ,
1108 4637 1356 4731 γαμείτω
1373 4652 1540 4721 αὐτὴν
1570 4645 1800 4715 ἀδελφὸς
1831 4637 1998 4695 αὐτοῦ

428 4734 769 4845 βουλόμενὸςξ
784 4785 802 4816 ι
824 4764 913 4817 Ἐν
931 4734 1069 4829 αὐτῇ
1083 4759 1152 4827 τῇ
1169 4752 1353 4826 γραφῇ
1374 4745 1596 4801 τοιαῦτα
1613 4734 2001 4845 παραγγέλλειο

434 4825 760 4934 ΞῚΕἴργαο-αι
781 4857 879 4927 τὴν
904 4825 1177 4923 γῆνξῆνίὸ
1202 4825 1337 4905 Θεὸς
1389 4835 1561 4892 ἐδωκὲ
1594 4850 1700 4895 σοι,
1729 4830 1824 4883 καὶ
1848 4825 2003 4895 φιλο-

435 4919 669 5026 κάλησον
697 4919 864 5021 αὑτήν
893 4919 927 4979 ’⁷
959 4919 1056 4999 καὶ
1095 4940 1215 4993 τόδε
1246 4935 1490 5003 ποίησον,
1541 4927 1637 4981 καὶ
1675 4919 1899 4975 τοιῶσδε
1925 4933 1940 4949 ⁸
1978 4934 1998 4968 ι

436 5048 526 5099 ἴνα
563 5016 636 5114 μὴ
668 5016 846 5093 πάντα
868 5034 1036 5105 λέγω,
1058 5031 1133 5093 ὡς
1166 5028 1393 5085 ἐκεῖνος,
1431 5016 1653 5088 αἰσχρά.

506 5220 675 5277 Πάλιν
706 5214 894 5289 γραφὴ
929 5215 1031 5284 τῇς
1073 5204 1346 5277 καμήλου
1403 5198 1510 5252 τοῦ
1567 5191 1736 5256 Θεοῦ,
1783 5186 1911 5258 περὶ
1939 5178 2008 5256 ἧς

434 5316 607 5384 λέγει,
637 5279 1118 5382 ὅτι-ἦν’κὶίμηλος
1151 5304 1214 5353 ὲκ
1237 5294 1330 5350 τοῦ
1364 5290 1522 5355 Θεοῦ,
1560 5289 1741 5341 ἔπινεν
1760 5284 1879 5336 ὅλον
1918 5279 2009 5331 τὸν

441 5370 709 5480 ποταμὸν,
743 5370 837 5458 καὶ
874 5370 940 5454 ού
992 5370 1248 5468 διήρχετο
1284 5386 1487 5459 μεταξὺ
1533 5382 1625 5435 δύο
1651 5377 1820 5448 ὀρέων
1842 5372 1928 5427 διὰ
1950 5370 2012 5423 τὸ

2097 4549 2213 4603 Non
2245 4546 2391 4607 enim
2432 4543 2558 4597 licet
2594 4553 2714 4595 eam
2751 4535 3023 4604 accipere,
3060 4532 3166 4587 nisi
3197 4538 3325 4585 ante
3363 4530 3583 4583 ductam
3613 4527 3681 4579 ab

2101 4641 2209 4694 alio
2239 4657 2252 4693 :
2288 4638 2359 4691 ita
2389 4645 2445 4689 ut
2473 4634 2520 4689 si
2545 4631 2714 4686 frater
2744 4629 2908 4683 etiam
2939 4626 3087 4679 illam
3120 4621 3415 4687 dimiserit,
3444 4619 3680 4673 ducatur

2104 4748 2133 4785 a
2172 4729 2336 4783 fratre
2382 4726 2527 4795 ejus,
2561 4724 2609 4777 si
2642 4719 2887 4774 libuerit.
2921 4736 2937 4768 ι
2984 4715 3155 4768 Porro
3182 4713 3239 4768 in
3269 4710 3541 4779 scriptura
3583 4720 3683 4760 sua

2105 4820 2377 4891 ejusmodi
2418 4815 2664 4887 quaedam
2727 4808 3047 4891 pronuntiat
3085 4826 3098 4861 :
3139 4824 3157 4857 ι
3201 4805 3441 4874 Operare
3478 4807 3681 4853 terram

2106 4888 2272 4984 quam
2304 4909 2401 4963 tibi
2427 4907 2578 4961 dedit
2599 4904 2767 4968 Deus,
2790 4910 2843 4956 et
2871 4888 3119 4954 studiose
3152 4897 3303 4950 illam
3336 4894 3454 4948 cole
3482 4910 3495 4945 :
3524 4899 3687 4958 atque

2109 5009 2213 5059 hoc
2241 5000 2432 5061 facito.
2459 5006 2513 5053 et
2552 4996 2621 5050 ad
2661 4995 2804 5049 hunc
2840 4990 3095 5056 modum;
3137 5007 3155 5038 ι
3196 5002 3264 5043 ne
3288 4985 3473 5041 omnia
3503 4990 3560 5036 ut
3597 4980 3689 5035 ille

2109 5097 2345 5152 obscena
2380 5088 2672 5161 proferam.

2184 5184 2423 5239 Rursum
2466 5179 2799 5247 scripturam
2853 5172 3025 5228 edidit
3071 5169 3274 5225 Camcli
3309 5167 3433 5227 Dei.
3478 5166 3544 5219 de
3584 5178 3695 5233 qua

2116 5283 2306 5331 narrat
2335 5269 2481 5342 (Sur.
2510 5269 2564 5334 7,
2601 5283 2663 5334 ll,
2696 5277 2745 5322 et
2779 5264 2928 5337 alibi)
2962 5282 2976 5319 :
3011 5260 3267 5316 camclum
3324 5275 3390 5311 ex
3428 5255 3537 5310 Deo
3566 5268 3693 5324 pro-

2126 5367 2325 5427 diisse,
2370 5378 2495 5433 quae
2536 5369 2708 5416 totum
2744 5358 2969 5412 fluvium
3019 5354 3295 5415 ehiberet,
3334 5363 3509 5419 neque
3552 5344 3695 5403 inter

1720 5561 1949 5617 VARIIE
1986 5553 2388 5615 LECTIONES.

526 5705 641 5759 3R.
668 5701 832 5767 2508,
886 5694 1135 5767 Βαχθάνο
1171 5688 1262 5745 alii
1285 5687 1351 5767 2,
1374 5681 1659 5767 Χαϐοθὰνς
1709 5688 1813 5767 est,
1835 5683 2183 5767 εααρςλοεςιι
2224 5675 2411 5767 [anim
2458 5668 2784 5767 xMcccanum

2898 5660 2925 5699 ιι
2954 5660 3069 5716 Als.
3108 5651 3315 5722 Χαϐἑρ.
3408 5648 3425 5690 ί
3466 5646 3529 5701 u.
3558 5644 3700 5701 asas

459 5743 832 5845 ἰκνγῖυφῖέὸῖ
860 5743 1291 5832 V-ems'interpr.
1331 5743 1699 5824 insulptionis.
1779 5743 1807 5800 i'
1835 5749 1901 5804 Β.
1939 5748 2080 5806 2508
2111 5750 2176 5809 ἣν
2225 5744 2421 5804 ἐθέλοι,
2458 5743 2539 5795 ὲκ.
