  <div class='ocr_page' id='page_1' title='image "/cluster/home/n/w/nwhite01/storage/ocr_20150623/94/hvd.32044073502098/395.png"; bbox 0 0 2007 3101; ppageno 0'>
   <div class='ocr_carea' id='block_1_1' title="bbox 180 207 1003 253">
    <p class='ocr_par' dir='ltr' id='par_1_1' title="bbox 180 207 1003 253">
     <span class='ocr_line' id='line_1_1' title="bbox 180 207 1003 253; baseline -0.021 -5"><span class='ocrx_word' id='word_1_1' title='bbox 180 224 245 253; x_wconf 80' lang='lat' dir='ltr'><strong>lius,</strong></span> <span class='ocrx_word' id='word_1_2' title='bbox 262 220 355 246; x_wconf 82' lang='lat' dir='ltr'><strong>lumen</strong></span> <span class='ocrx_word' id='word_1_3' title='bbox 373 215 496 251; x_wconf 72' lang='lat' dir='ltr'><strong>Spiritus</strong></span> <span class='ocrx_word' id='word_1_4' title='bbox 514 216 638 241; x_wconf 88' lang='lat' dir='ltr'><strong>sanctus.</strong></span> <span class='ocrx_word' id='word_1_5' title='bbox 660 209 801 246; x_wconf 85' lang='lat' dir='ltr'><strong>Sapientia</strong></span> <span class='ocrx_word' id='word_1_6' title='bbox 816 212 859 236; x_wconf 89' lang='lat' dir='ltr'><strong>est</strong></span> <span class='ocrx_word' id='word_1_7' title='bbox 872 207 965 238; x_wconf 80' lang='lat' dir='ltr'><strong>Pater,</strong></span> <span class='ocrx_word' id='word_1_8' title='bbox 981 209 1003 237; x_wconf 77' lang='grc' dir='ltr'>Α</span> 
     </span>
    </p>
   </div>
   <div class='ocr_carea' id='block_1_2' title="bbox 179 257 966 302">
    <p class='ocr_par' dir='ltr' id='par_1_2' title="bbox 179 257 966 302">
     <span class='ocr_line' id='line_1_2' title="bbox 179 257 966 302; baseline -0.02 -8"><span class='ocrx_word' id='word_1_9' title='bbox 179 265 316 302; x_wconf 80' lang='lat' dir='ltr'><strong>sapientia</strong></span> <span class='ocrx_word' id='word_1_10' title='bbox 333 263 430 294; x_wconf 75' lang='lat' dir='ltr'><strong>Filius.</strong></span> <span class='ocrx_word' id='word_1_11' title='bbox 449 259 585 295; x_wconf 73' lang='lat' dir='ltr'><strong>sapientia</strong></span> <span class='ocrx_word' id='word_1_12' title='bbox 605 257 726 293; x_wconf 89' lang='lat' dir='ltr'><strong>Spiritus</strong></span> <span class='ocrx_word' id='word_1_13' title='bbox 739 259 852 283; x_wconf 87' lang='lat' dir='ltr'><strong>sanctus</strong></span> <span class='ocrx_word' id='word_1_14' title='bbox 869 263 875 280; x_wconf 91' lang='lat'>:</span> <span class='ocrx_word' id='word_1_15' title='bbox 894 259 966 279; x_wconf 89' lang='lat' dir='ltr'><strong>unus</strong></span> 
     </span>
    </p>
   </div>
   <div class='ocr_carea' id='block_1_3' title="bbox 179 300 965 345">
    <p class='ocr_par' dir='ltr' id='par_1_3' title="bbox 179 300 965 345">
     <span class='ocr_line' id='line_1_3' title="bbox 179 300 965 345; baseline -0.023 -4"><span class='ocrx_word' id='word_1_16' title='bbox 179 315 263 345; x_wconf 72' lang='lat' dir='ltr'><strong>Deus,</strong></span> <span class='ocrx_word' id='word_1_17' title='bbox 282 315 309 339; x_wconf 86' lang='lat' dir='ltr'><strong>et</strong></span> <span class='ocrx_word' id='word_1_18' title='bbox 325 316 380 337; x_wconf 92' lang='lat' dir='ltr'><strong>non</strong></span> <span class='ocrx_word' id='word_1_19' title='bbox 397 313 452 335; x_wconf 90' lang='lat' dir='ltr'><strong>tres</strong></span> <span class='ocrx_word' id='word_1_20' title='bbox 473 306 511 333; x_wconf 92' lang='lat' dir='ltr'><strong>dii</strong></span> <span class='ocrx_word' id='word_1_21' title='bbox 536 315 541 333; x_wconf 92' lang='lat'><strong>:</strong></span> <span class='ocrx_word' id='word_1_22' title='bbox 561 311 636 332; x_wconf 88' lang='lat' dir='ltr'><strong>unus</strong></span> <span class='ocrx_word' id='word_1_23' title='bbox 659 302 743 334; x_wconf 86' lang='lat' dir='ltr'><strong>Deus,</strong></span> <span class='ocrx_word' id='word_1_24' title='bbox 759 300 885 327; x_wconf 91' lang='lat' dir='ltr'><strong>Trinitas</strong></span> <span class='ocrx_word' id='word_1_25' title='bbox 899 305 965 326; x_wconf 86' lang='lat' dir='ltr'><strong>san-</strong></span> 
     </span>
    </p>
   </div>
   <div class='ocr_carea' id='block_1_4' title="bbox 178 345 964 393">
    <p class='ocr_par' dir='ltr' id='par_1_4' title="bbox 178 345 964 393">
     <span class='ocr_line' id='line_1_4' title="bbox 178 345 964 393; baseline -0.022 -7"><span class='ocrx_word' id='word_1_26' title='bbox 178 365 223 386; x_wconf 79' lang='lat' dir='ltr'><strong>eta</strong></span> <span class='ocrx_word' id='word_1_27' title='bbox 240 365 301 393; x_wconf 77' lang='lat' dir='ltr'><strong>qua:</strong></span> <span class='ocrx_word' id='word_1_28' title='bbox 314 357 341 383; x_wconf 91' lang='lat' dir='ltr'><strong>in</strong></span> <span class='ocrx_word' id='word_1_29' title='bbox 355 354 445 382; x_wconf 87' lang='lat' dir='ltr'><strong>tribus</strong></span> <span class='ocrx_word' id='word_1_30' title='bbox 457 351 586 388; x_wconf 82' lang='lat' dir='ltr'><strong>personis</strong></span> <span class='ocrx_word' id='word_1_31' title='bbox 603 352 704 377; x_wconf 77' lang='lat' dir='ltr'><strong>exstat.</strong></span> <span class='ocrx_word' id='word_1_32' title='bbox 723 347 804 374; x_wconf 86' lang='lat' dir='ltr'><strong>Pater</strong></span> <span class='ocrx_word' id='word_1_33' title='bbox 817 349 859 373; x_wconf 90' lang='lat' dir='ltr'><strong>est</strong></span> <span class='ocrx_word' id='word_1_34' title='bbox 873 345 964 376; x_wconf 84' lang='lat' dir='ltr'><strong>Pater,</strong></span> 
     </span>
    </p>
   </div>
   <div class='ocr_carea' id='block_1_5' title="bbox 178 393 965 439">
    <p class='ocr_par' dir='ltr' id='par_1_5' title="bbox 178 393 965 439">
     <span class='ocr_line' id='line_1_5' title="bbox 178 393 965 439; baseline -0.02 -7"><span class='ocrx_word' id='word_1_35' title='bbox 178 412 205 433; x_wconf 77' lang='lat' dir='ltr'><strong>et</strong></span> <span class='ocrx_word' id='word_1_36' title='bbox 233 403 396 439; x_wconf 79' lang='lat' dir='ltr'><strong>ingenitus:</strong></span> <span class='ocrx_word' id='word_1_37' title='bbox 411 399 498 426; x_wconf 82' lang='lat' dir='ltr'><strong>Filius</strong></span> <span class='ocrx_word' id='word_1_38' title='bbox 523 402 567 426; x_wconf 92' lang='lat' dir='ltr'><strong>est</strong></span> <span class='ocrx_word' id='word_1_39' title='bbox 591 395 690 428; x_wconf 82' lang='lat' dir='ltr'><strong>Filius,</strong></span> <span class='ocrx_word' id='word_1_40' title='bbox 709 393 836 430; x_wconf 71' lang='lat' dir='ltr'><strong>genitus,</strong></span> <span class='ocrx_word' id='word_1_41' title='bbox 852 395 879 419; x_wconf 86' lang='lat' dir='ltr'><strong>et</strong></span> <span class='ocrx_word' id='word_1_42' title='bbox 910 397 965 417; x_wconf 93' lang='lat' dir='ltr'><strong>non</strong></span> 
     </span>
    </p>
   </div>
   <div class='ocr_carea' id='block_1_6' title="bbox 180 440 966 486">
    <p class='ocr_par' dir='ltr' id='par_1_6' title="bbox 180 440 966 486">
     <span class='ocr_line' id='line_1_6' title="bbox 180 440 966 486; baseline -0.02 -7"><span class='ocrx_word' id='word_1_43' title='bbox 180 451 338 486; x_wconf 82' lang='lat' dir='ltr'><strong>ingenitus:</strong></span> <span class='ocrx_word' id='word_1_44' title='bbox 364 452 407 475; x_wconf 83' lang='lat' dir='ltr'><strong>est</strong></span> <span class='ocrx_word' id='word_1_45' title='bbox 435 446 510 473; x_wconf 92' lang='lat' dir='ltr'><strong>enim</strong></span> <span class='ocrx_word' id='word_1_46' title='bbox 536 452 569 471; x_wconf 86' lang='lat' dir='ltr'><strong>ex</strong></span> <span class='ocrx_word' id='word_1_47' title='bbox 592 443 683 469; x_wconf 81' lang='lat' dir='ltr'><strong>Patre.</strong></span> <span class='ocrx_word' id='word_1_48' title='bbox 703 440 827 476; x_wconf 86' lang='lat' dir='ltr'><strong>Spiritus</strong></span> <span class='ocrx_word' id='word_1_49' title='bbox 850 441 966 466; x_wconf 84' lang='lat' dir='ltr'><strong>sanctus</strong></span> 
     </span>
    </p>
   </div>
   <div class='ocr_carea' id='block_1_7' title="bbox 180 483 967 533">
    <p class='ocr_par' dir='ltr' id='par_1_7' title="bbox 180 483 967 533">
     <span class='ocr_line' id='line_1_7' title="bbox 180 483 967 533; baseline -0.018 -9"><span class='ocrx_word' id='word_1_50' title='bbox 180 497 291 533; x_wconf 69' lang='lat' dir='ltr'><strong>genitus</strong></span> <span class='ocrx_word' id='word_1_51' title='bbox 309 502 365 522; x_wconf 92' lang='lat' dir='ltr'><strong>non</strong></span> <span class='ocrx_word' id='word_1_52' title='bbox 382 497 437 524; x_wconf 83' lang='lat' dir='ltr'><strong>est.</strong></span> <span class='ocrx_word' id='word_1_53' title='bbox 455 491 502 519; x_wconf 85' lang='lat' dir='ltr'><strong>sed</strong></span> <span class='ocrx_word' id='word_1_54' title='bbox 523 489 696 526; x_wconf 77' lang='lat' dir='ltr'><strong>procedens;</strong></span> <span class='ocrx_word' id='word_1_55' title='bbox 719 487 783 521; x_wconf 88' lang='lat' dir='ltr'><strong>quia</strong></span> <span class='ocrx_word' id='word_1_56' title='bbox 808 490 852 512; x_wconf 85' lang='lat' dir='ltr'><strong>est</strong></span> <span class='ocrx_word' id='word_1_57' title='bbox 867 492 899 512; x_wconf 83' lang='lat' dir='ltr'><strong>ex</strong></span> <span class='ocrx_word' id='word_1_58' title='bbox 915 483 967 511; x_wconf 83' lang='lat' dir='ltr'><strong>Pa-</strong></span> 
     </span>
    </p>
   </div>
   <div class='ocr_carea' id='block_1_8' title="bbox 179 529 967 571">
    <p class='ocr_par' dir='ltr' id='par_1_8' title="bbox 179 529 967 571">
     <span class='ocr_line' id='line_1_8' title="bbox 179 529 967 571; baseline -0.018 -1"><span class='ocrx_word' id='word_1_59' title='bbox 179 548 234 570; x_wconf 84' lang='lat' dir='ltr'><strong>tre.</strong></span> <span class='ocrx_word' id='word_1_60' title='bbox 250 540 325 568; x_wconf 80' lang='lat' dir='ltr'><strong>Nihil</strong></span> <span class='ocrx_word' id='word_1_61' title='bbox 338 543 472 567; x_wconf 87' lang='lat' dir='ltr'><strong>.ereatum</strong></span> <span class='ocrx_word' id='word_1_62' title='bbox 483 558 492 571; x_wconf 85' lang='lat'><strong>,</strong></span> <span class='ocrx_word' id='word_1_63' title='bbox 519 536 587 563; x_wconf 87' lang='lat' dir='ltr'><strong>nihil</strong></span> <span class='ocrx_word' id='word_1_64' title='bbox 606 532 881 568; x_wconf 85' lang='lat' dir='ltr'><strong>primo—secundum,</strong></span> <span class='ocrx_word' id='word_1_65' title='bbox 896 529 967 557; x_wconf 93' lang='lat' dir='ltr'><strong>nihil</strong></span> 
     </span>
    </p>
   </div>
   <div class='ocr_carea' id='block_1_9' title="bbox 187 578 966 616">
    <p class='ocr_par' dir='ltr' id='par_1_9' title="bbox 187 578 966 616">
     <span class='ocr_line' id='line_1_9' title="bbox 187 578 966 616; baseline -0.018 0"><span class='ocrx_word' id='word_1_66' title='bbox 187 588 424 616; x_wconf 86' lang='lat' dir='ltr'><strong>domino-servum</strong></span> <span class='ocrx_word' id='word_1_67' title='bbox 449 592 456 610; x_wconf 86' lang='lat'><strong>:</strong></span> <span class='ocrx_word' id='word_1_68' title='bbox 486 582 532 610; x_wconf 87' lang='lat' dir='ltr'><strong>sed</strong></span> <span class='ocrx_word' id='word_1_69' title='bbox 572 580 668 608; x_wconf 86' lang='lat' dir='ltr'><strong>Unitas</strong></span> <span class='ocrx_word' id='word_1_70' title='bbox 696 578 874 612; x_wconf 86' lang='lat' dir='ltr'><strong>Trinitasque</strong></span> <span class='ocrx_word' id='word_1_71' title='bbox 905 580 966 607; x_wconf 86' lang='lat' dir='ltr'><strong>est;</strong></span> 
     </span>
    </p>
   </div>
   <div class='ocr_carea' id='block_1_10' title="bbox 187 622 966 663">
    <p class='ocr_par' dir='ltr' id='par_1_10' title="bbox 187 622 966 663">
     <span class='ocr_line' id='line_1_10' title="bbox 187 622 966 663; baseline -0.019 -1"><span class='ocrx_word' id='word_1_72' title='bbox 187 635 244 662; x_wconf 91' lang='lat' dir='ltr'><strong>imo</strong></span> <span class='ocrx_word' id='word_1_73' title='bbox 259 638 286 661; x_wconf 90' lang='lat' dir='ltr'><strong>et</strong></span> <span class='ocrx_word' id='word_1_74' title='bbox 304 636 376 663; x_wconf 87' lang='lat' dir='ltr'><strong>erat,</strong></span> <span class='ocrx_word' id='word_1_75' title='bbox 402 634 429 658; x_wconf 89' lang='lat' dir='ltr'><strong>et</strong></span> <span class='ocrx_word' id='word_1_76' title='bbox 443 633 485 656; x_wconf 83' lang='lat' dir='ltr'><strong>est</strong></span> <span class='ocrx_word' id='word_1_77' title='bbox 498 649 506 661; x_wconf 84' lang='lat'><strong>,</strong></span> <span class='ocrx_word' id='word_1_78' title='bbox 529 633 556 655; x_wconf 84' lang='lat' dir='ltr'><strong>et</strong></span> <span class='ocrx_word' id='word_1_79' title='bbox 571 627 624 655; x_wconf 85' lang='lat' dir='ltr'><strong>erit</strong></span> <span class='ocrx_word' id='word_1_80' title='bbox 643 627 670 653; x_wconf 95' lang='lat' dir='ltr'><strong>in</strong></span> <span class='ocrx_word' id='word_1_81' title='bbox 688 624 808 655; x_wconf 69' lang='lat' dir='ltr'><strong>saecula;</strong></span> <span class='ocrx_word' id='word_1_82' title='bbox 826 622 966 650; x_wconf 78' lang='lat' dir='ltr'><strong>intellecta</strong></span> 
     </span>
    </p>
   </div>
   <div class='ocr_carea' id='block_1_11' title="bbox 178 668 966 715">
    <p class='ocr_par' dir='ltr' id='par_1_11' title="bbox 178 668 966 715">
     <span class='ocr_line' id='line_1_11' title="bbox 178 668 966 715; baseline -0.02 -8"><span class='ocrx_word' id='word_1_83' title='bbox 178 688 228 715; x_wconf 88' lang='lat' dir='ltr'><strong>per</strong></span> <span class='ocrx_word' id='word_1_84' title='bbox 244 679 324 705; x_wconf 82' lang='lat' dir='ltr'><strong>ﬁdem</strong></span> <span class='ocrx_word' id='word_1_85' title='bbox 345 680 372 703; x_wconf 89' lang='lat' dir='ltr'><strong>et</strong></span> <span class='ocrx_word' id='word_1_86' title='bbox 394 674 534 702; x_wconf 87' lang='lat' dir='ltr'><strong>adorata:</strong></span> <span class='ocrx_word' id='word_1_87' title='bbox 565 679 612 706; x_wconf 89' lang='lat' dir='ltr'><strong>per</strong></span> <span class='ocrx_word' id='word_1_88' title='bbox 639 670 732 702; x_wconf 78' lang='lat' dir='ltr'><strong>ﬁdem,</strong></span> <span class='ocrx_word' id='word_1_89' title='bbox 759 668 883 702; x_wconf 88' lang='lat' dir='ltr'><strong>inquam,</strong></span> <span class='ocrx_word' id='word_1_90' title='bbox 912 673 966 692; x_wconf 90' lang='lat' dir='ltr'><strong>non</strong></span> 
     </span>
    </p>
   </div>
   <div class='ocr_carea' id='block_1_12' title="bbox 180 713 967 760">
    <p class='ocr_par' dir='ltr' id='par_1_12' title="bbox 180 713 967 760">
     <span class='ocr_line' id='line_1_12' title="bbox 180 713 967 760; baseline -0.02 -7"><span class='ocrx_word' id='word_1_91' title='bbox 180 723 374 760; x_wconf 87' lang='lat' dir='ltr'><strong>inquisitione.</strong></span> <span class='ocrx_word' id='word_1_92' title='bbox 392 728 448 748; x_wconf 91' lang='lat' dir='ltr'><strong>non</strong></span> <span class='ocrx_word' id='word_1_93' title='bbox 471 716 700 751; x_wconf 74' lang='lat' dir='ltr'><strong>investigatiorie,</strong></span> <span class='ocrx_word' id='word_1_94' title='bbox 720 721 775 741; x_wconf 91' lang='lat' dir='ltr'><strong>non</strong></span> <span class='ocrx_word' id='word_1_95' title='bbox 789 713 967 740; x_wconf 86' lang='lat' dir='ltr'><strong>demonstra-</strong></span> 
     </span>
    </p>
   </div>
   <div class='ocr_carea' id='block_1_13' title="bbox 181 762 969 802">
    <p class='ocr_par' dir='ltr' id='par_1_13' title="bbox 181 762 969 802">
     <span class='ocr_line' id='line_1_13' title="bbox 181 762 969 802; baseline -0.02 -3"><span class='ocrx_word' id='word_1_96' title='bbox 181 773 265 799; x_wconf 80' lang='lat' dir='ltr'><strong>tione.</strong></span> <span class='ocrx_word' id='word_1_97' title='bbox 284 770 393 802; x_wconf 85' lang='lat' dir='ltr'><strong>Quanto</strong></span> <span class='ocrx_word' id='word_1_98' title='bbox 408 766 495 801; x_wconf 80' lang='lat' dir='ltr'><strong>magis</strong></span> <span class='ocrx_word' id='word_1_99' title='bbox 510 765 583 792; x_wconf 89' lang='lat' dir='ltr'><strong>enim</strong></span> <span class='ocrx_word' id='word_1_100' title='bbox 601 762 798 796; x_wconf 77' lang='lat' dir='ltr'><strong>investigatur,</strong></span> <span class='ocrx_word' id='word_1_101' title='bbox 813 762 892 786; x_wconf 87' lang='lat' dir='ltr'><strong>tanto</strong></span> <span class='ocrx_word' id='word_1_102' title='bbox 910 765 969 784; x_wconf 86' lang='lat' dir='ltr'><strong>ma-</strong></span> 
     </span>
    </p>
   </div>
   <div class='ocr_carea' id='block_1_14' title="bbox 180 807 963 853">
    <p class='ocr_par' dir='ltr' id='par_1_14' title="bbox 180 807 963 853">
     <span class='ocr_line' id='line_1_14' title="bbox 180 807 963 853; baseline -0.019 -9"><span class='ocrx_word' id='word_1_103' title='bbox 180 818 223 853; x_wconf 76' lang='lat' dir='ltr'><strong>gis</strong></span> <span class='ocrx_word' id='word_1_104' title='bbox 235 817 391 851; x_wconf 76' lang='lat' dir='ltr'><strong>ignoratur,</strong></span> <span class='ocrx_word' id='word_1_105' title='bbox 410 816 437 840; x_wconf 91' lang='lat' dir='ltr'><strong>et</strong></span> <span class='ocrx_word' id='word_1_106' title='bbox 453 818 507 847; x_wconf 91' lang='lat' dir='ltr'><strong>quo</strong></span> <span class='ocrx_word' id='word_1_107' title='bbox 521 809 661 837; x_wconf 88' lang='lat' dir='ltr'><strong>curiosius</strong></span> <span class='ocrx_word' id='word_1_108' title='bbox 682 807 842 841; x_wconf 80' lang='lat' dir='ltr'><strong>indagatur,</strong></span> <span class='ocrx_word' id='word_1_109' title='bbox 861 812 893 832; x_wconf 91' lang='lat' dir='ltr'><strong>eo</strong></span> <span class='ocrx_word' id='word_1_110' title='bbox 911 811 963 830; x_wconf 84' lang='lat' dir='ltr'><strong>am-</strong></span> 
     </span>
    </p>
   </div>
   <div class='ocr_carea' id='block_1_15' title="bbox 182 850 968 898">
    <p class='ocr_par' dir='ltr' id='par_1_15' title="bbox 182 850 968 898">
     <span class='ocr_line' id='line_1_15' title="bbox 182 850 968 898; baseline -0.019 -7"><span class='ocrx_word' id='word_1_111' title='bbox 182 864 254 898; x_wconf 87' lang='lat' dir='ltr'><strong>plius</strong></span> <span class='ocrx_word' id='word_1_112' title='bbox 269 859 461 889; x_wconf 83' lang='lat' dir='ltr'><strong>absconditur.</strong></span> <span class='ocrx_word' id='word_1_113' title='bbox 482 855 625 884; x_wconf 89' lang='lat' dir='ltr'><strong>lneuriosa</strong></span> <span class='ocrx_word' id='word_1_114' title='bbox 644 854 729 889; x_wconf 74' lang='lat' dir='ltr'><strong>igitur</strong></span> <span class='ocrx_word' id='word_1_115' title='bbox 744 852 852 879; x_wconf 85' lang='lat' dir='ltr'><strong>ratione</strong></span> <span class='ocrx_word' id='word_1_116' title='bbox 869 850 968 877; x_wconf 87' lang='lat' dir='ltr'><strong>adore-</strong></span> 
     </span>
    </p>
   </div>
   <div class='ocr_carea' id='block_1_16' title="bbox 179 885 1005 936">
    <p class='ocr_par' dir='ltr' id='par_1_16' title="bbox 179 885 1005 936">
     <span class='ocr_line' id='line_1_16' title="bbox 179 885 1005 936; baseline -0.019 0"><span class='ocrx_word' id='word_1_117' title='bbox 179 885 226 936; x_wconf 56' lang='lat' dir='ltr'><strong>iur</strong></span> <span class='ocrx_word' id='word_1_118' title='bbox 242 912 269 935; x_wconf 87' lang='lat' dir='ltr'><strong>et</strong></span> <span class='ocrx_word' id='word_1_119' title='bbox 433 912 448 930; x_wconf 93' lang='lat' dir='ltr'><strong>a</strong></span> <span class='ocrx_word' id='word_1_120' title='bbox 467 902 595 930; x_wconf 84' lang='lat' dir='ltr'><strong>ﬁdelibus</strong></span> <span class='ocrx_word' id='word_1_121' title='bbox 612 885 696 927; x_wconf 65' lang='lat' dir='ltr'><strong>Detis.</strong></span> <span class='ocrx_word' id='word_1_122' title='bbox 722 898 756 925; x_wconf 83' lang='lat' dir='ltr'><strong>Et</strong></span> <span class='ocrx_word' id='word_1_123' title='bbox 774 897 886 932; x_wconf 90' lang='lat' dir='ltr'><strong>quidem</strong></span> <span class='ocrx_word' id='word_1_124' title='bbox 903 902 966 922; x_wconf 91' lang='lat' dir='ltr'><strong>eum</strong></span> <span class='ocrx_word' id='word_1_125' title='bbox 985 885 1005 912; x_wconf 74' lang='grc' dir='ltr'><strong>Β</strong></span> 
     </span>
    </p>
   </div>
   <div class='ocr_carea' id='block_1_17' title="bbox 180 945 968 982">
    <p class='ocr_par' dir='ltr' id='par_1_17' title="bbox 180 945 968 982">
     <span class='ocr_line' id='line_1_17' title="bbox 180 945 968 982; baseline -0.018 0"><span class='ocrx_word' id='word_1_126' title='bbox 180 956 208 982; x_wconf 93' lang='lat' dir='ltr'><strong>in</strong></span> <span class='ocrx_word' id='word_1_127' title='bbox 226 954 317 981; x_wconf 88' lang='lat' dir='ltr'><strong>tribus</strong></span> <span class='ocrx_word' id='word_1_128' title='bbox 333 959 395 980; x_wconf 86' lang='lat' dir='ltr'><strong>esse</strong></span> <span class='ocrx_word' id='word_1_129' title='bbox 410 948 603 978; x_wconf 71' lang='lat' dir='ltr'><strong>subsistentiis</strong></span> <span class='ocrx_word' id='word_1_130' title='bbox 622 946 716 974; x_wconf 89' lang='lat' dir='ltr'><strong>crede.</strong></span> <span class='ocrx_word' id='word_1_131' title='bbox 742 945 860 977; x_wconf 82' lang='lat' dir='ltr'><strong>Quinam</strong></span> <span class='ocrx_word' id='word_1_132' title='bbox 878 947 968 969; x_wconf 88' lang='lat' dir='ltr'><strong>autem</strong></span> 
     </span>
    </p>
   </div>
   <div class='ocr_carea' id='block_1_18' title="bbox 181 989 967 1036">
    <p class='ocr_par' dir='ltr' id='par_1_18' title="bbox 181 989 967 1036">
     <span class='ocr_line' id='line_1_18' title="bbox 181 989 967 1036; baseline -0.019 -7"><span class='ocrx_word' id='word_1_133' title='bbox 181 1003 239 1036; x_wconf 90' lang='lat' dir='ltr'><strong>ipse</strong></span> <span class='ocrx_word' id='word_1_134' title='bbox 259 1001 305 1033; x_wconf 82' lang='lat' dir='ltr'><strong>sit,</strong></span> <span class='ocrx_word' id='word_1_135' title='bbox 323 1006 377 1026; x_wconf 89' lang='lat' dir='ltr'><strong>non</strong></span> <span class='ocrx_word' id='word_1_136' title='bbox 390 997 524 1032; x_wconf 82' lang='lat' dir='ltr'><strong>inquiras.</strong></span> <span class='ocrx_word' id='word_1_137' title='bbox 542 994 580 1022; x_wconf 85' lang='lat' dir='ltr'><strong>Ne</strong></span> <span class='ocrx_word' id='word_1_138' title='bbox 600 994 673 1021; x_wconf 88' lang='lat' dir='ltr'><strong>intra</strong></span> <span class='ocrx_word' id='word_1_139' title='bbox 686 992 807 1027; x_wconf 89' lang='lat' dir='ltr'><strong>teipsum</strong></span> <span class='ocrx_word' id='word_1_140' title='bbox 841 989 945 1017; x_wconf 80' lang='lat' dir='ltr'><strong>dixeris</strong></span> <span class='ocrx_word' id='word_1_141' title='bbox 960 996 967 1014; x_wconf 92' lang='lat'>:</span> 
     </span>
    </p>
   </div>
   <div class='ocr_carea' id='block_1_19' title="bbox 182 1033 970 1076">
    <p class='ocr_par' dir='ltr' id='par_1_19' title="bbox 182 1033 970 1076">
     <span class='ocr_line' id='line_1_19' title="bbox 182 1033 970 1076; baseline -0.018 -2"><span class='ocrx_word' id='word_1_142' title='bbox 182 1033 299 1075; x_wconf 68' lang='lat' dir='ltr'><strong>Dbinam</strong></span> <span class='ocrx_word' id='word_1_143' title='bbox 316 1049 358 1072; x_wconf 85' lang='lat' dir='ltr'><strong>est</strong></span> <span class='ocrx_word' id='word_1_144' title='bbox 381 1043 473 1076; x_wconf 84' lang='lat' dir='ltr'><strong>Deus;</strong></span> <span class='ocrx_word' id='word_1_145' title='bbox 496 1041 597 1075; x_wconf 90' lang='lat' dir='ltr'><strong>ubique</strong></span> <span class='ocrx_word' id='word_1_146' title='bbox 616 1038 753 1074; x_wconf 88' lang='lat' dir='ltr'><strong>siquidem</strong></span> <span class='ocrx_word' id='word_1_147' title='bbox 773 1036 845 1063; x_wconf 87' lang='lat' dir='ltr'><strong>Deus</strong></span> <span class='ocrx_word' id='word_1_148' title='bbox 860 1039 913 1063; x_wconf 90' lang='lat' dir='ltr'><strong>est.</strong></span> <span class='ocrx_word' id='word_1_149' title='bbox 931 1033 970 1061; x_wconf 88' lang='lat' dir='ltr'><strong>Ne</strong></span> 
     </span>
    </p>
   </div>
   <div class='ocr_carea' id='block_1_20' title="bbox 184 1082 969 1123">
    <p class='ocr_par' dir='ltr' id='par_1_20' title="bbox 184 1082 969 1123">
     <span class='ocr_line' id='line_1_20' title="bbox 184 1082 969 1123; baseline -0.018 -3"><span class='ocrx_word' id='word_1_150' title='bbox 184 1094 262 1120; x_wconf 81' lang='lat' dir='ltr'><strong>dicas</strong></span> <span class='ocrx_word' id='word_1_151' title='bbox 277 1102 283 1117; x_wconf 90' lang='lat'><strong>:</strong></span> <span class='ocrx_word' id='word_1_152' title='bbox 297 1091 420 1123; x_wconf 85' lang='lat' dir='ltr'><strong>Quonam</strong></span> <span class='ocrx_word' id='word_1_153' title='bbox 434 1088 516 1115; x_wconf 91' lang='lat' dir='ltr'><strong>modo</strong></span> <span class='ocrx_word' id='word_1_154' title='bbox 530 1092 571 1114; x_wconf 87' lang='lat' dir='ltr'><strong>est</strong></span> <span class='ocrx_word' id='word_1_155' title='bbox 581 1086 592 1112; x_wconf 89' lang='lat'><strong>‘.&#39;</strong></span> <span class='ocrx_word' id='word_1_156' title='bbox 602 1084 732 1120; x_wconf 87' lang='lat' dir='ltr'><strong>quoniam</strong></span> <span class='ocrx_word' id='word_1_157' title='bbox 748 1082 969 1110; x_wconf 83' lang='lat' dir='ltr'><strong>exeeditotnnem</strong></span> 
     </span>
    </p>
   </div>
   <div class='ocr_carea' id='block_1_21' title="bbox 182 1127 969 1167">
    <p class='ocr_par' dir='ltr' id='par_1_21' title="bbox 182 1127 969 1167">
     <span class='ocr_line' id='line_1_21' title="bbox 182 1127 969 1167; baseline -0.018 -1"><span class='ocrx_word' id='word_1_158' title='bbox 182 1138 302 1166; x_wconf 81' lang='lat' dir='ltr'><strong>modum.</strong></span> <span class='ocrx_word' id='word_1_159' title='bbox 320 1137 391 1164; x_wconf 85' lang='lat' dir='ltr'><strong>Deus</strong></span> <span class='ocrx_word' id='word_1_160' title='bbox 407 1136 480 1162; x_wconf 90' lang='lat' dir='ltr'><strong>enim</strong></span> <span class='ocrx_word' id='word_1_161' title='bbox 495 1130 690 1167; x_wconf 80' lang='lat' dir='ltr'><strong>comprehendi</strong></span> <span class='ocrx_word' id='word_1_162' title='bbox 708 1129 816 1164; x_wconf 81' lang='lat' dir='ltr'><strong>nequit.</strong></span> <span class='ocrx_word' id='word_1_163' title='bbox 829 1127 868 1155; x_wconf 82' lang='lat' dir='ltr'><strong>Ne</strong></span> <span class='ocrx_word' id='word_1_164' title='bbox 882 1127 969 1158; x_wconf 82' lang='lat' dir='ltr'><strong>dicas,</strong></span> 
     </span>
    </p>
   </div>
   <div class='ocr_carea' id='block_1_22' title="bbox 188 1173 970 1218">
    <p class='ocr_par' dir='ltr' id='par_1_22' title="bbox 188 1173 970 1218">
     <span class='ocr_line' id='line_1_22' title="bbox 188 1173 970 1218; baseline -0.017 -7"><span class='ocrx_word' id='word_1_165' title='bbox 188 1183 333 1218; x_wconf 85' lang='lat' dir='ltr'><strong>Quomodo</strong></span> <span class='ocrx_word' id='word_1_166' title='bbox 351 1181 473 1209; x_wconf 82' lang='lat' dir='ltr'><strong>Trinitas</strong></span> <span class='ocrx_word' id='word_1_167' title='bbox 489 1179 552 1207; x_wconf 82' lang='lat' dir='ltr'><strong>est?</strong></span> <span class='ocrx_word' id='word_1_168' title='bbox 575 1177 643 1204; x_wconf 79' lang='lat' dir='ltr'><strong>Nam</strong></span> <span class='ocrx_word' id='word_1_169' title='bbox 659 1176 781 1203; x_wconf 85' lang='lat' dir='ltr'><strong>Trinitas</strong></span> <span class='ocrx_word' id='word_1_170' title='bbox 803 1173 970 1209; x_wconf 74' lang='lat' dir='ltr'><strong>pervestiga-</strong></span> 
     </span>
    </p>
   </div>
   <div class='ocr_carea' id='block_1_23' title="bbox 183 1217 967 1258">
    <p class='ocr_par' dir='ltr' id='par_1_23' title="bbox 183 1217 967 1258">
     <span class='ocr_line' id='line_1_23' title="bbox 183 1217 967 1258; baseline -0.019 0"><span class='ocrx_word' id='word_1_171' title='bbox 183 1231 246 1258; x_wconf 85' lang='lat' dir='ltr'><strong>hilis</strong></span> <span class='ocrx_word' id='word_1_172' title='bbox 262 1237 315 1257; x_wconf 93' lang='lat' dir='ltr'><strong>non</strong></span> <span class='ocrx_word' id='word_1_173' title='bbox 335 1232 386 1256; x_wconf 85' lang='lat' dir='ltr'><strong>est.</strong></span> <span class='ocrx_word' id='word_1_174' title='bbox 408 1226 436 1253; x_wconf 87' lang='lat' dir='ltr'><strong>Si</strong></span> <span class='ocrx_word' id='word_1_175' title='bbox 453 1232 518 1253; x_wconf 81' lang='lat' dir='ltr'><strong>vero</strong></span> <span class='ocrx_word' id='word_1_176' title='bbox 546 1224 629 1251; x_wconf 88' lang='lat' dir='ltr'><strong>Deum</strong></span> <span class='ocrx_word' id='word_1_177' title='bbox 647 1220 801 1249; x_wconf 86' lang='lat' dir='ltr'><strong>studiosius</strong></span> <span class='ocrx_word' id='word_1_178' title='bbox 822 1217 967 1248; x_wconf 86' lang='lat' dir='ltr'><strong>serutcris,</strong></span> 
     </span>
    </p>
   </div>
   <div class='ocr_carea' id='block_1_24' title="bbox 183 1265 968 1311">
    <p class='ocr_par' dir='ltr' id='par_1_24' title="bbox 183 1265 968 1311">
     <span class='ocr_line' id='line_1_24' title="bbox 183 1265 968 1311; baseline -0.019 -8"><span class='ocrx_word' id='word_1_179' title='bbox 183 1276 302 1311; x_wconf 78' lang='lat' dir='ltr'><strong>teipsum</strong></span> <span class='ocrx_word' id='word_1_180' title='bbox 329 1272 396 1300; x_wconf 91' lang='lat' dir='ltr'><strong>mihi</strong></span> <span class='ocrx_word' id='word_1_181' title='bbox 424 1271 543 1306; x_wconf 90' lang='lat' dir='ltr'><strong>primum</strong></span> <span class='ocrx_word' id='word_1_182' title='bbox 572 1268 710 1295; x_wconf 86' lang='lat' dir='ltr'><strong>edisseras</strong></span> <span class='ocrx_word' id='word_1_183' title='bbox 736 1265 830 1295; x_wconf 80' lang='lat' dir='ltr'><strong>velim.</strong></span> <span class='ocrx_word' id='word_1_184' title='bbox 859 1266 886 1290; x_wconf 87' lang='lat' dir='ltr'><strong>et</strong></span> <span class='ocrx_word' id='word_1_185' title='bbox 906 1269 968 1297; x_wconf 71' lang='lat' dir='ltr'><strong>quae</strong></span> 
     </span>
    </p>
   </div>
   <div class='ocr_carea' id='block_1_25' title="bbox 183 1308 973 1350">
    <p class='ocr_par' dir='ltr' id='par_1_25' title="bbox 183 1308 973 1350">
     <span class='ocr_line' id='line_1_25' title="bbox 183 1308 973 1350; baseline -0.018 -2"><span class='ocrx_word' id='word_1_186' title='bbox 183 1322 257 1348; x_wconf 80' lang='lat' dir='ltr'><strong>circa</strong></span> <span class='ocrx_word' id='word_1_187' title='bbox 273 1324 299 1346; x_wconf 82' lang='lat' dir='ltr'><strong>te</strong></span> <span class='ocrx_word' id='word_1_188' title='bbox 317 1322 392 1346; x_wconf 88' lang='lat' dir='ltr'><strong>sunt.</strong></span> <span class='ocrx_word' id='word_1_189' title='bbox 410 1317 479 1350; x_wconf 86' lang='lat' dir='ltr'><strong>Quis</strong></span> <span class='ocrx_word' id='word_1_190' title='bbox 495 1315 594 1342; x_wconf 74' lang='lat' dir='ltr'><strong>anima:</strong></span> <span class='ocrx_word' id='word_1_191' title='bbox 615 1319 667 1340; x_wconf 67' lang='lat' dir='ltr'><strong>tum</strong></span> <span class='ocrx_word' id='word_1_192' title='bbox 688 1309 839 1339; x_wconf 80' lang='lat' dir='ltr'><strong>exsistendi</strong></span> <span class='ocrx_word' id='word_1_193' title='bbox 855 1308 973 1336; x_wconf 87' lang='lat' dir='ltr'><strong>modus?</strong></span> 
     </span>
    </p>
   </div>
   <div class='ocr_carea' id='block_1_26' title="bbox 183 1354 968 1401">
    <p class='ocr_par' dir='ltr' id='par_1_26' title="bbox 183 1354 968 1401">
     <span class='ocr_line' id='line_1_26' title="bbox 183 1354 968 1401; baseline -0.019 -7"><span class='ocrx_word' id='word_1_194' title='bbox 183 1374 238 1401; x_wconf 86' lang='lat' dir='ltr'><strong>quo</strong></span> <span class='ocrx_word' id='word_1_195' title='bbox 260 1369 340 1400; x_wconf 85' lang='lat' dir='ltr'><strong>pacto</strong></span> <span class='ocrx_word' id='word_1_196' title='bbox 366 1371 444 1390; x_wconf 89' lang='lat' dir='ltr'><strong>mens</strong></span> <span class='ocrx_word' id='word_1_197' title='bbox 470 1366 516 1388; x_wconf 88' lang='lat' dir='ltr'><strong>tua</strong></span> <span class='ocrx_word' id='word_1_198' title='bbox 544 1358 687 1387; x_wconf 76' lang='lat' dir='ltr'><strong>moretur?</strong></span> <span class='ocrx_word' id='word_1_199' title='bbox 713 1357 827 1392; x_wconf 82' lang='lat' dir='ltr'><strong>quinam</strong></span> <span class='ocrx_word' id='word_1_200' title='bbox 853 1354 968 1382; x_wconf 83' lang='lat' dir='ltr'><strong>verbum</strong></span> 
     </span>
    </p>
   </div>
   <div class='ocr_carea' id='block_1_27' title="bbox 183 1400 970 1447">
    <p class='ocr_par' dir='ltr' id='par_1_27' title="bbox 183 1400 970 1447">
     <span class='ocr_line' id='line_1_27' title="bbox 183 1400 970 1447; baseline -0.018 -8"><span class='ocrx_word' id='word_1_201' title='bbox 183 1410 315 1447; x_wconf 74' lang='lat' dir='ltr'><strong>generas‘!</strong></span> <span class='ocrx_word' id='word_1_202' title='bbox 331 1417 384 1444; x_wconf 87' lang='lat' dir='ltr'><strong>qua</strong></span> <span class='ocrx_word' id='word_1_203' title='bbox 400 1409 508 1435; x_wconf 86' lang='lat' dir='ltr'><strong>ratione</strong></span> <span class='ocrx_word' id='word_1_204' title='bbox 523 1405 649 1433; x_wconf 84' lang='lat' dir='ltr'><strong>mortalis</strong></span> <span class='ocrx_word' id='word_1_205' title='bbox 665 1403 748 1431; x_wconf 86' lang='lat' dir='ltr'><strong>simul</strong></span> <span class='ocrx_word' id='word_1_206' title='bbox 760 1406 843 1436; x_wconf 89' lang='lat' dir='ltr'><strong>atque</strong></span> <span class='ocrx_word' id='word_1_207' title='bbox 859 1400 970 1427; x_wconf 87' lang='lat' dir='ltr'><strong>immor—</strong></span> 
     </span>
    </p>
   </div>
   <div class='ocr_carea' id='block_1_28' title="bbox 185 1446 970 1488">
    <p class='ocr_par' dir='ltr' id='par_1_28' title="bbox 185 1446 970 1488">
     <span class='ocr_line' id='line_1_28' title="bbox 185 1446 970 1488; baseline -0.019 -3"><span class='ocrx_word' id='word_1_208' title='bbox 185 1446 249 1485; x_wconf 81' lang='lat' dir='ltr'><strong>talis</strong></span> <span class='ocrx_word' id='word_1_209' title='bbox 264 1456 314 1483; x_wconf 85' lang='lat' dir='ltr'><strong>es?</strong></span> <span class='ocrx_word' id='word_1_210' title='bbox 329 1454 408 1488; x_wconf 84' lang='lat' dir='ltr'><strong>Quod</strong></span> <span class='ocrx_word' id='word_1_211' title='bbox 423 1454 445 1481; x_wconf 89' lang='lat' dir='ltr'><strong>si</strong></span> <span class='ocrx_word' id='word_1_212' title='bbox 466 1453 523 1480; x_wconf 75' lang='lat' dir='ltr'><strong>haec</strong></span> <span class='ocrx_word' id='word_1_213' title='bbox 545 1459 606 1487; x_wconf 79' lang='lat' dir='ltr'><strong>qtne</strong></span> <span class='ocrx_word' id='word_1_214' title='bbox 620 1450 692 1477; x_wconf 91' lang='lat' dir='ltr'><strong>intra</strong></span> <span class='ocrx_word' id='word_1_215' title='bbox 709 1452 735 1476; x_wconf 86' lang='lat' dir='ltr'><strong>te</strong></span> <span class='ocrx_word' id='word_1_216' title='bbox 750 1451 827 1480; x_wconf 87' lang='lat' dir='ltr'><strong>sunt,</strong></span> <span class='ocrx_word' id='word_1_217' title='bbox 848 1446 970 1480; x_wconf 76' lang='lat' dir='ltr'><strong>ignoras,</strong></span> 
     </span>
    </p>
   </div>
   <div class='ocr_carea' id='block_1_29' title="bbox 184 1491 972 1539">
    <p class='ocr_par' dir='ltr' id='par_1_29' title="bbox 184 1491 972 1539">
     <span class='ocr_line' id='line_1_29' title="bbox 184 1491 972 1539; baseline -0.019 -8"><span class='ocrx_word' id='word_1_218' title='bbox 184 1503 324 1539; x_wconf 85' lang='lat' dir='ltr'><strong>quomodo</strong></span> <span class='ocrx_word' id='word_1_219' title='bbox 344 1509 375 1529; x_wconf 88' lang='lat' dir='ltr'><strong>ea</strong></span> <span class='ocrx_word' id='word_1_220' title='bbox 389 1507 450 1536; x_wconf 65' lang='lat' dir='ltr'><strong>quae</strong></span> <span class='ocrx_word' id='word_1_221' title='bbox 458 1499 538 1526; x_wconf 71' lang='lat' dir='ltr'><strong>emlis</strong></span> <span class='ocrx_word' id='word_1_222' title='bbox 554 1495 718 1525; x_wconf 88' lang='lat' dir='ltr'><strong>sublimiora</strong></span> <span class='ocrx_word' id='word_1_223' title='bbox 733 1496 798 1521; x_wconf 90' lang='lat' dir='ltr'><strong>sunt</strong></span> <span class='ocrx_word' id='word_1_224' title='bbox 820 1491 972 1526; x_wconf 85' lang='lat' dir='ltr'><strong>anquirens</strong></span> 
     </span>
    </p>
   </div>
   <div class='ocr_carea' id='block_1_30' title="bbox 185 1535 1006 1576">
    <p class='ocr_par' dir='ltr' id='par_1_30' title="bbox 185 1535 1006 1576">
     <span class='ocr_line' id='line_1_30' title="bbox 185 1535 1006 1576; baseline -0.018 0"><span class='ocrx_word' id='word_1_225' title='bbox 185 1557 239 1576; x_wconf 85' lang='lat' dir='ltr'><strong>non</strong></span> <span class='ocrx_word' id='word_1_226' title='bbox 262 1535 425 1575; x_wconf 79' lang='lat' dir='ltr'><strong>horrescis?</strong></span> <span class='ocrx_word' id='word_1_227' title='bbox 440 1544 508 1571; x_wconf 75' lang='lat' dir='ltr'><strong>Vita:</strong></span> <span class='ocrx_word' id='word_1_228' title='bbox 533 1543 635 1570; x_wconf 81' lang='lat' dir='ltr'><strong>fontem</strong></span> <span class='ocrx_word' id='word_1_229' title='bbox 670 1540 779 1567; x_wconf 82' lang='lat' dir='ltr'><strong>Patrem</strong></span> <span class='ocrx_word' id='word_1_230' title='bbox 801 1537 902 1573; x_wconf 70' lang='lat' dir='ltr'><strong>cogita,</strong></span> <span class='ocrx_word' id='word_1_231' title='bbox 925 1535 971 1571; x_wconf 84' lang='lat' dir='ltr'><strong>qni</strong></span> <span class='ocrx_word' id='word_1_232' title='bbox 987 1561 1006 1576; x_wconf 49' lang='grc' dir='ltr'><strong>ρ</strong></span> 
     </span>
    </p>
   </div>
   <div class='ocr_carea' id='block_1_31' title="bbox 185 1564 1006 1624">
    <p class='ocr_par' dir='ltr' id='par_1_31' title="bbox 185 1564 1006 1624">
     <span class='ocr_line' id='line_1_31' title="bbox 185 1564 1006 1576; baseline -0.019 1"><span class='ocrx_word' id='word_1_233' title='bbox 185 1564 239 1576; x_wconf 82' lang='grc' dir='ltr'>Ιιυιι</span> <span class='ocrx_word' id='word_1_234' title='bbox 264 1564 401 1575; x_wconf 61' lang='lat' dir='ltr'><strong>nuncnum</strong></span> <span class='ocrx_word' id='word_1_235' title='bbox 416 1566 422 1572; x_wconf 94' lang='lat'><strong>.</strong></span> <span class='ocrx_word' id='word_1_236' title='bbox 448 1564 508 1571; x_wconf 72' lang='grc' dir='ltr'><strong>ιιι...</strong></span> <span class='ocrx_word' id='word_1_237' title='bbox 533 1564 635 1570; x_wconf 45' lang='lat' dir='ltr'><strong>nun“...</strong></span> <span class='ocrx_word' id='word_1_238' title='bbox 670 1564 679 1567; x_wconf 87' lang='lat'>_</span> <span class='ocrx_word' id='word_1_239' title='bbox 692 1564 728 1566; x_wconf 52' lang='grc' dir='ltr'><strong>-η</strong></span> <span class='ocrx_word' id='word_1_240' title='bbox 742 1564 778 1565; x_wconf 40' lang='grc' dir='ltr'><strong>ην</strong></span> <span class='ocrx_word' id='word_1_241' title='bbox 836 1564 851 1573; x_wconf 65' lang='grc' dir='ltr'>υ</span> <span class='ocrx_word' id='word_1_242' title='bbox 896 1564 901 1568; x_wconf 64' lang='grc'><strong><em>,</em></strong></span> <span class='ocrx_word' id='word_1_243' title='bbox 935 1564 941 1571; x_wconf 79' lang='lat'><em>_</em></span> <span class='ocrx_word' id='word_1_244' title='bbox 999 1564 1006 1569; x_wconf 33' lang='grc' dir='ltr'><strong>Ἴ</strong></span> 
     </span>
     <span class='ocr_line' id='line_1_32' title="bbox 185 1564 1006 1624; baseline -0.019 -2"><span class='ocrx_word' id='word_1_245' title='bbox 185 1594 285 1621; x_wconf 81' lang='lat' dir='ltr'><strong>Filium</strong></span> <span class='ocrx_word' id='word_1_246' title='bbox 303 1601 353 1620; x_wconf 63' lang='lat' dir='ltr'><strong>(&#39;eu</strong></span> <span class='ocrx_word' id='word_1_247' title='bbox 376 1592 488 1619; x_wconf 77' lang='lat' dir='ltr'><strong>ﬂuvium</strong></span> <span class='ocrx_word' id='word_1_248' title='bbox 509 1589 660 1624; x_wconf 79' lang='lat' dir='ltr'><strong>gignat;et</strong></span> <span class='ocrx_word' id='word_1_249' title='bbox 686 1584 769 1612; x_wconf 90' lang='lat' dir='ltr'><strong>maris</strong></span> <span class='ocrx_word' id='word_1_250' title='bbox 791 1584 892 1615; x_wconf 86' lang='lat' dir='ltr'><strong>instar,</strong></span> <span class='ocrx_word' id='word_1_251' title='bbox 911 1581 973 1616; x_wconf 89' lang='lat' dir='ltr'><strong>Spi-</strong></span> <span class='ocrx_word' id='word_1_252' title='bbox 987 1564 1006 1588; x_wconf 61' lang='grc'><strong>(⁸</strong></span> 
     </span>
    </p>
   </div>
   <div class='ocr_carea' id='block_1_32' title="bbox 186 1629 973 1667">
    <p class='ocr_par' dir='ltr' id='par_1_32' title="bbox 186 1629 973 1667">
     <span class='ocr_line' id='line_1_33' title="bbox 186 1629 973 1667; baseline -0.019 0"><span class='ocrx_word' id='word_1_253' title='bbox 186 1641 270 1667; x_wconf 88' lang='lat' dir='ltr'><strong>ritum</strong></span> <span class='ocrx_word' id='word_1_254' title='bbox 288 1642 430 1666; x_wconf 88' lang='lat' dir='ltr'><strong>sanetum.</strong></span> <span class='ocrx_word' id='word_1_255' title='bbox 463 1635 569 1662; x_wconf 79' lang='lat' dir='ltr'><strong>Etenim</strong></span> <span class='ocrx_word' id='word_1_256' title='bbox 601 1633 674 1663; x_wconf 78' lang='lat' dir='ltr'><strong>fons,</strong></span> <span class='ocrx_word' id='word_1_257' title='bbox 703 1629 817 1659; x_wconf 78' lang='lat' dir='ltr'><strong>ﬂuvius.</strong></span> <span class='ocrx_word' id='word_1_258' title='bbox 843 1632 870 1655; x_wconf 93' lang='lat' dir='ltr'><strong>et</strong></span> <span class='ocrx_word' id='word_1_259' title='bbox 898 1633 973 1653; x_wconf 87' lang='lat' dir='ltr'><strong>mare</strong></span> 
     </span>
    </p>
   </div>
   <div class='ocr_carea' id='block_1_33' title="bbox 186 1676 972 1713">
    <p class='ocr_par' dir='ltr' id='par_1_33' title="bbox 186 1676 972 1713">
     <span class='ocr_line' id='line_1_34' title="bbox 186 1676 972 1713; baseline -0.022 0"><span class='ocrx_word' id='word_1_260' title='bbox 186 1694 241 1713; x_wconf 85' lang='lat' dir='ltr'><strong>una</strong></span> <span class='ocrx_word' id='word_1_261' title='bbox 259 1688 360 1711; x_wconf 89' lang='lat' dir='ltr'><strong>natura</strong></span> <span class='ocrx_word' id='word_1_262' title='bbox 378 1685 454 1709; x_wconf 89' lang='lat' dir='ltr'><strong>sunt.</strong></span> <span class='ocrx_word' id='word_1_263' title='bbox 474 1680 586 1706; x_wconf 79' lang='lat' dir='ltr'><strong>Patrem</strong></span> <span class='ocrx_word' id='word_1_264' title='bbox 599 1676 722 1703; x_wconf 88' lang='lat' dir='ltr'><strong>radicem</strong></span> <span class='ocrx_word' id='word_1_265' title='bbox 741 1677 850 1708; x_wconf 82' lang='lat' dir='ltr'><strong>reputa,</strong></span> <span class='ocrx_word' id='word_1_266' title='bbox 866 1678 972 1698; x_wconf 90' lang='lat' dir='ltr'><strong>ramum</strong></span> 
     </span>
    </p>
   </div>
   <div class='ocr_carea' id='block_1_34' title="bbox 186 1716 973 1761">
    <p class='ocr_par' dir='ltr' id='par_1_34' title="bbox 186 1716 973 1761">
     <span class='ocr_line' id='line_1_35' title="bbox 186 1716 973 1761; baseline -0.023 -2"><span class='ocrx_word' id='word_1_267' title='bbox 186 1732 299 1761; x_wconf 69' lang='lat' dir='ltr'><strong>Filium.</strong></span> <span class='ocrx_word' id='word_1_268' title='bbox 318 1729 438 1756; x_wconf 78' lang='lat' dir='ltr'><strong>fructum</strong></span> <span class='ocrx_word' id='word_1_269' title='bbox 458 1725 540 1760; x_wconf 77' lang='lat'><strong>118</strong></span> <span class='ocrx_word' id='word_1_270' title='bbox 554 1723 690 1758; x_wconf 86' lang='lat' dir='ltr'><strong>Spiritum</strong></span> <span class='ocrx_word' id='word_1_271' title='bbox 709 1724 847 1747; x_wconf 85' lang='lat' dir='ltr'><strong>sanetum.</strong></span> <span class='ocrx_word' id='word_1_272' title='bbox 864 1716 930 1744; x_wconf 85' lang='lat' dir='ltr'><strong>Nam</strong></span> <span class='ocrx_word' id='word_1_273' title='bbox 946 1717 973 1743; x_wconf 94' lang='lat' dir='ltr'><strong>in</strong></span> 
     </span>
    </p>
   </div>
   <div class='ocr_carea' id='block_1_35' title="bbox 187 1761 973 1805">
    <p class='ocr_par' dir='ltr' id='par_1_35' title="bbox 187 1761 973 1805">
     <span class='ocr_line' id='line_1_36' title="bbox 187 1761 973 1805; baseline -0.02 -2"><span class='ocrx_word' id='word_1_274' title='bbox 187 1779 279 1805; x_wconf 83' lang='lat' dir='ltr'><strong>tribus</strong></span> <span class='ocrx_word' id='word_1_275' title='bbox 294 1774 357 1802; x_wconf 88' lang='lat' dir='ltr'><strong>istis</strong></span> <span class='ocrx_word' id='word_1_276' title='bbox 374 1780 428 1800; x_wconf 93' lang='lat' dir='ltr'><strong>una</strong></span> <span class='ocrx_word' id='word_1_277' title='bbox 447 1769 605 1799; x_wconf 85' lang='lat' dir='ltr'><strong>substantia</strong></span> <span class='ocrx_word' id='word_1_278' title='bbox 624 1770 678 1794; x_wconf 88' lang='lat' dir='ltr'><strong>est.</strong></span> <span class='ocrx_word' id='word_1_279' title='bbox 697 1765 744 1793; x_wconf 87' lang='lat' dir='ltr'><strong>Sol</strong></span> <span class='ocrx_word' id='word_1_280' title='bbox 759 1768 802 1792; x_wconf 87' lang='lat' dir='ltr'><strong>est</strong></span> <span class='ocrx_word' id='word_1_281' title='bbox 819 1763 911 1793; x_wconf 86' lang='lat' dir='ltr'><strong>Pater,</strong></span> <span class='ocrx_word' id='word_1_282' title='bbox 925 1761 973 1795; x_wconf 91' lang='lat' dir='ltr'><strong>qui</strong></span> 
     </span>
    </p>
   </div>
   <div class='ocr_carea' id='block_1_36' title="bbox 187 1810 972 1851">
    <p class='ocr_par' dir='ltr' id='par_1_36' title="bbox 187 1810 972 1851">
     <span class='ocr_line' id='line_1_37' title="bbox 187 1810 972 1851; baseline -0.024 0"><span class='ocrx_word' id='word_1_283' title='bbox 187 1824 295 1851; x_wconf 86' lang='lat' dir='ltr'><strong>radium</strong></span> <span class='ocrx_word' id='word_1_284' title='bbox 313 1820 395 1847; x_wconf 87' lang='lat' dir='ltr'><strong>habet</strong></span> <span class='ocrx_word' id='word_1_285' title='bbox 409 1817 523 1849; x_wconf 75' lang='lat' dir='ltr'><strong>Filium,</strong></span> <span class='ocrx_word' id='word_1_286' title='bbox 541 1814 660 1842; x_wconf 85' lang='lat' dir='ltr'><strong>calorem</strong></span> <span class='ocrx_word' id='word_1_287' title='bbox 682 1810 817 1846; x_wconf 88' lang='lat' dir='ltr'><strong>Spiritum</strong></span> <span class='ocrx_word' id='word_1_288' title='bbox 834 1814 972 1836; x_wconf 86' lang='lat' dir='ltr'><strong>sanetum.</strong></span> 
     </span>
    </p>
   </div>
   <div class='ocr_carea' id='block_1_37' title="bbox 187 1855 973 1903">
    <p class='ocr_par' dir='ltr' id='par_1_37' title="bbox 187 1855 973 1903">
     <span class='ocr_line' id='line_1_38' title="bbox 187 1855 973 1903; baseline -0.023 -7"><span class='ocrx_word' id='word_1_289' title='bbox 187 1868 335 1903; x_wconf 80' lang='lat' dir='ltr'><strong>Imaginem</strong></span> <span class='ocrx_word' id='word_1_290' title='bbox 366 1864 541 1899; x_wconf 77' lang='lat' dir='ltr'><strong>figuramque</strong></span> <span class='ocrx_word' id='word_1_291' title='bbox 579 1864 689 1886; x_wconf 88' lang='lat' dir='ltr'><strong>onmem</strong></span> <span class='ocrx_word' id='word_1_292' title='bbox 721 1855 844 1883; x_wconf 84' lang='lat' dir='ltr'><strong>Trinitas</strong></span> <span class='ocrx_word' id='word_1_293' title='bbox 878 1857 973 1880; x_wconf 83' lang='lat' dir='ltr'><strong>saneta</strong></span> 
     </span>
    </p>
   </div>
   <div class='ocr_carea' id='block_1_38' title="bbox 188 1899 974 1948">
    <p class='ocr_par' dir='ltr' id='par_1_38' title="bbox 188 1899 974 1948">
     <span class='ocr_line' id='line_1_39' title="bbox 188 1899 974 1948; baseline -0.022 -7"><span class='ocrx_word' id='word_1_294' title='bbox 188 1915 266 1948; x_wconf 80' lang='lat' dir='ltr'><strong>longe</strong></span> <span class='ocrx_word' id='word_1_295' title='bbox 281 1914 403 1947; x_wconf 89' lang='lat' dir='ltr'><strong>superat.</strong></span> <span class='ocrx_word' id='word_1_296' title='bbox 422 1909 491 1935; x_wconf 84' lang='lat' dir='ltr'><strong>Cum</strong></span> <span class='ocrx_word' id='word_1_297' title='bbox 518 1910 627 1942; x_wconf 86' lang='lat' dir='ltr'><strong>partum</strong></span> <span class='ocrx_word' id='word_1_298' title='bbox 652 1902 733 1930; x_wconf 88' lang='lat' dir='ltr'><strong>audis</strong></span> <span class='ocrx_word' id='word_1_299' title='bbox 749 1908 782 1928; x_wconf 82' lang='lat' dir='ltr'><strong>ex</strong></span> <span class='ocrx_word' id='word_1_300' title='bbox 805 1899 896 1932; x_wconf 85' lang='lat' dir='ltr'><strong>Patre,</strong></span> <span class='ocrx_word' id='word_1_301' title='bbox 911 1905 974 1925; x_wconf 87' lang='lat' dir='ltr'><strong>eor-</strong></span> 
     </span>
    </p>
   </div>
   <div class='ocr_carea' id='block_1_39' title="bbox 189 1945 973 1996">
    <p class='ocr_par' dir='ltr' id='par_1_39' title="bbox 189 1945 973 1996">
     <span class='ocr_line' id='line_1_40' title="bbox 189 1945 973 1996; baseline -0.023 -8"><span class='ocrx_word' id='word_1_302' title='bbox 189 1960 309 1996; x_wconf 88' lang='lat' dir='ltr'><strong>poralem</strong></span> <span class='ocrx_word' id='word_1_303' title='bbox 334 1955 443 1984; x_wconf 85' lang='lat' dir='ltr'><strong>cavesis</strong></span> <span class='ocrx_word' id='word_1_304' title='bbox 462 1961 497 1981; x_wconf 89' lang='lat' dir='ltr'><strong>ne</strong></span> <span class='ocrx_word' id='word_1_305' title='bbox 513 1951 655 1986; x_wconf 77' lang='lat' dir='ltr'><strong>intelligas</strong></span> <span class='ocrx_word' id='word_1_306' title='bbox 672 1958 680 1976; x_wconf 77' lang='lat'><strong>-.</strong></span> <span class='ocrx_word' id='word_1_307' title='bbox 698 1947 819 1975; x_wconf 81' lang='lat' dir='ltr'><strong>Verbum</strong></span> <span class='ocrx_word' id='word_1_308' title='bbox 843 1945 973 1976; x_wconf 87' lang='lat' dir='ltr'><strong>audiens,</strong></span> 
     </span>
    </p>
   </div>
   <div class='ocr_carea' id='block_1_40' title="bbox 188 1991 974 2040">
    <p class='ocr_par' dir='ltr' id='par_1_40' title="bbox 188 1991 974 2040">
     <span class='ocr_line' id='line_1_41' title="bbox 188 1991 974 2040; baseline -0.023 -6"><span class='ocrx_word' id='word_1_309' title='bbox 188 2004 332 2040; x_wconf 86' lang='lat' dir='ltr'><strong>corporale</strong></span> <span class='ocrx_word' id='word_1_310' title='bbox 350 2002 463 2030; x_wconf 83' lang='lat' dir='ltr'><strong>verbum</strong></span> <span class='ocrx_word' id='word_1_311' title='bbox 479 2006 513 2027; x_wconf 89' lang='lat' dir='ltr'><strong>ne</strong></span> <span class='ocrx_word' id='word_1_312' title='bbox 528 1995 700 2032; x_wconf 80' lang='lat' dir='ltr'><strong>suspiceris:</strong></span> <span class='ocrx_word' id='word_1_313' title='bbox 722 2001 773 2021; x_wconf 89' lang='lat' dir='ltr'><strong>nec</strong></span> <span class='ocrx_word' id='word_1_314' title='bbox 788 1992 884 2019; x_wconf 88' lang='lat' dir='ltr'><strong>audito</strong></span> <span class='ocrx_word' id='word_1_315' title='bbox 911 1991 974 2026; x_wconf 88' lang='lat' dir='ltr'><strong>Spi-</strong></span> 
     </span>
    </p>
   </div>
   <div class='ocr_carea' id='block_1_41' title="bbox 187 2031 975 2082">
    <p class='ocr_par' dir='ltr' id='par_1_41' title="bbox 187 2031 975 2082">
     <span class='ocr_line' id='line_1_42' title="bbox 187 2031 975 2082; baseline -0.022 -2"><span class='ocrx_word' id='word_1_316' title='bbox 187 2053 259 2080; x_wconf 89' lang='lat' dir='ltr'><strong>ritus</strong></span> <span class='ocrx_word' id='word_1_317' title='bbox 275 2051 321 2082; x_wconf 77' lang='lat' dir='ltr'><strong>Dei</strong></span> <span class='ocrx_word' id='word_1_318' title='bbox 340 2047 476 2077; x_wconf 84' lang='lat' dir='ltr'><strong>vocabulo</strong></span> <span class='ocrx_word' id='word_1_319' title='bbox 502 2048 613 2072; x_wconf 81' lang='lat' dir='ltr'><strong>ventum</strong></span> <span class='ocrx_word' id='word_1_320' title='bbox 630 2046 678 2069; x_wconf 87' lang='lat' dir='ltr'><strong>aut</strong></span> <span class='ocrx_word' id='word_1_321' title='bbox 701 2040 840 2076; x_wconf 89' lang='lat' dir='ltr'><strong>spiramen</strong></span> <span class='ocrx_word' id='word_1_322' title='bbox 860 2038 909 2065; x_wconf 91' lang='lat' dir='ltr'><strong>tibi</strong></span> <span class='ocrx_word' id='word_1_323' title='bbox 924 2031 975 2064; x_wconf 75' lang='lat' dir='ltr'><strong>Iin-</strong></span> 
     </span>
    </p>
   </div>
   <div class='ocr_carea' id='block_1_42' title="bbox 187 2083 972 2132">
    <p class='ocr_par' dir='ltr' id='par_1_42' title="bbox 187 2083 972 2132">
     <span class='ocr_line' id='line_1_43' title="bbox 187 2083 972 2132; baseline -0.02 -8"><span class='ocrx_word' id='word_1_324' title='bbox 187 2106 254 2132; x_wconf 53' lang='lat' dir='ltr'><strong>eas;</strong></span> <span class='ocrx_word' id='word_1_325' title='bbox 276 2096 323 2124; x_wconf 90' lang='lat' dir='ltr'><strong>sed</strong></span> <span class='ocrx_word' id='word_1_326' title='bbox 339 2095 397 2123; x_wconf 88' lang='lat' dir='ltr'><strong>sola</strong></span> <span class='ocrx_word' id='word_1_327' title='bbox 414 2093 466 2120; x_wconf 90' lang='lat' dir='ltr'><strong>lide</strong></span> <span class='ocrx_word' id='word_1_328' title='bbox 493 2090 562 2118; x_wconf 92' lang='lat' dir='ltr'><strong>nihil</strong></span> <span class='ocrx_word' id='word_1_329' title='bbox 584 2088 713 2116; x_wconf 89' lang='lat' dir='ltr'><strong>curiosus</strong></span> <span class='ocrx_word' id='word_1_330' title='bbox 742 2084 859 2121; x_wconf 78' lang='lat' dir='ltr'><strong>gloriam</strong></span> <span class='ocrx_word' id='word_1_331' title='bbox 875 2083 972 2110; x_wconf 87' lang='lat' dir='ltr'><strong>dicito.</strong></span> 
     </span>
    </p>
   </div>
   <div class='ocr_carea' id='block_1_43' title="bbox 187 2128 974 2174">
    <p class='ocr_par' dir='ltr' id='par_1_43' title="bbox 187 2128 974 2174">
     <span class='ocr_line' id='line_1_44' title="bbox 187 2128 974 2174; baseline -0.022 -3"><span class='ocrx_word' id='word_1_332' title='bbox 187 2144 227 2170; x_wconf 75' lang='lat' dir='ltr'><strong>Ex</strong></span> <span class='ocrx_word' id='word_1_333' title='bbox 243 2144 326 2169; x_wconf 84' lang='lat' dir='ltr'><strong>rebus</strong></span> <span class='ocrx_word' id='word_1_334' title='bbox 341 2146 461 2174; x_wconf 79' lang='lat' dir='ltr'><strong>namque</strong></span> <span class='ocrx_word' id='word_1_335' title='bbox 473 2136 577 2165; x_wconf 82' lang='lat' dir='ltr'><strong>creatis</strong></span> <span class='ocrx_word' id='word_1_336' title='bbox 592 2133 722 2162; x_wconf 87' lang='lat' dir='ltr'><strong>conditor</strong></span> <span class='ocrx_word' id='word_1_337' title='bbox 739 2135 767 2159; x_wconf 84' lang='lat' dir='ltr'><strong>et</strong></span> <span class='ocrx_word' id='word_1_338' title='bbox 784 2129 876 2165; x_wconf 75' lang='lat' dir='ltr'><strong>opifex</strong></span> <span class='ocrx_word' id='word_1_339' title='bbox 893 2128 974 2156; x_wconf 89' lang='lat' dir='ltr'><strong>intel-</strong></span> 
     </span>
    </p>
   </div>
   <div class='ocr_carea' id='block_1_44' title="bbox 188 2174 973 2225">
    <p class='ocr_par' dir='ltr' id='par_1_44' title="bbox 188 2174 973 2225">
     <span class='ocr_line' id='line_1_45' title="bbox 188 2174 973 2225; baseline -0.023 -8"><span class='ocrx_word' id='word_1_340' title='bbox 188 2189 294 2225; x_wconf 78' lang='lat' dir='ltr'><strong>ligitur.</strong></span> <span class='ocrx_word' id='word_1_341' title='bbox 318 2186 408 2215; x_wconf 81' lang='lat' dir='ltr'><strong>Credo</strong></span> <span class='ocrx_word' id='word_1_342' title='bbox 432 2185 547 2217; x_wconf 88' lang='lat' dir='ltr'><strong>insuper</strong></span> <span class='ocrx_word' id='word_1_343' title='bbox 566 2180 614 2208; x_wconf 88' lang='lat' dir='ltr'><strong>Dei</strong></span> <span class='ocrx_word' id='word_1_344' title='bbox 634 2178 695 2206; x_wconf 80' lang='lat' dir='ltr'><strong>Filii</strong></span> <span class='ocrx_word' id='word_1_345' title='bbox 715 2177 742 2204; x_wconf 87' lang='lat' dir='ltr'><strong>in</strong></span> <span class='ocrx_word' id='word_1_346' title='bbox 761 2183 846 2204; x_wconf 80' lang='lat' dir='ltr'><strong>carne</strong></span> <span class='ocrx_word' id='word_1_347' title='bbox 860 2174 973 2209; x_wconf 88' lang='lat' dir='ltr'><strong>dispen-</strong></span> 
     </span>
    </p>
   </div>
   <div class='ocr_carea' id='block_1_45' title="bbox 771 148 1213 182">
    <p class='ocr_par' dir='ltr' id='par_1_45' title="bbox 771 148 1213 182">
     <span class='ocr_line' id='line_1_46' title="bbox 771 148 1213 182; baseline -0.009 0"><span class='ocrx_word' id='word_1_348' title='bbox 771 153 800 182; x_wconf 89' lang='lat' dir='ltr'><strong>S.</strong></span> <span class='ocrx_word' id='word_1_349' title='bbox 821 150 981 182; x_wconf 69' lang='lat' dir='ltr'>JOANNIS</span> <span class='ocrx_word' id='word_1_350' title='bbox 999 148 1213 181; x_wconf 79' lang='lat' dir='ltr'><strong>DAMASCENI</strong></span> 
     </span>
    </p>
   </div>
   <div class='ocr_carea' id='block_1_46' title="bbox 1017 201 1815 240">
    <p class='ocr_par' dir='ltr' id='par_1_46' title="bbox 1017 201 1815 240">
     <span class='ocr_line' id='line_1_47' title="bbox 1017 201 1815 240; baseline -0.005 -9"><span class='ocrx_word' id='word_1_351' title='bbox 1017 204 1206 240; x_wconf 83' lang='grc' dir='ltr'>γνωριζομένη</span> <span class='ocrx_word' id='word_1_352' title='bbox 1219 212 1225 218; x_wconf 90' lang='grc'>·</span> <span class='ocrx_word' id='word_1_353' title='bbox 1238 203 1334 239; x_wconf 83' lang='grc' dir='ltr'>Πατὴρ</span> <span class='ocrx_word' id='word_1_354' title='bbox 1348 204 1362 229; x_wconf 99' lang='lat'><strong>6</strong></span> <span class='ocrx_word' id='word_1_355' title='bbox 1387 202 1482 238; x_wconf 85' lang='grc' dir='ltr'>Πατὴρ</span> <span class='ocrx_word' id='word_1_356' title='bbox 1496 202 1542 229; x_wconf 78' lang='grc' dir='ltr'><strong>καὶ</strong></span> <span class='ocrx_word' id='word_1_357' title='bbox 1562 201 1709 237; x_wconf 68' lang='grc' dir='ltr'>ἀγέννητος</span> <span class='ocrx_word' id='word_1_358' title='bbox 1721 211 1727 219; x_wconf 87' lang='grc'>·</span> <span class='ocrx_word' id='word_1_359' title='bbox 1743 203 1815 237; x_wconf 63' lang='grc' dir='ltr'><strong>Υἱὸς</strong></span> 
     </span>
    </p>
   </div>
   <div class='ocr_carea' id='block_1_47' title="bbox 1016 248 1816 285">
    <p class='ocr_par' dir='ltr' id='par_1_47' title="bbox 1016 248 1816 285">
     <span class='ocr_line' id='line_1_48' title="bbox 1016 248 1816 285; baseline -0.005 -7"><span class='ocrx_word' id='word_1_360' title='bbox 1016 252 1031 278; x_wconf 88' lang='lat'><strong>6</strong></span> <span class='ocrx_word' id='word_1_361' title='bbox 1050 251 1123 283; x_wconf 81' lang='grc' dir='ltr'>Υἱὸς,</span> <span class='ocrx_word' id='word_1_362' title='bbox 1146 249 1273 285; x_wconf 70' lang='grc' dir='ltr'>γεννητὸς</span> <span class='ocrx_word' id='word_1_363' title='bbox 1293 249 1341 276; x_wconf 81' lang='grc' dir='ltr'>καὶ</span> <span class='ocrx_word' id='word_1_364' title='bbox 1360 249 1410 276; x_wconf 78' lang='grc' dir='ltr'><strong>οὐκ</strong></span> <span class='ocrx_word' id='word_1_365' title='bbox 1441 248 1589 283; x_wconf 77' lang='grc' dir='ltr'>ἀγέννητος</span> <span class='ocrx_word' id='word_1_366' title='bbox 1605 257 1611 263; x_wconf 90' lang='grc'>·</span> <span class='ocrx_word' id='word_1_367' title='bbox 1639 249 1671 275; x_wconf 81' lang='grc' dir='ltr'>ἑκ</span> <span class='ocrx_word' id='word_1_368' title='bbox 1699 248 1816 284; x_wconf 77' lang='grc' dir='ltr'><strong>ῐίατρός</strong></span> 
     </span>
    </p>
   </div>
   <div class='ocr_carea' id='block_1_48' title="bbox 1017 294 1812 333">
    <p class='ocr_par' dir='ltr' id='par_1_48' title="bbox 1017 294 1812 333">
     <span class='ocr_line' id='line_1_49' title="bbox 1017 294 1812 333; baseline 0 -11"><span class='ocrx_word' id='word_1_369' title='bbox 1017 298 1071 333; x_wconf 82' lang='grc' dir='ltr'>γάρ</span> <span class='ocrx_word' id='word_1_370' title='bbox 1081 305 1088 312; x_wconf 91' lang='grc'>·</span> <span class='ocrx_word' id='word_1_371' title='bbox 1107 296 1219 331; x_wconf 80' lang='grc' dir='ltr'><strong>Πνεῦμα</strong></span> <span class='ocrx_word' id='word_1_372' title='bbox 1235 296 1312 330; x_wconf 81' lang='grc' dir='ltr'>ἆγιον</span> <span class='ocrx_word' id='word_1_373' title='bbox 1336 296 1366 321; x_wconf 88' lang='grc' dir='ltr'><strong>οὐ</strong></span> <span class='ocrx_word' id='word_1_374' title='bbox 1383 294 1526 329; x_wconf 76' lang='grc' dir='ltr'>γεννητὸν,</span> <span class='ocrx_word' id='word_1_375' title='bbox 1549 294 1607 320; x_wconf 80' lang='grc' dir='ltr'>ἁλλ’</span> <span class='ocrx_word' id='word_1_376' title='bbox 1620 295 1787 330; x_wconf 73' lang='grc' dir='ltr'>ἑκπορευτὸν</span> <span class='ocrx_word' id='word_1_377' title='bbox 1803 302 1812 310; x_wconf 92' lang='grc'><strong>·</strong></span> 
     </span>
    </p>
   </div>
   <div class='ocr_carea' id='block_1_49' title="bbox 1017 339 1816 379">
    <p class='ocr_par' dir='ltr' id='par_1_49' title="bbox 1017 339 1816 379">
     <span class='ocr_line' id='line_1_50' title="bbox 1017 339 1816 379; baseline -0.006 -8"><span class='ocrx_word' id='word_1_378' title='bbox 1017 345 1049 371; x_wconf 79' lang='grc' dir='ltr'>ἐκ</span> <span class='ocrx_word' id='word_1_379' title='bbox 1057 344 1103 370; x_wconf 83' lang='grc' dir='ltr'>τοῦ</span> <span class='ocrx_word' id='word_1_380' title='bbox 1117 342 1222 379; x_wconf 74' lang='grc' dir='ltr'>Πατρὸς</span> <span class='ocrx_word' id='word_1_381' title='bbox 1237 342 1292 377; x_wconf 84' lang='grc' dir='ltr'>γάρ</span> <span class='ocrx_word' id='word_1_382' title='bbox 1302 350 1308 357; x_wconf 92' lang='grc'><strong>·</strong></span> <span class='ocrx_word' id='word_1_383' title='bbox 1321 341 1398 367; x_wconf 77' lang='grc' dir='ltr'>οὐδὲν</span> <span class='ocrx_word' id='word_1_384' title='bbox 1413 339 1531 372; x_wconf 75' lang='grc' dir='ltr'>κτιστδν,</span> <span class='ocrx_word' id='word_1_385' title='bbox 1556 340 1633 367; x_wconf 78' lang='grc' dir='ltr'>οὐδὲν</span> <span class='ocrx_word' id='word_1_386' title='bbox 1652 340 1816 376; x_wconf 78' lang='grc' dir='ltr'>πρωτοδεῦ-</span> 
     </span>
    </p>
   </div>
   <div class='ocr_carea' id='block_1_50' title="bbox 1016 385 1812 426">
    <p class='ocr_par' dir='ltr' id='par_1_50' title="bbox 1016 385 1812 426">
     <span class='ocr_line' id='line_1_51' title="bbox 1016 385 1812 426; baseline -0.006 -9"><span class='ocrx_word' id='word_1_387' title='bbox 1016 399 1106 426; x_wconf 82' lang='grc' dir='ltr'><strong>τερον,</strong></span> <span class='ocrx_word' id='word_1_388' title='bbox 1120 389 1196 416; x_wconf 81' lang='grc' dir='ltr'>οὺδὲν</span> <span class='ocrx_word' id='word_1_389' title='bbox 1207 386 1377 424; x_wconf 84' lang='grc' dir='ltr'>κυριόδουλον</span> <span class='ocrx_word' id='word_1_390' title='bbox 1385 395 1392 402; x_wconf 89' lang='grc'>·</span> <span class='ocrx_word' id='word_1_391' title='bbox 1401 385 1469 413; x_wconf 83' lang='grc' dir='ltr'>ἁλλὰ</span> <span class='ocrx_word' id='word_1_392' title='bbox 1482 385 1574 417; x_wconf 85' lang='grc' dir='ltr'>Μονὰς</span> <span class='ocrx_word' id='word_1_393' title='bbox 1584 385 1632 413; x_wconf 82' lang='grc' dir='ltr'>καὶ</span> <span class='ocrx_word' id='word_1_394' title='bbox 1641 386 1724 421; x_wconf 70' lang='grc' dir='ltr'><strong>Τριάς</strong></span> <span class='ocrx_word' id='word_1_395' title='bbox 1736 386 1812 412; x_wconf 78' lang='grc' dir='ltr'>ἐστι·</span> 
     </span>
    </p>
   </div>
   <div class='ocr_carea' id='block_1_51' title="bbox 1018 431 1813 472">
    <p class='ocr_par' dir='ltr' id='par_1_51' title="bbox 1018 431 1813 472">
     <span class='ocr_line' id='line_1_52' title="bbox 1018 431 1813 472; baseline -0.008 -9"><span class='ocrx_word' id='word_1_396' title='bbox 1018 431 1065 464; x_wconf 67' lang='grc' dir='ltr'>καὶ</span> <span class='ocrx_word' id='word_1_397' title='bbox 1077 434 1111 472; x_wconf 81' lang='grc' dir='ltr'>ἦν</span> <span class='ocrx_word' id='word_1_398' title='bbox 1126 436 1172 463; x_wconf 74' lang='grc' dir='ltr'><strong>καὶ</strong></span> <span class='ocrx_word' id='word_1_399' title='bbox 1186 435 1244 462; x_wconf 79' lang='grc' dir='ltr'>ἐστι</span> <span class='ocrx_word' id='word_1_400' title='bbox 1260 433 1307 461; x_wconf 74' lang='grc' dir='ltr'>καὶ</span> <span class='ocrx_word' id='word_1_401' title='bbox 1323 432 1397 459; x_wconf 76' lang='grc' dir='ltr'>ἔσται</span> <span class='ocrx_word' id='word_1_402' title='bbox 1425 432 1465 463; x_wconf 78' lang='grc' dir='ltr'><strong>εις</strong></span> <span class='ocrx_word' id='word_1_403' title='bbox 1487 431 1552 463; x_wconf 84' lang='grc' dir='ltr'>τοὺς</span> <span class='ocrx_word' id='word_1_404' title='bbox 1574 431 1691 463; x_wconf 78' lang='grc' dir='ltr'><strong>αἰῶνας·</strong></span> <span class='ocrx_word' id='word_1_405' title='bbox 1716 431 1813 459; x_wconf 81' lang='grc' dir='ltr'>πῖστει</span> 
     </span>
    </p>
   </div>
   <div class='ocr_carea' id='block_1_52' title="bbox 1017 477 1810 517">
    <p class='ocr_par' dir='ltr' id='par_1_52' title="bbox 1017 477 1810 517">
     <span class='ocr_line' id='line_1_53' title="bbox 1017 477 1810 517; baseline -0.008 -9"><span class='ocrx_word' id='word_1_406' title='bbox 1017 481 1148 517; x_wconf 81' lang='grc' dir='ltr'>νοουμένη</span> <span class='ocrx_word' id='word_1_407' title='bbox 1173 480 1221 508; x_wconf 77' lang='grc' dir='ltr'>καὶ</span> <span class='ocrx_word' id='word_1_408' title='bbox 1247 478 1474 515; x_wconf 75' lang='grc' dir='ltr'>προσκυνουμὲνη</span> <span class='ocrx_word' id='word_1_409' title='bbox 1488 485 1494 492; x_wconf 86' lang='grc'><em>’</em></span> <span class='ocrx_word' id='word_1_410' title='bbox 1512 477 1614 508; x_wconf 77' lang='grc' dir='ltr'><strong>πίστει,</strong></span> <span class='ocrx_word' id='word_1_411' title='bbox 1629 477 1660 503; x_wconf 86' lang='grc' dir='ltr'>οὐ</span> <span class='ocrx_word' id='word_1_412' title='bbox 1682 477 1810 513; x_wconf 74' lang='grc' dir='ltr'>ζητήσει,</span> 
     </span>
    </p>
   </div>
   <div class='ocr_carea' id='block_1_53' title="bbox 1016 522 1812 562">
    <p class='ocr_par' dir='ltr' id='par_1_53' title="bbox 1016 522 1812 562">
     <span class='ocr_line' id='line_1_54' title="bbox 1016 522 1812 562; baseline -0.009 -8"><span class='ocrx_word' id='word_1_413' title='bbox 1016 527 1078 554; x_wconf 82' lang='grc' dir='ltr'>οὐδὲ</span> <span class='ocrx_word' id='word_1_414' title='bbox 1093 526 1251 562; x_wconf 72' lang='grc' dir='ltr'>ἐξερανήσει</span> <span class='ocrx_word' id='word_1_415' title='bbox 1269 530 1291 557; x_wconf 72' lang='grc' dir='ltr'>τ,</span> <span class='ocrx_word' id='word_1_416' title='bbox 1309 524 1340 550; x_wconf 80' lang='grc' dir='ltr'><strong>οὑ</strong></span> <span class='ocrx_word' id='word_1_417' title='bbox 1367 522 1531 558; x_wconf 72' lang='grc' dir='ltr'><strong>φανερώσει.</strong></span> <span class='ocrx_word' id='word_1_418' title='bbox 1545 523 1621 557; x_wconf 80' lang='grc' dir='ltr'><strong>’Ὀσῳ</strong></span> <span class='ocrx_word' id='word_1_419' title='bbox 1639 523 1692 557; x_wconf 75' lang='grc' dir='ltr'><strong>γὰρ</strong></span> <span class='ocrx_word' id='word_1_420' title='bbox 1708 523 1812 556; x_wconf 75' lang='grc' dir='ltr'>ὲρανᾶ-</span> 
     </span>
    </p>
   </div>
   <div class='ocr_carea' id='block_1_54' title="bbox 1016 569 1810 607">
    <p class='ocr_par' dir='ltr' id='par_1_54' title="bbox 1016 569 1810 607">
     <span class='ocr_line' id='line_1_55' title="bbox 1016 569 1810 607; baseline -0.009 -7"><span class='ocrx_word' id='word_1_421' title='bbox 1016 582 1075 605; x_wconf 82' lang='grc' dir='ltr'>ται,</span> <span class='ocrx_word' id='word_1_422' title='bbox 1090 572 1212 607; x_wconf 84' lang='grc' dir='ltr'>τοσούτῳ</span> <span class='ocrx_word' id='word_1_423' title='bbox 1225 571 1305 598; x_wconf 79' lang='grc' dir='ltr'>πλέον</span> <span class='ocrx_word' id='word_1_424' title='bbox 1320 571 1465 603; x_wconf 78' lang='grc' dir='ltr'>ἀγνοεῖται,</span> <span class='ocrx_word' id='word_1_425' title='bbox 1482 569 1528 595; x_wconf 66' lang='grc' dir='ltr'>καὶ</span> <span class='ocrx_word' id='word_1_426' title='bbox 1542 569 1597 603; x_wconf 80' lang='grc' dir='ltr'><strong>ὅσῳ</strong></span> <span class='ocrx_word' id='word_1_427' title='bbox 1611 569 1810 603; x_wconf 76' lang='grc' dir='ltr'>πολυπραγμο-</span> 
     </span>
    </p>
   </div>
   <div class='ocr_carea' id='block_1_55' title="bbox 1018 614 1813 652">
    <p class='ocr_par' dir='ltr' id='par_1_55' title="bbox 1018 614 1813 652">
     <span class='ocr_line' id='line_1_56' title="bbox 1018 614 1813 652; baseline -0.008 -7"><span class='ocrx_word' id='word_1_428' title='bbox 1018 620 1114 652; x_wconf 78' lang='grc' dir='ltr'>νεῖται,</span> <span class='ocrx_word' id='word_1_429' title='bbox 1127 617 1255 645; x_wconf 76' lang='grc' dir='ltr'>ἐπιπλέον</span> <span class='ocrx_word' id='word_1_430' title='bbox 1270 616 1431 652; x_wconf 75' lang='grc' dir='ltr'>κρύπτεται.</span> <span class='ocrx_word' id='word_1_431' title='bbox 1452 615 1622 649; x_wconf 80' lang='grc' dir='ltr'>’Λπεριέργῳ</span> <span class='ocrx_word' id='word_1_432' title='bbox 1631 614 1721 640; x_wconf 76' lang='grc' dir='ltr'>τοίνυν</span> <span class='ocrx_word' id='word_1_433' title='bbox 1737 614 1813 649; x_wconf 79' lang='grc' dir='ltr'>λόγῳ</span> 
     </span>
    </p>
   </div>
   <div class='ocr_carea' id='block_1_56' title="bbox 1018 660 1811 701">
    <p class='ocr_par' dir='ltr' id='par_1_56' title="bbox 1018 660 1811 701">
     <span class='ocr_line' id='line_1_57' title="bbox 1018 660 1811 701; baseline -0.006 -10"><span class='ocrx_word' id='word_1_434' title='bbox 1018 663 1223 701; x_wconf 76' lang='grc' dir='ltr'>προσκυνεισθω</span> <span class='ocrx_word' id='word_1_435' title='bbox 1250 663 1315 693; x_wconf 69' lang='grc' dir='ltr'>Θεὸς</span> <span class='ocrx_word' id='word_1_436' title='bbox 1344 662 1395 688; x_wconf 79' lang='grc' dir='ltr'>ὑπὸ</span> <span class='ocrx_word' id='word_1_437' title='bbox 1414 661 1467 687; x_wconf 78' lang='grc' dir='ltr'><strong>τῶν</strong></span> <span class='ocrx_word' id='word_1_438' title='bbox 1492 660 1609 687; x_wconf 78' lang='grc' dir='ltr'>πιστῶν.</span> <span class='ocrx_word' id='word_1_439' title='bbox 1630 660 1686 686; x_wconf 74' lang='grc' dir='ltr'>Καὶ</span> <span class='ocrx_word' id='word_1_440' title='bbox 1702 660 1743 686; x_wconf 78' lang='grc' dir='ltr'><strong>ὅτι</strong></span> <span class='ocrx_word' id='word_1_441' title='bbox 1759 661 1811 695; x_wconf 78' lang='grc' dir='ltr'>μέν</span> 
     </span>
    </p>
   </div>
   <div class='ocr_carea' id='block_1_57' title="bbox 1017 706 1808 744">
    <p class='ocr_par' dir='ltr' id='par_1_57' title="bbox 1017 706 1808 744">
     <span class='ocr_line' id='line_1_58' title="bbox 1017 706 1808 744; baseline -0.006 -8"><span class='ocrx_word' id='word_1_442' title='bbox 1017 711 1076 736; x_wconf 72' lang='grc' dir='ltr'>ἐστι</span> <span class='ocrx_word' id='word_1_443' title='bbox 1087 709 1153 741; x_wconf 83' lang='grc' dir='ltr'><strong>Θεὸς</strong></span> <span class='ocrx_word' id='word_1_444' title='bbox 1164 709 1193 735; x_wconf 78' lang='grc' dir='ltr'>ἐν</span> <span class='ocrx_word' id='word_1_445' title='bbox 1201 709 1289 744; x_wconf 78' lang='grc' dir='ltr'>τρισὶν</span> <span class='ocrx_word' id='word_1_446' title='bbox 1302 706 1467 733; x_wconf 70' lang='grc' dir='ltr'><strong>ὑποστάσεσι</strong></span> <span class='ocrx_word' id='word_1_447' title='bbox 1478 706 1590 732; x_wconf 81' lang='grc' dir='ltr'>πίστευε</span> <span class='ocrx_word' id='word_1_448' title='bbox 1599 714 1606 722; x_wconf 80' lang='grc'><strong><em>⁸</em></strong></span> <span class='ocrx_word' id='word_1_449' title='bbox 1619 706 1677 737; x_wconf 80' lang='grc' dir='ltr'>πῶς</span> <span class='ocrx_word' id='word_1_450' title='bbox 1686 706 1714 732; x_wconf 85' lang='grc' dir='ltr'><strong>δέ</strong></span> <span class='ocrx_word' id='word_1_451' title='bbox 1723 707 1808 737; x_wconf 78' lang='grc' dir='ltr'>ἐστιν,</span> 
     </span>
    </p>
   </div>
   <div class='ocr_carea' id='block_1_58' title="bbox 1019 752 1809 791">
    <p class='ocr_par' dir='ltr' id='par_1_58' title="bbox 1019 752 1809 791">
     <span class='ocr_line' id='line_1_59' title="bbox 1019 752 1809 791; baseline -0.006 -8"><span class='ocrx_word' id='word_1_452' title='bbox 1019 756 1087 791; x_wconf 78' lang='grc' dir='ltr'>ὑπὲρ</span> <span class='ocrx_word' id='word_1_453' title='bbox 1102 755 1132 782; x_wconf 79' lang='grc' dir='ltr'>τὸ</span> <span class='ocrx_word' id='word_1_454' title='bbox 1157 755 1216 787; x_wconf 80' lang='grc' dir='ltr'><strong>πῶς</strong></span> <span class='ocrx_word' id='word_1_455' title='bbox 1240 756 1309 781; x_wconf 75' lang='grc' dir='ltr'>ἐστι.</span> <span class='ocrx_word' id='word_1_456' title='bbox 1328 753 1534 787; x_wconf 77' lang='grc' dir='ltr'>’Λκατάληπτος</span> <span class='ocrx_word' id='word_1_457' title='bbox 1551 753 1605 787; x_wconf 84' lang='grc' dir='ltr'>γὰρ</span> <span class='ocrx_word' id='word_1_458' title='bbox 1627 753 1640 778; x_wconf 86' lang='grc' dir='ltr'>ὁ</span> <span class='ocrx_word' id='word_1_459' title='bbox 1667 752 1744 783; x_wconf 82' lang='grc' dir='ltr'>Θεός.</span> <span class='ocrx_word' id='word_1_460' title='bbox 1762 753 1809 786; x_wconf 83' lang='grc' dir='ltr'><strong>Μὴ</strong></span> 
     </span>
    </p>
   </div>
   <div class='ocr_carea' id='block_1_59' title="bbox 1018 797 1808 837">
    <p class='ocr_par' dir='ltr' id='par_1_59' title="bbox 1018 797 1808 837">
     <span class='ocr_line' id='line_1_60' title="bbox 1018 797 1808 837; baseline -0.006 -10"><span class='ocrx_word' id='word_1_461' title='bbox 1018 802 1098 837; x_wconf 75' lang='grc' dir='ltr'>εἴπῃς</span> <span class='ocrx_word' id='word_1_462' title='bbox 1110 809 1117 816; x_wconf 79' lang='grc'><strong><em>⁸</em></strong></span> <span class='ocrx_word' id='word_1_463' title='bbox 1134 800 1196 832; x_wconf 87' lang='grc' dir='ltr'><strong>Πῶς</strong></span> <span class='ocrx_word' id='word_1_464' title='bbox 1210 800 1227 835; x_wconf 87' lang='grc' dir='ltr'><strong>ἡ</strong></span> <span class='ocrx_word' id='word_1_465' title='bbox 1245 799 1331 834; x_wconf 68' lang='grc' dir='ltr'>Τριὰς</span> <span class='ocrx_word' id='word_1_466' title='bbox 1354 798 1473 833; x_wconf 76' lang='grc' dir='ltr'><strong>ὑπάρχει</strong></span> <span class='ocrx_word' id='word_1_467' title='bbox 1497 797 1601 832; x_wconf 70' lang='grc' dir='ltr'><strong>Τριὲιςς</strong></span> <span class='ocrx_word' id='word_1_468' title='bbox 1630 797 1808 832; x_wconf 75' lang='grc' dir='ltr'>Ἀνεεεράνη-</span> 
     </span>
    </p>
   </div>
   <div class='ocr_carea' id='block_1_60' title="bbox 1018 843 1809 881">
    <p class='ocr_par' dir='ltr' id='par_1_60' title="bbox 1018 843 1809 881">
     <span class='ocr_line' id='line_1_61' title="bbox 1018 843 1809 881; baseline -0.008 -8"><span class='ocrx_word' id='word_1_469' title='bbox 1018 855 1062 878; x_wconf 78' lang='grc' dir='ltr'>τος</span> <span class='ocrx_word' id='word_1_470' title='bbox 1072 850 1083 863; x_wconf 77' lang='grc'>⁸</span> <span class='ocrx_word' id='word_1_471' title='bbox 1100 846 1154 881; x_wconf 85' lang='grc' dir='ltr'><strong>γάρ</strong></span> <span class='ocrx_word' id='word_1_472' title='bbox 1166 847 1240 872; x_wconf 77' lang='grc' dir='ltr'>ἐστιν</span> <span class='ocrx_word' id='word_1_473' title='bbox 1253 846 1269 880; x_wconf 86' lang='grc' dir='ltr'>ἡ</span> <span class='ocrx_word' id='word_1_474' title='bbox 1286 845 1381 879; x_wconf 72' lang='grc' dir='ltr'><strong>Τριάς.</strong></span> <span class='ocrx_word' id='word_1_475' title='bbox 1396 844 1427 870; x_wconf 74' lang='lat' dir='ltr'><strong>Et</strong></span> <span class='ocrx_word' id='word_1_476' title='bbox 1439 843 1467 869; x_wconf 76' lang='grc' dir='ltr'><strong>δὲ</strong></span> <span class='ocrx_word' id='word_1_477' title='bbox 1477 843 1544 868; x_wconf 71' lang='grc' dir='ltr'>Θεὸν</span> <span class='ocrx_word' id='word_1_478' title='bbox 1559 843 1809 878; x_wconf 76' lang='grc' dir='ltr'><strong>πολυπραγμονεῖς,</strong></span> 
     </span>
    </p>
   </div>
   <div class='ocr_carea' id='block_1_61' title="bbox 1020 888 1810 926">
    <p class='ocr_par' dir='ltr' id='par_1_61' title="bbox 1020 888 1810 926">
     <span class='ocr_line' id='line_1_62' title="bbox 1020 888 1810 926; baseline -0.004 -9"><span class='ocrx_word' id='word_1_479' title='bbox 1020 891 1128 926; x_wconf 82' lang='grc' dir='ltr'>πρῶτον</span> <span class='ocrx_word' id='word_1_480' title='bbox 1141 890 1201 917; x_wconf 67' lang='grc' dir='ltr'>εἰπέ</span> <span class='ocrx_word' id='word_1_481' title='bbox 1217 899 1262 925; x_wconf 86' lang='grc' dir='ltr'>μοι</span> <span class='ocrx_word' id='word_1_482' title='bbox 1295 890 1392 916; x_wconf 73' lang='grc' dir='ltr'>σαυτὸν</span> <span class='ocrx_word' id='word_1_483' title='bbox 1407 890 1454 915; x_wconf 69' lang='grc' dir='ltr'><strong>καὶ</strong></span> <span class='ocrx_word' id='word_1_484' title='bbox 1471 888 1504 914; x_wconf 77' lang='grc' dir='ltr'>τὰ</span> <span class='ocrx_word' id='word_1_485' title='bbox 1530 889 1596 923; x_wconf 80' lang='grc' dir='ltr'>περὶ</span> <span class='ocrx_word' id='word_1_486' title='bbox 1621 889 1726 915; x_wconf 85' lang='grc' dir='ltr'>σαυτόν.</span> <span class='ocrx_word' id='word_1_487' title='bbox 1748 889 1810 919; x_wconf 72' lang='grc' dir='ltr'>Πῶς</span> 
     </span>
    </p>
   </div>
   <div class='ocr_carea' id='block_1_62' title="bbox 1021 934 1809 972">
    <p class='ocr_par' dir='ltr' id='par_1_62' title="bbox 1021 934 1809 972">
     <span class='ocr_line' id='line_1_63' title="bbox 1021 934 1809 972; baseline -0.005 -8"><span class='ocrx_word' id='word_1_488' title='bbox 1021 938 1138 972; x_wconf 79' lang='grc' dir='ltr'><strong>ὑπάρχει</strong></span> <span class='ocrx_word' id='word_1_489' title='bbox 1150 945 1196 962; x_wconf 87' lang='grc' dir='ltr'><strong>σου</strong></span> <span class='ocrx_word' id='word_1_490' title='bbox 1207 937 1224 971; x_wconf 85' lang='grc' dir='ltr'><strong>ὴ</strong></span> <span class='ocrx_word' id='word_1_491' title='bbox 1239 936 1312 971; x_wconf 77' lang='grc' dir='ltr'>ψυχή</span> <span class='ocrx_word' id='word_1_492' title='bbox 1327 944 1333 967; x_wconf 88' lang='grc'>;</span> <span class='ocrx_word' id='word_1_493' title='bbox 1353 935 1404 961; x_wconf 77' lang='grc' dir='ltr'>ποῦ</span> <span class='ocrx_word' id='word_1_494' title='bbox 1434 934 1547 960; x_wconf 78' lang='grc' dir='ltr'>κινεῖταί</span> <span class='ocrx_word' id='word_1_495' title='bbox 1560 943 1606 960; x_wconf 88' lang='grc' dir='ltr'><strong>σου</strong></span> <span class='ocrx_word' id='word_1_496' title='bbox 1624 935 1638 960; x_wconf 90' lang='lat'><strong>6</strong></span> <span class='ocrx_word' id='word_1_497' title='bbox 1652 934 1728 967; x_wconf 78' lang='grc' dir='ltr'><strong>νοῦς;</strong></span> <span class='ocrx_word' id='word_1_498' title='bbox 1751 934 1809 965; x_wconf 82' lang='grc' dir='ltr'><strong>πῶς</strong></span> 
     </span>
    </p>
   </div>
   <div class='ocr_carea' id='block_1_63' title="bbox 1022 980 1807 1019">
    <p class='ocr_par' dir='ltr' id='par_1_63' title="bbox 1022 980 1807 1019">
     <span class='ocr_line' id='line_1_64' title="bbox 1022 980 1807 1019; baseline -0.006 -9"><span class='ocrx_word' id='word_1_499' title='bbox 1022 984 1119 1019; x_wconf 79' lang='grc' dir='ltr'>γεννᾷς</span> <span class='ocrx_word' id='word_1_500' title='bbox 1129 983 1174 1010; x_wconf 81' lang='grc' dir='ltr'><strong>τὸν</strong></span> <span class='ocrx_word' id='word_1_501' title='bbox 1189 982 1285 1017; x_wconf 75' lang='grc' dir='ltr'>λόγονς</span> <span class='ocrx_word' id='word_1_502' title='bbox 1312 981 1369 1012; x_wconf 80' lang='grc' dir='ltr'><strong>πῶς</strong></span> <span class='ocrx_word' id='word_1_503' title='bbox 1387 980 1482 1015; x_wconf 81' lang='grc' dir='ltr'>Θνητδς</span> <span class='ocrx_word' id='word_1_504' title='bbox 1508 981 1553 1006; x_wconf 76' lang='grc' dir='ltr'><strong>καὶ</strong></span> <span class='ocrx_word' id='word_1_505' title='bbox 1572 980 1704 1011; x_wconf 76' lang='grc' dir='ltr'>ἀθάνατος</span> <span class='ocrx_word' id='word_1_506' title='bbox 1717 980 1807 1015; x_wconf 81' lang='grc' dir='ltr'>ὑπάρ-</span> 
     </span>
    </p>
   </div>
   <div class='ocr_carea' id='block_1_64' title="bbox 1020 1026 1806 1066">
    <p class='ocr_par' dir='ltr' id='par_1_64' title="bbox 1020 1026 1806 1066">
     <span class='ocr_line' id='line_1_65' title="bbox 1020 1026 1806 1066; baseline -0.009 -8"><span class='ocrx_word' id='word_1_507' title='bbox 1020 1040 1078 1066; x_wconf 80' lang='grc' dir='ltr'><strong>χεις</strong></span> <span class='ocrx_word' id='word_1_508' title='bbox 1090 1043 1100 1063; x_wconf 90' lang='lat'><strong>,-</strong></span> <span class='ocrx_word' id='word_1_509' title='bbox 1115 1031 1146 1057; x_wconf 83' lang='lat' dir='ltr'><strong>El</strong></span> <span class='ocrx_word' id='word_1_510' title='bbox 1160 1029 1188 1056; x_wconf 81' lang='grc' dir='ltr'><strong>δὲ</strong></span> <span class='ocrx_word' id='word_1_511' title='bbox 1202 1028 1289 1057; x_wconf 77' lang='grc' dir='ltr'>ταῦτα</span> <span class='ocrx_word' id='word_1_512' title='bbox 1301 1028 1375 1059; x_wconf 75' lang='grc' dir='ltr'>ἐντὸς</span> <span class='ocrx_word' id='word_1_513' title='bbox 1392 1026 1504 1054; x_wconf 73' lang='grc' dir='ltr'>σεαυτοῦ</span> <span class='ocrx_word' id='word_1_514' title='bbox 1520 1027 1583 1053; x_wconf 74' lang='grc' dir='ltr'>ὄντα</span> <span class='ocrx_word' id='word_1_515' title='bbox 1609 1027 1726 1060; x_wconf 81' lang='grc' dir='ltr'>ἀγνοεῖς,</span> <span class='ocrx_word' id='word_1_516' title='bbox 1745 1027 1806 1057; x_wconf 82' lang='grc' dir='ltr'><strong>πῶς</strong></span> 
     </span>
    </p>
   </div>
   <div class='ocr_carea' id='block_1_65' title="bbox 1019 1073 1802 1112">
    <p class='ocr_par' dir='ltr' id='par_1_65' title="bbox 1019 1073 1802 1112">
     <span class='ocr_line' id='line_1_66' title="bbox 1019 1073 1802 1112; baseline -0.006 -8"><span class='ocrx_word' id='word_1_517' title='bbox 1019 1078 1055 1104; x_wconf 82' lang='grc' dir='ltr'>τὰ</span> <span class='ocrx_word' id='word_1_518' title='bbox 1074 1077 1202 1112; x_wconf 81' lang='grc' dir='ltr'><strong>ὑπεράνω</strong></span> <span class='ocrx_word' id='word_1_519' title='bbox 1228 1076 1282 1102; x_wconf 82' lang='grc' dir='ltr'>τῶν</span> <span class='ocrx_word' id='word_1_520' title='bbox 1310 1074 1433 1111; x_wconf 79' lang='grc' dir='ltr'>οὐρανῶν</span> <span class='ocrx_word' id='word_1_521' title='bbox 1462 1074 1492 1100; x_wconf 79' lang='grc' dir='ltr'><strong>οὑ</strong></span> <span class='ocrx_word' id='word_1_522' title='bbox 1520 1073 1641 1108; x_wconf 76' lang='grc' dir='ltr'>φρίττεις</span> <span class='ocrx_word' id='word_1_523' title='bbox 1660 1074 1802 1108; x_wconf 80' lang='grc' dir='ltr'><strong>ὲκζητῶν;</strong></span> 
     </span>
    </p>
   </div>
   <div class='ocr_carea' id='block_1_66' title="bbox 1020 1119 1800 1158">
    <p class='ocr_par' dir='ltr' id='par_1_66' title="bbox 1020 1119 1800 1158">
     <span class='ocr_line' id='line_1_67' title="bbox 1020 1119 1800 1158; baseline -0.008 -8"><span class='ocrx_word' id='word_1_524' title='bbox 1020 1123 1116 1158; x_wconf 85' lang='grc' dir='ltr'>Πηγὴν</span> <span class='ocrx_word' id='word_1_525' title='bbox 1132 1122 1205 1157; x_wconf 81' lang='grc' dir='ltr'><strong>ζωῆς</strong></span> <span class='ocrx_word' id='word_1_526' title='bbox 1230 1122 1326 1156; x_wconf 81' lang='grc' dir='ltr'>νόησον</span> <span class='ocrx_word' id='word_1_527' title='bbox 1348 1121 1393 1147; x_wconf 81' lang='grc' dir='ltr'>τὸν</span> <span class='ocrx_word' id='word_1_528' title='bbox 1408 1120 1528 1155; x_wconf 78' lang='grc' dir='ltr'>Πατέρα,</span> <span class='ocrx_word' id='word_1_529' title='bbox 1543 1119 1581 1150; x_wconf 81' lang='grc' dir='ltr'><strong>ὡς</strong></span> <span class='ocrx_word' id='word_1_530' title='bbox 1600 1120 1717 1154; x_wconf 72' lang='grc' dir='ltr'>ποταμὸν</span> <span class='ocrx_word' id='word_1_531' title='bbox 1741 1128 1800 1153; x_wconf 75' lang='grc' dir='ltr'>γεν-</span> 
     </span>
    </p>
   </div>
   <div class='ocr_carea' id='block_1_67' title="bbox 1020 1164 1808 1200">
    <p class='ocr_par' dir='ltr' id='par_1_67' title="bbox 1020 1164 1808 1200">
     <span class='ocr_line' id='line_1_68' title="bbox 1020 1164 1808 1200; baseline -0.008 -5"><span class='ocrx_word' id='word_1_532' title='bbox 1020 1168 1108 1195; x_wconf 78' lang='grc' dir='ltr'>νῶντα</span> <span class='ocrx_word' id='word_1_533' title='bbox 1118 1167 1164 1194; x_wconf 78' lang='grc' dir='ltr'>τὸν</span> <span class='ocrx_word' id='word_1_534' title='bbox 1173 1167 1237 1194; x_wconf 89' lang='grc' dir='ltr'>Υἱόν</span> <span class='ocrx_word' id='word_1_535' title='bbox 1251 1176 1258 1182; x_wconf 94' lang='grc'><strong>·</strong></span> <span class='ocrx_word' id='word_1_536' title='bbox 1270 1167 1408 1193; x_wconf 82' lang='grc' dir='ltr'>θάλασσαν</span> <span class='ocrx_word' id='word_1_537' title='bbox 1423 1166 1452 1191; x_wconf 88' lang='grc' dir='ltr'>τὺ</span> <span class='ocrx_word' id='word_1_538' title='bbox 1469 1165 1581 1200; x_wconf 81' lang='grc' dir='ltr'>Πνεῦμα</span> <span class='ocrx_word' id='word_1_539' title='bbox 1595 1165 1626 1190; x_wconf 86' lang='grc' dir='ltr'>τὸ</span> <span class='ocrx_word' id='word_1_540' title='bbox 1647 1165 1723 1197; x_wconf 68' lang='grc' dir='ltr'>ἅγιον</span> <span class='ocrx_word' id='word_1_541' title='bbox 1736 1172 1742 1179; x_wconf 89' lang='grc'>·</span> <span class='ocrx_word' id='word_1_542' title='bbox 1761 1164 1808 1191; x_wconf 63' lang='grc' dir='ltr'><strong>καὶ</strong></span> 
     </span>
    </p>
   </div>
   <div class='ocr_carea' id='block_1_68' title="bbox 1020 1209 1811 1249">
    <p class='ocr_par' dir='ltr' id='par_1_68' title="bbox 1020 1209 1811 1249">
     <span class='ocr_line' id='line_1_69' title="bbox 1020 1209 1811 1249; baseline -0.011 -6"><span class='ocrx_word' id='word_1_543' title='bbox 1020 1214 1075 1249; x_wconf 79' lang='grc' dir='ltr'>γὰρ</span> <span class='ocrx_word' id='word_1_544' title='bbox 1088 1214 1105 1249; x_wconf 85' lang='grc' dir='ltr'><strong>ἡ</strong></span> <span class='ocrx_word' id='word_1_545' title='bbox 1125 1212 1201 1248; x_wconf 82' lang='grc' dir='ltr'>πηγὴ</span> <span class='ocrx_word' id='word_1_546' title='bbox 1214 1212 1261 1239; x_wconf 80' lang='grc' dir='ltr'><strong>γαὶ</strong></span> <span class='ocrx_word' id='word_1_547' title='bbox 1277 1214 1290 1239; x_wconf 86' lang='grc' dir='ltr'>ὁ</span> <span class='ocrx_word' id='word_1_548' title='bbox 1306 1212 1425 1247; x_wconf 78' lang='grc' dir='ltr'>ποταμὸς</span> <span class='ocrx_word' id='word_1_549' title='bbox 1442 1212 1487 1237; x_wconf 69' lang='grc' dir='ltr'><strong>καὶ</strong></span> <span class='ocrx_word' id='word_1_550' title='bbox 1503 1212 1520 1245; x_wconf 84' lang='grc' dir='ltr'>ὴ</span> <span class='ocrx_word' id='word_1_551' title='bbox 1534 1210 1658 1236; x_wconf 76' lang='grc' dir='ltr'><strong>Θάλασσα</strong></span> <span class='ocrx_word' id='word_1_552' title='bbox 1671 1210 1719 1244; x_wconf 79' lang='grc' dir='ltr'>μία</span> <span class='ocrx_word' id='word_1_553' title='bbox 1731 1209 1811 1243; x_wconf 75' lang='grc' dir='ltr'>φύσις</span> 
     </span>
    </p>
   </div>
   <div class='ocr_carea' id='block_1_69' title="bbox 1021 1254 1811 1291">
    <p class='ocr_par' dir='ltr' id='par_1_69' title="bbox 1021 1254 1811 1291">
     <span class='ocr_line' id='line_1_70' title="bbox 1021 1254 1811 1291; baseline -0.006 -7"><span class='ocrx_word' id='word_1_554' title='bbox 1021 1257 1090 1284; x_wconf 77' lang='grc' dir='ltr'>ἐστι.</span> <span class='ocrx_word' id='word_1_555' title='bbox 1116 1256 1208 1289; x_wconf 74' lang='grc' dir='ltr'>Ῥεςαν</span> <span class='ocrx_word' id='word_1_556' title='bbox 1232 1257 1327 1291; x_wconf 84' lang='grc' dir='ltr'>νόησον</span> <span class='ocrx_word' id='word_1_557' title='bbox 1353 1256 1398 1282; x_wconf 76' lang='grc' dir='ltr'><strong>τὸν</strong></span> <span class='ocrx_word' id='word_1_558' title='bbox 1424 1256 1543 1291; x_wconf 75' lang='grc' dir='ltr'>Πατέρα,</span> <span class='ocrx_word' id='word_1_559' title='bbox 1562 1255 1660 1282; x_wconf 78' lang='grc' dir='ltr'>κλάδον</span> <span class='ocrx_word' id='word_1_560' title='bbox 1676 1254 1721 1281; x_wconf 72' lang='grc' dir='ltr'>τὸν</span> <span class='ocrx_word' id='word_1_561' title='bbox 1736 1254 1811 1285; x_wconf 68' lang='grc' dir='ltr'>Υἱῦν,</span> 
     </span>
    </p>
   </div>
   <div class='ocr_carea' id='block_1_70' title="bbox 1021 1300 1811 1339">
    <p class='ocr_par' dir='ltr' id='par_1_70' title="bbox 1021 1300 1811 1339">
     <span class='ocr_line' id='line_1_71' title="bbox 1021 1300 1811 1339; baseline -0.005 -10"><span class='ocrx_word' id='word_1_562' title='bbox 1021 1303 1127 1339; x_wconf 66' lang='grc' dir='ltr'>καρπον</span> <span class='ocrx_word' id='word_1_563' title='bbox 1138 1303 1169 1329; x_wconf 82' lang='grc' dir='ltr'><strong>τὸ</strong></span> <span class='ocrx_word' id='word_1_564' title='bbox 1184 1302 1291 1337; x_wconf 83' lang='grc' dir='ltr'>πνεῦμα</span> <span class='ocrx_word' id='word_1_565' title='bbox 1305 1302 1335 1328; x_wconf 70' lang='grc' dir='ltr'>τὸ</span> <span class='ocrx_word' id='word_1_566' title='bbox 1348 1303 1433 1335; x_wconf 68' lang='grc' dir='ltr'>ἅγιον.</span> <span class='ocrx_word' id='word_1_567' title='bbox 1448 1301 1504 1328; x_wconf 78' lang='grc' dir='ltr'>Μία</span> <span class='ocrx_word' id='word_1_568' title='bbox 1518 1301 1572 1336; x_wconf 78' lang='grc' dir='ltr'>γὰρ</span> <span class='ocrx_word' id='word_1_569' title='bbox 1584 1302 1613 1327; x_wconf 75' lang='grc' dir='ltr'>ἒν</span> <span class='ocrx_word' id='word_1_570' title='bbox 1628 1302 1683 1331; x_wconf 84' lang='grc' dir='ltr'>τοῖς</span> <span class='ocrx_word' id='word_1_571' title='bbox 1695 1300 1783 1335; x_wconf 77' lang='grc' dir='ltr'>τρισὶν</span> <span class='ocrx_word' id='word_1_572' title='bbox 1793 1301 1811 1335; x_wconf 76' lang='grc' dir='ltr'><strong>ἡ</strong></span> 
     </span>
    </p>
   </div>
   <div class='ocr_carea' id='block_1_71' title="bbox 1021 1346 1812 1383">
    <p class='ocr_par' dir='ltr' id='par_1_71' title="bbox 1021 1346 1812 1383">
     <span class='ocr_line' id='line_1_72' title="bbox 1021 1346 1812 1383; baseline -0.005 -8"><span class='ocrx_word' id='word_1_573' title='bbox 1021 1349 1109 1375; x_wconf 88' lang='grc' dir='ltr'>οὐσία.</span> <span class='ocrx_word' id='word_1_574' title='bbox 1128 1349 1221 1380; x_wconf 77' lang='grc' dir='ltr'><strong>’Ἥλιος</strong></span> <span class='ocrx_word' id='word_1_575' title='bbox 1234 1349 1248 1375; x_wconf 88' lang='lat'><strong>6</strong></span> <span class='ocrx_word' id='word_1_576' title='bbox 1260 1349 1364 1383; x_wconf 77' lang='grc' dir='ltr'>Πατὴρ,</span> <span class='ocrx_word' id='word_1_577' title='bbox 1377 1349 1473 1374; x_wconf 77' lang='grc' dir='ltr'>ἀκτῖνα</span> <span class='ocrx_word' id='word_1_578' title='bbox 1487 1348 1555 1382; x_wconf 72' lang='grc' dir='ltr'>ἔχων</span> <span class='ocrx_word' id='word_1_579' title='bbox 1566 1347 1611 1373; x_wconf 78' lang='grc' dir='ltr'><strong>τὸν</strong></span> <span class='ocrx_word' id='word_1_580' title='bbox 1625 1346 1699 1379; x_wconf 72' lang='grc' dir='ltr'>Υῐδν,</span> <span class='ocrx_word' id='word_1_581' title='bbox 1711 1346 1812 1381; x_wconf 71' lang='grc' dir='ltr'>Θερμὸν</span> 
     </span>
    </p>
   </div>
   <div class='ocr_carea' id='block_1_72' title="bbox 1021 1393 1812 1429">
    <p class='ocr_par' dir='ltr' id='par_1_72' title="bbox 1021 1393 1812 1429">
     <span class='ocr_line' id='line_1_73' title="bbox 1021 1393 1812 1429; baseline -0.004 -8"><span class='ocrx_word' id='word_1_582' title='bbox 1021 1394 1051 1421; x_wconf 77' lang='grc' dir='ltr'>τὸ</span> <span class='ocrx_word' id='word_1_583' title='bbox 1065 1394 1178 1429; x_wconf 77' lang='grc' dir='ltr'><strong>Πνεῦμα</strong></span> <span class='ocrx_word' id='word_1_584' title='bbox 1199 1394 1229 1420; x_wconf 85' lang='grc' dir='ltr'>τὺ</span> <span class='ocrx_word' id='word_1_585' title='bbox 1251 1394 1339 1427; x_wconf 70' lang='grc' dir='ltr'>ἅγιον.</span> <span class='ocrx_word' id='word_1_586' title='bbox 1369 1393 1439 1420; x_wconf 74' lang='grc' dir='ltr'>Πολὺ</span> <span class='ocrx_word' id='word_1_587' title='bbox 1457 1394 1526 1428; x_wconf 83' lang='grc' dir='ltr'>ὑπὲρ</span> <span class='ocrx_word' id='word_1_588' title='bbox 1553 1393 1644 1419; x_wconf 77' lang='grc' dir='ltr'>πᾶσαν</span> <span class='ocrx_word' id='word_1_589' title='bbox 1659 1393 1751 1419; x_wconf 80' lang='grc' dir='ltr'>εἰκόνα</span> <span class='ocrx_word' id='word_1_590' title='bbox 1766 1393 1812 1418; x_wconf 65' lang='grc' dir='ltr'>καὶ</span> 
     </span>
    </p>
   </div>
   <div class='ocr_carea' id='block_1_73' title="bbox 1021 1437 1810 1475">
    <p class='ocr_par' dir='ltr' id='par_1_73' title="bbox 1021 1437 1810 1475">
     <span class='ocr_line' id='line_1_74' title="bbox 1021 1437 1810 1475; baseline -0.005 -9"><span class='ocrx_word' id='word_1_591' title='bbox 1021 1439 1106 1467; x_wconf 75' lang='grc' dir='ltr'>τύπον</span> <span class='ocrx_word' id='word_1_592' title='bbox 1118 1440 1135 1475; x_wconf 87' lang='grc' dir='ltr'>ἡ</span> <span class='ocrx_word' id='word_1_593' title='bbox 1151 1438 1217 1473; x_wconf 83' lang='grc' dir='ltr'>ἅγια.</span> <span class='ocrx_word' id='word_1_594' title='bbox 1232 1439 1317 1474; x_wconf 79' lang='grc' dir='ltr'>Τριὰς</span> <span class='ocrx_word' id='word_1_595' title='bbox 1331 1447 1337 1454; x_wconf 82' lang='grc'><em>’</em></span> <span class='ocrx_word' id='word_1_596' title='bbox 1356 1439 1393 1474; x_wconf 83' lang='grc' dir='ltr'>μὴ</span> <span class='ocrx_word' id='word_1_597' title='bbox 1423 1439 1502 1465; x_wconf 80' lang='grc' dir='ltr'>τόκον</span> <span class='ocrx_word' id='word_1_598' title='bbox 1519 1437 1626 1465; x_wconf 81' lang='grc' dir='ltr'>ἀκούων</span> <span class='ocrx_word' id='word_1_599' title='bbox 1640 1438 1672 1464; x_wconf 80' lang='grc' dir='ltr'><strong>ἐκ</strong></span> <span class='ocrx_word' id='word_1_600' title='bbox 1692 1438 1810 1471; x_wconf 66' lang='grc' dir='ltr'>Πατρδς,</span> 
     </span>
    </p>
   </div>
   <div class='ocr_carea' id='block_1_74' title="bbox 1024 1483 1812 1520">
    <p class='ocr_par' dir='ltr' id='par_1_74' title="bbox 1024 1483 1812 1520">
     <span class='ocr_line' id='line_1_75' title="bbox 1024 1483 1812 1520; baseline -0.004 -8"><span class='ocrx_word' id='word_1_601' title='bbox 1024 1486 1178 1520; x_wconf 83' lang='grc' dir='ltr'>σωματικὸν</span> <span class='ocrx_word' id='word_1_602' title='bbox 1201 1485 1281 1512; x_wconf 76' lang='grc' dir='ltr'>τόκον</span> <span class='ocrx_word' id='word_1_603' title='bbox 1306 1486 1424 1520; x_wconf 81' lang='grc' dir='ltr'>νοήσῃς·</span> <span class='ocrx_word' id='word_1_604' title='bbox 1453 1484 1513 1519; x_wconf 79' lang='grc' dir='ltr'><strong>μηδ’</strong></span> <span class='ocrx_word' id='word_1_605' title='bbox 1534 1485 1575 1511; x_wconf 81' lang='grc' dir='ltr'>ὅτι</span> <span class='ocrx_word' id='word_1_606' title='bbox 1588 1484 1675 1518; x_wconf 88' lang='grc' dir='ltr'>Λόγον</span> <span class='ocrx_word' id='word_1_607' title='bbox 1695 1483 1812 1514; x_wconf 82' lang='grc' dir='ltr'>ἁκούων,</span> 
     </span>
    </p>
   </div>
   <div class='ocr_carea' id='block_1_75' title="bbox 1024 1529 1814 1566">
    <p class='ocr_par' dir='ltr' id='par_1_75' title="bbox 1024 1529 1814 1566">
     <span class='ocr_line' id='line_1_76' title="bbox 1024 1529 1814 1566; baseline -0.001 -9"><span class='ocrx_word' id='word_1_608' title='bbox 1024 1531 1102 1565; x_wconf 81' lang='grc' dir='ltr'>λόγον</span> <span class='ocrx_word' id='word_1_609' title='bbox 1130 1531 1286 1566; x_wconf 63' lang='grc' dir='ltr'>σωματικὸν</span> <span class='ocrx_word' id='word_1_610' title='bbox 1322 1530 1476 1565; x_wconf 69' lang='grc' dir='ltr'>ὑπολάϐῃςθ</span> <span class='ocrx_word' id='word_1_611' title='bbox 1518 1529 1585 1564; x_wconf 74' lang='grc' dir='ltr'>μηδὲ</span> <span class='ocrx_word' id='word_1_612' title='bbox 1612 1529 1724 1565; x_wconf 81' lang='grc' dir='ltr'>Πνεῦμα</span> <span class='ocrx_word' id='word_1_613' title='bbox 1745 1529 1814 1556; x_wconf 80' lang='grc' dir='ltr'>Θεοῦ</span> 
     </span>
    </p>
   </div>
   <div class='ocr_carea' id='block_1_76' title="bbox 1024 1576 1814 1613">
    <p class='ocr_par' dir='ltr' id='par_1_76' title="bbox 1024 1576 1814 1613">
     <span class='ocr_line' id='line_1_77' title="bbox 1024 1576 1814 1613; baseline -0.003 -9"><span class='ocrx_word' id='word_1_614' title='bbox 1024 1577 1141 1609; x_wconf 79' lang='grc' dir='ltr'>ἁκούων,</span> <span class='ocrx_word' id='word_1_615' title='bbox 1159 1578 1259 1613; x_wconf 78' lang='grc' dir='ltr'>ἄνεμον</span> <span class='ocrx_word' id='word_1_616' title='bbox 1273 1578 1320 1604; x_wconf 75' lang='grc' dir='ltr'><strong>καὶ</strong></span> <span class='ocrx_word' id='word_1_617' title='bbox 1342 1577 1478 1611; x_wconf 79' lang='grc' dir='ltr'>ἀναπνοὴν</span> <span class='ocrx_word' id='word_1_618' title='bbox 1492 1577 1593 1612; x_wconf 80' lang='grc' dir='ltr'>νοήσῃς</span> <span class='ocrx_word' id='word_1_619' title='bbox 1607 1583 1614 1591; x_wconf 88' lang='grc'><strong>·</strong></span> <span class='ocrx_word' id='word_1_620' title='bbox 1629 1576 1698 1604; x_wconf 79' lang='grc' dir='ltr'><strong>ἀλλὰ</strong></span> <span class='ocrx_word' id='word_1_621' title='bbox 1722 1576 1814 1602; x_wconf 77' lang='grc' dir='ltr'><strong>πίστει</strong></span> 
     </span>
    </p>
   </div>
   <div class='ocr_carea' id='block_1_77' title="bbox 1026 1615 1813 1659">
    <p class='ocr_par' dir='ltr' id='par_1_77' title="bbox 1026 1615 1813 1659">
     <span class='ocr_line' id='line_1_78' title="bbox 1026 1615 1813 1659; baseline -0.003 -9"><span class='ocrx_word' id='word_1_622' title='bbox 1026 1624 1093 1659; x_wconf 84' lang='grc' dir='ltr'>μόνῃ</span> <span class='ocrx_word' id='word_1_623' title='bbox 1108 1623 1266 1659; x_wconf 80' lang='grc' dir='ltr'>ἁπεριέργῳ</span> <span class='ocrx_word' id='word_1_624' title='bbox 1286 1623 1391 1656; x_wconf 74' lang='grc' dir='ltr'>δόξαζε.</span> <span class='ocrx_word' id='word_1_625' title='bbox 1426 1623 1473 1648; x_wconf 81' lang='grc' dir='ltr'>Ἐκ</span> <span class='ocrx_word' id='word_1_626' title='bbox 1490 1615 1559 1657; x_wconf 50' lang='grc' dir='ltr'>’γὰρ</span> <span class='ocrx_word' id='word_1_627' title='bbox 1582 1622 1636 1649; x_wconf 84' lang='grc' dir='ltr'><strong>τῶν</strong></span> <span class='ocrx_word' id='word_1_628' title='bbox 1655 1622 1813 1657; x_wconf 83' lang='grc' dir='ltr'>κτισμάτων</span> 
     </span>
    </p>
   </div>
   <div class='ocr_carea' id='block_1_78' title="bbox 1023 1668 1814 1704">
    <p class='ocr_par' dir='ltr' id='par_1_78' title="bbox 1023 1668 1814 1704">
     <span class='ocr_line' id='line_1_79' title="bbox 1023 1668 1814 1704; baseline -0.003 -8"><span class='ocrx_word' id='word_1_629' title='bbox 1023 1669 1106 1696; x_wconf 67' lang='grc' dir='ltr'>αὐτοῦ</span> <span class='ocrx_word' id='word_1_630' title='bbox 1116 1669 1255 1704; x_wconf 81' lang='grc' dir='ltr'>ἀναλόγως</span> <span class='ocrx_word' id='word_1_631' title='bbox 1269 1671 1283 1696; x_wconf 85' lang='grc' dir='ltr'><strong>ό</strong></span> <span class='ocrx_word' id='word_1_632' title='bbox 1298 1669 1465 1704; x_wconf 71' lang='grc' dir='ltr'>δημιουργὸς</span> <span class='ocrx_word' id='word_1_633' title='bbox 1480 1670 1591 1695; x_wconf 79' lang='grc' dir='ltr'>νοεῖται.</span> <span class='ocrx_word' id='word_1_634' title='bbox 1602 1669 1657 1703; x_wconf 76' lang='grc' dir='ltr'>Τὴν</span> <span class='ocrx_word' id='word_1_635' title='bbox 1672 1668 1699 1695; x_wconf 85' lang='grc' dir='ltr'><strong>δὲ</strong></span> <span class='ocrx_word' id='word_1_636' title='bbox 1715 1668 1814 1703; x_wconf 77' lang='grc' dir='ltr'>ἒνσαρ-</span> 
     </span>
    </p>
   </div>
   <div class='ocr_carea' id='block_1_79' title="bbox 1024 1714 1815 1750">
    <p class='ocr_par' dir='ltr' id='par_1_79' title="bbox 1024 1714 1815 1750">
     <span class='ocr_line' id='line_1_80' title="bbox 1024 1714 1815 1750; baseline -0.001 -8"><span class='ocrx_word' id='word_1_637' title='bbox 1024 1724 1071 1742; x_wconf 85' lang='grc' dir='ltr'><strong>κον</strong></span> <span class='ocrx_word' id='word_1_638' title='bbox 1090 1715 1246 1750; x_wconf 80' lang='grc' dir='ltr'>οἰκονομίαν</span> <span class='ocrx_word' id='word_1_639' title='bbox 1261 1715 1306 1742; x_wconf 84' lang='grc' dir='ltr'>τοῦ</span> <span class='ocrx_word' id='word_1_640' title='bbox 1320 1715 1384 1741; x_wconf 66' lang='lat' dir='ltr'><strong>Tim&quot;:</strong></span> <span class='ocrx_word' id='word_1_641' title='bbox 1399 1716 1444 1741; x_wconf 83' lang='grc' dir='ltr'>τοῦ</span> <span class='ocrx_word' id='word_1_642' title='bbox 1454 1715 1521 1741; x_wconf 83' lang='grc' dir='ltr'>Θεοῦ</span> <span class='ocrx_word' id='word_1_643' title='bbox 1532 1715 1564 1741; x_wconf 82' lang='grc' dir='ltr'><strong>ὲκ</strong></span> <span class='ocrx_word' id='word_1_644' title='bbox 1580 1714 1718 1750; x_wconf 77' lang='grc' dir='ltr'>Παρθένου</span> <span class='ocrx_word' id='word_1_645' title='bbox 1732 1714 1815 1748; x_wconf 75' lang='grc' dir='ltr'>ἁγίας</span> 
     </span>
    </p>
   </div>
   <div class='ocr_carea' id='block_1_80' title="bbox 1024 1760 1813 1796">
    <p class='ocr_par' dir='ltr' id='par_1_80' title="bbox 1024 1760 1813 1796">
     <span class='ocr_line' id='line_1_81' title="bbox 1024 1760 1813 1796; baseline -0.001 -9"><span class='ocrx_word' id='word_1_646' title='bbox 1024 1761 1161 1796; x_wconf 84' lang='grc' dir='ltr'>ἀσπόρως,</span> <span class='ocrx_word' id='word_1_647' title='bbox 1179 1761 1326 1796; x_wconf 83' lang='grc' dir='ltr'><strong>ἀφράστως</strong></span> <span class='ocrx_word' id='word_1_648' title='bbox 1341 1761 1516 1796; x_wconf 80' lang='grc' dir='ltr'>γεγενῆσθαι,</span> <span class='ocrx_word' id='word_1_649' title='bbox 1536 1760 1581 1787; x_wconf 82' lang='grc' dir='ltr'>τὸν</span> <span class='ocrx_word' id='word_1_650' title='bbox 1599 1760 1680 1787; x_wconf 79' lang='grc' dir='ltr'>αὑτὸν</span> <span class='ocrx_word' id='word_1_651' title='bbox 1693 1760 1813 1795; x_wconf 85' lang='grc' dir='ltr'>ἀσυγχύ-</span> 
     </span>
    </p>
   </div>
   <div class='ocr_carea' id='block_1_81' title="bbox 1024 1806 1814 1842">
    <p class='ocr_par' dir='ltr' id='par_1_81' title="bbox 1024 1806 1814 1842">
     <span class='ocr_line' id='line_1_82' title="bbox 1024 1806 1814 1842; baseline -0.001 -9"><span class='ocrx_word' id='word_1_652' title='bbox 1024 1815 1076 1838; x_wconf 81' lang='grc' dir='ltr'>τως</span> <span class='ocrx_word' id='word_1_653' title='bbox 1092 1807 1137 1833; x_wconf 75' lang='grc' dir='ltr'><strong>καὶ</strong></span> <span class='ocrx_word' id='word_1_654' title='bbox 1148 1807 1291 1842; x_wconf 69' lang='grc' dir='ltr'>ἀτρέπτως</span> <span class='ocrx_word' id='word_1_655' title='bbox 1317 1807 1382 1833; x_wconf 71' lang='grc' dir='ltr'><strong>εὸν</strong></span> <span class='ocrx_word' id='word_1_656' title='bbox 1394 1807 1441 1833; x_wconf 71' lang='grc' dir='ltr'>καὶ</span> <span class='ocrx_word' id='word_1_657' title='bbox 1460 1806 1604 1842; x_wconf 79' lang='grc' dir='ltr'>ἄνθρωπον</span> <span class='ocrx_word' id='word_1_658' title='bbox 1621 1806 1756 1833; x_wconf 82' lang='grc' dir='ltr'>πιστεύων</span> <span class='ocrx_word' id='word_1_659' title='bbox 1770 1807 1814 1833; x_wconf 83' lang='grc' dir='ltr'>δό-</span> 
     </span>
    </p>
   </div>
   <div class='ocr_carea' id='block_1_82' title="bbox 1025 1852 1814 1888">
    <p class='ocr_par' dir='ltr' id='par_1_82' title="bbox 1025 1852 1814 1888">
     <span class='ocr_line' id='line_1_83' title="bbox 1025 1852 1814 1888; baseline -0.001 -9"><span class='ocrx_word' id='word_1_660' title='bbox 1025 1852 1099 1885; x_wconf 74' lang='grc' dir='ltr'>ξαζε,</span> <span class='ocrx_word' id='word_1_661' title='bbox 1119 1853 1165 1879; x_wconf 84' lang='grc' dir='ltr'><strong>τὸν</strong></span> <span class='ocrx_word' id='word_1_662' title='bbox 1182 1852 1227 1879; x_wconf 86' lang='grc' dir='ltr'><strong>διὰ</strong></span> <span class='ocrx_word' id='word_1_663' title='bbox 1253 1853 1284 1879; x_wconf 80' lang='grc' dir='ltr'>σὲ</span> <span class='ocrx_word' id='word_1_664' title='bbox 1301 1853 1390 1879; x_wconf 83' lang='grc' dir='ltr'>πάντα</span> <span class='ocrx_word' id='word_1_665' title='bbox 1413 1853 1640 1887; x_wconf 80' lang='grc' dir='ltr'>οἰκονομήσαντα,</span> <span class='ocrx_word' id='word_1_666' title='bbox 1670 1852 1718 1878; x_wconf 82' lang='grc' dir='ltr'>καὶ</span> <span class='ocrx_word' id='word_1_667' title='bbox 1738 1852 1814 1888; x_wconf 81' lang='grc' dir='ltr'><strong>αὐτῷ</strong></span> 
     </span>
    </p>
   </div>
   <div class='ocr_carea' id='block_1_83' title="bbox 1025 1898 1813 1934">
    <p class='ocr_par' dir='ltr' id='par_1_83' title="bbox 1025 1898 1813 1934">
     <span class='ocr_line' id='line_1_84' title="bbox 1025 1898 1813 1934; baseline 0 -9"><span class='ocrx_word' id='word_1_668' title='bbox 1025 1898 1209 1934; x_wconf 82' lang='grc' dir='ltr'>προσκύνησιν</span> <span class='ocrx_word' id='word_1_669' title='bbox 1233 1899 1281 1925; x_wconf 77' lang='grc' dir='ltr'>καὶ</span> <span class='ocrx_word' id='word_1_670' title='bbox 1302 1898 1430 1934; x_wconf 78' lang='grc' dir='ltr'>λατρείαν</span> <span class='ocrx_word' id='word_1_671' title='bbox 1455 1898 1489 1925; x_wconf 81' lang='grc' dir='ltr'><strong>δι’</strong></span> <span class='ocrx_word' id='word_1_672' title='bbox 1516 1899 1605 1933; x_wconf 78' lang='grc' dir='ltr'>ἔργων</span> <span class='ocrx_word' id='word_1_673' title='bbox 1621 1898 1731 1932; x_wconf 81' lang='grc' dir='ltr'>ἀγαθῶν</span> <span class='ocrx_word' id='word_1_674' title='bbox 1743 1899 1813 1925; x_wconf 72' lang='grc' dir='ltr'>ἁπό-</span> 
     </span>
    </p>
   </div>
   <div class='ocr_carea' id='block_1_84' title="bbox 1024 1944 1813 1980">
    <p class='ocr_par' dir='ltr' id='par_1_84' title="bbox 1024 1944 1813 1980">
     <span class='ocr_line' id='line_1_85' title="bbox 1024 1944 1813 1980; baseline 0.001 -10"><span class='ocrx_word' id='word_1_675' title='bbox 1024 1953 1100 1979; x_wconf 86' lang='grc' dir='ltr'>νεμε.</span> <span class='ocrx_word' id='word_1_676' title='bbox 1117 1944 1173 1979; x_wconf 85' lang='grc' dir='ltr'>Τὴν</span> <span class='ocrx_word' id='word_1_677' title='bbox 1190 1944 1343 1979; x_wconf 81' lang='grc' dir='ltr'>ὑπεραγῑαν</span> <span class='ocrx_word' id='word_1_678' title='bbox 1371 1944 1501 1972; x_wconf 81' lang='grc' dir='ltr'>Θεοτόκον</span> <span class='ocrx_word' id='word_1_679' title='bbox 1537 1945 1585 1971; x_wconf 76' lang='grc' dir='ltr'>καὶ</span> <span class='ocrx_word' id='word_1_680' title='bbox 1619 1944 1813 1980; x_wconf 75' lang='grc' dir='ltr'>Ἀειπαρθένον</span> 
     </span>
    </p>
   </div>
   <div class='ocr_carea' id='block_1_85' title="bbox 1025 1989 1813 2025">
    <p class='ocr_par' dir='ltr' id='par_1_85' title="bbox 1025 1989 1813 2025">
     <span class='ocr_line' id='line_1_86' title="bbox 1025 1989 1813 2025; baseline 0 -8"><span class='ocrx_word' id='word_1_681' title='bbox 1025 1990 1143 2025; x_wconf 76' lang='grc' dir='ltr'>Μαρίαν,</span> <span class='ocrx_word' id='word_1_682' title='bbox 1156 1989 1193 2021; x_wconf 84' lang='grc' dir='ltr'>ὡς</span> <span class='ocrx_word' id='word_1_683' title='bbox 1204 1989 1291 2025; x_wconf 81' lang='grc' dir='ltr'><strong>ἁληῧῆ</strong></span> <span class='ocrx_word' id='word_1_684' title='bbox 1315 1990 1428 2025; x_wconf 77' lang='grc' dir='ltr'>Μητέρα</span> <span class='ocrx_word' id='word_1_685' title='bbox 1443 1989 1510 2016; x_wconf 78' lang='grc' dir='ltr'>Θεοῦ</span> <span class='ocrx_word' id='word_1_686' title='bbox 1533 1991 1693 2025; x_wconf 82' lang='grc' dir='ltr'>προσκυνῶν</span> <span class='ocrx_word' id='word_1_687' title='bbox 1705 1991 1753 2017; x_wconf 77' lang='grc' dir='ltr'>καὶ</span> <span class='ocrx_word' id='word_1_688' title='bbox 1768 1999 1813 2017; x_wconf 86' lang='grc' dir='ltr'>σε-</span> 
     </span>
    </p>
   </div>
   <div class='ocr_carea' id='block_1_86' title="bbox 1024 2035 1814 2072">
    <p class='ocr_par' dir='ltr' id='par_1_86' title="bbox 1024 2035 1814 2072">
     <span class='ocr_line' id='line_1_87' title="bbox 1024 2035 1814 2072; baseline 0 -10"><span class='ocrx_word' id='word_1_689' title='bbox 1024 2035 1149 2070; x_wconf 74' lang='grc' dir='ltr'>ῦόμενος,</span> <span class='ocrx_word' id='word_1_690' title='bbox 1165 2036 1211 2062; x_wconf 85' lang='grc' dir='ltr'><strong>καὶ</strong></span> <span class='ocrx_word' id='word_1_691' title='bbox 1225 2036 1330 2067; x_wconf 77' lang='grc' dir='ltr'>πάντας</span> <span class='ocrx_word' id='word_1_692' title='bbox 1358 2036 1420 2067; x_wconf 78' lang='grc' dir='ltr'>τοὺς</span> <span class='ocrx_word' id='word_1_693' title='bbox 1440 2036 1544 2069; x_wconf 77' lang='grc' dir='ltr'>ἁγίους,</span> <span class='ocrx_word' id='word_1_694' title='bbox 1562 2037 1600 2067; x_wconf 83' lang='grc' dir='ltr'>ὡς</span> <span class='ocrx_word' id='word_1_695' title='bbox 1622 2035 1705 2062; x_wconf 79' lang='grc' dir='ltr'>αὐτοῦ</span> <span class='ocrx_word' id='word_1_696' title='bbox 1731 2036 1814 2072; x_wconf 74' lang='grc' dir='ltr'>θερά-</span> 
     </span>
    </p>
   </div>
   <div class='ocr_carea' id='block_1_87' title="bbox 1025 2081 1815 2132">
    <p class='ocr_par' dir='ltr' id='par_1_87' title="bbox 1025 2081 1815 2132">
     <span class='ocr_line' id='line_1_88' title="bbox 1025 2081 1815 2132; baseline 0.003 -24"><span class='ocrx_word' id='word_1_697' title='bbox 1025 2090 1138 2132; x_wconf 69' lang='grc' dir='ltr'>πρντας.</span> <span class='ocrx_word' id='word_1_698' title='bbox 1152 2081 1245 2113; x_wconf 80' lang='grc' dir='ltr'>Οὕτως</span> <span class='ocrx_word' id='word_1_699' title='bbox 1268 2082 1353 2109; x_wconf 81' lang='grc' dir='ltr'>ποιῶν</span> <span class='ocrx_word' id='word_1_700' title='bbox 1377 2083 1511 2118; x_wconf 78' lang='grc' dir='ltr'>ὑπάρχεις</span> <span class='ocrx_word' id='word_1_701' title='bbox 1538 2082 1686 2118; x_wconf 79' lang='grc' dir='ltr'>ὀρθότομος</span> <span class='ocrx_word' id='word_1_702' title='bbox 1711 2082 1815 2119; x_wconf 75' lang='grc' dir='ltr'>λάτρης</span> 
     </span>
    </p>
   </div>
   <div class='ocr_carea' id='block_1_88' title="bbox 1024 2127 1814 2163">
    <p class='ocr_par' dir='ltr' id='par_1_88' title="bbox 1024 2127 1814 2163">
     <span class='ocr_line' id='line_1_89' title="bbox 1024 2127 1814 2163; baseline 0 -9"><span class='ocrx_word' id='word_1_703' title='bbox 1024 2127 1074 2162; x_wconf 86' lang='grc' dir='ltr'><strong>τῆς</strong></span> <span class='ocrx_word' id='word_1_704' title='bbox 1086 2127 1167 2162; x_wconf 80' lang='grc' dir='ltr'>ἁγίας</span> <span class='ocrx_word' id='word_1_705' title='bbox 1184 2128 1232 2154; x_wconf 84' lang='grc' dir='ltr'>καὶ</span> <span class='ocrx_word' id='word_1_706' title='bbox 1241 2127 1397 2163; x_wconf 75' lang='grc' dir='ltr'>ἁσυγχύτου</span> <span class='ocrx_word' id='word_1_707' title='bbox 1414 2129 1541 2163; x_wconf 77' lang='grc' dir='ltr'><strong>Τριάδος,</strong></span> <span class='ocrx_word' id='word_1_708' title='bbox 1566 2128 1672 2163; x_wconf 83' lang='grc' dir='ltr'>Πατρὸς</span> <span class='ocrx_word' id='word_1_709' title='bbox 1685 2128 1733 2155; x_wconf 74' lang='grc' dir='ltr'>καὶ</span> <span class='ocrx_word' id='word_1_710' title='bbox 1747 2127 1814 2155; x_wconf 69' lang='grc' dir='ltr'><strong>1⁸ἱοῦ</strong></span> 
     </span>
    </p>
   </div>
   <div class='ocr_carea' id='block_1_89' title="bbox 1025 2172 1812 2210">
    <p class='ocr_par' dir='ltr' id='par_1_89' title="bbox 1025 2172 1812 2210">
     <span class='ocr_line' id='line_1_90' title="bbox 1025 2172 1812 2210; baseline 0.003 -10"><span class='ocrx_word' id='word_1_711' title='bbox 1025 2174 1072 2201; x_wconf 85' lang='grc' dir='ltr'>καὶ</span> <span class='ocrx_word' id='word_1_712' title='bbox 1088 2174 1166 2208; x_wconf 79' lang='grc' dir='ltr'>ἁγίου</span> <span class='ocrx_word' id='word_1_713' title='bbox 1182 2174 1350 2209; x_wconf 77' lang='grc' dir='ltr'>Πνεῦματος,</span> <span class='ocrx_word' id='word_1_714' title='bbox 1368 2175 1418 2209; x_wconf 81' lang='grc' dir='ltr'><strong>τῆς</strong></span> <span class='ocrx_word' id='word_1_715' title='bbox 1430 2176 1494 2210; x_wconf 76' lang='grc' dir='ltr'>μιᾶς</span> <span class='ocrx_word' id='word_1_716' title='bbox 1505 2175 1650 2210; x_wconf 81' lang='grc' dir='ltr'>Θεότητος,</span> <span class='ocrx_word' id='word_1_717' title='bbox 1704 2175 1721 2210; x_wconf 75' lang='grc' dir='ltr'><strong>ἡ</strong></span> <span class='ocrx_word' id='word_1_718' title='bbox 1738 2175 1812 2208; x_wconf 74' lang='grc' dir='ltr'>δόξα,</span> 
     </span>
    </p>
   </div>
   <div class='ocr_carea' id='block_1_90' title="bbox 187 2219 972 2264">
    <p class='ocr_par' dir='ltr' id='par_1_90' title="bbox 187 2219 969 2264">
     <span class='ocr_line' id='line_1_91' title="bbox 187 2219 969 2264; baseline -0.024 -2"><span class='ocrx_word' id='word_1_719' title='bbox 187 2219 323 2262; x_wconf 58' lang='lat' dir='ltr'><strong>sationem</strong></span> <span class='ocrx_word' id='word_1_720' title='bbox 349 2239 382 2259; x_wconf 76' lang='lat' dir='ltr'><strong>ex</strong></span> <span class='ocrx_word' id='word_1_721' title='bbox 407 2229 520 2264; x_wconf 80' lang='lat' dir='ltr'><strong>Virgine</strong></span> <span class='ocrx_word' id='word_1_722' title='bbox 544 2221 726 2253; x_wconf 86' lang='lat' dir='ltr'><strong>inenarrabili</strong></span> <span class='ocrx_word' id='word_1_723' title='bbox 745 2220 826 2248; x_wconf 88' lang='lat' dir='ltr'><strong>modo</strong></span> <span class='ocrx_word' id='word_1_724' title='bbox 846 2219 908 2246; x_wconf 86' lang='lat' dir='ltr'><strong>sine</strong></span> <span class='ocrx_word' id='word_1_725' title='bbox 925 2226 969 2246; x_wconf 88' lang='lat' dir='ltr'><strong>se-</strong></span> 
     </span>
    </p>
   </div>
   <div class='ocr_carea' id='block_1_91' title="bbox 1020 2219 1813 2264">
    <p class='ocr_par' dir='ltr' id='par_1_91' title="bbox 1026 2219 1813 2255">
     <span class='ocr_line' id='line_1_92' title="bbox 1026 2219 1813 2255; baseline 0 -10"><span class='ocrx_word' id='word_1_726' title='bbox 1026 2220 1071 2245; x_wconf 74' lang='grc' dir='ltr'>καὶ</span> <span class='ocrx_word' id='word_1_727' title='bbox 1083 2220 1099 2253; x_wconf 86' lang='grc' dir='ltr'>ὴ</span> <span class='ocrx_word' id='word_1_728' title='bbox 1116 2219 1195 2254; x_wconf 83' lang='grc' dir='ltr'>τιμὴ,</span> <span class='ocrx_word' id='word_1_729' title='bbox 1208 2219 1256 2246; x_wconf 81' lang='grc' dir='ltr'><strong>καὶ</strong></span> <span class='ocrx_word' id='word_1_730' title='bbox 1279 2219 1465 2255; x_wconf 79' lang='grc' dir='ltr'>προσκύνησις</span> <span class='ocrx_word' id='word_1_731' title='bbox 1490 2221 1531 2251; x_wconf 72' lang='grc' dir='ltr'><strong>εἰς</strong></span> <span class='ocrx_word' id='word_1_732' title='bbox 1550 2221 1614 2252; x_wconf 83' lang='grc' dir='ltr'>τοὺς</span> <span class='ocrx_word' id='word_1_733' title='bbox 1637 2220 1740 2252; x_wconf 80' lang='grc' dir='ltr'>αἱῶνας</span> <span class='ocrx_word' id='word_1_734' title='bbox 1759 2219 1813 2246; x_wconf 80' lang='grc' dir='ltr'>τῶν</span> 
     </span>
    </p>
   </div>
   <div class='ocr_carea' id='block_1_92' title="bbox 187 2264 972 2307">
    <p class='ocr_par' dir='ltr' id='par_1_92' title="bbox 187 2264 972 2307">
     <span class='ocr_line' id='line_1_93' title="bbox 187 2264 972 2307; baseline -0.023 1"><span class='ocrx_word' id='word_1_735' title='bbox 187 2281 261 2307; x_wconf 86' lang='lat' dir='ltr'><strong>mine</strong></span> <span class='ocrx_word' id='word_1_736' title='bbox 282 2279 383 2305; x_wconf 77' lang='lat' dir='ltr'><strong>factam</strong></span> <span class='ocrx_word' id='word_1_737' title='bbox 398 2283 471 2306; x_wconf 90' lang='lat' dir='ltr'><strong>esse,</strong></span> <span class='ocrx_word' id='word_1_738' title='bbox 497 2277 527 2300; x_wconf 88' lang='lat' dir='ltr'><strong>ut</strong></span> <span class='ocrx_word' id='word_1_739' title='bbox 555 2271 627 2299; x_wconf 90' lang='lat' dir='ltr'><strong>idem</strong></span> <span class='ocrx_word' id='word_1_740' title='bbox 645 2269 704 2304; x_wconf 89' lang='lat' dir='ltr'><strong>ipse</strong></span> <span class='ocrx_word' id='word_1_741' title='bbox 730 2267 790 2294; x_wconf 88' lang='lat' dir='ltr'><strong>sine</strong></span> <span class='ocrx_word' id='word_1_742' title='bbox 807 2264 972 2293; x_wconf 81' lang='lat' dir='ltr'><strong>confusione</strong></span> 
     </span>
    </p>
   </div>
   <div class='ocr_carea' id='block_1_93' title="bbox 1025 2264 1262 2301">
    <p class='ocr_par' dir='ltr' id='par_1_93' title="bbox 1025 2264 1262 2301">
     <span class='ocr_line' id='line_1_94' title="bbox 1025 2264 1262 2301; baseline 0 -10"><span class='ocrx_word' id='word_1_743' title='bbox 1025 2264 1142 2292; x_wconf 85' lang='grc' dir='ltr'>αἰώνων.</span> <span class='ocrx_word' id='word_1_744' title='bbox 1166 2266 1262 2301; x_wconf 83' lang='grc' dir='ltr'>Ἀμήν.</span> 
     </span>
    </p>
   </div>
   <div class='ocr_carea' id='block_1_94' title="bbox 187 2306 1813 2354">
    <p class='ocr_par' dir='ltr' id='par_1_94' title="bbox 187 2306 1813 2354">
     <span class='ocr_line' id='line_1_95' title="bbox 187 2306 1813 2354; baseline -0.012 0"><span class='ocrx_word' id='word_1_745' title='bbox 187 2331 214 2354; x_wconf 83' lang='lat' dir='ltr'><strong>rt</strong></span> <span class='ocrx_word' id='word_1_746' title='bbox 242 2324 422 2354; x_wconf 81' lang='lat' dir='ltr'><strong>conversione</strong></span> <span class='ocrx_word' id='word_1_747' title='bbox 449 2321 522 2348; x_wconf 88' lang='lat' dir='ltr'><strong>Deus</strong></span> <span class='ocrx_word' id='word_1_748' title='bbox 539 2322 567 2347; x_wconf 88' lang='lat' dir='ltr'><strong>et</strong></span> <span class='ocrx_word' id='word_1_749' title='bbox 591 2318 675 2345; x_wconf 92' lang='lat' dir='ltr'><strong>homo</strong></span> <span class='ocrx_word' id='word_1_750' title='bbox 702 2314 796 2342; x_wconf 79' lang='lat' dir='ltr'><strong>fuerit.</strong></span> <span class='ocrx_word' id='word_1_751' title='bbox 822 2311 967 2340; x_wconf 81' lang='lat' dir='ltr'><strong>Credendo</strong></span> <span class='ocrx_word' id='word_1_752' title='bbox 985 2312 1102 2347; x_wconf 81' lang='lat' dir='ltr'><strong>gloriam</strong></span> <span class='ocrx_word' id='word_1_753' title='bbox 1123 2306 1182 2347; x_wconf 85' lang='lat' dir='ltr'><strong>ejus</strong></span> <span class='ocrx_word' id='word_1_754' title='bbox 1200 2313 1321 2346; x_wconf 88' lang='lat' dir='ltr'><strong>celebra,</strong></span> <span class='ocrx_word' id='word_1_755' title='bbox 1340 2313 1432 2345; x_wconf 84' lang='lat' dir='ltr'><strong>illius,</strong></span> <span class='ocrx_word' id='word_1_756' title='bbox 1470 2314 1594 2347; x_wconf 89' lang='lat' dir='ltr'><strong>inquam,</strong></span> <span class='ocrx_word' id='word_1_757' title='bbox 1632 2313 1680 2348; x_wconf 84' lang='lat' dir='ltr'><strong>qui</strong></span> <span class='ocrx_word' id='word_1_758' title='bbox 1713 2316 1813 2341; x_wconf 69' lang='lat' dir='ltr'><strong>cuncta</strong></span> 
     </span>
    </p>
   </div>
   <div class='ocr_carea' id='block_1_95' title="bbox 187 2358 1812 2408">
    <p class='ocr_par' dir='ltr' id='par_1_95' title="bbox 187 2358 1812 2408">
     <span class='ocr_line' id='line_1_96' title="bbox 187 2358 1812 2408; baseline -0.009 -8"><span class='ocrx_word' id='word_1_759' title='bbox 187 2377 299 2408; x_wconf 90' lang='lat' dir='ltr'><strong>propter</strong></span> <span class='ocrx_word' id='word_1_760' title='bbox 313 2375 340 2398; x_wconf 89' lang='lat' dir='ltr'><strong>te</strong></span> <span class='ocrx_word' id='word_1_761' title='bbox 360 2372 437 2397; x_wconf 87' lang='lat' dir='ltr'><strong>certo</strong></span> <span class='ocrx_word' id='word_1_762' title='bbox 453 2366 572 2394; x_wconf 90' lang='lat' dir='ltr'><strong>consilio</strong></span> <span class='ocrx_word' id='word_1_763' title='bbox 587 2362 720 2398; x_wconf 86' lang='lat' dir='ltr'><strong>disponit,</strong></span> <span class='ocrx_word' id='word_1_764' title='bbox 734 2361 815 2395; x_wconf 88' lang='lat' dir='ltr'><strong>eique</strong></span> <span class='ocrx_word' id='word_1_765' title='bbox 831 2366 879 2393; x_wconf 92' lang='lat' dir='ltr'><strong>per</strong></span> <span class='ocrx_word' id='word_1_766' title='bbox 895 2358 965 2385; x_wconf 90' lang='lat' dir='ltr'><strong>bona</strong></span> <span class='ocrx_word' id='word_1_767' title='bbox 985 2365 1070 2392; x_wconf 83' lang='lat' dir='ltr'><strong>opera</strong></span> <span class='ocrx_word' id='word_1_768' title='bbox 1086 2358 1279 2386; x_wconf 88' lang='lat' dir='ltr'><strong>adorationem</strong></span> <span class='ocrx_word' id='word_1_769' title='bbox 1304 2364 1332 2386; x_wconf 88' lang='lat' dir='ltr'><strong>et</strong></span> <span class='ocrx_word' id='word_1_770' title='bbox 1364 2359 1467 2386; x_wconf 87' lang='lat' dir='ltr'><strong>cultum</strong></span> <span class='ocrx_word' id='word_1_771' title='bbox 1492 2359 1539 2393; x_wconf 90' lang='lat' dir='ltr'><strong>qui</strong></span> <span class='ocrx_word' id='word_1_772' title='bbox 1559 2366 1670 2387; x_wconf 85' lang='lat' dir='ltr'><strong>servum</strong></span> <span class='ocrx_word' id='word_1_773' title='bbox 1704 2358 1812 2395; x_wconf 65' lang='lat' dir='ltr'><strong>deceat,</strong></span> 
     </span>
    </p>
   </div>
   <div class='ocr_carea' id='block_1_96' title="bbox 187 2419 325 2454">
    <p class='ocr_par' dir='ltr' id='par_1_96' title="bbox 187 2419 325 2454">
     <span class='ocr_line' id='line_1_97' title="bbox 187 2419 325 2454; baseline 0 -9"><span class='ocrx_word' id='word_1_774' title='bbox 187 2419 325 2454; x_wconf 84' lang='lat' dir='ltr'><strong>impende.</strong></span> 
     </span>
    </p>
   </div>
   <div class='ocr_carea' id='block_1_97' title="bbox 343 2404 1814 2445">
    <p class='ocr_par' dir='ltr' id='par_1_97' title="bbox 343 2404 1814 2445">
     <span class='ocr_line' id='line_1_98' title="bbox 343 2404 1814 2445; baseline -0.01 0"><span class='ocrx_word' id='word_1_775' title='bbox 343 2415 553 2445; x_wconf 70' lang='lat' dir='ltr'><strong>Sanctissnnam</strong></span> <span class='ocrx_word' id='word_1_776' title='bbox 567 2411 613 2440; x_wconf 90' lang='lat' dir='ltr'><strong>Dei</strong></span> <span class='ocrx_word' id='word_1_777' title='bbox 626 2408 796 2438; x_wconf 85' lang='lat' dir='ltr'><strong>Genitricem</strong></span> <span class='ocrx_word' id='word_1_778' title='bbox 811 2413 974 2440; x_wconf 86' lang='lat' dir='ltr'><strong>semperque</strong></span> <span class='ocrx_word' id='word_1_779' title='bbox 995 2404 1136 2440; x_wconf 83' lang='lat' dir='ltr'><strong>Virginem</strong></span> <span class='ocrx_word' id='word_1_780' title='bbox 1175 2405 1300 2438; x_wconf 81' lang='lat' dir='ltr'><strong>Mariam,</strong></span> <span class='ocrx_word' id='word_1_781' title='bbox 1327 2410 1458 2441; x_wconf 87' lang='lat' dir='ltr'><strong>tanquam</strong></span> <span class='ocrx_word' id='word_1_782' title='bbox 1489 2413 1582 2433; x_wconf 85' lang='lat' dir='ltr'><strong>veram</strong></span> <span class='ocrx_word' id='word_1_783' title='bbox 1610 2405 1659 2433; x_wconf 90' lang='lat' dir='ltr'><strong>Dei</strong></span> <span class='ocrx_word' id='word_1_784' title='bbox 1701 2405 1814 2432; x_wconf 80' lang='lat' dir='ltr'><strong>Matrem</strong></span> 
     </span>
    </p>
   </div>
   <div class='ocr_carea' id='block_1_98' title="bbox 187 2451 1815 2494">
    <p class='ocr_par' dir='ltr' id='par_1_98' title="bbox 187 2451 1815 2494">
     <span class='ocr_line' id='line_1_99' title="bbox 187 2451 1815 2494; baseline -0.01 -2"><span class='ocrx_word' id='word_1_785' title='bbox 187 2464 272 2492; x_wconf 87' lang='lat' dir='ltr'><strong>adora</strong></span> <span class='ocrx_word' id='word_1_786' title='bbox 292 2469 318 2491; x_wconf 88' lang='lat' dir='ltr'><strong>et</strong></span> <span class='ocrx_word' id='word_1_787' title='bbox 334 2469 483 2494; x_wconf 85' lang='lat' dir='ltr'><strong>venerare;</strong></span> <span class='ocrx_word' id='word_1_788' title='bbox 510 2466 607 2487; x_wconf 82' lang='lat' dir='ltr'><strong>omnes</strong></span> <span class='ocrx_word' id='word_1_789' title='bbox 631 2460 754 2486; x_wconf 70' lang='lat' dir='ltr'><strong>sanctos,</strong></span> <span class='ocrx_word' id='word_1_790' title='bbox 771 2453 810 2480; x_wconf 87' lang='lat' dir='ltr'><strong>uti</strong></span> <span class='ocrx_word' id='word_1_791' title='bbox 828 2459 925 2480; x_wconf 71' lang='lat' dir='ltr'><strong>servos</strong></span> <span class='ocrx_word' id='word_1_792' title='bbox 952 2451 1038 2478; x_wconf 89' lang='lat' dir='ltr'><strong>illius.</strong></span> <span class='ocrx_word' id='word_1_793' title='bbox 1063 2452 1126 2479; x_wconf 70' lang='grc' dir='ltr'>Ιιιυο</span> <span class='ocrx_word' id='word_1_794' title='bbox 1153 2453 1175 2480; x_wconf 87' lang='lat' dir='ltr'><strong>si</strong></span> <span class='ocrx_word' id='word_1_795' title='bbox 1215 2452 1296 2484; x_wconf 84' lang='lat' dir='ltr'><strong>facis,</strong></span> <span class='ocrx_word' id='word_1_796' title='bbox 1336 2458 1430 2480; x_wconf 83' lang='lat' dir='ltr'><strong>rectus</strong></span> <span class='ocrx_word' id='word_1_797' title='bbox 1455 2453 1546 2480; x_wconf 86' lang='lat' dir='ltr'><strong>cultor</strong></span> <span class='ocrx_word' id='word_1_798' title='bbox 1572 2453 1687 2481; x_wconf 84' lang='lat' dir='ltr'><strong>exsistis</strong></span> <span class='ocrx_word' id='word_1_799' title='bbox 1712 2455 1815 2480; x_wconf 66' lang='lat' dir='ltr'><strong>saneta:</strong></span> 
     </span>
    </p>
   </div>
   <div class='ocr_carea' id='block_1_99' title="bbox 187 2499 1814 2540">
    <p class='ocr_par' dir='ltr' id='par_1_99' title="bbox 187 2499 1814 2540">
     <span class='ocr_line' id='line_1_100' title="bbox 187 2499 1814 2540; baseline -0.009 0"><span class='ocrx_word' id='word_1_800' title='bbox 187 2517 215 2540; x_wconf 85' lang='lat' dir='ltr'><strong>et</strong></span> <span class='ocrx_word' id='word_1_801' title='bbox 231 2511 386 2540; x_wconf 70' lang='lat' dir='ltr'><strong>inconl&#39;usm</strong></span> <span class='ocrx_word' id='word_1_802' title='bbox 401 2507 559 2539; x_wconf 83' lang='lat' dir='ltr'><strong>Trinitatis,</strong></span> <span class='ocrx_word' id='word_1_803' title='bbox 579 2503 671 2532; x_wconf 82' lang='lat' dir='ltr'><strong>Patris</strong></span> <span class='ocrx_word' id='word_1_804' title='bbox 685 2507 711 2530; x_wconf 88' lang='lat' dir='ltr'><strong>et</strong></span> <span class='ocrx_word' id='word_1_805' title='bbox 728 2500 789 2528; x_wconf 82' lang='lat' dir='ltr'><strong>Filii</strong></span> <span class='ocrx_word' id='word_1_806' title='bbox 807 2503 834 2527; x_wconf 93' lang='lat' dir='ltr'><strong>et</strong></span> <span class='ocrx_word' id='word_1_807' title='bbox 848 2499 970 2535; x_wconf 87' lang='lat' dir='ltr'><strong>Spiritus</strong></span> <span class='ocrx_word' id='word_1_808' title='bbox 985 2500 1086 2531; x_wconf 84' lang='lat' dir='ltr'><strong>sancti,</strong></span> <span class='ocrx_word' id='word_1_809' title='bbox 1110 2500 1192 2528; x_wconf 88' lang='lat' dir='ltr'><strong>unius</strong></span> <span class='ocrx_word' id='word_1_810' title='bbox 1214 2500 1340 2527; x_wconf 88' lang='lat' dir='ltr'><strong>numinis</strong></span> <span class='ocrx_word' id='word_1_811' title='bbox 1364 2504 1390 2527; x_wconf 86' lang='lat' dir='ltr'><strong>et</strong></span> <span class='ocrx_word' id='word_1_812' title='bbox 1416 2499 1541 2533; x_wconf 87' lang='lat' dir='ltr'><strong>Deitatis,</strong></span> <span class='ocrx_word' id='word_1_813' title='bbox 1570 2500 1614 2528; x_wconf 90' lang='lat' dir='ltr'><strong>cui</strong></span> <span class='ocrx_word' id='word_1_814' title='bbox 1649 2500 1749 2536; x_wconf 70' lang='lat' dir='ltr'><strong>gloria,</strong></span> <span class='ocrx_word' id='word_1_815' title='bbox 1788 2505 1814 2528; x_wconf 86' lang='lat' dir='ltr'><strong>et</strong></span> 
     </span>
    </p>
   </div>
   <div class='ocr_carea' id='block_1_100' title="bbox 189 2548 935 2592">
    <p class='ocr_par' dir='ltr' id='par_1_100' title="bbox 189 2548 935 2592">
     <span class='ocr_line' id='line_1_101' title="bbox 189 2548 935 2592; baseline -0.021 -4"><span class='ocrx_word' id='word_1_816' title='bbox 189 2561 287 2592; x_wconf 87' lang='lat' dir='ltr'><strong>honor,</strong></span> <span class='ocrx_word' id='word_1_817' title='bbox 307 2564 332 2586; x_wconf 86' lang='lat' dir='ltr'><strong>et</strong></span> <span class='ocrx_word' id='word_1_818' title='bbox 349 2557 474 2584; x_wconf 80' lang='lat' dir='ltr'><strong>adoratio</strong></span> <span class='ocrx_word' id='word_1_819' title='bbox 489 2556 516 2582; x_wconf 94' lang='lat' dir='ltr'><strong>in</strong></span> <span class='ocrx_word' id='word_1_820' title='bbox 533 2553 632 2581; x_wconf 67' lang='lat' dir='ltr'><strong>smeula</strong></span> <span class='ocrx_word' id='word_1_821' title='bbox 650 2550 826 2578; x_wconf 70' lang='lat' dir='ltr'><strong>szeculorum.</strong></span> <span class='ocrx_word' id='word_1_822' title='bbox 839 2548 935 2576; x_wconf 79' lang='lat' dir='ltr'><strong>Amen.</strong></span> 
     </span>
    </p>
   </div>
   <div class='ocr_carea' id='block_1_101' title="bbox 809 2633 1152 2665">
    <p class='ocr_par' dir='ltr' id='par_1_101' title="bbox 809 2633 1152 2665">
     <span class='ocr_line' id='line_1_102' title="bbox 809 2633 1152 2665; baseline -0.015 0"><span class='ocrx_word' id='word_1_823' title='bbox 809 2637 927 2665; x_wconf 63' lang='lat' dir='ltr'><strong>VARUE</strong></span> <span class='ocrx_word' id='word_1_824' title='bbox 950 2633 1152 2664; x_wconf 80' lang='lat' dir='ltr'><strong>LECTlONES.</strong></span> 
     </span>
    </p>
   </div>
   <div class='ocr_carea' id='block_1_102' title="bbox 226 2681 1218 2732">
    <p class='ocr_par' dir='ltr' id='par_1_102' title="bbox 226 2681 1218 2732">
     <span class='ocr_line' id='line_1_103' title="bbox 226 2681 1218 2732; baseline -0.016 -9"><span class='ocrx_word' id='word_1_825' title='bbox 226 2701 236 2714; x_wconf 85' lang='lat'><strong>&quot;</strong></span> <span class='ocrx_word' id='word_1_826' title='bbox 252 2696 443 2732; x_wconf 60' lang='grc' dir='ltr'>ἐξερευνήσας</span> <span class='ocrx_word' id='word_1_827' title='bbox 463 2702 488 2721; x_wconf 75' lang='grc' dir='ltr'><strong>ει,</strong></span> <span class='ocrx_word' id='word_1_828' title='bbox 504 2691 585 2728; x_wconf 81' lang='lat' dir='ltr'><strong>paulo</strong></span> <span class='ocrx_word' id='word_1_829' title='bbox 611 2692 672 2726; x_wconf 75' lang='lat' dir='ltr'><strong>post</strong></span> <span class='ocrx_word' id='word_1_830' title='bbox 688 2688 841 2724; x_wconf 68' lang='grc' dir='ltr'>ἑρευνὲται.</span> <span class='ocrx_word' id='word_1_831' title='bbox 881 2689 892 2703; x_wconf 76' lang='grc'>⁸</span> <span class='ocrx_word' id='word_1_832' title='bbox 912 2684 976 2719; x_wconf 80' lang='lat' dir='ltr'><strong>Leg.</strong></span> <span class='ocrx_word' id='word_1_833' title='bbox 996 2681 1218 2718; x_wconf 77' lang='grc' dir='ltr'>ἁνεξερεύνητος.</span> 
     </span>
    </p>
   </div>
  </div>
