4014 6202
381 346 476 409 7m
1577 350 1635 408 S.
1679 348 1967 409 JOANNI:

2071 350 2473 410 ).\MASCEN[
3321 375 3348 404 ο
3553 354 3685 416 ’ῑειΞ

384 467 561 511 strum
601 453 790 510 Jesum
823 453 1126 520 Christum,
1173 469 1270 524 pro
1308 467 1470 526 captu
1505 470 1568 510 ac
1604 456 1828 510 modulo
1861 471 1958 508 no-

2071 456 2161 526 τὴν
2218 458 2416 511 ἑαυτοῦ
2470 459 2784 527 ὲφανέρωσε
2823 456 3024 525 γνῶσιν
3060 473 3074 488 '
3111 458 3290 514 πάντα
3342 459 3525 514 τοίνυν
3604 463 3686 513 τὰ

382 565 499 605 stro
533 547 785 602 notitiam
839 547 922 602 sui
961 548 1238 618 patefecit.
1308 547 1580 612 Quocirca
1623 549 1807 601 onmia
1837 565 1959 617 qu.»

2071 549 2482 619 παραδεδομένα
2533 551 2665 620 ἡμῖν
2697 550 2787 604 διά
2843 568 2902 602 τε
2954 550 3163 620 νόμου,
3201 553 3295 605 καὶ
3342 551 3681 626 προφητῶν,

382 642 564 708 nobis,
594 651 700 695 tam
729 655 823 710 per
861 640 1035 710 legem
1063 649 1118 694 et
1157 640 1476 710 prophetas,
1511 656 1674 711 quam
1702 657 1796 711 per
1826 656 1960 711 apo-

383 736 554 790 stolos
603 742 657 788 et
703 733 1067 804 cvangelistas
1118 733 1320 788 tradita
1377 742 1527 797 sunt,
1575 734 1960 803 amplectimur

383 826 758 896 agnoscimus,
816 831 867 879 ct
906 824 1308 891 veneramur“;
1347 823 1508 896 124
1557 839 1658 880 nec
1695 825 1834 879 ultra
1894 841 1958 879 ea

2066 641 2161 693 καὶ
2188 642 2522 706 ἀποστόλων,
2559 642 2652 696 καὶ
2676 643 3080 713 εὐαγγελιστῶν
3118 644 3413 715 δεχόμεθα,
3450 647 3547 700 καὶ
3576 663 3641 714 γι
3659 675 3678 686 -

2065 735 2382 806 νώσκομεν,
2409 736 2499 789 καὶ
2558 737 2790 808 σέϐομεν
2816 780 2830 804 ,
2865 737 3020 792 οὐδὲν
3071 739 3390 812 περαιτέρω
3451 740 3680 793 τούτων

2066 827 2479 898 ἐπιζητοῦντες·
2513 828 2715 897 ἀγαθὸς
2743 829 2852 900 γὰρ
2881 828 2958 883 ὢν
2987 830 3017 882 ὁ
3043 828 3198 893 Θεὸς,
3217 831 3420 894 παντὸς
3450 831 3678 900 ἀγαθοῦ

381 917 681 988 quidquam
715 914 1071 986 inquirimus.
1108 912 1242 968 Nam
1301 930 1426 970 cum
1468 915 1614 971 Deus
1652 917 1830 971 bonus
1859 916 1958 979 sit,

2071 921 2396 989 παρεκτικὸς
2429 924 2597 986 ἐστιν,
2634 921 2694 973 οὗ
2751 921 2964 995 φθόνῳ,
2995 920 3116 975 οὐδὲ
3164 920 3328 976 πάθει
3377 923 3481 976 τινὶ
3531 925 3685 977 ὑπο-

381 1012 563 1066 omnis
599 1009 848 1081 profecto
881 1008 1011 1064 boni
1057 1019 1254 1064 auctor
1287 1020 1340 1062 et
1375 1009 1607 1080 largitor
1641 1019 1746 1075 est,
1781 1019 1839 1064 ut
1867 1010 1960 1081 qui

382 1119 484 1159 nec
525 1102 759 1166 invidia,
810 1117 912 1158 nec
961 1101 1092 1156 ullis
1171 1102 1527 1170 passionibus
1607 1101 1962 1158 affectibusvc

381 1193 656 1248 laboret".
693 1193 1003 1248 Invidentia
1035 1193 1309 1264 siquidem
1339 1195 1531 1264 procul
1564 1195 1719 1248 abest
1753 1209 1781 1247 a
1815 1193 1959 1248 divi-

381 1301 449 1338 na
485 1293 681 1339 natura
712 1303 725 1350 ;
763 1286 968 1355 quippe
1010 1301 1135 1355 qua:
1184 1287 1367 1340 omnis
1400 1285 1838 1356 perturbationis
1865 1301 1959 1340 ex-

379 1392 527 1447 pers,
558 1377 791 1447 solaque
816 1378 959 1432 bona
991 1386 1096 1432 est.
1139 1377 1398 1444 Proinde,
1434 1394 1559 1433 cum
1601 1387 1798 1432 cuneta
1832 1394 1959 1448 per-

382 1481 569 1541 specta
619 1470 837 1532 habeat,
887 1481 941 1524 et
999 1470 1148 1540 quod
1196 1471 1398 1540 cuique
1454 1469 1808 1526 conducibile
1884 1471 1964 1526 sit

381 1561 749 1624 administrct,
776 1560 827 1615 id
848 1560 998 1629 quod
1023 1569 1210 1615 nostra
1234 1562 1378 1616 scire
1402 1561 1682 1627 intererat,
1707 1562 1922 1631 aperuit
1949 1581 1962 1617 :

383 1652 644 1722 quodque
676 1653 823 1706 vires
848 1659 1072 1707 nostras
1101 1660 1155 1707 et
1175 1662 1396 1723 captum
1429 1652 1741 1718 excederet,
1767 1654 1958 1708 tacuit.

2060 1013 2336 1081 κείμενος.
2394 1012 2632 1083 Μακράν
2680 1012 2789 1083 γὰρ
2842 1014 2942 1083 τῆς
3001 1012 3153 1076 θείας
3193 1012 3408 1081 φύσεως
3444 1015 3674 1082 φθόνος,

2057 1105 2157 1174 τῆς
2189 1121 2253 1171 γε
2295 1103 2540 1165 ἀπαθοῦς
2586 1105 2680 1158 καὶ
2717 1104 2886 1174 μόνης
2943 1103 3177 1175 ἀγαθῆς.
3221 1104 3312 1168 Ὠς
3351 1101 3446 1158 οὖν
3479 1106 3676 1179 πᾲντα

2057 1196 2231 1260 εἰδὼς,
2260 1196 2354 1249 καὶ
2379 1195 2440 1248 τὸ
2464 1197 2746 1266 συμφέρον
2774 1196 2989 1266 ἑκάστῳ
3018 1195 3306 1266 προμηθού
3317 1213 3496 1266 μενος,
3521 1196 3672 1264 ὅπερ

2060 1289 2352 1357 συνέφερεν
2402 1289 2533 1358 ἡμῖν
2578 1287 2780 1356 γνῶναι
2829 1287 3181 1356 ἀπεκάλυψεν
3221 1303 3235 1318 ⁸
3270 1288 3410 1358 ὅπερ
3445 1287 3500 1340 δέ·
3558 1289 3667 1340 οὖν

2059 1379 2365 1451 ἐδυνάμεθα
2387 1390 2408 1417 α
2439 1380 2627 1450 φέρειν
2669 1380 3047 1450 ἀπεσιώπησε.
3067 1381 3258 1434 Ταῦτα
3287 1382 3451 1451 ἡμεῖς
3491 1381 3655 1448 στέρ-

2064 1472 2278 1543 ξωμεν,
2309 1473 2401 1526 καὶ
2449 1475 2506 1525 ὲν
2565 1474 2746 1535 αὐτοῖς
2806 1472 3118 1542 μείνωμεν,
3170 1473 3244 1541 μὴ
3303 1471 3660 1542 μεταίροντες

2063 1565 2186 1635 ὅρια
2226 1564 2441 1630 αἰώνια,
2478 1563 2613 1634 μηδὲ
2672 1563 3096 1635 ὑπερϐαίνοντες
3152 1562 3251 1634 τὴν
3298 1563 3450 1616 Θείαν
3480 1562 3663 1631 παρά-

2067 1657 2232 1708 δοσιν.

383 1744 479 1798 llis
535 1745 718 1812 itaque
748 1744 992 1800 contenti
1022 1744 1232 1800 simuS'
1264 1745 1318 1798 in
1359 1743 1445 1798 his
1473 1743 1799 1809 haereamns,
1844 1760 1944 1802 nec
1986 1750 2252 1804 terminos
2307 1749 2586 1819 antiquos,
2661 1747 3124 1819 traditionemqne
3180 1748 3418 1802 divinam
3481 1757 3664 1803 trans-

380 1837 693 1901 grediuntur
708 1835 748 1890 ⁸.

1071 1977 1226 2034 CAP.
1259 1978 1322 2032 ll.

378 2089 462 2143 De
478 2089 563 2143 itis
592 2105 708 2159 qua:
725 2078 960 2143 sermone
983 2090 1207 2158 exprimi
1234 2102 1472 2158 possunt,
1496 2093 1572 2146 vel
1595 2109 1695 2146 non
1713 2103 1954 2158 possunt;

451 2162 572 2214 item
602 2160 665 2213 de
688 2160 905 2232 hisque:
937 2161 992 2212 in
1024 2161 1372 2230 cognitionem
1403 2164 1620 2228 cadunt,
1653 2174 1700 2217 et
1727 2179 1844 2232 qua:
1870 2179 1956 2216 co-

447 2232 732 2302 gnitionem
764 2230 994 2300 fugiunt.

450 2339 710 2407 Quazdam
738 2339 802 2394 de
834 2339 940 2394 Deo
970 2339 1261 2410 intelligere
1313 2356 1615 2410 possumus,
1664 2360 1768 2398 non
1795 2344 1954 2414 loqui.

377 2463 446 2473 -ο
476 2431 644 2487 Plane
678 2431 868 2500 itaque
892 2439 1091 2486 noscat
1121 2446 1348 2487 necesse
1373 2441 1482 2495 est,
1513 2433 1606 2503 qui
1635 2433 1700 2488 de
1733 2433 1842 2489 Deo
1877 2433 1958 2488 lo-

379 2525 472 2591 qui
503 2525 588 2578 vel
621 2522 816 2578 audire
863 2522 1066 2587 studet,
1107 2537 1172 2577 ea
1222 2538 1345 2592 quae
1375 2523 1443 2576 ad
1470 2522 1803 2590 doctrinam,
1841 2533 1957 2578 tum

379 2619 446 2672 de
485 2615 798 2678 divinitate,
824 2622 943 2668 tum
986 2613 1054 2668 de
1111 2613 1494 2668 incarnatione
1529 2623 1798 2684 spectant,
1835 2630 1956 2670 eam

383 2709 656 2762 rationem
699 2707 924 2772 habere,
962 2714 1024 2759 nt
1075 2721 1177 2761 nec
1207 2707 1389 2761 omnia
1426 2708 1534 2760 vim
1574 2720 1792 2761 onmem
1833 2721 1959 2762 ora-

279 2807 282 2810 '
381 2803 553 2858 tionis
611 2807 896 2870 superent,
975 2814 1076 2855 nec
1125 2800 1312 2855 omnia
1365 2813 1620 2854 sermone
1689 2799 1958 2870 explicari

381 2901 622 2964 queant;
649 2893 887 2962 itemque
913 2907 1014 2946 nec
1046 2892 1420 2962 cognitionem
1457 2902 1704 2946 nostram
1739 2893 1960 2962 penitus

385 2985 614 3056 fugiant,
653 2999 751 3039 nec
782 2984 1002 3055 penitus
1047 2983 1103 3038 in
1129 2998 1251 3039 eam
1294 2983 1562 3040 cadant".
1599 2984 1761 3038 Aliud
1798 3000 1961 3054 porro

382 3089 466 3134 est
504 3077 650 3148 quod
690 3077 944 3148 cognosci
974 3085 1176 3147 potest,
1212 3076 1361 3132 aliud
1395 3075 1538 3147 quod
1576 3076 1684 3130 dici
1722 3096 1735 3131 :
1777 3093 1962 3147 quem-

383 3173 679 3228 admodum
719 3171 969 3226 videlicet
1017 3171 1164 3225 aliud
1213 3178 1300 3227 est
1360 3169 1530 3240 loqui,
1592 3179 1756 3239 atque
1814 3168 1962 3223 aliud

385 3278 741 3332 cognoscere.
792 3263 957 3316 Multa
1011 3263 1178 3333 igitur
1224 3278 1288 3318 ex
1348 3263 1568 3333 iisquae
1622 3264 1861 3317 obscure
1895 3262 1962 3318 de

1994 1967 2041 2026 Β

2027 2142 2032 2146 .
2068 2091 2206 2159 Περὶ
2232 2088 2454 2158 ῥητῶν,
2503 2090 2598 2142 καὶ
2652 2089 3026 2157 ἀπορῤήτων,
3055 2089 3148 2142 καί
3200 2089 3501 2158 γνωστῶν,
3544 2093 3645 2147 καὶ

2675 1976 2930 2029 ΚΕΦΛΛ.
2972 1976 3025 2026 B'

2689 2160 3036 2228 ἀγνώστων.

2133 2338 2254 2409 Χρὴ
2277 2333 2370 2392 οῦν
2408 2337 2501 2390 τὸν
2529 2340 2657 2409 περὶ
2687 2337 2821 2391 Θεοῦ
2855 2337 3040 2406 λέγειν
3070 2335 3102 2406 ἢ
3137 2334 3355 2390 ἀκούειν
3387 2333 3652 2403 βουλόμε-

2063 2449 2174 2496 νον,
2217 2431 2402 2500 σαφῶς
2451 2429 2689 2493 εἰδέναι,
2715 2430 2791 2493 ώς
2845 2429 2966 2482 οὐδὲ
3018 2427 3196 2482 πάντα
3248 2427 3503 2497 sema,
3532 2425 3659 2478 οὐδὲ

2063 2523 2240 2578 πάντα
2276 2521 2524 2594 ῥητὰ,τά
2559 2539 2620 2574 τε
2653 2522 2753 2590 τῆς
2793 2520 3096 2589 θεολογίας,
3124 2519 3196 2574 τά
3227 2535 3288 2571 τε
3325 2518 3424 2586 τῆς
3458 2518 3660 2569 οἰκονο-

2065 2613 2191 2683 μίας
2219 2628 2232 2643 °
2279 2610 2404 2666 οὔτε
2461 2611 2641 2665 πάντα
2687 2611 2966 2680 ἄγνωστα,
3002 2609 3127 2662 οὔτε
3164 2609 3344 2661 πάντα
3393 2606 3612 2673 γνωστά
3640 2606 3657 2622 ⁸

2061 2707 2246 2776 ἕτερον
2279 2705 2339 2758 δέ
2385 2705 2504 2758 ἐστι
2554 2703 2617 2758 τὸ
2663 2704 2928 2773 γνωστὸν,
2963 2703 3058 2756 καὶ
3107 2703 3296 2772 ἕτερον
3342 2702 3401 2754 τὸ
3444 2699 3607 2770 ῥητόν
3642 2717 3658 2730 ο

2061 2797 2252 2867 ὥσπερ
2279 2797 2408 2851 ἄλλο
2434 2797 2496 2850 τὸ
2523 2797 2728 2864 λαλεῖν,
2750 2796 2845 2850 καὶ
2873 2795 3002 2850 ἄλλο
3037 2795 3098 2848 τὸ
3128 2792 3446 2863 γινώσκειν.
3479 2790 3663 2844 Πολλά

2061 2892 2240 2945 τοίνυν
2275 2891 2385 2944 τῶν
2408 2889 2536 2963 περὶ
2565 2887 2702 2944 Θεοῦ
2732 2889 2992 2960 ἀμυδρῶς
3013 2885 3405 2969 νοουμένωνςοὺ
3431 2884 3662 2953 καιρίως

2063 2985 2440 3056 ἐκφρασθῆναι
2503 2983 2724 3037 δύναται
2747 2999 2761 3013 ο
2798 2982 2934 3036 ἀλλὰ
2987 2984 3057 3036 τὰ
3115 2979 3237 3034 καθ’
3263 2979 3414 3050 ἡμᾶς
3439 3015 3455 3041 ,
3487 2978 3659 3044 ἀναγ-

2063 3076 2341 3146 καζόμεθα
2395 3077 2490 3129 ἐπὶ
2528 3075 2637 3128 τῶν
2695 3075 2836 3145 ὑπὲρ
2879 3075 3030 3147 ἡμᾶς
3063 3073 3246 3142 λέγειν
3278 3087 3292 3101 ⁸
3326 3070 3518 3136 ὥσπερ
3566 3065 3662 3118 ἐπὶ

2063 3167 2198 3223 Θεοῦ
2233 3168 2464 3238 λέγομεν
2501 3167 2688 3230 ὕπνον,
2705 3169 2801 3220 καὶ
2827 3166 3019 3238 ὀργὴν,
3046 3166 3138 3219 καὶ
3166 3163 3447 3235 ἀμέλειαν,
3472 3157 3665 3230 χεῖράς

2063 3281 2146 3326 τε,
2173 3262 2267 3315 καὶ
2293 3261 2479 3328 πόδας,
2511 3262 2602 3314 καὶ
2635 3261 2704 3314 τὰ
2730 3259 2973 3313 τοιαῦτα.

387 3356 499 3411 1)οο
531 3358 931 3426 intelliguntur,
973 3370 1079 3409 non
1131 3357 1265 3410 satis
1301 3357 1589 3412 commode
1624 3357 1954 3426 proprieque
1993 3356 2174 3413 eﬂerri
2207 3367 2478 3426 possunt;
2513 3357 2896 3428 cogimurquc,
2933 3370 3059 3410 cum
3128 3353 3196 3408 de
3265 3351 3434 3407 rebus
3490 3360 3660 3417 supra

388 3469 490 3508 nos
522 3450 715 3522 positis
750 3464 931 3503 sermo
962 3449 1122 3502 nobis
1155 3457 1262 3506 est.
1306 3463 1460 3502 more
1519 3449 1761 3502 humano
1811 3450 1997 3518 loqui;
2041 3458 2102 3504 ut
2133 3466 2260 3506 cum
2311 3451 2380 3506 de
2433 3449 2544 3505 Deo
2588 3449 2755 3506 verba
2813 3448 3081 3502 facientes
3154 3456 3440 3507 somnum,
3491 3442 3659 3504 iram,

388 3546 684 3611 incuriam,
715 3558 1043 3612 manusque,
1076 3558 1140 3597 ac
1178 3542 1365 3611 pedes.
1407 3542 1622 3611 aliaque
1675 3543 1728 3596 id
1778 3559 1948 3613 genus
1986 3546 2252 3601 vocabula
2289 3561 2641 3617 usurpamus.

462 3643 593 3707 Qum
624 3648 672 3693 et
722 3637 1020 3706 intelligere
1055 3646 1104 3690 et
1141 3635 1283 3705 loqui
1329 3651 1632 3704 possumus.
1652 3666 1723 3676 —
1745 3635 1811 3689 Et
1839 3637 1964 3706 qui-
1993 3643 2036 3701 ο

389 3737 512 3792 dem
546 3733 692 3804 quod
730 3733 873 3787 Deus
923 3731 1080 3785 initio
1118 3744 1181 3783 ac
1218 3729 1325 3784 fine
1377 3737 1584 3794 careat,
1617 3729 1762 3799 quod
1812 3737 1971 3784 mter-

392 3844 517 3892 nus,
548 3824 1031 3894 sempiternusqne
1079 3821 1171 3886 sit,
1213 3821 1360 3890 quod
1409 3821 1712 3885 increatus,
1767 3819 1969 3874 immu-

391 3917 595 3979 tabilis,
628 3915 696 3969 ab
726 3913 874 3968 omni
932 3910 1258 3966 alteratione
1299 3911 1458 3973 liber,
1507 3911 1761 3980 simplex,
1816 3925 1970 3966 com-

393 4007 686 4079 positionis
739 4019 965 4072 expers,
1023 4002 1412 4071 incorporens.
1462 4001 1776 4066 invisibilis,
1821 4003 1972 4072 tangi

394 4100 638 4162 nescius,
689 4095 1226 4165 incircumscriptus,
1265 4101 1320 4149 et
1373 4095 1627 4150 infinitus
1683 4095 1788 4158 sit;
1824 4093 1970 4165 quod

394 4189 762 4258 cognitionem
797 4201 1018 4242 omnem
1056 4185 1231 4256 fugiat
1258 4203 1272 4250 ;
1297 4185 1441 4254 quod
1479 4186 1719 4255 c0gitatn
1774 4184 1968 4253 major,

396 4276 917 4346 incomprehensus,
965 4274 1166 4336 bonus,
1217 4273 1422 4342 justus,
1479 4283 1790 4328 creatornm
1854 4288 1974 4328 om-

396 4369 549 4424 nium
613 4366 824 4439 opifex,
873 4365 1059 4421 omnia
1127 4375 1345 4436 potens,
1407 4365 1589 4419 omnia
1657 4366 1970 4431 continens,

395 4460 645 4515 omnium
707 4458 1008 4529 inspector,
1064 4456 1310 4511 omnium
1380 4456 1661 4525 provisor,
1705 4463 1975 4525 potestate

396 4557 723 4619 decernens,
778 4567 842 4609 ac
903 4551 1143 4621 denique
1195 4549 1359 4618 iudex
1411 4549 1521 4616 sit;
1552 4548 1688 4611 haec,
1724 4548 1972 4618 inquam,

396 4649 582 4705 omnia
619 4655 675 4704 et
713 4645 946 4710 scimus,
998 4649 1053 4698 et
1096 4640 1472 4697 confitemur:
1522 4639 1769 4710 illudque
1822 4641 1973 4706 item,

396 4741 544 4811 quod
606 4753 749 4793 unus
814 4735 886 4789 sit
927 4732 1106 4799 Deus,
1161 4732 1265 4788 hoc
1319 4741 1406 4788 est
1463 4746 1570 4787 una
1624 4731 1972 4786 substantia:

397 4831 658 4903 quodque
699 4829 753 4884 in
812 4826 991 4882 tribus
1027 4833 1360 4898 agnoscatur
1406 4833 1460 4881 et
1515 4826 1748 4881 exsistat
1788 4841 1977 4896 perso-

398 4927 508 4991 nis,
550 4923 810 4978 nimirum
855 4921 908 4974 in
937 4919 1096 4974 Patre
1129 4926 1182 4974 et
1229 4916 1370 4972 Filio
1411 4915 1702 4987 et‘Spiritn
1739 4927 1974 4974 sancto:

2141 3637 2266 3690 Ὅτι
2311 3639 2409 3708 μὲν
2453 3631 2547 3691 οῦν
2603 3639 2720 3689 ἐστι
2781 3633 2912 3696 Θεὸς
2964 3632 3227 3702 ἄναρχος,
3275 3626 3658 3696 ἀτελεύτητος,

2072 3728 2290 3793 αἰώνιός
2331 3747 2390 3783 τε
2440 3729 2535 3783 καὶ
2574 3728 2742 3789 ἀΐδιος
2763 3767 2778 3790 ,
2811 3727 3062 3787 ἄκτιστος
3084 3764 3100 3789 ,
3130 3723 3402 3793 ἄτρεπτος
3428 3759 3442 3781 ,
3493 3717 3657 3772 ἀναλ·

2071 3821 2318 3887 λοίωτσς,
2370 3819 2579 3883 ἁπλοῦς
2610 3859 2624 3884 ,
2657 3817 2952 3881 ἀσύνθετος
2975 3857 2989 3881 ,
3018 3813 3311 3884 ἀσώματος
3334 3852 3348 3874 ,
3385 3811 3616 3881 ἀόρατος
3641 3851 3656 3874 ,

2072 3911 2304 3983 ἀναφὴς,
2342 3910 2771 3981 ἀπερίγραπτος,
2791 3910 3037 3978 ἄπειρος,
3063 3901 3440 3974 ἀπερινόητος,
3459 3897 3657 3968 ἀπερί-

2072 4003 2299 4073 ληπτος,
2333 4001 2733 4072 ἀκατάληπτος,
2769 3998 2992 4068 ἀγαθὸς,
3030 3996 3258 4060 δίκαιος,
3293 3992 3512 4046 πάντων
3539 4006 3646 4042 κτι-

2075 4097 2298 4166 σμάτων
2356 4094 2691 4166 δημιουργὸς
2722 4133 2736 4158 ,
2770 4089 3180 4160 παντοδύναμος
3203 4125 3219 4151 ,
3257 4083 3655 4154 παντοκράτωρ

2073 4186 2478 4257 παντεπόπτης,
2521 4185 2738 4238 πάντων
2774 4181 3107 4253 προνοητὴς,
3135 4175 3514 4245 ὲξουσιαστὴς,
3535 4174 3656 4243 κρί-

2072 4297 2192 4347 της,
2215 4279 2310 4332 καὶ
2359 4276 2719 4346 γινώσκομεν,
2757 4275 2851 4330 καὶ
2890 4271 3262 4344 ὁμολογοῦμεν
3292 4287 3303 4299 ·
3343 4268 3438 4320 καὶ
3463 4267 3545 4319 ὅτι
3575 4259 3657 4326 εἷς

2075 4374 2191 4426 ἐστι
2229 4371 2384 4438 Θεὸς,
2417 4372 2588 4441 ἤγουν
2627 4369 2722 4440 μία
2755 4367 2912 4422 οὐσία
2939 4383 2952 4396 ·
2985 4367 3076 4420 καὶ
3108 4365 3191 4418 ὅτι
3221 4364 3278 4416 ὲν
3311 4360 3490 4432 τρισὶν
3519 4357 3655 4409 ὑπο-

2076 4462 2296 4516 στάσεσι
2343 4459 2670 4532 γνωρίζεταί
2711 4476 2770 4511 τε
2814 4457 2908 4511 καί
2942 4458 3090 4509 ἐστιν
3114 4471 3126 4483 ·
3162 4453 3340 4524 Πατρῐ
3374 4465 3536 4519 φημι,
3561 4447 3657 4499 καὶ

2073 4550 2190 4621 Υίῷ
2225 4589 2240 4616 ,
2272 4551 2366 4604 καὶ
2417 4550 2557 4618 ἀγίῳ
2607 4547 2926 4618 Πνεύματι’
2977 4546 3072 4598 καὶ
3126 4544 3209 4596 ὅτι
3239 4541 3268 4592 ὁ
3317 4537 3507 4608 Πατὴρ
3562 4536 3659 4589 καὶ

2077 4642 2204 4706 Υίὸς
2251 4642 2344 4696 καὶ
2386 4642 2448 4694 τὸ
2478 4640 2700 4711 Πνεῦμα
2732 4639 2792 4692 τὸ
2831 4637 2983 4706 ἅγιον
3040 4634 3182 4689 κατά
3231 4632 3411 4686 πάντα
3437 4630 3496 4681 ἓν
3527 4628 3653 4688 εἱσι,

2078 4731 2218 4800 πλὴν
2273 4731 2373 4800 τῆς
2405 4729 2754 4800 ἀγεννησίας,
2783 4731 2878 4781 καὶ
2907 4728 3004 4797 τῆς
3057 4727 3385 4794 γεννήσεως,
3421 4719 3516 4773 καὶ
3560 4718 3657 4786 τῆς

2078 4823 2492 4893 ὲκπορεύσεως’
2543 4821 2640 4874 καὶ
2697 4823 2778 4877 ὅτι
2814 4823 2843 4874 ὁ
2895 4819 3188 4890 μονογενὴς
3240 4817 3364 4878 Υίὺς
3414 4813 3509 4867 καὶ
3566 4809 3662 4864 Λόο
3719 4868 3745 4890 ί

2079 4934 2173 4986 γος
2223 4916 2317 4970 τοῦ
2367 4914 2502 4968 Θεοῦ
2547 4915 2641 4968 καὶ
2692 4914 2857 4977 Θεὸς,
2905 4911 2991 4964 διὰ
3047 4909 3332 4978 σπλάγχνα
3362 4905 3543 4966 ἐλέους
3567 4901 3663 4953 αὖ·

399 4989 516 5070 tum
569 5012 716 5084 quod
770 5010 934 5066 Pater
981 5017 1036 5065 et
1089 5007 1261 5063 Filius
1324 5015 1378 5063 et
1437 5008 1680 5078 Spiritus
1747 5018 1967 5064 sanctus

2081 5009 2198 5074 τοῦ,
2222 5007 2310 5062 διὰ
2350 5006 2448 5078 τὴν
2491 5007 2768 5077 ἡμετέραν
2810 5003 3117 5075 σωτηρίαν,
3155 4999 3376 5070 εὐδοκία
3407 4995 3502 5050 τοῦ
3554 4992 3663 5044 Πα-

402 5122 572 5163 unum
623 5103 850 5160 omnino
902 5105 1035 5164 sint.
1088 5109 1315 5170 excepta
1370 5099 1626 5171 ingeniti,
1668 5102 1980 5170 generatio-

403 5200 624 5269 .iisqne,
655 5205 711 5252 et
738 5194 1111 5267 processionis
1158 5193 1532 5263 proprietate;
1565 5193 1793 5260 insuper
1832 5192 1976 5262 quod

403 5290 728 5360 unigenitus
772 5288 944 5342 Filius
991 5297 1046 5342 et
1084 5283 1324 5340 Verbum
1374 5283 1491 5346 Dei,
1538 5297 1602 5338 ac
1655 5283 1816 5348 Dens,
1881 5299 1976 5353 per

481 5471 504 5502 ⁸
529 5470 753 5540 Dionys.
782 5487 830 5524 c.
876 5471 896 5522 l
936 5467 1020 5540 De
1041 5467 1320 5540 div.__nom.

409 5542 571 5613 Greg.
606 5537 741 5598 Nae.
775 5548 914 5594 orat.
959 5538 1027 5593 54
1051 5548 1107 5591 et
1130 5537 1218 5588 '57.

2086 5097 2235 5170 τρὸς,
2271 5095 2366 5149 καὶ⁸
2398 5096 2660 5168 συνεργίᾳ
2693 5094 2785 5148 τοῦ
2818 5093 3086 5162 παναγίου
3120 5090 3457 5160 Πνεὺματος.
3490 5087 3665 5141 ἀσπό-

2092 5211 2198 5264 ρως
2249 5191 2614 5262 συλληφθεὶς,
2644 5190 2900 5262 ἀφθόρως
2940 5191 3004 5242 ὲκ
3046 5188 3143 5258 τῆς
3186 5187 3349 5253 ἁγίας
3389 5182 3666 5250 Παρθένου

2087 5285 2183 5338 καὶ
2235 5284 2502 5338 Θεοτόκου
2559 5285 2779 5355 Μαρίας
2833 5283 3148 5351 γεγέννηται
3203 5277 3291 5330 διὰ
3323 5273 3670 5343 οΠνεύματος

1404 5467 1422 5495 ⁷
1455 5463 1617 5533 Grcg.
1643 5461 1776 5517 Naz.
1813 5471 1961 5518 orat.

2071 5503 2078 5516 .
2157 5464 2177 5493 ⁸
2202 5462 2362 5520 Prov.
2409 5481 2546 5531 xxn,
2574 5461 2666 5519 28.
2743 5460 2764 5491 ⁹
2794 5459 3014 5528 Dionys.
3049 5469 3170 5524 cap.
3199 5453 3220 5508 i
3257 5451 3331 5506 De
3361 5450 3467 5506 diu.
3498 5462 3666 5510 ηοηι..

1674 5667 1905 5722 νΑΙιΙΛΞ
1945 5666 2348 5724 LECTlONES.

489 5777 508 5805 ⁶
550 5765 690 5821 ιίἁὶι.
717 5765 814 5818 οὐκ
837 5764 1030 5833 δανάμ.
1068 5761 1132 5815 Ii.
1168 5763 1325 5829 5379,
1359 5763 1447 5814 καί
1481 5760 1505 5812 ὃ
1534 5762 1590 5813 οὐ
1615 5760 1807 5828 Bonan.
1840 5832 1847 5839 _
