4014 6202
445 299 476 358 7
488 296 558 358 {l3

1537 301 1634 359 DE
1676 300 1854 360 FIDE
1893 300 2354 364 ORTIIODOXA
2394 306 2538 368 LIB.
2569 309 2616 368 Ι.

3593 316 3699 382 795

433 410 636 478 ἁγίου,
686 408 779 462 καὶ
836 407 1122 480 ἄνθρωπος
1178 410 1380 472 τέλειος
1443 412 1503 477 ἐξ
1557 415 1728 484 αὐτῆς
1777 415 1966 482 γέγονε
1998 431 2011 445 ·

2115 417 2328 473 viscera
2379 420 2765 478 misericordia:
2819 439 2952 494 sum,
3009 430 3080 486 ob
3129 430 3362 489 salutem
3421 443 3693 501 nostram,

430 504 528 557 καὶ
585 502 667 554 ὅτι
695 503 723 554 ὁ
755 501 916 565 αὐτὸς
954 501 1088 566 Θεὸς
1146 503 1349 567 τέλειός
1395 505 1541 558 ἐστιν
1589 506 1725 574 ὁμοῦ
1779 507 1873 560 καὶ
1927 505 2023 560 ἅν-

432 596 654 665 θρωπος
673 593 899 658 τέλειος,
933 592 999 646 ἐκ
1021 593 1114 646 δύο
1143 593 1378 662 φύσεων,
1413 595 1668 667 θεότητός
1705 614 1763 650 τε
1795 599 1890 650 καὶ
1923 598 2023 650 άν-

434 684 790 755 θρωπότητος
813 723 827 748 ,
851 685 946 737 καὶ
976 685 1034 736 ἐν
1083 684 1177 738 δύο
1208 685 1406 755 φύσεσι
1432 690 1646 758 νοεραϊς
1664 730 1680 754 ,
1711 687 2028 756 θελητικαῖς

429 795 490 830 τε
538 777 634 830 καὶ
675 779 1076 848 ἐνεργητικαῖς,
1116 778 1211 831 καὶ¹
1253 779 1653 845 αύτεξουσίοις,
1703 779 1796 832 καὶ
1837 777 2028 842 ἁπλῶς

431 868 628 932 εἰπεῖν,
659 867 882 932 τελείως
922 868 1176 938 ἐχούσαις
1197 869 1338 923 κατὰ
1363 870 1454 924 τὸν
1501 870 1705 940 ἐκὰστῃ
1746 868 2024 940 πρέποντα

429 958 555 1028 ὅρον
612 975 674 1011 τε
731 961 825 1012 καὶ
872 959 1033 1027 λόγον
1059 977 1072 990 ο
1107 959 1324 1029 θεότητί
1383 977 1443 1013 τε
1496 960 1591 1014 καὶ
1645 959 2026 1031 ἀνθρωπότητί

2125 502 2359 573 benigna
2386 504 2568 562 Patris
2595 509 2875 568 voluntate
2899 553 2914 578 ,
2967 529 3033 572 ac
3075 519 3409 575 sanctissimi
3457 519 3695 591 Spiritus

2127 595 2540 661 cooperatione,
2576 599 2783 671 absque
2829 606 3040 661 semine
3089 619 3414 679 conceptus,
3450 611 3586 664 citra
3611 613 3694 666 ul—

2126 682 2234 736 lam
2282 689 2698 756 corruptionem
2750 708 2816 748 ex
2871 705 3062 751 sancta
3090 697 3317 771 Virgine
3353 701 3558 771 Deique
3587 701 3694 759 Ge—

2127 774 2330 832 nitrice
2386 779 2558 835 Maria
2595 798 2694 852 per
2745 784 3013 857 Spiritum
3078 802 3332 846 sanctum
3385 803 3549 848 natus
3602 796 3693 859 sit,

2126 871 2294 936 atque
2321 884 2390 924 ex
2419 884 2482 925 ea
2539 871 2704 945 homo
2740 876 3019 946 perfecuts
3077 883 3352 936 exstiterit
3384 901 3398 937 :
3439 882 3698 952 quodque

2125 955 2270 1011 idem
2303 959 2470 1015 simul
2521 973 2574 1017 et
2609 965 2884 1034 perfectus
2928 967 3071 1025 Deus
3119 980 3173 1026 et
3224 971 3506 1042 perfectus
3537 972 3699 1025 homo

430 1067 611 1120 φημι·
652 1052 751 1122 μιᾷ
797 1051 856 1104 δέ
908 1051 1150 1122 συνθέτῳ
1183 1053 1512 1106 ὑποστάσειο
1543 1053 1626 1106 ὅτι
1668 1068 1728 1104 τε
1768 1052 2011 1123 ἐπείνησε

2122 1046 2219 1110 sit,
2265 1063 2333 1102 ex
2372 1051 2591 1109 duabus
2644 1058 2886 1122 naturis,
2938 1060 3328 1130 intelligentia,
3383 1064 3690 1128 voluntate,

430 1141 526 1192 καὶ
553 1138 796 1208 ἐδίψησε,
826 1141 921 1194 καὶ
950 1142 1232 1205 ἐκοπίασε,
1273 1141 1370 1194 καὶ
1414 1138 1759 1211 ἐσταυρώθη,
1800 1139 1895 1192 καὶ
1925 1139 2011 1192 θα-

2125 1136 2320 1206 agendi
2354 1137 2640 1206 facultate,
2671 1154 2835 1215 atque
2865 1147 3082 1202 arbitrii
3115 1157 3385 1218 potestate
3427 1151 3693 1221 praditis;

430 1231 594 1282 νὰτου
629 1231 722 1284 καὶ
754 1231 936 1300 ταφῆς
971 1233 1168 1301 πεῖραν
1197 1231 1416 1296 ἐδέξατο
1456 1231 1755 1302 τριήμερος
1779 1270 1795 1297 ,
1818 1229 1914 1283 καὶ
1942 1231 2011 1292 εἰς

2127 1235 2316 1298 atque,
2347 1237 2406 1284 ut
2436 1235 2607 1288 verbo
2631 1235 2832 1303 dicam,
2867 1238 2922 1292 in
2945 1240 3152 1310 quibus
3180 1242 3480 1297 secundum
3510 1240 3698 1296 deﬁni-

430 1323 696 1392 οὐρανοὺς
749 1322 1123 1392 ἀνεφοίτησεν,
1170 1323 1292 1376 ὅθεν
1345 1322 1440 1376 καὶ
1485 1322 1620 1393 πρὸς
1649 1323 1796 1392 ἡμᾶς
1838 1337 2011 1390 παρα-

2119 1318 2332 1376 tionem
2364 1322 2521 1394 125
2553 1340 2618 1379 ac
2648 1328 2918 1384 rationem
2976 1332 3209 1400 utrique,
3239 1333 3346 1388 hoc
3382 1341 3466 1388 est
3495 1333 3695 1388 divini-

429 1413 643 1480 γέγονε,
673 1413 769 1466 καὶ
800 1415 1240 1484 παραγενήσεται
1271 1413 1433 1466 πάλιν
1484 1415 1564 1473 εἰς
1617 1411 1845 1482 ὕστερον
1871 1428 1886 1444 ο
1918 1411 2011 1465 καὶ

2116 1411 2214 1465 tati
2242 1419 2297 1466 et
2338 1411 2689 1482 humanitati,
2735 1430 2899 1490 atque
2940 1421 3033 1476 uni
3089 1438 3335 1492 personae
3380 1439 3695 1494 congruen-

429 1503 462 1572 ή
497 1502 618 1556 θεία
657 1503 847 1574 Γραφὴ
903 1503 1150 1574 μάρτυς,
1177 1504 1273 1556 καὶ
1325 1506 1433 1568 πᾶς
1472 1505 1500 1557 ὁ
1545 1503 1656 1557 τῶν
1709 1503 1881 1572 ἁγίων
1914 1519 2008 1574 χο-

2117 1511 2246 1569 tem,
2282 1505 2416 1559 nihil
2463 1508 2686 1563 omnino
2720 1510 2893 1579 desit;
2947 1514 3093 1579 quod
3139 1515 3366 1585 insuper
3410 1515 3692 1577 esurierit,

429 1594 545 1664 ρός,
2115 1595 2332 1663 sitierit,
2359 1595 2632 1668 fueritque
2653 1598 2910 1672 fatigatus
2931 1611 2984 1658 et
3004 1603 3229 1660 ειιῐῐίκιιε
3274 1606 3448 1673 cruci,
3471 1606 3695 1660 mortis-

428 1702 535 1755 que
588 1701 653 1740 ac
698 1687 994 1756 sepultura:
1061 1686 1369 1757 periculum
1422 1685 1636 1750 fecerit,
1704 1684 1996 1756 triduoque
2037 1695 2161 1755 post
2193 1692 2580 1754 resurrexerit,
2618 1699 2672 1745 et
2725 1694 2778 1747 in
2807 1696 3002 1761 cmlos,
3047 1697 3188 1752 unde
3223 1697 3291 1751 ad
3359 1712 3460 1754 nos
3524 1712 3694 1752 vene-

427 1785 534 1840 rat,
582 1791 836 1830 reversus
876 1777 969 1840 sit,
1015 1789 1080 1830 ac
1119 1775 1302 1830 denuo
1346 1775 1566 1830 tandem
1614 1785 1880 1830 venturus
1937 1775 2032 1840 sit,
2094 1784 2207 1830 tum
2273 1777 2458 1833 divina
2525 1779 2806 1853 Scriptura
2867 1793 3143 1854 testatur,
3213 1797 3324 1842 tum
3401 1787 3696 1843 universus

429 1878 754 1952 sanctorum
775 1872 1003 1925 chorus.

497 1962 563 2013 Τί
604 1961 661 2014 δέ
700 1964 816 2015 ἐστι
847 1961 982 2016 Θεοῦ
1015 1963 1204 2027 οὐσία,
1237 1963 1269 2032 ἢ
1321 1963 1439 2028 πῶς
1479 1965 1625 2019 ἐστιν
1653 1965 1712 2018 ἐν
1749 1965 1936 2026 πᾶσιν,
1971 1962 2006 2034 ἥ

2182 1959 2313 2026 Quir
2359 1977 2450 2015 nec
2513 1962 2804 2032 intelligere
2857 1981 3136 2033 possumus
3192 1983 3286 2020 nec
3339 1967 3505 2039 loqui.
3539 1971 3694 2028 —At

425 2050 544 2112 πῶς
575 2051 768 2104 ἐαυτὸν
800 2051 1044 2116 κενώσας
1079 2054 1108 2105 ὁ
1136 2052 1428 2123 μονογενὴς
1461 2053 1590 2117 Υἱὸς
1615 2053 1708 2106 καὶ
1733 2053 1886 2116 Θεὸς.
1920 2053 2011 2107 ἄν·

2114 2066 2267 2118 vero,
2303 2053 2434 2123 quid
2479 2053 2570 2108 Dei
2626 2056 2936 2110 substantia
2972 2058 3063 2122 sit,
3112 2065 3206 2112 aut
3233 2074 3343 2129 quo
3390 2070 3550 2130 pacto
3575 2077 3692 2116 ont-

429 2149 648 2212 θρωπος
703 2143 926 2210 γέγονεν
970 2145 1036 2196 ἐκ
1091 2144 1438 2215 παρθενικῶν
1505 2146 1752 2215 αἱμάτων
1782 2185 1797 2209 ,
1841 2145 2010 2215 ἐτέρῳ

425 2233 581 2304 παρὰ
605 2233 705 2303 τὴν
734 2234 896 2303 φύσιν
925 2234 1112 2306 θεσμῷ
1140 2235 1677 2306 πλαστουργηθεὶς,ἧ
1706 2236 1824 2298 πῶς
1857 2235 2021 2305 ἁϐρό-

426 2345 543 2396 χοις
573 2327 700 2379 ποσὶ
728 2328 844 2389 τοῖς
896 2325 1085 2380 ὕδασιν
1136 2327 1499 2397 ἐπεπόρευτο,
1532 2327 1629 2380 καὶ
1681 2325 2010 2397 ἀγνοοῦμεν,

425 2418 520 2470 καὶ
554 2416 736 2485 λέγειν
759 2417 818 2470 ού
846 2415 1142 2486 δυνάμεθα.
1174 2417 1248 2470 Οὐ
1293 2415 1520 2470 δυνατὸν
1557 2413 1651 2470 οὖν
1682 2433 1736 2470 τι
1765 2418 1916 2487 παρὰ
1945 2417 2014 2471 τὰ

423 2505 660 2567 θειωδῶς
698 2505 802 2558 ὑπὸ
830 2504 936 2557 τῶν
969 2504 1128 2558 θείων
1175 2504 1372 2574 λογίων
1420 2506 1518 2577 τῆς
1547 2523 1604 2558 τε
1643 2505 1890 2570 Παλαιᾶς
1919 2511 2012 2563 καὶ

423 2597 633 2666 Καινῆς
653 2597 926 2668 Διαθήκης
958 2598 1089 2667 ἡμῖν
1127 2595 1691 2667 ἐκπεφασμένα,είτοι
1722 2599 2007 2669 εἰρημένα,

422 2689 518 2742 καὶ
552 2687 1012 2759 πεφανερωμὲνα,
1052 2689 1224 2742 εἰπεῖν
1253 2705 1306 2742 τι
1332 2688 1460 2759 περὶ
1492 2687 1649 2754 Θεοῦ,
1677 2688 1710 2758 ἢ
1752 2689 1892 2752 ὅλως
1918 2691 2008 2743 ἐν-

424 2797 634 2851 νοησαι.

2114 2142 2283 2198 nibus
2323 2145 2490 2200 rebus
2539 2145 2694 2211 insit,
2731 2147 2814 2200 vel
2851 2148 3127 2217 quomodo
3173 2148 3318 2203 Deus
3361 2165 3427 2204 ex
3463 2151 3574 2206 Deo
3601 2167 3692 2222 ge-

2115 2234 2262 2288 nitus
2303 2235 2413 2300 ‘sit,
2448 2237 2528 2290 vel
2565 2238 2927 2308 processerit;
2965 2247 3060 2293 aut
3105 2255 3213 2308 qua
3251 2241 3466 2296 ratione
3489 2243 3689 2312 unige-

2114 2325 2266 2380 nitus
2294 2324 2470 2381 Filius
2500 2342 2564 2382 ac
2609 2328 2750 2384 Deus
2793 2343 2916 2384 sese
2946 2330 3294 2394 exinaniens,
3329 2346 3395 2384 ex
3428 2331 3697 2402 virgineis

2118 2417 2482 2485 sanguinibus
2519 2419 2684 2474 homo
2716 2419 2896 2474 factus
2939 2421 3029 2487 sit,
3065 2420 3223 2478 aliter
3245 2421 3498 2478 videlicet
3526 2438 3690 2492 quam
3779 2473 3788 2484 κ

2119 2516 2330 2562 natura:
2375 2509 2459 2563 lex
2517 2509 2676 2577 ferat,
2734 2510 2987 2578 ellictus;
3041 2520 3137 2566 aut
3193 2514 3473 2583 quomodo
3525 2513 3693 2569 siccis

2114 2598 2346 2668 pedibus
2389 2616 2554 2670 super
2606 2617 2780 2672 aquas
2839 2602 3171 2659 incesserit:
3234 2603 3348 2656 hate
3402 2617 3536 2658 sane
3592 2617 3692 2656 nec

2114 2691 2346 2756 scimus,
2397 2708 2498 2747 nec
2552 2693 2736 2748 dicere
2789 2709 3088 2764 possumus
3126 2695 3190 2747 ⁸ο.
3242 2693 3383 2748 Fieri
3437 2708 3569 2763 ergo
3605 2709 3696 2746 ne-

2115 2781 2254 2850 quit,
2291 2789 2352 2835 ut
2398 2789 2594 2850 praeter
2629 2783 2719 2835 illa
2762 2797 2885 2851 qua:
2939 2782 3203 2858 divinitus
3258 2781 3416 2835 nobis
3444 2795 3474 2832 a
3509 2795 3693 2834 sacro,

422 2878 629 2933 sanctis
661 2875 872 2931 Veteris
899 2890 963 2930 ac
995 2873 1130 2930 Novi
1160 2875 1495 2932 Tcstamenti
1535 2875 1776 2930 oraculis
1811 2874 2095 2929 enuntiata
2162 2883 2315 2936 sunt.
2378 2886 2471 2930 aut
2523 2876 2693 2942 dicta,
2762 2885 2857 2932 aut
2889 2877 3182 2948 patefacta,
3245 2875 3310 2930 de
3368 2874 3474 2930 Deo
3535 2872 3693 2943 quid-

421 2983 587 3041 quam
639 2969 949 3038 loquamur,
1003 2976 1097 3020 aut
1141 2968 1368 3022 ontnino
1411 2967 1652 3038 cogitatu
1711 2979 2073 3035 assequamur
2107 2966 2176 3019 υ.

1030 3060 1282 3115 ΚΕΦΑΛ.
1313 3061 1390 3113 1"...

818 3149 1148 3216 Ἀπόδειξις
1177 3149 1268 3203 ὅτι
1292 3149 1423 3203 ἐστὶ
1451 3150 1614 3216 Θεός.

492 3243 616 3298 Ὀτι
647 3243 744 3314 μὲν
775 3237 870 3296 οὖν
913 3243 1028 3296 ἐστι
1058 3241 1215 3306 Θεὸς,
1246 3243 1358 3303 τοῖς
1400 3241 1498 3312 μὲν
1535 3241 1633 3305 τὰς
1663 3239 1825 3308 ἁγίας
1863 3241 2006 3311 Γρα-

421 3337 528 3408 cpi;
558 3335 888 3408 δεχομένοις,
913 3335 1011 3405 τήν
1041 3351 1101 3386 τε
1137 3333 1378 3386 Παλαιὰν
1419 3334 1513 3386 καὶ
1549 3332 1755 3403 Καινὴν
1800 3332 2002 3402 Διαθή-

2750 3061 2901 3117 CAP.
2932 3060 3022 3115 lli.
3668 3059 3698 3084 ί

2456 3150 2848 3207 Demonstratio
2899 3152 3036 3221 quod
3083 3152 3215 3207 Deus
3253 3153 3344 3206 sit.

2188 3241 2347 3297 Deum
2407 3259 2521 3297 esse
2589 3251 2910 3312 agnoverunt
2961 3243 3196 3312 plerique
3241 3238 3533 3311 gentilium.
3622 3265 3692 3276 —-

2111 3333 2266 3398 Quod
2297 3350 2428 3404 ergo
2462 3333 2603 3388 Deus
2655 3333 2747 3397 sit,
2801 3335 2870 3387 ab
2930 3333 3040 3388 illis
3073 3333 3167 3403 qui
3209 3345 3397 3387 sacras
3432 3329 3689 3392 Litteras,

420 3395 527 3497 ξςηᾷ
824 3395 926 3478 ούκ
966 3395 1396 3494 άμφιϐἀλλεται,
1446 3422 1571 3476 οὔτε
1623 3423 1682 3476 δὲ
1712 3395 1842 3486 ’τοῖς
1899 3395 2008 3476 των

2115 3424 2308 3493 Vetus,
2348 3395 2595 3494 inquam,
2619 3432 2672 3479 et
2711 3422 2922 3478 Novum
2942 3423 3373 3485 Testamentum,
3399 3421 3690 3490 recipiunt,

432 3517 697 3586 Ἐλλήνων
749 3513 1041 3577 πλείστοις.
1083 3514 1175 3576 Ὠς
1221 3513 1333 3584 γὰρ
1362 3513 1575 3583 ἔφημεν
1602 3511 1702 3583 (2),
1736 3514 1769 3583 ή
1806 3511 2008 3580 γνῶσις

419 3607 514 3660 τοῦ
540 3602 678 3659 εἶναι
697 3605 828 3658 Θεὸν
865 3603 1110 3676 φυσικῶς
1134 3607 1267 3675 ἡμῖν
1294 3603 1758 3673 ἐγκατέσπαρται.
1785 3602 2008 3672 Ἐπειδὴ

419 3702 476 3754 δὲ
508 3699 762 3753 τοσοῦτον
810 3699 1030 3768 ἴσχυσεν
1061 3697 1096 3765 ἡ
1118 3695 1213 3749 τοῦ
1247 3695 1484 3766 πονηροῦ
1542 3695 1712 3748 κακία
1739 3692 1882 3746 κατὰ
1909 3692 2011 3762 τῆς

420 3794 528 3846 τῶν
557 3790 860 3862 ἀνθρώπων
900 3791 1134 3858 φύσεως,
1171 3787 1312 3842 ὥστε
1348 3788 1440 3841 καί
1486 3803 1637 3860 τινας
1667 3787 1749 3848 εἰς
1781 3785 1841 3837 τὸ
1883 3783 2008 3837 ἀλο-

419 3885 664 3953 γώτατον
707 3883 801 3935 καὶ
855 3883 1073 3935 πάντων
1103 3879 1214 3933 τῶν
1241 3879 1424 3933 κακῶν
1469 3879 1731 3933 κάκιστον
1766 3891 2011 3943 καταγα-

417 3979 534 4044 γεῖν
560 3976 659 4044 τῆς
690 3974 966 4037 ἀπωλείας
990 3972 1282 4044 βάραθρον,
1302 3972 1362 4026 τὸ
1386 3972 1566 4041 λέγειν
1590 3972 1662 4043 μὴ
1685 3966 1824 4024 εἶναι
1848 3968 2005 4022 Θεόνο

415 4065 491 4124 ὧν
524 4070 623 4140 τὴν
684 4066 998 4136 ἀφροσύνην
1029 4066 1307 4134 ἐμφαίνων
1339 4067 1368 4120 ὁ
1399 4066 1722 4137 ἱεροφάντης
1766 4063 1870 4133 ἔφη
1907 4066 2010 4114 Δοι-

415 4161 501 4214 ὕίδ
531 4176 547 4192 ·
597 4155 781 4213 Elter
826 4157 1030 4226 ἄφρων
1079 4157 1147 4210 ἐν
1198 4155 1273 4224 τῇ
1334 4156 1544 4224 καρδίᾳ
1607 4153 1794 4208 αὑτοῦ
1827 4172 1840 4186 ·
1875 4155 2007 4208 Οὐκ

413 4254 547 4306 ἐστι
574 4249 746 4315 Θεός·
779 4251 828 4302 oi
863 4249 960 4316 μὲν
989 4242 1082 4300 οὖν
1104 4244 1198 4300 τοῦ
1229 4247 1438 4318 Κυρίου
1473 4243 1712 4316 μαθηταὶ
1744 4246 1841 4298 καὶ
1871 4243 2007 4297 and.

415 4340 614 4393 στολοι.
646 4338 724 4408 τῷ
771 4337 1026 4408 παναγίῳ
1078 4337 1428 4407 σοφισθέντες
1472 4337 1776 4408 Πνεύματι,
1808 4337 1903 4390 καὶ
1937 4338 2003 4408 τῇ

412 4431 579 4487 αὐτοῦ
608 4432 835 4502 δυνάμει
867 4432 962 4485 καὶ
983 4430 1168 4502 χάριτι
1196 4430 1294 4494 τὰς
1343 4430 1670 4501 θεοσημείας
1699 4427 2004 4500 ἐργαζόμε-

412 4542 517 4588 νοι,
547 4526 613 4594 τῇ
643 4523 754 4577 τῶν
779 4523 1076 4593 θαυμάτων
1109 4524 1321 4594 σαγήνῃ
1357 4523 1496 4592 πρὸς
1525 4521 1584 4575 τὸ
1615 4521 1731 4590 φῶς
1757 4521 1856 4591 τῆς
1889 4519 2006 4572 θεο-

410 4616 650 4685 γνωσίας
682 4617 747 4668 ἐκ
786 4615 881 4668 τοῦ
940 4613 1102 4685 βύθου
1146 4613 1247 4684 τῆς
1294 4613 1568 4682 ἀγνωσίας
1595 4612 1621 4652 ά
1655 4611 1852 4674 αὐτοὺς
1899 4609 2004 4673 ξω·

409 4707 670 4779 γροῦντες
701 4708 993 4779 ἀνήγαγον.
1031 4705 1263 4776 Ὁμοίως
1287 4706 1381 4759 καὶ
1414 4706 1463 4758 οἱ
1490 4704 1696 4758 τούτων
1714 4703 1816 4772 τῆς
1838 4701 2001 4773 χάρι-

489 4837 531 4868 ⁸⁰
557 4835 713 4890 Dion.
741 4849 865 4904 cap.
890 4835 924 4889 2
956 4834 1033 4889 De
1058 4835 1164 4890 diu.
1198 4851 1341 4890 nom.
1380 4835 1420 4866 “
1446 4833 1580 4889 Ibid.
1624 4849 1745 4903 cap.
1786 4833 1836 4885 l.

1916 4830 1956 4860 η
1973 4823 2158 4893 'Sllpl‘.
2219 4837 2341 4891 cap.
2380 4823 2432 4876 l.

2114 3532 2220 3570 non
2254 3515 2574 3584 ambigitur,
2607 3522 2666 3568 ιιι
2701 3529 2800 3570 nec
2822 3529 2850 3568 a
2879 3513 3156 3584 plerisque
3180 3511 3486 3582 gentilium.
3526 3507 3689 3564 Velut

2112 3609 2258 3663 enim
2303 3607 2416 3676 jam
2449 3606 2690 3660 diximus
2724 3607 2791 3672 “,
2836 3606 3063 3659 insitum
3089 3605 3247 3658 nobis
3275 3619 3305 3656 a
3336 3610 3535 3656 natura
3574 3609 3683 3665 est,

2114 3710 2170 3754 ttt
2228 3698 2396 3754 Deum
2457 3713 2582 3753 esse
2620 3712 2938 3751 noscamus.
2989 3695 3252 3761 Quoniam
3301 3709 3429 3747 vero
3478 3692 3692 3745 Satanre

2111 3789 2439 3858 improbitas
2494 3795 2707 3841 tantum
2765 3786 3032 3841 adversus
3085 3783 3365 3838 hominum
3437 3790 3689 3835 naturam

2109 3880 2302 3945 valuit,
2334 3886 2392 3932 ιιι
2423 3885 2477 3931 et
2502 3877 2771 3948 quosdam
2815 3876 2868 3930 in
2935 3875 3370 3936 stolidissimam,
3419 3881 3473 3926 et
3497 3872 3691 3940 quovis

2111 3970 2256 4022 malo
2304 3966 2546 4036 peiorem
2595 3964 2752 4019 exitii
2784 3963 3098 4033 voraginem
3133 3961 3458 4022 detruserit,
3506 3963 3580 4013 ita
3631 3971 3690 4014 ιιι

2113 4060 2280 4114 Deum
2316 4075 2438 4114 esse
2464 4066 2728 4129 negarent
2760 4059 2779 4130 (
2803 4072 3037 4127 quorum
3071 4053 3442 4124 insipientiam
3466 4051 3687 4106 divino-

2111 4167 2232 4206 runt
2271 4152 2561 4207 verborum
2605 4151 2878 4218 interpres
2922 4147 3086 4202 David
3120 4149 3297 4217 palam
3335 4145 3542 4199 faciens
3577 4144 3686 4198 ait:

2107 4241 2258 4297 Dixit
2290 4243 2536 4311 insipiens
2554 4242 2607 4295 in
2628 4237 2784 4294 corde
2801 4255 2896 4292 suo
2915 4255 2934 4293 :
2956 4236 3080 4292 Non
3098 4248 3175 4291 est
3196 4237 3334 4289 Deus
3359 4237 3447 4306 ‘3),
3472 4250 3590 4289 eam
3617 4235 3691 4290 ob

2106 4349 2328 4389 causam
2368 4332 2619 4401 discipuli
2655 4330 2867 4385 Domini
2900 4337 2954 4384 et
2981 4327 3231 4399 apostoli,
3271 4342 3300 4380 a
3332 4326 3534 4396 Spiritu
3566 4341 3690 4379 san-

2105 4432 2194 4478 cto
2240 4422 2467 4485 eruditi,
2508 4421 2708 4476 divinis
2762 4419 2884 4490 ejus
2926 4419 3164 4490 potentia
3225 4427 3279 4472 et
3329 4418 3499 4484 gratia
3528 4414 3688 4468 editis

2105 4513 2391 4584 prodigiis,
2430 4510 2824 4565 miraculorum
2884 4522 3088 4578 sagena
3133 4521 3228 4561 eos
3268 4521 3334 4558 ex
3369 4503 3690 4573 ignorantia:

2105 4603 2319 4673 gurgite
2355 4608 2658 4665 extractos,
2697 4599 2764 4654 ad
2795 4598 3093 4669 agnitionis
3147 4595 3240 4650 Dei
3274 4595 3454 4647 lumen
3490 4607 3686 4662 prove-

2105 4703 2326 4759 xerunt.
2370 4693 2577 4749 Eodem
2623 4707 2840 4763 quoque
2892 4690 3054 4746 modo
3079 4690 3294 4745 illorum
3331 4696 3443 4741 tum
3477 4684 3666 4756 gratia:

2512 4821 2556 4854 "
2585 4818 2730 4878 Psal.
2762 4836 2878 4886 xm,
2913 4820 2964 4875 i.

1721 4965 1956 5022 VARIIE
1991 4961 2396 5020 LECTIONES.

479 5066 508 5108 ἆ
533 5064 677 5121 Edit.
717 5074 773 5123 et
810 5064 968 5120 multi
1007 5064 1132 5120 cod.
1161 5065 1312 5131 Regii
1341 5065 1582 5133 ἀγνοίας,
1617 5072 1670 5120 et
1696 5065 1882 5119 statim
1915 5063 1970 5116 in
1993 5062 2157 5118 editis
2185 5068 2256 5152 et.
2272 5057 2557 5114 nonnullis
2594 5055 2993 5140 Regiiscodic.
3032 5054 3256 5125 ἀνῆγον.
3311 5054 3399 5106 At.

1889 5174 2123 5239 NQTAS.

480 5271 556 5341 (2)
606 5271 703 5337 Ὠς
736 5270 848 5341 γὰρ
870 5273 1121 5342 ἔφημεν.
1153 5271 1220 5326 Ut
1247 5273 1384 5342 enim
1409 5269 1664 5322 diximus.
1688 5267 1988 5342 _Hoe_dixc-

2085 5273 2185 5329 vet,
2214 5281 2331 5317 cum
2361 5273 2601 5332 aspectus
2635 5263 2757 5330 ipse,
2785 5271 2895 5315 tum
2925 5263 3009 5317 lca:
3051 5261 3314 5316 naturalis
3358 5259 3524 5332 docet.
3559 5260 3678 5311 Ilac

408 5330 494 5396 rat
538 5330 696 5408 'cap:
722 5330 776 5403 ι’,
803 5330 1048 5412 Quod-in
1090 5353 1324 5411 utroque
1373 5341 1494 5393 loco
1520 5355 1636 5412 non
1687 5338 1779 5412 ita
1821 5337 1988 5412 fuerit
2082 5336 2221 5388 enim
2255 5330 2565 5412 inductione
2593 5348 2773 5386 eorum
2799 5349 2916 5401 qua:
2963 5335 3056 5386 sub
3100 5342 3366 5412 aspectant
3402 5330 3672 5412 cadgntct

410 5407 849 5480 intelligendum,
880 5423 942 5467 ut
975 5407 1263 5481 congenita
1294 5413 1454 5464 nobis
1489 5410 1556 5481 sit
1582 5409 1821 5481 cognitio
1849 5407 1937 5481 Dei
1970 5423 1982 5457 :

409 5483 503 5537 sed
537 5477 606 5536 ut'
628 5485 865 5535 humana
896 5499 1050 5537 mens
1076 5477 1140 5536 ex
1176 5481 1415 5552 universi
1449 5480 1611 5552 hujus
1642 5477 1985 5552 inspectione

2085 5417 2225 5457 recto
2276 5404 2462 5457 ordine
2511 5397 2905 5469 disponuntur,
2935 5414 3121 5455 auctor
3163 5397 3447 5470 colligitur.
3501 5397 3672 5470 Porro

2085 5475 2258 5541 prima
2291 5475 2382 5527 illa
2417 5474 2769 5527 ratiocinatio
2809 5487 2915 5540 qua
2965 5473 3163 5526 Noster
3193 5469 3360 5524 Deum
3399 5469 3668 5522 exsistere

411 5553 476 5604 ad
509 5553 755 5607 auctoris
815 5553 1062 5607 notitiam
1085 5553 1153 5605 de
1196 5552 1341 5605 facili
1371 5542 1641 5603 deveniat.
1681 5542 1820 5599 Nam
1847 5547 1985 5615 quod
2080 5546 2448 5604 demonstrat,
2473 5542 2798 5615 ﬁrmissima
2846 5551 2901 5596 et
2931 5543 3388 5615 _cx_plicalissittt_a
3420 5545 3526 5602 est,
3555 5551 3663 5604 qua

417 5620 550 5674 licus
614 5623 680 5673 sit
710 5663 724 5684 ,
760 5623 834 5676 :tit
883 5623 1197 5691 Tltcologus
1228 5663 1240 5686 ,
1273 5630 1412 5673 Ol'ui.
1469 5619 1536 5672 δι
1566 5659 1578 5680 ,
1616 5609 1867 5686 (μυκήμαθ’
1914 5618 1982 5668 sit
2083 5627 2191 5691 tres
2226 5616 2435 5678 priores
2459 5612 2707 5683 Attgclici
2735 5612 2976 5668 doctoris
2996 5609 3501 5668 delttonstrationcs
3523 5620 3659 5663 ccu-

413 5707 574 5745 ιαιιδα
607 5707 865 5761 princeps,
900 5711 1014 5762 quw
1060 5711 1138 5746 Ϊι¹δ
1171 5707 1342 5745 omnes
1388 5693 1676 5758 μνοεηιιινιι
1706 5701 1750 5740 σε
1784 5704 1984 5741 ί“οηδι’1”-ο

2081 5687 2344 5739 tinentur.
