4014 6202
251 245 376 342 ~79.5

1461 264 1523 325 S.
1563 263 1880 326 JOANNIS
1911 263 2341 327 DAMASCENI

3434 254 3544 320 796

271 395 389 441 tum
414 381 702 456 dignitatis
750 379 1106 450 munerisque
1164 391 1541 441 successores,
1591 385 1875 447 pastores.

1982 379 2034 440 οξ
2061 377 2270 448 καὶτῆς
2291 377 2444 445 ἀξίας
2469 375 2726 447 διάδοχοι,
2760 373 3017 444 ποιμένες
3050 387 3112 424 τε
3146 369 3238 422 καὶ
3284 367 3545 422 διδάσκα-

269 477 528 534 nimirum
549 482 712 544 atque
734 471 1011 536 doctores,
1042 468 1444 524 illuminantem
1478 466 1716 537 Spiritus
1742 480 1858 536 gra-

276 570 408 623 tiam
436 564 745 629 consecuti,
773 571 887 618 tum
924 561 1320 616 miraculorum
1341 558 1568 622 virtute,
1599 565 1713 614 tum
1737 570 1858 612 ser-

280 657 540 712 monibus
579 655 770 726 gratize
801 653 1111 708 obcaecatos
1139 650 1541 712 illuminabant,
1581 656 1858 704 errantes-

273 763 382 817 que
413 749 470 801 in
500 746 586 800 via
605 743 962 800 reducebant.
991 741 1120 796 u‘At
1146 756 1271 807 nos,
1295 741 1389 811 qui
1420 756 1522 797 nec
1563 741 1860 796 miraculo-

275 853 422 904 rum,
446 852 549 894 nec
575 836 841 892 doctrinae
874 835 1080 890 donum
1105 833 1416 902 accepimus
1450 834 1547 900 (ut
1579 832 1671 902 qui
1692 831 1859 886 nimia

276 945 406 1000 erga
457 929 770 999 voluptates
800 925 1188 997 propensione,
1219 939 1321 980 nos
1350 939 1416 980 eo
1445 923 1708 995 indignos
1730 923 1856 979 red-

283 1019 636 1090 diderimus),
673 1034 776 1090 age
823 1031 1002 1088 pauca
1047 1031 1240 1072 eorum
1291 1030 1413 1087 qua:
1461 1016 1653 1087 gratia:
1688 1017 1860 1072 inter-

279 1125 462 1186 pretes
497 1113 656 1169 nobis
683 1110 1054 1176 tradiderunt,
1083 1108 1150 1164 de
1196 1108 1300 1163 hoc
1328 1115 1652 1178 argumento
1683 1106 1865 1163 disse-

279 1220 466 1261 ramus
500 1221 517 1270 ;
568 1202 861 1272 implorata
913 1207 1096 1253 tamen
1143 1196 1297 1268 prius
1332 1195 1510 1254 Patris
1549 1203 1605 1253 et
1642 1196 1767 1253 Filii
1806 1204 1864 1252 et

281 1296 521 1367 Spiritus
560 1293 735 1350 sancti
757 1306 880 1360 ope.

351 1386 540 1440 Prima
571 1384 712 1438 ratio
742 1381 909 1436 Deum
933 1396 1065 1446 esse,
1097 1394 1161 1435 ex
1191 1394 1365 1434 rerum
1395 1378 1766 1434 mutabilitate.
1796 1409 1863 1421 -

286 1478 449 1548 126
467 1475 666 1532 Omnia
688 1489 810 1544 qua:
829 1479 982 1540 sunt,
1005 1478 1101 1526 aut
1119 1479 1301 1527 creata
1329 1477 1459 1527 sunt
1481 1479 1575 1526 aut
1596 1471 1858 1526 increata.

285 1566 344 1621 Si
375 1574 584 1630 creata,
618 1565 807 1634 utique
837 1572 892 1619 et
932 1561 1219 1618 mutabilia
1261 1571 1411 1617 sunt.
1436 1562 1682 1628 Quorum
1714 1562 1866 1629 enim

282 1672 408 1713 esse
437 1671 472 1711 a
495 1655 799 1712 mutatione
829 1652 1056 1723 incepit,
1081 1667 1146 1708 ea
1178 1651 1464 1706 mutationi
1488 1667 1708 1722 quoque
1729 1653 1863 1707 sub-

285 1747 399 1802 sint
429 1762 653 1804 necesse
680 1755 786 1811 est,
812 1744 928 1801 sive
958 1745 1252 1808 intereant,
1288 1744 1403 1798 sive
1435 1758 1532 1813 per
1563 1745 1867 1798 voluntatis

287 1845 448 1895 actus
470 1838 579 1893 alia
622 1844 788 1907 atque
813 1836 920 1891 alia
945 1835 1095 1890 ﬁant.
1127 1833 1226 1889 Sin
1270 1842 1451 1889 autem
1483 1834 1751 1901 increata,
1781 1850 1870 1891 se-

287 1932 482 2002 quitur
537 1928 784 1999 profecto
817 1934 875 1981 ut
931 1933 985 1982 et
1027 1925 1229 1981 mutari
1288 1925 1515 1982 omnino
1569 1937 1866 1997 nequeant.

288 2025 541 2090 Quorum
570 2021 717 2078 enim
759 2034 888 2076 esse
919 2019 1252 2076 contrarium
1305 2026 1410 2084 est,
1464 2017 1661 2073 borum
1707 2019 1871 2074 etiam

288 2115 490 2172 modus
535 2127 646 2184 quo
699 2121 852 2176 sunt,
902 2111 1329 2182 proprietatesve
1382 2111 1672 2166 contrariae
1720 2122 1871 2167 sunt.

290 2204 496 2274 Ecquis
523 2217 656 2273 ergo
685 2203 788 2258 hoc
818 2203 976 2258 nobis
1010 2217 1121 2258 non
1149 2201 1503 2267 assentiatur,
1531 2202 1716 2257 omnia
1755 2218 1876 2273 quae

291 2305 425 2354 sunt
446 2296 732 2351 mutabilia
757 2310 904 2360 esse,
924 2309 1028 2350 nec
1051 2309 1117 2348 ea
1140 2300 1354 2348 tantum
1384 2308 1506 2363 quae
1525 2293 1630 2349 sub
1651 2309 1873 2350 sensum

292 2393 544 2463 nostrum
572 2385 802 2447 eadunt,
847 2385 943 2440 sed
988 2390 1046 2440 et
1086 2383 1312 2453 angelos
1343 2380 1566 2448 mutari,
1618 2385 1758 2441 alios
1809 2399 1877 2442 ex

293 2477 419 2532 aliis
449 2475 592 2541 ﬁeri,
619 2475 908 2546 multiplici
935 2474 1100 2530 modo
1127 2475 1359 2539 moveri,
1381 2491 1445 2531 ac
1475 2478 1834 2532 transmutari
1861 2493 1875 2528 :

293 2567 376 2623 sic
399 2567 681 2630 nimirum,
706 2573 766 2620 ut
797 2565 1191 2636 intelligibilia,
1223 2566 1449 2636 angelos
1468 2565 1616 2631 dico,
1642 2567 1879 2633 animas,

293 2665 353 2712 et
378 2656 677 2722 daemones,
723 2655 938 2711 ratione
966 2655 1290 2719 voluntatis,
1325 2655 1442 2710 sive
1483 2657 1882 2726 progredientis

295 2748 353 2802 in
393 2749 562 2812 bono,
604 2749 720 2804 sive
753 2763 948 2803 rursus
997 2749 1067 2803 ab
1095 2762 1163 2802 eo
1207 2747 1538 2811 recedentis.
1571 2763 1740 2818 seque
1785 2752 1870 2805 vel

297 2838 661 2906 intendentis,
687 2839 770 2894 vel
805 2839 1136 2894 remittentis
1156 2856 1172 2906 ;
1195 2839 1402 2908 reliqua
1426 2854 1560 2895 vero
1577 2842 1878 2900 secundum

295 2931 704 3000 generationem
738 2939 794 2987 et
822 2933 1258 3003 corruptionem,
1288 2942 1646 3002 augmentum
1679 2941 1732 2989 et
1785 2934 1883 2990 de-

1961 469 2064 533 λοι,
2097 470 2196 541 τὴν
2223 467 2554 539 φωτιστικὴν
2580 466 2676 520 τοῦ
2696 465 3017 536 Πνεύματος
3050 463 3214 534 χάριν
3233 460 3544 531 δεξάμενοι,

1958 561 2026 630 τῇ
2050 576 2108 612 τε
2134 558 2244 612 τῶν
2264 557 2556 627 θαυμάτων
2584 552 2929 625 δυνάμει,τῷ
2951 569 3010 605 τε
3037 551 3184 622 λόγῳ
3199 549 3298 622 τῆς
3320 551 3548 622 χάριτος

1958 652 2086 714 τοὺς
2122 650 2540 721 έσκοτισμένους
2585 645 2872 717 έφὼτιζον,
2908 643 3158 706 καὶτοὺς
3192 640 3549 712 πεπλανημέ-

1961 759 2087 806 νους
2121 743 2478 814 ἐπέστρεφον.
2521 742 2714 812 Ἡμεῖς
2745 740 2804 794 δὲ
2839 740 2891 794 οἱ
2923 738 3061 810 μηδὲ
3089 739 3150 792 τὸ
3192 738 3301 792 τῶν
3328 737 3549 808 θαυμά-

1959 848 2091 897 των,
2130 831 2265 902 μηδὲ
2309 829 2369 884 τὸ
2409 829 2511 900 τῆς
2537 828 2891 892 διδασκαλίας
2928 827 3216 898 δεξάμενοι
3254 827 3506 897 χάρισμα
3532 843 3545 858 ο

1960 923 2213 989 ἀναξίους
2258 921 2368 994 γὰρ
2398 922 2623 986 ἑαυτοὺς
2661 922 2729 992 τῇ
2782 920 2920 991 πρὸς
2976 918 3079 983 τὰς
3127 918 3324 990 ἡδονὰς
3378 935 3548 989 προσ-

1961 1015 2164 1085 παθείᾳ
2204 1013 2622 1083 πεποιήκαμεν
2652 1013 2786 1083 φέρε
2832 1010 2988 1080 ὀλίγα
3019 1010 3126 1064 τῶν
3177 1009 3549 1081 παραδεδομέ-

1961 1119 2071 1158 νων
2089 1105 2222 1174 ήμῖν
2239 1103 2344 1157 ὑπὸ
2371 1104 2481 1157 τῶν
2504 1101 2799 1173 ὑΜφητῶν
2831 1103 2930 1173 τῆς
2954 1100 3180 1172 χάριτος
3207 1100 3336 1171 περὶ
3351 1099 3548 1153 τούτου

1961 1195 2349 1266 διαλεξώμεθα,
2371 1196 2463 1250 τὸν
2492 1195 2712 1266 Πατέρα
2731 1194 2826 1247 καὶ
2853 1193 2942 1247 τὸν
2959 1193 3090 1247 Υίον
3115 1191 3292 1246 καὶτὸ
3320 1190 3550 1261 Πνεῦμα

1961 1289 2024 1344 τὸ
2058 1290 2212 1357 ἅγιον
2255 1287 2552 1342 έπικαλεσά
2559 1305 2732 1358 μενοι.

2033 1381 2220 1434 Πάντα
2263 1379 2333 1434 τά
2381 1380 2512 1433 ὄντα
2534 1417 2550 1443 ,
2579 1379 2614 1449 ἢ
2667 1376 2865 1431 κτιστά
2909 1377 3060 1429 ἐστιν
3093 1414 3109 1440 ,
3135 1373 3170 1444 ἢ
3199 1373 3455 1428 άκτιστα.
3485 1369 3553 1424 Et

1967 1472 2068 1543 μὲν
2100 1469 2193 1528 οὖν
2259 1471 2455 1527 κτιστά
2479 1512 2493 1536 ,
2524 1471 2744 1534 πάντως
2794 1469 2890 1523 καὶ
2934 1467 3179 1540 τρεπτάο
3205 1458 3284 1520 ὧν
3337 1463 3449 1536 γὰρ
3491 1463 3553 1516 τὸ

1965 1563 2104 1621 εἶναι
2135 1564 2244 1620 άπὸ
2265 1565 2476 1636 τροπῆς
2499 1563 2722 1634 ἧρξατο,
2742 1561 2918 1616 ταῦτα
2949 1563 3019 1631 τῇ
3048 1562 3226 1631 τροπῇ
3267 1558 3554 1612 ὑποκείσεο

1965 1675 2058 1712 ται
2126 1655 2447 1726 πάντως,ἢ
2508 1654 2842 1726 φθειρόμενα
2867 1694 2883 1719 ,
2919 1653 2954 1723 ἢ
3001 1651 3146 1706 κατὰ
3191 1651 3553 1722 προαίρεσινο

1972 1750 2354 1821 ἀλλοιούμενα.
2391 1749 2454 1802 Et
2486 1747 2544 1802 δὲ
2581 1745 2837 1810 άκτιστα,
2882 1742 3026 1797 κατά
3075 1742 3169 1796 τὸν
3194 1742 3294 1812 τῆς
3324 1741 3554 1796 ἀκολου-

1974 1842 2096 1906 θίας
2149 1841 2330 1911 λόγον,
2366 1842 2586 1903 πάντως
2635 1838 2732 1894 καὶ
2777 1839 3044 1909 ἄτρεπτα.
3073 1831 3175 1890 Ὧν
3194 1835 3304 1906 γάρ
3329 1836 3391 1889 τὸ
3411 1831 3550 1889 εἶναι

1973 1938 2236 2002 ἐναντίον,
2265 1936 2472 1991 τούτων
2495 1936 2592 1990 καὶ
2617 1937 2647 1990 ὁ
2673 1935 2770 1989 τοῦ
2794 1933 2912 1996 πῶς
2936 1928 3075 1986 εἶναι
3097 1931 3256 2000 λόγος
3280 1931 3545 1994 ἐναντίος.

1974 2032 2143 2101 ἤγουν
2181 2032 2238 2084 αί
2291 2030 2571 2099 ἰδιότητες.
2608 2028 2706 2089 Τίς
2749 2024 2844 2080 οὖν
2872 2026 2930 2078 οὐ
2983 2024 3334 2093 συνθήσεται,
3361 2023 3540 2077 πάντα

1974 2123 2043 2176 τά
2075 2123 2226 2184 ὄντα,
2255 2121 2358 2176 ὅσα
2390 2121 2498 2175 ὑπὸ
2537 2119 2636 2188 τὴν
2669 2117 2947 2189 ἡμετέραν
2973 2114 3242 2184 αἴσθησιν,
3267 2113 3402 2166 ἀλλὰ
3433 2112 3540 2183 μὴν

1976 2213 2072 2265 κα)⁸
2097 2211 2367 2280 ἀγγέλους
2399 2209 2829 2281 τρέπεσθαι,καὶ
2855 2205 3227 2270 ἀλλοιοῦσθαι,
3257 2205 3350 2258 καὶ
3381 2203 3543 2256 πολυ-

3563 1801 3574 1837 ί

1977 2303 2194 2371 τρόπως
2219 2302 2516 2367 κινεῖσθαις
2538 2301 2618 2354 Τά
2659 2300 2758 2370 μὲν
2782 2298 2950 2370 νοητὰ
2975 2296 3242 2366 ἀγγέλους
3275 2295 3440 2365 φημὶ,
3461 2298 3553 2346 καὶ

1977 2395 2176 2466 ψυχάς,
2220 2394 2315 2448 καὶ
2339 2392 2602 2464 δαίμονας
2632 2389 2774 2444 κατά
2808 2389 3152 2460 προαίρεσιν,
3175 2388 3276 2458 τήν
3300 2403 3361 2440 τε
3381 2385 3440 2439 ἐν
3475 2384 3554 2454 τῷ

1979 2487 2128 2557 καλῷ
2160 2484 2447 2557 προκοπὴν
2480 2483 2576 2537 καὶ
2623 2485 2690 2537 ὲκ
2715 2482 2809 2535 τοῦ
2836 2481 3004 2535 καλοῦ
3040 2478 3557 2549 ἀποφοίτησιν,ὲπι-

1979 2578 2301 2648 τεινομένην
2332 2593 2393 2629 τε
2426 2575 2522 2630 καὶ
2551 2574 2849 2645 ὑφιεμένην
2876 2590 2891 2606 ο
2925 2573 2994 2626 τά
3033 2573 3089 2625 δὲ
3133 2570 3297 2624 λοιπὰ
3337 2568 3381 2632 ι,
3418 2568 3556 2620 κατά

1980 2687 2041 2722 τε
2069 2669 2284 2738 γένεσιν
2308 2667 2405 2720 καὶ
2434 2666 2662 2738 φθορὰν,
2687 2664 2914 2736 αὔξησίν
2940 2681 3001 2717 τε
3049 2663 3145 2718 καὶ
3181 2661 3426 2732 μείωσιν,
3460 2661 3561 2712 καὶ

1983 2761 2082 2833 τὴν
2108 2760 2252 2814 κατὰ
2281 2759 2545 2829 ποιότητα
2590 2758 2915 2829 μεταϐολὴν,
2945 2755 3041 2809 καὶ
3086 2754 3187 2824 τὴν
3214 2752 3448 2821 τοπικὴν
3475 2749 3558 2803 κίο-

1985 2871 2168 2924 νησιν;
2202 2851 2423 2922 Τρεπτά
2449 2851 2624 2904 τοίνυν
2649 2850 2797 2913 ὄντα,
2816 2848 3036 2910 πάντως
3058 2847 3149 2900 καὶ
3178 2844 3394 2897 κτιστά.
3426 2841 3562 2893 Κτιυ

1987 2945 2087 2998 στά
2123 2945 2179 2997 δὲ
2202 2945 2352 3005 ὄντα,
2401 2943 2619 3005 πάντως
2662 2940 2767 2994 ὑπό
2821 2956 2966 3000 τινος
3025 2933 3560 3006 ὲδημιουργήθησαν.

297 3026 783 3086 crementum,'aut
811 3023 1116 3080 secundum
1141 3024 1478 3094 qualitatem,
1506 3035 1554 3080 et
1582 3025 1875 3081 secundum

1984 3039 2077 3089 Δεῖ
2102 3036 2160 3090 δὲ
2187 3035 2278 3088 τὸν
2307 3033 2646 3104 δημιουργὸν
2675 3032 2932 3086 ἄκτιστον
2962 3025 3122 3081 εἶναι.
3145 3028 3208 3080 Et
3237 3025 3346 3096 γὰρ
3377 3025 3564 3076 κάκεῖ-

299 3121 510 3167 motum
555 3113 624 3169 de
658 3114 780 3170 loco
823 3115 879 3170 in
920 3116 1099 3170 locum
1131 3116 1492 3176 immutentur
1524 3116 1704 3172 ?Cuin
1755 3133 1875 3189 ergc

1983 3149 2074 3194 νος
2122 3129 2344 3199 ἐκτίσθη
2376 3170 2391 3194 ,
2454 3131 2673 3191 πάντως
2715 3123 2822 3178 ὑπό
2869 3140 3016 3185 τινος
3060 3119 3323 3188 ἐκτίσθη,
3351 3118 3455 3180 ἕως
3498 3116 3566 3169 ἂν

298 3201 587 3255 mutabilia
621 3203 758 3268 sint,
788 3219 924 3260 sane
951 3205 1118 3260 etiam
1165 3215 1351 3261 creata
1392 3223 1516 3264 esse
1563 3218 1796 3280 Oportet.
1829 3210 1875 3265 Si

1986 3219 2234 3288 ἔλθωμεν
2279 3219 2360 3280 εἰς
2409 3234 2462 3270 τι
2509 3215 2786 3270 ἀκτιστον.
2821 3214 3108 3273 Ἀκτιστος
3149 3205 3243 3262 οὖν
3271 3207 3346 3261 ὢν
3373 3208 3398 3246 ε
3419 3208 3448 3259 ὁ
3470 3206 3564 3272 δηο

298 3303 432 3391 vero
473 3299 680 3355 creata,
709 3293 855 3346 haud
890 3294 1118 3348 dubium
1153 3295 1287 3364 quin
1339 3297 1406 3350 ab
1451 3298 1636 3368 aliquo
1689 3301 1875 3370 opiﬁce

1995 3309 2277 3380 μιουργὸς,
2301 3310 2517 3372 πάντως
2551 3307 2645 3361 καὶ
2685 3304 2955 3376 ἄτρεπτος
2985 3305 3121 3357 ἐστι.
3155 3301 3328 3355 Τοῦτο
3354 3299 3410 3353 δὲ
3429 3297 3482 3350 τί
3501 3297 3568 3351 ἂν

302 3381 417 3434 sint
445 3381 690 3436 condita.
738 3382 904 3452 Atqui
933 3391 1240 3438 creatorem
1274 3385 1578 3442 increatum
1611 3406 1736 3449 esse
1787 3414 1875 3454 ne.

1994 3402 2123 3458 ἄλλο
2144 3401 2252 3472 εἴη,
2289 3402 2323 3472 ἢ
2358 3399 2524 3463 Θεό;;

301 3484 523 3563 pessum
553 3480 658 3527 est.
693 3471 828 3563 Nam
865 3475 912 3528 si
938 3475 1056 3563 ipse
1071 3489 1296 3545 quoque
1325 3485 1546 3536 creatus
1565 3490 1670 3548 est,
1703 3501 1733 3540 a
1761 3493 1999 3560 quodam
2031 3494 2283 3563 profecto
2318 3501 2537 3546 creatus
2563 3489 2690 3553 erit,
2725 3487 2915 3555 sicque
2952 3485 3130 3539 donec
3197 3481 3264 3536 ad
3337 3479 3569 3548 aliquod

303 3555 608 3614 increatum
643 3561 976 3618 venerimus.
1007 3561 1291 3620 lncreatus
1322 3563 1491 3637 igitur
1527 3586 1652 3628 cum
1697 3555 1893 3638 sit'ille
1930 3555 2209 3648 conditor,
2249 3583 2476 3638 omnino
2525 3595 2628 3635 nec
2671 3577 2954 3633 mutabilis
3019 3582 3123 3629 est.
3194 3571 3306 3626 lluc
3389 3578 3568 3624 autem

307 3651 440 3720 quid
468 3651 642 3719 aliud,
679 3652 788 3708 nisi
821 3654 962 3710 Deus
987 3653 1191 3712 fuerit?

381 3748 626 3804 Secunda
644 3765 711 3804 ea:
724 3767 909 3805 earum
924 3756 1322 3812 conservatione
1342 3768 1392 3814 et
1422 3762 1892 3831 gubernatione.—

305 3839 477 3897 Porro
502 3841 618 3910 ipsa
643 3857 862 3912 quoque
880 3858 1060 3899 rerum
1082 3856 1392 3904 creatarum
1419 3867 1730 3928 compages,
1755 3874 1890 3915 con-

305 3935 567 3998 servatio,
600 3944 766 4005 atque
800 3935 1150 4004 gubernatio,
1185 3954 1286 3996 nos
1323 3942 1521 4000 docent
1551 3947 1718 4004 Deum
1747 3967 1893 4019 esse,

305 4026 402 4093 qui
433 4025 748 4081 universum
776 4027 881 4081 hoc
905 4033 1320 4100 coagmentarit,
1358 4045 1651 4104 sustentet,
1681 4051 1736 4096 et
1761 4057 1894 4097 con-

307 4124 510 4174 servet.
534 4117 691 4186 eique
713 4120 1019 4187 provideat.
1057 4123 1098 4153 ¹⁸
1119 4122 1222 4189 Qui
1250 4126 1396 4180 enim
1427 4129 1544 4185 ﬁeri
1593 4133 1886 4201 potuisset,

310 4213 370 4257 ut
417 4204 560 4260 inter
594 4221 653 4261 se
703 4217 1007 4279 pugnantes
1053 4221 1282 4275 naturae.
1336 4216 1496 4286 ignis,
1531 4220 1776 4291 inquam,
1833 4232 1888 4278 et

2059 3769 2170 3822 Καὶ
2201 3765 2344 3835 αὐτὴ
2367 3765 2426 3819 δὲ
2451 3767 2483 3834 ὴ
2517 3764 2618 3834 τῆς
2658 3766 2891 3823 κτίσεως
2922 3757 3140 3828 συνοχὴ,
3171 3755 3263 3808 καὶ
3305 3757 3570 3824 συντήρηι

1990 3876 2094 3923 σις,
2127 3857 2225 3912 καὶ⁹
2280 3856 2633 3926 κυσέρνησις,
2671 3853 2914 3907 διδάσκει
2945 3851 3093 3920 ἡμᾶς
3137 3849 3220 3901 ὅτι
3269 3847 3387 3902 ἐστὶ
3415 3845 3568 3909 Θεὸς,

1987 3952 2017 4004 ὁ
2043 3951 2160 4004 τόδε
2183 3949 2246 4002 τὸ
2283 3950 2392 4002 πᾶν
2417 3948 2850 4019 συστησάμενος,
2889 3943 2984 3996 καὶ
3017 3940 3280 4009 συνέχων,
3312 3938 3408 3990 acati.
3444 3953 3564 3988 συν-

1987 4045 2196 4116 τηρῶν.
2233 4044 2328 4098 καὶ
2367 4043 2456 4096 ἀεὶ
2486 4040 2911 4112 προνοούμενος.
2947 4036 3072 4098 Πῶς
3101 4034 3212 4106 γὰρ
3235 4033 3301 4087 ἀν
3333 4034 3391 4085 αἱ
3421 4034 3573 4085 ἐναν-

1989 4136 2098 4190 τίαι
2138 4135 2360 4204 φύσεις,
2389 4132 2556 4203 πυρὸς
2589 4130 2733 4198 λέγω
2761 4130 2856 4183 καὶ
2879 4128 3071 4189 ὓδατος
3094 4165 3110 4191 ,
3133 4125 3294 4194 ἀέρος
3323 4123 3415 4176 καὶ
3446 4121 3571 4190 γῆς,

1994 4229 2075 4291 είς
2103 4227 2221 4291 ἑνὸς
2238 4226 2444 4296 κόσμου
2462 4224 2858 4294 συμπλήρωσιν
2879 4219 3129 4289 ἀλλήλοις
3155 4214 3571 4285 συνεληλύθασι.

311 4307 485 4361 aqum,
512 4295 654 4349 aeris
669 4303 723 4350 et
759 4305 937 4363 terrae,
969 4299 1036 4354 ad
1057 4303 1218 4358 unius
1243 4306 1875 4368 mundiconstitutioneu

1999 4321 2093 4372 καὶ
2123 4317 2396 4373 ἀδιάλυτοι
2425 4316 2676 4386 μένουσιν
2697 4354 2712 4376 ,
2735 4315 2783 4366 εί
2816 4313 2892 4384 μή
2927 4329 3014 4374 τις
3052 4307 3458 4374 παντοδύναμος
3480 4305 3572 4356 δύο

310 4387 545 4450 coircnt,
583 4387 871 4459 tenacique
914 4391 1052 4446 adeo
1082 4409 1222 4448 nexu
1258 4396 1619 4466 cohaererent,
1665 4411 1724 4456 ut
1750 4405 1875 4458 null:

1999 4425 2162 4478 ναμις
2209 4405 2386 4460 ταῦτα
2439 4405 2534 4460 καὶ
2571 4403 2922 4461 συνεϐίϐασε.
2953 4400 3048 4454 καὶ
3099 4399 3188 4452 ἀεὶ
3216 4400 3374 4468 τηρεῖ
3420 4395 3569 4448 ἀδιά-

309 4476 526 4533 ratione
559 4480 695 4534 solvi
720 4483 970 4552 possint;
1002 4485 1106 4539 nisi
1127 4487 1481 4559 omnipotens
1512 4492 1594 4547 vis
1626 4495 1808 4565 aliqua
1837 4513 1899 4551 ea

311 4569 776 4640 compaginasset,
797 4587 860 4628 ac
885 4584 1150 4646 perpetuo
1174 4592 1203 4630 a
1233 4577 1596 4638 dissolutione
1627 4598 1895 4644 servaret.

386 4656 587 4726 Tertia,
650 4676 718 4715 ea:
770 4679 944 4718 rerum
978 4665 1226 4722 ordinato
1267 4669 1394 4725 situ.
1432 4704 1493 4713 —
1527 4673 1758 4730 Mundus
1797 4695 1897 4732 non

313 4763 440 4801 casu
469 4759 519 4802 et
548 4762 729 4818 sponte
778 4765 1199 4825 coagmentatus,
1257 4771 1441 4816 contra
1496 4762 1801 4833 Epicureos.
1824 4799 1891 4808 --

311 4839 455 4906 Quid
488 4853 573 4897 est
608 4845 756 4914 quod
778 4862 842 4901 ea
877 4865 1000 4918 qua:
1022 4849 1077 4905 in
1111 4853 1273 4916 cmlo,
1309 4865 1361 4909 et
1404 4873 1526 4926 quae
1558 4858 1768 4917 interra
1791 4879 1887 4916 ex-

314 4933 540 4999 sistunt,
599 4951 828 5008 qumque
886 4954 1064 4996 aerem
1100 4955 1487 5017 pervagantur,
1547 4960 1600 5004 et
1653 4968 1776 5021 qua:
1819 4954 1888 5007 'in

313 5023 476 5093 aquis
514 5024 718 5096 degunt
746 5029 893 5095 ;imo
945 5033 1110 5088 etiam
1142 5050 1262 5104 qua:
1287 5036 1372 5094 bis
1402 5041 1680 5094 anteriora
1738 5052 1886 5108 sunt,

393 5185 434 5217 ¹¹
465 5186 628 5260 Greg.
661 5187 790 5244 Naz.
819 5199 962 5247 orat.
995 5194 1082 5249 54.
1163 5197 1203 5228 ⁸⁵
1229 5196 1429 5252 Athan.
1458 5199 1613 5254 Cant.
1641 5212 1781 5270 gent.

1997 4503 2146 4555 λυτα.

2068 4681 2135 4733 Τί
2163 4679 2226 4733 τὸ
2255 4679 2425 4742 τάξαν
2463 4677 2532 4730 τά
2581 4675 2808 4746 οὐράνια
2845 4673 2941 4726 καὶ
2977 4672 3197 4739 ἐπίγεια
3217 4711 3232 4735 ,
3254 4673 3356 4722 ὅσα
3385 4685 3442 4721 τε
3479 4668 3575 4721 καὶ

1997 4772 2064 4825 δι’
2094 4770 2276 4841 ἀέρος,
2304 4769 2399 4821 καὶ⁹
2432 4768 2531 4821 ὅσα
2584 4765 2704 4818 καθ’
2753 4765 2982 4824 ὓδατος,
3019 4759 3215 4831 μᾶλλον
3239 4759 3298 4811 δὲ
3346 4759 3414 4811 τὰ
3468 4757 3574 4826 πρὸ

1997 4864 2224 4926 τούτων,
2259 4861 2507 4932 οὐρανὸν,
2535 4859 2629 4911 καὶ
2649 4858 2776 4927 γῆν,
2812 4855 2904 4908 καὶ
2937 4853 3093 4925 ἀέρα,
3137 4851 3233 4904 καὶ
3267 4852 3430 4920 φύσιν
3469 4868 3574 4902 πυ-

1999 4956 2091 5027 ρός
2123 4971 2184 5008 τε
2233 4953 2322 5006 καὶ
2357 4952 2579 5014 ὖδατος;
2611 4949 2660 5001 τί
2684 4950 2711 4987 h
2743 4946 2919 5000 ταῦτα
2963 4943 3140 5014 ἔμιξε.
3177 4943 3271 4996 καὶ
3304 4941 3528 5012 ἐμέρισε
3555 4955 3571 4970 ⁸

1998 5047 2049 5099 τί
2073 5046 2134 5098 τὸ
2160 5045 2332 5100 ταῦτα
2356 5045 2582 5113 κινῆσαν
2623 5040 2717 5094 καὶ
2741 5039 2873 5108 ἄγον
2900 5037 2998 5108 τὴν
3019 5036 3252 5106 ἄληκτον
3275 5033 3450 5103 φορὶν
3481 5033 3572 5086 καὶ

1560 5317 1787 5373 νΑιιιίΕ
1828 5319 2232 5375 LECTlUNlLS.

401 5469 676 5552 asperum.
758 5465 777 5506 ί
833 5471 889 5522 In
924 5469 986 5521 Il.
1021 5471 1176 5550 537i).
1205 5471 1388 5552 Schol.
1423 5473 1522 5526 hoc
1559 5476 1773 5542 legitur,
1832 5480 1875 5543 ti

1982 5477 2151 5552 D’igfgb
2197 5479 2362 5531 κακὸν
2416 5477 2721 5552 σχέσει-καὶ
2782 5479 3071 5552 παγιότητι
3142 5472 3296 5552 Quod
3346 5474 3398 5524 in
3435 5472 3566 5552 [ξμς.

324 5535 695 5619 ἳθῒὶυιιῖίιιιίηιῖ
723 5547 844 5616 eti-In
867 5547 1015 5592 lcxlu
1050 5541 1545 5619 SL‘li‘izl‘(FSCI'iEIIUIII
1573 5535 1772 5616 reperi:
1855 5535 2159 5603 l5'ltl'cditis
2193 5565 2310 5617 qua:
2341 5535 2587 5619 sequitur
2608 5548 2795 5602 Dillius
2824 5535 3115 5613 deest,'6iv,
3145 5535 3571 5598 reclamantibus

328 5620 464 5664 tnss.
495 5616 546 5661 et
576 5609 817 5662 auctoris
835 5625 1021 5663 sensu.
1097 5611 1122 5648 ιι
1162 5609 1337 5677 Ιςινιίιε,
1365 5612 1466 5672 τες.
