  <div class='ocr_page' id='page_1' title='image "/cluster/home/n/w/nwhite01/storage/ocr_20150623/94/hvd.32044073502098/404.png"; bbox 0 0 3804 6210; ppageno 0'>
   <div class='ocr_carea' id='block_1_1' title="bbox 184 241 286 305">
    <p class='ocr_par' dir='ltr' id='par_1_1' title="bbox 184 241 286 305">
     <span class='ocr_line' id='line_1_1' title="bbox 184 241 286 305; baseline 0.02 -2"><span class='ocrx_word' id='word_1_1' title='bbox 184 241 286 305; x_wconf 85' lang='lat'><strong>797</strong></span> 
     </span>
    </p>
   </div>
   <div class='ocr_carea' id='block_1_2' title="bbox 1278 246 2367 317">
    <p class='ocr_par' dir='ltr' id='par_1_2' title="bbox 1278 246 2367 317">
     <span class='ocr_line' id='line_1_2' title="bbox 1278 246 2367 317; baseline 0.009 -12"><span class='ocrx_word' id='word_1_2' title='bbox 1278 246 1376 306; x_wconf 86' lang='lat' dir='ltr'><strong>DE</strong></span> <span class='ocrx_word' id='word_1_3' title='bbox 1418 246 1597 307; x_wconf 86' lang='lat' dir='ltr'><strong>FIDE</strong></span> <span class='ocrx_word' id='word_1_4' title='bbox 1634 246 2093 309; x_wconf 83' lang='lat' dir='ltr'><strong>ORTHODOXA</strong></span> <span class='ocrx_word' id='word_1_5' title='bbox 2132 252 2279 313; x_wconf 88' lang='lat' dir='ltr'><strong>LIB.</strong></span> <span class='ocrx_word' id='word_1_6' title='bbox 2321 254 2367 317; x_wconf 95' lang='grc' dir='ltr'><strong>Ι.</strong></span> 
     </span>
    </p>
   </div>
   <div class='ocr_carea' id='block_1_3' title="bbox 3342 261 3443 325">
    <p class='ocr_par' dir='ltr' id='par_1_3' title="bbox 3342 261 3443 325">
     <span class='ocr_line' id='line_1_3' title="bbox 3342 261 3443 325; baseline 0.04 -3"><span class='ocrx_word' id='word_1_7' title='bbox 3342 261 3443 325; x_wconf 89' lang='lat'><strong>798</strong></span> 
     </span>
    </p>
   </div>
   <div class='ocr_carea' id='block_1_4' title="bbox 183 344 1745 443">
    <p class='ocr_par' dir='ltr' id='par_1_4' title="bbox 183 344 1745 426">
     <span class='ocr_line' id='line_1_4' title="bbox 183 344 1745 426; baseline 0.003 -21"><span class='ocrx_word' id='word_1_8' title='bbox 183 349 501 417; x_wconf 72' lang='grc' dir='ltr'><strong>ἀκιὶιλυτονς</strong></span> <span class='ocrx_word' id='word_1_9' title='bbox 535 344 667 421; x_wconf 69' lang='grc' dir='ltr'><strong>Ἃρ*</strong></span> <span class='ocrx_word' id='word_1_10' title='bbox 704 350 805 423; x_wconf 78' lang='grc' dir='ltr'><strong>οὐχ</strong></span> <span class='ocrx_word' id='word_1_11' title='bbox 835 352 863 404; x_wconf 99' lang='lat'>6</span> <span class='ocrx_word' id='word_1_12' title='bbox 904 352 1154 424; x_wconf 82' lang='grc' dir='ltr'><strong>τεχνίτης</strong></span> <span class='ocrx_word' id='word_1_13' title='bbox 1205 354 1441 419; x_wconf 81' lang='grc' dir='ltr'><strong>τούτων,</strong></span> <span class='ocrx_word' id='word_1_14' title='bbox 1470 356 1565 409; x_wconf 76' lang='grc' dir='ltr'><strong>καὶ</strong></span> <span class='ocrx_word' id='word_1_15' title='bbox 1607 356 1745 426; x_wconf 58' lang='grc' dir='ltr'><strong>λόγος</strong></span> 
     </span>
    </p>
   </div>
   <div class='ocr_carea' id='block_1_5' title="bbox 1857 344 3445 443">
    <p class='ocr_par' dir='ltr' id='par_1_5' title="bbox 1865 359 3445 443">
     <span class='ocr_line' id='line_1_5' title="bbox 1865 359 3445 443; baseline 0.011 -31"><span class='ocrx_word' id='word_1_16' title='bbox 1865 359 2095 424; x_wconf 73' lang='lat' dir='ltr'><strong>omium,</strong></span> <span class='ocrx_word' id='word_1_17' title='bbox 2134 369 2335 417; x_wconf 88' lang='lat' dir='ltr'><strong>terram</strong></span> <span class='ocrx_word' id='word_1_18' title='bbox 2388 370 2444 419; x_wconf 91' lang='lat' dir='ltr'><strong>et</strong></span> <span class='ocrx_word' id='word_1_19' title='bbox 2482 378 2687 429; x_wconf 87' lang='lat' dir='ltr'><strong>aerem,</strong></span> <span class='ocrx_word' id='word_1_20' title='bbox 2744 366 2887 437; x_wconf 89' lang='lat' dir='ltr'><strong>ignis</strong></span> <span class='ocrx_word' id='word_1_21' title='bbox 2926 383 3146 438; x_wconf 87' lang='lat' dir='ltr'><strong>quoque</strong></span> <span class='ocrx_word' id='word_1_22' title='bbox 3200 378 3256 425; x_wconf 89' lang='lat' dir='ltr'><strong>et</strong></span> <span class='ocrx_word' id='word_1_23' title='bbox 3290 386 3445 443; x_wconf 62' lang='lat' dir='ltr'><strong>aqua</strong></span> 
     </span>
    </p>
   </div>
   <div class='ocr_carea' id='block_1_6' title="bbox 182 440 1759 513">
    <p class='ocr_par' dir='ltr' id='par_1_6' title="bbox 182 440 1759 513">
     <span class='ocr_line' id='line_1_6' title="bbox 182 440 1759 513; baseline 0.002 -19"><span class='ocrx_word' id='word_1_24' title='bbox 182 440 350 503; x_wconf 68' lang='grc' dir='ltr'><strong>ἐνθεὶς</strong></span> <span class='ocrx_word' id='word_1_25' title='bbox 377 441 538 506; x_wconf 75' lang='grc' dir='ltr'><strong>πᾶσι,</strong></span> <span class='ocrx_word' id='word_1_26' title='bbox 557 440 679 494; x_wconf 81' lang='grc' dir='ltr'><strong>καθ’</strong></span> <span class='ocrx_word' id='word_1_27' title='bbox 707 440 767 496; x_wconf 82' lang='grc' dir='ltr'><strong>ὃν</strong></span> <span class='ocrx_word' id='word_1_28' title='bbox 798 442 861 495; x_wconf 84' lang='grc' dir='ltr'><strong>τὸ</strong></span> <span class='ocrx_word' id='word_1_29' title='bbox 897 443 1005 496; x_wconf 75' lang='grc' dir='ltr'><strong>πᾶν</strong></span> <span class='ocrx_word' id='word_1_30' title='bbox 1034 442 1260 513; x_wconf 79' lang='grc' dir='ltr'><strong>φέρεταί</strong></span> <span class='ocrx_word' id='word_1_31' title='bbox 1284 460 1364 509; x_wconf 89' lang='grc' dir='ltr'><strong>τε,</strong></span> <span class='ocrx_word' id='word_1_32' title='bbox 1390 444 1483 497; x_wconf 73' lang='grc' dir='ltr'><strong>καὶ</strong></span> <span class='ocrx_word' id='word_1_33' title='bbox 1516 443 1759 513; x_wconf 77' lang='grc' dir='ltr'><strong>διεξάγεο</strong></span> 
     </span>
    </p>
   </div>
   <div class='ocr_carea' id='block_1_7' title="bbox 180 531 1759 608">
    <p class='ocr_par' dir='ltr' id='par_1_7' title="bbox 180 531 1759 608">
     <span class='ocr_line' id='line_1_7' title="bbox 180 531 1759 608; baseline 0.003 -23"><span class='ocrx_word' id='word_1_34' title='bbox 180 550 294 599; x_wconf 74' lang='grc' dir='ltr'><strong>ταις</strong></span> <span class='ocrx_word' id='word_1_35' title='bbox 316 533 417 596; x_wconf 80' lang='grc' dir='ltr'><strong>Τίς</strong></span> <span class='ocrx_word' id='word_1_36' title='bbox 461 532 522 586; x_wconf 72' lang='grc' dir='ltr'><strong>δὲ</strong></span> <span class='ocrx_word' id='word_1_37' title='bbox 550 533 580 585; x_wconf 90' lang='lat'>6</span> <span class='ocrx_word' id='word_1_38' title='bbox 611 534 871 605; x_wconf 77' lang='grc' dir='ltr'><strong>τεχνίτης</strong></span> <span class='ocrx_word' id='word_1_39' title='bbox 901 533 1107 589; x_wconf 83' lang='grc' dir='ltr'><strong>τούτων</strong></span> <span class='ocrx_word' id='word_1_40' title='bbox 1134 552 1150 601; x_wconf 89' lang='grc'><strong>;</strong></span> <span class='ocrx_word' id='word_1_41' title='bbox 1175 531 1306 607; x_wconf 69' lang='grc' dir='ltr'><strong>Ἆρ’</strong></span> <span class='ocrx_word' id='word_1_42' title='bbox 1340 537 1439 607; x_wconf 83' lang='grc' dir='ltr'><strong>οὐχ</strong></span> <span class='ocrx_word' id='word_1_43' title='bbox 1461 538 1489 591; x_wconf 93' lang='lat'>6</span> <span class='ocrx_word' id='word_1_44' title='bbox 1522 554 1759 608; x_wconf 83' lang='grc' dir='ltr'><strong>πεποιη-</strong></span> 
     </span>
    </p>
   </div>
   <div class='ocr_carea' id='block_1_8' title="bbox 183 620 1756 699">
    <p class='ocr_par' dir='ltr' id='par_1_8' title="bbox 183 620 1756 699">
     <span class='ocr_line' id='line_1_8' title="bbox 183 620 1756 699; baseline 0 -21"><span class='ocrx_word' id='word_1_45' title='bbox 183 626 286 688; x_wconf 75' lang='grc' dir='ltr'><strong>κὼς</strong></span> <span class='ocrx_word' id='word_1_46' title='bbox 316 624 485 689; x_wconf 73' lang='grc' dir='ltr'><strong>αὐτὰ,</strong></span> <span class='ocrx_word' id='word_1_47' title='bbox 513 624 612 679; x_wconf 81' lang='grc' dir='ltr'><strong>καὶ</strong></span> <span class='ocrx_word' id='word_1_48' title='bbox 636 626 720 689; x_wconf 86' lang='grc' dir='ltr'><strong>εἰς</strong></span> <span class='ocrx_word' id='word_1_49' title='bbox 756 625 820 679; x_wconf 82' lang='grc' dir='ltr'><strong>τὸ</strong></span> <span class='ocrx_word' id='word_1_50' title='bbox 847 620 987 680; x_wconf 84' lang='grc' dir='ltr'><strong>εἶναι</strong></span> <span class='ocrx_word' id='word_1_51' title='bbox 1020 626 1405 697; x_wconf 83' lang='grc' dir='ltr'><strong>παραγαγών;</strong></span> <span class='ocrx_word' id='word_1_52' title='bbox 1435 628 1511 681; x_wconf 79' lang='lat'><strong>06</strong></span> <span class='ocrx_word' id='word_1_53' title='bbox 1541 628 1649 698; x_wconf 78' lang='grc' dir='ltr'><strong>γάρ</strong></span> <span class='ocrx_word' id='word_1_54' title='bbox 1676 627 1756 699; x_wconf 80' lang='grc' dir='ltr'><strong>τῷ</strong></span> 
     </span>
    </p>
   </div>
   <div class='ocr_carea' id='block_1_9' title="bbox 183 716 1759 789">
    <p class='ocr_par' dir='ltr' id='par_1_9' title="bbox 183 716 1759 789">
     <span class='ocr_line' id='line_1_9' title="bbox 183 716 1759 789; baseline -0.001 -18"><span class='ocrx_word' id='word_1_55' title='bbox 183 718 470 789; x_wconf 75' lang='grc' dir='ltr'><strong>αὐτομάτῳ</strong></span> <span class='ocrx_word' id='word_1_56' title='bbox 520 717 769 788; x_wconf 84' lang='grc' dir='ltr'><strong>δώσομεν</strong></span> <span class='ocrx_word' id='word_1_57' title='bbox 819 717 918 789; x_wconf 84' lang='grc' dir='ltr'><strong>τὴν</strong></span> <span class='ocrx_word' id='word_1_58' title='bbox 978 716 1238 789; x_wconf 78' lang='grc' dir='ltr'><strong>τοιαύτην</strong></span> <span class='ocrx_word' id='word_1_59' title='bbox 1290 716 1541 788; x_wconf 80' lang='grc' dir='ltr'><strong>δύναμιν.</strong></span> <span class='ocrx_word' id='word_1_60' title='bbox 1575 718 1759 770; x_wconf 83' lang='grc' dir='ltr'><strong>Ἔστω</strong></span> 
     </span>
    </p>
   </div>
   <div class='ocr_carea' id='block_1_10' title="bbox 183 808 1752 881">
    <p class='ocr_par' dir='ltr' id='par_1_10' title="bbox 183 808 1752 881">
     <span class='ocr_line' id='line_1_10' title="bbox 183 808 1752 881; baseline -0.002 -16"><span class='ocrx_word' id='word_1_61' title='bbox 183 812 285 881; x_wconf 60' lang='grc' dir='ltr'><strong>γάρ</strong></span> <span class='ocrx_word' id='word_1_62' title='bbox 311 810 404 864; x_wconf 85' lang='lat'><strong>106</strong></span> <span class='ocrx_word' id='word_1_63' title='bbox 448 808 712 879; x_wconf 68' lang='grc' dir='ltr'><strong>γενεσθαι</strong></span> <span class='ocrx_word' id='word_1_64' title='bbox 753 808 851 863; x_wconf 80' lang='grc' dir='ltr'><strong>τοῦ</strong></span> <span class='ocrx_word' id='word_1_65' title='bbox 895 808 1235 881; x_wconf 67' lang='grc' dir='ltr'><strong>αὐτομάτων</strong></span> <span class='ocrx_word' id='word_1_66' title='bbox 1276 808 1421 872; x_wconf 76' lang='grc' dir='ltr'><strong>τινος</strong></span> <span class='ocrx_word' id='word_1_67' title='bbox 1454 809 1513 863; x_wconf 84' lang='grc' dir='ltr'><strong>τὸ</strong></span> <span class='ocrx_word' id='word_1_68' title='bbox 1557 808 1752 875; x_wconf 75' lang='grc' dir='ltr'><strong>τάξαις</strong></span> 
     </span>
    </p>
   </div>
   <div class='ocr_carea' id='block_1_11' title="bbox 183 898 1757 971">
    <p class='ocr_par' dir='ltr' id='par_1_11' title="bbox 183 898 1757 971">
     <span class='ocr_line' id='line_1_11' title="bbox 183 898 1757 971; baseline -0.002 -16"><span class='ocrx_word' id='word_1_69' title='bbox 183 901 283 955; x_wconf 73' lang='grc' dir='ltr'><strong>Καὶ</strong></span> <span class='ocrx_word' id='word_1_70' title='bbox 328 899 499 955; x_wconf 82' lang='grc' dir='ltr'><strong>τοῦτο</strong></span> <span class='ocrx_word' id='word_1_71' title='bbox 520 941 536 965; x_wconf 83' lang='grc'><strong><em>,</em></strong></span> <span class='ocrx_word' id='word_1_72' title='bbox 571 903 622 954; x_wconf 80' lang='grc' dir='ltr'><strong>εξ</strong></span> <span class='ocrx_word' id='word_1_73' title='bbox 650 901 839 965; x_wconf 81' lang='grc' dir='ltr'><strong>δοκεῖ,</strong></span> <span class='ocrx_word' id='word_1_74' title='bbox 869 899 1070 971; x_wconf 86' lang='grc' dir='ltr'><strong>δῶμεν.</strong></span> <span class='ocrx_word' id='word_1_75' title='bbox 1104 900 1263 963; x_wconf 75' lang='grc' dir='ltr'><strong>Τίνος</strong></span> <span class='ocrx_word' id='word_1_76' title='bbox 1288 898 1349 952; x_wconf 85' lang='grc' dir='ltr'><strong>τδ</strong></span> <span class='ocrx_word' id='word_1_77' title='bbox 1381 899 1617 971; x_wconf 84' lang='grc' dir='ltr'><strong>τηρῆσαι</strong></span> <span class='ocrx_word' id='word_1_78' title='bbox 1662 900 1757 952; x_wconf 75' lang='grc' dir='ltr'><strong>καὶ</strong></span> 
     </span>
    </p>
   </div>
   <div class='ocr_carea' id='block_1_12' title="bbox 183 990 1754 1063">
    <p class='ocr_par' dir='ltr' id='par_1_12' title="bbox 183 990 1754 1063">
     <span class='ocr_line' id='line_1_12' title="bbox 183 990 1754 1063; baseline -0.001 -19"><span class='ocrx_word' id='word_1_79' title='bbox 183 991 426 1061; x_wconf 69' lang='grc' dir='ltr'><strong>ςυλάξαι,</strong></span> <span class='ocrx_word' id='word_1_80' title='bbox 478 992 605 1046; x_wconf 79' lang='grc' dir='ltr'><strong>καθ’</strong></span> <span class='ocrx_word' id='word_1_81' title='bbox 632 991 727 1047; x_wconf 82' lang='lat' dir='ltr'><strong>o6:</strong></span> <span class='ocrx_word' id='word_1_82' title='bbox 758 992 978 1063; x_wconf 85' lang='grc' dir='ltr'><strong>πρῶτον</strong></span> <span class='ocrx_word' id='word_1_83' title='bbox 1026 991 1235 1063; x_wconf 79' lang='grc' dir='ltr'><strong>ὑπέστη</strong></span> <span class='ocrx_word' id='word_1_84' title='bbox 1282 990 1514 1060; x_wconf 75' lang='grc' dir='ltr'><strong>λόγουςς</strong></span> <span class='ocrx_word' id='word_1_85' title='bbox 1565 991 1754 1061; x_wconf 76' lang='grc' dir='ltr'><strong>ἐτέρου</strong></span> 
     </span>
    </p>
   </div>
   <div class='ocr_carea' id='block_1_13' title="bbox 179 1082 1757 1157">
    <p class='ocr_par' dir='ltr' id='par_1_13' title="bbox 179 1082 1757 1157">
     <span class='ocr_line' id='line_1_13' title="bbox 179 1082 1757 1157; baseline -0.001 -20"><span class='ocrx_word' id='word_1_86' title='bbox 179 1084 370 1155; x_wconf 71' lang='grc' dir='ltr'><strong>δηλαδὴ</strong></span> <span class='ocrx_word' id='word_1_87' title='bbox 398 1085 558 1156; x_wconf 72' lang='grc' dir='ltr'><strong>παρὰ</strong></span> <span class='ocrx_word' id='word_1_88' title='bbox 585 1085 650 1138; x_wconf 85' lang='grc' dir='ltr'><strong>τὸ</strong></span> <span class='ocrx_word' id='word_1_89' title='bbox 685 1084 1017 1157; x_wconf 81' lang='grc' dir='ltr'><strong>αὐτόματον.</strong></span> <span class='ocrx_word' id='word_1_90' title='bbox 1043 1083 1216 1139; x_wconf 79' lang='grc' dir='ltr'><strong>Τοῦτο</strong></span> <span class='ocrx_word' id='word_1_91' title='bbox 1246 1083 1304 1138; x_wconf 72' lang='grc' dir='ltr'><strong>δὲ</strong></span> <span class='ocrx_word' id='word_1_92' title='bbox 1335 1083 1387 1137; x_wconf 84' lang='grc' dir='ltr'><strong>τι</strong></span> <span class='ocrx_word' id='word_1_93' title='bbox 1408 1082 1536 1139; x_wconf 85' lang='grc' dir='ltr'><strong>άλλο</strong></span> <span class='ocrx_word' id='word_1_94' title='bbox 1559 1083 1678 1137; x_wconf 77' lang='grc' dir='ltr'><strong>ἐστὶ</strong></span> <span class='ocrx_word' id='word_1_95' title='bbox 1706 1084 1757 1136; x_wconf 79' lang='grc' dir='ltr'><strong>ει</strong></span> 
     </span>
    </p>
   </div>
   <div class='ocr_carea' id='block_1_14' title="bbox 181 1176 445 1247">
    <p class='ocr_par' dir='ltr' id='par_1_14' title="bbox 181 1176 445 1247">
     <span class='ocr_line' id='line_1_14' title="bbox 181 1176 445 1247; baseline -0.015 0"><span class='ocrx_word' id='word_1_96' title='bbox 181 1176 250 1247; x_wconf 73' lang='grc' dir='ltr'><strong>μὴ</strong></span> <span class='ocrx_word' id='word_1_97' title='bbox 272 1177 445 1243; x_wconf 74' lang='grc' dir='ltr'>θεόςς</span> 
     </span>
    </p>
   </div>
   <div class='ocr_carea' id='block_1_15' title="bbox 1861 453 3441 529">
    <p class='ocr_par' dir='ltr' id='par_1_15' title="bbox 1861 453 3441 529">
     <span class='ocr_line' id='line_1_15' title="bbox 1861 453 3441 529; baseline 0.009 -26"><span class='ocrx_word' id='word_1_98' title='bbox 1861 458 2115 505; x_wconf 88' lang='lat' dir='ltr'><strong>naturam</strong></span> <span class='ocrx_word' id='word_1_99' title='bbox 2147 455 2314 510; x_wconf 88' lang='lat' dir='ltr'><strong>certis</strong></span> <span class='ocrx_word' id='word_1_100' title='bbox 2337 453 2608 525; x_wconf 76' lang='lat' dir='ltr'><strong>diaposuit</strong></span> <span class='ocrx_word' id='word_1_101' title='bbox 2644 458 2781 513; x_wconf 86' lang='lat' dir='ltr'><strong>locis</strong></span> <span class='ocrx_word' id='word_1_102' title='bbox 2812 459 2835 512; x_wconf 87' lang='lat'><strong>?</strong></span> <span class='ocrx_word' id='word_1_103' title='bbox 2862 474 2892 512; x_wconf 90' lang='lat' dir='ltr'><strong>a</strong></span> <span class='ocrx_word' id='word_1_104' title='bbox 2926 475 3166 529; x_wconf 81' lang='lat' dir='ltr'><strong>quonam</strong></span> <span class='ocrx_word' id='word_1_105' title='bbox 3208 464 3441 517; x_wconf 86' lang='lat' dir='ltr'><strong>commi-</strong></span> 
     </span>
    </p>
   </div>
   <div class='ocr_carea' id='block_1_16' title="bbox 1858 540 3437 619">
    <p class='ocr_par' dir='ltr' id='par_1_16' title="bbox 1858 540 3437 619">
     <span class='ocr_line' id='line_1_16' title="bbox 1858 540 3437 619; baseline 0.009 -25"><span class='ocrx_word' id='word_1_106' title='bbox 1858 546 1946 594; x_wconf 83' lang='lat' dir='ltr'><strong>sta</strong></span> <span class='ocrx_word' id='word_1_107' title='bbox 1967 540 2085 596; x_wconf 61' lang='lat' dir='ltr'><strong>haec</strong></span> <span class='ocrx_word' id='word_1_108' title='bbox 2115 550 2247 598; x_wconf 90' lang='lat' dir='ltr'><strong>sunt</strong></span> <span class='ocrx_word' id='word_1_109' title='bbox 2288 585 2304 610; x_wconf 85' lang='lat'><strong>,</strong></span> <span class='ocrx_word' id='word_1_110' title='bbox 2335 552 2390 599; x_wconf 83' lang='lat' dir='ltr'><strong>et</strong></span> <span class='ocrx_word' id='word_1_111' title='bbox 2419 546 2757 602; x_wconf 84' lang='lat' dir='ltr'><strong>distributa?</strong></span> <span class='ocrx_word' id='word_1_112' title='bbox 2782 548 2914 617; x_wconf 87' lang='lat' dir='ltr'><strong>quid</strong></span> <span class='ocrx_word' id='word_1_113' title='bbox 2942 557 3027 603; x_wconf 86' lang='lat' dir='ltr'><strong>est</strong></span> <span class='ocrx_word' id='word_1_114' title='bbox 3054 551 3197 619; x_wconf 83' lang='lat' dir='ltr'><strong>quod</strong></span> <span class='ocrx_word' id='word_1_115' title='bbox 3232 561 3437 608; x_wconf 85' lang='lat' dir='ltr'><strong>motum</strong></span> 
     </span>
    </p>
   </div>
   <div class='ocr_carea' id='block_1_17' title="bbox 1858 628 3436 708">
    <p class='ocr_par' dir='ltr' id='par_1_17' title="bbox 1858 628 3436 708">
     <span class='ocr_line' id='line_1_17' title="bbox 1858 628 3436 708; baseline 0.008 -25"><span class='ocrx_word' id='word_1_116' title='bbox 1858 628 1946 687; x_wconf 90' lang='lat' dir='ltr'><strong>his</strong></span> <span class='ocrx_word' id='word_1_117' title='bbox 1980 632 2281 703; x_wconf 88' lang='lat' dir='ltr'><strong>impressit,</strong></span> <span class='ocrx_word' id='word_1_118' title='bbox 2301 636 2640 708; x_wconf 80' lang='lat' dir='ltr'><strong>perennique</strong></span> <span class='ocrx_word' id='word_1_119' title='bbox 2662 652 2761 693; x_wconf 81' lang='lat' dir='ltr'><strong>nec</strong></span> <span class='ocrx_word' id='word_1_120' title='bbox 2790 636 2897 692; x_wconf 87' lang='lat' dir='ltr'><strong>ulla</strong></span> <span class='ocrx_word' id='word_1_121' title='bbox 2925 653 2984 693; x_wconf 87' lang='lat' dir='ltr'><strong>re</strong></span> <span class='ocrx_word' id='word_1_122' title='bbox 3005 639 3248 693; x_wconf 84' lang='lat' dir='ltr'><strong>cohibito</strong></span> <span class='ocrx_word' id='word_1_123' title='bbox 3269 656 3436 697; x_wconf 85' lang='lat' dir='ltr'><strong>cursu</strong></span> 
     </span>
    </p>
   </div>
   <div class='ocr_carea' id='block_1_18' title="bbox 1855 724 3443 800">
    <p class='ocr_par' dir='ltr' id='par_1_18' title="bbox 1855 724 3443 800">
     <span class='ocr_line' id='line_1_18' title="bbox 1855 724 3443 800; baseline 0.003 -23"><span class='ocrx_word' id='word_1_124' title='bbox 1855 736 1921 777; x_wconf 89' lang='lat' dir='ltr'><strong>ea</strong></span> <span class='ocrx_word' id='word_1_125' title='bbox 1956 724 2249 779; x_wconf 77' lang='lat' dir='ltr'><strong>versat?“</strong></span> <span class='ocrx_word' id='word_1_126' title='bbox 2279 726 2475 782; x_wconf 83' lang='lat' dir='ltr'><strong>Annon</strong></span> <span class='ocrx_word' id='word_1_127' title='bbox 2506 742 2697 783; x_wconf 88' lang='lat' dir='ltr'><strong>eorum</strong></span> <span class='ocrx_word' id='word_1_128' title='bbox 2734 728 2955 792; x_wconf 77' lang='lat' dir='ltr'><strong>artifex,</strong></span> <span class='ocrx_word' id='word_1_129' title='bbox 2984 729 3076 800; x_wconf 85' lang='lat' dir='ltr'><strong>qui</strong></span> <span class='ocrx_word' id='word_1_130' title='bbox 3111 731 3276 786; x_wconf 82' lang='lat' dir='ltr'><strong>rebus</strong></span> <span class='ocrx_word' id='word_1_131' title='bbox 3322 747 3443 786; x_wconf 59' lang='lat' dir='ltr'><strong>om,</strong></span> 
     </span>
    </p>
   </div>
   <div class='ocr_carea' id='block_1_19' title="bbox 1852 812 3443 891">
    <p class='ocr_par' dir='ltr' id='par_1_19' title="bbox 1852 812 3443 891">
     <span class='ocr_line' id='line_1_19' title="bbox 1852 812 3443 891; baseline 0.008 -25"><span class='ocrx_word' id='word_1_132' title='bbox 1852 812 2018 869; x_wconf 90' lang='lat' dir='ltr'><strong>nibus</strong></span> <span class='ocrx_word' id='word_1_133' title='bbox 2056 815 2324 871; x_wconf 80' lang='lat' dir='ltr'><strong>rationem</strong></span> <span class='ocrx_word' id='word_1_134' title='bbox 2378 819 2733 889; x_wconf 87' lang='lat' dir='ltr'><strong>modumque,</strong></span> <span class='ocrx_word' id='word_1_135' title='bbox 2792 835 2901 891; x_wconf 91' lang='lat' dir='ltr'><strong>quo</strong></span> <span class='ocrx_word' id='word_1_136' title='bbox 2962 822 3277 877; x_wconf 84' lang='lat' dir='ltr'><strong>universum</strong></span> <span class='ocrx_word' id='word_1_137' title='bbox 3337 823 3443 878; x_wconf 82' lang='lat' dir='ltr'><strong>hoc</strong></span> 
     </span>
    </p>
   </div>
   <div class='ocr_carea' id='block_1_20' title="bbox 1854 911 3441 983">
    <p class='ocr_par' dir='ltr' id='par_1_20' title="bbox 1854 911 3441 983">
     <span class='ocr_line' id='line_1_20' title="bbox 1854 911 3441 983; baseline 0.007 -26"><span class='ocrx_word' id='word_1_138' title='bbox 1854 913 2047 975; x_wconf 83' lang='lat' dir='ltr'><strong>agatur</strong></span> <span class='ocrx_word' id='word_1_139' title='bbox 2112 916 2167 962; x_wconf 88' lang='lat' dir='ltr'><strong>et</strong></span> <span class='ocrx_word' id='word_1_140' title='bbox 2233 917 2476 979; x_wconf 81' lang='lat' dir='ltr'><strong>regatur,</strong></span> <span class='ocrx_word' id='word_1_141' title='bbox 2535 911 2857 967; x_wconf 86' lang='lat' dir='ltr'><strong>indiderit?</strong></span> <span class='ocrx_word' id='word_1_142' title='bbox 2929 914 2999 967; x_wconf 81' lang='lat' dir='ltr'><strong>At</strong></span> <span class='ocrx_word' id='word_1_143' title='bbox 3046 914 3169 983; x_wconf 84' lang='lat' dir='ltr'><strong>quis</strong></span> <span class='ocrx_word' id='word_1_144' title='bbox 3242 914 3441 969; x_wconf 86' lang='lat' dir='ltr'><strong>borum</strong></span> 
     </span>
    </p>
   </div>
   <div class='ocr_carea' id='block_1_21' title="bbox 1854 996 3441 1076">
    <p class='ocr_par' dir='ltr' id='par_1_21' title="bbox 1854 996 3441 1076">
     <span class='ocr_line' id='line_1_21' title="bbox 1854 996 3441 1076; baseline 0.006 -27"><span class='ocrx_word' id='word_1_145' title='bbox 1854 996 2045 1054; x_wconf 75' lang='lat' dir='ltr'><strong>artifex</strong></span> <span class='ocrx_word' id='word_1_146' title='bbox 2072 998 2095 1052; x_wconf 83' lang='lat'><strong>?</strong></span> <span class='ocrx_word' id='word_1_147' title='bbox 2125 999 2321 1055; x_wconf 76' lang='lat' dir='ltr'><strong>Annon</strong></span> <span class='ocrx_word' id='word_1_148' title='bbox 2354 1002 2400 1055; x_wconf 90' lang='lat' dir='ltr'><strong>is</strong></span> <span class='ocrx_word' id='word_1_149' title='bbox 2423 1002 2514 1071; x_wconf 85' lang='lat' dir='ltr'><strong>qui</strong></span> <span class='ocrx_word' id='word_1_150' title='bbox 2538 1018 2600 1057; x_wconf 91' lang='lat' dir='ltr'><strong>ea</strong></span> <span class='ocrx_word' id='word_1_151' title='bbox 2626 1003 2897 1066; x_wconf 89' lang='lat' dir='ltr'><strong>condidit,</strong></span> <span class='ocrx_word' id='word_1_152' title='bbox 2931 1004 3096 1076; x_wconf 90' lang='lat' dir='ltr'><strong>inque</strong></span> <span class='ocrx_word' id='word_1_153' title='bbox 3124 1021 3307 1061; x_wconf 87' lang='lat' dir='ltr'><strong>rerum</strong></span> <span class='ocrx_word' id='word_1_154' title='bbox 3342 1022 3441 1059; x_wconf 84' lang='lat' dir='ltr'><strong>na-</strong></span> 
     </span>
    </p>
   </div>
   <div class='ocr_carea' id='block_1_22' title="bbox 1856 1089 3436 1165">
    <p class='ocr_par' dir='ltr' id='par_1_22' title="bbox 1856 1089 3436 1165">
     <span class='ocr_line' id='line_1_22' title="bbox 1856 1089 3436 1165; baseline 0.006 -24"><span class='ocrx_word' id='word_1_155' title='bbox 1856 1095 2035 1141; x_wconf 87' lang='lat' dir='ltr'><strong>turam</strong></span> <span class='ocrx_word' id='word_1_156' title='bbox 2062 1089 2325 1157; x_wconf 82' lang='lat' dir='ltr'><strong>produxit</strong></span> <span class='ocrx_word' id='word_1_157' title='bbox 2354 1091 2377 1144; x_wconf 89' lang='lat'><strong>?</strong></span> <span class='ocrx_word' id='word_1_158' title='bbox 2398 1089 2508 1147; x_wconf 87' lang='lat' dir='ltr'><strong>Nec</strong></span> <span class='ocrx_word' id='word_1_159' title='bbox 2540 1093 2687 1147; x_wconf 90' lang='lat' dir='ltr'><strong>enim</strong></span> <span class='ocrx_word' id='word_1_160' title='bbox 2710 1092 2787 1163; x_wconf 78' lang='grc' dir='ltr'><strong>τῷ</strong></span> <span class='ocrx_word' id='word_1_161' title='bbox 2810 1094 3121 1165; x_wconf 78' lang='grc' dir='ltr'><strong>αὐτομάτῳ,</strong></span> <span class='ocrx_word' id='word_1_162' title='bbox 3144 1111 3242 1150; x_wconf 88' lang='lat' dir='ltr'><strong>seu</strong></span> <span class='ocrx_word' id='word_1_163' title='bbox 3268 1095 3436 1151; x_wconf 84' lang='lat' dir='ltr'><strong>casui</strong></span> 
     </span>
    </p>
   </div>
   <div class='ocr_carea' id='block_1_23' title="bbox 1853 1175 3438 1250">
    <p class='ocr_par' dir='ltr' id='par_1_23' title="bbox 1853 1175 3438 1250">
     <span class='ocr_line' id='line_1_23' title="bbox 1853 1175 3438 1250; baseline 0.008 -20"><span class='ocrx_word' id='word_1_164' title='bbox 1853 1190 1975 1231; x_wconf 88' lang='lat' dir='ltr'><strong>eam</strong></span> <span class='ocrx_word' id='word_1_165' title='bbox 2016 1175 2121 1230; x_wconf 78' lang='lat' dir='ltr'><strong>vim</strong></span> <span class='ocrx_word' id='word_1_166' title='bbox 2155 1176 2585 1250; x_wconf 77' lang='lat' dir='ltr'><strong>facultatemque</strong></span> <span class='ocrx_word' id='word_1_167' title='bbox 2614 1182 2995 1239; x_wconf 88' lang='lat' dir='ltr'><strong>tribuerimus.</strong></span> <span class='ocrx_word' id='word_1_168' title='bbox 3030 1184 3115 1239; x_wconf 91' lang='lat' dir='ltr'><strong>Sit</strong></span> <span class='ocrx_word' id='word_1_169' title='bbox 3136 1187 3281 1241; x_wconf 90' lang='lat' dir='ltr'><strong>enim</strong></span> <span class='ocrx_word' id='word_1_170' title='bbox 3305 1202 3438 1242; x_wconf 85' lang='lat' dir='ltr'><strong>sane</strong></span> 
     </span>
    </p>
   </div>
   <div class='ocr_carea' id='block_1_24' title="bbox 179 1266 3433 1343">
    <p class='ocr_par' dir='ltr' id='par_1_24' title="bbox 179 1266 3433 1343">
     <span class='ocr_line' id='line_1_24' title="bbox 179 1266 3433 1343; baseline 0.003 -21"><span class='ocrx_word' id='word_1_171' title='bbox 179 1282 356 1333; x_wconf 80' lang='lat' dir='ltr'><strong>casus,</strong></span> <span class='ocrx_word' id='word_1_172' title='bbox 402 1268 556 1339; x_wconf 89' lang='lat' dir='ltr'><strong>quod</strong></span> <span class='ocrx_word' id='word_1_173' title='bbox 593 1268 946 1324; x_wconf 77' lang='lat' dir='ltr'><strong>exstiterint:</strong></span> <span class='ocrx_word' id='word_1_174' title='bbox 989 1276 1045 1323; x_wconf 88' lang='lat' dir='ltr'><strong>at</strong></span> <span class='ocrx_word' id='word_1_175' title='bbox 1088 1267 1246 1337; x_wconf 84' lang='lat' dir='ltr'><strong>cujus</strong></span> <span class='ocrx_word' id='word_1_176' title='bbox 1271 1267 1494 1323; x_wconf 84' lang='lat' dir='ltr'><strong>tandem</strong></span> <span class='ocrx_word' id='word_1_177' title='bbox 1531 1267 1637 1325; x_wconf 89' lang='lat' dir='ltr'><strong>erit</strong></span> <span class='ocrx_word' id='word_1_178' title='bbox 1678 1281 1743 1323; x_wconf 86' lang='lat' dir='ltr'><strong>ea</strong></span> <span class='ocrx_word' id='word_1_179' title='bbox 1781 1266 2169 1339; x_wconf 86' lang='lat' dir='ltr'><strong>disposuisse?</strong></span> <span class='ocrx_word' id='word_1_180' title='bbox 2198 1285 2384 1325; x_wconf 87' lang='lat' dir='ltr'><strong>verum</strong></span> <span class='ocrx_word' id='word_1_181' title='bbox 2408 1272 2541 1328; x_wconf 92' lang='lat' dir='ltr'><strong>illud</strong></span> <span class='ocrx_word' id='word_1_182' title='bbox 2578 1288 2815 1343; x_wconf 87' lang='lat' dir='ltr'><strong>quoque,</strong></span> <span class='ocrx_word' id='word_1_183' title='bbox 2848 1275 2893 1329; x_wconf 90' lang='lat' dir='ltr'><strong>si</strong></span> <span class='ocrx_word' id='word_1_184' title='bbox 2971 1276 3123 1340; x_wconf 87' lang='lat' dir='ltr'><strong>libet,</strong></span> <span class='ocrx_word' id='word_1_185' title='bbox 3160 1278 3433 1332; x_wconf 82' lang='lat' dir='ltr'><strong>conceda-</strong></span> 
     </span>
    </p>
   </div>
   <div class='ocr_carea' id='block_1_25' title="bbox 182 1357 3434 1433">
    <p class='ocr_par' dir='ltr' id='par_1_25' title="bbox 182 1357 3434 1433">
     <span class='ocr_line' id='line_1_25' title="bbox 182 1357 3434 1433; baseline 0.003 -20"><span class='ocrx_word' id='word_1_186' title='bbox 182 1376 329 1416; x_wconf 79' lang='lat' dir='ltr'><strong>mus:</strong></span> <span class='ocrx_word' id='word_1_187' title='bbox 358 1361 525 1430; x_wconf 84' lang='lat' dir='ltr'><strong>cujus</strong></span> <span class='ocrx_word' id='word_1_188' title='bbox 557 1374 689 1415; x_wconf 83' lang='lat' dir='ltr'><strong>vero</strong></span> <span class='ocrx_word' id='word_1_189' title='bbox 726 1359 853 1425; x_wconf 89' lang='lat' dir='ltr'><strong>erit,</strong></span> <span class='ocrx_word' id='word_1_190' title='bbox 913 1359 1104 1415; x_wconf 90' lang='lat' dir='ltr'><strong>eadem</strong></span> <span class='ocrx_word' id='word_1_191' title='bbox 1159 1358 1317 1430; x_wconf 87' lang='lat' dir='ltr'><strong>juxta</strong></span> <span class='ocrx_word' id='word_1_192' title='bbox 1381 1359 1503 1414; x_wconf 84' lang='lat' dir='ltr'><strong>illas</strong></span> <span class='ocrx_word' id='word_1_193' title='bbox 1559 1357 1763 1428; x_wconf 83' lang='lat' dir='ltr'><strong>quibus</strong></span> <span class='ocrx_word' id='word_1_194' title='bbox 1799 1357 2039 1428; x_wconf 90' lang='lat' dir='ltr'><strong>primum</strong></span> <span class='ocrx_word' id='word_1_195' title='bbox 2064 1358 2288 1414; x_wconf 90' lang='lat' dir='ltr'><strong>condita</strong></span> <span class='ocrx_word' id='word_1_196' title='bbox 2310 1369 2437 1415; x_wconf 87' lang='lat' dir='ltr'><strong>sunt</strong></span> <span class='ocrx_word' id='word_1_197' title='bbox 2461 1362 2606 1433; x_wconf 83' lang='lat' dir='ltr'><strong>leges</strong></span> <span class='ocrx_word' id='word_1_198' title='bbox 2623 1377 2953 1419; x_wconf 84' lang='lat' dir='ltr'><strong>conservare</strong></span> <span class='ocrx_word' id='word_1_199' title='bbox 2990 1374 3045 1420; x_wconf 85' lang='lat' dir='ltr'><strong>et</strong></span> <span class='ocrx_word' id='word_1_200' title='bbox 3105 1367 3434 1423; x_wconf 84' lang='lat' dir='ltr'><strong>custodire?</strong></span> 
     </span>
    </p>
   </div>
   <div class='ocr_carea' id='block_1_26' title="bbox 181 1450 2547 1525">
    <p class='ocr_par' dir='ltr' id='par_1_26' title="bbox 181 1450 2547 1525">
     <span class='ocr_line' id='line_1_26' title="bbox 181 1450 2547 1525; baseline 0 -17"><span class='ocrx_word' id='word_1_201' title='bbox 181 1454 416 1510; x_wconf 81' lang='lat' dir='ltr'><strong>Alterius</strong></span> <span class='ocrx_word' id='word_1_202' title='bbox 445 1451 698 1525; x_wconf 80' lang='lat' dir='ltr'><strong>profecto</strong></span> <span class='ocrx_word' id='word_1_203' title='bbox 726 1466 889 1522; x_wconf 91' lang='lat' dir='ltr'><strong>quam</strong></span> <span class='ocrx_word' id='word_1_204' title='bbox 910 1466 1079 1507; x_wconf 86' lang='lat' dir='ltr'><strong>casus</strong></span> <span class='ocrx_word' id='word_1_205' title='bbox 1113 1469 1128 1506; x_wconf 87' lang='lat'><strong>:</strong></span> <span class='ocrx_word' id='word_1_206' title='bbox 1158 1459 1326 1523; x_wconf 90' lang='lat' dir='ltr'><strong>atque</strong></span> <span class='ocrx_word' id='word_1_207' title='bbox 1387 1454 1495 1509; x_wconf 84' lang='lat' dir='ltr'><strong>hoc</strong></span> <span class='ocrx_word' id='word_1_208' title='bbox 1523 1450 1790 1524; x_wconf 81' lang='lat' dir='ltr'><strong>quidnam</strong></span> <span class='ocrx_word' id='word_1_209' title='bbox 1831 1452 1979 1506; x_wconf 87' lang='lat' dir='ltr'><strong>aliud</strong></span> <span class='ocrx_word' id='word_1_210' title='bbox 2015 1451 2108 1516; x_wconf 87' lang='lat' dir='ltr'><strong>sit,</strong></span> <span class='ocrx_word' id='word_1_211' title='bbox 2148 1452 2253 1507; x_wconf 88' lang='lat' dir='ltr'><strong>nisi</strong></span> <span class='ocrx_word' id='word_1_212' title='bbox 2292 1453 2436 1509; x_wconf 87' lang='lat' dir='ltr'><strong>Deus</strong></span> <span class='ocrx_word' id='word_1_213' title='bbox 2469 1456 2510 1487; x_wconf 83' lang='grc'><strong>¹⁷</strong></span> <span class='ocrx_word' id='word_1_214' title='bbox 2534 1480 2547 1495; x_wconf 90' lang='grc'><strong>·</strong></span> 
     </span>
    </p>
   </div>
   <div class='ocr_carea' id='block_1_27' title="bbox 792 1544 1130 1601">
    <p class='ocr_par' dir='ltr' id='par_1_27' title="bbox 792 1544 1130 1601">
     <span class='ocr_line' id='line_1_27' title="bbox 792 1544 1130 1601; baseline -0.003 -2"><span class='ocrx_word' id='word_1_215' title='bbox 792 1547 1044 1601; x_wconf 79' lang='grc' dir='ltr'><strong>ΚΕΦΑΛ.</strong></span> <span class='ocrx_word' id='word_1_216' title='bbox 1078 1544 1130 1598; x_wconf 85' lang='grc' dir='ltr'><strong>Δ⁹</strong></span> 
     </span>
    </p>
   </div>
   <div class='ocr_carea' id='block_1_28' title="bbox 274 1637 1649 1709">
    <p class='ocr_par' dir='ltr' id='par_1_28' title="bbox 274 1637 1649 1709">
     <span class='ocr_line' id='line_1_28' title="bbox 274 1637 1649 1709; baseline -0.003 -14"><span class='ocrx_word' id='word_1_217' title='bbox 274 1640 414 1709; x_wconf 74' lang='grc' dir='ltr'><strong>Περὶ</strong></span> <span class='ocrx_word' id='word_1_218' title='bbox 447 1638 578 1705; x_wconf 83' lang='grc' dir='ltr'><strong>τοῦ,</strong></span> <span class='ocrx_word' id='word_1_219' title='bbox 612 1639 666 1695; x_wconf 79' lang='grc' dir='ltr'><strong>τι</strong></span> <span class='ocrx_word' id='word_1_220' title='bbox 698 1638 830 1693; x_wconf 82' lang='grc' dir='ltr'><strong>ἐστι</strong></span> <span class='ocrx_word' id='word_1_221' title='bbox 858 1640 1005 1705; x_wconf 84' lang='grc' dir='ltr'><strong>Θεός</strong></span> <span class='ocrx_word' id='word_1_222' title='bbox 1024 1655 1044 1703; x_wconf 90' lang='grc'><em>;</em></span> <span class='ocrx_word' id='word_1_223' title='bbox 1073 1638 1162 1693; x_wconf 85' lang='grc' dir='ltr'><strong>ὅτι</strong></span> <span class='ocrx_word' id='word_1_224' title='bbox 1198 1637 1649 1704; x_wconf 72' lang='grc' dir='ltr'><strong>ἀκατάληπτον.</strong></span> 
     </span>
    </p>
   </div>
   <div class='ocr_carea' id='block_1_29' title="bbox 245 1727 1755 1804">
    <p class='ocr_par' dir='ltr' id='par_1_29' title="bbox 245 1727 1755 1804">
     <span class='ocr_line' id='line_1_29' title="bbox 245 1727 1755 1804; baseline -0.004 -16"><span class='ocrx_word' id='word_1_225' title='bbox 245 1736 360 1788; x_wconf 79' lang='grc' dir='ltr'><strong>Ὀτι</strong></span> <span class='ocrx_word' id='word_1_226' title='bbox 396 1732 503 1804; x_wconf 79' lang='grc' dir='ltr'><strong>μὲν</strong></span> <span class='ocrx_word' id='word_1_227' title='bbox 544 1728 639 1786; x_wconf 76' lang='grc' dir='ltr'><strong>οὖν</strong></span> <span class='ocrx_word' id='word_1_228' title='bbox 689 1733 806 1789; x_wconf 66' lang='grc' dir='ltr'><strong>εστι</strong></span> <span class='ocrx_word' id='word_1_229' title='bbox 851 1731 983 1795; x_wconf 82' lang='grc' dir='ltr'><strong>Θεὸς</strong></span> <span class='ocrx_word' id='word_1_230' title='bbox 1010 1772 1027 1798; x_wconf 86' lang='grc'><strong><em>,</em></strong></span> <span class='ocrx_word' id='word_1_231' title='bbox 1057 1731 1237 1803; x_wconf 82' lang='grc' dir='ltr'><strong>δῆλον.</strong></span> <span class='ocrx_word' id='word_1_232' title='bbox 1273 1731 1339 1784; x_wconf 82' lang='grc' dir='ltr'><strong>Τί</strong></span> <span class='ocrx_word' id='word_1_233' title='bbox 1385 1730 1442 1784; x_wconf 78' lang='grc' dir='ltr'><strong>δέ</strong></span> <span class='ocrx_word' id='word_1_234' title='bbox 1486 1731 1603 1786; x_wconf 77' lang='grc' dir='ltr'><strong>ἐστι</strong></span> <span class='ocrx_word' id='word_1_235' title='bbox 1636 1727 1755 1783; x_wconf 81' lang='grc' dir='ltr'><strong>κατ’</strong></span> 
     </span>
    </p>
   </div>
   <div class='ocr_carea' id='block_1_30' title="bbox 190 1823 1759 1896">
    <p class='ocr_par' dir='ltr' id='par_1_30' title="bbox 190 1823 1759 1896">
     <span class='ocr_line' id='line_1_30' title="bbox 190 1823 1759 1896; baseline -0.003 -13"><span class='ocrx_word' id='word_1_236' title='bbox 190 1826 351 1883; x_wconf 71' lang='grc' dir='ltr'><strong>οὐσίαν</strong></span> <span class='ocrx_word' id='word_1_237' title='bbox 398 1827 497 1880; x_wconf 80' lang='grc' dir='ltr'><strong>καὶ</strong></span> <span class='ocrx_word' id='word_1_238' title='bbox 526 1825 708 1896; x_wconf 76' lang='grc' dir='ltr'><strong>φύσιν.</strong></span> <span class='ocrx_word' id='word_1_239' title='bbox 744 1824 1127 1895; x_wconf 77' lang='grc' dir='ltr'><strong>ἀκατάληπτον</strong></span> <span class='ocrx_word' id='word_1_240' title='bbox 1158 1823 1316 1878; x_wconf 79' lang='grc' dir='ltr'><strong>τοῦτο</strong></span> <span class='ocrx_word' id='word_1_241' title='bbox 1348 1823 1626 1886; x_wconf 81' lang='grc' dir='ltr'>παντελῶς</span> <span class='ocrx_word' id='word_1_242' title='bbox 1664 1823 1759 1878; x_wconf 73' lang='grc' dir='ltr'><strong>καὶ</strong></span> 
     </span>
    </p>
   </div>
   <div class='ocr_carea' id='block_1_31' title="bbox 187 1914 1759 1989">
    <p class='ocr_par' dir='ltr' id='par_1_31' title="bbox 187 1914 1759 1989">
     <span class='ocr_line' id='line_1_31' title="bbox 187 1914 1759 1989; baseline -0.003 -15"><span class='ocrx_word' id='word_1_243' title='bbox 187 1919 463 1988; x_wconf 72' lang='grc' dir='ltr'><strong>ἄγνωστον.</strong></span> <span class='ocrx_word' id='word_1_244' title='bbox 491 1919 612 1973; x_wconf 84' lang='grc' dir='ltr'><strong>Ὀτι</strong></span> <span class='ocrx_word' id='word_1_245' title='bbox 638 1918 737 1989; x_wconf 74' lang='grc' dir='ltr'><strong>μὲν</strong></span> <span class='ocrx_word' id='word_1_246' title='bbox 765 1916 873 1989; x_wconf 82' lang='grc' dir='ltr'><strong>γάρ</strong></span> <span class='ocrx_word' id='word_1_247' title='bbox 900 1917 1188 1988; x_wconf 65' lang='grc' dir='ltr'><strong>ἀσώματον</strong></span> <span class='ocrx_word' id='word_1_248' title='bbox 1209 1917 1251 1981; x_wconf 80' lang='grc' dir='ltr'><strong>ί,</strong></span> <span class='ocrx_word' id='word_1_249' title='bbox 1284 1915 1464 1986; x_wconf 79' lang='grc' dir='ltr'><strong>δῆλον.</strong></span> <span class='ocrx_word' id='word_1_250' title='bbox 1494 1914 1619 1981; x_wconf 85' lang='grc' dir='ltr'><strong>Ιῐῶς</strong></span> <span class='ocrx_word' id='word_1_251' title='bbox 1650 1914 1759 1988; x_wconf 84' lang='grc' dir='ltr'><strong>γὰρ</strong></span> 
     </span>
    </p>
   </div>
   <div class='ocr_carea' id='block_1_32' title="bbox 191 2006 1750 2082">
    <p class='ocr_par' dir='ltr' id='par_1_32' title="bbox 191 2006 1750 2082">
     <span class='ocr_line' id='line_1_32' title="bbox 191 2006 1750 2082; baseline -0.003 -18"><span class='ocrx_word' id='word_1_252' title='bbox 191 2011 349 2082; x_wconf 77' lang='grc' dir='ltr'><strong>σῶμα,</strong></span> <span class='ocrx_word' id='word_1_253' title='bbox 375 2011 439 2064; x_wconf 84' lang='lat'><strong>16</strong></span> <span class='ocrx_word' id='word_1_254' title='bbox 470 2010 721 2081; x_wconf 76' lang='grc' dir='ltr'><strong>ἄπειρον,</strong></span> <span class='ocrx_word' id='word_1_255' title='bbox 756 2010 851 2063; x_wconf 74' lang='grc' dir='ltr'><strong>καὶ</strong></span> <span class='ocrx_word' id='word_1_256' title='bbox 890 2008 1165 2081; x_wconf 81' lang='grc' dir='ltr'><strong>ἀόριστον,</strong></span> <span class='ocrx_word' id='word_1_257' title='bbox 1198 2007 1293 2061; x_wconf 82' lang='grc' dir='ltr'><strong>καὶ</strong></span> <span class='ocrx_word' id='word_1_258' title='bbox 1323 2006 1750 2079; x_wconf 73' lang='grc' dir='ltr'><strong>ἀσχημάτιστον,</strong></span> 
     </span>
    </p>
   </div>
   <div class='ocr_carea' id='block_1_33' title="bbox 186 2097 1754 2171">
    <p class='ocr_par' dir='ltr' id='par_1_33' title="bbox 186 2097 1754 2171">
     <span class='ocr_line' id='line_1_33' title="bbox 186 2097 1754 2171; baseline -0.002 -16"><span class='ocrx_word' id='word_1_259' title='bbox 186 2101 268 2155; x_wconf 71' lang='grc' dir='ltr'><strong>καὶ</strong></span> <span class='ocrx_word' id='word_1_260' title='bbox 293 2100 498 2171; x_wconf 77' lang='grc' dir='ltr'><strong>ἀναφὲς</strong></span> <span class='ocrx_word' id='word_1_261' title='bbox 518 2143 535 2166; x_wconf 87' lang='grc'><strong>,</strong></span> <span class='ocrx_word' id='word_1_262' title='bbox 570 2101 665 2154; x_wconf 70' lang='grc' dir='ltr'><strong>καὶ</strong></span> <span class='ocrx_word' id='word_1_263' title='bbox 696 2100 961 2171; x_wconf 79' lang='grc' dir='ltr'><strong>ἀόρατον,</strong></span> <span class='ocrx_word' id='word_1_264' title='bbox 990 2099 1086 2153; x_wconf 76' lang='grc' dir='ltr'><strong>καὶ</strong></span> <span class='ocrx_word' id='word_1_265' title='bbox 1131 2097 1360 2163; x_wconf 80' lang='grc' dir='ltr'><strong>ἁπλοῦν,</strong></span> <span class='ocrx_word' id='word_1_266' title='bbox 1392 2098 1487 2152; x_wconf 79' lang='grc' dir='ltr'><strong>καὶ</strong></span> <span class='ocrx_word' id='word_1_267' title='bbox 1526 2097 1754 2153; x_wconf 81' lang='grc' dir='ltr'><strong>ἀσύνθε-</strong></span> 
     </span>
    </p>
   </div>
   <div class='ocr_carea' id='block_1_34' title="bbox 187 2190 1751 2265">
    <p class='ocr_par' dir='ltr' id='par_1_34' title="bbox 187 2190 1751 2265">
     <span class='ocr_line' id='line_1_34' title="bbox 187 2190 1751 2265; baseline -0.002 -19"><span class='ocrx_word' id='word_1_268' title='bbox 187 2209 297 2258; x_wconf 81' lang='grc' dir='ltr'><strong>τον;</strong></span> <span class='ocrx_word' id='word_1_269' title='bbox 322 2192 448 2257; x_wconf 81' lang='grc' dir='ltr'><strong>ῐιῶς</strong></span> <span class='ocrx_word' id='word_1_270' title='bbox 491 2192 599 2265; x_wconf 82' lang='grc' dir='ltr'><strong>γὰρ</strong></span> <span class='ocrx_word' id='word_1_271' title='bbox 633 2190 967 2263; x_wconf 71' lang='grc' dir='ltr'><strong>άτρεπτονὶ,</strong></span> <span class='ocrx_word' id='word_1_272' title='bbox 994 2192 1046 2245; x_wconf 75' lang='grc' dir='ltr'><strong>εἰ</strong></span> <span class='ocrx_word' id='word_1_273' title='bbox 1096 2190 1480 2262; x_wconf 73' lang='grc' dir='ltr'><strong>περιγραπτον</strong></span> <span class='ocrx_word' id='word_1_274' title='bbox 1513 2190 1608 2245; x_wconf 74' lang='grc' dir='ltr'><strong>καὶ</strong></span> <span class='ocrx_word' id='word_1_275' title='bbox 1640 2208 1751 2244; x_wconf 88' lang='grc' dir='ltr'><strong>πα-</strong></span> 
     </span>
    </p>
   </div>
   <div class='ocr_carea' id='block_1_35' title="bbox 184 2280 1751 2354">
    <p class='ocr_par' dir='ltr' id='par_1_35' title="bbox 184 2280 1751 2354">
     <span class='ocr_line' id='line_1_35' title="bbox 184 2280 1751 2354; baseline -0.003 -17"><span class='ocrx_word' id='word_1_276' title='bbox 184 2284 365 2354; x_wconf 73' lang='grc' dir='ltr'><strong>θητόνς</strong></span> <span class='ocrx_word' id='word_1_277' title='bbox 394 2284 506 2337; x_wconf 73' lang='grc' dir='ltr'><strong>Καὶ</strong></span> <span class='ocrx_word' id='word_1_278' title='bbox 533 2282 652 2347; x_wconf 83' lang='grc' dir='ltr'><strong>πῶς</strong></span> <span class='ocrx_word' id='word_1_279' title='bbox 680 2283 911 2349; x_wconf 79' lang='grc' dir='ltr'><strong>ἀπαθὲς,</strong></span> <span class='ocrx_word' id='word_1_280' title='bbox 950 2282 1013 2335; x_wconf 85' lang='grc' dir='ltr'><strong>τὸ</strong></span> <span class='ocrx_word' id='word_1_281' title='bbox 1039 2282 1103 2336; x_wconf 78' lang='grc' dir='ltr'><strong>ἐκ</strong></span> <span class='ocrx_word' id='word_1_282' title='bbox 1138 2281 1421 2352; x_wconf 84' lang='grc' dir='ltr'><strong>στοιχείων</strong></span> <span class='ocrx_word' id='word_1_283' title='bbox 1451 2280 1751 2351; x_wconf 83' lang='grc' dir='ltr'><strong>συγκείμε-</strong></span> 
     </span>
    </p>
   </div>
   <div class='ocr_carea' id='block_1_36' title="bbox 182 2368 1741 2440">
    <p class='ocr_par' dir='ltr' id='par_1_36' title="bbox 182 2368 1741 2440">
     <span class='ocr_line' id='line_1_36' title="bbox 182 2368 1741 2440; baseline -0.003 -13"><span class='ocrx_word' id='word_1_284' title='bbox 182 2390 279 2438; x_wconf 72' lang='grc' dir='ltr'><strong>νον,</strong></span> <span class='ocrx_word' id='word_1_285' title='bbox 311 2374 400 2427; x_wconf 79' lang='grc' dir='ltr'><strong>καὶ</strong></span> <span class='ocrx_word' id='word_1_286' title='bbox 423 2374 506 2439; x_wconf 82' lang='grc' dir='ltr'><strong>εἰς</strong></span> <span class='ocrx_word' id='word_1_287' title='bbox 538 2372 678 2427; x_wconf 69' lang='grc' dir='ltr'><strong>αὐτὰ</strong></span> <span class='ocrx_word' id='word_1_288' title='bbox 714 2373 877 2428; x_wconf 82' lang='grc' dir='ltr'><strong>πάλιν</strong></span> <span class='ocrx_word' id='word_1_289' title='bbox 909 2370 1309 2438; x_wconf 76' lang='grc' dir='ltr'><strong>άναλυόμενονς</strong></span> <span class='ocrx_word' id='word_1_290' title='bbox 1344 2369 1601 2434; x_wconf 78' lang='grc' dir='ltr'><strong>Σύνθεσις</strong></span> <span class='ocrx_word' id='word_1_291' title='bbox 1632 2368 1741 2440; x_wconf 85' lang='grc' dir='ltr'><strong>γὰρ</strong></span> 
     </span>
    </p>
   </div>
   <div class='ocr_carea' id='block_1_37' title="bbox 179 2459 1739 2536">
    <p class='ocr_par' dir='ltr' id='par_1_37' title="bbox 179 2459 1739 2536">
     <span class='ocr_line' id='line_1_37' title="bbox 179 2459 1739 2536; baseline -0.002 -19"><span class='ocrx_word' id='word_1_292' title='bbox 179 2463 312 2535; x_wconf 74' lang='grc' dir='ltr'><strong>ἁρχὴ</strong></span> <span class='ocrx_word' id='word_1_293' title='bbox 346 2463 560 2535; x_wconf 81' lang='grc' dir='ltr'><strong>μάχης·</strong></span> <span class='ocrx_word' id='word_1_294' title='bbox 597 2463 747 2536; x_wconf 78' lang='grc' dir='ltr'><strong>μάχη</strong></span> <span class='ocrx_word' id='word_1_295' title='bbox 778 2462 835 2517; x_wconf 75' lang='grc' dir='ltr'><strong>δὲ</strong></span> <span class='ocrx_word' id='word_1_296' title='bbox 860 2503 874 2528; x_wconf 84' lang='grc'><em>,</em></span> <span class='ocrx_word' id='word_1_297' title='bbox 900 2462 1241 2524; x_wconf 81' lang='grc' dir='ltr'><strong>διαστάσεως</strong></span> <span class='ocrx_word' id='word_1_298' title='bbox 1273 2478 1287 2493; x_wconf 90' lang='grc'><strong>·</strong></span> <span class='ocrx_word' id='word_1_299' title='bbox 1340 2460 1619 2524; x_wconf 81' lang='grc' dir='ltr'><strong>διάστασις</strong></span> <span class='ocrx_word' id='word_1_300' title='bbox 1658 2459 1739 2525; x_wconf 83' lang='grc' dir='ltr'><strong>δὲ,</strong></span> 
     </span>
    </p>
   </div>
   <div class='ocr_carea' id='block_1_38' title="bbox 178 2552 1493 2627">
    <p class='ocr_par' dir='ltr' id='par_1_38' title="bbox 178 2552 1493 2627">
     <span class='ocr_line' id='line_1_38' title="bbox 178 2552 1493 2627; baseline 0.002 -21"><span class='ocrx_word' id='word_1_301' title='bbox 178 2553 400 2619; x_wconf 74' lang='grc' dir='ltr'><strong>λύσεως·</strong></span> <span class='ocrx_word' id='word_1_302' title='bbox 426 2555 582 2619; x_wconf 78' lang='grc' dir='ltr'><strong>λύσις</strong></span> <span class='ocrx_word' id='word_1_303' title='bbox 615 2555 673 2609; x_wconf 80' lang='grc' dir='ltr'><strong>δὲ</strong></span> <span class='ocrx_word' id='word_1_304' title='bbox 710 2555 988 2627; x_wconf 82' lang='grc' dir='ltr'><strong>ἀλλότριον</strong></span> <span class='ocrx_word' id='word_1_305' title='bbox 1017 2552 1153 2607; x_wconf 79' lang='grc' dir='ltr'><strong>Θεοῦ</strong></span> <span class='ocrx_word' id='word_1_306' title='bbox 1192 2552 1493 2618; x_wconf 80' lang='grc' dir='ltr'><strong>παντελῶς.</strong></span> 
     </span>
    </p>
   </div>
   <div class='ocr_carea' id='block_1_39' title="bbox 2400 1548 2864 1620">
    <p class='ocr_par' dir='ltr' id='par_1_39' title="bbox 2400 1548 2864 1620">
     <span class='ocr_line' id='line_1_39' title="bbox 2400 1548 2864 1620; baseline -0.002 -15"><span class='ocrx_word' id='word_1_307' title='bbox 2400 1550 2555 1620; x_wconf 80' lang='lat'><strong>127</strong></span> <span class='ocrx_word' id='word_1_308' title='bbox 2589 1549 2741 1605; x_wconf 85' lang='lat' dir='ltr'><strong>CAP.</strong></span> <span class='ocrx_word' id='word_1_309' title='bbox 2776 1548 2864 1604; x_wconf 86' lang='lat' dir='ltr'><strong>IV.</strong></span> 
     </span>
    </p>
   </div>
   <div class='ocr_carea' id='block_1_40' title="bbox 1856 1637 3428 1714">
    <p class='ocr_par' dir='ltr' id='par_1_40' title="bbox 1856 1637 3428 1714">
     <span class='ocr_line' id='line_1_40' title="bbox 1856 1637 3428 1714; baseline 0.007 -25"><span class='ocrx_word' id='word_1_310' title='bbox 1856 1637 2124 1703; x_wconf 80' lang='lat' dir='ltr'><strong>Quidnam</strong></span> <span class='ocrx_word' id='word_1_311' title='bbox 2159 1638 2298 1693; x_wconf 87' lang='lat' dir='ltr'><strong>Deus</strong></span> <span class='ocrx_word' id='word_1_312' title='bbox 2323 1641 2413 1704; x_wconf 88' lang='lat' dir='ltr'><strong>sit,</strong></span> <span class='ocrx_word' id='word_1_313' title='bbox 2450 1640 2688 1711; x_wconf 84' lang='lat' dir='ltr'><strong>quodque</strong></span> <span class='ocrx_word' id='word_1_314' title='bbox 2718 1642 3084 1711; x_wconf 75' lang='lat' dir='ltr'><strong>comprehendi</strong></span> <span class='ocrx_word' id='word_1_315' title='bbox 3109 1660 3213 1698; x_wconf 83' lang='lat' dir='ltr'><strong>non</strong></span> <span class='ocrx_word' id='word_1_316' title='bbox 3246 1648 3428 1714; x_wconf 80' lang='lat' dir='ltr'><strong>possit.</strong></span> 
     </span>
    </p>
   </div>
   <div class='ocr_carea' id='block_1_41' title="bbox 1926 1728 3427 1803">
    <p class='ocr_par' dir='ltr' id='par_1_41' title="bbox 1926 1728 3427 1803">
     <span class='ocr_line' id='line_1_41' title="bbox 1926 1728 3427 1803; baseline 0.005 -21"><span class='ocrx_word' id='word_1_317' title='bbox 1926 1728 2093 1784; x_wconf 84' lang='lat' dir='ltr'><strong>Deum</strong></span> <span class='ocrx_word' id='word_1_318' title='bbox 2134 1731 2498 1800; x_wconf 80' lang='lat' dir='ltr'><strong>incorporeum</strong></span> <span class='ocrx_word' id='word_1_319' title='bbox 2541 1748 2655 1788; x_wconf 82' lang='lat' dir='ltr'><strong>esse</strong></span> <span class='ocrx_word' id='word_1_320' title='bbox 2698 1748 2789 1788; x_wconf 70' lang='lat' dir='ltr'><strong>sex</strong></span> <span class='ocrx_word' id='word_1_321' title='bbox 2819 1733 3117 1788; x_wconf 73' lang='lat' dir='ltr'><strong>rationibus</strong></span> <span class='ocrx_word' id='word_1_322' title='bbox 3148 1735 3427 1803; x_wconf 79' lang='lat' dir='ltr'><strong>probatur.</strong></span> 
     </span>
    </p>
   </div>
   <div class='ocr_carea' id='block_1_42' title="bbox 1854 1821 3429 1899">
    <p class='ocr_par' dir='ltr' id='par_1_42' title="bbox 1854 1821 3429 1899">
     <span class='ocr_line' id='line_1_42' title="bbox 1854 1821 3429 1899; baseline 0.004 -23"><span class='ocrx_word' id='word_1_323' title='bbox 1854 1851 1925 1865; x_wconf 89' lang='lat'><strong>-—</strong></span> <span class='ocrx_word' id='word_1_324' title='bbox 1958 1821 2114 1890; x_wconf 89' lang='lat' dir='ltr'><strong>Quod</strong></span> <span class='ocrx_word' id='word_1_325' title='bbox 2158 1823 2351 1895; x_wconf 84' lang='lat' dir='ltr'><strong>itaque</strong></span> <span class='ocrx_word' id='word_1_326' title='bbox 2396 1825 2471 1880; x_wconf 86' lang='lat' dir='ltr'><strong>sit</strong></span> <span class='ocrx_word' id='word_1_327' title='bbox 2514 1824 2697 1892; x_wconf 88' lang='lat' dir='ltr'><strong>Deus,</strong></span> <span class='ocrx_word' id='word_1_328' title='bbox 2730 1824 2941 1897; x_wconf 89' lang='lat' dir='ltr'><strong>liquido</strong></span> <span class='ocrx_word' id='word_1_329' title='bbox 2989 1834 3253 1884; x_wconf 88' lang='lat' dir='ltr'><strong>constat:</strong></span> <span class='ocrx_word' id='word_1_330' title='bbox 3296 1828 3429 1899; x_wconf 89' lang='lat' dir='ltr'><strong>quid</strong></span> 
     </span>
    </p>
   </div>
   <div class='ocr_carea' id='block_1_43' title="bbox 1856 1916 3431 1986">
    <p class='ocr_par' dir='ltr' id='par_1_43' title="bbox 1856 1916 3431 1986">
     <span class='ocr_line' id='line_1_43' title="bbox 1856 1916 3431 1986; baseline 0.002 -16"><span class='ocrx_word' id='word_1_331' title='bbox 1856 1922 2041 1971; x_wconf 88' lang='lat' dir='ltr'><strong>autem</strong></span> <span class='ocrx_word' id='word_1_332' title='bbox 2080 1916 2389 1972; x_wconf 85' lang='lat' dir='ltr'><strong>secundum</strong></span> <span class='ocrx_word' id='word_1_333' title='bbox 2428 1919 2729 1973; x_wconf 87' lang='lat' dir='ltr'><strong>essentiam</strong></span> <span class='ocrx_word' id='word_1_334' title='bbox 2764 1928 2819 1974; x_wconf 91' lang='lat' dir='ltr'><strong>et</strong></span> <span class='ocrx_word' id='word_1_335' title='bbox 2849 1925 3106 1975; x_wconf 85' lang='lat' dir='ltr'><strong>naturam</strong></span> <span class='ocrx_word' id='word_1_336' title='bbox 3149 1920 3245 1986; x_wconf 90' lang='lat' dir='ltr'><strong>sit,</strong></span> <span class='ocrx_word' id='word_1_337' title='bbox 3274 1919 3431 1974; x_wconf 84' lang='lat' dir='ltr'><strong>nullo</strong></span> 
     </span>
    </p>
   </div>
   <div class='ocr_carea' id='block_1_44' title="bbox 1855 2006 3428 2081">
    <p class='ocr_par' dir='ltr' id='par_1_44' title="bbox 1855 2006 3428 2081">
     <span class='ocr_line' id='line_1_44' title="bbox 1855 2006 3428 2081; baseline 0.003 -22"><span class='ocrx_word' id='word_1_338' title='bbox 1855 2020 2090 2076; x_wconf 84' lang='lat' dir='ltr'><strong>prorsus</strong></span> <span class='ocrx_word' id='word_1_339' title='bbox 2138 2006 2301 2063; x_wconf 90' lang='lat' dir='ltr'><strong>modo</strong></span> <span class='ocrx_word' id='word_1_340' title='bbox 2349 2008 2769 2078; x_wconf 82' lang='lat' dir='ltr'><strong>comprehendi,</strong></span> <span class='ocrx_word' id='word_1_341' title='bbox 2811 2009 2897 2065; x_wconf 85' lang='lat' dir='ltr'><strong>vel</strong></span> <span class='ocrx_word' id='word_1_342' title='bbox 2945 2010 3113 2066; x_wconf 86' lang='lat' dir='ltr'><strong>etiam</strong></span> <span class='ocrx_word' id='word_1_343' title='bbox 3163 2010 3428 2081; x_wconf 84' lang='lat' dir='ltr'><strong>cognosci</strong></span> 
     </span>
    </p>
   </div>
   <div class='ocr_carea' id='block_1_45' title="bbox 1851 2097 3427 2172">
    <p class='ocr_par' dir='ltr' id='par_1_45' title="bbox 1851 2097 3427 2172">
     <span class='ocr_line' id='line_1_45' title="bbox 1851 2097 3427 2172; baseline 0.001 -19"><span class='ocrx_word' id='word_1_344' title='bbox 1851 2104 2056 2168; x_wconf 89' lang='lat' dir='ltr'><strong>potest.</strong></span> <span class='ocrx_word' id='word_1_345' title='bbox 2122 2097 2255 2153; x_wconf 83' lang='lat' dir='ltr'><strong>Nam</strong></span> <span class='ocrx_word' id='word_1_346' title='bbox 2306 2099 2457 2166; x_wconf 86' lang='lat' dir='ltr'><strong>quod</strong></span> <span class='ocrx_word' id='word_1_347' title='bbox 2500 2100 2868 2171; x_wconf 87' lang='lat' dir='ltr'><strong>incorporeus</strong></span> <span class='ocrx_word' id='word_1_348' title='bbox 2926 2102 3021 2166; x_wconf 81' lang='lat' dir='ltr'><strong>sit,</strong></span> <span class='ocrx_word' id='word_1_349' title='bbox 3070 2102 3427 2172; x_wconf 84' lang='lat' dir='ltr'><strong>perspicuum</strong></span> 
     </span>
    </p>
   </div>
   <div class='ocr_carea' id='block_1_46' title="bbox 1845 2186 3429 2262">
    <p class='ocr_par' dir='ltr' id='par_1_46' title="bbox 1845 2186 3429 2262">
     <span class='ocr_line' id='line_1_46' title="bbox 1845 2186 3429 2262; baseline 0.003 -21"><span class='ocrx_word' id='word_1_350' title='bbox 1845 2193 1952 2242; x_wconf 90' lang='lat' dir='ltr'><strong>est.</strong></span> <span class='ocrx_word' id='word_1_351' title='bbox 1991 2186 2115 2252; x_wconf 83' lang='lat' dir='ltr'><strong>Quo</strong></span> <span class='ocrx_word' id='word_1_352' title='bbox 2150 2188 2296 2243; x_wconf 91' lang='lat' dir='ltr'><strong>enim</strong></span> <span class='ocrx_word' id='word_1_353' title='bbox 2329 2188 2495 2243; x_wconf 88' lang='lat' dir='ltr'><strong>modo</strong></span> <span class='ocrx_word' id='word_1_354' title='bbox 2533 2204 2745 2259; x_wconf 88' lang='lat' dir='ltr'><strong>corpus</strong></span> <span class='ocrx_word' id='word_1_355' title='bbox 2780 2205 2907 2246; x_wconf 84' lang='lat' dir='ltr'><strong>esse</strong></span> <span class='ocrx_word' id='word_1_356' title='bbox 2935 2202 3133 2261; x_wconf 86' lang='lat' dir='ltr'><strong>queat,</strong></span> <span class='ocrx_word' id='word_1_357' title='bbox 3162 2192 3310 2262; x_wconf 90' lang='lat' dir='ltr'><strong>quod</strong></span> <span class='ocrx_word' id='word_1_358' title='bbox 3341 2191 3429 2246; x_wconf 87' lang='lat' dir='ltr'><strong>in-</strong></span> 
     </span>
    </p>
   </div>
   <div class='ocr_carea' id='block_1_47' title="bbox 1845 2277 3427 2355">
    <p class='ocr_par' dir='ltr' id='par_1_47' title="bbox 1845 2277 3427 2355">
     <span class='ocr_line' id='line_1_47' title="bbox 1845 2277 3427 2355; baseline 0.004 -23"><span class='ocrx_word' id='word_1_359' title='bbox 1845 2277 2067 2333; x_wconf 82' lang='lat' dir='ltr'><strong>ﬁnitum</strong></span> <span class='ocrx_word' id='word_1_360' title='bbox 2109 2287 2167 2335; x_wconf 91' lang='lat' dir='ltr'><strong>et</strong></span> <span class='ocrx_word' id='word_1_361' title='bbox 2214 2280 2632 2337; x_wconf 83' lang='lat' dir='ltr'><strong>interminatam</strong></span> <span class='ocrx_word' id='word_1_362' title='bbox 2670 2290 2785 2348; x_wconf 88' lang='lat' dir='ltr'><strong>est,</strong></span> <span class='ocrx_word' id='word_1_363' title='bbox 2826 2281 2974 2353; x_wconf 90' lang='lat' dir='ltr'><strong>quod</strong></span> <span class='ocrx_word' id='word_1_364' title='bbox 3027 2283 3200 2355; x_wconf 81' lang='lat' dir='ltr'><strong>ﬁgura</strong></span> <span class='ocrx_word' id='word_1_365' title='bbox 3239 2292 3427 2349; x_wconf 85' lang='lat' dir='ltr'><strong>caret,</strong></span> 
     </span>
    </p>
   </div>
   <div class='ocr_carea' id='block_1_48' title="bbox 1846 2372 3424 2445">
    <p class='ocr_par' dir='ltr' id='par_1_48' title="bbox 1846 2372 3424 2445">
     <span class='ocr_line' id='line_1_48' title="bbox 1846 2372 3424 2445; baseline 0.002 -20"><span class='ocrx_word' id='word_1_366' title='bbox 1846 2372 2109 2442; x_wconf 88' lang='lat' dir='ltr'><strong>quodque</strong></span> <span class='ocrx_word' id='word_1_367' title='bbox 2168 2387 2271 2427; x_wconf 91' lang='lat' dir='ltr'><strong>nec</strong></span> <span class='ocrx_word' id='word_1_368' title='bbox 2329 2374 2524 2443; x_wconf 86' lang='lat' dir='ltr'><strong>tangi,</strong></span> <span class='ocrx_word' id='word_1_369' title='bbox 2578 2388 2679 2429; x_wconf 86' lang='lat' dir='ltr'><strong>nec</strong></span> <span class='ocrx_word' id='word_1_370' title='bbox 2743 2375 2921 2431; x_wconf 87' lang='lat' dir='ltr'><strong>oculis</strong></span> <span class='ocrx_word' id='word_1_371' title='bbox 2984 2374 3138 2431; x_wconf 87' lang='lat' dir='ltr'><strong>cerni</strong></span> <span class='ocrx_word' id='word_1_372' title='bbox 3210 2381 3424 2445; x_wconf 86' lang='lat' dir='ltr'><strong>potest,</strong></span> 
     </span>
    </p>
   </div>
   <div class='ocr_carea' id='block_1_49' title="bbox 1846 2462 3427 2537">
    <p class='ocr_par' dir='ltr' id='par_1_49' title="bbox 1846 2462 3427 2537">
     <span class='ocr_line' id='line_1_49' title="bbox 1846 2462 3427 2537; baseline 0.003 -22"><span class='ocrx_word' id='word_1_373' title='bbox 1846 2462 1995 2532; x_wconf 87' lang='lat' dir='ltr'><strong>quod</strong></span> <span class='ocrx_word' id='word_1_374' title='bbox 2026 2462 2266 2535; x_wconf 88' lang='lat' dir='ltr'><strong>denique</strong></span> <span class='ocrx_word' id='word_1_375' title='bbox 2309 2465 2544 2536; x_wconf 80' lang='lat' dir='ltr'><strong>simplex</strong></span> <span class='ocrx_word' id='word_1_376' title='bbox 2585 2474 2671 2521; x_wconf 91' lang='lat' dir='ltr'><strong>est</strong></span> <span class='ocrx_word' id='word_1_377' title='bbox 2701 2480 2802 2521; x_wconf 87' lang='lat' dir='ltr'><strong>nec</strong></span> <span class='ocrx_word' id='word_1_378' title='bbox 2845 2466 3260 2537; x_wconf 87' lang='lat' dir='ltr'><strong>compositum?</strong></span> <span class='ocrx_word' id='word_1_379' title='bbox 3287 2482 3427 2535; x_wconf 88' lang='lat' dir='ltr'><strong>quo-</strong></span> 
     </span>
    </p>
   </div>
   <div class='ocr_carea' id='block_1_50' title="bbox 1846 2555 3418 2627">
    <p class='ocr_par' dir='ltr' id='par_1_50' title="bbox 1846 2555 3418 2627">
     <span class='ocr_line' id='line_1_50' title="bbox 1846 2555 3418 2627; baseline 0.001 -19"><span class='ocrx_word' id='word_1_380' title='bbox 1846 2555 2011 2611; x_wconf 90' lang='lat' dir='ltr'><strong>modo</strong></span> <span class='ocrx_word' id='word_1_381' title='bbox 2037 2556 2243 2627; x_wconf 86' lang='lat' dir='ltr'><strong>quippe</strong></span> <span class='ocrx_word' id='word_1_382' title='bbox 2291 2557 2639 2612; x_wconf 85' lang='lat' dir='ltr'><strong>immutabile</strong></span> <span class='ocrx_word' id='word_1_383' title='bbox 2680 2558 2811 2621; x_wconf 89' lang='lat' dir='ltr'><strong>erit,</strong></span> <span class='ocrx_word' id='word_1_384' title='bbox 2844 2558 2890 2613; x_wconf 89' lang='lat' dir='ltr'><strong>si</strong></span> <span class='ocrx_word' id='word_1_385' title='bbox 2932 2557 3418 2626; x_wconf 80' lang='lat' dir='ltr'><strong>circumscriptum</strong></span> 
     </span>
    </p>
   </div>
   <div class='ocr_carea' id='block_1_51' title="bbox 176 2646 3425 2721">
    <p class='ocr_par' dir='ltr' id='par_1_51' title="bbox 176 2646 3425 2721">
     <span class='ocr_line' id='line_1_51' title="bbox 176 2646 3425 2721; baseline 0.001 -21"><span class='ocrx_word' id='word_1_386' title='bbox 176 2661 239 2702; x_wconf 85' lang='lat' dir='ltr'><strong>ae</strong></span> <span class='ocrx_word' id='word_1_387' title='bbox 262 2647 505 2719; x_wconf 81' lang='lat' dir='ltr'><strong>passioni</strong></span> <span class='ocrx_word' id='word_1_388' title='bbox 532 2648 835 2704; x_wconf 88' lang='lat' dir='ltr'><strong>obnoxium</strong></span> <span class='ocrx_word' id='word_1_389' title='bbox 878 2647 988 2703; x_wconf 84' lang='lat' dir='ltr'><strong>sit?</strong></span> <span class='ocrx_word' id='word_1_390' title='bbox 1022 2647 1250 2718; x_wconf 88' lang='lat' dir='ltr'><strong>quinam</strong></span> <span class='ocrx_word' id='word_1_391' title='bbox 1285 2661 1485 2717; x_wconf 82' lang='lat' dir='ltr'><strong>expers</strong></span> <span class='ocrx_word' id='word_1_392' title='bbox 1513 2646 1797 2718; x_wconf 83' lang='lat' dir='ltr'><strong>passionis</strong></span> <span class='ocrx_word' id='word_1_393' title='bbox 1827 2650 1956 2714; x_wconf 88' lang='lat' dir='ltr'><strong>erit,</strong></span> <span class='ocrx_word' id='word_1_394' title='bbox 1986 2650 2136 2721; x_wconf 89' lang='lat' dir='ltr'><strong>quod</strong></span> <span class='ocrx_word' id='word_1_395' title='bbox 2165 2666 2230 2706; x_wconf 90' lang='lat' dir='ltr'><strong>ex</strong></span> <span class='ocrx_word' id='word_1_396' title='bbox 2254 2652 2545 2709; x_wconf 86' lang='lat' dir='ltr'><strong>elementis</strong></span> <span class='ocrx_word' id='word_1_397' title='bbox 2622 2650 2915 2714; x_wconf 81' lang='lat' dir='ltr'><strong>conﬂatur,</strong></span> <span class='ocrx_word' id='word_1_398' title='bbox 2981 2659 3149 2720; x_wconf 87' lang='lat' dir='ltr'><strong>atque</strong></span> <span class='ocrx_word' id='word_1_399' title='bbox 3208 2650 3263 2703; x_wconf 92' lang='lat' dir='ltr'><strong>in</strong></span> <span class='ocrx_word' id='word_1_400' title='bbox 3325 2663 3425 2704; x_wconf 83' lang='lat' dir='ltr'><strong>ea-</strong></span> 
     </span>
    </p>
   </div>
   <div class='ocr_carea' id='block_1_52' title="bbox 175 2743 2786 2818">
    <p class='ocr_par' dir='ltr' id='par_1_52' title="bbox 175 2743 2786 2818">
     <span class='ocr_line' id='line_1_52' title="bbox 175 2743 2786 2818; baseline 0.001 -21"><span class='ocrx_word' id='word_1_401' title='bbox 175 2743 292 2800; x_wconf 82' lang='lat' dir='ltr'><strong>dem</strong></span> <span class='ocrx_word' id='word_1_402' title='bbox 342 2761 539 2802; x_wconf 82' lang='lat' dir='ltr'><strong>rursus</strong></span> <span class='ocrx_word' id='word_1_403' title='bbox 580 2744 885 2801; x_wconf 78' lang='lat' dir='ltr'><strong>dilabitur?</strong></span> <span class='ocrx_word' id='word_1_404' title='bbox 931 2744 1269 2815; x_wconf 85' lang='lat' dir='ltr'><strong>compositio</strong></span> <span class='ocrx_word' id='word_1_405' title='bbox 1310 2743 1581 2814; x_wconf 85' lang='lat' dir='ltr'><strong>siquidem</strong></span> <span class='ocrx_word' id='word_1_406' title='bbox 1632 2758 1829 2815; x_wconf 74' lang='lat' dir='ltr'><strong>pugna:</strong></span> <span class='ocrx_word' id='word_1_407' title='bbox 1859 2746 2020 2818; x_wconf 79' lang='lat' dir='ltr'><strong>origo</strong></span> <span class='ocrx_word' id='word_1_408' title='bbox 2064 2755 2193 2815; x_wconf 86' lang='lat' dir='ltr'><strong>est;</strong></span> <span class='ocrx_word' id='word_1_409' title='bbox 2261 2762 2470 2818; x_wconf 86' lang='lat' dir='ltr'><strong>pugna,</strong></span> <span class='ocrx_word' id='word_1_410' title='bbox 2522 2745 2786 2812; x_wconf 89' lang='lat' dir='ltr'><strong>dissidii;</strong></span> 
     </span>
    </p>
   </div>
   <div class='ocr_carea' id='block_1_53' title="bbox 176 2833 1734 2905">
    <p class='ocr_par' dir='ltr' id='par_1_53' title="bbox 176 2833 1734 2905">
     <span class='ocr_line' id='line_1_53' title="bbox 176 2833 1734 2905; baseline -0.001 -15"><span class='ocrx_word' id='word_1_411' title='bbox 176 2837 371 2904; x_wconf 78' lang='lat' dir='ltr'><strong>tionis;</strong></span> <span class='ocrx_word' id='word_1_412' title='bbox 412 2839 619 2894; x_wconf 88' lang='lat' dir='ltr'><strong>solutio</strong></span> <span class='ocrx_word' id='word_1_413' title='bbox 649 2844 832 2892; x_wconf 90' lang='lat' dir='ltr'><strong>autem</strong></span> <span class='ocrx_word' id='word_1_414' title='bbox 863 2850 893 2890; x_wconf 86' lang='lat' dir='ltr'><strong>a</strong></span> <span class='ocrx_word' id='word_1_415' title='bbox 928 2833 1038 2890; x_wconf 89' lang='lat' dir='ltr'><strong>Deo</strong></span> <span class='ocrx_word' id='word_1_416' title='bbox 1071 2848 1304 2905; x_wconf 82' lang='lat' dir='ltr'><strong>prorsus</strong></span> <span class='ocrx_word' id='word_1_417' title='bbox 1342 2834 1529 2889; x_wconf 89' lang='lat' dir='ltr'><strong>aliena</strong></span> <span class='ocrx_word' id='word_1_418' title='bbox 1551 2841 1637 2888; x_wconf 91' lang='lat' dir='ltr'><strong>est</strong></span> <span class='ocrx_word' id='word_1_419' title='bbox 1665 2833 1734 2888; x_wconf 82' lang='lat'><strong>&quot;.</strong></span> 
     </span>
    </p>
   </div>
   <div class='ocr_carea' id='block_1_54' title="bbox 2862 2740 3422 2809">
    <p class='ocr_par' dir='ltr' id='par_1_54' title="bbox 2862 2740 3422 2809">
     <span class='ocr_line' id='line_1_54' title="bbox 2862 2740 3422 2809; baseline -0.011 -9"><span class='ocrx_word' id='word_1_420' title='bbox 2862 2745 3184 2809; x_wconf 79' lang='lat' dir='ltr'><strong>dissidium,</strong></span> <span class='ocrx_word' id='word_1_421' title='bbox 3266 2740 3422 2796; x_wconf 85' lang='lat' dir='ltr'><strong>solu-</strong></span> 
     </span>
    </p>
   </div>
   <div class='ocr_carea' id='block_1_55' title="bbox 249 2919 1745 3000">
    <p class='ocr_par' dir='ltr' id='par_1_55' title="bbox 249 2925 1730 3000">
     <span class='ocr_line' id='line_1_55' title="bbox 249 2925 1730 3000; baseline -0.005 -15"><span class='ocrx_word' id='word_1_422' title='bbox 249 2930 370 2994; x_wconf 82' lang='grc' dir='ltr'><strong>Πῶς</strong></span> <span class='ocrx_word' id='word_1_423' title='bbox 390 2931 447 2985; x_wconf 83' lang='grc' dir='ltr'><strong>δὲ</strong></span> <span class='ocrx_word' id='word_1_424' title='bbox 467 2931 564 2984; x_wconf 74' lang='grc' dir='ltr'><strong>καὶ</strong></span> <span class='ocrx_word' id='word_1_425' title='bbox 585 2928 933 3000; x_wconf 67' lang='grc' dir='ltr'><strong>σωθήσεταιι</strong></span> <span class='ocrx_word' id='word_1_426' title='bbox 960 2927 1042 2992; x_wconf 80' lang='grc' dir='ltr'><strong>τὸ,</strong></span> <span class='ocrx_word' id='word_1_427' title='bbox 1074 2926 1165 2981; x_wconf 81' lang='grc' dir='ltr'><strong>διά</strong></span> <span class='ocrx_word' id='word_1_428' title='bbox 1192 2926 1414 2981; x_wconf 83' lang='grc' dir='ltr'><strong>πάντων</strong></span> <span class='ocrx_word' id='word_1_429' title='bbox 1441 2925 1602 2995; x_wconf 78' lang='grc' dir='ltr'><strong>ἥκειν</strong></span> <span class='ocrx_word' id='word_1_430' title='bbox 1634 2926 1730 2978; x_wconf 69' lang='grc' dir='ltr'><strong>καὶ</strong></span> 
     </span>
    </p>
   </div>
   <div class='ocr_carea' id='block_1_56' title="bbox 1857 2919 3419 3000">
    <p class='ocr_par' dir='ltr' id='par_1_56' title="bbox 1905 2919 3419 2993">
     <span class='ocr_line' id='line_1_56' title="bbox 1905 2919 3419 2993; baseline 0.004 -19"><span class='ocrx_word' id='word_1_431' title='bbox 1905 2919 2027 2987; x_wconf 86' lang='lat' dir='ltr'><strong>Qua</strong></span> <span class='ocrx_word' id='word_1_432' title='bbox 2082 2920 2303 2976; x_wconf 88' lang='lat' dir='ltr'><strong>ratione</strong></span> <span class='ocrx_word' id='word_1_433' title='bbox 2348 2927 2536 2975; x_wconf 86' lang='lat' dir='ltr'><strong>autem</strong></span> <span class='ocrx_word' id='word_1_434' title='bbox 2588 2928 2645 2975; x_wconf 91' lang='lat' dir='ltr'><strong>et</strong></span> <span class='ocrx_word' id='word_1_435' title='bbox 2682 2919 2817 2975; x_wconf 88' lang='lat' dir='ltr'><strong>illud</strong></span> <span class='ocrx_word' id='word_1_436' title='bbox 2868 2920 3041 2976; x_wconf 84' lang='lat' dir='ltr'><strong>stabit</strong></span> <span class='ocrx_word' id='word_1_437' title='bbox 3093 2932 3419 2993; x_wconf 85' lang='lat' dir='ltr'><strong>certumque</strong></span> 
     </span>
    </p>
   </div>
   <div class='ocr_carea' id='block_1_57' title="bbox 174 3016 1735 3095">
    <p class='ocr_par' dir='ltr' id='par_1_57' title="bbox 174 3016 1735 3095">
     <span class='ocr_line' id='line_1_57' title="bbox 174 3016 1735 3095; baseline -0.004 -20"><span class='ocrx_word' id='word_1_438' title='bbox 174 3020 405 3095; x_wconf 66' lang='grc' dir='ltr'><strong>¹κληροῦν</strong></span> <span class='ocrx_word' id='word_1_439' title='bbox 430 3022 498 3076; x_wconf 81' lang='grc' dir='ltr'><strong>τὰ</strong></span> <span class='ocrx_word' id='word_1_440' title='bbox 549 3023 729 3076; x_wconf 85' lang='grc' dir='ltr'><strong>πάντα</strong></span> <span class='ocrx_word' id='word_1_441' title='bbox 762 3020 914 3084; x_wconf 68' lang='grc' dir='ltr'><strong>Θεὸν,</strong></span> <span class='ocrx_word' id='word_1_442' title='bbox 948 3019 1023 3083; x_wconf 83' lang='grc' dir='ltr'><strong>ὥς</strong></span> <span class='ocrx_word' id='word_1_443' title='bbox 1056 3035 1221 3090; x_wconf 72' lang='grc' dir='ltr'><strong>φησιν</strong></span> <span class='ocrx_word' id='word_1_444' title='bbox 1256 3019 1289 3090; x_wconf 85' lang='grc' dir='ltr'><strong>ή</strong></span> <span class='ocrx_word' id='word_1_445' title='bbox 1326 3018 1554 3089; x_wconf 84' lang='grc' dir='ltr'><strong>Γραφή;</strong></span> <span class='ocrx_word' id='word_1_446' title='bbox 1590 3016 1735 3085; x_wconf 74' lang='grc' dir='ltr'><strong>Οὐχὶ</strong></span> 
     </span>
    </p>
   </div>
   <div class='ocr_carea' id='block_1_58' title="bbox 176 3108 1737 3183">
    <p class='ocr_par' dir='ltr' id='par_1_58' title="bbox 176 3108 1737 3183">
     <span class='ocr_line' id='line_1_58' title="bbox 176 3108 1737 3183; baseline -0.001 -18"><span class='ocrx_word' id='word_1_447' title='bbox 176 3112 535 3183; x_wconf 72' lang='grc' dir='ltr'><strong>τὸνούρανὸν</strong></span> <span class='ocrx_word' id='word_1_448' title='bbox 572 3113 673 3168; x_wconf 77' lang='grc' dir='ltr'><strong>καὶ</strong></span> <span class='ocrx_word' id='word_1_449' title='bbox 714 3111 830 3181; x_wconf 75' lang='grc' dir='ltr'><strong>τὴν</strong></span> <span class='ocrx_word' id='word_1_450' title='bbox 863 3111 983 3181; x_wconf 72' lang='grc' dir='ltr'><strong>γῆν</strong></span> <span class='ocrx_word' id='word_1_451' title='bbox 1009 3111 1124 3181; x_wconf 62' lang='grc' dir='ltr'><strong>ἐγὼ</strong></span> <span class='ocrx_word' id='word_1_452' title='bbox 1165 3108 1404 3180; x_wconf 77' lang='grc' dir='ltr'><strong>πληρῶ,</strong></span> <span class='ocrx_word' id='word_1_453' title='bbox 1427 3110 1590 3179; x_wconf 73' lang='grc' dir='ltr'><strong>λέγει</strong></span> <span class='ocrx_word' id='word_1_454' title='bbox 1619 3110 1737 3165; x_wconf 84' lang='grc' dir='ltr'><strong>Κύ-</strong></span> 
     </span>
    </p>
   </div>
   <div class='ocr_carea' id='block_1_59' title="bbox 173 3202 1733 3278">
    <p class='ocr_par' dir='ltr' id='par_1_59' title="bbox 173 3202 1733 3278">
     <span class='ocr_line' id='line_1_59' title="bbox 173 3202 1733 3278; baseline -0.006 -14"><span class='ocrx_word' id='word_1_455' title='bbox 173 3220 336 3273; x_wconf 74' lang='lat' dir='ltr'><strong>plac;</strong></span> <span class='ocrx_word' id='word_1_456' title='bbox 371 3205 657 3261; x_wconf 78' lang='grc' dir='ltr'><strong>’Δδύνατον</strong></span> <span class='ocrx_word' id='word_1_457' title='bbox 688 3204 801 3278; x_wconf 73' lang='grc' dir='ltr'><strong>γὰρ</strong></span> <span class='ocrx_word' id='word_1_458' title='bbox 856 3205 1015 3276; x_wconf 84' lang='grc' dir='ltr'><strong>σῶμα</strong></span> <span class='ocrx_word' id='word_1_459' title='bbox 1051 3204 1143 3259; x_wconf 82' lang='grc' dir='ltr'><strong>διὰ</strong></span> <span class='ocrx_word' id='word_1_460' title='bbox 1193 3203 1461 3274; x_wconf 85' lang='grc' dir='ltr'><strong>σωμάτων</strong></span> <span class='ocrx_word' id='word_1_461' title='bbox 1504 3202 1733 3274; x_wconf 85' lang='grc' dir='ltr'><strong>διήκειν,</strong></span> 
     </span>
    </p>
   </div>
   <div class='ocr_carea' id='block_1_60' title="bbox 181 3293 1734 3368">
    <p class='ocr_par' dir='ltr' id='par_1_60' title="bbox 181 3293 1734 3368">
     <span class='ocr_line' id='line_1_60' title="bbox 181 3293 1734 3368; baseline -0.003 -19"><span class='ocrx_word' id='word_1_462' title='bbox 181 3294 254 3366; x_wconf 69' lang='grc' dir='ltr'><strong>μὴ</strong></span> <span class='ocrx_word' id='word_1_463' title='bbox 275 3297 463 3367; x_wconf 72' lang='grc' dir='ltr'><strong>τέμνον</strong></span> <span class='ocrx_word' id='word_1_464' title='bbox 489 3296 587 3351; x_wconf 79' lang='grc' dir='ltr'><strong>καὶ</strong></span> <span class='ocrx_word' id='word_1_465' title='bbox 608 3297 965 3368; x_wconf 86' lang='grc' dir='ltr'><strong>τεμνόμενον,</strong></span> <span class='ocrx_word' id='word_1_466' title='bbox 990 3296 1084 3350; x_wconf 75' lang='grc' dir='ltr'><strong>καὶ</strong></span> <span class='ocrx_word' id='word_1_467' title='bbox 1113 3294 1445 3366; x_wconf 81' lang='grc' dir='ltr'><strong>πλεκόμενον</strong></span> <span class='ocrx_word' id='word_1_468' title='bbox 1469 3293 1562 3346; x_wconf 73' lang='grc' dir='ltr'><strong>καὶ</strong></span> <span class='ocrx_word' id='word_1_469' title='bbox 1583 3294 1734 3347; x_wconf 68' lang='lat' dir='ltr'><strong>avrt-</strong></span> 
     </span>
    </p>
   </div>
   <div class='ocr_carea' id='block_1_61' title="bbox 181 3386 1737 3461">
    <p class='ocr_par' dir='ltr' id='par_1_61' title="bbox 181 3386 1737 3461">
     <span class='ocr_line' id='line_1_61' title="bbox 181 3386 1737 3461; baseline -0.003 -19"><span class='ocrx_word' id='word_1_470' title='bbox 181 3389 623 3460; x_wconf 64' lang='lat' dir='ltr'><strong>npanbéusvov,</strong></span> <span class='ocrx_word' id='word_1_471' title='bbox 643 3388 834 3461; x_wconf 83' lang='grc' dir='ltr'><strong>ὥσπερ</strong></span> <span class='ocrx_word' id='word_1_472' title='bbox 869 3389 969 3443; x_wconf 83' lang='grc' dir='ltr'><strong>ὅσα</strong></span> <span class='ocrx_word' id='word_1_473' title='bbox 1004 3387 1116 3442; x_wconf 86' lang='grc' dir='ltr'><strong>τῶν</strong></span> <span class='ocrx_word' id='word_1_474' title='bbox 1145 3386 1328 3459; x_wconf 80' lang='grc' dir='ltr'><strong>ὑγρῶν</strong></span> <span class='ocrx_word' id='word_1_475' title='bbox 1354 3386 1609 3457; x_wconf 78' lang='grc' dir='ltr'><strong>μίγνυται</strong></span> <span class='ocrx_word' id='word_1_476' title='bbox 1639 3386 1737 3439; x_wconf 76' lang='grc' dir='ltr'><strong>καὶ</strong></span> 
     </span>
    </p>
   </div>
   <div class='ocr_carea' id='block_1_62' title="bbox 182 3483 540 3553">
    <p class='ocr_par' dir='ltr' id='par_1_62' title="bbox 182 3483 540 3553">
     <span class='ocr_line' id='line_1_62' title="bbox 182 3483 540 3553; baseline 0.011 -20"><span class='ocrx_word' id='word_1_477' title='bbox 182 3483 540 3553; x_wconf 73' lang='grc' dir='ltr'><strong>συγκιρνᾶται.</strong></span> 
     </span>
    </p>
   </div>
   <div class='ocr_carea' id='block_1_63' title="bbox 245 3744 1736 3817">
    <p class='ocr_par' dir='ltr' id='par_1_63' title="bbox 245 3744 1736 3817">
     <span class='ocr_line' id='line_1_63' title="bbox 245 3744 1736 3817; baseline -0.001 -16"><span class='ocrx_word' id='word_1_478' title='bbox 245 3746 304 3801; x_wconf 74' lang='lat' dir='ltr'><strong>Ei</strong></span> <span class='ocrx_word' id='word_1_479' title='bbox 327 3747 381 3800; x_wconf 77' lang='grc' dir='ltr'><strong>δὲ</strong></span> <span class='ocrx_word' id='word_1_480' title='bbox 408 3748 502 3802; x_wconf 82' lang='grc' dir='ltr'><strong>καί</strong></span> <span class='ocrx_word' id='word_1_481' title='bbox 525 3747 673 3810; x_wconf 83' lang='grc' dir='ltr'><strong>τινές</strong></span> <span class='ocrx_word' id='word_1_482' title='bbox 696 3746 772 3816; x_wconf 81' lang='lat'><strong>(5)</strong></span> <span class='ocrx_word' id='word_1_483' title='bbox 805 3762 967 3817; x_wconf 83' lang='grc' dir='ltr'><strong>φησιν</strong></span> <span class='ocrx_word' id='word_1_484' title='bbox 989 3744 1151 3801; x_wconf 81' lang='grc' dir='ltr'><strong>άϋλον</strong></span> <span class='ocrx_word' id='word_1_485' title='bbox 1185 3744 1367 3815; x_wconf 82' lang='grc' dir='ltr'><strong>σῶμα,</strong></span> <span class='ocrx_word' id='word_1_486' title='bbox 1396 3745 1471 3809; x_wconf 84' lang='grc' dir='ltr'><strong>ὡς</strong></span> <span class='ocrx_word' id='word_1_487' title='bbox 1497 3744 1558 3798; x_wconf 75' lang='grc' dir='ltr'><strong>τὸ</strong></span> <span class='ocrx_word' id='word_1_488' title='bbox 1583 3744 1736 3816; x_wconf 73' lang='grc' dir='ltr'><strong>παρὰ</strong></span> 
     </span>
    </p>
   </div>
   <div class='ocr_carea' id='block_1_64' title="bbox 181 3837 1733 3911">
    <p class='ocr_par' dir='ltr' id='par_1_64' title="bbox 181 3837 1733 3911">
     <span class='ocr_line' id='line_1_64' title="bbox 181 3837 1733 3911; baseline 0 -21"><span class='ocrx_word' id='word_1_489' title='bbox 181 3840 282 3902; x_wconf 71' lang='grc' dir='ltr'><strong>τοῖς</strong></span> <span class='ocrx_word' id='word_1_490' title='bbox 307 3840 409 3893; x_wconf 83' lang='grc' dir='ltr'><strong>τῶν</strong></span> <span class='ocrx_word' id='word_1_491' title='bbox 446 3840 719 3911; x_wconf 78' lang='grc' dir='ltr'><strong>Ἑλλήνων</strong></span> <span class='ocrx_word' id='word_1_492' title='bbox 742 3841 927 3909; x_wconf 82' lang='grc' dir='ltr'><strong>σοφοῖς</strong></span> <span class='ocrx_word' id='word_1_493' title='bbox 957 3837 1207 3908; x_wconf 79' lang='grc' dir='ltr'><strong>πέμπτον</strong></span> <span class='ocrx_word' id='word_1_494' title='bbox 1234 3837 1394 3906; x_wconf 85' lang='grc' dir='ltr'><strong>σῶμα</strong></span> <span class='ocrx_word' id='word_1_495' title='bbox 1421 3837 1733 3907; x_wconf 80' lang='grc' dir='ltr'><strong>λεγόμενον,</strong></span> 
     </span>
    </p>
   </div>
   <div class='ocr_carea' id='block_1_65' title="bbox 180 3928 1734 4003">
    <p class='ocr_par' dir='ltr' id='par_1_65' title="bbox 180 3928 1734 4003">
     <span class='ocr_line' id='line_1_65' title="bbox 180 3928 1734 4003; baseline -0.002 -19"><span class='ocrx_word' id='word_1_496' title='bbox 180 3930 304 4003; x_wconf 74' lang='grc' dir='ltr'><strong>ὅπερ</strong></span> <span class='ocrx_word' id='word_1_497' title='bbox 348 3934 646 3987; x_wconf 74' lang='grc' dir='ltr'><strong>ἀδύνατονο</strong></span> <span class='ocrx_word' id='word_1_498' title='bbox 678 3931 996 4002; x_wconf 73' lang='grc' dir='ltr'><strong>κινούμενον</strong></span> <span class='ocrx_word' id='word_1_499' title='bbox 1030 3929 1183 3984; x_wconf 70' lang='grc' dir='ltr'><strong>ἔσται</strong></span> <span class='ocrx_word' id='word_1_500' title='bbox 1228 3929 1465 3993; x_wconf 84' lang='grc' dir='ltr'><strong>πάντως,</strong></span> <span class='ocrx_word' id='word_1_501' title='bbox 1483 3928 1671 4000; x_wconf 84' lang='grc' dir='ltr'><strong>ὥσπερ</strong></span> <span class='ocrx_word' id='word_1_502' title='bbox 1704 3929 1734 3982; x_wconf 92' lang='lat'><strong>6</strong></span> 
     </span>
    </p>
   </div>
   <div class='ocr_carea' id='block_1_66' title="bbox 178 4016 1733 4096">
    <p class='ocr_par' dir='ltr' id='par_1_66' title="bbox 178 4016 1733 4096">
     <span class='ocr_line' id='line_1_66' title="bbox 178 4016 1733 4096; baseline -0.001 -19"><span class='ocrx_word' id='word_1_503' title='bbox 178 4022 405 4096; x_wconf 74' lang='grc' dir='ltr'><strong>οὐρανός.</strong></span> <span class='ocrx_word' id='word_1_504' title='bbox 433 4025 609 4079; x_wconf 85' lang='lat' dir='ltr'><strong>T0610</strong></span> <span class='ocrx_word' id='word_1_505' title='bbox 636 4023 745 4094; x_wconf 76' lang='grc' dir='ltr'><strong>γάρ</strong></span> <span class='ocrx_word' id='word_1_506' title='bbox 776 4024 1027 4094; x_wconf 81' lang='grc' dir='ltr'><strong>πέμπτον</strong></span> <span class='ocrx_word' id='word_1_507' title='bbox 1059 4020 1221 4092; x_wconf 84' lang='grc' dir='ltr'><strong>σῶμά</strong></span> <span class='ocrx_word' id='word_1_508' title='bbox 1262 4037 1419 4091; x_wconf 84' lang='grc' dir='ltr'><strong>φασι.</strong></span> <span class='ocrx_word' id='word_1_509' title='bbox 1457 4020 1555 4085; x_wconf 82' lang='grc' dir='ltr'><strong>Τίς</strong></span> <span class='ocrx_word' id='word_1_510' title='bbox 1588 4016 1682 4075; x_wconf 79' lang='grc' dir='ltr'><strong>οὖν</strong></span> <span class='ocrx_word' id='word_1_511' title='bbox 1705 4022 1733 4075; x_wconf 89' lang='lat'>6</span> 
     </span>
    </p>
   </div>
   <div class='ocr_carea' id='block_1_67' title="bbox 178 4109 1734 4186">
    <p class='ocr_par' dir='ltr' id='par_1_67' title="bbox 178 4109 1734 4186">
     <span class='ocr_line' id='line_1_67' title="bbox 178 4109 1734 4186; baseline -0.006 -14"><span class='ocrx_word' id='word_1_512' title='bbox 178 4116 321 4171; x_wconf 78' lang='grc' dir='ltr'><strong>τοῦτο</strong></span> <span class='ocrx_word' id='word_1_513' title='bbox 341 4117 557 4183; x_wconf 63' lang='lat' dir='ltr'><strong>atmiis;</strong></span> <span class='ocrx_word' id='word_1_514' title='bbox 593 4116 709 4170; x_wconf 81' lang='grc' dir='ltr'><strong>Πᾶν</strong></span> <span class='ocrx_word' id='word_1_515' title='bbox 732 4114 842 4186; x_wconf 79' lang='grc' dir='ltr'><strong>γὰρ</strong></span> <span class='ocrx_word' id='word_1_516' title='bbox 879 4113 1197 4182; x_wconf 82' lang='grc' dir='ltr'><strong>κινούμενον</strong></span> <span class='ocrx_word' id='word_1_517' title='bbox 1230 4112 1323 4180; x_wconf 78' lang='grc' dir='ltr'><strong>ὑφ’</strong></span> <span class='ocrx_word' id='word_1_518' title='bbox 1351 4109 1539 4182; x_wconf 77' lang='grc' dir='ltr'><strong>ἐτέρου</strong></span> <span class='ocrx_word' id='word_1_519' title='bbox 1569 4112 1734 4164; x_wconf 77' lang='grc' dir='ltr'><strong>κινεῖ-</strong></span> 
     </span>
    </p>
   </div>
   <div class='ocr_carea' id='block_1_68' title="bbox 180 4203 1732 4277">
    <p class='ocr_par' dir='ltr' id='par_1_68' title="bbox 180 4203 1732 4277">
     <span class='ocr_line' id='line_1_68' title="bbox 180 4203 1732 4277; baseline 0.003 -19"><span class='ocrx_word' id='word_1_520' title='bbox 180 4221 275 4261; x_wconf 87' lang='grc' dir='ltr'><strong>ται.</strong></span> <span class='ocrx_word' id='word_1_521' title='bbox 305 4208 557 4275; x_wconf 78' lang='grc' dir='ltr'><strong>Κάκεῖνο,</strong></span> <span class='ocrx_word' id='word_1_522' title='bbox 588 4207 706 4274; x_wconf 81' lang='grc' dir='ltr'><strong>τίς;</strong></span> <span class='ocrx_word' id='word_1_523' title='bbox 738 4207 848 4260; x_wconf 75' lang='grc' dir='ltr'><strong>Καὶ</strong></span> <span class='ocrx_word' id='word_1_524' title='bbox 880 4203 1040 4259; x_wconf 79' lang='grc' dir='ltr'><strong>τοῦτο</strong></span> <span class='ocrx_word' id='word_1_525' title='bbox 1095 4206 1176 4268; x_wconf 73' lang='grc' dir='ltr'><strong>εἰς</strong></span> <span class='ocrx_word' id='word_1_526' title='bbox 1220 4204 1485 4277; x_wconf 77' lang='grc' dir='ltr'><strong>ἄπειρον,</strong></span> <span class='ocrx_word' id='word_1_527' title='bbox 1518 4206 1623 4271; x_wconf 74' lang='grc' dir='ltr'><strong>ἕως</strong></span> <span class='ocrx_word' id='word_1_528' title='bbox 1664 4206 1732 4262; x_wconf 83' lang='grc' dir='ltr'><strong>ἂν</strong></span> 
     </span>
    </p>
   </div>
   <div class='ocr_carea' id='block_1_69' title="bbox 243 4377 978 4451">
    <p class='ocr_par' dir='ltr' id='par_1_69' title="bbox 243 4377 978 4451">
     <span class='ocr_line' id='line_1_69' title="bbox 243 4377 978 4451; baseline -0.001 -17"><span class='ocrx_word' id='word_1_529' title='bbox 243 4380 285 4410; x_wconf 78' lang='grc'><strong>³⁸</strong></span> <span class='ocrx_word' id='word_1_530' title='bbox 315 4378 472 4451; x_wconf 81' lang='lat' dir='ltr'><strong>Creg.</strong></span> <span class='ocrx_word' id='word_1_531' title='bbox 508 4377 642 4433; x_wconf 83' lang='lat' dir='ltr'><strong>Naz.</strong></span> <span class='ocrx_word' id='word_1_532' title='bbox 686 4388 824 4433; x_wconf 90' lang='lat' dir='ltr'><strong>orat.</strong></span> <span class='ocrx_word' id='word_1_533' title='bbox 887 4379 978 4434; x_wconf 74' lang='grc'><strong>54.</strong></span> 
     </span>
    </p>
   </div>
   <div class='ocr_carea' id='block_1_70' title="bbox 181 4468 1745 4544">
    <p class='ocr_par' dir='ltr' id='par_1_70' title="bbox 181 4468 1745 4544">
     <span class='ocr_line' id='line_1_70' title="bbox 181 4468 1745 4544; baseline 0.001 -21"><span class='ocrx_word' id='word_1_534' title='bbox 181 4468 295 4526; x_wconf 75' lang='lat' dir='ltr'><strong>Nn.</strong></span> <span class='ocrx_word' id='word_1_535' title='bbox 334 4482 467 4529; x_wconf 82' lang='lat' dir='ltr'><strong>orat.</strong></span> <span class='ocrx_word' id='word_1_536' title='bbox 496 4473 585 4541; x_wconf 74' lang='lat'><strong>32,</strong></span> <span class='ocrx_word' id='word_1_537' title='bbox 616 4471 706 4529; x_wconf 72' lang='grc' dir='ltr'><strong>δι.</strong></span> <span class='ocrx_word' id='word_1_538' title='bbox 788 4473 831 4505; x_wconf 82' lang='grc'>¹¹</span> <span class='ocrx_word' id='word_1_539' title='bbox 850 4470 1047 4531; x_wconf 84' lang='lat' dir='ltr'><strong>Jerem.</strong></span> <span class='ocrx_word' id='word_1_540' title='bbox 1086 4489 1241 4540; x_wconf 69' lang='grc' dir='ltr'><strong>χχιιι,</strong></span> <span class='ocrx_word' id='word_1_541' title='bbox 1271 4472 1360 4528; x_wconf 65' lang='lat'><strong>25.</strong></span> <span class='ocrx_word' id='word_1_542' title='bbox 1438 4473 1482 4504; x_wconf 83' lang='lat'><strong>’°</strong></span> <span class='ocrx_word' id='word_1_543' title='bbox 1509 4472 1669 4544; x_wconf 84' lang='lat' dir='ltr'><strong>Grcg.</strong></span> <span class='ocrx_word' id='word_1_544' title='bbox 1690 4470 1745 4527; x_wconf 69' lang='lat' dir='ltr'><strong>N:</strong></span> 
     </span>
    </p>
   </div>
   <div class='ocr_carea' id='block_1_71' title="bbox 1857 4468 2091 4544">
    <p class='ocr_par' dir='ltr' id='par_1_71' title="bbox 1865 4473 2091 4529">
     <span class='ocr_line' id='line_1_71' title="bbox 1865 4473 2091 4529; baseline 0.004 -3"><span class='ocrx_word' id='word_1_545' title='bbox 1865 4473 1972 4529; x_wconf 91' lang='lat' dir='ltr'><strong>loc.</strong></span> <span class='ocrx_word' id='word_1_546' title='bbox 1997 4481 2091 4527; x_wconf 84' lang='lat' dir='ltr'><strong>ett.</strong></span> 
     </span>
    </p>
   </div>
   <div class='ocr_carea' id='block_1_72' title="bbox 1845 3010 3417 3084">
    <p class='ocr_par' dir='ltr' id='par_1_72' title="bbox 1845 3010 3417 3084">
     <span class='ocr_line' id='line_1_72' title="bbox 1845 3010 3417 3084; baseline 0.004 -17"><span class='ocrx_word' id='word_1_547' title='bbox 1845 3013 1971 3079; x_wconf 90' lang='lat' dir='ltr'><strong>erit,</strong></span> <span class='ocrx_word' id='word_1_548' title='bbox 2003 3010 2152 3083; x_wconf 89' lang='lat' dir='ltr'><strong>quod</strong></span> <span class='ocrx_word' id='word_1_549' title='bbox 2189 3011 2335 3069; x_wconf 89' lang='lat' dir='ltr'><strong>Deus</strong></span> <span class='ocrx_word' id='word_1_550' title='bbox 2378 3014 2566 3068; x_wconf 88' lang='lat' dir='ltr'><strong>omnia</strong></span> <span class='ocrx_word' id='word_1_551' title='bbox 2608 3014 2875 3084; x_wconf 82' lang='lat' dir='ltr'><strong>pervadat</strong></span> <span class='ocrx_word' id='word_1_552' title='bbox 2905 3023 2961 3069; x_wconf 86' lang='lat' dir='ltr'><strong>et</strong></span> <span class='ocrx_word' id='word_1_553' title='bbox 2990 3014 3235 3084; x_wconf 88' lang='lat' dir='ltr'><strong>impleat,</strong></span> <span class='ocrx_word' id='word_1_554' title='bbox 3268 3016 3417 3073; x_wconf 82' lang='lat' dir='ltr'><strong>sicut</strong></span> 
     </span>
    </p>
   </div>
   <div class='ocr_carea' id='block_1_73' title="bbox 1845 3102 3421 3177">
    <p class='ocr_par' dir='ltr' id='par_1_73' title="bbox 1845 3102 3421 3177">
     <span class='ocr_line' id='line_1_73' title="bbox 1845 3102 3421 3177; baseline 0.004 -19"><span class='ocrx_word' id='word_1_555' title='bbox 1845 3104 1924 3159; x_wconf 87' lang='lat' dir='ltr'><strong>ait</strong></span> <span class='ocrx_word' id='word_1_556' title='bbox 1956 3102 2246 3174; x_wconf 88' lang='lat' dir='ltr'><strong>Scriptura</strong></span> <span class='ocrx_word' id='word_1_557' title='bbox 2275 3121 2288 3158; x_wconf 92' lang='lat'>:</span> <span class='ocrx_word' id='word_1_558' title='bbox 2333 3103 2523 3159; x_wconf 80' lang='lat' dir='ltr'><strong>Nonne</strong></span> <span class='ocrx_word' id='word_1_559' title='bbox 2551 3104 2737 3159; x_wconf 75' lang='lat' dir='ltr'><strong>caelum</strong></span> <span class='ocrx_word' id='word_1_560' title='bbox 2761 3113 2811 3159; x_wconf 83' lang='lat' dir='ltr'><strong>et</strong></span> <span class='ocrx_word' id='word_1_561' title='bbox 2851 3114 3048 3161; x_wconf 86' lang='lat' dir='ltr'><strong>terram</strong></span> <span class='ocrx_word' id='word_1_562' title='bbox 3081 3122 3174 3175; x_wconf 87' lang='lat' dir='ltr'><strong>ego</strong></span> <span class='ocrx_word' id='word_1_563' title='bbox 3207 3107 3421 3177; x_wconf 83' lang='lat' dir='ltr'><strong>impleo,</strong></span> 
     </span>
    </p>
   </div>
   <div class='ocr_carea' id='block_1_74' title="bbox 1843 3198 3422 3271">
    <p class='ocr_par' dir='ltr' id='par_1_74' title="bbox 1843 3198 3422 3271">
     <span class='ocr_line' id='line_1_74' title="bbox 1843 3198 3422 3271; baseline 0.004 -18"><span class='ocrx_word' id='word_1_564' title='bbox 1843 3199 1971 3254; x_wconf 80' lang='lat' dir='ltr'><strong>dicit</strong></span> <span class='ocrx_word' id='word_1_565' title='bbox 2012 3199 2266 3255; x_wconf 81' lang='lat' dir='ltr'><strong>Dominus</strong></span> <span class='ocrx_word' id='word_1_566' title='bbox 2297 3200 2338 3233; x_wconf 82' lang='grc'><strong>¹⁹</strong></span> <span class='ocrx_word' id='word_1_567' title='bbox 2365 3200 2388 3254; x_wconf 86' lang='lat'><strong>?</strong></span> <span class='ocrx_word' id='word_1_568' title='bbox 2411 3198 2600 3271; x_wconf 84' lang='lat' dir='ltr'><strong>Neque</strong></span> <span class='ocrx_word' id='word_1_569' title='bbox 2628 3202 2776 3256; x_wconf 88' lang='lat' dir='ltr'><strong>enim</strong></span> <span class='ocrx_word' id='word_1_570' title='bbox 2800 3200 2916 3257; x_wconf 80' lang='lat' dir='ltr'><strong>ﬁeri</strong></span> <span class='ocrx_word' id='word_1_571' title='bbox 2936 3202 3173 3271; x_wconf 79' lang='lat' dir='ltr'><strong>possit&quot;</strong></span> <span class='ocrx_word' id='word_1_572' title='bbox 3210 3213 3270 3256; x_wconf 86' lang='lat' dir='ltr'><strong>ut</strong></span> <span class='ocrx_word' id='word_1_573' title='bbox 3293 3218 3422 3258; x_wconf 90' lang='lat' dir='ltr'><strong>cor-</strong></span> 
     </span>
    </p>
   </div>
   <div class='ocr_carea' id='block_1_75' title="bbox 1843 3294 3423 3365">
    <p class='ocr_par' dir='ltr' id='par_1_75' title="bbox 1843 3294 3423 3365">
     <span class='ocr_line' id='line_1_75' title="bbox 1843 3294 3423 3365; baseline 0.003 -19"><span class='ocrx_word' id='word_1_574' title='bbox 1843 3307 1947 3360; x_wconf 90' lang='lat' dir='ltr'><strong>pus</strong></span> <span class='ocrx_word' id='word_1_575' title='bbox 1996 3307 2231 3363; x_wconf 89' lang='lat' dir='ltr'><strong>corpora</strong></span> <span class='ocrx_word' id='word_1_576' title='bbox 2276 3302 2556 3364; x_wconf 88' lang='lat' dir='ltr'><strong>permeet,</strong></span> <span class='ocrx_word' id='word_1_577' title='bbox 2608 3294 2742 3365; x_wconf 90' lang='lat' dir='ltr'><strong>quin</strong></span> <span class='ocrx_word' id='word_1_578' title='bbox 2782 3294 2947 3350; x_wconf 90' lang='lat' dir='ltr'><strong>simul</strong></span> <span class='ocrx_word' id='word_1_579' title='bbox 2981 3302 3037 3350; x_wconf 87' lang='lat' dir='ltr'><strong>et</strong></span> <span class='ocrx_word' id='word_1_580' title='bbox 3088 3294 3325 3361; x_wconf 83' lang='lat' dir='ltr'><strong>dividat,</strong></span> <span class='ocrx_word' id='word_1_581' title='bbox 3364 3307 3423 3351; x_wconf 87' lang='lat' dir='ltr'><strong>et</strong></span> 
     </span>
    </p>
   </div>
   <div class='ocr_carea' id='block_1_76' title="bbox 1842 3385 3421 3459">
    <p class='ocr_par' dir='ltr' id='par_1_76' title="bbox 1842 3385 3421 3459">
     <span class='ocr_line' id='line_1_76' title="bbox 1842 3385 3421 3459; baseline 0.005 -19"><span class='ocrx_word' id='word_1_582' title='bbox 1842 3385 2139 3449; x_wconf 84' lang='lat' dir='ltr'><strong>dividatur,</strong></span> <span class='ocrx_word' id='word_1_583' title='bbox 2168 3385 2667 3457; x_wconf 87' lang='lat' dir='ltr'><strong>complicetnrque,</strong></span> <span class='ocrx_word' id='word_1_584' title='bbox 2698 3396 2754 3444; x_wconf 88' lang='lat' dir='ltr'><strong>et</strong></span> <span class='ocrx_word' id='word_1_585' title='bbox 2787 3396 3104 3459; x_wconf 89' lang='lat' dir='ltr'><strong>opponatur</strong></span> <span class='ocrx_word' id='word_1_586' title='bbox 3136 3404 3235 3458; x_wconf 91' lang='lat' dir='ltr'><strong>per</strong></span> <span class='ocrx_word' id='word_1_587' title='bbox 3262 3389 3421 3459; x_wconf 80' lang='lat' dir='ltr'><strong>juxta</strong></span> 
     </span>
    </p>
   </div>
   <div class='ocr_carea' id='block_1_77' title="bbox 1841 3478 3423 3552">
    <p class='ocr_par' dir='ltr' id='par_1_77' title="bbox 1841 3478 3423 3552">
     <span class='ocr_line' id='line_1_77' title="bbox 1841 3478 3423 3552; baseline 0.005 -21"><span class='ocrx_word' id='word_1_588' title='bbox 1841 3478 2271 3548; x_wconf 81' lang='lat' dir='ltr'><strong>Oppositionem,</strong></span> <span class='ocrx_word' id='word_1_589' title='bbox 2324 3486 2385 3533; x_wconf 90' lang='lat' dir='ltr'><strong>ut</strong></span> <span class='ocrx_word' id='word_1_590' title='bbox 2432 3479 2785 3550; x_wconf 73' lang='lat' dir='ltr'><strong>loquuntur;</strong></span> <span class='ocrx_word' id='word_1_591' title='bbox 2852 3481 3315 3552; x_wconf 87' lang='lat' dir='ltr'><strong>quemadmodum</strong></span> <span class='ocrx_word' id='word_1_592' title='bbox 3349 3484 3423 3539; x_wconf 85' lang='lat' dir='ltr'><strong>li-</strong></span> 
     </span>
    </p>
   </div>
   <div class='ocr_carea' id='block_1_78' title="bbox 1841 3571 3420 3642">
    <p class='ocr_par' dir='ltr' id='par_1_78' title="bbox 1841 3571 3420 3642">
     <span class='ocr_line' id='line_1_78' title="bbox 1841 3571 3420 3642; baseline 0.006 -19"><span class='ocrx_word' id='word_1_593' title='bbox 1841 3571 2007 3642; x_wconf 86' lang='lat' dir='ltr'><strong>quida</strong></span> <span class='ocrx_word' id='word_1_594' title='bbox 2069 3571 2257 3627; x_wconf 90' lang='lat' dir='ltr'><strong>omnia</strong></span> <span class='ocrx_word' id='word_1_595' title='bbox 2316 3586 2442 3627; x_wconf 89' lang='lat' dir='ltr'><strong>cum</strong></span> <span class='ocrx_word' id='word_1_596' title='bbox 2496 3572 2644 3630; x_wconf 86' lang='lat' dir='ltr'><strong>inter</strong></span> <span class='ocrx_word' id='word_1_597' title='bbox 2715 3587 2775 3629; x_wconf 89' lang='lat' dir='ltr'><strong>se</strong></span> <span class='ocrx_word' id='word_1_598' title='bbox 2816 3574 3124 3631; x_wconf 89' lang='lat' dir='ltr'><strong>miscentur</strong></span> <span class='ocrx_word' id='word_1_599' title='bbox 3164 3588 3230 3631; x_wconf 88' lang='lat' dir='ltr'><strong>ac</strong></span> <span class='ocrx_word' id='word_1_600' title='bbox 3272 3583 3420 3631; x_wconf 86' lang='lat' dir='ltr'><strong>tem-</strong></span> 
     </span>
    </p>
   </div>
   <div class='ocr_carea' id='block_1_79' title="bbox 1842 3670 2129 3733">
    <p class='ocr_par' dir='ltr' id='par_1_79' title="bbox 1842 3670 2129 3733">
     <span class='ocr_line' id='line_1_79' title="bbox 1842 3670 2129 3733; baseline -0.007 -16"><span class='ocrx_word' id='word_1_601' title='bbox 1842 3670 2129 3733; x_wconf 89' lang='lat' dir='ltr'><strong>perantur.</strong></span> 
     </span>
    </p>
   </div>
   <div class='ocr_carea' id='block_1_80' title="bbox 1913 3753 3419 3824">
    <p class='ocr_par' dir='ltr' id='par_1_80' title="bbox 1913 3753 3419 3824">
     <span class='ocr_line' id='line_1_80' title="bbox 1913 3753 3419 3824; baseline 0.002 -16"><span class='ocrx_word' id='word_1_602' title='bbox 1913 3753 2119 3824; x_wconf 84' lang='lat' dir='ltr'><strong>Corpus</strong></span> <span class='ocrx_word' id='word_1_603' title='bbox 2150 3753 2313 3808; x_wconf 78' lang='grc' dir='ltr'><strong>άῦλον</strong></span> <span class='ocrx_word' id='word_1_604' title='bbox 2354 3762 2403 3808; x_wconf 84' lang='lat' dir='ltr'><strong>et</strong></span> <span class='ocrx_word' id='word_1_605' title='bbox 2449 3754 2635 3823; x_wconf 83' lang='lat' dir='ltr'><strong>quinta</strong></span> <span class='ocrx_word' id='word_1_606' title='bbox 2686 3754 2991 3809; x_wconf 79' lang='lat' dir='ltr'><strong>substantia</strong></span> <span class='ocrx_word' id='word_1_607' title='bbox 3034 3754 3419 3824; x_wconf 81' lang='lat' dir='ltr'><strong>Peripatetico-</strong></span> 
     </span>
    </p>
   </div>
   <div class='ocr_carea' id='block_1_81' title="bbox 1841 3840 3419 3914">
    <p class='ocr_par' dir='ltr' id='par_1_81' title="bbox 1841 3840 3419 3914">
     <span class='ocr_line' id='line_1_81' title="bbox 1841 3840 3419 3914; baseline 0.004 -19"><span class='ocrx_word' id='word_1_608' title='bbox 1841 3859 1979 3897; x_wconf 87' lang='lat' dir='ltr'><strong>rum.</strong></span> <span class='ocrx_word' id='word_1_609' title='bbox 2009 3840 2255 3908; x_wconf 84' lang='lat' dir='ltr'><strong>—Quod</strong></span> <span class='ocrx_word' id='word_1_610' title='bbox 2294 3842 2340 3898; x_wconf 90' lang='lat' dir='ltr'><strong>si</strong></span> <span class='ocrx_word' id='word_1_611' title='bbox 2391 3842 2617 3911; x_wconf 89' lang='lat' dir='ltr'><strong>quidam</strong></span> <span class='ocrx_word' id='word_1_612' title='bbox 2642 3841 3011 3907; x_wconf 90' lang='lat' dir='ltr'><strong>contendunt,</strong></span> <span class='ocrx_word' id='word_1_613' title='bbox 3054 3843 3158 3899; x_wconf 83' lang='lat' dir='ltr'><strong>hoc</strong></span> <span class='ocrx_word' id='word_1_614' title='bbox 3210 3858 3419 3914; x_wconf 88' lang='lat' dir='ltr'><strong>corpus</strong></span> 
     </span>
    </p>
   </div>
   <div class='ocr_carea' id='block_1_82' title="bbox 1842 3932 3416 4003">
    <p class='ocr_par' dir='ltr' id='par_1_82' title="bbox 1842 3932 3416 4003">
     <span class='ocr_line' id='line_1_82' title="bbox 1842 3932 3416 4003; baseline 0.001 -16"><span class='ocrx_word' id='word_1_615' title='bbox 1842 3932 2207 3987; x_wconf 89' lang='lat' dir='ltr'><strong>immateriale</strong></span> <span class='ocrx_word' id='word_1_616' title='bbox 2258 3947 2405 3997; x_wconf 89' lang='lat' dir='ltr'><strong>esse,</strong></span> <span class='ocrx_word' id='word_1_617' title='bbox 2448 3948 2558 3987; x_wconf 90' lang='lat' dir='ltr'><strong>non</strong></span> <span class='ocrx_word' id='word_1_618' title='bbox 2604 3947 2771 3987; x_wconf 82' lang='lat' dir='ltr'><strong>secus</strong></span> <span class='ocrx_word' id='word_1_619' title='bbox 2810 3941 2976 4003; x_wconf 90' lang='lat' dir='ltr'><strong>atque</strong></span> <span class='ocrx_word' id='word_1_620' title='bbox 3022 3948 3225 4003; x_wconf 87' lang='lat' dir='ltr'><strong>corpus</strong></span> <span class='ocrx_word' id='word_1_621' title='bbox 3253 3934 3416 4001; x_wconf 82' lang='lat' dir='ltr'><strong>illud,</strong></span> 
     </span>
    </p>
   </div>
   <div class='ocr_carea' id='block_1_83' title="bbox 1840 4022 3435 4095">
    <p class='ocr_par' dir='ltr' id='par_1_83' title="bbox 1840 4022 3435 4095">
     <span class='ocr_line' id='line_1_83' title="bbox 1840 4022 3435 4095; baseline 0.002 -18"><span class='ocrx_word' id='word_1_622' title='bbox 1840 4023 1988 4093; x_wconf 90' lang='lat' dir='ltr'><strong>quod</strong></span> <span class='ocrx_word' id='word_1_623' title='bbox 2017 4023 2332 4079; x_wconf 72' lang='lat' dir='ltr'><strong>Grtecorum</strong></span> <span class='ocrx_word' id='word_1_624' title='bbox 2355 4022 2636 4093; x_wconf 87' lang='lat' dir='ltr'><strong>sapientes</strong></span> <span class='ocrx_word' id='word_1_625' title='bbox 2660 4022 2916 4091; x_wconf 88' lang='lat' dir='ltr'><strong>quintum</strong></span> <span class='ocrx_word' id='word_1_626' title='bbox 2946 4024 3225 4093; x_wconf 86' lang='lat' dir='ltr'><strong>appellant</strong></span> <span class='ocrx_word' id='word_1_627' title='bbox 3248 4024 3435 4095; x_wconf 89' lang='lat' dir='ltr'><strong>(quod</strong></span> 
     </span>
    </p>
   </div>
   <div class='ocr_carea' id='block_1_84' title="bbox 1839 4113 3416 4184">
    <p class='ocr_par' dir='ltr' id='par_1_84' title="bbox 1839 4113 3416 4184">
     <span class='ocr_line' id='line_1_84' title="bbox 1839 4113 3416 4184; baseline 0.004 -18"><span class='ocrx_word' id='word_1_628' title='bbox 1839 4114 2060 4183; x_wconf 87' lang='lat' dir='ltr'><strong>quidem</strong></span> <span class='ocrx_word' id='word_1_629' title='bbox 2096 4129 2223 4171; x_wconf 90' lang='lat' dir='ltr'><strong>esse</strong></span> <span class='ocrx_word' id='word_1_630' title='bbox 2271 4114 2488 4184; x_wconf 83' lang='lat' dir='ltr'><strong>nequit)</strong></span> <span class='ocrx_word' id='word_1_631' title='bbox 2521 4113 2831 4169; x_wconf 89' lang='lat' dir='ltr'><strong>movebitur</strong></span> <span class='ocrx_word' id='word_1_632' title='bbox 2871 4122 3024 4169; x_wconf 88' lang='lat' dir='ltr'><strong>certe</strong></span> <span class='ocrx_word' id='word_1_633' title='bbox 3058 4115 3135 4170; x_wconf 92' lang='lat' dir='ltr'><strong>uti</strong></span> <span class='ocrx_word' id='word_1_634' title='bbox 3188 4115 3416 4173; x_wconf 74' lang='lat' dir='ltr'><strong>cmlum.</strong></span> 
     </span>
    </p>
   </div>
   <div class='ocr_carea' id='block_1_85' title="bbox 1841 4206 3413 4278">
    <p class='ocr_par' dir='ltr' id='par_1_85' title="bbox 1841 4206 3413 4278">
     <span class='ocr_line' id='line_1_85' title="bbox 1841 4206 3413 4278; baseline 0.004 -18"><span class='ocrx_word' id='word_1_635' title='bbox 1841 4206 1957 4262; x_wconf 78' lang='lat' dir='ltr'><strong>Hoc</strong></span> <span class='ocrx_word' id='word_1_636' title='bbox 1994 4208 2142 4263; x_wconf 88' lang='lat' dir='ltr'><strong>enim</strong></span> <span class='ocrx_word' id='word_1_637' title='bbox 2189 4214 2296 4273; x_wconf 91' lang='lat' dir='ltr'><strong>est,</strong></span> <span class='ocrx_word' id='word_1_638' title='bbox 2344 4207 2492 4278; x_wconf 91' lang='lat' dir='ltr'><strong>quod</strong></span> <span class='ocrx_word' id='word_1_639' title='bbox 2539 4206 2799 4278; x_wconf 89' lang='lat' dir='ltr'><strong>quintum</strong></span> <span class='ocrx_word' id='word_1_640' title='bbox 2859 4221 3064 4277; x_wconf 88' lang='lat' dir='ltr'><strong>corpus</strong></span> <span class='ocrx_word' id='word_1_641' title='bbox 3104 4216 3305 4264; x_wconf 86' lang='lat' dir='ltr'><strong>vocant</strong></span> <span class='ocrx_word' id='word_1_642' title='bbox 3344 4209 3413 4267; x_wconf 83' lang='lat'><strong>&quot;.</strong></span> 
     </span>
    </p>
   </div>
   <div class='ocr_carea' id='block_1_86' title="bbox 1086 4377 1745 4453">
    <p class='ocr_par' dir='ltr' id='par_1_86' title="bbox 1086 4377 1745 4434">
     <span class='ocr_line' id='line_1_86' title="bbox 1086 4377 1745 4434; baseline -0.003 1"><span class='ocrx_word' id='word_1_643' title='bbox 1086 4382 1123 4411; x_wconf 83' lang='lat'>&quot;</span> <span class='ocrx_word' id='word_1_644' title='bbox 1171 4378 1373 4434; x_wconf 83' lang='lat' dir='ltr'><strong>Athan.</strong></span> <span class='ocrx_word' id='word_1_645' title='bbox 1431 4377 1509 4433; x_wconf 85' lang='lat' dir='ltr'><strong>De</strong></span> <span class='ocrx_word' id='word_1_646' title='bbox 1539 4379 1745 4433; x_wconf 80' lang='lat' dir='ltr'><strong>incum.</strong></span> 
     </span>
    </p>
   </div>
   <div class='ocr_carea' id='block_1_87' title="bbox 1857 4377 3416 4453">
    <p class='ocr_par' dir='ltr' id='par_1_87' title="bbox 1857 4378 3416 4453">
     <span class='ocr_line' id='line_1_87' title="bbox 1857 4378 3416 4453; baseline 0.004 -21"><span class='ocrx_word' id='word_1_647' title='bbox 1857 4378 1983 4443; x_wconf 79' lang='lat' dir='ltr'><strong>erbi,</strong></span> <span class='ocrx_word' id='word_1_648' title='bbox 2054 4388 2176 4450; x_wconf 86' lang='lat' dir='ltr'><strong>post</strong></span> <span class='ocrx_word' id='word_1_649' title='bbox 2232 4380 2389 4446; x_wconf 86' lang='lat' dir='ltr'><strong>init.;</strong></span> <span class='ocrx_word' id='word_1_650' title='bbox 2448 4379 2610 4452; x_wconf 69' lang='grc' dir='ltr'><strong>(ξι-οε.</strong></span> <span class='ocrx_word' id='word_1_651' title='bbox 2660 4378 2790 4435; x_wconf 83' lang='lat' dir='ltr'><strong>Naz.</strong></span> <span class='ocrx_word' id='word_1_652' title='bbox 2842 4388 2984 4436; x_wconf 88' lang='lat' dir='ltr'><strong>orat.</strong></span> <span class='ocrx_word' id='word_1_653' title='bbox 3008 4381 3099 4437; x_wconf 74' lang='grc'><strong>54.</strong></span> <span class='ocrx_word' id='word_1_654' title='bbox 3176 4383 3218 4415; x_wconf 84' lang='grc'><strong>¹⁸</strong></span> <span class='ocrx_word' id='word_1_655' title='bbox 3250 4383 3416 4453; x_wconf 74' lang='lat' dir='ltr'><strong>Greg.</strong></span> 
     </span>
    </p>
   </div>
   <div class='ocr_carea' id='block_1_88' title="bbox 2191 4472 2501 4528">
    <p class='ocr_par' dir='ltr' id='par_1_88' title="bbox 2191 4472 2501 4528">
     <span class='ocr_line' id='line_1_88' title="bbox 2191 4472 2501 4528; baseline 0 0"><span class='ocrx_word' id='word_1_656' title='bbox 2191 4474 2231 4505; x_wconf 84' lang='grc'><strong>²¹</strong></span> <span class='ocrx_word' id='word_1_657' title='bbox 2260 4472 2335 4528; x_wconf 88' lang='lat' dir='ltr'><strong>Id.</strong></span> <span class='ocrx_word' id='word_1_658' title='bbox 2371 4472 2501 4528; x_wconf 88' lang='lat' dir='ltr'><strong>ibid.</strong></span> 
     </span>
    </p>
   </div>
   <div class='ocr_carea' id='block_1_89' title="bbox 1434 4613 2119 4672">
    <p class='ocr_par' dir='ltr' id='par_1_89' title="bbox 1434 4613 2119 4672">
     <span class='ocr_line' id='line_1_89' title="bbox 1434 4613 2119 4672; baseline 0.009 -7"><span class='ocrx_word' id='word_1_659' title='bbox 1434 4613 1669 4670; x_wconf 65' lang='lat' dir='ltr'><strong>VARIA‘I</strong></span> <span class='ocrx_word' id='word_1_660' title='bbox 1710 4613 2119 4672; x_wconf 81' lang='lat' dir='ltr'><strong>LECTIONES.</strong></span> 
     </span>
    </p>
   </div>
   <div class='ocr_carea' id='block_1_90' title="bbox 245 4707 3411 4783">
    <p class='ocr_par' dir='ltr' id='par_1_90' title="bbox 245 4707 3411 4783">
     <span class='ocr_line' id='line_1_90' title="bbox 245 4707 3411 4783; baseline -0.001 -18"><span class='ocrx_word' id='word_1_661' title='bbox 245 4713 261 4753; x_wconf 72' lang='grc' dir='ltr'>ί</span> <span class='ocrx_word' id='word_1_662' title='bbox 290 4711 424 4783; x_wconf 75' lang='lat' dir='ltr'><strong>Reg.</strong></span> <span class='ocrx_word' id='word_1_663' title='bbox 455 4711 617 4776; x_wconf 77' lang='lat'><strong>3319,</strong></span> <span class='ocrx_word' id='word_1_664' title='bbox 646 4713 708 4765; x_wconf 84' lang='lat'><strong>16</strong></span> <span class='ocrx_word' id='word_1_665' title='bbox 732 4712 885 4765; x_wconf 81' lang='grc' dir='ltr'><strong>Θεῐον</strong></span> <span class='ocrx_word' id='word_1_666' title='bbox 905 4711 1198 4783; x_wconf 83' lang='grc' dir='ltr'><strong>ἀσώματόν</strong></span> <span class='ocrx_word' id='word_1_667' title='bbox 1223 4712 1358 4783; x_wconf 64' lang='grc' dir='ltr'><strong>ἐστι.</strong></span> <span class='ocrx_word' id='word_1_668' title='bbox 1440 4710 1679 4783; x_wconf 83' lang='lat' dir='ltr'><strong>i_Edita,</strong></span> <span class='ocrx_word' id='word_1_669' title='bbox 1711 4720 1765 4766; x_wconf 87' lang='lat' dir='ltr'><strong>et</strong></span> <span class='ocrx_word' id='word_1_670' title='bbox 1794 4709 2135 4783; x_wconf 78' lang='lat' dir='ltr'><strong>omnesl&#39;ere</strong></span> <span class='ocrx_word' id='word_1_671' title='bbox 2184 4709 2423 4783; x_wconf 77' lang='lat' dir='ltr'><strong>codices.</strong></span> <span class='ocrx_word' id='word_1_672' title='bbox 2458 4710 2676 4783; x_wconf 76' lang='grc' dir='ltr'><strong>σεπτὸν.</strong></span> <span class='ocrx_word' id='word_1_673' title='bbox 2710 4709 2787 4764; x_wconf 91' lang='lat' dir='ltr'><strong>Ita</strong></span> <span class='ocrx_word' id='word_1_674' title='bbox 2825 4707 3411 4783; x_wconf 17' lang='lat' dir='ltr'><strong>Gregorius‘Nazianz.</strong></span> 
     </span>
    </p>
   </div>
   <div class='ocr_carea' id='block_1_91' title="bbox 179 4778 3420 4852">
    <p class='ocr_par' dir='ltr' id='par_1_91' title="bbox 179 4778 3420 4852">
     <span class='ocr_line' id='line_1_91' title="bbox 179 4778 3420 4852; baseline -0.002 -17"><span class='ocrx_word' id='word_1_675' title='bbox 179 4778 422 4846; x_wconf 52' lang='lat' dir='ltr'><strong>oratu“.</strong></span> <span class='ocrx_word' id='word_1_676' title='bbox 448 4798 518 4852; x_wconf 77' lang='lat' dir='ltr'><strong>ex</strong></span> <span class='ocrx_word' id='word_1_677' title='bbox 541 4798 649 4852; x_wconf 88' lang='lat' dir='ltr'><strong>qna</strong></span> <span class='ocrx_word' id='word_1_678' title='bbox 679 4783 794 4837; x_wconf 69' lang='lat' dir='ltr'><strong>haec</strong></span> <span class='ocrx_word' id='word_1_679' title='bbox 817 4778 1040 4852; x_wconf 74' lang='lat' dir='ltr'><strong>sumpta</strong></span> <span class='ocrx_word' id='word_1_680' title='bbox 1062 4788 1212 4836; x_wconf 83' lang='lat' dir='ltr'><strong>sunt.</strong></span> <span class='ocrx_word' id='word_1_681' title='bbox 1251 4778 1424 4852; x_wconf 66' lang='lat' dir='ltr'><strong>Vetus</strong></span> <span class='ocrx_word' id='word_1_682' title='bbox 1473 4781 1703 4852; x_wconf 76' lang='lat' dir='ltr'><strong>interpr.</strong></span> <span class='ocrx_word' id='word_1_683' title='bbox 1765 4780 2057 4852; x_wconf 72' lang='lat' dir='ltr'><strong>venerabile</strong></span> <span class='ocrx_word' id='word_1_684' title='bbox 2103 4789 2205 4834; x_wconf 84' lang='lat' dir='ltr'><strong>est.</strong></span> <span class='ocrx_word' id='word_1_685' title='bbox 2268 4778 2374 4833; x_wconf 85' lang='lat' dir='ltr'><strong>Sed</strong></span> <span class='ocrx_word' id='word_1_686' title='bbox 2433 4779 2690 4852; x_wconf 86' lang='lat' dir='ltr'><strong>vi_tiosum</strong></span> <span class='ocrx_word' id='word_1_687' title='bbox 2736 4794 2859 4852; x_wconf 79' lang='lat' dir='ltr'><strong>esse</strong></span> <span class='ocrx_word' id='word_1_688' title='bbox 2891 4780 3147 4852; x_wconf 58' lang='lat' dir='ltr'><strong>gregarii</strong></span> <span class='ocrx_word' id='word_1_689' title='bbox 3201 4786 3420 4838; x_wconf 82' lang='lat' dir='ltr'><strong>textum</strong></span> 
     </span>
    </p>
   </div>
   <div class='ocr_carea' id='block_1_92' title="bbox 171 4846 3413 4921">
    <p class='ocr_par' dir='ltr' id='par_1_92' title="bbox 171 4846 3413 4921">
     <span class='ocr_line' id='line_1_92' title="bbox 171 4846 3413 4921; baseline -0.001 -15"><span class='ocrx_word' id='word_1_690' title='bbox 171 4860 407 4921; x_wconf 77' lang='lat' dir='ltr'><strong>autumat</strong></span> <span class='ocrx_word' id='word_1_691' title='bbox 430 4846 814 4914; x_wconf 52' lang='lat' dir='ltr'><strong>Com&#39;betisius.</strong></span> <span class='ocrx_word' id='word_1_692' title='bbox 848 4846 1242 4921; x_wconf 75' lang='lat' dir='ltr'><strong>legendumque</strong></span> <span class='ocrx_word' id='word_1_693' title='bbox 1275 4850 1379 4921; x_wconf 56' lang='lat' dir='ltr'><strong>lure</strong></span> <span class='ocrx_word' id='word_1_694' title='bbox 1416 4851 1470 4904; x_wconf 92' lang='lat' dir='ltr'><strong>in</strong></span> <span class='ocrx_word' id='word_1_695' title='bbox 1502 4846 1681 4920; x_wconf 71' lang='lat' dir='ltr'><strong>capﬂe</strong></span> <span class='ocrx_word' id='word_1_696' title='bbox 1704 4850 1847 4921; x_wconf 87' lang='lat' dir='ltr'><strong>apud</strong></span> <span class='ocrx_word' id='word_1_697' title='bbox 1882 4850 2279 4921; x_wconf 59' lang='lat' dir='ltr'><strong>Damascenum</strong></span> <span class='ocrx_word' id='word_1_698' title='bbox 2310 4864 2434 4921; x_wconf 79' lang='lat' dir='ltr'><strong>cum</strong></span> <span class='ocrx_word' id='word_1_699' title='bbox 2461 4846 2639 4904; x_wconf 90' lang='lat' dir='ltr'><strong>Fabro</strong></span> <span class='ocrx_word' id='word_1_700' title='bbox 2664 4857 2719 4905; x_wconf 87' lang='lat' dir='ltr'><strong>et</strong></span> <span class='ocrx_word' id='word_1_701' title='bbox 2742 4846 2946 4907; x_wconf 87' lang='lat' dir='ltr'><strong>cod.S.</strong></span> <span class='ocrx_word' id='word_1_702' title='bbox 2975 4846 3083 4904; x_wconf 81' lang='lat' dir='ltr'><strong>Hii.</strong></span> <span class='ocrx_word' id='word_1_703' title='bbox 3117 4849 3413 4920; x_wconf 82' lang='grc' dir='ltr'><strong>ἄτρεπτον.</strong></span> 
     </span>
    </p>
   </div>
   <div class='ocr_carea' id='block_1_93' title="bbox 169 4918 2567 4995">
    <p class='ocr_par' dir='ltr' id='par_1_93' title="bbox 169 4918 2567 4995">
     <span class='ocr_line' id='line_1_93' title="bbox 169 4918 2567 4995; baseline -0.002 -20"><span class='ocrx_word' id='word_1_704' title='bbox 169 4920 367 4977; x_wconf 73' lang='lat' dir='ltr'><strong>Favent</strong></span> <span class='ocrx_word' id='word_1_705' title='bbox 390 4924 541 4995; x_wconf 62' lang='lat' dir='ltr'><strong>Regii</strong></span> <span class='ocrx_word' id='word_1_706' title='bbox 569 4932 702 4987; x_wconf 89' lang='lat' dir='ltr'><strong>tres,</strong></span> <span class='ocrx_word' id='word_1_707' title='bbox 739 4918 980 4977; x_wconf 54' lang='lat' dir='ltr'><strong>Colbfet</strong></span> <span class='ocrx_word' id='word_1_708' title='bbox 1008 4918 1253 4975; x_wconf 19' lang='lat' dir='ltr'><strong>Iiber’De</strong></span> <span class='ocrx_word' id='word_1_709' title='bbox 1288 4918 1481 4975; x_wconf 85' lang='lat' dir='ltr'><strong>Triuil.</strong></span> <span class='ocrx_word' id='word_1_710' title='bbox 1529 4918 1619 4990; x_wconf 85' lang='lat' dir='ltr'><strong>ap.</strong></span> <span class='ocrx_word' id='word_1_711' title='bbox 1657 4918 1847 4991; x_wconf 69' lang='lat' dir='ltr'><strong>Cyi‘ill.</strong></span> <span class='ocrx_word' id='word_1_712' title='bbox 1924 4921 1950 4960; x_wconf 66' lang='grc' dir='ltr'>ι</span> <span class='ocrx_word' id='word_1_713' title='bbox 2005 4919 2180 4985; x_wconf 84' lang='lat' dir='ltr'><strong>Edita,</strong></span> <span class='ocrx_word' id='word_1_714' title='bbox 2222 4918 2567 4989; x_wconf 79' lang='grc' dir='ltr'><strong>συνθήσεται.</strong></span> 
     </span>
    </p>
   </div>
   <div class='ocr_carea' id='block_1_94' title="bbox 1657 5030 1888 5087">
    <p class='ocr_par' dir='ltr' id='par_1_94' title="bbox 1657 5030 1888 5087">
     <span class='ocr_line' id='line_1_94' title="bbox 1657 5030 1888 5087; baseline 0.004 -3"><span class='ocrx_word' id='word_1_715' title='bbox 1657 5030 1888 5087; x_wconf 63' lang='lat' dir='ltr'><strong>NOTAE.</strong></span> 
     </span>
    </p>
   </div>
   <div class='ocr_carea' id='block_1_95' title="bbox 232 5143 1732 5234">
    <p class='ocr_par' dir='ltr' id='par_1_95' title="bbox 232 5143 1732 5234">
     <span class='ocr_line' id='line_1_95' title="bbox 232 5143 1732 5234; baseline 0 0"><span class='ocrx_word' id='word_1_716' title='bbox 232 5151 310 5234; x_wconf 67' lang='grc' dir='ltr'><strong>ιδ)</strong></span> <span class='ocrx_word' id='word_1_717' title='bbox 348 5152 425 5234; x_wconf 67' lang='grc' dir='ltr'><strong>ει.</strong></span> <span class='ocrx_word' id='word_1_718' title='bbox 441 5148 507 5203; x_wconf 80' lang='grc' dir='ltr'><strong>δέ</strong></span> <span class='ocrx_word' id='word_1_719' title='bbox 539 5166 716 5234; x_wconf 59' lang='grc' dir='ltr'><strong>τινες·</strong></span> <span class='ocrx_word' id='word_1_720' title='bbox 737 5148 969 5234; x_wconf 39' lang='grc' dir='ltr'><strong>φησιν</strong></span> <span class='ocrx_word' id='word_1_721' title='bbox 990 5143 1587 5234; x_wconf 56' lang='grc' dir='ltr'><strong>ρειῑιέφηξξθτε.εεη.σέει,ηέε</strong></span> <span class='ocrx_word' id='word_1_722' title='bbox 1603 5143 1732 5234; x_wconf 54' lang='lat' dir='ltr'><strong>ﬂe?</strong></span> 
     </span>
    </p>
   </div>
   <div class='ocr_carea' id='block_1_96' title="bbox 176 5212 1733 5287">
    <p class='ocr_par' dir='ltr' id='par_1_96' title="bbox 176 5212 1733 5287">
     <span class='ocr_line' id='line_1_96' title="bbox 176 5212 1733 5287; baseline -0.006 -10"><span class='ocrx_word' id='word_1_723' title='bbox 176 5212 518 5277; x_wconf 74' lang='lat' dir='ltr'><strong>Aristotelem</strong></span> <span class='ocrx_word' id='word_1_724' title='bbox 562 5212 787 5282; x_wconf 80' lang='lat' dir='ltr'><strong>feriunt,</strong></span> <span class='ocrx_word' id='word_1_725' title='bbox 818 5218 912 5287; x_wconf 89' lang='lat' dir='ltr'><strong>qui</strong></span> <span class='ocrx_word' id='word_1_726' title='bbox 946 5212 1146 5271; x_wconf 73' lang='lat' dir='ltr'><strong>caelum</strong></span> <span class='ocrx_word' id='word_1_727' title='bbox 1199 5214 1375 5287; x_wconf 83' lang='lat' dir='ltr'><strong>veluti</strong></span> <span class='ocrx_word' id='word_1_728' title='bbox 1410 5212 1502 5268; x_wconf 84' lang='lat' dir='ltr'><strong>Dei</strong></span> <span class='ocrx_word' id='word_1_729' title='bbox 1531 5230 1733 5283; x_wconf 82' lang='lat' dir='ltr'><strong>corpus</strong></span> 
     </span>
    </p>
   </div>
   <div class='ocr_carea' id='block_1_97' title="bbox 174 5284 1734 5358">
    <p class='ocr_par' dir='ltr' id='par_1_97' title="bbox 174 5284 1734 5358">
     <span class='ocr_line' id='line_1_97' title="bbox 174 5284 1734 5358; baseline -0.006 -11"><span class='ocrx_word' id='word_1_730' title='bbox 174 5306 283 5347; x_wconf 83' lang='lat' dir='ltr'><strong>esse</strong></span> <span class='ocrx_word' id='word_1_731' title='bbox 309 5290 540 5355; x_wconf 89' lang='lat' dir='ltr'><strong>docuit;</strong></span> <span class='ocrx_word' id='word_1_732' title='bbox 573 5290 718 5356; x_wconf 88' lang='lat' dir='ltr'><strong>quod</strong></span> <span class='ocrx_word' id='word_1_733' title='bbox 747 5284 875 5358; x_wconf 78' lang='lat' dir='ltr'><strong>quia</strong></span> <span class='ocrx_word' id='word_1_734' title='bbox 920 5288 1300 5358; x_wconf 74' lang='lat' dir='ltr'><strong>incorruptum</strong></span> <span class='ocrx_word' id='word_1_735' title='bbox 1333 5284 1425 5358; x_wconf 82' lang='lat' dir='ltr'><strong>sit,</strong></span> <span class='ocrx_word' id='word_1_736' title='bbox 1456 5293 1510 5337; x_wconf 92' lang='lat' dir='ltr'><strong>ct</strong></span> <span class='ocrx_word' id='word_1_737' title='bbox 1538 5300 1566 5337; x_wconf 87' lang='lat' dir='ltr'><strong>a</strong></span> <span class='ocrx_word' id='word_1_738' title='bbox 1596 5301 1734 5353; x_wconf 84' lang='lat' dir='ltr'><strong>qua-</strong></span> 
     </span>
    </p>
   </div>
   <div class='ocr_carea' id='block_1_98' title="bbox 174 5354 1735 5424">
    <p class='ocr_par' dir='ltr' id='par_1_98' title="bbox 174 5354 1735 5424">
     <span class='ocr_line' id='line_1_98' title="bbox 174 5354 1735 5424; baseline -0.003 -11"><span class='ocrx_word' id='word_1_739' title='bbox 174 5370 289 5416; x_wconf 84' lang='lat' dir='ltr'><strong>tuor</strong></span> <span class='ocrx_word' id='word_1_740' title='bbox 328 5354 618 5415; x_wconf 81' lang='lat' dir='ltr'><strong>elementis</strong></span> <span class='ocrx_word' id='word_1_741' title='bbox 658 5354 961 5419; x_wconf 78' lang='lat' dir='ltr'><strong>diversum,</strong></span> <span class='ocrx_word' id='word_1_742' title='bbox 1004 5355 1213 5409; x_wconf 89' lang='lat' dir='ltr'><strong>idcirco</strong></span> <span class='ocrx_word' id='word_1_743' title='bbox 1251 5354 1502 5422; x_wconf 88' lang='lat' dir='ltr'><strong>quintum</strong></span> <span class='ocrx_word' id='word_1_744' title='bbox 1534 5370 1735 5424; x_wconf 82' lang='lat' dir='ltr'><strong>corpus</strong></span> 
     </span>
    </p>
   </div>
   <div class='ocr_carea' id='block_1_99' title="bbox 172 5424 1733 5499">
    <p class='ocr_par' dir='ltr' id='par_1_99' title="bbox 172 5424 1733 5499">
     <span class='ocr_line' id='line_1_99' title="bbox 172 5424 1733 5499; baseline -0.004 -13"><span class='ocrx_word' id='word_1_745' title='bbox 172 5427 519 5498; x_wconf 84' lang='lat' dir='ltr'><strong>nuncupabat</strong></span> <span class='ocrx_word' id='word_1_746' title='bbox 558 5444 624 5484; x_wconf 87' lang='lat' dir='ltr'><strong>ex</strong></span> <span class='ocrx_word' id='word_1_747' title='bbox 670 5428 993 5499; x_wconf 79' lang='lat' dir='ltr'><strong>Pythagora.</strong></span> <span class='ocrx_word' id='word_1_748' title='bbox 1031 5425 1300 5499; x_wconf 70' lang='lat' dir='ltr'><strong>Czntcrmn</strong></span> <span class='ocrx_word' id='word_1_749' title='bbox 1326 5424 1633 5499; x_wconf 79' lang='lat' dir='ltr'><strong>philosophi</strong></span> <span class='ocrx_word' id='word_1_750' title='bbox 1667 5425 1733 5480; x_wconf 82' lang='lat' dir='ltr'><strong>dc</strong></span> 
     </span>
    </p>
   </div>
   <div class='ocr_carea' id='block_1_100' title="bbox 173 5494 1734 5569">
    <p class='ocr_par' dir='ltr' id='par_1_100' title="bbox 173 5494 1734 5569">
     <span class='ocr_line' id='line_1_100' title="bbox 173 5494 1734 5569; baseline -0.003 -15"><span class='ocrx_word' id='word_1_751' title='bbox 173 5494 581 5569; x_wconf 80' lang='lat' dir='ltr'><strong>incorruptione</strong></span> <span class='ocrx_word' id='word_1_752' title='bbox 622 5494 888 5553; x_wconf 63' lang='lat' dir='ltr'><strong>ccelorur&#39;n</strong></span> <span class='ocrx_word' id='word_1_753' title='bbox 923 5495 1194 5569; x_wconf 79' lang='lat' dir='ltr'><strong>doctrina,</strong></span> <span class='ocrx_word' id='word_1_754' title='bbox 1216 5494 1585 5569; x_wconf 24' lang='lat' dir='ltr'><strong>As_cc|u_sis__iis</strong></span> <span class='ocrx_word' id='word_1_755' title='bbox 1615 5512 1734 5565; x_wconf 77' lang='lat' dir='ltr'><strong>qum</strong></span> 
     </span>
    </p>
   </div>
   <div class='ocr_carea' id='block_1_101' title="bbox 170 5563 1732 5641">
    <p class='ocr_par' dir='ltr' id='par_1_101' title="bbox 170 5563 1732 5641">
     <span class='ocr_line' id='line_1_101' title="bbox 170 5563 1732 5641; baseline -0.003 -17"><span class='ocrx_word' id='word_1_756' title='bbox 170 5571 233 5625; x_wconf 88' lang='lat' dir='ltr'><strong>de</strong></span> <span class='ocrx_word' id='word_1_757' title='bbox 251 5563 432 5641; x_wconf 73' lang='lat' dir='ltr'><strong>primo</strong></span> <span class='ocrx_word' id='word_1_758' title='bbox 458 5578 701 5641; x_wconf 75' lang='lat' dir='ltr'><strong>motare</strong></span> <span class='ocrx_word' id='word_1_759' title='bbox 728 5569 977 5641; x_wconf 59' lang='lat' dir='ltr'><strong>tradidit,</strong></span> <span class='ocrx_word' id='word_1_760' title='bbox 1003 5566 1114 5635; x_wconf 83' lang='lat' dir='ltr'><strong>jam</strong></span> <span class='ocrx_word' id='word_1_761' title='bbox 1146 5563 1353 5641; x_wconf 76' lang='lat' dir='ltr'><strong>pridem</strong></span> <span class='ocrx_word' id='word_1_762' title='bbox 1384 5566 1434 5618; x_wconf 92' lang='lat' dir='ltr'><strong>in</strong></span> <span class='ocrx_word' id='word_1_763' title='bbox 1463 5563 1732 5641; x_wconf 69' lang='lat' dir='ltr'><strong>Christia-</strong></span> 
     </span>
    </p>
   </div>
   <div class='ocr_carea' id='block_1_102' title="bbox 169 5634 1731 5703">
    <p class='ocr_par' dir='ltr' id='par_1_102' title="bbox 169 5634 1731 5703">
     <span class='ocr_line' id='line_1_102' title="bbox 169 5634 1731 5703; baseline -0.003 -7"><span class='ocrx_word' id='word_1_764' title='bbox 169 5634 359 5697; x_wconf 72' lang='lat' dir='ltr'><strong>norum</strong></span> <span class='ocrx_word' id='word_1_765' title='bbox 392 5639 797 5703; x_wconf 83' lang='lat' dir='ltr'><strong>scholis,etiam</strong></span> <span class='ocrx_word' id='word_1_766' title='bbox 829 5637 1163 5702; x_wconf 68' lang='lat' dir='ltr'><strong>Graecorum,</strong></span> <span class='ocrx_word' id='word_1_767' title='bbox 1200 5634 1434 5689; x_wconf 80' lang='lat' dir='ltr'><strong>admissa</strong></span> <span class='ocrx_word' id='word_1_768' title='bbox 1463 5646 1563 5691; x_wconf 80' lang='lat' dir='ltr'><strong>est.</strong></span> <span class='ocrx_word' id='word_1_769' title='bbox 1602 5637 1731 5692; x_wconf 68' lang='lat' dir='ltr'><strong>Nam</strong></span> 
     </span>
    </p>
   </div>
   <div class='ocr_carea' id='block_1_103' title="bbox 1838 5142 3413 5215">
    <p class='ocr_par' dir='ltr' id='par_1_103' title="bbox 1838 5142 3413 5215">
     <span class='ocr_line' id='line_1_103' title="bbox 1838 5142 3413 5215; baseline -0.001 -16"><span class='ocrx_word' id='word_1_770' title='bbox 1838 5143 2180 5200; x_wconf 77' lang='lat' dir='ltr'><strong>Scholiasles</strong></span> <span class='ocrx_word' id='word_1_771' title='bbox 2206 5142 2509 5215; x_wconf 75' lang='lat' dir='ltr'><strong>Regiicod.</strong></span> <span class='ocrx_word' id='word_1_772' title='bbox 2536 5142 2697 5207; x_wconf 72' lang='lat'><strong>2929,</strong></span> <span class='ocrx_word' id='word_1_773' title='bbox 2716 5144 2823 5197; x_wconf 89' lang='lat' dir='ltr'><strong>ait:</strong></span> <span class='ocrx_word' id='word_1_774' title='bbox 2861 5143 3235 5215; x_wconf 79' lang='grc' dir='ltr'><strong>Ἀριστοτέλης</strong></span> <span class='ocrx_word' id='word_1_775' title='bbox 3259 5147 3413 5200; x_wconf 79' lang='grc' dir='ltr'><strong>τοῦτο</strong></span> 
     </span>
    </p>
   </div>
   <div class='ocr_carea' id='block_1_104' title="bbox 1832 5213 3411 5283">
    <p class='ocr_par' dir='ltr' id='par_1_104' title="bbox 1832 5213 3411 5283">
     <span class='ocr_line' id='line_1_104' title="bbox 1832 5213 3411 5283; baseline 0.001 -16"><span class='ocrx_word' id='word_1_776' title='bbox 1832 5216 2048 5282; x_wconf 76' lang='grc' dir='ltr'><strong>εἰσάγει</strong></span> <span class='ocrx_word' id='word_1_777' title='bbox 2082 5216 2140 5267; x_wconf 82' lang='grc' dir='ltr'><strong>ὲν</strong></span> <span class='ocrx_word' id='word_1_778' title='bbox 2162 5217 2227 5281; x_wconf 83' lang='grc' dir='ltr'><strong>τῇ</strong></span> <span class='ocrx_word' id='word_1_779' title='bbox 2260 5213 2388 5282; x_wconf 77' lang='grc' dir='ltr'><strong>περὶ</strong></span> <span class='ocrx_word' id='word_1_780' title='bbox 2413 5214 2617 5283; x_wconf 67' lang='grc' dir='ltr'><strong>κόσμον</strong></span> <span class='ocrx_word' id='word_1_781' title='bbox 2641 5213 2993 5283; x_wconf 79' lang='grc' dir='ltr'><strong>πραγματείᾳ</strong></span> <span class='ocrx_word' id='word_1_782' title='bbox 3019 5213 3268 5283; x_wconf 74' lang='grc' dir='ltr'><strong>πέμπτον</strong></span> <span class='ocrx_word' id='word_1_783' title='bbox 3297 5232 3411 5283; x_wconf 76' lang='grc' dir='ltr'><strong>στο-</strong></span> 
     </span>
    </p>
   </div>
   <div class='ocr_carea' id='block_1_105' title="bbox 1837 5280 3407 5354">
    <p class='ocr_par' dir='ltr' id='par_1_105' title="bbox 1837 5280 3407 5354">
     <span class='ocr_line' id='line_1_105' title="bbox 1837 5280 3407 5354; baseline 0.001 -18"><span class='ocrx_word' id='word_1_784' title='bbox 1837 5280 1984 5354; x_wconf 71' lang='grc' dir='ltr'><strong>χείον</strong></span> <span class='ocrx_word' id='word_1_785' title='bbox 2006 5301 2019 5313; x_wconf 77' lang='grc'><strong><em>⁸</em></strong></span> <span class='ocrx_word' id='word_1_786' title='bbox 2059 5286 2153 5337; x_wconf 76' lang='grc' dir='ltr'><strong>καὶ</strong></span> <span class='ocrx_word' id='word_1_787' title='bbox 2182 5280 2261 5335; x_wconf 77' lang='grc' dir='ltr'><strong>ἔτι</strong></span> <span class='ocrx_word' id='word_1_788' title='bbox 2295 5280 2447 5354; x_wconf 76' lang='grc' dir='ltr'><strong>παρά</strong></span> <span class='ocrx_word' id='word_1_789' title='bbox 2480 5285 2546 5336; x_wconf 77' lang='grc' dir='ltr'><strong>τὰ</strong></span> <span class='ocrx_word' id='word_1_790' title='bbox 2568 5280 2724 5354; x_wconf 21' lang='grc' dir='ltr'><strong>δἐλτὸ</strong></span> <span class='ocrx_word' id='word_1_791' title='bbox 2757 5280 3043 5354; x_wconf 71' lang='grc' dir='ltr'><strong>στερέωμα</strong></span> <span class='ocrx_word' id='word_1_792' title='bbox 3084 5280 3243 5335; x_wconf 71' lang='grc' dir='ltr'><strong>⁴τοῦτο</strong></span> <span class='ocrx_word' id='word_1_793' title='bbox 3270 5280 3407 5338; x_wconf 78' lang='grc' dir='ltr'><strong>εἶναι</strong></span> 
     </span>
    </p>
   </div>
   <div class='ocr_carea' id='block_1_106' title="bbox 1840 5351 3410 5421">
    <p class='ocr_par' dir='ltr' id='par_1_106' title="bbox 1840 5351 3410 5421">
     <span class='ocr_line' id='line_1_106' title="bbox 1840 5351 3410 5421; baseline 0 -15"><span class='ocrx_word' id='word_1_794' title='bbox 1840 5351 2293 5420; x_wconf 80' lang='grc' dir='ltr'><strong>ἆποφαινόμενος,</strong></span> <span class='ocrx_word' id='word_1_795' title='bbox 2320 5351 2387 5405; x_wconf 57' lang='grc' dir='ltr'>ἐκ</span> <span class='ocrx_word' id='word_1_796' title='bbox 2412 5351 2688 5421; x_wconf 73' lang='grc' dir='ltr'><strong>λογισμῶν</strong></span> <span class='ocrx_word' id='word_1_797' title='bbox 2728 5351 2956 5404; x_wconf 78' lang='grc' dir='ltr'><strong>εἰκότων</strong></span> <span class='ocrx_word' id='word_1_798' title='bbox 2989 5354 3410 5417; x_wconf 75' lang='grc' dir='ltr'><strong>κατασκευάζων</strong></span> 
     </span>
    </p>
   </div>
   <div class='ocr_carea' id='block_1_107' title="bbox 1843 5423 3415 5491">
    <p class='ocr_par' dir='ltr' id='par_1_107' title="bbox 1843 5423 3415 5491">
     <span class='ocr_line' id='line_1_107' title="bbox 1843 5423 3415 5491; baseline 0.001 -16"><span class='ocrx_word' id='word_1_799' title='bbox 1843 5423 2011 5475; x_wconf 76' lang='grc' dir='ltr'><strong>αὑτάο</strong></span> <span class='ocrx_word' id='word_1_800' title='bbox 2041 5423 2349 5476; x_wconf 74' lang='lat' dir='ltr'><strong>Aristoteles</strong></span> <span class='ocrx_word' id='word_1_801' title='bbox 2380 5424 2619 5491; x_wconf 70' lang='lat' dir='ltr'><strong>quintum</strong></span> <span class='ocrx_word' id='word_1_802' title='bbox 2662 5423 2757 5475; x_wconf 84' lang='lat' dir='ltr'><strong>hoc</strong></span> <span class='ocrx_word' id='word_1_803' title='bbox 2780 5423 3089 5476; x_wconf 78' lang='lat' dir='ltr'><strong>elementum</strong></span> <span class='ocrx_word' id='word_1_804' title='bbox 3130 5423 3415 5477; x_wconf 78' lang='lat' dir='ltr'><strong>introducit</strong></span> 
     </span>
    </p>
   </div>
   <div class='ocr_carea' id='block_1_108' title="bbox 1844 5492 3418 5558">
    <p class='ocr_par' dir='ltr' id='par_1_108' title="bbox 1844 5492 3418 5558">
     <span class='ocr_line' id='line_1_108' title="bbox 1844 5492 3418 5558; baseline 0.001 -13"><span class='ocrx_word' id='word_1_805' title='bbox 1844 5496 1897 5545; x_wconf 83' lang='lat' dir='ltr'><strong>in</strong></span> <span class='ocrx_word' id='word_1_806' title='bbox 1932 5493 2064 5545; x_wconf 81' lang='lat' dir='ltr'><strong>libro</strong></span> <span class='ocrx_word' id='word_1_807' title='bbox 2100 5492 2175 5546; x_wconf 89' lang='lat' dir='ltr'><strong>De</strong></span> <span class='ocrx_word' id='word_1_808' title='bbox 2201 5494 2434 5553; x_wconf 85' lang='lat' dir='ltr'><strong>mundo;</strong></span> <span class='ocrx_word' id='word_1_809' title='bbox 2495 5505 2540 5544; x_wconf 76' lang='lat' dir='ltr'><strong>et</strong></span> <span class='ocrx_word' id='word_1_810' title='bbox 2570 5494 2655 5543; x_wconf 85' lang='lat' dir='ltr'><strong>ubi</strong></span> <span class='ocrx_word' id='word_1_811' title='bbox 2688 5494 3081 5558; x_wconf 82' lang='lat' dir='ltr'><strong>ﬁrmamentum</strong></span> <span class='ocrx_word' id='word_1_812' title='bbox 3124 5492 3258 5545; x_wconf 79' lang='lat' dir='ltr'><strong>illud</strong></span> <span class='ocrx_word' id='word_1_813' title='bbox 3304 5510 3418 5552; x_wconf 74' lang='lat' dir='ltr'><strong>esse</strong></span> 
     </span>
    </p>
   </div>
   <div class='ocr_carea' id='block_1_109' title="bbox 1842 5563 3413 5631">
    <p class='ocr_par' dir='ltr' id='par_1_109' title="bbox 1842 5563 3413 5631">
     <span class='ocr_line' id='line_1_109' title="bbox 1842 5563 3413 5631; baseline 0.001 -15"><span class='ocrx_word' id='word_1_814' title='bbox 1842 5565 2027 5617; x_wconf 74' lang='lat' dir='ltr'><strong>(ts-erit</strong></span> <span class='ocrx_word' id='word_1_815' title='bbox 2084 5580 2117 5614; x_wconf 84' lang='grc' dir='ltr'><strong>(ι</strong></span> <span class='ocrx_word' id='word_1_816' title='bbox 2156 5573 2382 5631; x_wconf 78' lang='lat' dir='ltr'><strong>quatuor</strong></span> <span class='ocrx_word' id='word_1_817' title='bbox 2417 5563 2685 5616; x_wconf 73' lang='lat' dir='ltr'><strong>elementis</strong></span> <span class='ocrx_word' id='word_1_818' title='bbox 2731 5564 3015 5627; x_wconf 71' lang='lat' dir='ltr'><strong>diversum,</strong></span> <span class='ocrx_word' id='word_1_819' title='bbox 3049 5563 3413 5618; x_wconf 76' lang='lat' dir='ltr'><strong>verisimilibus</strong></span> 
     </span>
    </p>
   </div>
   <div class='ocr_carea' id='block_1_110' title="bbox 1842 5634 2491 5704">
    <p class='ocr_par' dir='ltr' id='par_1_110' title="bbox 1842 5634 2491 5704">
     <span class='ocr_line' id='line_1_110' title="bbox 1842 5634 2491 5704; baseline 0.002 -18"><span class='ocrx_word' id='word_1_820' title='bbox 1842 5634 1895 5686; x_wconf 80' lang='lat' dir='ltr'><strong>id</strong></span> <span class='ocrx_word' id='word_1_821' title='bbox 1928 5634 2121 5688; x_wconf 78' lang='lat' dir='ltr'><strong>astruit</strong></span> <span class='ocrx_word' id='word_1_822' title='bbox 2145 5634 2491 5704; x_wconf 76' lang='lat' dir='ltr'><strong>argumentis.</strong></span> 
     </span>
    </p>
   </div>
  </div>
