4014 6202
367 283 481 349 799

1546 281 1623 340 S..
1640 282 1962 342 JOANNIS
2006 283 2433 342 DAMASCENI

3533 275 3674 341 800

367 390 576 461 Ecquis
603 389 773 461 igitur
799 387 848 444 ei
877 396 1091 444 motum
1121 387 1620 458 alierttQuidquid
1654 391 1799 443 enim
1829 404 1947 442 mo-

2087 390 2476 460 αταντήσωμεν
2509 392 2587 452 εἴς
2639 406 2689 441 τι
2733 388 3012 459 ἀκίνητον.
3039 388 3114 443 Te
3149 387 3257 462 γὰρ
3283 388 3500 458 πρῶτον
3559 403 3674 440 κι-

366 493 551 547 vctur,
615 483 685 536 ab
743 481 852 534 alio
899 481 1110 536 moveri
1170 497 1402 537 necesse
1459 489 1566 536 est.
1615 480 1660 534 A
1705 496 1948 550 quonam

369 575 504 629 item
541 569 679 626 illud
710 570 1016 625 movetur?
1065 571 1244 640 Atque
1285 570 1362 624 ila
1403 570 1459 624 in
1509 567 1790 623 infinitum
1822 583 1954 637 pro-

371 663 630 736 grediar,
670 677 963 733 quousque
999 663 1066 716 ad
1118 661 1340 731 aliquod
1390 660 1614 715 tandem
1662 661 1953 732 pervenia-

373 773 499 812 mus
530 755 680 827 quod
729 754 880 810 omni
925 762 1076 808 motu
1111 760 1318 808 careat.
1366 751 1503 805 Nam
1548 751 1786 821 primum
1838 766 1954 806 mo-

2051 479 2196 544 νοῦν,
2232 480 2488 550 ἀκίνητον
2514 521 2529 545 ,
2553 482 2690 552 ὅπερ
2723 483 2839 535 ἐστὶ
2881 481 2943 535 τὸ
2991 482 3168 537 Θεῖον.
3201 481 3325 545 Πῶς
3361 481 3418 534 δὲ
3446 481 3558 533 οὐκ
3602 478 3678 529 ὲν

2048 570 2203 640 τόπῳ
2241 570 2618 642 περίγραπτον
2641 613 2655 637 ,
2689 574 2751 626 τὸ
2797 573 3120 644 κινούμενον
3153 590 3167 638 ;
3200 573 3381 629 Μόνον
3436 568 3538 626 οῦν
3595 568 3676 620 τὸ

2050 660 2204 714 Θεῖον
2267 661 2567 734 ἀκίνητον,
2600 664 2668 717 δι’
2720 664 3010 734 ἀκινησίας
3064 665 3133 718 τά
3185 664 3365 718 πάντα.
3433 658 3674 715 κινοῦν.

2064 751 2383 825 Ἀσώματον
2413 755 2592 808 τοίνυν
2627 755 2970 823 ὑποληπτέον
3001 756 3063 810 τὸ
3083 755 3259 810 Θεῖον.

371 863 510 902 vens
545 845 772 901 aliunde
800 859 910 900 non
960 852 1251 900 movetur:
1303 851 1356 898 et
1405 843 1507 897 hoc
1559 843 1785 912 quidem
1817 842 1958 898 Deus
1997 852 2102 899 cst.
2132 844 2253 902 llue
2299 845 2539 912 accedit,
2573 849 2719 917 quod
2763 849 2885 904 loco
2968 846 3358 905 circumscribi
3424 849 3675 915 eportct

375 941 513 995 illud
543 942 686 1011 quod
720 947 976 994 movetur
1005 957 1018 992 :
1057 953 1122 992 ac
1175 938 1410 1007 proinde
1459 937 1615 992 solus
1675 937 1817 990 Deus
1879 945 2031 993 motu
2071 949 2244 1004 caret,
2279 956 2380 997 sua
2408 941 2804 999 immobilitate
2838 942 3026 999 omnia
3059 957 3286 998 movens
3315 943 3387 990 κ.
3413 941 3488 1010 Es
3527 939 3675 1009 qui-

375 1036 481 1090 bus
510 1033 767 1096 edicitur,
800 1039 861 1087 ut
913 1031 1056 1087 Deus
1095 1032 1460 1100 incorporeus
1494 1029 1826 1083 statuendus
1856 1029 1951 1082 sit.

451 1124 828 1194 lucet-porcum
855 1123 1083 1178 essentia
1115 1120 1214 1176 Dei
1240 1137 1342 1174 non
1379 1131 1480 1177 est.
1510 1149 1581 1159 -—
1607 1119 1748 1174 Deus
1777 1120 1955 1189 aptius

378 1217 658 1287 negatione
688 1215 999 1270 declaratur
1042 1230 1201 1283 quam
1237 1213 1515 1282 positione.
1540 1243 1608 1253 -—-
1636 1212 1706 1265 At
1751 1227 1819 1266 ne
1853 1213 1956 1265 hoc

381 1307 609 1378 quidem
666 1306 963 1361 essentiam
1010 1304 1132 1372 ejus
1165 1302 1413 1358 declarat
1445 1322 1456 1357 :
1491 1302 1956 1371 quemadmodum

380 1413 486 1455 nec
521 1412 646 1452 cum
698 1395 1030 1466 ingenitum,
1080 1395 1455 1466 principiique
1518 1409 1584 1448 ac
1635 1392 1961 1448 mutationis

380 1499 438 1546 et
467 1487 850 1557 corruptionis
899 1492 1183 1556 expertem
1225 1501 1348 1540 eum
1383 1485 1620 1540 dicimus
1657 1493 1710 1538 et
1761 1491 1962 1539 caetera

383 1597 508 1651 quae
534 1581 601 1636 de
635 1581 766 1644 Deo,
822 1579 908 1633 vel
965 1578 1118 1632 circa
1180 1578 1362 1647 ipsum
1421 1591 1545 1631 esse
1599 1576 1864 1630 dicuntur
1893 1575 1959 1628 ’³.

2145 1115 2289 1169 Ἀλλ’
2322 1115 2442 1170 οὐδὲ
2474 1116 2633 1170 τοῦτο
2664 1118 2764 1188 τῆς
2813 1119 3002 1185 οὐσίας
3031 1119 3198 1174 αὑτοῦ
3236 1125 3670 1192 παραστατικόν

2064 1207 2232 1271 ἐστιν,
2268 1205 2456 1280 ὥσπερ
2494 1208 2613 1262 οὐδὲ
2644 1207 2706 1261 τὸ
2750 1211 3049 1278 ἀγέννητον
3077 1252 3090 1275 ,
3125 1213 3219 1265 καὶ
3264 1213 3323 1266 τὸ
3371 1215 3660 1286 ἄναρχον,

2066 1300 2163 1352 καὶ
2195 1299 2256 1352 τὸ
2286 1299 2662 1367 ἀναλλοίωτον,
2691 1302 2788 1356 καὶ
2818 1302 2879 1356 τὸ
2905 1303 3182 1375 ἄφθαρτον
3205 1346 3219 1368 ,
3247 1307 3339 1358 καὶ
3373 1308 3474 1362 ὅσα
3517 1311 3665 1379 περὶ

2066 1391 2222 1458 Θεοῦ,
2255 1392 2287 1462 ἢ
2331 1393 2459 1463 περὶ
2509 1393 2640 1446 Θεὸν
2671 1390 2814 1448 εἶναι
2862 1395 3086 1464 λέγεται
3106 1414 3118 1428 ο
3144 1397 3318 1451 ταῦτα
3335 1399 3442 1470 γὰρ
3472 1402 3534 1454 οὐ
3566 1418 3657 1466 το,

2068 1483 2126 1536 τί
2157 1485 2293 1546 ἐστι,
2320 1485 2594 1556 σημαίνει,
2626 1486 2762 1540 ἀλλά
2796 1487 2875 1554 τὸ,
2901 1487 2953 1540 τί
2997 1488 3099 1540 οὐκ
3142 1489 3280 1543 ἔστι.
3315 1491 3434 1562 Χρὴ
3468 1492 3523 1545 δὲ
3560 1494 3659 1546 τὸν

2072 1574 2396 1646 βουλόμενον
2424 1578 2522 1646 τήν
2549 1595 2692 1641 τινος
2721 1579 2911 1632 οὐσίαν
2945 1579 3142 1645 εἰπεῖν,
3170 1581 3222 1633 τί
3251 1582 3386 1646 ἐστι,
3420 1585 3654 1652 φράσαι,

385 1650 512 1729 llaec
541 1672 686 1727 enim
718 1687 826 1726 non
862 1670 994 1742 quid
1027 1670 1119 1733 sit,
1157 1669 1252 1724 sed
1285 1667 1412 1738 quid
1446 1682 1555 1721 non
1585 1667 1659 1722 sit
1687 1667 1960 1720 indicant.

2083 1667 2128 1719 ›ὑ
2160 1667 2240 1731 τὺ,
2273 1667 2326 1719 τί
2347 1669 2445 1720 οὐκ
2479 1668 2592 1722 ἔστι
2619 1687 2632 1699 ·
2667 1671 2816 1740 ὅμως
2847 1671 2940 1722 ἐπὶ
2981 1670 3143 1737 Θεοῦ,
3175 1671 3230 1724 τί
3269 1675 3655 1737 ὲστιν,ἐῑπεῖν

385 1760 550 1831 Atqui
585 1766 800 1829 oportet
843 1773 991 1824 eum,
1033 1757 1128 1828 qui
1173 1756 1254 1811 rei
1304 1755 1544 1826 alicujus
1585 1763 1840 1810 naturam
1871 1768 1965 1806 ex-

385 1867 593 1924 ponere
624 1853 680 1905 in
720 1851 905 1906 animo
956 1850 1145 1914 habet,
1188 1847 1318 1919 quid
1368 1862 1431 1902 ea
1475 1848 1548 1901 sit
1601 1846 1809 1910 dicere,
1854 1860 1962 1898 non

384 1943 519 2015 quid
550 1957 659 1997 non
693 1943 787 1999 sit.
829 1942 902 1996 De
923 1941 1036 1997 Deo
1070 1947 1250 1995 autem
1286 1939 1627 2010 impossibile
1659 1943 1769 2000 est,
1803 1935 1967 2006 quid-

384 2048 517 2091 nam
587 2035 833 2091 essentia
870 2049 968 2091 sua
1006 2049 1070 2089 ac
1128 2041 1326 2088 natura
1365 2033 1438 2087 sit
1483 2031 1776 2086 enumiare
1809 2045 1822 2082 :
1855 2045 1962 2098 ap-

386 2127 612 2196 tiusque
647 2133 734 2182 est
784 2141 851 2181 ex
901 2126 1148 2181 omnium
1207 2126 1516 2178 remotione
1574 2131 1628 2177 et
1680 2122 1970 2193 negatione

387 2233 704 2274 sermonem
753 2219 822 2274 de
868 2232 933 2273 eo
981 2218 1162 2272 facere
1193 2216 1261 2271 ".
1324 2213 1512 2284 Neque
1571 2215 1716 2269 enim
1759 2212 1970 2282 aliquid

387 2317 472 2365 cst
506 2325 697 2366 eorum
731 2325 874 2381 quae
925 2320 1060 2366 sunt
1105 2327 1120 2364 :
1178 2324 1288 2363 non
1320 2318 1379 2362 ut
1425 2308 1741 2362 nullatenus
1776 2305 1850 2360 sit
1885 2307 1965 2370 ἐς

2069 1755 2332 1811 ἀδύνατον
2382 1759 2504 1811 κατ’
2559 1759 2748 1814 οὐσίαν
2782 1778 2798 1792 ·
2830 1761 3162 1833 οἰκειότερον
3211 1763 3267 1816 δὲ
3326 1765 3524 1834 μᾶλλον
3587 1767 3654 1820 ὲκ

2069 1850 2168 1920 τῆς
2189 1850 2445 1904 ἁπάντων
2473 1851 2817 1922 ἀφαιρέσεως
2849 1855 3122 1907 ποιεῖσθαι
3149 1855 3238 1908 τὸν
3269 1855 3446 1924 λόγον.
3479 1858 3649 1910 Οὐδὲν

2070 1940 2179 2012 γὰρ
2211 1941 2320 1994 τῶν
2357 1941 2524 1995 ὅντων
2552 1944 2729 1997 ἐστίν·
2756 1945 2852 2015 οὔχ
2881 1945 2954 2009 ὡς
3005 1946 3080 2017 μὴ
3126 1947 3220 2011 ὢν,
3251 1947 3368 2001 ἀλλ’
3401 1949 3478 2012 ὡς
3503 1950 3648 2021 ὑπὲρ

2073 2033 2249 2085 πάντα
2281 2033 2348 2086 τὰ
2373 2034 2523 2097 ὄντα,
2562 2035 2656 2088 καὶ
2707 2035 2849 2108 ὑπὲρ
2882 2038 3011 2090 αὐτὸ
3028 2038 3087 2090 τὸ
3119 2033 3257 2091 εἶναι
3300 2038 3395 2094 ῶν.
3435 2041 3498 2092 Et
3534 2041 3642 2111 γὰρ

2075 2124 2184 2176 τῶν
2233 2124 2402 2178 ὄντων
2438 2127 2535 2179 καὶ
2569 2124 2832 2194 γνώσεις,
2872 2127 2934 2182 τδ
2962 2127 3100 2200 ὑπὲρ
3147 2129 3347 2197 γνῶσιν
3376 2173 3390 2195 ,
3422 2132 3641 2194 πάντως

2077 2214 2172 2266 καὶ
2205 2213 2344 2285 ὑπὲρ
2393 2214 2584 2269 οὐσίαν
2638 2215 2940 2272 ἔσται’καὶ
2994 2218 3058 2273 τὸ
3100 2220 3363 2276 ἀνάπαλιν
3411 2223 3474 2274 τδ
3505 2221 3649 2290 ὑπὲρ

2075 2303 2284 2371 οὐσίαν,
2317 2305 2410 2357 καὶ
2439 2307 2641 2376 γνῶσιν
2666 2307 2838 2363 ἔσται.

389 2401 490 2462 sed
545 2404 680 2474 quia
745 2417 912 2474 super
967 2400 1154 2457 omnia
1205 2416 1327 2472 qua:
1386 2408 1537 2466 sunt,
1581 2409 1747 2468 atque
1808 2397 1970 2466 128
2006 2396 2169 2451 etiam
2261 2411 2429 2468 supra
2485 2398 2785 2468 ipsummct
2865 2416 2990 2456 esse
3042 2401 3162 2472 ipse
3209 2403 3300 2459 sit.
3357 2403 3567 2458 Etenim
3611 2389 3660 2456 εἰ

389 2495 740 2566 cognitiones
771 2495 919 2548 circa
971 2507 1060 2546 res
1106 2506 1228 2561 qua:
1267 2497 1400 2546 sunt
1447 2497 1780 2553 versantur;
1813 2487 2064 2558 profecto
2129 2487 2280 2557 quod
2356 2489 2728 2561 cognitionem
2809 2503 3056 2564 superat,
3122 2510 3292 2566 supra
3360 2499 3659 2551 essentiam

388 2602 616 2661 quoque
655 2585 804 2641 erit:
855 2583 1216 2653 vicissimque
1251 2583 1400 2653 quod
1451 2591 1536 2638 cst
1565 2596 1732 2651 supra
1763 2579 2092 2645 essentiam,
2137 2580 2518 2651 cognitionem
2555 2583 2863 2654 superabit.

463 2676 774 2746 Aﬁirmatio
807 2676 908 2729 vim
945 2673 1140 2728 habens
1189 2673 1544 2742 pra’cellentis
1583 2672 1878 2744 negationis
1915 2671 1972 2723 in

390 2770 526 2826 Deo.
556 2798 627 2808 —
649 2767 907 2822 Iniinitus
937 2766 1106 2836 igitur
1137 2773 1220 2821 est
1253 2765 1420 2830 Deus,
1463 2772 1518 2820 et
1549 2764 1970 2834 incomprehen-

391 2862 618 2920 sibilis:
661 2868 829 2931 utque
872 2859 977 2913 hoc
1019 2876 1188 2913 unum
1231 2866 1334 2922 est,
1378 2859 1527 2927 quod
1563 2857 1631 2911 de
1664 2872 1730 2912 eo
1765 2855 1973 2926 percipi

393 2954 575 3028 possit
606 2964 659 3010 et
683 2951 1108 3024 comprehendi.
1154 2951 1515 3020 Qumcunque
1548 2957 1734 3004 autem
1767 2949 1835 3004 de
1865 2947 1975 3003 Deo

2145 2672 2407 2743 ’Ἄπειρον
2454 2668 2550 2726 οὖν
2594 2673 2656 2727 τὸ
2706 2676 2861 2730 Θεῖον
2916 2677 3010 2731 καὶ
3080 2678 3471 2750 ἀκατάληπτον
3511 2695 3525 2710 ο
3561 2685 3660 2748 καὶ

2069 2764 2229 2816 τοῦτο
2255 2763 2415 2834 μόνον
2448 2765 2612 2820 αὐτοῦ
2638 2768 3012 2838 κατάληπτον,
3031 2771 3064 2842 ἠ
3083 2772 3312 2843 ἀπειρία
3339 2773 3433 2824 καὶ
3457 2775 3660 2827 ἀκατα-

2070 2853 2261 2922 ληψια.
2297 2855 2440 2909 Ὅσα
2478 2856 2534 2910 δὲ
2569 2857 2800 2930 λέγομεν
2833 2862 2928 2915 ἐπὶ
2966 2861 3100 2917 Θεοῦ
3137 2866 3528 2932 καταφατικῶς
3555 2907 3568 2931 ,
3596 2869 3663 2919 οὐ

2071 2945 2170 3014 τὴν
2194 2945 2375 3014 φύσιν,
2409 2948 2546 3002 ἀλλὰ
2573 2950 2641 3006 τὰ
2674 2959 2802 3022 περὶ
2851 2954 2950 3024 τὴν
2989 2955 3150 3024 φύσιν
3173 2955 3346 3026 δηλοῖ.
3377 2959 3494 3010 Κᾶν
3522 2959 3662 3025 ἀγα-

393 3062 494 3119 per
521 3045 944 3100 aﬂirmationem
981 3045 1244 3108 dicimus,
1273 3059 1386 3098 non
1421 3041 1513 3097 Dei
1559 3049 1839 3103 naturam,
1878 3041 1971 3097 sed

2083 3038 2188 3105 ῢὸν,
2221 3039 2325 3093 κᾶν
2352 3039 2580 3104 δίκαιον,
2624 3043 2730 3097 κᾶν
2761 3045 2945 3114 σοφὸν,
2977 3048 3080 3102 κᾶν
3119 3050 3146 3103 ὃ
3189 3047 3204 3088 ι
3233 3069 3286 3104 τι
3317 3049 3383 3104 ἂν
3423 3050 3549 3104 ἄλλο
3573 3050 3664 3102 εῖ-

393 3153 519 3207 quae
569 3138 721 3192 circa
779 3146 1037 3192 naturam
1095 3137 1247 3192 illius
1295 3145 1446 3198 sunt,
1509 3135 1834 3190 ostendunt.
1895 3132 1973 3185 Ita

395 3229 514 3283 sive
551 3229 794 3292 bonum,
845 3229 962 3282 sive
1012 3229 1224 3297 justum
1251 3267 1266 3291 ,
1317 3229 1435 3282 sive
1475 3228 1826 3296 sapientem,
1860 3225 1979 3280 sive

395 3317 771 3388 quodcunque
819 3319 1040 3372 tandem
1093 3319 1242 3372 aliud
1299 3319 1530 3383 dixeris,
1583 3333 1694 3372 non
1726 3316 1822 3372 Dei
1877 3331 1977 3369 na-

397 3419 605 3471 turam,
660 3411 754 3465 sed
801 3425 926 3479 quae
979 3411 1129 3465 circa
1199 3418 1456 3463 naturam
1515 3416 1673 3474 sunt,
1723 3409 1976 3478 exponis.

397 3500 541 3557 Sunt
579 3515 748 3571 porro
776 3500 1050 3554 nonnulla
1097 3515 1219 3569 qua:
1253 3501 1470 3554 tametsi
1515 3514 1614 3570 per
1654 3498 1980 3552 allirmatio-

398 3608 526 3648 nem
554 3593 622 3648 de
650 3592 759 3648 Deo
791 3593 1074 3660 dicantur,
1105 3591 1479 3663 przecellentis
1515 3599 1696 3645 tamen
1728 3589 1980 3660 negatio-

400 3687 491 3743 nis
519 3687 629 3742 vim
674 3686 900 3750 habent,
934 3703 986 3741 v.
1017 3703 1103 3758 gr.
1143 3702 1266 3742 cum
1300 3687 1368 3740 de
1399 3685 1510 3740 Deo
1551 3685 1719 3739 verba
1763 3685 2058 3752 facientes,

402 3777 554 3847 ipsas
601 3778 987 3849 intelligimus,
1045 3778 1141 3833 sed
1200 3777 1346 3847 quod
1404 3777 1498 3831 lux
1557 3793 1668 3832 non
1715 3779 1822 3841 sit,
1881 3792 2074 3831 verum
2118 3777 2243 3832 luce
2290 3780 2661 3848 prmstantior.

2075 3146 2204 3202 πῃς,
2237 3131 2296 3184 οὐ
2333 3132 2494 3201 φύσιν
2521 3133 2702 3201 λέγεις
2727 3135 2884 3199 Θεοῦ,
2914 3139 3052 3193 ἀλλὰ
3078 3139 3150 3192 τὰ
3183 3142 3310 3212 περὶ
3343 3141 3442 3211 τὴν
3473 3141 3664 3209 φύσιν.

2075 3222 2195 3274 Εἰσὶ
2226 3222 2282 3275 δὲ
2337 3224 2431 3277 καί
2482 3242 2604 3278 τινα
2638 3229 3028 3297 καταφατικῶς
3049 3231 3322 3302 λεγόμενα
3373 3233 3467 3284 ἐπὶ
3497 3232 3663 3300 Θεοῦ,

2074 3312 2304 3383 δύναμιν
2354 3315 2686 3388 ὑπεροχικῆς
2722 3320 3052 3389 ἀποφάσεως
3082 3323 3311 3394 ἔχοντα’
3349 3322 3479 3386 οἷον,
3519 3327 3656 3378 σκό-

2075 3421 2164 3467 τος
2197 3403 2448 3472 λέγοντες
2496 3408 2587 3459 ἐπὶ
2615 3408 2750 3461 Θεοῦ
2774 3451 2786 3472 ,
2821 3411 2881 3462 οὐ
2918 3413 3109 3476 σκότος
3139 3415 3395 3484 νοοῦμεν,
3431 3414 3543 3468 ἀλλ’
3572 3416 3664 3468 ὅτι

2074 3497 2176 3550 οὐκ
2215 3495 2332 3549 ἐστι
2367 3497 2506 3566 φῶς,
2532 3499 2649 3552 ἀλλ’
2684 3501 2824 3572 ὑπὲρ
2865 3502 2926 3554 τὸ
2959 3502 3072 3571 φῶς
3107 3520 3120 3534 ο
3152 3506 3246 3558 καὶ
3280 3505 3415 3574 φῶς,
3441 3507 3522 3558 ὅτι
3554 3507 3666 3559 οὐκ

2077 3589 2195 3643 ἐστι
2227 3590 2438 3654 σκότος.

2141 3685 2499 3740 tenebrarum
2568 3703 2756 3744 vocem
2831 3703 3189 3759 usurpamus,
3234 3705 3339 3742 non
3405 3688 3666 3746 tenebras

2745 3781 2954 3837 Eodem
3026 3782 3211 3847 modo,
3281 3797 3406 3836 cum
3483 3784 3664 3838 lucem

400 3887 528 3929 eum
581 3873 843 3940 dicimus,
900 3873 1010 3930 hoc
1067 3873 1470 3943 signiﬁcamus,
1530 3873 1679 3943 quod
1733 3875 1981 3930 tenebrre
2017 3888 2128 3928 non
2171 3873 2275 3928 sit.

1080 3965 1232 4021 CAP.
1271 3964 1335 4019 V.

452 4055 850 4111 Dcmonstratio
881 4059 1022 4126 quod
1059 4073 1194 4109 imus
1217 4057 1287 4109 sit
1321 4055 1463 4110 Deus
1499 4068 1545 4110 et
1586 4059 1691 4110 nan
1719 4057 1932 4124 plures.

473 4145 647 4216 Igitur
695 4146 845 4212 quod
895 4145 1042 4202 Deus
1093 4147 1200 4209 sit,
1251 4147 1513 4216 quodque
1559 4147 1680 4215 ejus
1735 4147 1982 4202 essentia

406 4237 799 4306 comprehendi
833 4247 1099 4308 nequeat,
1134 4239 1352 4293 abunde
1399 4240 1842 4294 demonstratum
1872 4246 1978 4293 est.

405 4330 571 4396 Quod
601 4339 782 4385 autem
832 4347 977 4387 unus
1024 4333 1118 4397 sit,
1175 4342 1228 4386 et
1275 4346 1384 4385 non
1438 4333 1645 4400 plures,
1703 4331 1846 4400 apud
1881 4345 1980 4385 eos

406 4421 654 4492 quidem,
674 4424 770 4492 qui
790 4421 1094 4492 Scriptura:
1112 4422 1310 4477 divina:
1331 4422 1490 4477 (idem
1509 4421 1802 4484 adhibent,
1819 4429 1978 4476 extra

405 4515 846 4569 controversiam
901 4522 1004 4569 est.
1064 4513 1334 4568 Dominus
1372 4514 1520 4567 enim
1565 4528 1736 4583 quam
1798 4513 1973 4583 legem

406 4604 599 4662 Israeli
637 4607 800 4670 tulit,
829 4607 1016 4662 verbis
1056 4607 1121 4660 iis
1149 4605 1475 4674 auspicatur
1527 4623 1540 4659 :
1581 4605 1690 4676 Ego
1719 4603 1979 4657 Dominus

406 4696 572 4762 Deus,
595 4697 685 4765 qui
707 4697 867 4751 eduxi
887 4706 935 4751 te
960 4695 1023 4750 de
1042 4706 1183 4750 terra
1202 4693 1439 4766 /Egypti.
1469 4695 1591 4749 Non
1617 4703 1771 4750 erunt
1787 4695 1882 4748 tibi
1902 4696 1979 4750 dii

408 4787 506 4842 alii
533 4797 726 4856 praeter
758 4803 838 4840 me
866 4788 937 4841 “.
976 4786 1037 4838 Et
1065 4802 1268 4842 rursus
1302 4787 1380 4839 ait
1406 4803 1420 4840 :
1448 4786 1612 4854 Audi,
1641 4785 1849 4840 Israel:
1877 4785 1982 4839 Do—

407 4878 585 4932 minus
639 4877 774 4932 Deus
805 4886 948 4941 tuus,
989 4877 1126 4932 Deus
1151 4893 1287 4930 unus
1324 4886 1399 4930 est
1432 4877 1498 4928 ³⁷.
1533 4875 1596 4928 Et
1648 4891 1743 4945 per
1777 4875 1975 4930 Isaiam

408 4969 734 5040 prophetam
773 4988 785 5022 :
832 4967 943 5039 Ego
993 4969 1158 5031 enim,
1205 4969 1408 5039 inquit,
1439 4985 1556 5022 sum
1589 4962 1728 5022 Deus
1758 4969 1979 5036 primus,

408 5069 457 5114 et
486 5077 576 5131 ego
621 5059 884 5130 post/acc;
931 5071 980 5114 et
1028 5071 1224 5129 praeter
1261 5077 1341 5115 me
1385 5070 1592 5114 nonest
1641 5059 1804 5114 Deus.
1851 5060 1986 5114 Ante

410 5166 493 5204 me
553 5168 656 5206 non
703 5152 806 5220 fuit
857 5153 996 5206 alius
1038 5143 1204 5219 Deits,
1258 5165 1306 5209 et
1358 5164 1476 5223 post
1525 5170 1738 5208 menon
1784 5155 1906 5217 erit,
1937 5163 1985 5206 et

411 5253 604 5311 prwter
630 5260 708 5297 me
741 5261 843 5298 non
865 5253 942 5297 est
966 5244 1034 5298 ’⁸.
1081 5243 1227 5310 Quin
1259 5254 1311 5301 et
1342 5245 1614 5301 Dominus
1642 5245 1696 5300 in
1731 5243 1982 5317 Evange-
2015 5232 2029 5258 “

484 5424 529 5454 ²¹
559 5421 724 5492 Greg.
755 5423 888 5477 ΝΜ.
940 5432 1080 5477 orat.
1131 5423 1220 5485 52,
1255 5424 1342 5479 δι.
1420 5424 1467 5457 ¹³
1496 5423 1573 5480 Id.
1593 5425 1722 5481 ibid.
1755 5425 1898 5483 “Id.
1935 5426 2072 5482 ibid.

419 5490 463 5522 ⁸⁷
496 5490 736 5560 Dcut.vt,
767 5493 821 5550 4.
898 5494 942 5526 ³⁸
968 5494 1072 5549 lsa.
1114 5508 1270 5559 xLItt,
1320 5494 1406 5548 i0.

2680 3964 2930 4017 ΚΕΦΑΛ.
2985 3963 3058 4018 E'.

2165 4053 2495 4118 Ἀπόδειξις
2525 4053 2612 4108 ὅτι
2647 4050 2734 4120 εἶς
2761 4055 2891 4108 ἐστι
2918 4056 3063 4122 Θεὸς
3103 4056 3200 4109 καὶ
3242 4059 3314 4108 οὐ
3346 4056 3588 4111 πολλοί.

2154 4144 2277 4197 Ὀτι
2306 4147 2406 4214 μέν
2434 4146 2549 4198 ὲστι
2575 4145 2728 4210 Θεὸς,
2770 4148 2973 4210 ἱκανῶς
3021 4148 3421 4208 ἀποδέδεικται,
3454 4150 3546 4201 καὶ
3579 4149 3664 4203 ὅτι

2079 4220 2464 4306 ἀκατάληπτος
2497 4237 2667 4290 αὑτοῦ
2697 4239 2730 4307 ἡ
2764 4239 2941 4294 οὐσία.
2975 4240 3097 4302 Ὅτι
3118 4240 3173 4292 δὲ
3199 4235 3276 4302 εἷς
3306 4242 3420 4293 ἐστι
3449 4241 3578 4305 Θεὸς
3597 4252 3660 4305 ω,

2087 4328 2177 4379 καῖ
2202 4327 2260 4378 οὐ
2298 4325 2500 4387 πολλοὶ,
2533 4328 2645 4390 τοῖς
2671 4327 2769 4397 μὲν
2807 4330 2874 4398 τῇ
2918 4327 3039 4398 Θεία
3087 4327 3439 4397 πειθομένοις
3472 4330 3662 4400 Γραφῇ

2086 4418 2185 4470 οὐκ
2215 4417 2629 4487 ἀμφιϐάλλεται.
2667 4419 2804 4487 Φησὶ
2835 4418 2943 4487 γὰρ
2972 4421 3000 4472 ὁ
3024 4419 3225 4490 Κύριος
3261 4421 3319 4471 ἐν
3351 4423 3417 4489 τῇ
3448 4420 3544 4490 τῆς
3575 4437 3665 4474 νο·-

2089 4509 2345 4580 μοοεσίας
2370 4510 2740 4580 ἁρχῇἘγ-ὁυ
2783 4511 3000 4578 Κύριος
3030 4514 3062 4563 ὁ
3103 4511 3247 4575 Θεός
3289 4527 3427 4575 σου,
3468 4512 3665 4575 δέξα-

2083 4601 2280 4670 ταγών
2335 4617 2410 4656 σε
2461 4603 2530 4655 ἐκ
2579 4601 2691 4670 γῆς
2744 4605 3067 4671 Αἰγύπτου.
3118 4607 3241 4658 Οὐκ
3273 4604 3522 4658 ἔσονταί
3563 4618 3668 4659 σοι

2080 4692 2203 4745 θεοὶ
2283 4692 2471 4760 ἕτεροι
2541 4692 2710 4760 πλὴν
2761 4693 2930 4762 ἐμοῦ.
2987 4695 3099 4747 Καὶ
3166 4694 3362 4748 πάλιν·
3414 4696 3666 4760 Ἄκουε,

2094 4781 2341 4850 Ἰσραήλ
2366 4801 2378 4814 ο
2412 4785 2628 4851 Κύριος
2673 4787 2707 4837 ὁ
2757 4786 2904 4850 Θεός
2932 4800 3070 4849 σου,
3108 4787 3326 4853 Κύριος
3372 4781 3461 4852 εἶς
3512 4787 3664 4842 ἐστι.

2081 4876 2192 4928 Καὶ
2219 4874 2307 4928 διὰ
2345 4875 2569 4929 Ἠσαίου
2626 4874 2720 4928 τοῦ
2769 4877 3048 4948 προφήτου
3085 4892 3097 4905 ·
3142 4875 3292 4947 Ἐγὼ
3333 4878 3442 4948 γὰρ
3469 4919 3483 4942 ,
3511 4879 3668 4948 φησὶ,

2083 4966 2230 5032 Θεὸς
2275 4965 2543 5035 πρῶτος·
2579 4967 2678 5021 καὶ
2737 4967 2852 5037 ἐγὼ
2896 4969 3049 5037 μετὰ
3090 4969 3312 5034 ταῦτα,
3356 4969 3456 5023 καὶ
3501 4970 3670 5036 πλὴν

2080 5056 2226 5126 ἐμοῦ
2261 5060 2372 5112 οὐκ
2406 5057 2538 5112 ἔστι
2563 5060 2738 5124 Θεόςο
2769 5057 3116 5127 ἔμπροσθέν
3134 5078 3254 5128 μου
3296 5061 3408 5114 οὐκ
3432 5059 3671 5129 ἐγένετο

2082 5151 2271 5218 ἄλλος
2301 5151 2468 5218 Θεὸς,
2508 5152 2608 5205 καὶ
2657 5153 2786 5222 μετ’
2819 5151 2925 5220 ἐμὲ
2954 5153 3064 5205 οὐκ
3111 5151 3304 5215 ἔσται,
3351 5152 3450 5205 καὶ
3503 5150 3672 5217 πλὴν

2080 5244 2226 5314 ἐμοῦ
2260 5245 2372 5300 οὐκ
2392 5245 2542 5299 ἐστι.
2575 5245 2685 5300 Καὶ
2713 5245 2740 5296 ὁ
2770 5243 2972 5315 Κύριος
2999 5244 3056 5297 δὲ
3087 5245 3144 5296 ἐν
3170 5247 3284 5308 τοῖς
3318 5246 3483 5318 ἱεροῖς
3505 5253 3533 5280 ιι
3565 5245 3667 5296 Εὑ-

2151 5428 2448 5498 "Dionys.
2495 5423 2572 5480 De
2597 5434 2754 5497 myst.
2789 5425 3011 5495 theolog.
3123 5425 3168 5456 “
3211 5423 3384 5479 Exod.
3435 5439 3526 5488 xx,
3574 5423 3667 5478 2i.

1704 5585 1940 5641 VARIZE
1979 5584 2388 5641 LECTIONES.

505 5650 519 5692 ι
569 5676 830 5731 Nonnulli
858 5677 1013 5733 codd.
1061 5677 1159 5732 κᾶν
1197 5678 1392 5757 οτιοῦν.
1471 5688 1510 5717 ω
1541 5677 1700 5734 Deest
1741 5678 1872 5740 Θεὸς
1903 5680 1955 5733 in
1982 5677 2113 5733 edit.
2197 5689 2223 5716 η
2261 5679 2315 5732 In
2340 5678 2503 5734 editis
2549 5678 2720 5746 abest,
2755 5679 2938 5750 ἱεροῖς.
2976 5677 3033 5736 In
3086 5695 3214 5737 mss.
3259 5678 3477 5751 legitur.
