4014 6202
386 252 492 318 803

1551 243 1612 304 S.
1647 243 1970 307 JOANNIS
2009 244 2437 310 DAMASCENI

3550 251 3694 318 885

390 381 476 424 tus
508 377 617 420 non
651 368 759 417 cst.
809 357 1047 416 Verbum
1103 370 1272 428 porro
1308 355 1357 412 si
1409 355 1628 423 habeat,
1666 373 1774 412 non
1809 357 1961 429 ejus-

2074 357 2373 430 ἀρξάμενον
2404 357 2500 414 τοῦ
2535 353 2695 423 εἶναι,
2727 358 2850 416 οὐδὲ
2894 360 3264 432 παυσόμενον.
3310 364 3387 419 οὗ
3440 368 3569 440 γὰρ
3608 363 3696 438 ἦν

385 456 533 512 modi
562 454 697 509 illud
728 451 1025 508 habiturus
1051 457 1160 514 est,
1207 447 1357 520 quod
1393 462 1504 504 non
1539 449 1832 515 subsistat,
1868 459 1964 505 aut

385 549 534 622 quod
563 562 688 604 esse
711 546 966 616 ceperit,
1001 551 1096 598 aut
1123 543 1196 599 sit
1221 541 1552 597 desiturum.
1593 540 1780 613 Neque
1813 543 1962 599 enim

388 644 491 698 fuit
545 653 812 711 unquam,
867 652 996 693 eum
1041 637 1184 693 Deus
1219 637 1344 692 sine
1375 633 1559 692 Verbo
1608 645 1781 692 esset.
1815 635 1962 703 Quin

385 734 576 808 potius
611 731 853 788 Verbum
900 744 1062 786 suum
1115 743 1183 785 ex
1231 742 1293 785 se
1325 727 1572 799 genitum
1609 741 1831 799 semper
1863 727 1962 783 ba-

387 826 504 890 bet,
532 839 645 880 non
676 821 828 894 quod
879 821 947 878 ad
992 821 1169 876 instar
1204 821 1380 876 nostri
1427 834 1540 876 non
1581 818 1874 884 subsistat,
1910 825 1968 875 et

385 919 444 974 in
479 931 663 973 aerem
697 915 939 982 ditlluat;
965 912 1060 968 sed
1097 913 1153 967 in
1187 927 1248 968 se
1279 912 1619 978 consistens,
1651 912 1965 982 vivumque,

387 1017 445 1066 et
473 1007 804 1081 perfectum,
837 1015 1003 1076 atque
1033 1003 1330 1076 ejusmodi,
1362 1013 1422 1058 ut
1454 1013 1610 1060 extra
1642 1003 1824 1075 ipsum
1857 1016 1968 1058 non

389 1099 797 1174 progrediatur,
828 1097 926 1154 sed
958 1097 1015 1153 iu
1051 1097 1175 1168 ipso
1205 1110 1424 1166 semper
1467 1093 1704 1150 exsistat
1739 1093 1806 1147 “.
1845 1092 1968 1160 Quo

389 1196 561 1257 enim,
592 1206 804 1261 qumso,
838 1191 962 1246 loco
1003 1197 1174 1253 esset,
1211 1189 1258 1246 si
1297 1198 1452 1244 extra
1485 1187 1667 1259 ipsum
1703 1185 1970 1242 excedat?

390 1284 526 1341 Nam
569 1284 696 1354 quia
745 1291 944 1338 natura
995 1289 1188 1338 nostra
1238 1281 1446 1337 caduca
1486 1288 1593 1347 est,
1642 1288 1696 1335 et
1728 1277 1966 1350 fragilis,

390 1377 464 1431 ob
490 1389 612 1431 eam
659 1389 881 1445 quoque
910 1387 1136 1429 causam
1172 1387 1358 1428 sermo
1393 1379 1581 1428 noster
1611 1371 1970 1428 subsistentia

391 1477 567 1522 caret.
623 1469 692 1520 At
746 1465 923 1532 Dens,
969 1479 1094 1519 cum
1156 1463 1530 1535 sempiternus
1577 1463 1970 1536 perlectusque

392 1560 486 1622 sit,
523 1557 834 1627 perfectum
875 1571 1104 1626 quoque
1139 1565 1194 1611 et
1235 1555 1574 1620 subsistens,
1606 1571 1846 1627 vereque
1873 1571 1971 1612 ex-

394 1651 601 1706 sistens
637 1647 880 1704 Verbum
915 1663 1074 1703 suum
1115 1647 1309 1714 habet;
1353 1648 1583 1717 etquod
1623 1664 1845 1720 semper
1875 1648 1970 1715 sit,

391 1749 449 1796 et
472 1741 644 1804 vivat,
678 1747 732 1795 et
771 1739 956 1794 omnia
985 1739 1210 1802 habeat,
1244 1753 1364 1807 quae
1392 1737 1558 1793 Pater
1589 1739 1778 1795 habet.
1815 1737 1974 1793 Sicut

391 1832 539 1887 enim
590 1846 775 1887 sermo
831 1839 1022 1887 noster
1075 1846 1145 1886 ex
1193 1839 1380 1894 mente
1436 1829 1798 1902 progrediens
1827 1869 1842 1896 ,
1874 1845 1976 1887 nec

392 1938 629 1994 prorsus
664 1938 790 1977 cum
837 1930 1024 1978 mente
1073 1922 1216 1977 idem
1265 1930 1375 1986 est,
1434 1937 1536 1979 nec
1587 1939 1811 1979 rursum
1859 1939 1978 1978 om-

393 2014 526 2069 nino
551 2014 622 2070 ab
660 2028 722 2070 ea
765 2013 1022 2071 diversus
1074 2025 1384 2085 (quatenus
1430 2017 1579 2069 enim
1632 2031 1697 2070 es
1749 2023 1971 2080 mente,

394 2103 668 2160 hactenus
703 2103 849 2161 alius
883 2112 970 2160 est
1001 2119 1032 2159 a
1067 2114 1293 2171 mente;
1342 2115 1618 2175 quatenus
1663 2120 1793 2160 vero
1823 2120 1980 2161 men-

395 2201 506 2248 tem
562 2194 743 2265 ipsam
805 2197 989 2266 palam
1050 2195 1286 2266 profert,
1341 2211 1451 2250 non
1502 2196 1616 2266 jam
1674 2210 1906 2266 prorsus
1946 2211 1977 2250 a

394 2294 582 2342 mente
633 2286 890 2343 diversus
941 2294 1063 2354 cst,
1109 2299 1306 2342 verum
1354 2294 1552 2341 natura
1617 2286 1840 2356 quidem
1892 2293 1979 2341 est

397 2393 569 2434 unum
610 2393 735 2433 cum
775 2394 862 2442 ea,
893 2379 1148 2449 subjecto
1178 2388 1361 2435 autem
1395 2381 1463 2435 ah
1491 2380 1586 2433 illa
1612 2379 1919 2448 diversum)
1958 2397 1973 2434 ε

397 2470 464 2523 ad
495 2469 746 2524 eumdem
785 2468 1009 2524 modum
1052 2468 1146 2525 Dei
1183 2485 1409 2541 quoque
1453 2469 1722 2533 Verbum,
1775 2480 1970 2538 quate-

399 2575 509 2614 nus
560 2575 661 2631 per
707 2575 768 2614 se
803 2560 1084 2625 subsistit,
1137 2562 1206 2616 ab
1252 2577 1318 2616 eo
1366 2561 1749 2628 distinguitur,
1787 2575 1814 2612 a
1862 2574 1973 2630 quo

2065 452 2158 504 ὅτε
2190 451 2291 505 οὐκ
2339 447 2408 522 ἦν
2450 453 2479 505 ό
2511 452 2643 518 Θεὸς
2676 453 2867 521 Λόγος.
2921 454 3036 508 ’Δεὶ
3077 454 3135 508 δὲ
3175 454 3291 528 ἔχει
3321 458 3414 512 τὸν
3445 457 3694 515 ἑαυτοῦ

2063 541 2240 609 Λόγον
2268 541 2328 607 ἐξ
2368 541 2530 597 αὑτοῦ
2559 542 2903 615 γεννώμενον
2929 586 2944 611 ,
2974 545 3038 600 οὐ
3070 547 3214 602 κατὰ
3249 549 3344 604 τὸν
3374 551 3694 626 ἡμέτερον

2061 631 2220 703 λόγον
2252 633 2640 703 ἀνυπόστατον,
2671 635 2768 689 καὶ
2808 636 2889 701 εἰς
2916 636 3060 708 ἀέρα
3090 639 3374 711 χεόμενον,
3403 643 3530 699 ἀλλ’
3570 645 3691 700 ιν-

2063 725 2389 792 υπόστατον,
2419 725 2618 793 ζῶντα,
2639 727 2873 782 τιλειονο
2898 727 3001 784 οὐκ
3021 729 3129 796 ἔξω
3147 731 3316 788 αὐτοῦ
3337 736 3684 809 χωροῦντα,

2063 814 2180 870 ἀλλ’
2207 816 2267 870 ιν
2309 815 2462 889 αὐτῷ
2499 817 2588 872 ἀεὶ
2636 817 2790 873 ὂντα.
2827 818 2939 874 Ποῦ
2972 819 3083 894 γὰρ
3129 821 3306 893 ἔσται,
3339 825 3446 894 ιεω
3473 827 3685 883 αὐτοῦ

2065 908 2386 980 γινόμενος,
2449 910 2669 984 Ἐπειδὴ
2701 911 2812 983 γὰρ
2843 913 2880 983 ἡ
2915 913 3162 987 ἡμετέρα
3187 916 3354 987 φύσις
3378 919 3688 992 se:th

2065 1001 2185 1056 ἐστι
2212 1040 2228 1068 ,
2257 1002 2358 1057 καὶ
2397 1000 2709 1067 εὐδιάλυτος
2731 1041 2749 1068 ,
2797 1002 2887 1058 διὰ
2932 1003 3094 1060 τοῦτο
3123 1007 3220 1062 καὶ
3248 1008 3279 1062 ό
3305 1008 3465 1079 λόγος
3485 1007 3684 1082 ἡμῶν

2071 1095 2222 1149 ἑστιν
2253 1095 2647 1161 ἀνυπόστατος.
2687 1095 2749 1150 '0
2775 1096 2834 1150 δὲ
2860 1095 2993 1163 Θεὸς
3035 1097 3124 1153 ἀεὶ
3165 1098 3265 1165 ὢν,
3301 1103 3398 1158 καὶ
3442 1102 3682 1167 diem;

2068 1187 2166 1256 ὢν,
2214 1190 2310 1244 καὶ
2351 1188 2560 1245 τέλειον
2603 1189 2698 1244 καὶ
2733 1189 3099 1244 ιννπόστατον
3139 1189 3251 1258 ἔξει
3297 1194 3392 1248 τὸν
3447 1193 3675 1249 ἑαυτοῦ

2069 1280 2264 1350 Λόγον,
2306 1281 2402 1335 καὶ
2431 1281 2520 1335 ἀεὶ
2557 1280 2705 1346 ὄντα,
2737 1281 2834 1335 καὶ
2863 1278 3064 1345 ζῶντα,
3099 1283 3194 1337 καὶ
3241 1283 3420 1341 πάντα
3456 1286 3676 1358 ἔχοντα

2070 1374 2172 1428 ὅσα
2197 1375 2224 1426 ό
2257 1374 2538 1444 γεννήτωρ
2571 1372 2706 1444 ἔχει.
2741 1373 2952 1444 Ὠσπερ
2980 1373 3092 1445 γὰρ
3130 1375 3159 1427 ό
3186 1376 3460 1449 ἡμέτερος
3487 1378 3672 1448 ὶόγος

2073 1465 2139 1517 ὲκ
2161 1463 2258 1517 τοῦ
2299 1463 2392 1517 νοῦ
2420 1465 2845 1534 προερχόμενος,
2879 1462 3004 1517 οὔτε
3033 1463 3102 1518 δι’
3137 1465 3263 1520 ὅλου
3287 1468 3319 1521 ό
3341 1469 3500 1532 αὐτός
3532 1471 3667 1524 ἐστι

2071 1554 2149 1625 τῷ
2173 1553 2268 1625 νῷ,
2295 1552 2420 1608 οὔτε
2449 1554 2795 1609 παντάπασιν
2823 1555 3015 1627 ἔτερος
3041 1571 3054 1586 ο
3085 1557 3150 1610 ὲκ
3177 1558 3271 1612 τοῦ
3299 1559 3392 1614 νοῦ
3418 1561 3517 1632 μὲν
3544 1562 3667 1632 γὰρ

2073 1646 2170 1708 ὢν,
2197 1646 2356 1711 ἄλλος
2401 1648 2519 1701 ἐστὶ
2548 1648 2682 1719 παρ’
2729 1645 2927 1702 αὐτόν·
2977 1647 3140 1702 αὑτὸν
3185 1649 3243 1704 δὲ
3284 1651 3379 1704 τὸν
3423 1649 3552 1705 νοῦν
3576 1653 3665 1716 ei;

2073 1739 2385 1810 τούμφανὲς
2419 1739 2605 1808 ἄγων,
2653 1738 2839 1793 οὐκέτι
2892 1741 3242 1796 παντάπασιν
3293 1743 3486 1815 ἕτερός
3538 1745 3661 1798 ἐστι

2073 1830 2226 1903 παρὰ
2255 1830 2345 1885 τὸν
2387 1830 2533 1896 νοῦν,
2569 1829 2707 1886 ἀλλὰ
2735 1831 2878 1886 κατὰ
2907 1830 3005 1905 τὴν
3035 1831 3196 1903 φύσιν
3239 1833 3302 1888 ἓν
3330 1835 3430 1900 ὢν,
3466 1835 3657 1906 ιτερόν

2075 1925 2192 1978 ἐστι
2214 1923 2292 1995 τῷ
2318 1922 2668 2008 ὑποκειμένῳ
2691 1939 2706 1954 ·
2733 1923 2908 1989 οὕτως
2935 1925 3028 1979 καὶ
3049 1925 3078 1978 ό
3102 1922 3198 1979 τοῦ
3235 1925 3375 1980 Θεοῦ
3402 1927 3582 1995 Λόγος
3601 1935 3651 1994 Ρ,

2075 2014 2153 2085 τῷ
2187 2014 2286 2086 μὲν
2319 2015 2618 2085 ὑφεστάναι
2665 2015 2790 2070 καθ’
2831 2016 3057 2082 ἑαυτὸν,
3099 2016 3354 2089 διῄρηται
3378 2017 3459 2087 (7)
3510 2018 3650 2090 πρὸς

2078 2107 2288 2160 ἐκεῖνον
2318 2103 2449 2174 παρ’
2477 2099 2540 2158 οὒ
2569 2105 2670 2176 τὴν
2704 2104 3002 2160 ὑπόστασιν
3022 2114 3051 2156 ‘t
3078 2105 3192 2176 ἔχει
3219 2121 3235 2135 ·
3269 2105 3347 2158 To
3377 2105 3438 2158 ὁὶ
3476 2103 3647 2159 ταῦτα

2073 2196 2339 2251 δεικνύειν
2367 2198 2425 2250 ὲν
2464 2194 2667 2268 ἐαυτῷ,
2713 2195 2749 2251 ἃ
2781 2196 2908 2266 περὶ
2950 2195 3041 2249 τὸν
3087 2194 3217 2248 Θεὸν
3258 2194 3591 2264 καθορᾶται,
3620 2193 3652 2244 δ

2075 2291 2235 2354 αὑτός
2277 2290 2393 2344 ἐστι
2436 2291 2580 2345 κατὰ
2624 2289 2722 2362 τὴν
2765 2289 2929 2360 φύσιν
2976 2286 3431 2358 ὲκείνῳ.”Ωσπερ
3457 2283 3569 2355 γαρ
3597 2284 3657 2337 σεδ

2076 2382 2134 2433 ὲν
2175 2381 2348 2436 ἅπασι
2399 2381 2604 2435 τέλειον
2650 2382 2746 2436 ἐπὶ
2776 2379 2870 2435 τοῦ
2903 2379 3120 2451 Πατρός
3151 2376 3480 2448 θεωρεῖται,
3521 2371 3661 2429 οὕτω

2077 2473 2172 2525 καὶ
2225 2471 2321 2526 ἐπὶ
2370 2471 2464 2526 τοῦ
2513 2473 2574 2539 ἐξ
2624 2473 2788 2528 αὐτοῦ
2835 2469 3244 2544 γεγεννημένου
3295 2469 3474 2539 Λόγου
3530 2466 3663 2521 θεω-

2082 2565 2252 2634 ρεῖται
2279 2572 2324 2618 ι’.

398 2657 562 2711 habet
595 2665 652 2710 ut
682 2672 777 2726 per
801 2671 860 2711 se
890 2657 1162 2711 subsistat
1193 2673 1207 2709 :
1234 2664 1510 2726 quatenus
1543 2654 1700 2724 130
1719 2656 1901 2709 autem
1935 2657 2121 2711 eadem
2150 2658 2202 2710 in
2232 2659 2350 2727 ipso
2381 2656 2650 2714 ostendit.
2682 2671 2802 2728 qua:
2822 2656 2878 2711 in
2906 2654 3016 2711 Deo
3040 2652 3486 2728 conspiciuntur,
3514 2650 3659 2708 idem

399 2758 600 2800 natura
633 2761 757 2800 cum
800 2746 924 2816 ipso
953 2752 1060 2800 est.
1093 2743 1571 2812 Quemadmodum
1605 2745 1751 2795 enim
1789 2743 2105 2799 orntuimoda
2148 2745 2389 2816 undique
2421 2744 2687 2816 perfectio
2761 2745 2816 2799 in
2880 2743 3042 2800 Patre
3118 2742 3477 2814 perspicitur,
3565 2755 3662 2798 ea-

397 2843 519 2896 dem
552 2839 716 2895 ctiam
752 2839 807 2892 in
842 2837 1026 2893 Verbo
1054 2854 1119 2890 cx
1163 2837 1282 2905 ipso
1315 2835 1504 2905 genito
1542 2841 1850 2904 spcctatur.

1029 2930 1183 2986 CAP.
1216 2929 1335 2984 VII.

503 3024 581 3078 De
609 3022 812 3094 Spiritu
842 3033 1050 3087 sancto,
1088 3023 1330 3093 probatio
1353 3021 1515 3075 ducta
1545 3035 1609 3075 ex
1639 3023 1863 3076 ratione.

471 3183 652 3238 Divini
701 3182 939 3253 Spiritus
1006 3183 1070 3238 ab
1120 3183 1352 3236 humano
1399 3181 1705 3234 discrimen.
1737 3208 1801 3218 —
1832 3179 1974 3237 Suus

399 3291 618 3346 quoque
651 3273 836 3330 Verbo
875 3276 1121 3344 Spiritus
1146 3275 1220 3329 sit
1253 3279 1495 3342 oportet.
1532 3270 1670 3325 Nam
1697 3287 1765 3326 ne
1794 3279 1982 3326 noster

401 3364 622 3432 quidem
654 3378 841 3418 sermo
871 3363 1106 3431 spiritus
1143 3369 1229 3417 est
1261 3376 1484 3431 expers.
1523 3359 1640 3414 Hoc
1671 3370 1854 3414 autem
1891 3361 1980 3414 in-

401 3463 486 3511 ter
525 3463 818 3524 utrumque
861 3454 1127 3520 interest,
1167 3452 1314 3524 quod
1360 3453 1414 3506 in
1464 3452 1626 3508 nobis
1671 3453 1903 3523 spiritus
1944 3469 1975 3508 a

477 3633 518 3664 ⁸⁸
543 3631 705 3702 Grcg.
742 3631 871 3704 Nys.
906 3631 1128 3689 Catech.
1155 3647 1210 3689 c.
1240 3633 1294 3688 i.

2692 2922 2944 2978 ΚΕΦΑΔ.
2979 2921 3052 2977 Z'.

2081 3018 2224 3088 Περὶ
2262 3017 2366 3072 τοῦ
2400 3017 2744 3086 Πνεύματος
2789 3016 2897 3088 τοῦ
2926 3015 3136 3088 Δἁγίου,
3172 3015 3658 3087 συλλογιστικὴί

2697 3085 3027 3150 ἀπόδειξις.

2153 3182 2246 3232 Δεῖ
2278 3180 2334 3233 δὲ
2367 3178 2459 3232 τὸν
2487 3178 2659 3247 Λόγον
2699 3179 2793 3233 καὶ
2827 3177 3056 3249 Πνεῦμα
3092 3176 3239 3248 ἔχειν
3255 3177 3357 3248 (8).
3388 3177 3502 3232 Καὶ
3525 3179 3660 3247 γὰρ,

2080 3272 2177 3324 καὶ
2202 3274 2230 3324 ό
2263 3272 2530 3343 ἡμέτερος
2559 3270 2717 3339 λόγος
2748 3271 2848 3324 οὐκ
2876 3269 3104 3341 ἄμοιρός
3131 3270 3250 3324 ἐστι
3289 3269 3386 3324 τοῦ
3421 3271 3668 3339 πνεῦμα·

2081 3379 2170 3426 τος
2196 3379 2210 3393 ’
2243 3361 2358 3416 ἀλλ’
2399 3363 2483 3432 ἐφ’
2520 3362 2679 3433 ἡμῶν
2709 3361 2809 3433 μὲν
2856 3361 2918 3414 τὺ
2953 3360 3175 3431 πνεῦμα
3219 3361 3500 3434 ἀλλότριόν
3539 3362 3664 3416 ἐστι

2082 3453 2184 3524 τῆς
2209 3454 2488 3524 ἡμετέρας
2519 3453 2732 3518 οὐσίας.
2760 3452 2868 3507 Τοῦ
2903 3452 3066 3524 ἀέρος
3094 3452 3206 3525 γάρ
3235 3455 3384 3507 ἐστιν
3403 3453 3537 3526 όλκὴ
3561 3455 3664 3509 καὶ

1662 3725 1900 3782 VARl/E
1941 3726 2344 3784 LECTIONES.

474 3831 504 3871 ι’
532 3818 589 3874 1η
629 3816 698 3872 Β.
727 3818 867 3872 2627
909 3819 1128 3875 additur
1188 3819 1248 3884 ὃς
1279 3821 1426 3873 ἐστιν
1451 3820 1480 3872 ό
1521 3825 1655 3883 υἱός.

1730 3819 1916 3876 ςεοιί.
1979 3819 2039 3875 S.
2093 3821 2197 3876 Hii.
2233 3820 2490 3886 ὕπαρξιν.
2553 3817 2646 3877 Sic

403 3889 582 3955 Edita,
609 3889 707 3960 τὴν
738 3888 950 3959 γένεσιν
985 3890 1285 3944 ὑπόστασιν
1313 3889 1448 3962 ἔχει.
1480 3889 1733 3946 Absurde
1765 3905 2016 3960 prorsus.

2701 3819 2838 3944 Reg.
2889 3820 3016 3884 duo,
3067 3828 3124 3876 et
3270 3819 3660 3876 «assistentium.

2726 3901 2748 3929 ³
2825 3901 2990 3944 esunt
3024 3891 3138 3944 hzec
3166 3907 3220 3944 tn
3243 3907 3376 3944 mss.

2825 3907 2888 3947 es

2096 3901 2118 3929 τ
2151 3891 2307 3946 Edita
2338 3892 2647 3964 Θεωρεϊται.
2726 3901 2748 3929 ³
2781 3891 2990 3947 Desunt
3024 3891 3138 3946 haec
3166 3892 3220 3945 in
3243 3907 3376 3947 mss.

1921 4046 2153 4103 ΝΟΤᾸΞ.

405 4137 629 4209 dicitur,
660 4137 733 4192 Οὐ
773 4137 880 4208 γὰρ
903 4133 970 4209 ἦν
987 4138 1074 4190 ὅτε
1103 4137 1202 4191 οὐκ
1227 4131 1315 4207 ἦν’
1351 4134 1533 4209 Neque
1561 4137 1702 4209 enint
1725 4135 1977 4209 crotali-

442 4207 638 4267 uaudo.
672 4224 789 4260 cum
828 4207 936 4263 ille
967 4225 1070 4261 non
1104 4217 1274 4270 esset;
1321 4207 1417 4262 sed
1465 4208 1630 4261 etiam
1672 4207 1976 4275 Sabellins,

453 4285 831 4348 amosateuus,
857 4289 910 4332 et
933 4279 1254 4348 quicunque
1291 4277 1385 4331 alii
1439 4291 1622 4332 veram
1655 4277 1974 4333 consisten-

408 4349 540 4400 tiam
570 4347 746 4402 eidem
792 4347 968 4402 Verbo
999 4347 1343 4401 ademerunt.

481 4417 558 4486 (7)
591 4418 892 4485 Διῄρηται.
933 4418 1008 4470 Ab
1031 4433 1091 4469 eo
1117 4416 1500 4486 distinguitur;
1533 4415 1698 4470 Patre
1744 4415 1978 4471 scilicet.

408 4484 700 4541 Nonnullis
728 4489 952 4543 verbum
983 4486 1237 4556 διῄρηται
1265 4484 1568 4556 displicuit,
1597 4486 1726 4554 quia
1752 4486 1978 4540 divisio-

407 4572 530 4610 nem
565 4566 853 4611 annueret.
885 4559 953 4610 At
976 4557 1018 4608 Τ
1025 4557 1288 4626 heologus
1315 4557 1446 4610 illud
1474 4557 1789 4626 frequenter
1819 4571 1980 4610 usur-

409 4635 523 4696 pat,
555 4629 620 4682 ad
647 4628 944 4682 discrimen
979 4626 1246 4680 duntaxat
1279 4641 1644 4695 personarum
1674 4627 1980 4696 enuntian-

407 4695 535 4768 dum
563 4715 576 4752 :
605 4714 665 4768 7v.
720 4713 802 4768 gr.
837 4697 966 4750 dum
1009 4697 1084 4768 ait
1116 4715 1128 4749 :
1167 4697 1264 4751 Ἐν
1302 4697 1431 4768 ὄντα
1461 4695 1806 4768 διῃρημένως
1829 4739 1844 4763 ,
1885 4699 1981 4750 καὶ

405 4766 761 4836 διαιρούμενα
789 4767 1172 4837 συνημμένῳς,
1199 4783 1315 4836 quae
1341 4766 1611 4837 discretim
1641 4783 1806 4820 unum
1831 4775 1978 4831 sunt,

405 4846 453 4889 et
481 4835 710 4891 discreta
735 4835 1076 4907 conjunctim.
1100 4836 1162 4892 Et
1182 4835 1322 4891 orat.
1339 4837 1409 4890 '54
1432 4853 1447 4891 :
1475 4835 1760 4907 Fulgorem
1792 4852 1976 4902 unum,

407 4909 488 4980 ab,
506 4923 614 4960 una
663 4907 866 4980 Deitate
898 4917 1296 4980 coruscantem,
1342 4907 1538 4980 évmt‘b;
1569 4908 1977 4980 διαιρουμένην,

406 4977 501 5029 καὶ
542 4978 960 5048 συναπτομένην
993 4977 1316 5048 ἀδιαιρέτῳς
1340 5021 1354 5043 ,
1377 4979 1466 5047 qui
1511 4977 1830 5048 conjunctins
1859 4977 1977 5032 dis-

405 5057 576 5119 cretus
610 5049 701 5110 sit,
729 5057 789 5119 et
835 5047 1108 5119 discretim
1151 5047 1476 5115 conjunctae
1500 5065 1519 5101 :
1554 5047 1610 5102 id
1654 5047 1793 5119 quod
1825 5049 1978 5116 plane

407 5117 598 5171 mentis
652 5118 819 5172 aciem
867 5118 1042 5188 fugin
1077 5120 1346 5172 Sescenta
1399 5126 1527 5173 sunt
1575 5117 1683 5172 tam
1714 5119 1975 5188 theologi,

406 5201 572 5256 quam
633 5187 966 5259 reliquorum
1023 5187 1247 5241 Patrum
1305 5190 1458 5252 loca,
1510 5190 1713 5259 quibus
1769 5187 1976 5258 διαιρέ-

408 5272 549 5320 σεως
580 5258 802 5313 nomine
832 5259 1050 5313 nonnisi
1081 5258 1378 5313 discrimen
1425 5259 1501 5312 rei
1533 5258 1709 5314 unius
1767 5260 1834 5311 ab
1871 5260 1975 5312 alia

405 5329 730 5399 enuntiatur
781 5346 795 5382 :
852 5339 1016 5399 atque
1056 5330 1159 5382 hoc
1219 5343 1385 5382 sensu
1433 5344 1556 5383 cum
1607 5330 1974 5399 contractioni

409 5395 755 5458 Sabellianzc,
797 5395 1173 5452 ttnn'Arianm
1201 5399 1460 5454 divisioni
1495 5399 1842 5454 adversatur.
1876 5398 1977 5452 Lc-

409 5467 554 5538 gesis
583 5468 780 5538 denuo,
803 5469 928 5522 Naz.
964 5477 1105 5522 orat.
1134 5470 1226 5533 ‘29,
1262 5486 1314 5538 p.
1345 5471 1470 5524 489.

478 5536 555 5605 (8)
596 5537 698 5609 Δεῖ
727 5537 832 5590 τὸν
882 5541 1077 5606 Λόγον
1104 5538 1201 5592 καὶ
1243 5536 1309 5592 ἑὸ
1337 5541 1580 5608 Πνεῦμα
1607 5539 1791 5609 ἔχειν.
1835 5538 1974 5593 Suus

408 5620 610 5674 quoque
655 5605 816 5679 Verbo
846 5611 912 5662 sit
945 5605 1175 5677 Spiritus
1207 5620 1427 5676 oportet.
1461 5605 1675 5675 Graeci,
1696 5619 1810 5663 tum
1850 5626 1974 5679 pro-

413 5683 531 5739 pter
585 5677 820 5730 nativam
857 5682 1132 5732 notionem
1165 5696 1328 5748 quam
1379 5680 1618 5749 Spiritus
1652 5677 1863 5734 nomen
1887 5681 1973 5734 in-

2085 4138 2248 4207 gerit,
2289 4145 2404 4190 tum
2439 4137 2511 4191 ob
2568 4137 2672 4191 hoc
2711 4135 3010 4206 Scriptura:
3071 4135 3315 4207 effatum,
3365 4147 3414 4192 et
3449 4135 3661 4206 Spiritu

2081 4206 2191 4261 oris
2225 4207 2338 4277 ejus
2389 4207 2558 4261 omnis
2608 4208 2774 4261 virtus
2821 4222 3042 4277 eorum,
3103 4206 3372 4277 Spiritum
3405 4216 3657 4263 sant-tum

2083 4276 2286 4332 docent
2314 4293 2344 4331 a
2379 4277 2542 4347 Patre
2581 4277 2877 4347 procedere
2910 4276 3072 4330 ﬂatus
3113 4276 3290 4331 instar
3313 4291 3480 4347 quem
3521 4277 3662 4333 Deus

2085 4348 2415 4417 proferendo
2431 4345 2669 4413 Verbum
2691 4348 2926 4417 emittat.
2953 4347 3043 4399 Ait
3061 4348 3260 4416 quippe
3281 4345 3501 4417 Nuster.
3527 4348 3612 4401 inf
3613 4365 3658 4402 r.

2083 4415 2135 4472 ὸ.
2170 4418 2237 4473 15
2260 4458 2274 4482 ,
2314 4417 2540 4472 Nullum
2569 4418 2681 4472 sine
2709 4415 2916 4487 Spiritu
2948 4415 3236 4487 impulsum
3263 4431 3404 4482 esse,
3433 4415 3660 4487 οὐδεμία

2120 4487 2392 4560 ἀρνόρμῂ
2435 4487 2574 4560 ,ἄνευ
2624 4486 2954 4556 πνεύματος.
3016 4486 3167 4560 Adeo
3204 4496 3429 4560 taman
3459 4498 3517 4541 nt
3564 4486 3662 4560 ille

2129 4555 2330 4627 piritus'
2350 4555 2444 4611 Dei
2476 4573 2584 4612 non
2619 4555 2910 4627 evanescat
2933 4601 2945 4618 ,
2984 4555 3291 4627 seddivina
3348 4558 3662 4627 substantia

2083 4625 2155 4682 sit
2192 4639 2248 4683 et
2277 4629 2396 4710 ipse
2423 4628 2587 4683 Dens.
2616 4628 2694 4679 lta
2724 4626 3040 4711 Gregorius
3080 4625 3365 4749 Ni'ssenus
3393 4626 3656 4696 disputat;

2083 4699 2153 4749 ita
2207 4697 2616 4749 Nazianzenus.
2653 4705 2798 4749 orat.
2834 4713 2871 4749 I.
2899 4696 2973 4749 3:
3001 4696 3128 4749 Lvrt
3153 4696 3238 4749 lus
3268 4696 3451 4749 Alex“
3502 4697 3656 4749 Thes.

2081 4699 2153 4753 ita
2207 4695 2616 4760 Nazianzenus,
2653 4705 2798 4750 orat.
2834 4695 2871 4762 ι,
2899 4696 2973 4762 5;
3001 4695 3238 4762 Cyrillus
3268 4696 3451 4760 Ales.,
3485 4695 3661 4752 Thes.

2081 4778 2282 4825 assert.
2314 4770 2404 4833 δι,
2439 4769 2572 4836 dial.
2601 4767 2636 4820 2
2671 4766 2746 4820 De
2775 4765 2927 4819 Trin.
2962 4781 3014 4836 p.
3039 4765 3146 4821 HS
3169 4774 3271 4836 ;Aet
3295 4767 3352 4829 Ἰ,
3384 4783 3439 4836 p.
3469 4766 3572 4821 634
3604 4778 3661 4820 et

2081 4839 2204 4893 640.
2249 4839 2324 4892 Ita
2351 4834 2592 4901 demum,
2631 4846 2689 4890 ut
2717 4836 2858 4890 alios
2913 4834 3148 4901 taceam,
3199 4834 3455 4900 Basilius,
3502 4838 3596 4892 lib.
3627 4852 3660 4890 ν

2081 4907 2237 4964 Cant.
2292 4909 2520 4961 Eunoni.
2555 4915 2610 4962 et
2640 4907 2736 4962 lib.
2771 4905 3098 4976 Deispiritu
3145 4915 3352 4968 sancto,
3402 4922 3528 4976 cap.
3569 4907 3660 4972 18,

2080 4982 2239 5034 ducet
2286 4980 2552 5049 Spiritum
2594 4993 2724 5049 esse
2763 4992 2828 5049 es
2863 4975 3006 5049 Deo,
3051 4993 3154 5029 non
3197 4978 3462 5049 quomodo
3496 4991 3561 5030 ea:
3599 4992 3661 5029 eo

2079 5059 2202 5104 sunt
2257 5045 2458 5113 omnia,
2511 5048 2604 5116 sed
2651 5057 2710 5100 ut
2767 5045 2832 5098 ab
2886 5048 3013 5116 ipso
3052 5045 3310 5116 procedit,
3356 5062 3460 5100 non
3507 5063 3660 5116 gene-

2081 5121 2286 5174 ratione
2330 5120 2491 5173 veluti
2560 5115 2775 5186 Filius,
2825 5116 2940 5169 ἀλλ’
2988 5115 3063 5179 ὼς
3117 5115 3342 5186 Πνεῦμα
3395 5115 3664 5186 στόματος

2079 5191 2268 5256 αὑτοῦ,
2297 5190 2387 5244 sed
2417 5199 2668 5258 tanquam
2692 5185 3066 5258 Spiritttsoris
3098 5187 3234 5253 ejus.
3267 5185 3390 5258 Etsi
3413 5185 3576 5256 neque
3599 5201 3664 5258 os

2079 5261 2214 5312 illud
2247 5256 2538 5314 membrum
2568 5268 2666 5320 est,
2705 5256 2798 5312 nec
2848 5256 3083 5325 Spiritus
3117 5266 3194 5310 est
3233 5256 3525 5320 anhelitus,
3559 5257 3669 5310 sire

2078 5347 2241 5399 vapor
2268 5345 2599 5390 evanescens,
2625 5327 2717 5381 sed
2745 5343 2803 5380 os
2833 5329 3049 5399 dicitur,
3081 5325 3218 5396 quod
3250 5325 3421 5399 Deum
3447 5328 3666 5399 deceat;

2077 5397 2396 5469 et‘Spiritus
2451 5408 2528 5452 est
2575 5398 2881 5451 substantia
2947 5397 3667 5469 virens,__sanctiﬁcationis

2077 5467 2314 5536 domina,
2346 5481 2400 5522 ut
2432 5480 2545 5522 tum
2577 5471 2774 5522 ueritas
2805 5481 3015 5521 naturis
3039 5467 3326 5534 manifesta
3348 5469 3442 5530 sit,
3481 5477 3589 5519 tun.-
3616 5474 3666 5519 et

2077 5541 2369 5595 exsistcndi
2407 5541 2596 5593 modus
2643 5538 2932 5606 ine/fabrilis
2967 5547 3328 5591 conservetur.
3359 5536 3669 5605 Gregorius

2080 5611 2422 5674 Scholarius,
2442 5613 2536 5664 lib.
2565 5627 2578 5663 ι
2607 5605 2762 5662 Cant.
2821 5605 3024 5669 Latin.,
3052 5607 3117 5660 de
3161 5623 3396 5676 process.
3430 5606 3670 5675 Spiritus

2077 5685 2251 5735 sancti
2291 5694 2425 5737 scct.
2474 5683 2528 5750 4,
2567 5681 2831 5750 Spiritum
2882 5686 3138 5732 sanctum
3169 5678 3348 5747 ὁρμὴν
3377 5692 3502 5732 esse
3533 5692 3669 5731 con-
