4014 6202
406 261 510 324 807

1546 266 1603 325 S.
1633 265 1952 328 JOANNIS
1989 268 2420 330 DAMASCENI

3575 275 3704 338 898

410 388 514 444 que
567 372 666 427 hac
712 374 957 440 ratione,
1016 391 1111 448 per
1167 383 1374 432 natura:
1417 380 1632 448 quidem
1685 384 1973 450 unitatem,

2081 383 2201 446 θεος
2231 384 2340 436 τῶν
2387 385 2654 454 Ἑλλήνων
2683 384 3070 452 ἐξαφανίζεται
3105 386 3279 458 πλάνη
3310 403 3322 418 ³
3357 389 3444 444 διά
3476 392 3534 445 δὲ
3582 392 3702 460 τῆς

409 464 693 535 gentilium
717 465 918 521 mullos
947 465 1076 522 deos
1103 469 1466 524 asscrentium
1494 485 1649 524 error
1671 472 1933 526 adimitur
1962 488 1978 538 ;

407 572 709 625 rursusque
751 559 1010 615 admissis
1053 559 1235 616 Verbo
1278 569 1335 616 et
1382 562 1610 632 Spiritu,
1659 562 1978 618 Judaeorum

406 647 602 719 dogma
624 650 906 716 evertitur,
936 659 1286 724 remanetque
1309 653 1453 722 quod
1486 653 1538 707 in
1575 662 1808 724 utraque
1833 664 1982 710 secta

407 741 677 795 commodi
703 749 788 797 est
813 743 855 774 ³⁷
879 762 892 798 :
919 742 1231 798 exJudaica
1261 746 1520 799 nimirum
1553 747 1826 818 sententia
1856 747 1982 801 uni-

408 841 492 885 tas
525 841 770 900 naturae;
805 849 866 886 cx
901 834 1213 904 gentilismo
1246 843 1426 891 autem
1469 850 1830 906 personarum
1867 838 1982 895 sola

408 922 687 976 distinctio
718 923 787 977 ³⁸.

480 1009 634 1074 Quod
679 1011 722 1064 si
762 1012 1102 1066 contradicat
1130 1011 1379 1077 Judazus,
1412 1031 1480 1068 ne
1507 1013 1744 1070 Verbum
1784 1015 1983 1070 admit-

410 1109 557 1153 tatur
585 1111 638 1154 ct
667 1101 919 1172 Spiritus
955 1104 1155 1158 divina:
1193 1102 1488 1174 Scriptura:
1523 1107 1833 1160 testimonio
1859 1123 1986 1162 con-

411 1190 637 1257 iutetur,
697 1209 870 1264 osque
915 1195 991 1248 illi
1047 1195 1381 1250 obstruatur.
1429 1197 1500 1252 De
1533 1197 1708 1252 Verbo
1740 1199 1882 1252 enim
1912 1203 1988 1254 ait

409 1279 627 1336 divinus
653 1281 814 1336 David
845 1301 858 1336 :
893 1283 957 1336 In
988 1291 1264 1344 a'ternum,
1299 1283 1538 1348 Domine,
1586 1286 1801 1339 i'erbum
1839 1296 1985 1340 tuum

410 1377 677 1435 permanet
713 1371 764 1423 in
793 1369 921 1423 caelo
953 1371 1017 1423 3°.
1039 1371 1103 1424 Et
1133 1388 1324 1428 rursus
1361 1391 1374 1427 :
1410 1372 1557 1427 Misit
1574 1373 1792 1428 Verbum
1810 1391 1985 1442 suum,

408 1472 458 1517 et
485 1465 691 1518 sanavit
715 1481 800 1520 eos
830 1464 894 1519 ‘°.
916 1467 1078 1536 Atqui
1118 1470 1339 1524 verbum
1377 1470 1505 1524 illud
1539 1471 1683 1540 quod
1717 1488 1809 1526 ore
1859 1487 1986 1541 pro-

412 1557 605 1620 fertur,
655 1571 754 1611 nec
804 1556 1060 1622 mittitur,
1105 1574 1207 1614 nec
1254 1561 1306 1613 in
1348 1570 1612 1622 aeternum
1662 1570 1862 1616 manet.
1911 1561 1984 1617 De

412 1647 618 1718 Spiritu
661 1663 850 1702 rursus
893 1649 966 1702 ait
1006 1650 1146 1706 idem
1199 1651 1364 1706 David
1418 1673 1432 1708 :
1482 1652 1674 1708 Emitte
1722 1653 1978 1724 Spiritum

2082 475 2177 528 τοῦ
2207 476 2379 544 Λόγου
2419 476 2733 546 παραδοχῆς
2763 476 2858 528 καὶ
2905 475 2998 529 τοῦ
3028 478 3372 549 Πνεὺματος,
3402 484 3514 536 τῶν
3541 483 3705 536 Ἰουο

2081 565 2246 618 δαίων
2291 565 2634 636 καθαιρείται
2667 567 2728 618 τὸ
2757 567 2937 636 δόγμα
2965 607 2979 631 ,
3015 568 3287 642 ἑκατέρας
3313 590 3373 626 τε
3401 575 3704 645 αἱρέσεως

2081 657 2391 727 παραμένει
2421 657 2482 708 τὸ
2509 658 2780 726 χρήσιμον
2807 675 2819 687 ·
2847 657 2912 710 ἐκ
2945 658 3044 728 μὲν
3074 660 3174 730 τῆς
3214 663 3514 736 Ἰουδαϊκῆς
3539 668 3705 720 ὑπο-

2081 748 2297 818 λήψεως
2319 787 2334 810 ,
2384 750 2416 820 ὴ
2449 749 2548 818 τῆς
2581 747 2794 816 φύσεως
2824 750 3016 821 ἑνότης
3040 768 3054 782 ·
3090 753 3155 806 ἐκ
3185 753 3242 807 δὲ
3286 757 3379 809 τοῦ
3419 758 3702 830 Ἐλληνι-

2086 837 2246 909 σμοῦ,
2286 839 2318 909 ﬁ
2348 837 2490 891 κατά
2517 837 2618 902 τὰς
2647 838 2970 903 ὑποστάσεις
3003 841 3276 912 διάκρισις
3307 847 3467 918 μόνη.

2157 1019 2220 1072 Ei
2253 1019 2310 1073 δὲ
2361 1019 2628 1087 ἀντιλέγοι
2656 1022 2684 1072 ὁ
2733 1021 2988 1085 Ἰουδαῖος
3028 1024 3163 1094 πρὸς
3199 1027 3296 1098 τὴν
3342 1030 3437 1082 τοῦ
3485 1030 3604 1098 Λόγ
3621 1047 3690 1084 ου

2087 1112 2418 1183 παραδοχὴν,
2460 1113 2554 1166 καὶ
2587 1113 2681 1165 τοῦ
2712 1113 3051 1184 Πνεύματος,
3085 1117 3189 1170 ὑπὸ
3215 1120 3315 1189 τῆς
3341 1121 3492 1186 θείας
3521 1124 3690 1196 Γρα-

2087 1206 2194 1276 φῆς
2219 1204 2523 1275 ὲλεγχέσθω
2550 1222 2610 1257 τε
2639 1206 2732 1258 καὶ
2765 1206 3221 1275 ὲπιστομιζέσθω.
3262 1213 3398 1281 Περὶ
3433 1215 3531 1282 μὲν
3560 1215 3688 1285 γὰρ

2082 1296 2179 1349 τοῦ
2204 1296 2376 1364 Λόγου
2410 1297 2574 1366 φησὶν
2618 1297 2646 1364 δ
2695 1296 2884 1360 θεῖοςκ
2924 1299 3122 1351 Δαϐίδο
3170 1303 3274 1367 Εἰς
3309 1303 3413 1357 τὸν
3449 1304 3680 1369 αἰῶνα,

2085 1388 2282 1456 Κύριε,
2323 1391 2356 1443 ό
2387 1389 2577 1457 Λόγος
2602 1403 2719 1442 σου
2763 1388 3028 1457 διαμένει
3058 1391 3130 1445 ἐν
3156 1392 3236 1458 τῷ
3262 1396 3516 1462 οὐρανῷ.
3553 1399 3681 1451 Καὶ

2085 1480 2280 1533 πάλιν·
2321 1467 2671 1534 ’Ᾰπέστειλε
2715 1479 2820 1548 (Dr
2856 1481 3052 1551 Λόγον
3080 1485 3288 1542 αὐτοῦ,
3319 1487 3414 1539 καὶ
3447 1487 3674 1541 ἰάσατο

2083 1571 2326 1635 αὐτούς.
2375 1571 2545 1640 Λόγος
2590 1569 2645 1623 δὲ
2692 1573 3024 1642 προφορικος
3090 1575 3192 1627 οὐκ
3245 1577 3666 1639 ἀποστέλλεται,

2085 1663 2206 1716 οὐδὲ
2236 1664 2316 1726 εἰς
2363 1663 2454 1715 τὸν
2500 1662 2670 1716 αἰῶνα
2703 1663 2943 1734 διαμένει
2966 1673 3015 1717 1.
3058 1665 3195 1737 Περὶ
3244 1667 3301 1719 δὲ
3336 1667 3430 1720 τοῦ
3483 1670 3664 1722 Μνεύ-

411 1749 579 1803 tuum,
623 1747 673 1792 et
702 1741 1104 1797 creabantur".
1138 1743 1202 1797 Et
1245 1745 1352 1798 alio
1383 1746 1538 1801 loco:
1575 1746 1738 1801 Verbo
1772 1748 1973 1801 Domim

2088 1773 2256 1828 ματος
2284 1757 2312 1808 ὁ
2340 1754 2498 1817 αὐτὸς
2543 1754 2704 1808 Δαϐἱδ
2730 1773 2742 1786 ·
2806 1755 3270 1824 Ἐξαποστελεῖς
3310 1760 3377 1814 τὸ
3417 1763 3664 1832 Πνεῦμὰ

410 1831 526 1884 cwli
568 1833 777 1901 [innati
815 1843 957 1899 sunt,
1000 1845 1050 1891 et
1089 1835 1292 1906 Spiritu
1326 1838 1432 1892 oris
1464 1838 1577 1908 ejus
1613 1840 1781 1894 omnis
1817 1841 1978 1895 virtus

408 1925 674 1979 eorum“.
725 1923 829 1979 Job
867 1927 996 1981 item
1041 1942 1056 1981 :
1101 1929 1336 1994 Spiritus
1371 1930 1584 1985 Domini
1613 1932 1704 2002 qui
1737 1933 1854 2002 fecit
1881 1948 1978 1988 me.

410 2025 486 2067 est
506 2016 667 2083 ﬂatus
689 2018 1040 2086 omnipotens,
1057 2023 1145 2089 qui
1167 2039 1244 2075 me
1272 2032 1444 2077 tuetur
1463 2031 1614 2093 atque
1631 2025 1976 2078 conservat”.

413 2101 652 2168 Spiritus
683 2119 846 2172 porro
897 2105 989 2174 qui
1053 2108 1306 2173 mittitur,
1346 2109 1497 2175 facit,
1543 2111 1739 2174 lirmat,
1775 2119 1975 2175 tuetur,

413 2202 578 2260 atque
608 2204 920 2262 conservat,
959 2213 1066 2252 non
1093 2201 1357 2256 evanidus
1390 2201 1608 2270 quidam
1641 2201 1843 2257 halitus
1871 2211 1976 2266 cst,

409 2281 865 2348 quemadmodum
903 2303 1003 2342 nec
1039 2290 1131 2343 Dei
1163 2307 1245 2354 os,
1279 2293 1580 2347 membrum
1613 2308 1934 2362 corporeum
1962 2311 1976 2359 ;

411 2380 701 2442 utrumque
745 2377 890 2428 cnim
941 2376 1136 2432 horum
1187 2389 1560 2437 consentanea
1613 2378 1707 2437 Dci
1768 2382 1980 2437 ratione

409 2457 636 2530 intelligi
678 2461 835 2516 debet
858 2461 927 2517 ⁸⁵.

1027 2717 1177 2774 CAP.
1222 2718 1356 2774 Vill.

892 2824 965 2880 De
990 2837 1174 2882 sancta
1209 2827 1484 2884 Trinitate.

509 2932 794 2989 Credimus
847 2934 1012 3006 igitur
1057 2938 1110 2992 iu
1161 2955 1329 2993 unum
1396 2939 1584 3005 Deum,
1654 2943 1974 3012 principium

405 3034 596 3086 unum,
640 3021 906 3092 principio
935 3035 1233 3090 carentem,
1283 3027 1610 3091 incrcatum,
1650 3030 1972 3100 ingenitum,

407 3111 658 3165 interitus
688 3127 752 3167 ac
781 3117 975 3171 mortis
1000 3119 1269 3184 nescium,
1301 3127 1589 3183 :eternum,
1624 3121 1971 3186 immensum,

407 3201 964 3272 iucircumscriptum,
996 3209 1168 3264 nullis
1215 3211 1466 3266 terminis
1495 3210 1805 3275 deﬁnitum,
1850 3213 1975 3266 iuti-

406 3291 533 3344 nitze
585 3295 866 3360 potentia},
923 3296 1178 3364 simplex,
1223 3300 1671 3369 incompositum,
1722 3302 1974 3372 incorpo-

405 3397 598 3443 reum,
639 3397 669 3434 a
708 3382 891 3449 ﬂuxu,
939 3387 1216 3453 passione,
1267 3392 1528 3460 omnique
1575 3394 1876 3449 mutatione
1920 3403 1974 3450 et

409 3471 732 3527 alteratione
774 3473 1029 3541 liberum,
1074 3477 1429 3542 invisibilem,
1476 3481 1656 3538 omnis
1712 3484 1973 3540 bonitatis

404 3578 468 3616 ac
498 3563 725 3631 justitim
765 3563 993 3630 fontem,
1041 3572 1216 3626 lucem
1268 3569 1705 3634 intellectualem,
1730 3585 1784 3630 et
1817 3577 1971 3632 inac-

401 3667 638 3713 cessam,
671 3655 970 3723 potentiam
1007 3659 1154 3712 nulla
1192 3675 1451 3715 mensura
1491 3665 1968 3734 comprehensam,

398 3760 674 3812 quamque
705 3747 820 3800 sola
857 3747 1109 3804 voluntas
1147 3766 1246 3805 sua
1282 3753 1542 3807 metiatur
1574 3753 1792 3825 (potest
1823 3759 1968 3814 enim

399 3834 662 3904 quidquid
702 3837 816 3890 vult
841 3837 928 3908 ⁸⁵),
950 3839 1133 3894 rerum
1166 3844 1412 3897 onmium
1449 3845 1832 3913 conditricem,
1857 3859 1966 3905 tam

400 3927 717 3990 visibilium,
756 3931 902 3998 quod
943 3929 1658 3992 iuvisibiliumeﬂectricem
1685 3956 1698 4005 ;
1725 3941 1968 3996 omnium

397 4017 880 4082 conservatricem,
913 4015 1166 4076 omnibus
1198 4023 1594 4091 providentem,
1628 4030 1812 4082 omnia
1834 4045 1966 4084 con-

398 4105 657 4161 tinentem
686 4122 750 4160 ac
778 4118 1074 4178 regentem,
1103 4121 1536 4184 perpetuumque
1563 4131 1628 4172 ac
1659 4118 1968 4177 immortale

399 4212 623 4266 regnum
677 4200 729 4252 in
779 4202 962 4255 omnia
1019 4205 1398 4272 obtinentem;
1448 4207 1584 4262 nihil
1628 4213 1964 4266 contrarimn

398 4286 706 4351 habentem,
751 4293 934 4346 omnia
974 4294 1315 4364 implentem,
1348 4312 1376 4350 a
1411 4299 1558 4352 nulla
1605 4314 1663 4354 re
1714 4316 1964 4371 compre-

398 4381 645 4447 hensam,
676 4383 784 4438 imo
824 4400 953 4439 vero
991 4387 1165 4456 ipsam
1216 4391 1472 4445 universa
1515 4392 1963 4461 complectentem

396 4481 449 4526 et
472 4474 841 4530 continentem
874 4491 938 4532 ac
968 4478 1392 4546 prmhabentem,
1419 4482 1751 4540 substantias
1777 4503 1968 4546 omnes

396 4567 515 4621 sine
567 4567 868 4636 pollutione
922 4579 1320 4639 penetrantem,
1371 4575 1513 4628 ultra
1557 4593 1642 4632 res
1690 4596 1881 4638 omnes
1915 4593 1969 4638 ct

392 4659 662 4714 essentias
697 4660 853 4730 132
886 4661 1044 4732 longe
1097 4668 1510 4734 provectiorem,
1541 4679 1599 4723 ut
1625 4688 1746 4740 qua:
1773 4689 1967 4742 super-

391 4749 774 4806 substantialis
812 4760 916 4814 est,
970 4756 1333 4826 omnibusque
1379 4760 1600 4815 entibus
1637 4765 1961 4834 sublimior;

392 4839 702 4908 divinitate,
730 4842 998 4910 bonitate,
1026 4846 1368 4915 plenitudine
1398 4853 1770 4921 superiorem;
1811 4859 1960 4926 prin-

392 4931 608 5002 cipatus
647 4948 839 4990 omnes
909 4947 1070 5007 atque
1122 4939 1342 4996 ordines
1411 4951 1764 5013 statuentem,
1799 4965 1963 5020 super

389 5036 603 5076 omnem
654 5025 1020 5095 principatum
1077 5041 1238 5098 atque
1274 5031 1522 5086 ordinem
1561 5036 1834 5105 positum;
1873 5056 1962 5095 es-

389 5114 585 5179 sentia,
617 5117 748 5179 vita,
774 5133 1045 5183 sermone,
1070 5127 1124 5174 et
1149 5121 1386 5190 cogitatu
1415 5123 1660 5178 altiorem
1690 5145 1843 5198 ;qu;c
1872 5131 1963 5187 lux

387 5207 506 5277 ipsa
539 5217 644 5274 est,
677 5210 892 5266 bonitas
913 5213 1062 5284 ipsa,
1102 5215 1329 5283 ipsamct
1351 5217 1481 5279 vita,
1512 5220 1743 5288 ipsamct
1770 5239 1963 5281 esseu-

459 5339 501 5370 ³⁷
530 5340 691 5434 (irpg.
715 5351 864 5434 ενοι.
900 5344 989 5404 58,
1019 5351 1066 5398 ct
1090 5344 1237 5434 alihi'.
1584 5348 1738 5422 Nyss.
1775 5358 1965 5416 Caterh

2095 5371 2149 5424 5.
2224 5371 2269 5402 ³9
2299 5370 2442 5426 Psal.
2467 5387 2656 5434 Cum.
2694 5375 2782 5429 89.

385 5423 496 5470 ειη,
552 5412 638 5465 ὅθ.

388 5496 602 5548 cxxxtv,
634 5481 686 5536 6.

715 5412 760 5443 ⁸²
792 5415 934 5469 l'Sal.
976 5432 1143 5480 xxx",
1195 5417 1244 5469 4.
1324 5418 1368 5448 ⁸³
1400 5412 1716 5490 Μυλκλῖη,
1760 5431 1810 5484 4,

1889 5436 1933 5466 ⁸⁵
1956 5437 2122 5492 Basil.
2179 5439 2254 5494 De
2297 5441 2438 5510 Spir.
2472 5459 2674 5511 sancto,
2710 5447 2778 5498 ad
2812 5446 3042 5513 Ampltil.
3074 5461 3195 5514 cap.
3256 5444 3341 5496 18.

2079 1865 2218 1910 σου,
2241 1847 2341 1901 καὶ
2369 1848 2819 1917 κτισθήσονται.
2855 1848 2968 1901 Καὶ
2994 1849 3160 1903 πάλιν
3187 1868 3201 1883 ·
3240 1852 3322 1917 Τῷ
3345 1855 3514 1923 Λόγῳ
3543 1860 3658 1908 κιρ-

2073 1938 2211 2006 ρίου
2255 1939 2308 1992 oi
2361 1939 2602 2006 οὐρανοὶ
2655 1939 3110 2007 ἐστερεώθησαν
3131 1981 3145 2004 ,
3201 1941 3298 1995 καὶ
3351 1939 3430 2010 τῷ
3461 1946 3652 1998 Ili-ei}-

2075 2047 2214 2099 μιιτι
2248 2029 2352 2084 τοῦ
2399 2030 2698 2098 στόᾓίιτος
2739 2031 2925 2085 αὐτοῦ
2964 2031 3128 2086 πᾶσα
3166 2034 3203 2102 ἡ
3240 2035 3497 2102 δύναμις
3544 2039 3649 2090 αὐ-

2080 2118 2219 2172 τῶν.
2262 2119 2372 2171 Καὶ
2408 2118 2436 2170 ὁ
2483 2119 2601 2172 Ἰὼϐ
2621 2137 2634 2149 ο
2674 2120 2916 2189 Πνεῦμα
2945 2121 3102 2174 θεῖον
3128 2124 3190 2176 τὸ
3230 2123 3497 2192 ποιῆσάν
3520 2144 3599 2193 με
3622 2143 3639 2158 ·

2080 2209 2238 2277 πνοὴ
2270 2209 2338 2262 δὲ
2359 2211 2838 2279 παντοκράτορος
2861 2213 2898 2280 ἠ
2927 2212 3274 2280 συνέχουσὰ
3292 2232 3387 2284 με.
3414 2216 3636 2285 Πνεῦμα

2079 2298 2136 2352 δὲ
2186 2300 2673 2371 ἀποστελλόμενον,
2705 2303 2800 2355 καὶ
2850 2301 3061 2368 ποιοῦν,
3107 2305 3201 2356 καὶ
3249 2306 3520 2375 στερεοῦν,
3549 2311 3646 2360 καὶ

2082 2390 2336 2461 συνέχον,
2375 2391 2476 2444 οὐκ
2518 2391 2701 2464 ἄσθμα
2731 2394 2845 2446 ἐστὶ
2877 2395 2938 2447 τὸ
2971 2394 3234 2465 λυόμενον
3255 2434 3270 2458 ,
3302 2394 3492 2466 ὥσπερ
3529 2398 3650 2450 οὐδὲ

2082 2486 2393 2554 σωματικὶν
2427 2485 2587 2555 μέλος
2620 2485 2686 2539 τὸ
2711 2485 2802 2540 τοῦ
2832 2484 2968 2540 Θεοῦ
3000 2487 3175 2558 στόμα
3195 2505 3208 2519 °
3234 2489 3517 2560 ἀμφότερα
3543 2489 3654 2560 γὰρ

2082 2576 2398 2648 θεοπρεπῶς
2433 2577 2671 2648 νοητέον.

2674 2719 2720 2771 Κ
2729 2719 2921 2776 ΕΦΑΛ.
2957 2722 3040 2776 H’.

2462 2832 2598 2902 Περὶ
2637 2833 2745 2902 τῆς
2777 2835 2952 2905 ἁγίας
2998 2835 3259 2905 Τριάδος.

2149 2945 2487 3015 Πιστεύομεν
2531 2946 2817 3017 τοιγαροῦν
2849 2948 2928 3011 εἰς
2958 2948 3054 3001 ἕνα
3087 2949 3255 3013 Θεὸν,
3289 2948 3421 3019 μίαν
3450 2950 3673 3024 ἀρχὴν,ι

2078 3038 2313 3108 ἄναρχον
2336 3079 2350 3103 ,
2383 3039 2635 3094 ἀκτιστον
2662 3079 2677 3104 ,
2714 3040 3006 3110 ἀγέννητον
3027 3080 3041 3105 ,
3094 3042 3385 3115 ἀνόλεθρόν
3436 3061 3496 3098 τε
3557 3047 3658 3097 καὶ

2075 3128 2366 3193 ἀθάνατον,
2408 3129 2647 3195 αἰώνιον,
2699 3131 2946 3203 ἄπειρον,
2978 3133 3418 3205 ἀπερίγραπτον,
3451 3136 3652 3205 ἀπερι-

2074 3221 2314 3291 όριστον,
2336 3222 2794 3294 ἀπειροδὺναμον,
2821 3223 3045 3286 ἁπλοῦν,
3075 3224 3392 3290 ἀσύνθετον,
3417 3225 3649 3296 ἀσώμα-

2071 3329 2198 3377 τον,
2235 3312 2536 3385 ἄῤῥευστον
2563 3354 2580 3381 ,
2633 3316 2862 3387 ἀπαθῆ,
2913 3317 3215 3389 ἄτρεπτον,
3264 3318 3646 3386 ἀναλλοίωτον,

2071 3403 2302 3478 “patrm;
2325 3447 2343 3474 ,
2381 3407 2563 3478 πηγὴν
2605 3407 2941 3478 ἀγαθότητος
2987 3409 3083 3462 καὶ
3111 3409 3454 3480 δικαιοσύνης
3483 3449 3497 3474 ,
3530 3410 3647 3478 φῶ;

2073 3497 2280 3567 νοερὸν,
2325 3498 2622 3570 ἀπρόσιτον
2647 3513 2664 3530 ⁶
2695 3499 2925 3570 δύναμιν
2957 3500 3136 3553 οὐδενὶ
3164 3500 3348 3572 μέτρῳ
3377 3501 3648 3570 γνωριζο-

2076 3588 2264 3660 μένην,
2314 3590 2464 3662 μόνῳ
2508 3592 2586 3662 τῷ
2633 3591 2819 3663 οἰκείῳ
2880 3592 3181 3663 βουλήματι
3228 3593 3643 3664 μετρουμένην⁶

2072 3684 2249 3736 πάντα
2275 3683 2383 3753 γὰρ
2419 3685 2520 3737 ὅσα
2551 3684 2726 3750 θέλει,
2755 3684 2976 3738 δύναται
3005 3698 3020 3713 ⁸
3073 3685 3292 3739 πάντων
3326 3686 3644 3755 κτισμάτων

2070 3774 2282 3844 ὁρατῶν
2319 3792 2380 3827 τε
2437 3777 2533 3829 καὶ
2585 3776 2834 3847 ἀοράτων
2894 3777 3214 3846 ποιητικὴν,
3264 3776 3483 3830 πάντων
3515 3794 3641 3830 συν·

2071 3867 2293 3936 εκτικὴν
2342 3867 2436 3920 καὶ
2488 3867 2928 3938 συντηρητικὴν,
2979 3867 3197 3925 πάντων
3247 3868 3639 3940 προνοητικὴν,

2071 3956 2288 4010 πάντων
2313 3955 2640 4026 κρατοῦσαν,
2664 3957 2757 4010 καὶ
2779 3957 3074 4028 ἄρχουσαν,
3104 3960 3198 4012 καὶ
3223 3958 3641 4028 βασιλεύουσαν,

2068 4047 2410 4118 ἀτελευτήτῳ
2457 4049 2547 4101 καὶ
2575 4049 2827 4120 ἀθανάτῳ
2861 4040 3144 4120 βασιλεία,
3185 4050 3351 4121 μηδὲν
3400 4051 3642 4104 ἐναντίον

2068 4139 2319 4208 ἔχουσαν,
2351 4140 2532 4193 πάντα
2565 4141 2876 4210 πληροῦσαν
2897 4181 2913 4206 ,
2945 4142 3036 4194 ὑπ’
3067 4141 3280 4204 οὐδενὸς
3310 4140 3637 4211 περιεχομέ-

2069 4248 2198 4300 νην·
2249 4233 2417 4302 αὐτὴν
2464 4232 2522 4285 δὲ
2569 4233 2769 4302 μᾶλλον
2803 4234 3163 4304 περιέχουσαν
3204 4234 3271 4286 τὰ
3326 4234 3639 4304 σύμπαντα,

2069 4323 2162 4376 καὶ
2201 4323 2563 4392 συνέχουσαν,
2615 4325 2711 4376 καὶ
2760 4325 3136 4394 προέχουσανο
3190 4322 3476 4393 ἀχράντως
3519 4326 3638 4384 ταῖς

2003 4436 2041 4487 ι)
2070 4414 2220 4476 ὅλαις
2247 4415 2457 4478 οὐσίαις
2487 4415 2936 4482 ὲπιδατεύουσαν,
2969 4415 3063 4468 καὶ
3108 4414 3327 4468 πάντων
3355 4415 3636 4473 ἐπέκεινα,

2072 4507 2164 4560 καὶ
2199 4507 2380 4577 πάσης
2404 4507 2594 4570 οὐσίας
2643 4508 3006 4580 ὲξῃρημένην,
3051 4508 3126 4571 ὡς
3156 4506 3505 4577 ὑπερούσιον,
3551 4507 3641 4559 καὶ

2071 4597 2211 4667 ὑπὲρ
2241 4597 2307 4648 τὰ
2335 4598 2511 4650 πάντα
2537 4593 2723 4662 οὖσαν,
2753 4599 3038 4669 ὑπέρθεον,
3071 4599 3440 4670 ὑπεράγαθον,
3469 4599 3639 4668 ὑπερ-

2072 4686 2254 4757 πλήρη
2283 4704 2295 4717 ο
2331 4687 2428 4750 τὰς
2473 4688 2602 4750 ὅλας
2658 4688 2832 4758 ἀρχὰς
2880 4689 2976 4742 καὶ
3020 4688 3203 4752 τάξεις
3249 4689 3637 4760 ἁφορίζουσαν,

2070 4779 2165 4832 καὶ
2201 4779 2378 4848 πάσης
2405 4779 2582 4850 ἀρχῆς
2625 4781 2721 4832 καὶ
2753 4781 2960 4846 τάξεως
3013 4780 3471 4851 ὑπεριδρυμένην,
3501 4780 3638 4850 ὑπὲρ

2068 4869 2275 4931 οὐσίαν,
2305 4869 2398 4921 καὶ
2425 4867 2590 4941 ζωὴνι
2621 4872 2712 4924 καὶ
2743 4871 2919 4940 λόγον,
2967 4872 3060 4924 καὶ
3087 4871 3299 4924 ἔννοιαν
3324 4889 3336 4900 ·
3368 4871 3636 4938 αὑτοφῶς,

2068 4959 2534 5029 αὑτοαγαθὸτητα,
2575 4961 2873 5032 αὑτοζωὴν,
2923 4962 3269 5027 αὐτοουσίαν,
3299 4962 3376 5024 ὡς
3405 4963 3482 5033 μὴ
3512 4960 3638 5032 παρ’

2070 5053 2254 5123 ἑτέρον
2283 5053 2341 5105 τὸ
2373 5047 2510 5106 εἶναι
2541 5053 2792 5124 ἔχουσαν,
2827 5055 2946 5124 ἢτοι
2977 5057 3084 5107 τῶν
3105 5051 3217 5107 ’ὅσα
3251 5055 3400 5107 ἐστίν
3424 5072 3437 5084 ·
3471 5056 3637 5119 αὐτὴν

2065 5145 2123 5197 δὲ
2162 5144 2340 5215 πηγὴν
2367 5141 2533 5198 οὖσαν
2562 5146 2656 5199 τοῦ
2688 5142 2827 5200 εἶναι
2857 5148 2968 5209 τοῖς
3011 5144 3133 5200 οὖσι
3157 5163 3171 5176 ’
3218 5148 3328 5209 τοῖς
3360 5146 3513 5209 ζῶσι,
3539 5146 3638 5212 τῆς

2066 5234 2212 5305 ζωῆς
2240 5253 2253 5266 ο
2303 5239 2414 5299 τοῖς
2445 5237 2600 5305 λόγου
2647 5239 2955 5310 μετέχουσι,
2990 5237 3080 5291 τοῦ
3116 5237 3297 5305 λόγου,
3340 5238 3456 5300 τοῖς
3503 5237 3636 5287 πᾶσι

3415 5375 3459 5403 *ί
3491 5371 3635 5424 P52»!-

3420 5443 3464 5475 ‘3
3492 5443 3634 5496 l’sal.

2865 5377 2910 5406 ⁴⁰
2936 5374 3077 5430 Psal.
3110 5389 3219 5436 οτι,
3248 5373 3338 5427 9.0.

1656 5584 1886 5644 VARUS
1929 5592 2330 5650 LECTiot‘iES.

472 5675 494 5705 ι
543 5661 602 5719 in
633 5667 759 5726 edit.
803 5670 980 5735 deest,
1010 5670 1178 5735 θεῖος.
1258 5680 1285 5719 .V
1312 5671 1451 5728 Edit.
1487 5676 1660 5747 μένει.
