4014 6202
341 265 439 327 811

1513 262 1574 322 S.
1614 259 1934 322 JOANNIS
1974 260 2401 323 DAMASCENI

3512 265 3624 329 8i!

336 372 698 436 iterationem,
730 384 830 426 nec
862 377 1097 434 tempus,
1128 381 1231 423 nec
1270 366 1487 422 initium
1537 369 1648 439 pati
1678 366 1920 425 ostendi-

2030 385 2127 438 μεν
2152 368 2233 422 ὅτι
2283 369 2511 438 ἄχρονος
2558 368 2649 421 καὶ
2694 367 2931 439 ἄναρχος
2960 366 3127 421 αὐτοῦ
3162 370 3194 442 ἡ
3229 371 3481 444 γέννησις
3506 392 3520 407 ·
3554 371 3622 429 οὗ
3656 386 3675 423 ι

335 480 480 522 mus.
517 461 639 521 Non
667 461 813 517 enim
847 460 941 517 Dei
973 459 1146 516 Filius
1171 475 1235 515 ex
1268 457 1446 514 nihilo
1480 458 1535 513 in
1571 468 1753 513 ortum
1789 473 1921 529 pro-

330 559 530 613 ductus
556 564 642 612 est
655 556 732 621 '°;
762 554 875 621 ille,
903 554 1149 624 inquam,
1169 551 1357 622 gloria:
1378 549 1657 621 splendor,
1683 560 1920 621 paternae

330 650 504 718 ﬁgura
532 645 854 702 substantiae
878 645 946 711 θ’,
972 644 1095 697 viva
1112 641 1403 713 sapientia,
1430 648 1486 695 ct
1508 640 1765 705 virtus",
1786 641 1921 697 sub-

334 742 542 797 sistens
576 737 840 800 Verbum,
872 734 1259 792 substantialis
1285 734 1424 803 ipsa,
1458 732 1724 802 perfecta,
1758 741 1923 803 atque

331 832 522 886 vivens
553 830 733 900 imago
768 827 860 882 Dei
886 827 932 860 ⁸⁸
957 824 1272 887 invisibilis,
1303 821 1399 878 sed
1429 836 1645 894 semper
1665 838 1788 877 cum
1817 822 1923 877 Pa—

331 932 434 987 tre,
450 931 503 978 et
529 922 581 975 in
604 920 767 975 Patre
790 922 931 983 erat,
959 916 1295 986 sempiterno
1316 922 1366 969 et
1394 914 1604 985 absque
1628 914 1741 968 ullo
1764 914 1923 970 initio

330 1032 397 1071 ex
439 1016 559 1085 ipso
610 1012 847 1083 genitus.
896 1007 1085 1079 Neque
1122 1007 1268 1063 enim
1316 1006 1478 1062 Pater
1504 1021 1747 1077 unquam
1795 1006 1920 1074 fuit,

330 1107 552 1178 quando
576 1104 749 1160 Filius
782 1118 890 1158 non
912 1108 1061 1159 esset
1090 1120 1103 1156 :
1133 1115 1324 1156 verum
1351 1100 1515 1155 simul
1547 1099 1728 1166 Pater,
1758 1098 1923 1154 simul

331 1199 528 1262 Filius,
562 1197 655 1269 qui
701 1212 767 1252 ex
808 1196 927 1265 ipso
967 1192 1186 1265 genitus
1213 1198 1320 1247 est.
1376 1190 1560 1262 Neque
1585 1192 1731 1245 enim
1762 1190 1925 1246 Pater

334 1290 519 1348 vocari
550 1290 744 1361 possit,
768 1286 861 1357 qui
889 1283 1029 1340 Filio
1051 1292 1257 1340 careat.
1282 1281 1417 1337 Nam
1444 1284 1489 1338 si
1511 1282 1652 1337 Filio
1669 1285 1923 1354 aliquan-

334 1384 406 1441 do
442 1382 641 1447 caruit,
683 1379 847 1435 Pater
874 1387 1026 1434 certe
1069 1393 1177 1432 non
1206 1384 1323 1433 erat
1349 1376 1418 1430 “.
1446 1374 1509 1430 Et
1538 1377 1581 1431 si
1615 1384 1803 1446 postea
1829 1376 1923 1430 Fi-

332 1474 464 1531 lium
485 1472 695 1539 habuit;
710 1478 898 1542 postea
922 1482 1142 1540 quoque
1160 1468 1338 1523 factus
1354 1474 1437 1522 est
1454 1465 1635 1530 Pater,
1652 1481 1775 1520 cum
1800 1473 1926 1520 ante

335 1567 499 1622 Pater
542 1579 651 1619 non
686 1568 851 1628 esset,
884 1559 1041 1631 133
1064 1568 1226 1628 atque
1257 1574 1321 1613 ex
1359 1572 1425 1613 eo
1451 1557 1594 1628 quod
1625 1556 1783 1611 Pater
1815 1568 1924 1611 non

330 1668 469 1723 erat,
498 1662 740 1711 mutatus
763 1661 866 1718 est,
908 1667 1082 1722 eoque
1102 1665 1425 1723 progressus
1450 1656 1510 1703 ut
1536 1648 1697 1703 Pater
1733 1655 1919 1705 esset:

2025 457 2135 530 γὰρ
2169 459 2233 513 ὲκ
2277 459 2373 513 τοῦ
2406 458 2481 531 μὴ
2518 459 2670 525 ὄντος
2706 461 2786 524 είς
2824 461 2888 513 16
2934 456 3078 515 εἶναι
3126 467 3388 539 παρήχθη
3421 470 3450 522 6
3488 470 3625 535 Υἱὸς

2023 548 2119 604 τοῦ
2146 550 2306 615 Θεοῦ,
2331 551 2392 605 τὸ
2422 551 2765 623 ἀπαύγασμα
2799 553 2899 623 τῆς
2929 552 3113 625 δόξης,
3142 558 3171 609 ὁ
3193 560 3485 633 χαρακτὴρ
3517 564 3624 633 τῆς

2024 642 2120 697 τοῦ
2150 643 2366 713 Πατρὸς
2394 642 2771 709 ὑποστάσεως,
2808 645 2842 716 ἡ
2881 644 3033 709 ζῶσα
3069 648 3257 716 σοφία,
3311 652 3408 703 καὶ
3449 649 3623 707 δύνα-

2028 751 2143 806 μις,
2183 736 2212 789 6
2237 734 2412 802 Λόγος
2441 734 2470 786 6
2495 735 2881 803 ἐνυπόστατος,
2919 737 2952 808 ἡ
2978 737 3250 810 οὐσιὼδης
3275 742 3371 794 καὶ
3404 743 3621 810 τελεία,

2026 829 2121 883 καὶ
2154 826 2307 892 ζῶσα
2333 827 2499 881 εἰκὼν
2523 826 2619 881 τοῦ
2653 828 2889 899 ἀοράτου
2925 829 3065 883 Θεοῦ
3090 848 3107 864 ο
3141 830 3259 885 ἀλλ’
3281 833 3372 886 ἀεὶ
3410 830 3481 905 ἦν
3502 836 3623 905 (15)

2028 920 2129 974 σὺν
2167 919 2243 991 τῷ
2277 920 2453 992 Πατρὶ
2477 960 2490 984 ,
2524 921 2618 973 καὶ
2672 921 2731 973 ἐν
2763 920 2948 991 αὐτῷ,
2989 921 3179 987 ἀϊδίως
3224 924 3320 977 καὶ
3362 926 3624 997 άνάρχως

2027 1011 2088 1077 ἐξ
2121 1011 2287 1066 αὐτοῦ
2322 1012 2748 1084 γεγεννημένος.
2798 1014 2873 1066 υύ
2916 1013 3027 1085 γάρ
3059 1010 3128 1087 ἦν
3176 1033 3309 1071 ποτε
3337 1018 3367 1070 6
3399 1018 3617 1090 Πατὴρ,

2026 1106 2116 1159 ὅτε
2151 1106 2253 1159 οὐκ
2295 1101 2364 1177 ἦν
2396 1107 2425 1159 6
2466 1106 2595 1170 Υἱός
2618 1123 2632 1137 ’
2675 1104 2795 1160 ἀλλ’
2837 1105 2955 1177 ἅμα
2990 1108 3207 1180 Πατὴρ,
3238 1109 3357 1180 ἅμα
3394 1110 3543 1178 Υἱὸς,
3585 1112 3619 1165 6

2028 1195 2088 1261 ἐξ
2116 1196 2283 1251 αὐτοῦ
2314 1198 2713 1269 γεγεννημένος
2738 1213 2754 1229 ο
2802 1197 2997 1271 Πατὴρ
3022 1199 3134 1271 γὰρ
3169 1202 3328 1264 ἑκτδς
3354 1201 3491 1263 Υἱοῦ
3514 1204 3621 1257 οὐκ

2028 1288 2094 1343 ἂν
2124 1288 2374 1361 κληθείη.
2410 1290 2471 1342 Ei
2502 1289 2557 1342 δὲ
2585 1282 2653 1361 ἦν
2683 1290 2756 1361 μὴ
2792 1288 2934 1360 ἔχων
2968 1290 3117 1356 Υἱὸν,
3151 1291 3251 1345 οὐκ
3280 1288 3349 1365 ἧν
3377 1293 3571 1365 Πατήρ
3596 1310 3613 1324 ο

2029 1383 2123 1437 καὶ
2160 1383 2209 1436 εἰ
2238 1382 2376 1453 μετὰ
2405 1384 2580 1437 ταῦτα
2610 1384 2771 1453 ἔσχεν
2814 1384 2965 1451 Υίὸν,
3000 1384 3140 1455 μετὰ
3176 1384 3351 1439 ταῦτα
3394 1387 3619 1454 ἐγένετο

2029 1477 2242 1548 Πατὴρ,
2277 1477 2351 1545 μὴ
2396 1475 2471 1530 ὢν
2510 1476 2617 1549 πρὸ
2657 1477 2850 1532 τούτου
2882 1478 3114 1549 Πατὴρ,
3160 1479 3257 1533 καὶ
3303 1479 3517 1550 ἐτράπη
3548 1480 3616 1533 ὲκ

2028 1567 2125 1622 τοῦ
2156 1568 2230 1640 μὴ
2278 1563 2417 1623 εἶναι
2454 1570 2647 1643 Πατὴρ
2684 1570 2766 1634 είς
2807 1570 2868 1623 16
2900 1570 3156 1639 γενέσθαι
3193 1571 3386 1642 Πατήρ
3412 1586 3427 1601 ’
3472 1570 3615 1640 ὅπερ

2031 1660 2211 1729 πάσης
2268 1658 2622 1731 βλασφημίας
2681 1660 2800 1714 ἐστὶ
2853 1659 3260 1731 χαλεπώτερον.
3325 1660 3616 1715 ’Δδύνατον

332 1749 386 1804 id
413 1748 558 1819 quod
596 1745 746 1801 omni
798 1741 1141 1813 blasphemia
1220 1741 1443 1812 gravius
1478 1739 1618 1796 foret
1642 1741 1709 1794 ⁵⁵.
1754 1738 1918 1797 Nefas

2030 1750 2129 1822 γὰρ
2174 1751 2268 1804 τὸν
2315 1751 2448 1805 Θεὸν
2492 1752 2692 1819 εἰπεῖν,
2740 1750 2949 1823 ἔρημον
3002 1751 3105 1817 τῆς
3162 1752 3403 1822 φυσικῆς
3460 1769 3611 1820 γονι-

332 1840 474 1895 enim
496 1844 581 1893 est
605 1835 808 1901 dicere,
828 1833 997 1889 Deum
1021 1831 1355 1887 fecunditate
1376 1831 1615 1886 naturali
1644 1831 1914 1887 caruisse.

334 1925 661 1999 Fecunditas
703 1939 870 1996 porro
902 1923 959 1978 in
991 1922 1094 1978 hoc
1140 1922 1314 1993 posita
1338 1931 1443 1989 est,
1477 1931 1534 1977 ut
1560 1920 1686 1992 quis
1730 1938 1797 1978 ex
1825 1938 1919 1977 se-

332 2022 477 2090 ipso,
519 2018 573 2073 id
621 2026 707 2073 est
737 2032 801 2073 es
839 2014 1060 2086 propria
1090 2015 1421 2083 substantia,
1460 2015 1671 2087 prolem
1726 2025 1921 2070 natura

334 2110 571 2168 similem
612 2109 696 2164 sui
733 2106 931 2165 edat".

402 2200 771 2257 Generationis
808 2200 1003 2254 divina:
1051 2216 1083 2253 a
1140 2200 1405 2254 creatione
1465 2199 1806 2254 discrimina.
1850 2228 1921 2241 —

332 2291 577 2349 Proinde
616 2307 741 2348 cum
783 2292 852 2347 de
892 2288 1016 2346 Filii
1054 2290 1416 2363 generatione
1455 2294 1657 2362 agitur,
1701 2298 1923 2361 tempus

335 2382 730 2439 intercessisse
768 2381 953 2437 dicere
992 2381 1221 2451 impium
1261 2392 1346 2436 est
1378 2381 1425 2413 ⁸⁷
1452 2398 1466 2448 ;
1491 2388 1586 2435 aut
1616 2379 1741 2435 Filii
1774 2381 1924 2436 exsi-

338 2476 598 2533 stentiam
631 2474 788 2531 Patre
818 2474 1176 2546 posteriorem
1215 2473 1555 2529 constituere
1583 2473 1649 2526 ".
1686 2472 1765 2526 Ex
1801 2473 1924 2543 ipso

336 2567 483 2623 enim
505 2606 521 2632 ,
556 2566 660 2622 hoc
695 2576 780 2621 est
813 2580 879 2621 ex
920 2565 1099 2619 Patris
1134 2572 1329 2619 natura
1352 2604 1367 2630 ,
1420 2579 1545 2619 esse
1596 2562 1927 2634 proﬁtemur

338 2655 465 2712 Filii
496 2659 938 2729 generationem.
974 2657 1054 2711 Ac
1081 2656 1189 2711 nisi
1224 2652 1425 2710 Filium
1456 2669 1483 2710 a
1531 2654 1809 2726 principio
1847 2655 1927 2710 si-

340 2750 450 2805 mul
485 2765 609 2804 cum
644 2747 809 2804 Patre
840 2763 869 2802 a
904 2762 1015 2820 quo
1046 2747 1267 2820 genitus
1298 2755 1382 2803 est
1408 2799 1419 2813 ,
1450 2744 1623 2805 fuisse
1652 2747 1928 2802 conceda-

342 2856 466 2896 mus
489 2882 504 2907 ,
532 2839 781 2895 Paternre
802 2840 1128 2896 substantiae
1161 2840 1523 2895 mutationem
1558 2837 1886 2894 inducemus
1910 2856 1924 2893 :

340 2932 643 3004 quoniam,
678 2946 803 2985 cum
862 2929 1027 2985 Pater
1080 2944 1190 2985 non
1237 2937 1426 2995 esset,
1474 2929 1706 3000 posthac
1749 2930 1932 2985 evasit

340 3025 527 3098 Pater,
566 3023 675 3079 Res
703 3023 848 3079 enim
897 3031 1130 3088 creatae,
1178 3022 1281 3077 etsi
1309 3020 1663 3092 postmodum
1697 3021 1932 3077 conditae

343 3124 512 3180 sunt,
564 3130 676 3171 non
726 3123 911 3170 tamen
955 3128 1023 3169 ex
1077 3113 1172 3169 Dei
1210 3113 1518 3169 substantia
1557 3113 1928 3181 exstiterunt;

342 3209 440 3265 sed
476 3208 654 3278 ipsius
687 3207 971 3261 voluntate
1015 3214 1071 3260 et
1107 3206 1353 3275 potentia
1390 3204 1613 3260 fuerunt
1649 3206 1933 3276 producta:

345 3306 406 3353 ut
451 3306 660 3353 essent.
708 3295 820 3351 Nec
874 3302 1167 3365 prepterea
1222 3295 1278 3348 in
1333 3294 1424 3350 Dei
1478 3296 1731 3350 naturam
1782 3295 1933 3351 cadit

344 3389 623 3445 mutatio:
655 3386 861 3441 etenim
902 3385 1192 3457 generatio
1231 3385 1455 3454 quidem
1502 3386 1557 3440 in
1608 3387 1713 3441 hoc
1742 3390 1930 3445 consi-

346 3482 483 3546 stit,
542 3488 602 3535 ut
635 3494 701 3535 ex
739 3477 1017 3549 gignentis
1068 3476 1381 3533 substantia
1438 3477 1624 3547 proles
1674 3479 1929 3550 ejusdem

345 3593 471 3633 cum
501 3577 761 3648 gignente
791 3572 1121 3631 substantia
1146 3572 1517 3644 producatur:
1551 3583 1609 3630 at
1635 3578 1847 3633 creatio
1875 3589 1933 3637 et

344 3668 565 3724 ellectio
595 3668 700 3722 hoc
743 3674 957 3721 tantum
1005 3664 1271 3736 requirit,
1321 3673 1379 3719 ut
1410 3675 1595 3733 extra,
1630 3676 1684 3724 et
1712 3684 1823 3724 non
1857 3686 1926 3727 et

2024 1843 2281 1911 μότητος.
2325 1841 2390 1895 Ἠ
2443 1841 2502 1895 δὲ
2538 1842 2854 1913 γονιμότης,
2887 1842 2949 1895 τὸ
2994 1841 3057 1907 ἐξ
3098 1840 3296 1907 αὐτοῦ,
3345 1844 3515 1914 ἦγουν
3544 1842 3613 1895 ὲκ
3654 1851 3671 1915 \

2021 1934 2120 2004 τῆς
2150 1934 2287 1999 ἰδίας
2315 1933 2527 2001 οὐσίας,
2559 1935 2749 2006 ὅμοιον
2781 1933 2922 1989 κατὰ
2954 1935 3113 2006 φύσιν
3149 1937 3369 2007 γεννᾷν.

2076 2198 2230 2252 ,Ἐπὶ
2270 2198 2370 2270 μὲν
2419 2194 2513 2253 οὖν
2566 2199 2664 2271 τῆς
2713 2200 2809 2254 τοῦ
2864 2198 2993 2254 Υἱοῦ
3042 2200 3346 2271 γεννήσεως
3395 2201 3593 2265 ἀσεϐὲς

2023 2291 2203 2360 λέγειν
2239 2293 2431 2363 χρόνον
2465 2291 2804 2363 μεσιτεῦσαι,
2836 2294 2933 2347 καὶ
2963 2292 3104 2364 μετὰ
3133 2292 3223 2346 16v
3248 2291 3468 2363 Πατέρα
3500 2291 3603 2362 τὴν

2022 2383 2118 2438 τοῦ
2152 2382 2282 2438 Υίοῦ
2312 2384 2567 2453 γενέσθαι
2601 2384 2860 2456 ὓπαρξιν.
2917 2384 3010 2451 Ἐξ
3058 2383 3226 2439 αὐτοῦ
3272 2384 3403 2455 γὰρ,
3440 2384 3611 2454 ἧγουν

2031 2478 2131 2548 τῆς
2176 2474 2270 2530 τοῦ
2302 2476 2518 2549 Πατρὸς
2547 2476 2784 2547 φύσεως,
2836 2478 3021 2550 φαμὲν
3054 2477 3154 2548 τὴν
3184 2476 3281 2531 τοῦ
3316 2475 3447 2530 Υἱοῦ
3487 2476 3613 2545 γίν-

2028 2585 2208 2640 νησιν.
2243 2568 2353 2622 Καὶ
2385 2567 2434 2620 εἰ
2463 2569 2539 2638 μὴ
2572 2566 2630 2633 ἐξ
2652 2569 2825 2642 ἀρχῆς
2852 2566 3037 2639 δῶμεν
3059 2556 3151 2622 τὸν
3180 2566 3312 2620 Υίδν
3340 2566 3615 2636 συνυπάρο

2028 2679 2144 2732 χειν
2176 2659 2254 2732 τῷ
2286 2661 2463 2731 Πειτρὶ⁸
2501 2660 2561 2726 ἐξ
2590 2662 2755 2716 αὐτοῦ
2804 2660 3240 2733 γεγεννημένον,
3272 2658 3480 2731 τροπὴν
3514 2659 3617 2729 τῆς

2027 2751 2121 2806 τοῦ
2156 2753 2375 2824 Πατρδς
2422 2754 2777 2818 ὑποστάσεως
2816 2752 3232 2825 παρεισάγομεν
3254 2768 3269 2783 '
3309 2751 3396 2807 ὅτι
3426 2750 3503 2823 μὴ
3538 2750 3614 2804 ῶν

2029 2846 2221 2918 Πατὴρ
2256 2845 2486 2919 ὕστερον
2526 2846 2743 2916 ἐγένετο
2776 2846 2970 2919 Πατήρ
2994 2862 3008 2877 ο
3063 2848 3097 2917 ἡ
3151 2846 3262 2916 γὰρ
3308 2844 3488 2908 κτίσις
3511 2888 3527 2910 ,
3564 2844 3615 2897 si

2029 2939 2129 2993 mi.
2161 2940 2299 3011 μετὰ
2337 2938 2513 2994 ταῦτα
2546 2940 2791 3009 γέγονεν,
2833 2939 2950 2994 ἀλλ’
2978 2940 3079 2993 οὐκ
3120 2940 3186 2992 ὲκ
3217 2939 3319 3008 τῆς
3348 2935 3445 2990 τοῦ
3478 2936 3614 2990 Θεοῦ

2033 3032 2222 3097 οὐσίας
2246 3048 2259 3063 '
2310 3035 2375 3086 ἐκ
2421 3033 2479 3087 δὲ
2511 3033 2606 3087 τοῦ
2644 3032 2720 3105 μὴ
2765 3032 2920 3097 ὄντος
2952 3033 3032 3096 είς
3066 3031 3127 3084 16
3168 3025 3309 3084 εἶναι
3361 3029 3616 3101 βουλήσει

2034 3126 2130 3178 καὶ
2156 3126 2383 3197 δυνάμει
2416 3126 2582 3180 αὐτοῦ
2622 3126 2899 3198 παρήχθη,
2926 3125 3023 3179 καὶ
3046 3124 3147 3195 οὐχ
3172 3122 3404 3177 ἅπτεται
3434 3121 3614 3195 τροπὴ

2032 3218 2131 3288 τῆς
2157 3218 2252 3272 τοῦ
2282 3218 2417 3272 Θεοῦ
2448 3218 2685 3288 φύσεως.
2725 3218 2986 3289 Γέννησις
3020 3215 3123 3287 μὲν
3174 3215 3282 3286 γάρ
3313 3216 3431 3269 ἐστι
3458 3214 3521 3267 τὸ
3550 3216 3616 3267 ἑκ

2032 3310 2131 3380 τῆς
2176 3310 2365 3375 οὐσίας
2397 3312 2492 3365 τοῦ
2532 3313 2833 3381 γεννῶντος
2868 3309 3207 3381 προάγεσθαι
3247 3308 3310 3363 τὸ
3338 3306 3615 3377 γεννώμε.
3656 3318 3672 3349 ι

2034 3419 2124 3455 νον
2163 3403 2348 3475 ὅμοιον
2399 3404 2520 3459 κατ’
2564 3404 2776 3460 οὐσίαν.
2808 3404 3002 3468 Κτίσις
3047 3403 3108 3458 δὲ
3157 3402 3255 3457 καὶ
3301 3401 3523 3472 ποίησις
3554 3400 3618 3453 16

2036 3494 2272 3565 ἔξωθεν,
2326 3498 2424 3551 καὶ
2460 3497 2563 3553 οὐκ
2608 3498 2674 3552 ὲκ
2717 3498 2815 3568 τῆς
2849 3497 3038 3561 οὐσίας
3070 3494 3166 3549 τοῦ
3202 3493 3482 3559 κτίζοντος
3520 3490 3619 3545 καὶ

2036 3588 2341 3657 ποιοῦντος,
2372 3590 2630 3661 γενέσθαι
2675 3589 2740 3644 16
2792 3589 3115 3662 κτιζόμενον
3154 3589 3250 3643 καὶ
3292 3584 3619 3657 ποιούμενον

2033 3677 2288 3752 ἀνόμοιον
2318 3679 2596 3746 παντελῶς
2623 3693 2673 3735 ι.

344 3764 589 3822 creantis
624 3769 719 3818 aut
756 3761 1046 3819 eﬂicientis
1076 3761 1391 3819 substantia
1446 3760 1544 3819 ﬂat
1593 3764 1729 3820 illud
1776 3767 1924 3837 quod
1964 3783 2191 3830 creatur
2238 3786 2336 3833 aut
2377 3777 2634 3845 eﬂicitur,
2675 3775 3017 3848 omninoque
3054 3780 3327 3847 quantum
3394 3768 3464 3826 ad
3525 3783 3616 3825 es-

344 3857 576 3914 sentiam
612 3855 884 3911 dissimile
913 3854 1010 3911 sit.

412 3973 460 4056 :o
481 3973 645 4056 cies.
673 3971 807 4056 Diana.
838 3982 978 4029 orat.
1010 3972 1099 4031 36.
1193 3974 1257 4056 Α⁸¹
1280 3973 1462 4056 ,θείης
1492 3991 1533 4042 ¹ν

1716 3978 1762 4010 ⁸⁸
1794 3980 1816 4033 l
1863 3979 1995 4036 Cor.
2028 3988 2067 4044 t,
2118 3979 2211 4036 ει.

3134 4020 3151 4034 .
3185 3976 3319 4033 Naz.
3354 3984 3498 4033 orat.
3522 3978 3612 4037 35.

2307 3980 2353 4013 ³³
2391 3980 2607 4038 Coloss.
2638 3996 2680 4049 ι,
2707 3980 2796 4037 15.
2878 3978 2950 4049 ,⁵⁸
2986 3977 3129 4049 Grec

344 4040 659 4114 "Cyril.in
696 4044 988 4112 Thesauro,
1030 4052 1230 4102 assert.
1267 4047 1303 4102 4
1333 4053 1388 4102 et
1426 4046 1480 4101 5.
1520 4040 1527 4042 ’
1556 4048 1603 4080 ⁸⁸
1626 4046 1765 4105 Ibid.
1801 4059 2005 4107 assert.
2031 4040 2085 4106 6.
2161 4052 2207 4083 ⁸⁷
2236 4050 2371 4108 Ibid.
2404 4061 2601 4110 assert.
2632 4040 2691 4107 ι’.
2766 4048 2812 4084 ⁸⁸
2851 4048 3018 4122 Greg.
3045 4040 3181 4105 Nix.
3211 4057 3357 4104 orat.
3378 4048 3471 4106 29.

1678 4166 1914 4239 vatum
1947 4182 2354 4241 LECTIONES.

413 4308 440 4338 ι
473 4293 609 4367 Reg.
642 4294 751 4351 duo
784 4294 1075 4359 παντελῶς
1111 4294 1236 4348 κατ’
1264 4292 1475 4361 οὐσίαν,
1504 4294 1592 4351 sic
1624 4295 1789 4350 etiam
1816 4296 1963 4368 apud
1991 4296 2279 4369 Cyrillum.

1879 4418 2109 4477 NOTAE.

346 4515 413 4599 ad
429 4511 1935 4599 cviu‘cen'damsinceranitemporumAnte-Nicanorum
1967 4520 2011 4575 Ι)
2039 4516 2486 4599 16539606623,
2518 4516 2616 4586 τὴν
2648 4514 2791 4599 σὺν,
2824 4513 2932 4597 καὶ
2965 4513 3065 4599 shy
3094 4513 3189 4599 in»:
3216 4513 3272 4599 αἳ
3292 4512 3358 4595 36
3386 4511 3617 4599 ἄχρονρν

343 4587 503 4641 tidem
529 4584 596 4639 de
628 4584 794 4639 Verbi
842 4581 1434 4638 consubstantialitate.
1470 4582 1571 4637 llic
1612 4584 1790 4639 solum
1831 4583 1932 4639 ad-

341 4656 467 4711 dam
539 4654 929 4710 brevissimum
990 4652 1291 4707 Clementis
1350 4652 1649 4708 Alexandri
1720 4654 1929 4721 locum,

341 4742 503 4795 quem
527 4726 783 4781 omisisse
829 4722 1176 4795 videnturilli
1201 4722 1293 4792 qui
1337 4721 1678 4795 Catholicam
1704 4740 1927 4795 causam

340 4792 518 4867 nuper
539 4792 1365 4868 propugnat-unt.Festinamus,
1402 4794 1583 4864 inquit
1616 4797 1668 4848 in
1706 4793 1930 4868 Protre;

344 4864 518 4936 pti'co,
542 4864 610 4919 ut
647 4864 806 4920 inulti
836 4866 893 4919 in
936 4864 1273 4936 dilectionem
1300 4879 1461 4917 unam
1490 4880 1754 4930 coeamus,
1790 4864 1933 4920 κατὰ

338 4935 439 5005 τὴν
479 4937 580 5008 τῆς
622 4937 917 5007 μοναδικῆς
968 4935 1158 5008 οὐσίας
1205 4936 1433 5008 ἕνωσιν,
1484 4951 1589 5005 qua
1636 4936 1927 5008 referamus

313 5002 499 5060 ‘unius
536 5002 691 5062 illius
744 5002 954 5061 natura:
1011 5006 1276 5059 unionem.
1311 5002 1417 5075 [ibi
1446 5002 1642 5075 nempe
1686 5002 1929 5075 explicat

341 5077 478 5130 illud
527 5077 760 5142 dictum,
804 5076 960 5131 Joan.
1006 5090 1163 5143 xvm,
1198 5076 1289 5141 2‘2,
1329 5072 1397 5128 Ut
1432 5076 1542 5130 sint
1578 5072 1925 5130 unum—sicut

339 5156 390 5199 σι
422 5162 514 5201 1108
548 5163 709 5201 unum
741 5163 944 5203 sumus.

416 5217 526 5287 (l3)
573 5218 736 5273 Ἀλλ’
769 5218 861 5272 ἀεὶ
910 5214 1008 5287 ἦν.
1042 5214 1146 5272 Sed
1188 5231 1391 5285 semper
1412 5232 1532 5270 cum
1579 5215 1741 5270 Patre
1765 5257 1779 5282 ,
1811 5224 1919 5272 etc.

344 5285 545 5343 Filium
575 5303 698 5345 esse
739 5289 793 5343 in
824 5285 987 5343 Patre
1008 5288 1388 5343 concedebant
1415 5287 1629 5351 Ariani,
1663 5302 1729 5342 eo
1758 5288 1920 5341 modo

344 5373 455 5428 quo
486 5374 576 5415 res
612 5367 810 5415 creata:
853 5360 908 5414 in
941 5358 1053 5414 Deo
1088 5367 1218 5413 sunt
1265 5374 1279 5411 :
1321 5357 1574 5428 eumdem
1614 5372 1742 5428 vero
1798 5371 1921 5412 esse

346 5427 667 5499 eumPatrc
698 5429 841 5484 idem
868 5438 954 5485 est
981 5445 1045 5484 ac
1074 5428 1363 5499 eumiipsp
1404 5427 1749 5495 penitissime
1783 5441 1919 5499 con-

343 5498 518 5569 jungi.
547 5500 683 5555 Nam
708 5500 867 5569 juxta
900 5499 1159 5554 Basiliam
1206 5495 1281 5569 De
1308 5495 1451 5566 Spir.
1469 5508 1654 5552 sancto
1670 5510 1790 5569 cap.
1827 5496 1921 5569 25,

348 5576 403 5621 et
432 5566 584 5643 erat.
625 5572 680 5643 in
700 5566 907 5643 _'princ.
948 5570 1151 5643 Evaug.
1223 5568 1390 5643 Joan.
1445 5566 1920 5643 prappositioumiy,

346 5652 495 5710 eum,
542 5635 816 5710 signiﬁcat
866 5635 1165 5710 συνάφειᾷν
1199 5683 1213 5705 ,
1262 5635 1710 5710 coniunctionem.
1762 5635 1922 5710 [inde

347 5706 672 5765 scholiast'es
702 5710 837 5778 Reg.
868 5710 993 5763 cod.
1019 5706 1166 5765 2929
1191 5710 1256 5763 ad
1278 5706 1422 5763 hunc
1442 5709 1620 5763 locum
1645 5707 1722 5760 ait
1745 5722 1758 5757 :
1779 5707 1919 5775 Ὅρα

2038 4587 2132 4641 τοῦ
2156 4582 2310 4657 Υἱοῦ,
2337 4588 2429 4640 καὶ
2459 4582 2838 4657 συνηνωμένον
2864 4582 3137 4657 τῷΠατρὶ
3160 4582 3403 4657 δηλοῦσι,
3433 4582 3625 4657 παθὼς

2036 4655 2304 4729 ἔλλαμψις
2336 4658 2552 4729 σύνεστι
2678 4652 2968 4729 φωτὶ-παὶ
2993 4652 3315 4729 exoptem;
3343 4652 3609 4729 «Romani.

2042 4722 2309 4801 Ἐνταῦθα
2334 4722 2650 4801 παροδικῶς
2694 4722 2808 4801 τὸν·
2834 4724 2994 4801 ᾄθεον
3032 4722 3370 4801 στη).ιτεύων
3400 4722 3615 4801 ἐλέγχει

2035 4800 2275 4882 Ἀρειον.
2320 4795 2552 4882 Observa
2584 4795 2985 4882 mggositiones
3026 4795 3182 4882 istas,
3235 4808 3384 4857 cum,
3424 4802 3499 4856 et,
3534 4796 3610 4853 in,

2030 4865 2215 4939 quibus
2290 4868 2587 4939 ostenditur
2638 4865 2839 4939 Filium
2890 4874 3044 4918 extra
3106 4873 3307 4933 tempus
3357 4878 3507 4939 esse.
3556 4877 3615 4914 ac

2029 4933 2185 4992 Patri
2211 4938 2495 5009 coniungi;
2547 4937 2691 4991 haud
2728 4951 2876 5009 secus
2917 4944 3075 5009 atque
3117 4934 3416 5009 cornscatio
3450 4933 3613 5009 lucem

2028 5011 2316 5063 comitatur
2344 5049 2359 5073 ,
2399 5002 2449 5062 Et
2496 5023 2562 5062 ea:
2604 5010 2721 5078 ipsa
2756 5006 2870 5061 sine
2922 5002 3317 5078 intercamdine
3355 5002 3609 5078 procedit.

2034 5079 2140 5134 Hic
2175 5072 2351 5134 autem
2398 5072 2850 5148 impium'rArium
2867 5076 3055 5148 obiter
3080 5072 3427 5148 _traducendo
3462 5087 3608 5125 coar-

2032 5150 2163 5220 guit.
2197 5144 2482 5220 Caeterum
2502 5147 2672 5202 Basil.
2706 5144 2934 5220 cap.‘26
2964 5145 3041 5200 De
3070 5145 3277 5214 Spiritu
3307 5153 3494 5199 sancto
3524 5157 3614 5196 sa.

2032 5216 2144 5275 tius
2171 5235 2295 5275 esse
2325 5220 2402 5273 ait
2430 5219 2653 5284 dicere,
2702 5216 2968 5284 Spiritum
3018 5220 3301 5278 συνεῖναι,
3352 5229 3461 5284 una
3505 5225 3616 5266 esse

2032 5304 2159 5344 cum
2194 5292 2360 5345 Patre
2393 5298 2448 5345 et
2498 5282 2659 5353 Filio,
2701 5282 2869 5357 quam
2904 5289 3105 5341 ἐνεῖναι
3130 5329 3147 5353 ,
3188 5290 3394 5357 inesse.
3431 5282 3615 5357 Ipsum

2030 5361 2236 5431 quippe
2276 5360 2498 5431 proprie
2522 5350 2693 5431 simul
2719 5350 3157 5431 'nonessecum
3198 5354 3391 5425 iustis,
3429 5350 3529 5431 sed
3560 5351 3615 5430 in

2032 5419 2314 5497 éis'ésse',
2352 5419 2406 5485 in
2440 5429 2644 5500 quibus
2691 5428 3130 5500 sanctimoniam
3173 5419 3455 5500 operetur.
3484 5419 3615 5473 Tria

2032 5500 2265 5556 subinde
2301 5495 2581 5555 momenta
2630 5515 2695 5554 ex
2740 5499 2913 5553 variis
2962 5496 3221 5551 Patribus
3266 5495 3614 5564 deprompta,

2066 5571 2382 5626 aucioribus
2411 5570 2635 5641 quidem
2661 5568 2867 5641 verbis,
2898 5568 2994 5623 sed
3030 5562 3433 5641 vehementiori
3463 5562 3610 5635 style

2073 5650 2224 5697 ostcr
2260 5639 2647 5712 urget'contra
2676 5639 2917 5695 Ariauos
2952 5648 3008 5695 et
3036 5639 3361 5692 Anommos.
