4014 6202
450 305 561 371 813

1552 306 1648 368 DE
1678 307 1851 369 FIDE
1889 305 2347 369 ORTHODOXA
2379 305 2505 367 LIB
2570 302 2621 369 Ι.

3608 306 3713 370 ειι

536 423 662 479 Ἐπὶ
693 422 794 493 μὲν
816 414 911 477 οὖν
930 416 1025 475 τοῦ
1051 422 1212 493 μόνου
1239 422 1504 489 ἀπαθοῦς,
1531 427 1626 481 καὶ
1648 426 2027 490 ἀναλλοιώτοο,

2203 424 2569 501 Quamobrem
2620 425 2675 479 in
2728 421 2869 485 Deo.
2922 424 3016 495 qui
3072 424 3226 479 solus
3274 439 3303 478 ιι
3357 428 3714 498 perpessione

451 519 551 575 καὶ
585 516 859 588 ἀτρέπτου
882 555 897 575 .
948 515 1037 569 καλ
1075 515 1163 567 ἀεὶ
1191 515 1455 580 ὡσαύτως
1484 517 1698 587 ἔχοντος
1729 516 1864 571 Θεοῦ
1891 557 1906 580 ,
1942 519 2037 571 καὶ⁵

449 611 515 664 rb
551 609 771 679 γεννᾷν,
807 607 901 661 καὶ
940 607 1001 659 τὸ
1047 607 1281 675 κτίζειν,
1327 608 1572 674 ἀπαθές’
1618 610 1779 680 φύσει
1820 611 1929 681 γὰρ
1961 609 2036 663 ὣν

451 700 676 773 ἀπαθὴς
705 700 798 757 καὶ
847 700 1183 771 ἄρῤευστος,
1220 698 1299 764 ὡς
1343 684 1678 766 ἀπλοῦςλιαὶ
1717 700 2033 766 ἀσύνθετος,

452 794 514 847 οὐ
544 793 814 862 πέφυκεν,
848 789 1144 862 ὑπομένειν
1190 790 1383 860 πάθος,
1415 793 1448 863 ἢ
1481 793 1689 864 ρεὖσιν,
1717 793 1840 849 οὕτε
1871 795 1930 847 ἐν
1956 794 2035 864 τῷ

452 885 672 955 γεννᾷν,
726 883 853 938 οὒτε
902 885 961 937 ἐν
993 884 1071 955 τῷ
1126 884 1355 951 κτίζειν,
1388 886 1510 939 οὐδέ
1547 903 1695 951 τινος
1741 887 2035 959 συνεργίας

336 992 337 995 ‘
450 977 625 1030 δεῖται
651 992 665 1005 '
718 976 838 1035 ἀλλ’
882 977 914 1048 ἠ
970 978 1071 1055 μὲν
1120 977 1377 1047 γέννησις
1424 979 1659 1051 ἄναρχος
1706 981 1802 1035 καὶ
1837 981 2031 1046 ἀΐδιος,

452 1068 672 1139 φύσεως
700 1067 863 1141 ἔργον
904 1064 1065 1135 οὖσα,
1105 1072 1200 1131 καὶ
1244 1072 1308 1125 ὲκ
1347 1071 1449 1142 τῆς
1475 1072 1666 1136 οὐσίας
1696 1073 1863 1127 αὐτοῦ
1896 1091 2032 1145 προς-

451 1162 685 1228 ἀγουσα,
723 1162 813 1215 ἴνα
855 1161 1065 1232 τροπὴν
1092 1163 1122 1216 ὁ
1143 1162 1350 1230 γεννῶν
1386 1162 1460 1233 μὴ
1489 1164 1779 1237 ὑπομείνῃ,
1819 1166 1913 1221 καὶ
1944 1167 2034 1221 ἴνα

403 1246 410 1252 .
455 1256 533 1322 μὴ
550 1254 683 1318 Θεὸς
713 1254 950 1326 πρῶτος,
986 1256 1085 1309 καὶ
1110 1255 1244 1320 Θεὸς
1274 1255 1499 1328 ὕστερος
1534 1257 1643 1327 εἴη,
1674 1260 1765 1311 καὶ
1792 1258 2033 1332 προσθή-

451 1362 558 1415 κην
589 1345 826 1417 δέξηται.
871 1346 937 1409 Ἠ
968 1346 1027 1402 δὲ
1071 1348 1257 1417 κτίσις,
1287 1348 1382 1403 ἐπὶ
1417 1348 1553 1413 Θεοῦ
1575 1349 1710 1422 (ιι),
1759 1350 2033 1421 θελησεως

451 1438 615 1507 ἔργον
642 1434 807 1503 οὖσα,
837 1438 899 1493 ού
940 1436 1213 1504 συναεδιὸς
1261 1441 1378 1497 ἐστι
1422 1441 1503 1513 τῷ
1534 1441 1675 1515 Θεῷ.
1722 1443 1942 1515 Ἐπειδὴ
1968 1445 2031 1505 οὐ

451 1530 666 1599 πέφυκε
706 1530 768 1585 τὸ
798 1531 863 1585 ἐκ
883 1530 979 1585 τοῦ
1023 1532 1098 1602 μὴ
1131 1532 1286 1599 ὄντος
1320 1534 1401 1597 εἰς
1429 1534 1492 1588 τδ
1534 1530 1675 1595 εῖναι
1714 1538 2033 1607 παραγόμε-

449 1637 541 1675 νον
571 1621 841 1681 συνάῖδιον
875 1616 1014 1676 εἶναι
1045 1622 1121 1694 τῷ
1154 1624 1376 1695 ἀνάρχῳ
1408 1625 1503 1681 καὶ
1534 1625 1620 1681 ἀεὶ
1656 1625 1792 1680 ὄντι.
1817 1627 2032 1699 Ὠσπερ

447 1706 541 1764 οὖν
564 1711 594 1751 δ
626 1712 727 1782 οὐχ
758 1712 961 1783 ὁμοίως
1002 1717 1150 1768 ποιεῖ
1187 1714 1476 1788 ἄνθρωπος
1514 1718 1610 1770 καὶ
1648 1718 1817 1783 Θεόςο
1870 1720 1899 1772 ὁ
1931 1721 2031 1790 μὲν

447 1800 557 1877 γάρ
580 1801 870 1873 ἄνθρωπος
899 1804 1052 1857 οὐδὲν
1082 1806 1146 1863 ὲκ
1183 1804 1277 1860 τοῦ
1317 1807 1395 1879 μὴ
1441 1808 1594 1872 ὄντος
1632 1811 1714 1875 εἰς
1745 1809 1853 1884 {ab}
1881 1808 2026 1867 εἶναι

447 1890 711 1962 παράγει,
764 1891 881 1946 ἀλλ’
929 1895 1067 1965 ὅπερ
1098 1897 1244 1951 ποιεῖ
1289 1898 1353 1953 ἐκ
1386 1900 1865 1972 προϋποκειμένης
1899 1902 2031 1973 ὖλης

448 1986 623 2049 ποιεῖ,
673 1984 735 2037 οὐ
771 1984 1006 2057 θελήσας
1055 1988 1249 2058 μόνον,
1284 1988 1421 2043 ἀλλά
1466 1991 1562 2049 καὶ
1604 1994 2029 2066 προεπινοήσας,

448 2075 541 2126 καὶ
569 2076 627 2127 ἐν
664 2074 745 2145 τῷ
772 2074 849 2147 νῷ
872 2076 1233 2142 ἀνατυπὼσας
1260 2079 1321 2133 τὸ
1350 2083 1714 2152 γενησόμενον
1734 2126 1750 2150 ,
1780 2081 1897 2139 εἶτα
1935 2087 2032 2140 καὶ

447 2165 634 2235 χερσὶν
664 2166 1076 2236 ἐργασάμενος,
1113 2168 1210 2222 καὶ
1242 2170 1411 2223 κόπον
1459 2172 1760 2242 ὑπομείνας
1794 2177 1889 2230 καὶ
1928 2177 2030 2232 κά-

451 2274 643 2326 ματον,
682 2257 951 2324 πολλάκις
992 2260 1050 2313 δὲ
1088 2261 1181 2316 καὶ
1215 2262 1549 2334 ἁστοχήσας,
1582 2265 1657 2336 μὴ
1690 2267 2024 2336 ἀποϐάντος,

447 2349 589 2402 καθά
622 2349 901 2420 βούλεται,
942 2352 1035 2405 τοῦ
1064 2354 1527 2426 ἐπιτηδεύματοςο
1557 2360 1585 2412 ὁ
1620 2359 1676 2413 δὲ
1702 2360 1834 2424 Θεὸς
1863 2362 2029 2433 θελή-

448 2458 546 2503 σας
576 2443 760 2512 μόνον,
794 2444 858 2496 ἐκ
888 2444 983 2497 τοῦ
1016 2444 1091 2517 μὴ
1124 2446 1278 2511 ὄντος
1311 2448 1391 2512 εἰς
1417 2448 1477 2503 τὺ
1508 2446 1648 2504 εἶναι
1675 2453 1856 2509 πάντα
1886 2472 2027 2529 παρ-

446 2530 676 2600 ήγαγεν.
710 2529 898 2595 Οὕτως
926 2533 1047 2586 οὐδὲ
1091 2535 1293 2605 ὁμοίως
1331 2540 1497 2610 γεννᾷ
1530 2538 1663 2603 Θεὸς
1692 2542 1790 2595 καὶ
1814 2544 2028 2617 ἄνθρω-

446 2636 563 2685 πος.
608 2622 673 2674 Ὀ
710 2621 812 2692 μὲν
851 2622 962 2696 γὰρ
991 2622 1156 2689 Θεὸς,
1201 2626 1432 2699 ἄχρονος
1475 2628 1550 2683 ὢν
1574 2672 1590 2697 ,
1634 2635 1727 2687 καὶ
1766 2635 2021 2709 ἄναρχος,

445 2712 543 2766 καὶ
595 2712 819 2785 ἀπαθὴς
844 2756 859 2779 ,
903 2715 999 2771 καὶ
1046 2716 1381 2789 ἄρῤευστος,
1415 2722 1511 2775 καὶ
1555 2723 1887 2796 ἀσώματος,
1929 2732 2025 2785 καὶ

449 2803 631 2873 μόνος,
654 2805 748 2859 καὶ
783 2804 1162 2875 ἀτελεύτητος,
1197 2810 1469 2884 ἀχρόνως,
1509 2817 1603 2869 καὶ
1627 2818 1901 2889 ἀνάρχως,
1926 2823 2023 2876 καὶ

443 2894 696 2962 ἀπαθῶς,
750 2897 843 2950 καὶ
892 2898 1214 2968 ἀρῤεύστως
1269 2906 1474 2976 γεννᾷ,
1534 2908 1628 2961 καὶ
1678 2909 1840 2973 ἐκτὸς
1889 2931 2023 2967 σιιν⁸

444 2982 690 3055 δυασμοῦ
713 2976 827 3056 (IS)
854 3003 871 3020 '
901 2988 998 3040 καὶ
1030 2987 1153 3041 οὔτε
1205 2990 1381 3063 ἀρχὴν
1425 2993 1539 3064 ἔχει
1565 2996 1600 3066 ἡ
1632 2995 2021 3070 ἀκατάληπτος

2139 516 2314 580 omni,
2342 516 2671 572 alterations
2706 531 2771 571 ac
2815 517 3127 571 mutatione
3149 515 3289 571 liber
3316 523 3421 581 est,
3472 534 3716 590 semper-

2136 619 2247 675 que
2295 606 2488 661 eodem
2524 605 2689 662 modo
2732 621 2792 662 se
2820 605 3025 673 habet,
3074 614 3191 661 tum
3236 608 3548 677 generatio,
3597 616 3714 665 tum

2135 698 2350 753 creatio
2372 739 2386 763 ,
2415 700 2693 770 passionis
2718 714 2922 771 expers
2952 706 3038 756 est
3062 697 3129 754 ".
3157 697 3293 754 Nam
3325 714 3451 755 cum
3486 716 3586 757 nec
3614 717 3713 772 pa-

2135 788 2350 856 tibilis,
2405 806 2508 847 nec
2550 789 2711 847 ﬂuxae
2776 801 2992 847 naturae
3045 794 3158 860 sit;
3219 794 3427 866 quippe
3484 796 3714 866 simplex

2135 888 2241 944 est,
2302 895 2404 936 nec
2464 882 2811 953 compositus
2872 900 2888 939 :
2940 892 3093 939 certe
3127 898 3230 939 nec
3266 887 3583 955 passionem
3614 904 3716 946 nec

2136 970 2378 1036 ﬂuxum,
2409 972 2494 1027 vel
2521 973 2576 1028 in
2624 974 2977 1044 generando,
3023 974 3108 1029 vel
3152 975 3209 1031 in
3255 978 3498 1033 creando
3529 980 3717 1036 subire

2134 1071 2343 1134 potest,
2397 1079 2501 1120 nec
2566 1066 2895 1137 cujusquam
2976 1081 3135 1137 opem
3204 1075 3370 1140 atque
3429 1069 3723 1141 adiumen-

2133 1163 2250 1209 tum
2289 1155 2592 1213 desiderat.
2642 1159 2712 1213 At
2758 1160 3041 1229 generatio
3082 1158 3304 1229 quidem
3349 1160 3574 1217 initium
3605 1179 3715 1218 non

2136 1244 2303 1302 habet
2364 1249 2807 1320 sempiternaque
2864 1258 2982 1317 est,
3046 1259 3107 1306 ut
3175 1266 3301 1322 qua:
3375 1264 3586 1310 natura:
3643 1257 3718 1311 sit

2133 1352 2274 1406 opus
2294 1378 2310 1401 ,
2336 1353 2512 1410 exque
2535 1340 2713 1412 ipsius
2741 1342 3053 1398 substantia
3085 1345 3366 1415 prodeat;
3397 1362 3467 1402 ne
3502 1348 3712 1420 alioqui

2132 1431 2223 1487 ille
2251 1431 2345 1501 qui
2382 1433 2591 1505 gignit,
2644 1434 3010 1491 mutationem
3060 1436 3292 1506 subeat,
3335 1453 3402 1494 ac
3449 1450 3715 1511 praterea

2134 1537 2203 1576 ne
2231 1521 2375 1579 Deus
2405 1525 2560 1594 prior
2590 1526 2701 1591 sit,
2733 1525 2991 1598 Deusque
3030 1531 3328 1598 posterior,
3360 1547 3495 1587 neve
3524 1547 3716 1589 acces-

2134 1614 2351 1671 sionem
2385 1617 2664 1686 recipiat:
2720 1620 2931 1673 ereatio
2973 1628 3156 1674 autem
3199 1621 3255 1675 in
3307 1621 3451 1689 Deo,
3480 1640 3604 1679 cum
3641 1628 3718 1682 sit

2133 1706 2441 1763 voluntatis
2473 1721 2614 1778 opus
2639 1749 2655 1773 ,
2688 1707 2800 1764 Deo
2838 1710 3091 1780 proiecto
3119 1721 3396 1770 comterna
3448 1733 3555 1772 non
3604 1729 3713 1775 est.

2133 1794 2288 1852 Haud
2322 1798 2469 1853 enim
2519 1784 2719 1853 natura
2762 1810 3143 1870 comparatum
3188 1812 3305 1867 est,
3342 1813 3402 1858 ut
3445 1808 3593 1876 quod
3645 1825 3714 1865 ex

2133 1888 2311 1943 nihilo
2333 1889 2682 1959 producitur,
2722 1890 2882 1965 13‘
2910 1894 3153 1949 eamdem
3182 1911 3308 1950 cum
3340 1912 3405 1951 eo
3433 1899 3581 1968 quod
3612 1901 3717 1956 ini-

2132 1984 2214 2037 tio
2246 1989 2434 2046 caret,
2477 1989 2533 2037 et
2578 1985 2980 2054 sempiternum
3031 1995 3157 2051 est,
3201 1990 3568 2047 aeternitatem
3621 2002 3717 2049 aut

2131 2073 2562 2143 perpetuitatem
2598 2074 2823 2131 habeat.
2878 2076 3360 2145 Quemadmodum
3408 2083 3577 2151 igitur
3612 2084 3715 2140 ho-

2130 2165 2297 2221 minis
2324 2175 2379 2222 et
2409 2165 2505 2222 Dei
2541 2182 2651 2223 non
2680 2168 2871 2224 eadem
2899 2180 2987 2226 est
3031 2169 3302 2228 alliciendi
3346 2175 3531 2243 ratio;
3582 2178 3712 2247 quia

2131 2253 2301 2310 homo
2333 2255 2471 2311 nihil
2498 2272 2564 2312 ex
2596 2256 2770 2314 nihilo
2801 2259 3061 2330 producit
3090 2261 3137 2294 “
3165 2278 3182 2327 ;
3223 2264 3319 2319 sed
3360 2267 3505 2335 quod
3548 2262 3713 2325 eillcit

2130 2362 2195 2402 ex
2225 2349 2639 2418 praeexsisteute
2694 2359 2749 2406 et
2779 2352 3030 2422 subjecta
3064 2355 3296 2410 materia
3327 2354 3456 2412 facit
3489 2356 3532 2390 ⁸¹
3561 2379 3576 2427 ;
3608 2376 3712 2416 nec

2129 2440 2469 2498 voluntatem
2502 2441 2776 2498 duntaxat
2808 2444 3033 2499 adhibet
3057 2484 3073 2507 .
3104 2446 3199 2502 sed
3234 2448 3391 2519 prius
3419 2450 3587 2505 etiam
3618 2467 3713 2507 co-

2128 2532 2266 2603 gitat
2289 2572 2303 2596 ,
2339 2533 2588 2602 illudque
2615 2536 2764 2605 quod
2798 2534 3049 2592 facturus
3078 2545 3202 2605 est,
3239 2539 3427 2596 animo
3463 2541 3707 2614 elllngit,

2128 2638 2195 2678 ac
2221 2626 2452 2694 posthac
2481 2642 2741 2683 manuum
2772 2644 2996 2707 quoque
3023 2629 3209 2685 addita
3236 2646 3403 2703 opera
3423 2671 3439 2698 ,
3464 2633 3707 2690 laborem

2126 2724 2182 2771 et
2210 2717 2521 2774 molestiam
2552 2720 2793 2776 sustinet
2822 2720 2868 2753 "
2894 2734 2909 2775 :
2938 2736 3043 2777 nec
3076 2738 3208 2779 raro
3242 2725 3411 2780 etiam
3458 2741 3557 2797 spe
3607 2742 3707 2783 sua

2125 2806 2356 2872 labitur,
2383 2815 2445 2863 ut
2474 2808 2563 2865 cui
2588 2809 2936 2880 propositum
2960 2826 3026 2867 ex
3056 2811 3227 2865 animi
3266 2812 3554 2869 voluntate
3593 2828 3705 2870 non

2126 2896 2391 2952 succedat
2417 2918 2429 2951 :
2463 2896 2609 2954 Deus
2634 2908 2818 2955 autem
2850 2900 2967 2955 sola
2995 2901 3281 2956 voluntate
3309 2902 3492 2957 omnia
3522 2918 3590 2959 ex
3622 2905 3708 2959 ni-

2124 2989 2242 3045 hilo
2270 2998 2327 3045 ut
2363 2996 2551 3047 essent
2582 2989 2882 3061 produxit:
2917 2992 2993 3047 ita
3030 3007 3130 3049 nec
3173 2994 3367 3050 eodem
3419 2995 3588 3052 modo
3622 2998 3704 3067 gi-

445 3075 612 3131 αύτοῦ
638 3079 927 3149 γέννησις,
975 3080 1095 3134 ούόὲ
1133 3081 1307 3146 τέλος.
1355 3085 1467 3145 Καὶ
1508 3086 1767 3158 ἀνάρχως
1805 3090 1906 3161 μὲν
1934 3093 2025 3151 διά

2132 3089 2307 3153 gnunt
2336 3079 2485 3137 Deus
2511 3088 2567 3138 et
2594 3080 2777 3137 homo.
2815 3080 2960 3137 Deus
3001 3083 3178 3147 enim,
3225 3093 3286 3137 ut
3330 3084 3425 3155 qui
3472 3086 3704 3157 tempori

443 3168 507 3221 τὸ
527 3167 800 3238 ἄτρεπτον
825 3184 839 3200 ο
871 3170 1190 3242 ἀρρεύστως
1217 3172 1275 3226 δὲ
1306 3171 1395 3228 διά
1423 3174 1485 3228 τὸ
1513 3175 1723 3242 ἀπαθὲς
1755 3181 1849 3234 καὶ
1880 3184 2027 3238 ἀσὼ-

446 3276 622 3326 ματον
651 3276 665 3289 ο
695 3260 851 3325 ἐκτὸς
878 3263 1254 3333 συνδυασμοῦ,
1282 3263 1369 3319 διά
1406 3283 1466 3319 τε
1503 3267 1567 3321 τὸ
1594 3269 1887 3340 ἀσώματον
1917 3278 2023 3341 πά-

442 3351 528 3404 λιν
548 3392 565 3417 ,
613 3354 709 3406 καὶ
750 3353 848 3408 ἕνα
896 3353 1055 3426 μόνον
1101 3353 1243 3413 εἶναι
1293 3356 1428 3411 Θεὸν
1471 3360 1748 3434 ἀπροσδεῆ
1784 3366 1975 3439 ἑτέρου
2004 3386 2017 3401 ο

441 3443 817 3515 ἀτελευτήτως
836 3445 914 3513 δὲ,
942 3448 1037 3501 καὶ
1067 3448 1531 3517 ἀκαταπαύστως,
1560 3451 1649 3506 διά
1676 3471 1735 3508 τε
1763 3456 1825 3510 τὸ
1852 3459 2022 3532 ἄναρ-

441 3553 559 3605 χον,
587 3538 681 3591 καὶ
711 3538 963 3611 ἄχρονον,
992 3542 1088 3595 καὶ
1110 3542 1490 3613 ἀτελεύτητον,
1524 3545 1619 3598 καὶ
1646 3546 1737 3601 ἀεὶ
1756 3547 2022 3617 ὡσαύτως

442 3631 628 3701 ἔχειν’
674 3631 735 3691 τὸ
799 3633 911 3704 γὰρ
951 3635 1221 3709 ἄναρχον,
1272 3637 1627 3710 ἀτελεύτητον
1654 3656 1669 3671 ’
1713 3640 1775 3694 τὺ
1823 3642 1879 3696 δὲ
1921 3646 2022 3715 χά-

445 3740 554 3793 piri
614 3724 1005 3796 ἀτελεύτητον,
1057 3728 1119 3781 ού
1164 3728 1382 3793 πάντως
1428 3730 1665 3803 ἄναρχον
1691 3770 1707 3797 ,
1748 3731 1941 3807 ὥσπερ
1972 3736 2024 3788 oi

441 3814 688 3883 ἄγγελοι.

2137 3188 2244 3230 non
2297 3173 2514 3239 subsit,
2561 3182 2615 3229 et
2666 3172 2981 3246 principio,
3033 3175 3293 3246 passione
3351 3192 3418 3233 ac
3466 3175 3707 3234 ﬂuxione

2130 3267 2279 3323 omni
2311 3276 2508 3331 vacet,
2540 3267 2724 3339 sitque
2754 3268 3154 3339 incorporeus,
3194 3284 3258 3325 ac
3300 3269 3456 3326 solus
3506 3271 3575 3327 ab
3619 3272 3706 3327 in-

2128 3360 2291 3415 teritu
2330 3359 2471 3415 liber
2499 3360 2586 3427 ";
2617 3360 2691 3415 ita
2724 3358 2867 3414 citra
2899 3368 3118 3430 tempus
3153 3375 3410 3431 quoque,
3455 3369 3510 3417 et
3549 3362 3704 3434 prin-

2126 3453 2330 3523 cipium
2355 3490 2370 3517 ,
2396 3460 2452 3507 et
2477 3451 2793 3524 passionem
2817 3490 2833 3517 ,
2854 3461 2911 3507 et
2939 3450 3148 3507 ﬂuxum
3168 3491 3186 3520 ,
3206 3461 3263 3509 et
3287 3453 3411 3511 sine
3434 3453 3551 3510 ullo
3573 3468 3707 3512 con-

2118 3561 2312 3617 gressu
2366 3546 2575 3618 gignit,
2628 3560 2695 3601 ac
2743 3559 2846 3600 nec
2895 3543 3140 3610 initium,
3199 3559 3300 3600 nec
3339 3545 3502 3601 linem
3542 3546 3710 3601 habet

2120 3638 2704 3709 incomprehensibilis
2754 3637 2934 3708 ipsius
2986 3636 3292 3707 generatio.
3343 3638 3511 3707 Atqui
3566 3637 3705 3693 citra

2118 3742 2338 3802 tempus
2370 3730 2598 3802 quidem
2631 3728 2845 3784 idcirco
2872 3728 3083 3798 gignit,
3117 3729 3248 3798 quia
3283 3728 3355 3783 ab
3395 3728 3549 3783 omni
3581 3744 3706 3784 mu-

2119 3826 2334 3880 tatione
2378 3823 2595 3879 alienus
2634 3828 2760 3877 est:
2793 3820 2934 3875 citra
2977 3820 3276 3874 ﬂuxionem
3320 3828 3541 3884 autem,
3575 3819 3705 3889 quia

440 3907 768 3977 impalibilis
793 3916 849 3965 ct
880 3908 1277 3981 incorporeus:
1306 3910 1446 3966 citra
1477 3926 1832 3983 congressum
1858 3930 2012 3983 vero,
2047 3924 2165 3973 tum
2200 3930 2399 3970 rursus
2428 3912 2557 3985 quia
2592 3912 2992 3982 incorporeus,
3020 3920 3137 3965 tum
3172 3908 3302 3979 quia
3363 3924 3507 3964 unus
3576 3917 3708 3964 tan-

439 4006 555 4055 tum
595 4010 683 4056 est
720 4000 893 4067 Deus,
978 4002 1207 4067 alterius
1249 4018 1415 4074 opera
1464 4004 1691 4071 minime
1732 4005 1983 4079 indigens
2041 4027 2056 4064 :

2124 4007 2262 4063 citra
2293 4006 2453 4061 linem
2511 4004 2785 4074 denique,
2823 4012 2878 4058 et
2920 4010 2987 4059 ut
3030 4017 3310 4073 nunquam
3352 4016 3384 4058 ι
3433 4002 3708 4075 gignendo

438 4097 726 4166 quiescat,
758 4098 905 4168 quod
941 4099 1082 4154 iniiii
1103 4140 1119 4167 ,
1150 4108 1204 4163 et
1236 4101 1502 4171 temporis
1522 4145 1537 4166 ,
1568 4111 1621 4157 et
1682 4099 1809 4157 ﬂuis
1840 4117 2040 4174 expers
2070 4103 2171 4166 sit,
2207 4115 2533 4173 semperque
2559 4098 2752 4156 eodem
2783 4098 2948 4154 modo
2979 4112 3040 4153 se
3069 4096 3292 4153 habeat.
3360 4094 3496 4152 Nam
3559 4098 3707 4169 quod

436 4188 711 4259 principio
740 4198 926 4257 caret,
958 4206 1063 4248 nec
1092 4192 1254 4249 linem
1313 4206 1551 4261 unquam
1608 4190 1925 4248 habiturum
1951 4204 2055 4251 est.
2092 4191 2247 4261 Quod
2282 4200 2465 4248 autem
2500 4190 2594 4245 Dei
2630 4203 2859 4246 munere
2887 4194 3054 4260 atque
3080 4187 3255 4259 gratia
3308 4190 3427 4245 sine
3487 4188 3595 4246 nne
3624 4201 3708 4248 est

438 4292 504 4335 ac
530 4280 862 4346 immortale,
891 4280 997 4337 hoc
1022 4296 1253 4353 prorsus
1279 4281 1556 4352 principio
1585 4296 1694 4338 non
1720 4290 1892 4339 caret.
1924 4282 1983 4339 Id
2020 4284 2169 4355 quod
2202 4298 2269 4339 ex
2300 4281 2516 4354 angelis
2543 4279 2786 4352 perspici
2816 4279 2995 4352 possit
3020 4278 3090 4335 ⁸⁸.

508 4460 556 4543 ξ’
586 4459 918 4543 (ξςεεκ-ῌπ.
950 4472 1090 4520 orat.
1124 4463 1386 4543 29__et‘35.
1407 4538 1421 4543 _
1442 4466 1507 4543 A“
1536 4465 1618 4543 id.
1650 4473 1793 4524 orat.
1821 4466 1914 4523 29.
1934 4465 2033 4543 ωτι
2064 4462 2263 4543 (Ζξζιξιιἒ
2287 4462 2445 4543 Thes.
2480 4469 2661 4518 assert
2681 4463 2725 4543 j
2746 4470 2803 4531 et
2840 4461 2929 4519 l8.
3005 4460 3051 4493 "
3079 4460 3244 4543 Greg.
3273 4458 3406 4516 Νη.
3442 4467 3584 4515 orat.
3610 4458 3702 4515 29.

435 4527 484 4561 ⁸³
502 4527 723 4603 (ἔνι-ἱΙΙῘ
749 4532 903 4588 Thes.
945 4543 1147 4589 assert.
1178 4535 1233 4601 5,
1258 4535 1291 4591 6
1311 4544 1367 4592 et
1400 4536 1505 4602 16;
1546 4535 1713 4608 Greg.
1763 4546 1908 4594 orat.
1934 4535 2026 4591 55.
2101 4527 2147 4566 δι
2178 4532 2343 4601 Infra,
2376 4533 2474 4598 lib.
2511 4548 2575 4599 ιι,
2601 4548 2651 4588 c.
2681 4534 2735 4588 3.

1751 4675 1984 4733 νΑιιυΕ
2023 4675 2432 4733 ιεοτιοιιιεδ.

533 4767 561 4807 δ
594 4766 731 4823 Cod.
795 4767 853 4823 S.
914 4766 1021 4825 Hii.
1050 4769 1250 4837 τοίνυν.

1951 4860 2191 4920 NOTAE.

508 4955 621 5027 (ιι)
670 4956 745 5012 Ἥ
789 4956 859 5011 δὲ
896 4957 1099 5023 κτίσις
1145 4956 1243 5021 ἐπὶ
1283 4956 1453 5027 Θεοῦ.
1480 4958 1693 5014 Creatio
1725 4966 1903 5013 autem
1955 4958 2010 5013 in
2043 4962 2088 5020 Ι)

432 5026 568 5082 Deo.
603 5027 962 5095 Athanasius,
1013 5035 1155 5089 orat.
1187 5026 1225 5093 2
1262 5036 1316 5093 et
1349 5027 1383 5081 5
1424 5026 1581 5084 Cant.
1630 5028 1821 5083 Arian.
1854 5028 2013 5082 Basi-

432 5100 567 5159 lius,
607 5098 702 5153 lib.
746 5114 799 5155 Iv
838 5095 993 5161 Cant.
1035 5095 1267 5159 Eunoni.
1324 5096 1727 5165 Nazianzenus,
1760 5110 1901 5154 orat.
1943 5097 2016 5153 29

429 5178 486 5222 ct
516 5166 625 5233 35;
662 5167 926 5241 Cyrillus,
967 5167 1120 5241 Thes.
1144 5178 1341 5232 assert.
1370 5169 1428 5233 5,
1455 5170 1683 5241 aliique,
1711 5168 2018 5234 discrimen

433 5254 536 5291 noc
568 5240 982 5311 generationem
1035 5240 1180 5301 inter
1210 5248 1267 5293 et
1298 5239 1651 5311 creationem
1681 5246 2012 5311 agnoscunt,

429 5316 493 5360 ut
527 5308 818 5380 generatio
850 5312 923 5371 sit
955 5322 984 5361 a
1008 5317 1233 5373 natura,
1260 5323 1406 5380 quae,
1438 5310 1571 5380 dum
1602 5308 1731 5380 ejus
1768 5308 2015 5364 feciindi-

434 5386 602 5431 tatem
656 5378 793 5441 nihil
839 5387 1125 5441 moratur,
1178 5378 1431 5439 coaevum
1494 5378 1600 5435 sibi
1654 5379 1822 5434 fetum
1864 5380 2012 5444 edat,

434 5447 578 5501 haud
612 5462 777 5509 secus
810 5462 875 5519 ac
928 5450 1011 5505 sol
1052 5450 1219 5514 simul
1250 5460 1416 5519 atque
1446 5448 1626 5503 iactus
1675 5448 1797 5514 fuit,
1829 5449 2013 5503 lumen

428 5532 592 5591 exse
626 5518 880 5591 profudit
910 5536 924 5574 :
953 5522 1037 5575 sin
1076 5518 1366 5591 generatio
1397 5522 1683 5591 voluntate
1722 5519 1837 5573 fieri
1879 5533 2016 5573 con-

431 5587 697 5651 cedatur,
734 5587 1102 5651 voluntatemw
1126 5592 1264 5653 hanc
1308 5588 1626 5659 σύνδρομον,
1673 5591 2015 5645 comitantem

432 5669 581 5717 esse,
613 5673 724 5714 non
752 5661 1117 5726 anteriorem;
1148 5675 1180 5716 e
1207 5670 1399 5717 contra
1422 5659 1761 5717 voluntatem
1790 5660 2015 5716 creandi

434 5728 772 5783 creationem
817 5729 1149 5798 praecedere.

2188 4958 2301 5038 (εξ)
2329 4957 2743 5040 ζέῤῥειὲστριδ
2771 4957 2957 5040 γεννᾷ
2982 4995 2998 5023 ν
3025 4955 3152 5040 ,θέαι
3206 4954 3382 5025 ἐκτὸς
3437 4954 3706 5040 (ἓνεῖνα-

2114 5025 2296 5101 σμοῦ.
2323 5025 2477 5085 Citra
2518 5025 2839 5108 pusionem,
2877 5025 2986 5084 etc.
3024 5026 3080 5081 Id
3137 5041 3280 5097 stupe
3329 5029 3549 5095 repetit,
3587 5036 3703 5081 tum

2117 5100 2411 5169 adversum
2444 5095 2741 5153 Gnosticos
2767 5138 2782 5162 ,
2838 5098 2930 5169 qui
2978 5096 3218 5154 Verbum
3264 5098 3331 5150 ad
3366 5096 3545 5169 ilistar
3575 5111 3708 5167 pro.

2112 5168 2270 5225 ﬂuvii
2307 5182 2622 5238 emanasse,
2656 5179 2823 5238 atque
2843 5164 2947 5238 fex
3001 5181 3301 5238 congressu
3342 5164 3542 5238 Eonis
3577 5164 3705 5220 ina-

2114 5239 2254 5295 sculi
2308 5253 2432 5294 cum
2484 5235 2662 5292 Eone
2721 5235 2927 5309 femina
2984 5235 3702 5309 prognatumdingebant:

2112 5318 2231 5364 tum
2269 5309 2432 5365 etiam
2466 5309 2793 5377 utgArianos
2841 5303 3204 5377 refutett'qui
3247 5303 3591 5377 catholicam
3635 5303 3707 5359 de

2119 5378 2472 5450 generatione
2504 5375 2667 5432 Verbi
2723 5380 2911 5450 tidem.
2948 5378 3023 5450 ad
3056 5374 3503 5450 Valentinianum
3548 5374 3704 5450 βηθ-

2126 5445 2443 5518 sticumque
2472 5461 2694 5505 sensum
2740 5448 3162 5517 detorquebant.
3196 5446 3310 5503 Hoc
3347 5447 3516 5500 Arius
3548 5445 3703 5501 insu-

2124 5526 2311 5574 surrat
2343 5520 2575 5588 epistola
2623 5520 2689 5572 ad
2749 5518 3120 5575 Alexandrum
3169 5517 3467 5572 Alexandr.
3531 5530 3701 5585 quam

2126 5590 2467 5643 Athanasius
2501 5589 2698 5645 recitat
2747 5589 2841 5643 lib.
2894 5585 2971 5640 De
3014 5587 3269 5656 synodis;
3330 5584 3699 5656 Epiphanius.

2129 5602 2467 5643 Athanasius
2501 5602 2698 5668 reeitat
2747 5602 2841 5670 np.
2894 5602 2971 5640 ue
3014 5602 3269 5659 agundis;
3330 5602 3699 5668 Epiphanius.

2129 5660 2263 5713 haer.
2306 5659 2417 5723 69;
2464 5658 2726 5724 Hilarius,
2763 5658 2857 5728 lib.
2894 5672 2955 5713 ιιι
2997 5667 3052 5715 et
3087 5674 3119 5711 v
3162 5657 3241 5712 De
3296 5656 3446 5715 Trin.
3480 5655 3702 5728 Lageus

2126 5728 2388 5784 Naziana.
2420 5738 2563 5784 orat.
2593 5728 2685 5795 35,
2714 5743 2770 5799 ρ.
2800 5727 2925 5784 567.
