4014 6202
469 301 574 368 821

1587 302 1687 362 DE
1725 304 1906 370 FIDE
1943 303 2412 368 ORTHODOXA
2447 304 2594 370 LIB.
2635 303 2664 363 Ι

3649 310 3759 373 822

462 413 598 472 Υξοῦ
634 414 835 478 ποιεῖν,
866 412 967 482 οὐχ
1001 410 1079 474 ὡς
1104 411 1176 465 δι’
1224 411 1461 483 ὀργάνου
1492 411 1606 486 (21)
1657 415 2062 488 λειτουργικοῦ,

2180 417 2271 488 ιρεὶ
2297 415 2637 478 inserviens,
2671 411 2772 468 sed
2805 413 2913 468 vim
2941 413 3239 483 quamdam
3291 415 3538 472 nativam
3558 421 3760 474 statui-

387 574 401 581 _
462 507 605 565 ἀλλὰ
635 498 873 576 φῦσικῆς
899 502 990 556 καὶ
1014 502 1386 559 ὲνυποστάτου
1410 502 1715 576 δυνάμεως.
1735 508 1845 562 Καὶ
1873 507 2062 581 ὥσπερ

463 600 704 670 λέγομεν
731 594 795 650 τὸ
820 591 932 666 πῦρ
971 592 1253 664 φωτίζειν,
1289 593 1386 647 καὶ
1426 594 1587 650 πάλιν
1631 597 1816 668 φαμὲν
1846 598 1908 652 τὸ
1946 599 2064 669 φῶς

463 690 561 745 τοῦ
596 687 770 758 πυρὸς
809 683 1089 756 φωτίζειν,
1116 683 1263 740 οὓτω
1297 684 1496 740 πάντα
1525 685 1645 741 ὅσα
1681 687 1844 744 ποιεῖ
1872 692 1904 744 ό
1939 693 2061 745 Πα-

464 781 606 851 τὴρ,
640 778 858 849 ὁμοίως
900 776 1001 832 καὶ
1037 779 1070 831 ὁ
1121 777 1257 842 Υἱὸς
1298 777 1478 832 ποιεῖ.
1516 778 1679 834 Ἀλλὰ
1708 780 1770 833 τὸ
1815 781 1914 852 μὲν
1949 782 2066 851 φῶς

466 873 566 926 οὐκ
602 872 742 925 ἰδίαν
777 868 1081 926 ὑπόστασιν
1125 869 1281 940 παρὰ
1315 868 1379 922 τὸ
1418 868 1531 942 πῦρ
1574 870 1877 944 κέκτηται·
1936 873 1965 926 ὁ
2008 872 2066 928 δὲ

476 965 600 1027 fio;
623 962 810 1016 τελεία
833 961 1141 1025 ὑπόστασις
1167 962 1307 1025 ἐστι,
1331 962 1433 1033 τῆς
1459 964 1736 1035 πατρικῆς
1755 962 2066 1035 ἀχώριστος

471 1055 856 1121 ὑποστάσεως,
887 1052 966 1120 ὡς
1012 1053 1272 1125 ἀνωτέρω
1294 1056 1744 1127 παρεστήκαμεν.
1776 1054 2066 1111 Ἀδύνατον

471 1149 586 1219 γὰρ
627 1146 923 1218 εὑρεθῆναι
960 1146 1021 1199 ὲν
1064 1148 1132 1218 τῇ
1167 1146 1345 1199 κτίσει
1395 1147 1584 1201 εἰκόνα
1625 1149 2065 1223 ἀπαραλλάκτως

471 1244 532 1297 ὲν
580 1242 753 1313 ἑαυτῇ
805 1239 900 1294 τὸν
939 1238 1147 1310 τρόπον
1181 1238 1284 1310 τῆς
1331 1241 1495 1308 ἁγίας
1526 1241 1758 1313 Τριάδος
1804 1245 2068 1316 παραδει-

474 1332 778 1389 κνῦουσαν.
822 1333 897 1386 Τὸ
948 1332 1058 1403 γὰρ
1092 1332 1310 1386 κτιστδν
1344 1335 1439 1387 καὶ
1488 1334 1770 1402 σύνθετον,
1801 1337 1896 1393 καὶ
1941 1341 2067 1409 ῥευ-

476 1424 626 1485 στὸν.
678 1423 774 1477 καὶ
825 1422 1087 1493 τρεπτὺν,
1138 1423 1234 1478 καὶ
1281 1425 1691 1496 περίγραπτον,
1732 1427 1828 1481 καὶ
1879 1429 2066 1500 σχῆμα

477 1513 623 1582 ἔχον,
667 1513 762 1569 καὶ
786 1512 1058 1584 φθαρτὸν,
1093 1513 1212 1579 πῶς
1237 1517 1426 1585 σαφῶς
1453 1517 1684 1590 δηλώσει
1709 1520 1812 1592 τὴν
1848 1522 2068 1578 πάντων

475 1607 691 1660 τούτων
749 1606 1186 1680 ἀπηλλαγμένην
1240 1610 1569 1682 ὑπερούσιον
1630 1613 1784 1669 Θείαν
1839 1613 2064 1683 οὐσίαν;

478 1700 641 1754 Πᾶσα
668 1699 725 1753 δὲ
753 1701 788 1770 ἡ
812 1700 1013 1764 κτίσις,
1046 1701 1205 1773 δῆλον
1235 1702 1311 1767 ὡς
1349 1705 1466 1768 τοῖς
1500 1703 1715 1760 πλείοσι
1749 1706 1954 1761 τούτων
1982 1710 2069 1763 ἐν·

2169 524 2296 566 mus
2331 525 2345 564 :
2379 507 2504 578 pari
2550 505 2718 562 modo
2763 504 2990 561 Patrem
3035 507 3224 562 omnia
3281 524 3405 574 qua:
3449 508 3615 576 facit,
3664 527 3763 582 per

2171 601 2529 674 Unigenitum
2579 615 2744 655 suum
2799 597 2985 658 facere
3023 599 3303 666 dicimus,
3342 615 3454 656 non
3493 614 3761 674 tanquam

2167 711 2266 768 per
2288 694 2491 751 servile
2515 692 2794 766 quoddam
2821 707 3117 762 organum,
3139 692 3233 750 sed
3260 703 3319 748 ut
3343 708 3441 764 per
3463 696 3571 749 vim
3603 696 3761 766 137

2168 787 2484 842 naturalem
2537 794 2596 842 et
2652 785 3050 841 subsistentem
3081 785 3150 839 ⁷⁸.
3209 784 3446 854 Insuper
3495 785 3760 855 quemad-

2171 878 2393 933 modum
2417 878 2601 949 ignem
2625 876 2942 934 illuminare
2967 875 3208 934 dicimus
3227 919 3242 946 ,
3279 878 3537 951 idemque
3564 896 3759 936 rursus

2171 971 2348 1040 ipsius
2381 971 2492 1025 luci
2530 970 2828 1025 tribuimus
2859 985 2876 1034 ;
2907 969 2991 1026 sic
3016 970 3201 1026 omnia
3240 987 3359 1042 qua:
3396 971 3565 1027 Pater
3595 972 3761 1042 facit,

2168 1061 2339 1116 Filius
2374 1062 2539 1117 etiam
2572 1061 2826 1118 similiter
2865 1061 2996 1131 facit
3031 1061 3102 1117 ⁸ο.
3140 1063 3214 1118 At
3249 1078 3380 1118 vero
3414 1063 3470 1118 in
3505 1063 3609 1118 hoc
3645 1065 3763 1120 dts-

2169 1155 2382 1210 crimen
2409 1154 2577 1209 situm
2604 1163 2723 1220 est,
2755 1154 2904 1224 quod
2931 1153 3026 1208 lux
3059 1155 3337 1225 propriam
3355 1164 3420 1210 et
3443 1154 3762 1210 distinctam

2170 1246 2240 1302 ab
2269 1247 2397 1317 igne
2422 1247 2849 1304 subsistentiam
2876 1261 2988 1302 non
3013 1247 3198 1302 habet.
3223 1246 3399 1304 Filius
3423 1257 3607 1319 autem
3639 1264 3764 1321 per-

2171 1338 2317 1394 fecta
2349 1339 2669 1411 bypostasis
2707 1347 2793 1396 est
2816 1383 2830 1405 ,
2867 1355 2898 1394 a
2940 1347 3172 1410 paterna
3221 1339 3504 1410 hypostasi
3543 1340 3766 1410 insepa-

2171 1431 2369 1488 rabilis
2391 1471 2406 1496 ,
2447 1441 2507 1487 ut
2540 1433 2800 1503 superius
2835 1448 2868 1488 a
2908 1432 3072 1490 nobis
3107 1439 3393 1489 ostensum
3433 1439 3539 1489 est.
3577 1431 3768 1503 Neque

2169 1523 2323 1579 enim
2355 1521 2474 1578 ﬁeri
2501 1531 2686 1594 potest
2711 1531 2770 1580 ut
2800 1524 2855 1578 in
2889 1525 3059 1580 rebus
3089 1523 3294 1578 creatis
3323 1523 3506 1594 imago
3534 1523 3644 1578 ulla
3669 1531 3766 1577 aut

2170 1613 2480 1670 similitudo
2505 1616 2838 1686 reperiatur,
2858 1631 2982 1686 quae
3004 1623 3210 1671 sancite
3227 1614 3518 1672 Trinitatis
3541 1614 3764 1671 modum

2172 1705 2228 1761 in
2260 1707 2447 1779 seipsa
2477 1707 2617 1764 citra
2636 1708 2810 1764 ullum
2837 1707 3316 1766 dissimilitudinis
3346 1718 3529 1764 notam
3559 1723 3766 1779 reprae-

477 1791 687 1862 ἐχεται,
717 1793 813 1846 καὶ
842 1793 996 1848 πᾶσα
1023 1791 1170 1847 κατὰ
1206 1793 1306 1865 τὴν
1349 1794 1552 1867 ἑαυτῆς
1586 1798 1749 1866 φύσιν
1782 1800 1850 1870 τῇ
1889 1797 2068 1872 φθορᾷ

2180 1777 2377 1856 sentet.
2425 1801 2587 1869 Quod
2641 1804 2790 1860 enim
2822 1810 3113 1870 creatum,
3162 1811 3218 1858 et
3261 1777 3639 1873 compositum
3659 1843 3674 1865 ,
3710 1811 3766 1857 et

479 1886 790 1940 ὑπόκειται.

2173 1892 2487 1962 caducum,
2530 1902 2587 1952 et
2631 1896 2941 1962 mutabile,
2975 1904 3031 1951 et
3057 1895 3586 1966 circumscriptum,
3619 1903 3675 1951 et
3707 1893 3768 1948 li-

481 1995 616 2051 gura
670 1978 964 2050 praeditum
988 2021 1003 2042 ,
1034 1987 1088 2036 et
1123 1979 1489 2051 corruptibile
1535 1991 1620 2038 est
1641 2021 1656 2046 ,
1703 1998 1816 2053 quo
1846 1983 2068 2040 tandem
2110 1988 2275 2043 modo
2302 1988 2834 2060 super-essentialem
2863 1989 3166 2048 essentiam
3195 1988 3480 2052 divinam,
3549 1986 3618 2042 ab
3680 1987 3768 2041 bis

481 2075 744 2131 omnibus
781 2075 1012 2132 liberam
1036 2112 1052 2138 ,
1094 2082 1284 2145 aperte
1321 2075 1674 2133 declarabit?
1742 2077 2103 2150 Perspicuum
2144 2091 2350 2139 autem-
2399 2093 2486 2140 est
2526 2098 2618 2140 res
2653 2098 2850 2140 omnes
2888 2091 3115 2139 creatas
3160 2083 3442 2155 plerisque
3486 2081 3768 2151 ejusmodi

485 2167 882 2227 atl‘ectionibus
915 2167 1188 2224 obnoxias
1223 2183 1385 2237 esse,
1421 2170 1616 2240 sicque
1646 2185 1677 2224 a
1707 2178 1905 2226 natura
1937 2187 2328 2246 comparatas,
2361 2183 2422 2231 ut
2453 2177 2807 2249 corruptioni
2840 2176 3185 2246 subiaceant.

569 2261 810 2326 Ὁμοίως
840 2261 1179 2333 πιστεύομεν
1219 2262 1312 2316 καὶ
1341 2263 1423 2327 εἰς
1449 2262 1508 2316 ἓν
1539 2261 1767 2333 Πνεῦμα
1801 2265 1979 2334 ἅγιον,
2020 2268 2085 2321 τὸ

492 2351 729 2426 Κύριον,
753 2353 850 2407 καὶ
876 2353 1142 2418 ζωοποιόν
1163 2372 1177 2388 ·
1194 2354 1258 2409 τὸ
1277 2357 1342 2409 ὲκ
1365 2355 1461 2410 τοῦ
1484 2357 1697 2428 Πατρὸς
1719 2360 2087 2431 ὲκπορτυιεμε⁴

492 2463 609 2512 νον,
636 2445 732 2498 καὶ
752 2445 810 2496 ὲν
834 2444 948 2516 Υἱῷ
971 2445 1422 2518 ἀναπαυόμενον·
1452 2447 1514 2501 τὸ
1541 2448 1619 2518 τῷ
1649 2451 1828 2522 Πατρὶ
1855 2451 1950 2506 καὶ
1969 2451 2084 2524 Υἱῷ

490 2536 1087 2608 αυμπροσκυνούμενον
1130 2539 1227 2592 καὶ
1264 2538 1746 2612 συνδοξαζόμενον,
1779 2543 1856 2607 ὼς
1889 2545 2086 2616 ὁμοού-

490 2628 609 2682 σιόν
638 2645 698 2682 τε
723 2630 817 2683 καὶ
840 2630 1111 2685 συναῖδιον
1132 2647 1146 2662 ·
1177 2631 1240 2684 τὸ
1261 2632 1327 2684 ὲκ
1359 2631 1496 2686 Θεοῦ
1526 2633 1776 2706 Πνεῦμα,
1803 2636 1865 2690 τὸ
1898 2637 2079 2704 εὺθὲς,

2255 2269 2334 2326 De
2355 2270 2563 2342 Spiritu
2593 2280 2803 2327 sancto.
2836 2269 3085 2342 Ignotum
3113 2272 3264 2327 nobis
3291 2281 3349 2325 ut
3368 2269 3770 2340 distinguantur

2179 2364 2234 2418 in
2264 2361 2372 2418 Deo
2399 2364 2673 2433 generatio
2688 2374 2742 2418 et
2765 2363 3055 2434 processio.
3085 2393 3156 2402 —
3179 2361 3386 2417 Eodem
3412 2363 3576 2416 etiam
3607 2360 3770 2416 modo

2179 2457 2463 2513 credimus
2495 2457 2552 2511 in
2585 2455 2855 2527 Spiritum
2887 2464 3169 2521 sanctum,
3195 2454 3513 2518 Dominum,
3545 2461 3602 2509 et
3627 2453 3768 2509 vivi-

2182 2551 2459 2614 llcantem,
2490 2551 2584 2620 qui
2619 2566 2686 2605 ex
2721 2548 2885 2604 Patre
2931 2547 3291 2624 procedit,_et
3329 2548 3385 2602 in
3436 2545 3576 2601 Filio
3629 2559 3766 2600 con--

2189 2641 2468 2713 quiescit;
2499 2642 2593 2712 qui
2621 2655 2748 2696 cum
2779 2640 2944 2697 Patre
2971 2640 3192 2697 etFilio
3233 2639 3398 2695 simul
3422 2638 3687 2694 adoratur
3714 2643 3770 2690 et

491 2720 554 2774 τὸ
577 2723 926 2792 ἡγεμονικὸν,
953 2722 1053 2792 τὴν
1083 2722 1266 2794 πηγὴν
1297 2723 1398 2793 τῆς
1428 2724 1642 2794 σοφίας,
1673 2728 1762 2780 καὶ
1793 2727 1960 2800 ζωῆς,
1985 2729 2075 2784 καὶ

2187 2734 2674 2804 conglorilicatur,
2732 2741 2926 2804 utpote
2987 2730 3483 2789 consubstantialis
3549 2735 3605 2783 et
3675 2741 3773 2782 co-

490 2811 585 2865 τοῦ
609 2813 889 2883 ἀγιασμοῦ
913 2831 924 2844 ·
955 2812 1092 2868 Θεὸν
1128 2815 1226 2868 σὺν
1249 2815 1427 2886 Ilath
1450 2817 1548 2870 καὶ
1577 2817 1690 2889 Υἱῷ
1717 2819 1963 2891 ὑπάρχον
1985 2825 2075 2878 καὶ

2186 2833 2429 2880 aeternus
2454 2825 2535 2891 “;
2567 2823 2661 2880 Dei
2681 2822 2974 2896 Spiritum,
2992 2831 3226 2887 rectum,
3264 2819 3647 2892 principalem;
3679 2832 3772 2873 sa-

493 2908 1044 2979 προσαγορευόμενον
1065 2926 1080 2941 ·
1113 2911 1392 2980 ἄκτιστον,
1411 2913 1642 2984 πλῆρες,
1673 2916 2005 2989 δημιουργὸν
2031 2919 2075 2987 ί,

2189 2917 2426 2986 pientiaa,
2471 2916 2598 2994 vita:
2635 2923 2692 2972 et
2712 2916 3026 2972 sanctitatis
3059 2915 3300 2980 fontem;
3335 2912 3430 2967 Dei
3460 2927 3584 2966 cum
3610 2911 3774 2964 Patre

494 3001 1020 3070 παντοκρατορικδν,
1061 3005 1422 3076 παντουργὸν,
1458 3008 1892 3081 παντοδύναμον,
1923 3013 2075 3065 ἀπει-

2189 3017 2242 3063 et
2283 3007 2424 3064 Filio
2457 3022 2585 3063 cum
2616 3022 2733 3064 rem
2769 3007 3087 3073 habentem,
3123 3013 3240 3060 tum
3267 3001 3771 3072 nuncupationem;

495 3090 689 3159 ροδῦνα
697 3109 819 3162 μον,
836 3092 1100 3159 δεσπόζον
1119 3096 1298 3167 πάσης
1317 3099 1568 3166 κτίσεως,
1587 3101 1648 3154 οὐ
1665 3101 2075 3174 δεσποζόμενον·

2192 3101 2520 3164 increatum,
2555 3100 2802 3170 plenum,
2844 3094 3624 3162 conditorem,continentem
3654 3105 3773 3144 om-

495 3182 660 3237 θεοῦν
673 3183 734 3236 οὐ
763 3184 1056 3256 θεοὺμενον
1077 3201 1090 3214 ⁸
1127 3188 1393 3260 πληροῦν,
1417 3190 1477 3244 οὑ
1511 3191 1923 3263 πληρούμενον·
1956 3212 2075 3266 μετ⁴

2191 3194 2282 3248 nia
2316 3208 2380 3248 ac
2414 3191 2820 3255 moderantem,
2853 3189 3107 3244 omnium
3143 3186 3483 3250 ell'cctorem,
3517 3183 3773 3252 omnipo-

496 3274 779 3345 εχόμενον,
815 3278 875 3330 οὐ
907 3279 1163 3350 μετέχον·
1189 3281 1436 3350 ἁγιάζον,
1449 3282 1548 3353 οὐχ
1564 3284 1927 3356 ἁγιαζόμενον
1945 3305 1960 3320 ·
1981 3306 2075 3342 παε

2191 3292 2420 3348 tentem,
2454 3282 2684 3338 inlinita:
2713 3281 2995 3352 potentiae,
3043 3280 3252 3334 creatis
3283 3277 3544 3335 omnibus
3593 3275 3771 3345 impc-

497 3367 792 3439 ράκλητον,
811 3369 887 3434 ὡς
910 3372 1009 3436 τὰς
1036 3372 1147 3425 τῶν
1176 3373 1314 3428 ὅλων
1334 3375 1710 3448 παρακλήσεις
1754 3378 2048 3448 δεχόμενον
2071 3400 2075 3412 <

2187 3385 2398 3431 rantem
2427 3414 2443 3441 ,
2485 3375 2805 3444 nulliusque
2849 3372 3086 3442 imperio
3133 3370 3510 3440 subiacentem
3555 3368 3632 3434 ⁸²;
3673 3366 3771 3436 qui

420 3471 430 3518 ,ν
499 3457 640 3511 κατὰ
666 3459 842 3513 πάντα
872 3462 1058 3531 ὅμοιον
1080 3462 1158 3534 τῷ
1185 3465 1362 3534 Πατρὶ
1382 3466 1476 3518 καὶ
1495 3466 1636 3538 Υἰῴ·
1659 3471 1724 3522 ὲκ
1746 3468 1840 3523 τοῦ
1871 3470 2075 3542 [ἰατρὸς

2184 3469 2320 3525 deos
2369 3467 2522 3533 facit,
2556 3481 2669 3522 non
2696 3466 2834 3523 deus
2869 3464 2963 3532 lit;
2997 3465 3091 3534 qui
3121 3463 3334 3536 implet,
3361 3476 3463 3518 nec
3491 3460 3771 3531 impletur;

494 3551 954 3622 ικπορευὸμενον,
975 3553 1069 3609 καὶ
1089 3555 1156 3609 δι’
1185 3556 1316 3610 Υἰοῦ
1348 3558 1786 3631 μεταδιδόμενον,
1801 3561 1896 3616 καὶ
1917 3580 2087 3634 μεταο

495 3642 909 3714 λαμϐανόμενον
955 3645 1059 3700 ὑπὸ
1097 3647 1277 3720 πάσης
1317 3649 1582 3718 κτίσεως,
1631 3653 1726 3706 καὶ
1769 3653 1838 3707 δι’
1886 3653 2084 3710 ἑαυτοῦ

495 3731 701 3799 κτίζον,
726 3734 821 3788 καὶ
852 3736 1072 3791 οὺσιοῦν
1106 3739 1174 3792 τὰ
1208 3738 1520 3810 σύμπαντα,
1573 3745 1670 3799 καὶ
1703 3744 1930 3814 ἁγιάζον
1949 3788 1962 3810 ,
1988 3747 2085 3802 καὶ

497 3825 724 3895 συνέχον
745 3840 760 3855 ·
796 3828 1187 3898 ὲνυπὸστατον,
1232 3833 1291 3886 ὲν
1336 3833 1445 3906 ἰδίᾳ
1476 3834 1772 3891 ὑποστάσει
1799 3836 2086 3909 ὑπάρχον,

489 3913 804 3986 ,ἀχώριστον
833 3920 930 3973 καὶ
962 3920 1356 3992 ἀνεκφοίτητον
1396 3925 1612 3996 Πατρὺς
1656 3927 1748 3980 καὶ
1784 3927 1939 3994 Υἱοῦ,
1991 3930 2084 3983 καὶ

499 4007 682 4064 πάντα
713 4009 836 4083 ἔχον
863 4013 963 4066 ὅσα
987 4013 1102 4084 ἔχει
1131 4016 1160 4068 ὁ
1189 4015 1380 4088 Πατὴρ
1405 4019 1501 4074 καὶ
1521 4020 1549 4072 ὁ
1569 4018 1718 4082 Υἱὸς,
1749 4019 1889 4092 πλὴν
1919 4021 2083 4089 ἀγεν-

497 4102 692 4172 νησίας
729 4105 828 4160 καὶ
861 4105 962 4175 τῆς
987 4108 1315 4179 γεννήσεως.
1348 4107 1406 4163 '0
1434 4111 1534 4178 μὲν
1559 4109 1667 4182 γὰρ
1701 4111 1899 4183 Πατὴρ
1925 4113 2083 4167 ἀναί-

496 4209 614 4256 τιος
640 4194 1066 4266 καὶάγέννητος·
1096 4199 1156 4252 οὺ
1190 4199 1298 4270 γὰρ
1322 4199 1387 4253 ἐκ
1415 4215 1584 4265 τινος·
1605 4201 1664 4268 ἐξ
1679 4201 1875 4255 ἑαυτοῦ
1893 4203 2006 4275 γὰρ
2027 4205 2086 4257 τὸ

485 4278 642 4336 ἐἶναι
664 4283 842 4355 ἔχεισ,
868 4285 988 4340 οὐδὲ
1023 4304 1074 4342 τι
1100 4287 1211 4343 τῶν
1249 4289 1462 4362 ὅσαπερ
1489 4289 1605 4361 ἔχει
1635 4291 1696 4357 ἐξ
1722 4292 1912 4364 ἐτέρου
1947 4291 2082 4363 ἔχει·

2187 3563 2281 3634 qui
2315 3561 2694 3632 participatur,
2741 3572 2844 3614 nec
2896 3557 3225 3629 participat;
3279 3553 3613 3619 sanctiﬁcat,
3664 3566 3768 3606 nec

2187 3652 2596 3717 sanctiﬁcatur;
2634 3647 3009 3712 Paracletum,
3052 3646 3158 3702 hoc
3191 3652 3298 3709 est,
3332 3643 3763 3702 consolatorem,

2187 3751 2247 3799 ut
2274 3743 2368 3813 qui
2399 3741 2786 3797 universorum
2809 3736 3068 3791 admittat
3102 3733 3528 3790 obsecrationes
3557 3750 3570 3785 :
3615 3730 3765 3783 Patri

2185 3843 2240 3889 et
2272 3833 2413 3886 Filio
2441 3847 2538 3902 per
2566 3829 2751 3884 omnia
2782 3829 3018 3886 similem
3040 3845 3055 3895 ;
3077 3843 3146 3884 ex
3171 3825 3334 3880 Patre
3360 3821 3774 3896 procedentem;

2183 3917 2279 3988 qui
2313 3933 2408 3987 per
2462 3917 2662 3971 Filium
2695 3915 3058 3980 conceditur,
3105 3922 3164 3970 et
3198 3914 3270 3969 ab
3325 3912 3476 3968 omni
3513 3919 3774 3966 creatura

2191 4007 2530 4080 percipitur;
2565 4008 2661 4078 qui
2691 4023 2788 4078 per
2815 4006 3060 4077 seipsum
3105 4011 3283 4068 creat,
3335 4011 3390 4061 et
3443 4003 3610 4059 rebus
3650 4015 3774 4058 om-

2192 4099 2358 4155 nibus
2414 4099 2834 4156 subsistentiam
2877 4097 3074 4153 tribuit
3100 4105 3154 4152 et
3179 4096 3557 4163 sanctitatem,
3597 4095 3688 4165 qui
3720 4094 3774 4148 in

2191 4194 2414 4264 propria
2467 4192 2745 4258 subsistit,
2793 4192 2912 4247 sive
2957 4191 3201 4255 exsistit,
3253 4191 3576 4261 hypostasi;
3611 4190 3704 4259 qui
3745 4206 3777 4241 a-

2190 4285 2355 4340 Patre
2386 4292 2440 4340 et
2471 4283 2614 4342 Filio
2646 4297 2748 4338 nec
2799 4293 3086 4354 separatur
3137 4297 3236 4338 nec
3284 4283 3627 4353 digreditur;
3682 4281 3774 4350 qui

499 4373 666 4438 αὐτὸς
691 4374 748 4428 δὲ
783 4375 988 4446 μᾶλλόν
1014 4379 1165 4432 ἐστιν
1188 4379 1334 4453 ἁρχὴ
1366 4381 1461 4435 καὶ
1484 4382 1636 4436 αἰτία
1668 4383 1763 4437 τοῦ
1792 4383 1909 4446 πῶς
1943 4379 2075 4440 εἶναι

2191 4378 2381 4435 omnia
2402 4377 2563 4432 habet
2593 4393 2714 4448 qua?
2739 4376 2901 4433 Pater
2922 4385 2976 4432 et
2997 4376 3194 4441 Filius,
3217 4385 3446 4446 excepta
3475 4375 3699 4444 ingeniti
3722 4379 3778 4428 et

493 4464 753 4530 ,φυσικῶς
782 4469 896 4530 τοῖς
933 4469 1118 4523 πᾶσιν.
1164 4470 1223 4523 Ὀ
1254 4470 1314 4524 δὲ
1344 4471 1472 4536 Υἱὸς
1495 4475 1566 4527 ὲκ
1591 4473 1688 4528 τοῦ
1720 4474 1938 4546 ’Πατρὸς
1964 4491 2089 4543 γενο

2195 4471 2361 4542 geuiti
2391 4470 2745 4542 proprietate.
2781 4468 2950 4526 Pater
2982 4471 3188 4541 quippe
3219 4483 3445 4523 causam
3472 4482 3582 4522 non
3603 4481 3776 4537 agno-

571 4638 620 4672 "
651 4641 818 4715 ϐενε.
855 4642 990 4700 Nat.
1018 4654 1162 4702 orat.
1201 4647 1288 4716 l3,
1323 4648 1385 4704 51
1417 4649 1560 4704 et57
1672 4650 1718 4681 '°
1738 4648 1901 4704 Joan.
1957 4666 2010 4713 v,
2047 4649 2132 4704 ιθ.
2210 4649 2256 4682 ⁸⁸
2283 4648 2450 4720 Greg.
2477 4650 2609 4705 Nar.
2649 4657 2794 4704 orat.
2825 4648 2915 4705 37.
2993 4649 3039 4681 ⁸³
3069 4648 3148 4703 ld.
3182 4655 3326 4703 orat.
3364 4645 3469 4701 49..

1789 4759 2018 4820 VM!le
2055 4762 2463 4823 LECTIONES.

584 4874 608 4916 ί
635 4873 791 4930 Μαιιὶ
821 4873 976 4946 Regii
1009 4883 1064 4930 et
1094 4873 1249 4932 Colb.
1281 4875 1696 4948 δημιουργικόν.
1780 4878 1808 4918 ε
1835 4874 1973 4947 Reg.
2003 4875 2147 4934 2924
2169 4875 2229 4929 οὐ
2255 4871 2372 4947 γὰρ
2384 4874 2452 4929 ἐκ
2479 4872 2716 4938 τινοςτὸ
2737 4870 2880 4932 εἶναι
2905 4871 3042 4949 ἔχει,
3079 4871 3203 4928 οὐδέ
3225 4870 3411 4932 τιτῶν
3433 4872 3550 4928 ὅσα.
3569 4871 3702 4942 ἔχει.

2043 4995 2283 5054 NOTAE.

580 5113 692 5184 (2|)
732 5117 858 5182 Οὐχ
887 5116 968 5187 ᾡς
993 5114 1069 5169 δι’
1099 5113 1379 5184 ὀργάνου.
1423 5114 1564 5171 Non
1593 5124 1847 5187 tanquam
1878 5129 1971 5182 per
2007 5115 2092 5187 iu-

506 5196 886 5241 strumentum.
921 5185 1189 5256 Verbum
1221 5194 1447 5256 pr0pter
1491 5202 1583 5242 res
1630 5185 1952 5242 condendas
2013 5185 2094 5239 fa-

507 5267 659 5328 ctum
682 5258 1067 5328 'esseaiebant
1103 5255 1539 5326 Ariani,’quibus
1570 5257 1804 5328 opponit
1828 5256 2092 5328 Cyrillus,

507 5327 641 5382 dial.
683 5326 726 5399 2
766 5326 858 5399 ad;
889 5326 1075 5382 Herm.
1127 5329 1439 5398 exetnplum
1484 5326 1750 5392 artificis,
1805 5326 1898 5399 qui
1939 5341 2095 5399 onus

510 5413 671 5453 suum
714 5397 862 5450 haud
894 5400 1057 5452 aliter
1094 5408 1454 5468 exsequatur,
1488 5399 1594 5455 nisi
1638 5397 1896 5452 Inanu'et
1934 5397 2095 5452 indu-

512 5469 650 5523 stria
674 5482 800 5523 sua.
845 5467 1120 5540 Siqueus'
1162 5478 1210 5540 et
1250 5467 1459 5534 ’Pater,
1494 5469 1694 5540 inquit,
1739 5485 1855 5540 qua:
1907 5484 2097 5540 propo-

512 5541 678 5610 suerit
723 5540 773 5592 ui
825 5538 1118 5610 conditrice
1148 5538 1355 5610 facere,
1391 5539 1500 5610 haec
1551 5538 1626 5604 ὡς
1675 5538 1761 5594 διὰ
1812 5539 2098 5610 δυνάμεως

517 5609 651 5674 ιδίας
675 5613 914 5663 ποιεῖται
973 5609 1068 5663 τοῦ
1105 5609 1256 5674 Υἱοῦ,
1294 5627 1387 5680 per
1419 5609 1468 5664 F
1471 5611 1661 5675 ilium,
1717 5626 1810 5665 cert
1851 5626 1941 5679 per
1969 5626 2093 5678 pro-

519 5680 691 5747 priam
732 5681 981 5752 virtutem
1012 5683 1163 5752 facit.
1217 5690 1276 5734 ut
1318 5697 1511 5752 nempe
1573 5680 1745 5734 Filius
1786 5682 1857 5732 sit
1918 5682 2093 5734 virtus

519 5751 835 5809 subsistens
867 5750 1069 5809 Patris.
1087 5751 1259 5808 vrluti-
1279 5750 1664 5810 docet-Noster
1690 5755 1744 5810 in
1783 5752 1928 5808 Dial.
1950 5763 2091 5808 cont.

2192 5110 2432 5167 Naniclt.
2448 5119 2504 5166 et
2527 5109 2681 5165 alibi.
2707 5108 2812 5164 Per
2842 5124 3052 5178 manus,
3086 5107 3266 5178 inquit
3294 5107 3562 5178 Irenarus,
3593 5105 3690 5164 lib.
3724 5124 3777 5170 ν,

2192 5200 2241 5239 c.
2270 5183 2324 5241 ϐ.
2354 5182 2407 5236 id
2429 5189 2508 5235 est
2529 5197 2621 5250 per
2654 5179 2857 5250 Filium
2885 5188 2934 5234 et
2964 5177 3237 5250 Spiritum
3253 5188 3498 5250 sanctum
3528 5177 3590 5245 ﬁt
3618 5177 3776 5250 [tanta

2195 5253 2484 5309 secundum
2518 5247 2930 5304 similitudinem
2959 5249 3075 5303 Dei.
3100 5247 3203 5303 Per
3225 5248 3327 5303 has
3345 5247 3583 5302 virtutes
3611 5247 3776 5302 Pater

2195 5341 2319 5379 cum
2359 5322 2658 5377 invisibilis
2687 5322 2758 5374 sit
2788 5335 2847 5376 se
2877 5319 3268 5389 aspectabilem
3299 5318 3523 5389 prabet.
3549 5319 3684 5371 Nam
3715 5325 3778 5370 ut

2197 5396 2270 5448 ait
2311 5393 2453 5448 idem
2504 5393 2700 5446 doctor
2721 5392 2816 5447 lib.
2849 5405 2921 5454 tv,
2943 5388 3066 5460 eap.
3096 5390 3200 5460 MV:
3235 5390 3450 5460 Agnitio
3484 5388 3665 5442 Patris
3696 5396 3776 5440 est

2201 5463 2328 5518 Filii
2375 5462 2761 5532 manifestatio.
2811 5461 2913 5516 Per
2954 5459 3129 5528 ipsum
3172 5459 3398 5532 Verbum
3431 5459 3693 5532 visibilem
3724 5466 3786 5510 et

2194 5531 2531 5606 palpabilem
2555 5535 2756 5602 factum
2779 5533 2945 5606 Pater
2979 5531 3372 5606 ostendebatur;
3402 5531 3564 5606 etiam
3595 5531 3642 5582 si
3673 5544 3776 5606 non

2203 5621 2378 5662 onmes
2407 5600 2657 5659 similiter
2683 5604 2965 5669 credebant
2989 5604 3038 5657 ei
3063 5619 3081 5657 :
3112 5603 3202 5657 sed
3229 5615 3410 5655 attines
3449 5601 3688 5654 viderunt
3717 5600 3772 5652 in

2207 5677 2348 5731 Filio
2378 5675 2612 5729 Patrem.
2644 5673 2919 5731 lnvisibile
2946 5675 3135 5730 etenim
3165 5671 3299 5728 Filii
3333 5671 3532 5736 Pater;
3567 5671 3772 5726 uisibile

2204 5760 2380 5805 autem
2405 5745 2592 5803 Patris
2619 5744 2822 5802 Filius.
