4014 6202
398 331 509 397 825

1490 341 1589 399 DE
1624 341 1807 401 FIDE
1843 332 2308 401 ORTHODOXA
2335 343 2483 405 LIB.
2527 345 2579 407 Ῑ.

3570 354 3676 420 826

386 461 485 502 την
514 447 743 511 πάντως
779 446 956 502 ἐστίν.
996 446 1095 501 Ἐκ
1118 448 1176 502 δὲ
1208 449 1435 505 τελείων
1470 452 1826 509 ὑποστάσεων
1859 456 1988 511 ἁδύ-

2109 460 2223 513 iam
2264 458 2414 511 omni
2458 458 2799 528 perfectione
2850 460 3192 530 superiorem
3228 472 3283 519 et
3314 465 3672 532 anteriorem,

389 551 556 589 νατον
589 534 843 594 σύνθεσιν
870 537 1153 605 γενέσθαι.
1175 540 1339 592 Ὅθεν
1361 542 1483 595 οὑδὲ
1504 544 1736 615 λέγομεν
1761 546 1820 599 τὸ
1850 543 1989 611 εἶδος

390 627 451 691 ἐξ
475 627 853 693 ὑποστάσεων,
873 628 990 681 ἀλλἳ
1014 629 1072 691 ἐν
1104 630 1491 686 ὑποστάσεσιν.
1518 634 1753 688 Ἀτελῶν
1766 636 1822 689 δὲ
1839 637 1989 690 εἴπο-

396 736 519 787 μεν,
552 718 661 770 τῶν
700 720 775 789 μὴ
815 719 1099 783 σωζόντων
1129 722 1190 774 τὸ
1233 718 1373 786 εἶδος
1397 724 1492 777 τοῦ
1528 726 1589 790 eg
1628 727 1813 781 αὐτῶν
1852 729 1988 782 ἁπο-

394 809 726 880 τελουμένου
782 810 1131 882 πράγματος,
1156 813 1319 877 Λίθος
1352 816 1449 885 μὲν
1499 820 1630 886 γὰρ,
1676 820 1771 870 καὶ
1808 819 1984 883 ξύλον,

396 901 493 952 καὶ
522 901 767 972 σίδηρος,
796 903 1030 957 ἕκαστον
1075 904 1197 957 καθ’
1230 907 1392 958 ἑαυτὸ
1439 908 1645 960 τέλειόν
1675 910 1791 962 ἐστι
1843 911 1985 966 κατὰ

394 991 493 1059 τὴν
530 991 671 1043 ἰδίαν
700 993 861 1060 φύσιν
882 1009 895 1023 ⁸
922 994 1059 1065 πρὸς
1088 995 1144 1048 δὲ
1162 996 1225 1049 τὸ
1256 996 1315 1061 ἐξ
1336 999 1517 1051 αὑτῶν
1542 1000 1986 1072 ἀποτελούμενον

396 1080 645 1152 οἴκημα,
687 1083 876 1148 ἀτελὲς
917 1086 1151 1140 ἕκαστον
1192 1088 1463 1160 ὑπάρχει·
1511 1090 1633 1145 οὐδὲ
1685 1094 1795 1164 γάρ
1838 1096 1987 1149 ἐστιν

399 1172 634 1229 ἕκαστον
663 1177 844 1230 αὐτῶν
877 1177 999 1231 καθ’
1027 1180 1189 1233 ἑαυτὸ
1217 1176 1386 1244 οἶκος.

2092 549 2146 603 in
2178 550 2356 603 tribus
2382 550 2642 619 perfectis
2682 553 2935 620 personis
2972 566 3267 608 noscamus
3293 554 3356 607 ⁸⁸.
3393 555 3679 628 Quidquid

2087 641 2233 695 enim
2275 656 2342 695 ex
2376 641 2715 711 imperfeCtis
2744 641 3042 707 conﬂatur,
3080 648 3398 700 necessario
3453 664 3681 718 compo-

2090 734 2258 788 situm
2294 742 2399 788 est.
2434 733 2501 787 At
2541 749 2606 786 ex
2646 734 2911 803 perfectis
2937 734 3329 806 hyposta'sibus
3348 740 3683 808 compositio

2090 826 2205 880 fieri
2252 840 2359 880 non
2402 834 2600 895 potest.
2636 825 2757 891 Quo
2809 828 2865 879 fit
2913 835 2971 881 ut
3007 842 3107 882 nec
3135 829 3373 896 speciem
3409 845 3475 882 ex
3513 830 3686 901 hypo-

2092 919 2337 975 stasibus
2393 920 2649 990 singulis,
2689 919 2781 973 sed
2826 921 2876 973 in
2916 920 3308 991 hypostasibus
3334 919 3569 988 singulis
3601 919 3685 973 di,-

2095 1027 2291 1067 camus
2322 1013 2388 1067 ⁸⁷.
2419 1011 2743 1082 lmperfeeta
2775 1027 2902 1066 vero
2954 1012 3221 1075 diximus,
3276 1027 3397 1079 quae
3444 1012 3683 1080 speciem

2095 1117 2205 1157 non
2255 1110 2480 1158 servant
2522 1103 2644 1171 ejus
2682 1103 2759 1155 rei
2790 1118 2913 1171 qum
2949 1117 3016 1156 ex
3050 1102 3185 1171 ipsis
3217 1100 3475 1156 edicitur.
3520 1102 3686 1173 Lapis

2098 1194 2276 1255 enim,
2312 1195 2546 1263 lignum,
2579 1194 2786 1248 ferrum
2828 1210 2923 1262 per
2974 1208 3033 1248 se
3079 1193 3328 1263 quidem,
3362 1193 3407 1248 si
3442 1195 3689 1262 peculia-

402 1285 518 1325 rem
548 1272 825 1341 cujusque
873 1282 1130 1328 naturam
1173 1286 1410 1346 spectes,
1446 1279 1689 1345 perfecta
1723 1290 1856 1336 sunt
1887 1302 1900 1338 :
1932 1291 1988 1339 at
2025 1298 2283 1359 respectu
2312 1290 2512 1344 domus
2539 1305 2660 1358 qua:
2690 1305 2754 1343 ex
2789 1289 2921 1359 ipsis
2957 1295 3243 1342 exstructa
3305 1297 3411 1353 est,
3472 1289 3688 1362 singula

402 1362 730 1433 imperfecta
758 1374 907 1419 sunt.
941 1364 1131 1437 Neque
1158 1370 1303 1422 enim
1337 1370 1639 1441 quidquam
1672 1373 1898 1442 horum,
1939 1376 1984 1433 si
2026 1380 2281 1449 privatim
2308 1381 2719 1447 consideretur,
2746 1381 2944 1435 domus
2969 1390 3076 1435 est.

480 1496 707 1561 Τελείας
751 1498 850 1568 μὲν
902 1495 995 1552 οὖν
1037 1500 1137 1565 τὰς
1173 1502 1505 1568 ὑποστάσεις
1536 1508 1736 1576 φαμὲν,
1783 1510 1873 1563 ἵνα
1920 1510 1996 1584 μὴ

410 1585 663 1639 σύνθεσιν
694 1587 786 1639 ἐπὶ
824 1587 927 1657 τῆς
950 1588 1104 1653 θείας
1146 1593 1433 1663 νοήσωμεν
1467 1595 1702 1665 φύσεως.
1735 1600 1997 1667 Σύνθεσις

407 1681 517 1759 γὰρ
548 1680 693 1750 ἀρχὴ
743 1679 1097 1761 διαστάσεως.
1131 1686 1241 1738 Καὶ
1277 1686 1460 1750 πάλιν,
1491 1691 1547 1741 ὲν
1588 1690 1849 1761 ἀλλήλαις
1882 1695 1995 1765 (25)

406 1771 509 1833 τὰς
544 1774 700 1841 τρεῖς
746 1772 1077 1837 ὑποστάσεις
1110 1774 1361 1851 λέγομεν,
1406 1778 1495 1831 ἵνα
1547 1780 1621 1851 μὴ
1669 1782 1872 1853 πλῆθος
1902 1786 1998 1839 καὶ

406 1860 583 1931 δῆμον
612 1860 753 1913 θεῶν
793 1862 1203 1941 εἰσαγάγωμεν.
1232 1866 1331 1921 Διὰ
1368 1868 1466 1938 μὲν
1505 1870 1616 1927 τῶν
1648 1873 1817 1943 τριῶν
1860 1876 1994 1940 ὑπο-

410 1951 656 2003 στάσεων
708 1950 767 2003 τὸ
809 1951 1106 2021 ἀσύνθετον
1142 1954 1236 2006 καὶ
1282 1954 1623 2027 ἀσύγχυτονο
1674 1962 1762 2013 διὰ
1806 1963 1862 2015 δὲ
1903 1963 1996 2017 τοῦ

407 2042 721 2109 ὁμοουσίου,
747 2044 841 2095 καὶ
871 2043 964 2096 τοῦ
992 2046 1047 2097 ὲν
1069 2045 1329 2115 ᾁλλήλαις
1354 2044 1493 2100 εἶναι
1516 2051 1615 2112 τὰς
1646 2053 1994 2121 ὑποστάσεις,

408 2134 503 2185 καὶ
528 2134 627 2203 τῆς
657 2135 990 2205 ταυτότητος
1018 2137 1112 2190 τοῦ
1138 2137 1446 2208 θελήματός
1471 2159 1552 2207 τε,
1582 2144 1677 2196 καὶ
1709 2144 1809 2215 τῆς
1840 2149 1995 2217 ἐνερ-

406 2226 585 2293 γείας,
616 2224 716 2277 καὶ
736 2226 839 2295 τῆς
871 2226 1178 2298 δυνάμεως,
1205 2230 1300 2290 καὶ
1341 2231 1440 2300 τῆς
1472 2231 1744 2299 ἐξουσίας,
1772 2237 1866 2288 καὶ
1894 2238 1995 2306 τῆς

409 2319 703 2390 κνήσεως,
751 2317 836 2370 ἵνα
881 2317 1056 2383 οὕτως
1100 2319 1242 2372 εἴπω
1268 2360 1282 2385 ,
1324 2320 1385 2373 τὸ
1418 2322 1741 2395 ἀδιαίρετον,
1792 2328 1887 2384 καὶ
1934 2328 1992 2393 τὸ

502 2497 548 2529 ⁸⁸
573 2494 736 2564 Greg.
781 2495 914 2550 Naz.
939 2504 1081 2550 orat.
1118 2498 1184 2552 i3
1218 2506 1272 2551 et
1304 2498 1408 2564 29;
1444 2499 1643 2555 Athan.
1680 2508 1802 2554 orat
1867 2512 2011 2561 cont.
2040 2502 2229 2559 Arion.

409 2567 455 2613 ξ’
489 2567 657 2637 Greg.
687 2566 818 2621 Naz.
862 2576 1002 2622 orat.
1033 2567 1123 2632 29,
1153 2569 1221 2622 54
1251 2578 1305 2623 ει
1331 2569 1420 2623 40.

2177 1511 2306 1573 Tres
2344 1528 2607 1581 personm,
2648 1528 2745 1569 cur
2789 1511 2928 1572 Deus
2965 1527 3123 1567 unus.
3156 1542 3227 1552 -——
3256 1511 3529 1579 Quocirca
3562 1528 3689 1582 per-

2104 1602 2278 1658 fectas
2323 1603 2547 1673 quidem
2591 1619 2861 1677 personas
2916 1602 3274 1678 proﬁtemur,
3314 1620 3379 1659 ne
3409 1604 3463 1659 in
3504 1604 3691 1661 divina

2102 1700 2297 1749 natura
2352 1694 2813 1763 compositionem
2872 1695 3266 1765 intelligamus.
3340 1696 3690 1766 Compositio

2101 1785 2246 1839 enim
2278 1785 2495 1839 dissitlii
2534 1793 2707 1839 mater
2739 1794 2845 1841 est.
2876 1786 2945 1838 At
2974 1800 3172 1840 rursus
3203 1795 3315 1841 tres
3344 1788 3688 1855 personasin

2101 1890 2160 1929 se
2212 1876 2447 1928 invicem
2499 1890 2626 1929 esse
2674 1875 2953 1939 dicimus,
2994 1891 3063 1933 ne
3098 1876 3329 1931 deorum
3377 1877 3589 1946 copiam
3637 1884 3691 1931 et

2030 1939 2070 1994 Β
2101 1965 2314 2019 turbam
2354 1965 2691 2018 inducamus
2744 1964 2814 2018 ⁸⁸.
2862 1967 2934 2029 lta
2982 1980 3077 2034 per
3125 1973 3241 2020 tres
3294 1980 3558 2034 personas
3588 1966 3687 2021 hoc

2095 2054 2474 2125 intelligimus,
2512 2056 2659 2124 quod
2708 2056 2891 2111 nullus
2926 2057 3013 2109 hic
3046 2057 3439 2126 compositioni
3469 2063 3525 2111 et
3554 2073 3692 2112 con-

2095 2143 2299 2199 fusioni
2329 2146 2485 2199 locus
2513 2146 2584 2200 sit
2613 2161 2625 2199 :
2663 2162 2758 2216 per
2792 2147 2845 2200 id
2885 2155 3066 2202 autem
3109 2146 3258 2217 quod
3287 2155 3402 2202 tres
3434 2162 3690 2217 persona

2091 2236 2341 2302 ejusdem
2400 2238 2729 2305 substantize
2786 2249 2936 2301 sunt,
2981 2246 3035 2293 et
3087 2239 3208 2293 alia}
3241 2241 3295 2293 in
3330 2241 3498 2305 aliis;
3542 2240 3692 2311 quod

2095 2330 2259 2394 etiam
2292 2330 2480 2385 eadem
2515 2332 2795 2398 voluntas,
2826 2332 3016 2386 eadem
3067 2333 3346 2402 operatio,
3377 2331 3568 2387 eadem
3606 2334 3690 2393 vis

2334 2504 2377 2537 ⁸⁷
2413 2504 2581 2561 Basil.
2616 2513 2757 2575 orat.
2801 2507 2958 2570 Cant.
3005 2505 3230 2577 Sabell.,
3265 2514 3364 2567 Ar.
3385 2519 3433 2565 et
3457 2510 3688 2575 Eumon.

1940 2743 2175 2803 NOTIE.

480 2887 596 2960 (25)
627 2887 731 2941 Καὶ
764 2886 950 2960 adsim
980 2886 1051 2939 ἐν
1078 2886 1403 2960 ἀλλήλαις.
1430 2884 1493 2938 Et
1527 2902 1710 2960 rursus
1746 2895 1849 2939 tres
1880 2901 1999 2960 per-

412 2955 597 3028 sonas,
647 2966 754 3012 etc.
802 2957 1047 3011 Primum
1081 2959 1277 3025 aperit,
1323 2972 1424 3010 cur
1463 2973 1570 3010 una
1611 2955 1700 3009 Dei
1755 2956 1999 3028 essentia

414 3026 508 3093 Sit,
549 3044 764 3083 unusve
823 3028 986 3092 Deus,
1024 3041 1151 3080 cum
1195 3036 1306 3079 tres
1348 3028 1460 3079 sint
1520 3042 1788 3093 personae.
1830 3026 1996 3095 idque

416 3101 669 3172 pluribus
699 3098 1031 3172 explicate:
1066 3097 1271 3172 Basilio
1302 3108 1355 3150 et
1386 3097 1692 3172 Theologo.
1713 3096 1997 3172 Nysscnns

415 3166 549 3244 vero
579 3170 745 3241 epist.
772 3166 953 3244 Quod
988 3185 1091 3222 non
1133 3169 1239 3220 sint
1282 3176 1385 3221 tres
1425 3168 1523 3244 dii,
1561 3167 1626 3226 ad
1673 3168 1881 3244 Ahlab._
1906 3181 2003 3244 no:

415 3230 546 3294 dum
583 3230 727 3293 hunc
761 3230 972 3292 so’lvcre
1001 3245 1196 3299 tentat,
1242 3253 1303 3291 ea
1340 3239 1556 3290 ratione
1583 3252 1693 3305 quo
1745 3230 2003 3305 discipuli

417 3310 566 3365 Scoti
598 3324 761 3363 unam
804 3317 1056 3361 naturam
1100 3308 1491 3365 universalmn.
1526 3324 1620 3360 seu
1656 3322 2003 3361 communem

418 3396 447 3450 ῃ
501 3388 657 3449 parte
699 3376 779 3433 rei
830 3393 969 3450 esse
1001 3388 1265 3446 pugnant.
1306 3377 1493 3450 Φαμὲν
1542 3377 1723 3450 τοίνυν
1760 3376 2004 3450 πρῶτον,

418 3448 621 3518 inquit,
659 3448 1002 3520 κατάχρησίν
1033 3465 1154 3500 τινα
1196 3448 1519 3520 σννηθείας,
1550 3448 1780 3520 dicimus
1828 3448 2007 3513 itaque

419 3522 731 3573 abusionem
781 3518 894 3572 esse
949 3518 1383 3579 consuetudinis,
1434 3526 1490 3570 ut
1530 3534 1615 3571 eos
1671 3518 1761 3585 qui
1812 3528 2007 3569 natura

418 3590 575 3643 divisi
593 3606 696 3642 non
713 3597 856 3651 sunt,
878 3602 970 3655 per
991 3588 1267 3651 ipsummet
1294 3599 1501 3640 naturw
1519 3604 1705 3641 nomen
1726 3587 2009 3653 pluraliter

419 3662 773 3723 nominemus,
796 3668 845 3712 et
868 3660 1108 3711 dicamus
1138 3658 1276 3726 quod
1306 3658 1465 3711 multi
1486 3658 1722 3711 homines
1756 3658 1883 3709 sint.
1907 3655 2007 3709 Cui

421 3732 611 3800 ὅμοιόν
643 3732 783 3790 ἐστι,
826 3729 997 3800 simile
1029 3728 1209 3796 fuerit,
1247 3729 1293 3783 si
1342 3729 1459 3800 quis
1492 3728 1867 3800 ἀξίας-ηψπ
1911 3743 2006 3779 ηα-

424 3797 559 3855 turre
590 3802 855 3853 humanm.
890 3798 1021 3852 Post
1063 3813 1238 3867 pauca
1282 3799 1564 3867 subjungit
1595 3819 1606 3850 :
1643 3797 2007 3850 Personarum

421 3872 633 3942 quidem
666 3870 804 3922 ratio
848 3877 1061 3942 propter
1093 3871 1442 3942 proprietates
1472 3886 1585 3936 qua,
1615 3869 1668 3920 in
1700 3882 2009 3942 unoquoque

422 3936 853 4002 considerantur,
884 3936 1196 3994 divisionem
1225 3941 1436 4007 recipit,
1466 3951 1510 3991 et
1548 3936 1837 3992 secundum
1867 3951 2009 4007 com-

419 4014 737 4081 positionem
769 4013 823 4063 in
862 4025 1083 4081 numero
1109 4006 1470 4081 conspicitur.
1515 4008 1579 4061 Ἠ
1618 4008 1684 4081 ,δε
1701 4007 1889 4081 *φύσις
1911 4006 2010 4075 μία

422 4076 569 4143 ἔστι,
600 4080 741 4149 αὑτὴ
779 4080 917 4149 πρὸς
966 4080 1167 4149 ἑαυτὴν
1214 4078 1493 4148 ἡνωμένη,
1539 4080 1633 4131 καὶ
1659 4076 2009 4149 ἁδιατμήτως

419 4151 670 4222 ἀκριϐῶς
704 4147 895 4219 μονάς.
926 4147 1144 4203 Natura
1176 4147 1353 4203 autem
1388 4165 1495 4222 una
1533 4158 1634 4212 est,
1666 4162 1839 4201 secum
1892 4147 2012 4212 ipsa

421 4219 582 4277 unita
614 4235 663 4275 et
721 4222 974 4281 indivisa,
1010 4229 1059 4274 et
1099 4231 1284 4274 exacte
1314 4219 1517 4278 unitas,
1550 4234 1667 4287 qua:
1702 4233 1794 4287 nec
1830 4231 2011 4287 ncces:

424 4295 577 4348 sione
602 4301 827 4353 crescat,
866 4308 959 4345 nec
991 4291 1383 4347 substructione
1417 4285 1709 4348 minuatur.
1746 4285 1847 4341 Sed
1880 4285 2013 4343 illud

422 4366 605 4435 ipsum
642 4362 781 4435 quod
816 4371 914 4435 est,
952 4377 1068 4414 cum
1104 4363 1170 4435 sit
1211 4376 1397 4422 unum,
1430 4359 1527 4435 etsi
1574 4359 1628 4411 in
1664 4356 2013 4411 multitudine

422 4431 658 4494 ridetur,
692 4433 984 4491 indivulsa,
1018 4433 1331 4484 continuata
1368 4438 1416 4484 et
1452 4431 1660 4494 integra
1688 4437 2008 4496 perseverat,

424 4520 524 4558 nec
562 4519 669 4555 una
693 4519 813 4555 cum
850 4502 1233 4571 singularibus,
1267 4503 1356 4571 qui
1390 4501 1504 4569 ejus
1535 4507 1656 4552 sunt
1682 4498 2010 4571 apartieipes,

424 4574 708 4629 dividitur.
743 4568 1013 4626 Caeterum
1052 4568 1287 4625 nullum
1312 4568 1541 4624 subesse
1581 4568 1882 4639 periculum
1914 4568 2012 4639 ait,

428 4646 502 4703 si,
546 4644 834 4711 antiquata
895 4643 1137 4695 nondum
1169 4643 1338 4696 veteri
1384 4638 1808 4711 consuetudine,
1844 4648 1895 4691 et
1928 4638 2015 4691 in-

428 4709 1000 4768 ιυυηδοηοῐιοιιιίιιιιιιι
1047 4728 1173 4771 usu,
1210 4712 1411 4765 mtdtos
1449 4711 1698 4763 homines
1726 4709 2013 4775 dicamus;

429 4799 691 4854 magnum
745 4798 873 4837 vero
925 4782 972 4836 si
1035 4783 1237 4854 multos
1302 4779 1653 4854 deos._ldem
1706 4789 2016 4854 propugnat

424 4850 550 4917 ιίϋῖ
570 4853 645 4907 De
673 4869 945 4909 commun.
994 4851 1319 4906 nationibus.
1383 4851 1436 4904 ln
1478 4851 1623 4903 hanc
1678 4850 2013 4909 sententiam

429 4924 651 4985 videtur
682 4924 900 4979 illectus
946 4938 1011 4977 ex
1055 4922 1228 4976 variis
1284 4921 1695 4975 Catholicorum
1759 4919 2015 4985 lucubra-

429 4995 703 5057 tionibus,
734 4995 788 5048 in
842 4993 1047 5060 quibus
1087 4991 1327 5046 Verbum
1379 5007 1502 5045 esse
1542 4989 2014 5061 consubstantiale

427 5064 578 5119 Patri
634 5059 907 5133 ejusmodi
960 5062 1228 5131 exemplis
1288 5060 1701 5133 declarabant,
1734 5072 1794 5113 ut
1867 5059 2015 5113 sicut

426 5137 578 5189 filius
626 5132 682 5188 in
730 5133 985 5188 humanis
1036 5134 1278 5202 ejusdem
1343 5132 1717 5202 essentiee_est
1764 5144 1829 5183 ac
1878 5144 2014 5202 suus

426 5218 610 5274 pater,
636 5205 717 5262 sic
752 5204 808 5263 in
842 5198 1081 5269 divinisi
1107 5212 1166 5259 ut
1195 5204 1323 5272 quia
1358 5203 1575 5274 Petrus,
1602 5199 1864 5274 loannes,
1890 5198 2015 5253 Phi-

425 5272 610 5344 iippus
637 5275 1145 5344 consubstantiales
1173 5285 1319 5335 sunt,
1343 5273 1469 5342 quia
1499 5272 1745 5342 ejusdem
1778 5280 2012 5338 natum,

427 5341 520 5398 ita
549 5343 735 5408 Pater,
771 5341 946 5399 Filius
988 5351 1043 5398 et
1096 5343 1331 5413 Spiritus
1362 5341 1600 5398 sanctus
1634 5360 1651 5413 :7
1697 5356 2011 5411 quanquam

430 5415 808 5479 agnoscebant
849 5412 1242 5468 similitudines
1278 5414 1409 5467 istas
1442 5429 1549 5467 non
1590 5412 1882 5481 adzequare
1925 5426 2013 5465 res

430 5501 573 5553 quas
601 5498 875 5555 exponere
901 5484 1565 5555 conabantur.AAttainen
1597 5482 1665 5555 iis
1711 5482 1886 5555 sancti
1918 5482 2015 5534 do-

432 5552 620 5610 ctores
646 5552 1016 5625 aiqualitatem
1051 5556 1240 5609 saltem
1278 5552 1437 5608 Verbi
1462 5568 1584 5625 eum
1612 5552 1771 5625 Patre
1796 5553 2015 5625 demon-

432 5622 725 5692 szrabant,
756 5627 861 5679 etsi
916 5641 1024 5680 non
1069 5624 1197 5678 item
1242 5626 1439 5677 divinae
1484 5623 1806 5679 substantia:
1864 5622 2011 5675 indi-

433 5697 649 5749 vnlsam
686 5696 979 5759 unitatem,
1021 5712 1143 5764 quin
1175 5696 1311 5748 citra
1347 5696 1546 5747 lllCllliS
1587 5708 1809 5762 operam
1851 5693 2010 5746 rcatis

432 5771 542 5835 est,
566 5781 690 5823 cum
726 5768 783 5824 in
814 5763 1074 5823 humanis
1113 5773 1310 5822 natura
1336 5766 1543 5836 quaevis
1585 5764 1865 5821 intellectu
1893 5763 2011 5821 solo

2108 2896 2446 3011 percupiatur
2474 2899 2528 2943 et
2556 2890 2647 2944 ﬁat
2673 2906 2803 2953 una,
2836 2891 3299 2974 quemadmodum
3327 2892 3484 2946 decet
3515 2890 3697 2976 Theo.

2130 2974 2268 3011 onus
2302 2968 2448 3011 orat.
2481 2961 2575 3011 57.
2614 2962 2767 3011 Amtd
2800 2979 2915 3011 nos-
2954 2974 3152 3011 nmtm.
3191 2980 3297 3011 una
3330 2972 3408 3011 est
3443 2962 3690 3011 humum-

2130 2974 2268 3027 ogus
2302 2968 2448 3013 orat.
2481 2961 2575 3024 '57,
2614 2962 2767 3028 Apud
2800 2979 2915 3022 nos,
2953 2963 3152 3030 inquit,
3191 2980 3297 3015 una
3330 2972 3408 3016 est
3443 2962 3690 3016 humani-

2110 3037 2213 3103 tas.
2251 3030 2399 3103 Ἀλλξ
2436 3032 2555 3103 ἐκεῖ
2582 3031 2682 3099 μὲν
2718 3032 2748 3101 ἡ
2775 3032 3025 3102 κοινότης
3063 3034 3123 3085 τὸ
3148 3033 3205 3086 ἓν
3236 3032 3349 3101 ἔχει
3391 3032 3549 3103 μόνον
3575 3035 3694 3085 ἐπι-

2106 3097 2224 3170 νοίᾳ
2249 3114 2263 3129 ’
2296 3099 2399 3155 Sed
2436 3100 2513 3153 ibi
2546 3097 2751 3154 natura?
2783 3097 3138 3156 communitas
3174 3097 3491 3170 cogitatione
3519 3103 3693 3155 solum

2109 3169 2264 3224 habet
2296 3172 2579 3233 unitatem,
2611 3186 2711 3239 per
2745 3170 3088 3226 intellectum
3131 3169 3342 3227 scilicet
3387 3174 3457 3227 ob
3493 3188 3695 3227 convc-

2110 3241 2378 3312 i_|ientiam
2444 3240 2858 3298 individuorum
2938 3242 3216 3296 abstracta
3289 3251 3692 3312 etHrOncepta.

2109 3309 2312 3363 Eodem
2347 3313 2513 3365 modo
2548 3320 2771 3364 naturae
2807 3321 3003 3365 creata:
3033 3313 3329 3366 discrimen
3365 3309 3695 3365 Nostcr'hie

2109 3380 2373 3450 explicat,
2402 3389 2461 3434 ut
2498 3382 2702 3435 nemini
2740 3397 2846 3434 non
2881 3383 3232 3450 perspicuum
3268 3383 3362 3436 sit.
3393 3384 3524 3450 quin
3568 3397 3697 3450 pro-

2108 3452 2197 3522 cul
2253 3464 2282 3501 a
2334 3448 2564 3522 Nysseni
2620 3448 3263 3522 sententiaqdiscesserit.
3325 3448 3480 3506 Hanc
3530 3448 3695 3505 etiam

2109 3520 2238 3572 olim
2284 3519 2565 3591 carpsisse
2612 3519 2827 3575 videtur
2869 3519 3272 3583 Nazianzenus,
3321 3531 3463 3576 orat.
3502 3524 3552 3581 1,
3599 3521 3693 3575 ubi

2110 3605 2221 3660 non
2250 3591 2439 3644 Arium
2480 3592 2665 3655 modo,
2698 3593 2788 3645 sed
2817 3601 2867 3645 et
2897 3594 3158 3660 quosdam
3185 3609 3212 3645 e
3241 3594 3438 3644 nostris
3467 3593 3692 3644 nimium

2113 3658 2473 3731 Qrthodoxos,
2498 3661 2646 3722 τινὲς
2675 3661 2782 3712 τῶν
2840 3658 2973 3731 napi
3011 3664 3145 3731 ἡμῖν
3180 3663 3323 3727 ἄγαν
3368 3662 3693 3731 ὀρθοδόξων,

2109 3728 2454 3800 Polytheiam
2499 3731 2770 3785 struxisse
2803 3731 2898 3784 ait.
2924 3728 3266 3785 Theodorus
3307 3728 3595 3785 Abucaras
3628 3729 3696 3783 ad

2112 3799 2339 3854 sensum
2381 3799 2640 3867 Theologi
2697 3808 2751 3853 et
2818 3802 3138 3855 Damasceni
3199 3801 3444 3853 revocari
3510 3800 3695 3862 debet,

2112 3884 2239 3922 cum
2291 3870 2474 3932 docet,
2512 3884 2716 3937 ropusc.
2751 3869 2807 3930 2.
2859 3878 3110 3922 naturam
3157 3871 3448 3922 humanam
3501 3884 3697 3936 reapse

2114 3955 2281 3991 unam
2318 3954 2462 3992 esse.
2502 3936 2644 3991 Nihil
2676 3941 2821 3991 enim
2870 3939 2972 3993 sibi
3005 3940 3120 3994 vult
3155 3940 3325 4003 aliud,
3356 3939 3461 3991 nisi
3505 3938 3697 4006 singu-

2113 4009 2196 4062 los
2234 4009 2487 4062 homines
2517 4007 2743 4062 totidem
2778 4022 2885 4062 non
2926 4023 3048 4063 esse
3080 4016 3308 4063 naturas
3348 4023 3696 4072 communes,

2114 4094 2211 4133 seu
2258 4078 2511 4147 species:
2550 4086 2608 4132 ut
2637 4087 2765 4145 puta
2815 4077 3010 4133 Petrus
3056 4095 3163 4133 non
3208 4087 3293 4133 est
3330 4079 3542 4146 species
3594 4079 3700 4130 hu-

2118 4162 2447 4219 maua,scu
2513 4157 2713 4219 natura
2767 4150 3119 4204 universalis.
3176 4148 3289 4203 Non
3334 4149 3491 4219 juxta
3532 4148 3696 4203 istius

2118 4218 2365 4273 auctoris
2417 4218 2763 4273 dialecticam
2821 4220 3084 4283 essentia,
3144 4218 3361 4283 natura,
3422 4226 3476 4272 et
3516 4219 3694 4271 forma

2119 4290 2266 4345 idem
2293 4298 2424 4344 sunt
2453 4305 2517 4343 ac
2548 4290 2861 4344 communis
2891 4291 3126 4358 species.
3158 4288 3233 4349 Ex
3264 4305 3376 4358 quo
3413 4289 3575 4344 infert
3601 4305 3699 4340 vn-

2119 4376 2236 4415 cem
2284 4361 2460 4425 homo,
2500 4360 2545 4414 si
2603 4373 2702 4428 pro
2748 4360 2951 4428 specie,
2987 4368 3040 4421 et
3078 4362 3313 4422 essentia
3355 4376 3448 4419 seu
3502 4369 3698 4412 natura

2122 4432 2398 4484 communi
2434 4427 2705 4493 sumatur,
2739 4427 2806 4482 de
2837 4427 3019 4496 Petro,
3062 4431 3234 4489 Paulo
3264 4439 3312 4483 et
3338 4429 3547 4482 Joanne
3583 4444 3692 4481 non

2118 4501 2416 4556 ehuntiari.
2454 4499 2535 4553 Ad
2575 4514 2736 4568 quem
2786 4515 3006 4555 sensum
3062 4500 3407 4553 subtiliorem
3454 4497 3689 4568 Nysseni

2119 4572 2284 4626 verba
2316 4571 2603 4625 transferri
2636 4584 2798 4639 posse
2850 4585 2957 4624 non
2996 4582 3163 4638 puto:
3205 4570 3298 4639 qui
3350 4570 3462 4622 haec
3507 4571 3692 4623 forsan

2119 4642 2431 4710 Scripserit,
2474 4641 2703 4711 quando
2769 4641 3015 4711 neglecto
3074 4655 3369 4710 parumper
3406 4640 3695 4707 theologia:

2120 4708 2327 4781 studio,
2362 4708 2646 4765 rhetorum
2680 4708 2923 4767 ﬂosculis
2953 4708 3195 4781 legendis
3229 4708 3408 4780 potius
3442 4710 3694 4781 vacabat.

2119 4778 2234 4847 Qua
2270 4783 2337 4836 de
2362 4798 2421 4836 re
2455 4785 2633 4836 amice
2663 4784 2912 4851 queritur
2964 4778 3341 4835 Nazianzenus
3369 4780 3600 4851 epistola
3628 4780 3693 4851 ad

2122 4854 2296 4921 ipsum
2335 4851 2564 4919 Gregor.
2621 4849 2892 4905 (ueterum
2928 4868 2991 4905 ex
3043 4853 3151 4904 alio
3195 4852 3372 4919 capite
3413 4849 3600 4901 eadem
3640 4849 3695 4921 in

2118 4919 2350 4992 epistola
2388 4922 2458 4985 ad
2515 4922 2711 4983 Ablab.
2748 4922 3044 4992 perfectam
3083 4922 3283 4973 divina-
3334 4929 3544 4972 naturte
3576 4919 3702 4970 uni-

2120 4991 2286 5047 tatem
2311 4992 2535 5061 perinde
2561 4994 2695 5059 petit
2735 5006 2799 5049 ac
2838 4991 3151 5060 Thenlogus
3180 5001 3231 5045 et
3260 4992 3349 5042 alii
3384 4992 3596 5050 Patres,
3631 5002 3703 5041 ex

2117 5078 2184 5117 eo
2222 5063 2367 5132 quod
2397 5062 2658 5132 nimirum
2697 5069 2808 5132 tres
2838 5074 3110 5132 personat,
3150 5061 3293 5113 nulla
3334 5061 3581 5132 sectione
3607 5066 3702 5132 aut

2118 5129 2531 5202 intercapedine
2554 5133 2621 5184 ah
2653 5130 2886 5185 invicem
2934 5129 3343 5202 disjungantur,
3370 5130 3463 5183 sed
3492 5144 3598 5202 una
3631 5130 3701 5202 sit

2118 5219 2309 5257 earum
2338 5197 2682 5265 substantia,
2726 5216 2872 5263 unus
2909 5197 3215 5254 voluntatis
3249 5210 3430 5254 motus
3467 5199 3565 5269 μία
3603 5197 3707 5250 τοῦ

2119 5273 2327 5342 ἀγαθοῦ
2360 5273 2667 5343 Θελήματος
2688 5270 3064 5343 Δκζνινλσιξῖηιμιὶ
3093 5274 3323 5343 quidem.
3357 5270 3467 5343 ἁπξ)
3487 5269 3701 5343 [ἰατρὸς

2119 5338 2510 5414 παρορμᾶταιξ
2560 5342 2655 5414 καὶ
2681 5341 2769 5394 διὰ
2813 5338 2913 5414 τού
2948 5341 3078 5394 Υιοῦ
3104 5342 3338 5414 πρόεισι,
3374 5341 3467 5394 καὶ
3518 5341 3577 5390 ἐν
3622 5338 3701 5408 τῷ

2118 5410 2403 5482 ῘΙνεύέιατι
2431 5410 2756 5475 τελειοῦται,
2799 5429 2831 5464 a
2880 5410 3041 5482 Patre
3086 5410 3467 5479 proficiscitur,
3509 5424 3701 5482 perun

2119 5480 2321 5536 Filium
2353 5482 2711 5550 progreditur,
2745 5492 2793 5535 et
2836 5482 2892 5535 in
2936 5481 3142 5551 Spiritu
3177 5483 3488 5550 completur.
3525 5480 3576 5551 Id
3612 5493 3703 5551 rer

2119 5555 2255 5624 petit
2280 5548 2429 5607 devi
2467 5552 2713 5622 θεατικῇ,
2754 5548 3090 5624 spectatrice,
3124 5552 3266 5605 unde
3295 5548 3509 5606 nomen
3541 5548 3701 5617 Θεὸς,

2123 5623 2284 5695 Deus,
2316 5639 2439 5692 qua:
2466 5638 2590 5677 eum
2621 5636 2730 5695 una
2752 5623 2837 5695 _sit
2884 5623 2938 5677 in
2982 5624 3159 5681 tribus
3190 5623 3464 5695 personis,
3498 5624 3703 5680 idcirco

2122 5694 2262 5750 Deus
2291 5691 2432 5749 unus
2460 5702 2544 5749 est
2571 5701 2625 5748 et
2655 5691 2879 5765 dicitur.
