4014 6202
319 282 423 347 827
1486 286 1549 346 S.
1575 287 1606 348 J
1612 287 1816 349 OANN
1824 288 1897 348 IS

2015 290 2359 353 lMASCENI
3500 285 3616 347 828

321 413 386 452 ac
421 392 690 466 potentia,
734 408 799 449 ac
838 392 1081 467 denique
1130 396 1301 463 idem,
1346 405 1408 452 ut
1461 397 1539 453 ita
1586 398 1805 469 loquar,
1848 400 1906 454 in

2015 396 2152 455 εἶναι
2177 402 2276 455 ινα
2318 401 2452 456 Θεὸν
2488 399 2855 472 γνωρίζομεν.
2894 393 2991 462 Εἷς
3019 398 3131 470 γὰρ
3178 394 3545 464 δντωςῧεδς,
3587 402 3619 453 ὸ

322 488 431 544 illis
466 494 652 541 motus
682 494 788 551 est,
818 486 923 542 hoc
951 490 1340 559 agnoscimus;
1382 490 1530 561 quod
1562 491 1823 545 nimirum
1852 492 1910 546 in

2015 492 2171 559 Θεὸς,
2191 493 2289 546 καὶ
2309 496 2339 547 ὁ
2367 495 2560 562 Λόγος,
2599 493 2693 546 καὶ
2720 492 2782 544 τὸ
2812 489 3043 560 Πνεῦμα
3070 488 3264 544 αὑτοῦ.

323 578 436 636 illis
472 578 624 633 nulla
655 576 861 633 divisio
902 579 1085 634 locum
1118 581 1339 647 habeat,
1368 588 1423 637 et
1445 582 1594 651 quod
1632 598 1777 639 unus
1825 583 1900 639 sit
1937 581 2105 642 Deus.
2142 585 2298 643 Unus
2343 586 2550 657 quippe
2592 599 2725 641 vere
2761 582 2909 639 Deus
2930 589 3043 647 est,
3120 579 3295 649 Deus,
3366 577 3614 639 Verbum

320 684 376 728 ct
413 672 657 741 Spiritus
687 669 832 741 ejus.

395 763 557 833 139
587 763 664 817 De
711 764 875 815 trium
923 776 1275 829 personarum
1320 762 1699 829 distinctione;
1745 780 1912 834 aeque

2077 762 2247 833 Mars.
2282 776 2389 816 tus.
2446 760 2587 828 Περὶ
2640 758 2753 828 τῆς
2803 757 2924 813 τῶν
2963 758 3149 825 τριῶν
3194 760 3617 818 ’ὑποστάσεων

319 873 405 918 re,
436 869 485 908 et
527 857 758 918 ratione,
784 864 832 908 et
856 854 1199 924 cogitatione,
1232 856 1421 909 utentis
1445 857 1910 923 Manciniana—

2015 856 2386 922 διαιρέσεως-⁸
2420 852 2521 907 καί
2558 852 2693 920 περὶ
2725 851 2833 905 τοῦ
2884 850 3237 921 πράγματος
3270 855 3373 908 καὶ
3416 858 3615 925 λόγου

322 947 439 1002 Hoc
478 955 661 1002 autem
693 961 861 1002 nosse
910 946 1167 1012 interest,
1210 945 1361 1016 quod
1406 947 1557 1001 aliud
1606 948 1678 1002 sit
1729 948 1908 1016 quoad

2015 948 2103 1002 ml
2135 946 2429 1012 ἐπινοίας.
2458 974 2528 984 —
2556 944 2678 1015 Χρὴ
2709 943 2774 995 δὲ
2804 942 3027 1009 ειδέναι,
3056 944 3143 997 ὃτι
3182 943 3375 1016 ἕτερόν
3405 948 3523 1000 ἐστι
3548 948 3612 1000 τὸ

322 1056 460 1099 rem,
500 1047 554 1093 et
589 1039 746 1093 aliud
802 1041 1019 1093 ratione
1065 1052 1130 1091 ac
1161 1026 1505 1107 cogitatione
1530 1038 1904 1094 considerari.

321 1132 619 1185 Enimvero
656 1133 711 1185 in
757 1130 1023 1186 omnibus
1069 1129 1345 1185 creaturis
1385 1130 1652 1185 discretio
1682 1131 1905 1200 quidem

321 1315 442 1384 ipsa
501 1313 725 1369 Petrum
778 1328 809 1367 a
855 1311 1027 1366 Paulo
1076 1321 1391 1382 separatum
1448 1313 1904 1378 consideramus;

319 1408 689 1463 communitas
737 1416 919 1461 autem
978 1417 1032 1461 et
1079 1390 1402 1477 conjunctio
1470 1415 1635 1477 atque
1696 1407 1904 1471 unitas,

320 1500 535 1554 ratione
566 1508 735 1569 atque
759 1499 1101 1569 c0gitatione
1146 1499 1501 1569 perspicitur.
1528 1497 1633 1553 Per
1665 1484 1903 1553 mentem

2015 1497 2221 1570 ἐπινοίᾳ
2254 1497 2557 1568 θεωρεῖται.
2593 1496 2845 1568 Νοοῦμεν
2870 1496 2981 1566 γὰρ
3010 1495 3091 1565 τῷ
3112 1495 3211 1565 νῷ,
3231 1498 3313 1551 ὃτι
3339 1500 3366 1551 ὁ
3394 1498 3607 1570 Πέτρος

319 1594 468 1647 enim
502 1590 851 1662 concipimus
880 1590 1108 1645 Petrum
1146 1599 1205 1647 et
1236 1592 1465 1645 Paulum
1497 1590 1747 1660 ejusdem
1781 1604 1906 1644 esse

2004 1039 2303 1109 πράγματι
2335 1034 2685 1107 θεωρεῖσθαι,
2704 1034 2800 1087 καὶ
2834 1034 2965 1088 ἄλλο
2988 1034 3051 1088 τὸ
3072 1034 3219 1106 λόγῳ
3247 1039 3340 1090 καὶ
3366 1039 3609 1110 ἐπινοίᾳ.

2012 1131 2136 1183 Ἐπὶ
2161 1129 2261 1199 μὲν
2281 1125 2376 1182 οῦν
2407 1128 2626 1182 πάντων
2645 1126 2756 1179 τῶν
2778 1128 3121 1197 κτισμάτων,
3149 1130 3181 1199 ἡ
3209 1130 3311 1199 μὲν
3334 1130 3447 1183 τῶν
3470 1132 3609 1184 ὐπο-

320 1239 685 1296 personarum
737 1224 920 1292 quoad
970 1236 1089 1275 rem
1135 1220 1551 1275 consideratur.
1586 1220 1668 1276 Re
1697 1222 1905 1292 quippe

2015 1226 2250 1277 στάσεων
2290 1221 2580 1292 διαίρεσις,
2625 1220 2915 1292 πράγματι
2954 1219 3266 1291 θεωρεῖται.
3307 1223 3609 1293 Πράγματι

2008 1314 2120 1385 γὰρ
2154 1317 2184 1368 ὁ
2218 1314 2424 1384 Πέτρος
2459 1312 2556 1366 τοῦ
2584 1312 2800 1367 Παύλου
2836 1314 3250 1383 κεχωρισμένος
3290 1314 3601 1383 θεωρεῖται.

2018 1406 2086 1459 Ἦ
2116 1406 2173 1458 δὲ
2202 1406 2473 1473 κοινότης,
2508 1404 2606 1457 καὶ
2629 1407 2663 1475 ἡ
2692 1405 2985 1472 συνάφεια,
3012 1405 3108 1457 καὶ
3136 1405 3197 1457 τὸ
3221 1404 3303 1471 ἐν,
3339 1404 3487 1478 λόγῳ
3508 1409 3606 1461 καὶ

2011 1589 2407 1653 x116ﬂa6).o;
2463 1588 2565 1658 τῆς
2606 1589 2777 1658 αὐτῆς
2810 1589 2917 1640 είσι
2968 1588 3217 1656 φύσεως,
3254 1590 3352 1642 καὶ
3410 1592 3601 1661 κοινὴν

320 1695 552 1747 naturae,
600 1695 967 1754 naturamque
1000 1698 1166 1738 unam
1214 1697 1561 1739 communem
1598 1682 1802 1736 habere
1832 1681 1901 1734 ⁸⁹.

2015 1683 2144 1752 μίαν
2171 1682 2352 1753 ἔχουσι
2389 1682 2573 1751 φύσιν.
2605 1682 2878 1745 Ἕκαστος
2914 1680 3024 1752 γὰρ
3051 1682 3232 1736 αὐτῶν
3267 1681 3408 1746 ζῶόν
3425 1683 3548 1735 ἐστι
3572 1683 3601 1724 ι

321 1774 455 1831 Nam
486 1784 723 1845 uterque
755 1788 945 1831 eorum
992 1776 1196 1830 animal
1255 1775 1528 1829 rationale
1572 1782 1627 1827 et
1672 1772 1908 1828 mortale

2015 1774 2222 1842 λογικὸν
2281 1772 2507 1843 Θνητόνο
2560 1774 2655 1827 καὶ
2690 1772 2923 1835 ἕκαστος
2979 1772 3119 1843 σάρξ
3157 1773 3305 1826 ἐστιν
3337 1771 3598 1842 ὲμψυχω-

321 1876 407 1923 est
440 1885 453 1921 :
491 1876 545 1922 et
578 1877 811 1937 uterque
840 1882 972 1922 caro
1002 1875 1107 1931 est,
1132 1867 1313 1920 anima
1339 1864 1599 1919 rationali
1630 1876 1684 1919 et
1710 1864 1913 1917 intelli-

2009 1867 2148 1936 μένη
2182 1864 2364 1934 1ψυχῇ
2392 1865 2585 1935 λογικῇ
2615 1881 2675 1916 τε
2708 1864 2803 1917 καὶ
2836 1864 3021 1935 νοερᾷ.
3069 1864 3218 1934 Αῦτη
3248 1860 3341 1918 οὖν
3376 1867 3409 1935 ἡ
3440 1865 3601 1935 κοινὴ

323 1966 484 2025 gente
543 1955 772 2027 praedita
802 1957 871 2013 '°.
930 1955 1054 2010 Haec
1106 1957 1296 2026 itaque
1347 1956 1658 2009 communis
1711 1962 1908 2008 natura

2015 1958 2169 2025 φύσις
2201 1958 2279 2026 τῷ
2309 1956 2454 2027 λόγῳ
2488 1956 2606 2009 ἐστὶ
2640 1954 2917 2027 θεωρητὴ.
2948 1955 3081 2009 οὐδὲ
3109 1957 3219 2027 γὰρ
3252 1958 3306 2008 αί
3343 1956 3583 2009 ὑποστάο

323 2050 542 2102 ratione
572 2047 981 2102 consideratur.
1016 2047 1206 2117 Neque
1251 2047 1397 2101 enim
1438 2047 1766 2117 hypostases
1790 2048 1912 2102 alite

2015 2067 2121 2114 σεις
2157 2051 2215 2103 ὲν
2241 2049 2500 2120 ἀλλήλαις
2525 2048 2686 2101 εἰσίν.
2731 2047 2866 2116 ἰδια
2904 2046 2959 2099 δὲ
2984 2046 3188 2117 ἑκάστη
3241 2048 3335 2100 καὶ¹
3375 2047 3591 2117 ἀναμέ-

322 2156 358 2193 n
395 2140 517 2194 aliis
552 2150 712 2202 sunt,
748 2150 939 2193 verum
991 2139 1255 2208 quaelibet
1289 2138 1545 2207 privatim
1597 2146 1653 2192 et
1693 2137 1903 2209 sigilla-

2015 2158 2125 2213 ρος,
2153 2142 2320 2212 ἧγουν
2345 2138 2466 2194 καθ’
2494 2138 2695 2213 ἑαυτὴν
2728 2136 3079 2207 κεχώρισται,
3103 2136 3328 2189 πλεῖστα
3346 2135 3417 2189 τὰ
3448 2135 3584 2188 διαι-

324 2232 458 2294 tim,
495 2232 599 2287 hoc
649 2238 732 2286 est
773 2231 1070 2299 sejunctim
1118 2229 1409 2293 consistit;
1459 2229 1738 2299 habetque
1778 2244 1904 2300 per-

2015 2212 2207 2306 ροῦντα
2251 2232 2421 2303 αὐτὴν
2474 2212 2541 2284 tx'
2586 2228 2928 2299 τῆς¹ἑτὲρας
2966 2226 3185 2297 ἔχουσα.
3226 2227 3337 2281 Καὶ
3359 2226 3468 2297 γὰρ
3492 2226 3597 2279 καὶ

324 2322 495 2376 multa
541 2322 745 2392 quibus
773 2321 842 2375 ab
874 2321 982 2374 alia
1028 2334 1264 2390 persona
1301 2318 1618 2373 dirimatur.
1659 2318 1798 2373 Nam
1851 2330 1907 2374 et

2015 2322 2159 2394 τόπῳ
2184 2322 2524 2393 διεστήκασι,
2557 2320 2654 2375 καὶ
2682 2320 2861 2391 χρόνῳ
2901 2318 3248 2388 διαφέρουσι,
3280 2317 3375 2371 καὶ
3398 2314 3607 2387 γνὼμῃξ

327 2414 450 2469 loco
470 2413 889 2485 disiunguntur,
921 2423 976 2468 et
1004 2422 1248 2481 tempore
1274 2412 1615 2483 discrepant,
1636 2411 1908 2469 sententia

2015 2412 2351 2482 μερίζονται,
2388 2413 2484 2465 καὶ
2513 2410 2687 2481 ἰσχύϊ,
2716 2411 2811 2466 καὶ
2838 2413 3029 2482 »μορφῇ
3061 2410 3232 2480 ἠγουν
3261 2421 3301 2448 ιιι
3331 2410 3613 2479 σχήματι,

326 2522 549 2577 quoque
577 2507 923 2571 dividuntur,
959 2513 1015 2561 et
1038 2506 1215 2560 forma
1242 2507 1359 2562 sive
1391 2508 1587 2578 figura,
1613 2516 1668 2562 et
1692 2506 1908 2572 habitu,

2015 2507 2103 2558 καὶ
2141 2506 2277 2571 ἕξει,
2328 2505 2424 2558 καὶ
2453 2505 2671 2576 κράσει,
2719 2505 2815 2558 καὶ
2854 2502 3006 2575 ἀξίᾳ,
3044 2504 3144 2557 καὶ
3176 2501 3594 2572 ἐπιτηδεύματι,

322 2604 379 2651 et
436 2605 892 2667 temperamento,
947 2605 1001 2650 et
1056 2596 1344 2666 dignitate,
1386 2606 1441 2652 et
1494 2597 1751 2651 instituto
1786 2598 1912 2650 vita:

2015 2597 2102 2649 καὶ
2136 2597 2271 2649 πᾶσι
2307 2599 2421 2659 τοῖς
2459 2597 2984 2666 χαρακτηριστικοῖς
3019 2593 3311 2663 ίδιώμασι’
3358 2593 3518 2646 πλέον
3541 2592 3599 2644 δὲ

324 2701 551 2757 genere,
592 2701 656 2740 ac
700 2686 941 2755 denique
984 2687 1243 2742 omnibus
1279 2687 1406 2742 aliis
1444 2687 1908 2758 proprietatibus,

2015 2685 2248 2750 πάντων,
2308 2684 2387 2755 τῷ
2437 2685 2528 2755 μὴν
2569 2684 2629 2738 ἐν
2677 2683 2961 2752 ἀλλήλαις,
2992 2680 3131 2735 ἀλλὰ
3171 2679 3603 2750 κεχωρισμένως

326 2778 535 2848 quibus
594 2787 856 2848 tanquam
907 2778 1077 2833 certis
1118 2778 1451 2848 quibusdam
1512 2780 1661 2833 nmis
1716 2778 1912 2848 digno-

2015 2772 2169 2830 εἶναι.
2203 2776 2365 2830 Ὅθεν
2405 2776 2503 2831 καὶ
2526 2775 2642 2842 δύο,
2674 2775 2772 2831 καὶ
2795 2776 2946 2847 τρεῖς
2976 2773 3260 2844 ἂνθρωποι
3320 2770 3597 2838 λέγονται.

323 2877 580 2925 scuntur.
612 2870 672 2923 In
714 2869 908 2940 primis
937 2879 1118 2925 autem
1147 2870 1292 2924 inter
1322 2885 1383 2925 se
1413 2869 1713 2935 dissident,
1762 2867 1910 2939 quod

2015 2870 2108 2924 καὶ
2133 2868 2343 2924 πολλοί.
2606 2938 2609 2939 ν

324 2981 434 3021 non
471 2966 578 3022 alia
610 2967 666 3021 in
699 2966 829 3033 alia,
878 2965 974 3022 sed
1006 2982 1238 3038 quaaque
1270 2967 1569 3038 separatim
1606 2967 1904 3023 exsistunt.
1944 2963 2023 3020 Et
2072 2982 2183 3036 quo
2212 2966 2382 3019 etiam
2414 2962 2672 3029 eﬂicitut’,
2707 2972 2766 3017 ut
2801 2962 2935 3028 duo,
2984 2970 3038 3017 et
3109 2972 3245 3028 tres,
3297 2970 3352 3016 et
3440 2959 3601 3016 multi

326 3062 584 3117 homines
613 3062 901 3118 dicantur.
1468 3134 1469 3137 η

400 3156 546 3211 Unde
589 3158 771 3211 unitas
806 3167 1014 3212 natura:
1059 3158 1277 3212 divina.
1325 3154 1577 3211 Persona:
1620 3155 1907 3210 Trinitatis

2084 3152 2258 3208 Τοῦτο
2287 3154 2343 3208 δὲ
2368 3151 2462 3208 επὶ
2500 3150 2683 3221 πάσης
2716 3150 2864 3203 ἔστιν
2902 3148 3030 3203 ἰδεῖν
3057 3148 3158 3219 τῆς
3186 3150 3442 3215 κτίσεως.
3476 3152 3601 3206 Ἐπὶ

324 3249 585 3303 indivisaz.
620 3246 799 3303 Filius
832 3259 881 3303 et
915 3248 1150 3319 Spiritus
1190 3258 1412 3303 sanctus
1444 3248 1512 3302 ad
1549 3264 1713 3302 unum
1754 3249 1901 3318 prin-

324 3341 521 3409 cipium
572 3338 900 3408 referuntur.
929 3370 997 3381 ——
1028 3338 1085 3392 id
1121 3338 1274 3408 quod
1313 3339 1371 3392 in
1405 3339 1666 3393 omnibus
1695 3352 1916 3409 quoque

326 3430 572 3485 conditis
606 3429 774 3485 rebus
805 3429 1249 3485 animadvertere
1294 3428 1481 3485 liceat.
1526 3428 1584 3483 In
1624 3443 1917 3484 sacrosan-

326 3529 417 3575 cta
477 3534 633 3586 vero,
694 3527 751 3575 et
804 3520 1178 3576 substantiam
1239 3534 1458 3575 omnem
1524 3530 1913 3590 exsuperante,

326 3622 493 3684 atque
527 3614 672 3668 ultra
712 3628 803 3668 res
834 3628 1031 3667 omnes
1058 3623 1252 3667 evecta
1289 3621 1344 3668 et
1369 3612 1915 3683 incomprehensibili

325 3703 618 3768 Trinitate,
651 3704 933 3759 contrario
968 3703 1135 3759 modo
1165 3720 1227 3760 se
1259 3719 1349 3759 res
1387 3704 1577 3760 habet.
1611 3705 1732 3760 illic
1764 3706 1912 3760 enim

326 3798 701 3853 communitas
730 3796 953 3868 quidem
987 3807 1041 3853 et
1070 3798 1258 3853 unitas
1285 3797 1468 3868 reipsa
1500 3796 1914 3866 consideratur,

327 3902 442 3946 tum
476 3892 603 3960 quia
639 3904 892 3961 persona:
937 3899 1227 3946 coaeternte
1254 3900 1411 3954 sunt,
1461 3898 1581 3945 tum
1620 3891 1752 3961 quia
1790 3890 1917 3946 illa-

327 3996 452 4034 rum
504 3980 695 4035 eadem
729 3988 814 4036 est
851 3980 1131 4044 essentia,
1169 3977 1431 4044 facultas,
1480 3980 1762 4044 voluntas,
1784 3995 1918 4035 sen-

329 4074 516 4127 tentia;
576 4072 922 4143 conspiratio
957 4112 972 4134 ,
1041 4071 1231 4127 eadem
1294 4087 1514 4141 quoque
1565 4075 1913 4141 auctoritas,

331 4160 600 4231 potentia,
655 4160 899 4216 bonitas.
952 4159 1072 4215 Non
1131 4161 1268 4226 dixi,
1320 4159 1766 4224 similitudinem,
1819 4159 1915 4214 sed

333 4254 702 4320 identitatein,
766 4260 935 4324 atque
982 4268 1151 4307 unam
1208 4254 1481 4309 motionis
1536 4252 1916 4324 .prwsultatio-

333 4359 458 4399 nem
483 4343 552 4398 ".
585 4342 706 4399 Una
733 4345 882 4399 enim
923 4353 1010 4400 est
1043 4345 1313 4411 essentia,
1363 4360 1473 4398 una
1523 4344 1767 4411 bonitas,
1804 4357 1916 4397 una

332 4442 601 4511 potestas,
634 4451 746 4490 una
774 4436 1055 4501 voluntas,
1090 4450 1198 4491 una
1231 4435 1493 4503 facultas,
1531 4451 1640 4490 una
1670 4435 1917 4489 auctori-

2014 3245 2074 3298 δὲ
2100 3246 2199 3316 τῆς
2225 3243 2390 3313 ἁγίας
2414 3243 2511 3297 καὶ
2541 3241 2894 3313 ὑπερονσίου,
2926 3241 3022 3295 καὶ
3058 3242 3280 3295 πάντων
3312 3242 3603 3309 ἐπέκεινα,

2017 3338 2112 3393 καὶ
2141 3337 2384 3407 ἀλήπτου
2414 3335 2666 3404 Τριάδος,
2733 3334 2795 3386 τὸ
2852 3332 3146 3387 ἀνάπαλιν.
3195 3332 3344 3386 Ἐκεῖ
3385 3334 3515 3407 γὰρ,
3538 3336 3608 3389 τὸ

2020 3428 2119 3499 μὲν
2148 3427 2327 3482 κοινὸν
2360 3427 2455 3479 καὶ
2478 3426 2557 3491 ἓν,
2592 3426 2880 3497 πράγματι
2915 3423 3223 3495 θεωρεῖται,
3267 3425 3357 3479 διὰ
3386 3426 3444 3479 τῆ
3472 3443 3604 3479 συν-

2016 3521 2206 3585 αἳδιον,
2242 3521 2336 3573 καὶ
2359 3519 2419 3572 τὸ
2434 3518 2631 3573 ταυτὸν
2659 3519 2759 3584 τῆς
2793 3516 3004 3581 οὐσίας,
3038 3516 3134 3570 καὶ
3158 3517 3260 3588 τῆς
3292 3518 3605 3589 ἐνεργείας,

2016 3610 2231 3668 καὶτοῦ
2265 3611 2593 3683 θελήματος,
2624 3611 2719 3663 καὶ
2742 3608 2843 3679 τὴν
2868 3608 2967 3678 τῆς
2999 3606 3228 3677 γνώμης
3269 3606 3605 3677 σύμπνοιαν,

2016 3709 2120 3776 τήν
2146 3723 2205 3759 τε
2261 3706 2359 3776 τῆς
2420 3703 2693 3768 ἐξουσίας,
2733 3702 2829 3756 καὶ
2864 3701 2962 3771 τῆς
3002 3700 3315 3771 δυνάμεως,
3365 3702 3459 3754 καὶ
3500 3700 3609 3770 τῆς

2018 3798 2352 3868 ἅγαοότητος
2388 3796 2715 3866 ταυτότητα.
2762 3794 2882 3849 Οὐκ
2921 3789 3076 3846 εἷπον
3114 3793 3437 3863 ὁμοιότητα,
3464 3792 3604 3846 ἀλλα

2016 3892 2320 3961 ταυτότητα
2340 3906 2354 3922 ·
2381 3891 2477 3942 καὶ
2498 3890 2560 3941 τὸ
2589 3888 2647 3941 ἒν
2672 3886 2882 3957 ἕξαλμα
2902 3886 3005 3957 τῆς
3031 3887 3321 3956 κινήσεως.
3355 3887 3472 3939 Μία
3491 3889 3605 3958 γὰρ

2016 3982 2195 4047 οὐσία,
2235 3982 2332 4052 μία
2355 3979 2646 4050 άγαθότης,
2680 3978 2779 4049 μία
2798 3978 3052 4049 δύναμις,
3091 3977 3192 4047 μία
3231 3977 3475 4048 θέλησις,
3504 3978 3604 4047 μία

2018 4074 2291 4145 ἐνέργεια,
2350 4072 2449 4143 μία
2505 4070 2743 4135 ἐξουσία,
2804 4070 2906 4140 μία
2965 4069 3060 4123 καὶ
3092 4070 3125 4139 ἡ
3155 4068 3314 4137 αὐτὴ,
3354 4069 3416 4123 οὐ
3452 4072 3601 4139 τρεῖς

2016 4163 2201 4234 ὅμοιαι
2232 4162 2491 4231 ἀλλήλαις
2513 4177 2527 4190 ’
2562 4159 2698 4214 ἀλλὰ
2735 4159 2835 4231 μία
2876 4159 2973 4213 καὶ
3011 4160 3044 4229 ἡ
3077 4157 3217 4229 αὑτὴ
3251 4160 3465 4229 κίνησις
3493 4158 3611 4212 τῶν

2015 4254 2182 4326 τριῶν
2234 4253 2607 4307 ὐποστάσεων.
2651 4252 2749 4306 Ἕν
2796 4251 2907 4322 γὰρ
2958 4251 3194 4305 ἕκαστον
3248 4251 3430 4304 αὐτῶν
3489 4250 3602 4321 ἔχει

2018 4345 2155 4417 πρὸς
2180 4345 2240 4399 τὸ
2266 4345 2476 4415 ἕτερον,
2501 4345 2601 4415 οὐχ
2628 4337 2790 4416 ἦττον
2819 4344 2853 4415 ἢ
2888 4344 3021 4415 πρὸς
3055 4344 3249 4397 ἑαυτόν
3270 4359 3284 4372 ⁸
3322 4343 3615 4397 τουτέστιν.

2017 4438 2099 4490 ὅτι
2124 4437 2267 4490 κατὰ
2300 4437 2479 4491 πάντα
2510 4437 2569 4490 ἓν
2599 4438 2738 4490 εἰσιν
2803 4437 2833 4488 ὁ
2884 4435 3097 4507 Πατὴρ,
3126 4436 3223 4490 καὶ
3260 4437 3291 4490 ὁ
3318 4436 3468 4501 Υἱὸς,
3508 4438 3606 4489 καὶ

333 4538 448 4593 tas;
477 4542 623 4592 una,
657 4528 906 4599 inquam,
936 4535 993 4581 et
1048 4527 1280 4590 eadem,
1334 4542 1443 4581 non
1495 4534 1610 4582 tres
1660 4528 1810 4581 inter
1854 4541 1912 4581 se

2018 4526 2079 4580 τδ
2104 4528 2257 4595 ἅγιον
2288 4526 2535 4598 Πνεῦμα,
2557 4526 2698 4597 πλὴν
2725 4527 2826 4597 τῆς
2851 4526 3201 4597 άγεννησίας,
3234 4528 3329 4580 καί
3354 4527 3455 4597 τῆς
3477 4544 3606 4594 γεν-

333 4618 567 4684 similes,
600 4617 698 4674 sed
728 4633 835 4671 una
873 4618 1036 4687 plane
1067 4617 1379 4688 eademque
1434 4618 1601 4672 trium
1655 4631 1919 4688 persona-

2021 4619 2247 4689 νήσεως,
2271 4617 2488 4690 καὶτῆς
2522 4618 2904 4693 ἐκπορεύσεως
2927 4636 2941 4650 υ
2983 4619 3200 4691 ἐπινοίᾳ
3228 4618 3284 4672 δὲ
3312 4619 3374 4671 τὸ
3409 4620 3606 4692 διῃρη-

332 4725 456 4765 rum
489 4712 679 4765 motio.
711 4709 1062 4781 Unaquaeque
1103 4711 1247 4765 enim
1282 4710 1536 4781 ipsarum
1584 4725 1692 4765 non
1735 4709 1912 4765 minus

2025 4708 2208 4779 μένον.
2262 4708 2401 4763 Ἕνα
2464 4709 2574 4780 γὰρ
2627 4710 2761 4764 Θεὸν
2810 4708 3191 4779 γινώσκομενο
3232 4711 3291 4764 ἐν
3330 4711 3608 4781 μόναιςδὲ

335 4800 601 4854 unitatem
631 4800 943 4855 habetcum
973 4802 1099 4866 alia,
1135 4818 1299 4873 quam
1336 4802 1455 4873 ipsa
1487 4816 1694 4857 secum.
1736 4797 1912 4855 Unum

2021 4802 2143 4863 ταῖς
2179 4800 2404 4870 ἰδιότησι
2431 4801 2529 4870 τῆς
2549 4818 2611 4864 τε
2642 4802 3003 4872 πατρότητος,
3064 4801 3160 4854 καὶ
3197 4803 3296 4871 τῆς
3332 4802 3604 4871 υἰότητος,

334 4893 537 4961 quippe
595 4892 853 4962 idemque
891 4894 1118 4949 omnino
1170 4903 1303 4951 sunt
1351 4894 1516 4951 Pater
1558 4904 1613 4949 et
1661 4892 1835 4949 Filius
1863 4900 1912 4948 et

2024 4892 2120 4946 καὶ
2149 4892 2249 4963 τῆς
2278 4893 2659 4965 ἐκπορεύσεως
2681 4910 2696 4926 ο
2768 4894 2912 4949 κατά
2962 4910 3023 4946 τε
3080 4894 3141 4946 τὸ
3174 4894 3372 4959 αῖτιον,
3420 4895 3514 4947 καὶ
3547 4894 3612 4947 τὸ

337 4985 582 5055 Spiritus
630 4994 891 5053 sanctus;
946 4987 1051 5042 nisi
1100 4988 1245 5057 quod
1279 4987 1451 5044 Pater
1482 4987 1761 5058 ingenitus
1809 4994 1912 5052 est,

2024 4985 2286 5048 αίτιατὸν,
2313 4985 2405 5038 καὶ
2434 4985 2494 5037 τὸ
2518 4984 2728 5038 τέλειον
2782 4988 2880 5056 τῆς
2942 4986 3320 5051 ὑποστάσεως,
3359 4987 3478 5056 ἦτοι
3516 4985 3609 5038 τὸν

332 5076 509 5131 Filius
537 5077 777 5145 genitus,
801 5085 855 5131 et
886 5075 1130 5146 Spiritus
1160 5087 1389 5135 sanctus
1418 5079 1714 5147 processit.
1762 5076 1912 5143 Quod

2025 5077 2127 5148 τῆς
2194 5076 2481 5148 ὑπάρξεως
2539 5078 2777 5148 τρόπον,
2828 5079 2928 5149 τὴν
2976 5077 3246 5148 διαφορὰν
3292 5075 3604 5146 ἐννοοῦμεν.

326 5178 527 5223 autem
574 5169 631 5223 in
683 5184 749 5224 ea
798 5170 1105 5225 discretum
1146 5180 1256 5239 est,
1298 5173 1638 5243 cogitatione
1680 5170 1912 5242 percipi-

2028 5168 2163 5223 Οῦτε
2187 5170 2298 5241 γὰρ
2327 5170 2561 5241 τοπικὴν
2612 5170 2917 5239 διάστασιν,
2979 5171 3055 5235 ὡς
3115 5171 3201 5240 ἐφ’
3232 5169 3410 5241 ἡμῶν,
3436 5169 3613 5223 ﬁuvi-

406 5348 453 5382 "
509 5348 673 5421 (ἔκ-ες.
716 5348 847 5406 Naz.
883 5358 1021 5405 orat.
1054 5353 1143 5407 57.
1231 5351 1276 5383 ⁹⁰
1304 5350 1547 5408 ld.ornt.
1588 5349 1679 5405 '52.
1755 5350 1797 5383 "
1824 5350 1901 5406 Id.
1931 5359 2075 5407 orat.
2108 5350 2200 5406 40.

1611 5506 1845 5563 VARI!)
1894 5506 2192 5565 LECTION
2201 5509 2305 5565 ES.

372 5684 385 5704 Β
410 5615 634 5704 ’.ρξεει
669 5619 799 5704 ἐστι
842 5620 1108 5704 ἰιιβάἰιὶε.
1204 5622 1421 5704 Δ’[,Μιιιιί
1469 5624 1711 5704 codices,
1736 5611 1738 5613 ’
1762 5632 1816 5681 et
1852 5626 1999 5704 apud
2036 5625 2302 5698 Cyrillum
2341 5625 2435 5685 lib.
2476 5626 2552 5683 De
2593 5626 2785 5683 Trinit.
2815 5626 3187 5703 ὲψυχωμένη.
3275 5632 3436 5687 "rSic
3468 5627 3603 5685 cod;

347 5681 409 5739 δ·
451 5682 558 5740 Πίιο
585 5687 753 5743 “alii
785 5690 979 5757 mulli;
1014 5693 1264 5747 nonnulli
1286 5703 1340 5748 et
1369 5695 1511 5764 apud
1530 5681 1791 5766 cyriu'um
1817 5681 2014 5752 εῖ-έουν,
2051 5681 2302 5698 "’""“"
2342 5681 2433 5685 Ἠ
2597 5681 2606 5682 ί
2671 5681 2693 5682 η
2823 5681 2872 5700 ί·
2903 5681 3187 5703 «ww-ar
3343 5681 3433 5687 ηπ
3481 5681 3530 5685 η
3624 5772 3640 5802 ζ
