4014 6202
401 288 502 354 841
1482 296 1577 355 DE
1609 297 1789 358 FIDE
1828 298 2285 359 ORTHODOXA
2326 302 2471 361 LIB.
2511 302 2563 361 Ι.
3542 304 3648 369 842

470 403 821 475 Διακέκριται
879 404 937 458 δὲ
979 403 1081 457 ὅσα
1130 403 1230 474 τῆς
1270 402 1421 469 θείας
1458 407 1555 460 καὶ
1590 408 1972 479 φιλανθρώπου

2153 412 2285 478 Qum
2328 412 2396 465 ad
2435 412 2869 468 Incarnationem
2930 418 3186 483 pertinent
3224 418 3453 472 discreta
3496 430 3646 486 sunt,

399 492 494 547 τοῦ
520 492 667 546 θείου
697 493 871 562 Λόγου
912 491 1265 563 σαρκώσεως.
1320 494 1409 547 Ἐν
1442 495 1654 560 τούτοις
1696 497 1805 568 γὰρ
1849 497 1972 551 οὒτε

2082 519 2143 555 ac
2192 502 2353 558 solius
2384 500 2534 558 Filii.
2555 533 2626 543 --
2649 504 2917 559 Distincta
2967 514 3147 561 autem
3177 518 3305 563 sunt
3337 518 3500 579 atque
3528 510 3646 566 dis-

398 586 671 655 ὁνΠατὴρ,
699 584 822 637 οὔτε
856 584 917 638 τὸ
944 584 1190 655 Πνεῦμα,
1224 586 1345 639 κατ’
1364 587 1553 642 οὐδένα
1590 588 1746 657 λόγον
1788 606 1972 642 κεκοι-

2081 603 2228 648 creta
2267 608 2331 649 ea
2384 594 2567 649 omnia
2600 610 2721 665 qua:
2754 596 2820 650 ad
2868 597 3110 650 divinam
3173 598 3648 666 benignissi‘mam—

400 674 669 744 νώνηκεν,
696 676 744 728 εί
778 674 853 745 μὴ
883 675 1005 729 κατ’
1030 675 1301 740 εὐδοκίαν,
1330 677 1424 730 καὶ
1452 680 1593 732 κατὰ
1614 677 1712 748 τὴν
1733 677 1972 749 ἄρρητον

2079 698 2187 751 que
2223 698 2350 754 erga
2388 684 2639 740 homines
2687 686 2784 741 Dei
2822 684 2989 741 Verbi
3045 688 3479 743 incarnationem
3518 704 3647 757 per-

402 762 871 834 θαυματουργίαν,
890 763 957 833 ἥν
982 764 1077 817 καὶ
1102 764 1225 817 καθ’
1242 766 1391 834 ἡμᾶς
1407 765 1692 836 ἄνθρωπος
1735 776 1757 804 τ
1787 768 1815 820 ὁ
1841 766 1972 830 Θεὸς

2078 777 2275 830 tinent.
2300 777 2357 831 In
2391 778 2477 833 his
2513 780 2661 834 enim
2696 780 2859 835 nullm
2909 781 3133 835 omnino
3176 780 3360 835 Patris
3383 787 3437 834 et
3467 778 3645 849 Spiri-

401 853 573 919 Λόγος
625 854 915 924 γενόμενος
961 854 1246 927 εἰργάζετο
1269 897 1283 923 ,
1312 855 1390 920 ὡς
1422 856 1782 921 ἀναλλοίωτος
1838 858 1971 921 Θεὸς

2076 869 2167 918 tus
2228 865 2405 919 sancti
2462 876 2648 935 partes
2700 868 3051 934 exstiterunt,
3090 868 3198 922 nisi
3251 867 3431 936 quoad
3483 866 3647 920 bene-

402 946 495 998 xa‘t
519 944 655 998 Θεοῦ
688 945 839 1009 Υίός.

2084 949 2347 1019 placitum
2381 952 2599 1016 attinet,
2649 959 2815 1023 atque
2856 953 2922 1007 ad
2975 967 3040 1008 ea
3073 952 3227 1008 omni
3258 967 3514 1009 sermone
3555 969 3649 1007 su-

402 1036 621 1105 periora
654 1037 944 1104 miracula,
972 1051 1095 1111 quae
1124 1036 1269 1095 Deus
1304 1038 1543 1095 Verbum
1575 1038 1734 1096 nobis
1801 1040 1999 1097 similis
2071 1040 2236 1097 homo
2290 1043 2495 1107 factus,
2551 1053 2610 1099 ut
2665 1044 3141 1102 incommutabilis
3202 1044 3371 1113 Deus,
3435 1041 3645 1114 Deique

402 1130 577 1187 Filius
605 1132 805 1189 edebat
842 1134 907 1187 η.
1188 1188 1193 1193 .

978 1228 1228 1284 ΚΕΦΔΛ.
1282 1231 1384 1284 ΙΑ⁹.

508 1316 647 1384 Περὶ
675 1315 795 1371 τῶν
821 1319 1170 1388 σωματικῶς
1200 1319 1301 1373 ἐπὶ
1334 1319 1481 1375 Θεοῦ
1508 1319 1867 1390 λεγομένων.

488 1408 641 1460 Ἐπεὶ
670 1408 727 1461 δὲ
767 1409 991 1464 πλεῖστα
1018 1412 1145 1480 περὶ
1170 1410 1306 1464 Θεοῦ
1337 1410 1796 1481 σωματικώτερον
1824 1413 1882 1463 ἐν
1907 1412 1973 1481 τῇ

402 1494 525 1568 θείᾳ
554 1499 745 1568 Γραφῇ
778 1500 1127 1569 συμϐολικῶς
1158 1502 1424 1571 είρημένα
1461 1500 1811 1571 εὑρίσκομεν,
1835 1501 1974 1554 εἰδέ-

402 1602 491 1639 ναι
521 1588 649 1657 χρὴ,
703 1586 777 1651 ὡς
811 1589 1133 1661 ἀνθρώπους
1178 1590 1337 1653 ὄντας
1380 1591 1550 1661 ἡμᾶς,
1591 1592 1686 1645 καὶ
1732 1591 1794 1644 τὸ
1826 1590 1970 1661 παχὺ

2078 1606 2144 1647 ac
2174 1606 2269 1660 per
2314 1591 2541 1659 ﬁguram
2590 1588 2735 1643 dicta
2789 1589 3128 1659 reperimus;
3172 1588 3307 1644 illud
3354 1604 3647 1646 noscamus

400 1676 559 1729 τοῦτο
588 1679 809 1749 σαρκίον
838 1680 1277 1751 περικειμένους,
1306 1681 1403 1743 τὰς
1431 1680 1599 1744 θείας,
1625 1682 1718 1735 καὶ
1742 1680 1970 1751 ὑψηλὰς,

2078 1690 2318 1754 oportet,
2357 1681 2473 1737 ﬁeri
2515 1694 2628 1735 non
2672 1694 2854 1748 posse,
2891 1688 2951 1734 ιιι
2988 1696 3094 1736 nos
3136 1682 3231 1751 qui
3272 1682 3527 1737 homines
3550 1698 3646 1739 su-

400 1770 499 1821 καὶ
536 1769 736 1834 ἁΰλους
778 1770 880 1841 τῆς
910 1771 1177 1844 Θεότητος
1222 1772 1507 1843 ἐνεργείας
1557 1775 1697 1827 νοεῖν
1730 1772 1762 1842 ἢ
1798 1772 1972 1841 λέγειν

2078 1791 2224 1838 mus,
2256 1786 2559 1843 crassaque
2606 1786 2775 1827 carne
2819 1772 3172 1835 involvimur,
3234 1772 3449 1829 divinas
3500 1774 3641 1833 illas.

2722 1225 2873 1280 CAP.
2910 1224 3002 1279 XI.

2180 1319 2257 1372 De
2293 1320 2373 1373 his
2417 1334 2532 1388 quae
2563 1316 2715 1371 modo
2746 1332 2997 1384 corporeo
3035 1318 3099 1371 de
3130 1316 3236 1373 Deo
3268 1319 3538 1375 dicuntur.

2148 1409 2421 1476 Quoniam
2477 1417 2658 1463 autem
2710 1408 2950 1478 plurima
2994 1408 3061 1463 de
3134 1407 3281 1475 Deo,‘
3319 1413 3645 1480 corporibus

2077 1499 2222 1555 aﬂini
2255 1500 2494 1570 quadam
2546 1498 2757 1552 ratione
2786 1500 2838 1551 in
2872 1497 3052 1553 sacris
3084 1495 3313 1555 Litteris
3343 1500 3647 1569 symbolice

399 1860 682 1928 ἀδύνατον,
716 1863 765 1915 εί
788 1863 862 1933 μὴ
894 1864 1064 1918 είκόσι
1092 1865 1188 1919 καὶ
1215 1863 1407 1929 τύποις
1430 1864 1525 1919 καὶ
1544 1863 1842 1936 συμϐόλοις
1864 1866 1975 1928 τοῖς

400 1951 525 2005 καθ’
545 1954 693 2023 ἡμᾶς
725 1954 1070 2026 χρησαίμεθα
1094 1964 1141 2011 ³.
1174 1957 1315 2011 Ὅσα
1333 1956 1514 2009 τοίνυν
1556 1956 1687 2027 περὶ
1710 1955 1845 2009 Θεοῦ
1872 1973 1974 2010 σω-

400 2043 777 2116 ματικώτερον
814 2047 1052 2119 εἴρηται,
1100 2048 1445 2117 συμϐολικῶς
1489 2049 1607 2101 ἐστι
1636 2047 1969 2117 λελεγμέναο

396 2133 514 2205 ἔχει
559 2135 614 2189 δὲ
656 2136 994 2209 ὑψηλοτέραν
1034 2139 1305 2193 διάνοιανο
1343 2139 1545 2195 ἁπλοῦν
1582 2139 1690 2211 γὰρ
1722 2140 1784 2192 τὸ
1822 2139 1973 2193 Θείον

394 2226 495 2278 καὶ
536 2226 963 2298 ἀσχημάτιστον.
1008 2230 1349 2301 Ὀφθαλμοὺς
1390 2230 1487 2301 μὲν
1519 2226 1613 2285 οῦν
1650 2228 1785 2283 Θεοῦ
1809 2268 1825 2296 ,
1879 2231 1974 2283 καὶ

394 2316 667 2387 βλέφαρα,
724 2319 819 2371 καὶ
851 2321 1063 2392 ὅρασιν,
1114 2323 1208 2374 καὶ
1238 2322 1335 2392 τὴν
1375 2322 1628 2377 ἁπάντων
1672 2320 1973 2391 ὲποπτικὴν

392 2407 565 2461 αὑτοῦ
596 2408 846 2480 δύναμιν,
874 2411 970 2464 καὶ
999 2411 1058 2465 τὸ
1091 2411 1359 2482 ἀλάθητον
1384 2414 1482 2484 τῆς
1523 2411 1691 2467 αὐτοῦ
1719 2412 1972 2482 γνώσεως

394 2498 764 2570 ἐννοήσωμεν,
791 2501 899 2555 ἀπὸ
926 2501 1019 2556 τοῦ
1048 2502 1179 2575 παρ’
1211 2505 1341 2573 ἡμῖν
1384 2504 1472 2558 διὰ
1515 2502 1720 2573 ταύτης
1760 2505 1860 2573 τῆς
1888 2503 1972 2555 at!-

394 2588 649 2659 σθήσεως
700 2591 1087 2663 ἐντελεστέραν
1138 2592 1339 2662 γνῶσίν
1369 2609 1430 2646 τε
1459 2594 1553 2647 καὶ
1594 2592 1967 2663 πληροφορίαν

394 2680 732 2749 ἐγγίνεσθαι.
766 2678 905 2737 Ὦτα
943 2685 998 2737 δὲ
1038 2685 1131 2738 καὶ
1172 2684 1363 2756 ἀκοὴν,
1408 2684 1468 2738 τὸ
1502 2683 1844 2750 ὲξιλεωτικὸν
1876 2684 1972 2738 αὒ-

392 2772 517 2835 τοῦ,
548 2774 641 2826 καὶ
692 2773 789 2842 τῆς
820 2774 1092 2846 ἡμετέρας
1134 2775 1380 2831 δεκτικὸν
1408 2776 1663 2847 δεήσεως.
1704 2777 1814 2829 Καὶ
1862 2776 1971 2846 γὰρ

393 2865 562 2935 ἡμεῇ
589 2867 702 2930 τοῖς
730 2865 830 2929 τὰς
850 2869 1061 2931 ἱκεσίας
1102 2868 1464 2939 ποιουμένοις,
1500 2867 1588 2922 διὰ
1618 2868 1818 2937 ταύτης
1873 2868 1972 2937 τῆς

393 2958 707 3027 αἰσθήσεως
758 2959 1007 3028 εὐμενεῖς
1054 2960 1338 3030 γινόμεθα,
1381 2959 1746 3030 γνησιώτερον
1786 2960 1971 3023 αὐτοῖς

2074 1874 2129 1922 et
2168 1864 2451 1928 excelsas;
2500 1861 3002 1931 immaterialesque
3050 1861 3367 1918 Divinitatis
3399 1863 3645 1918 actiones

2075 1955 2450 2026 intelligamus
2485 1967 2548 2007 ac
2580 1966 2836 2009 sermone
2868 1952 3323 2022 complectamur,
3366 1954 3474 2008 nisi
3512 1954 3647 2023 ligu-

2075 2045 2152 2101 ris
2196 2052 2250 2099 et
2303 2041 2659 2114 imaginibus,
2706 2040 2992 2111 signisque
3035 2047 3248 2097 natura:
3278 2053 3481 2097 nostra:
3509 2059 3644 2099 con-

2074 2136 2352 2192 sentaneis
2382 2142 2604 2190 utamur
2640 2133 2705 2190 ³³.
2746 2132 3021 2199 Quocirca
3053 2149 3118 2189 ea
3154 2135 3339 2189 omnia
3367 2151 3489 2205 quae
3525 2152 3647 2191 cor-

2076 2240 2239 2296 porea
2293 2225 2380 2281 vel
2432 2224 2713 2296 paululum
2772 2224 2992 2280 ratione
3051 2224 3119 2281 de
3183 2225 3293 2281 Deo
3352 2226 3644 2281 enuntiata

2074 2328 2224 2386 sunt,
2257 2318 2488 2389 ﬁgurate
2517 2317 2662 2373 dicta
2698 2328 2848 2383 sunt,
2897 2316 3263 2387 altioremque
3291 2332 3516 2373 sensum
3558 2318 3644 2373 in-

2072 2409 2340 2467 cludunt:
2400 2410 2606 2480 quippe
2653 2424 2779 2465 cum
2846 2408 2992 2465 Deus
3052 2408 3292 2479 simplex
3350 2408 3643 2479 omnisque

2074 2502 2262 2573 ﬁgurae
2299 2515 2498 2572 expers
2527 2500 2787 2556 exsistat.
2840 2498 3013 2570 Igitur
3066 2514 3163 2570 per
3189 2499 3404 2566 oculos,
3447 2509 3502 2556 et
3529 2502 3643 2570 pal-

2072 2596 2293 2666 pebras,
2324 2596 2617 2664 visumque
2646 2592 2767 2657 Dei,
2807 2593 2915 2648 vim
2962 2592 3139 2661 ipsius
3175 2607 3360 2648 rerum
3390 2592 3642 2647 omnium

2074 2685 2483 2755 inspectricem,
2516 2690 2682 2753 atque
2709 2679 2982 2752 ejusmodi
3026 2681 3396 2751 cognitionem
3437 2680 3643 2736 intelli-

2073 2790 2285 2847 gamus,
2317 2788 2480 2845 quam
2512 2789 2600 2829 res
2631 2773 2781 2828 nulla
2815 2770 2987 2843 fugiat
3020 2792 3033 2828 :
3065 2780 3126 2827 ut
3149 2772 3410 2827 nimirum
3441 2786 3642 2828 sensus

2074 2867 2384 2924 ministerio
2412 2865 2707 2937 perfectior
2746 2865 2908 2921 nobis
2946 2873 3111 2935 atque
3160 2862 3367 2919 certior
3396 2861 3642 2933 cognitio

2075 2957 2319 3014 accedat.
2346 2957 2450 3013 Per
2479 2970 2642 3011 aures
2671 2962 2726 3011 et
2747 2955 2995 3010 auditum
3050 2954 3227 3025 ipsius
3258 2952 3328 3007 ad
3356 2953 3644 3024 ignoscen-

392 3048 460 3101 τὸ
488 3045 580 3111 οὖς
613 3048 1004 3112 ὲπικλίνοντες.
1039 3050 1221 3120 Στόμα
1249 3050 1305 3104 δὲ
1352 3050 1445 3103 καὶ
1476 3049 1682 3114 λαλιὰν,
1717 3049 1779 3102 τὸ
1806 3048 1971 3104 ὲνδει-

2076 3050 2206 3106 dum
2257 3048 2681 3119 propensionem
2735 3046 2892 3119 155
2961 3055 3125 3117 atque
3181 3046 3237 3101 in
3301 3043 3644 3115 excipiendis

395 3136 589 3189 κτικὸν
620 3135 721 3205 τῆς
753 3135 1061 3205 βουλήσεως
1095 3136 1283 3201 αὐτοῦ,
1316 3138 1381 3190 ἐκ
1418 3137 1513 3191 τοῦ
1553 3139 1683 3209 παρ’
1708 3138 1840 3208 ἡμῖν
1883 3137 1972 3191 διὰ

396 3228 671 3295 στόματος
701 3229 796 3281 καὶ
823 3227 1011 3290 λαλιᾶς
1042 3228 1403 3301 σημαίνεσθαι
1435 3230 1505 3282 τὰ
1550 3230 1815 3301 ὲγκάρδια
1845 3230 1972 3301 νοή-

399 3333 571 3387 ματα.
630 3317 842 3387 Βρῶσιν
872 3318 928 3371 δὲ
970 3320 1063 3372 καὶ
1097 3320 1276 3384 πόσιν,
1312 3320 1413 3391 τὴν
1444 3320 1721 3390 ἡμετέραν
1749 3318 1886 3390 πρὸς
1914 3320 1972 3373 τὸ

398 3407 567 3461 αὐτοῦ
603 3409 818 3481 θέλημα
876 3411 1200 3481 συνδρομήν.
1236 3411 1348 3467 Καὶ
1398 3412 1507 3482 γὰρ
1559 3410 1846 3482 ήμεῖς,διὰ
1874 3410 1973 3482 τῆς

398 3500 702 3571 γευστικῆς
733 3500 1155 3575 αἰσθήσεωςπὴν
1180 3503 1282 3572 τῆς
1311 3503 1524 3572 φύσεως
1550 3501 1971 3572 ἀναπληροῦμεν

399 3592 710 3659 ἀναγκαίαν
738 3590 933 3663 ὄρεξιν.
971 3592 1275 3665 Ὀσφρησιν
1295 3594 1371 3659 δὲ,
1399 3593 1459 3646 τὸ
1483 3592 1856 3646 ἀποδεικτικον
1876 3592 1974 3661 τῆς

404 3684 543 3752 πρὸς
572 3682 737 3737 αὐτὸν
791 3682 1021 3751 ἑννοίας,
1076 3683 1170 3737 καὶ
1198 3682 1427 3746 ἑννοίας,
1475 3682 1539 3735 ὲκ
1567 3681 1659 3735 τοῦ
1693 3682 1822 3751 παρ’
1844 3682 1973 3751 ἡμῖν

402 3772 493 3825 διὰ
519 3772 725 3842 ταύτης
749 3773 847 3842 τῆς
876 3770 1305 3842 αἱσθήσεως,τὴν
1335 3772 1432 3839 τῆς
1456 3769 1683 3829 εὐωδίας
1704 3767 1973 3837 ἀποδοχὴν

406 3863 744 3932 ἐγγίνεσθαι.
764 3863 1057 3935 Πρόσωπον
1085 3861 1162 3927 δὲ,
1196 3862 1293 3927 τὴν
1313 3861 1377 3912 δι’
1409 3859 1584 3930 ἔργων
1606 3858 1771 3911 αὑτοῦ
1808 3858 1975 3910 ἐνδει-

408 3953 491 4020 ξίν
524 3970 583 4006 τε
614 3954 709 4006 καὶ
763 3952 1157 4021 ὲμφάνειαν,ὲκ
1207 3950 1299 4003 τοῦ
1354 3950 1452 4019 τὴν
1482 3948 1758 4020 ἡμετέραν
1797 3948 1975 4017 ἐμφά-

407 4063 558 4101 νειαν
579 4045 669 4099 διὰ
702 4043 994 4118 προσώπου
1026 4042 1290 4113 γίνεσθαι.
1309 4044 1507 4112 Χεῖρας
1541 4040 1619 4103 δὲ,
1668 4039 1727 4091 τὸ
1762 4042 1976 4094 ἀνυστι-

2076 3139 2335 3209 precibus
2382 3137 2590 3194 nostris
2626 3138 3045 3207 benignitatem.
3086 3134 3340 3191 Solemus
3378 3135 3523 3190 enim
3549 3149 3645 3206 per

2079 3231 2223 3286 hunc
2250 3244 2477 3286 sensum
2515 3229 2585 3285 iis
2628 3229 2723 3298 qui
2775 3229 2936 3284 nobis
2972 3227 3253 3297 supplices
3301 3234 3453 3291 sunt,
3486 3225 3645 3280 mites

2077 3340 2178 3381 nos
2208 3324 2508 3393 facilesque
2559 3320 2845 3392 praebere;
2901 3318 3200 3388 benignius
3249 3316 3504 3372 videlicet
3549 3329 3647 3369 au-

2077 3429 2189 3468 rem
2220 3412 2355 3483 ipsis
2398 3414 2773 3466 admoventes.
2816 3407 2919 3464 Per
2944 3422 3007 3463 os
3046 3422 3110 3463 ac
3155 3407 3506 3470 locutionem,
3545 3419 3645 3460 vo-

2080 3504 2307 3558 luntatis
2357 3503 2533 3572 ipsius
2585 3500 3015 3557 declarationem
3064 3499 3393 3568 accipimus.
3431 3495 3648 3567 Quippe

2079 3610 2181 3650 nos
2208 3608 2424 3664 quoque
2458 3591 2646 3647 abdita
2682 3590 2875 3645 cordis
2920 3602 3085 3644 sensa
3122 3603 3218 3657 per
3248 3604 3309 3643 os
3338 3595 3393 3643 et
3432 3600 3645 3643 sermo-

2079 3700 2201 3739 nem
2234 3684 2559 3754 promimus.
2594 3680 2700 3735 Per
2735 3680 2919 3735 cibum
2969 3688 3026 3733 et
3072 3688 3283 3747 potum,
3332 3683 3646 3747 promptum

2080 3782 2331 3832 nostrum
2381 3773 2449 3828 ad
2507 3772 2850 3826 voluntatem
2912 3780 3227 3823 accessum.
3277 3765 3492 3820 Etenim
3546 3777 3647 3818 nos

2082 3878 2301 3935 quoque
2343 3862 2721 3919 necessarium
2765 3869 2977 3913 natura:
3034 3856 3332 3927 appetitum
3362 3853 3647 3923 explemus

2084 3970 2180 4025 per
2228 3962 2421 4024 gustus
2465 3966 2711 4008 sensum.
2748 3947 2850 4004 Per
2882 3947 3167 4011 oliactum,
3222 3945 3327 4000 vim
3364 3958 3505 4009 eam,
3538 3956 3645 4012 qua

2084 4043 2468 4114 cogitationem
2546 4056 2611 4096 ac
2678 4038 3119 4097 benevolentiam
3190 4042 3405 4107 gratam
3488 4047 3648 4087 acce-

481 4230 523 4260 ¹¹
556 4221 863 4298 Greg.Naz.
889 4229 1024 4277 orat.
1054 4221 1156 4289 21;
1194 4220 1415 4291 Dionys.
1449 4234 1498 4273 c.
1520 4218 1555 4270 ‘2
1578 4219 1648 4272 De
1680 4222 1784 4273 dio.
1814 4234 1955 4273 nom.
2034 4218 2078 4249 ¹³
2103 4216 2323 4288 Dionys.
2354 4232 2405 4272 c.
2432 4218 2454 4271 1
2497 4216 2569 4270 De
2596 4216 2702 4271 div.
2735 4232 2877 4269 nom.
2904 4224 2959 4270 et
2993 4230 3112 4285 cap.
3144 4214 3224 4269 l5.
3270 4213 3346 4267 De
3376 4213 3488 4267 emt.
3516 4212 3649 4265 hier.

1713 4369 1948 4425 VARle
1989 4363 2394 4424 LECTIONES.

484 4537 763 4606 rQuidam
794 4535 1015 4606 codices
1062 4548 1172 4606 non
1208 4530 1408 4606 habent
1448 4526 1756 4606 ἄνθρωπος,
1816 4540 1916 4581 nec
1955 4524 2152 4596 legitur
2177 4524 2319 4595 apud
2352 4524 2574 4595 Dionys.
2623 4526 2719 4580 lib.
2756 4524 2829 4579 De
2875 4526 2983 4581 div.
3040 4540 3205 4585 uom.,
3266 4540 3333 4579 ex
3379 4538 3489 4594 quo
3544 4521 3658 4575 hcc

406 4596 719 4679 desuinpta.
796 4618 816 4645 ε
850 4604 1001 4659 Multi
1061 4603 1181 4659 cod.
1226 4600 1291 4654 ll.
1347 4596 1702 4671 χρησώμεθα.

1916 4685 2142 4747 NOTAE.

408 4839 529 4881 esse
557 4821 958 4892 operationem,
990 4816 1137 4872 aliud
1164 4812 1385 4892 idquod
1414 4818 1694 4890 operatur,
1732 4816 1787 4892 et
1826 4808 1971 4892 aliud
2011 4815 2052 4870 Ι)
2079 4823 2277 4892 corpus
2310 4807 2631 4892 ornabatur.
2804 4807 3014 4892 divinan
3033 4805 3653 4892 charismatntquorum

407 4879 555 4967 quod
578 4879 1112 4967 emcitur,_observat
1145 4885 1208 4967 τὸ
1231 4879 1686 4967 ενέργημαθίᾃνομ
1697 4879 1974 4967 clientum,

408 4950 555 5036 quod
574 4962 791 5036 actione
820 4950 1000 5036 divina
1021 4950 1368 5036 producitur,
1416 4950 1628 5036 necnon
1660 4950 1977 5027 relationem

408 5017 605 5106 quaid
624 5017 631 5018 ί
653 5032 890 5086 refertur
915 5028 1003 5106 ad“
1021 5017 1210 5091 Deum,
1247 5023 1410 5101 rebus
1438 5018 1653 5097 creatis
1675 5017 1978 5077 accenseri,

450 5107 539 5158 uia
590 5110 716 5157 sunt
762 5108 919 5155 extra
967 5096 1183 5151 Deum:
1240 5100 1294 5151 at
1349 5092 1604 5145 virtutem
1644 5092 1816 5156 ipsam
1872 5101 1980 5154 qua

450 5123 539 5158 u1a
590 5123 716 5157 sunt
762 5123 919 5155 Cltra
967 5123 1134 5151 ucum
1170 5133 1183 5145 .
1240 5123 1294 5151 ut.
1354 5123 1604 5145 mnu-um
1644 5123 1816 5156 ,γοα-ι..
1872 5123 1980 5154 ιν...

408 5123 556 5230 Deus
588 5173 701 5242 agit
744 5178 798 5225 et
817 5170 938 5242 ejus
963 5167 1233 5242 actionem
1269 5162 1409 5242 idem
1449 5171 1857 5242 esseprorsus,
1877 5170 1981 5242 nec

411 5226 1159 5313 abitﬁrj'usvessenti'a_dir-imi-1
1204 5234 1327 5286 licet
1367 5232 1422 5283 iu
1461 5227 1622 5313 nobis
1651 5226 1978 5313 discrepent:

410 5292 845 5382 ﬁéc'ﬁinédssm
879 5306 1102 5382 obiiciat
1126 5292 1521 5382 Damascenutu
1544 5297 1599 5349 in
1623 5292 1890 5382 sermone
1906 5292 1983 5347 De

411 5364 904 5452 ἷτῖιῖιεῗὶριιιῗαιίοηε,
927 5364 1110 5452 tunten
1140 5388 1247 5442 quo
1281 5370 1491 5452 Domini
1515 5380 1716 5452 corpus
1750 5364 1988 5452 respten:

411 5455 548 5516 duit,
575 5438 849 5521 appellare
878 5438 1295 5521 cpthﬁxttorov,
1316 5441 1489 5521 lumen
1510 5438 1820 5521 increatunt.
1850 5438 1985 5521 t‘tam

414 5501 936 5578 iniai’u’séasdn
975 5501 1248 5583 signiﬁcat
1282 5501 1476 5583 praeter
1523 5501 1988 5583 ipsummetﬂer-

584 5572 829 5660 quodest
860 5588 953 5642 tua:
982 5572 1104 5660 vero
1127 5572 1671 5660 illuminausontnent
1700 5572 1984 5660 hominem,

415 5642 819 5732 proptejr‘cujus
858 5654 1225 5725 prmsentiaru,
1278 5645 1485 5716 ingenti
1544 5643 1747 5700 lumine
1784 5642 1987 5697 Christi

727 5752 995 5812 PATROL.
1033 5748 1143 5808 Gn.
1168 5738 1369 5804 XCIV.

2083 4875 2320 4948 Spiritus
2350 4886 2574 4948 sanctus
2608 4885 2802 4948 auctor
2837 4885 2943 4938 est,
2983 4875 3222 4948 Spiritus
3254 4881 3478 4930 sanctus
3514 4886 3658 4948 nun-

2083 4940 2373 5018 cupantur.
2428 4946 2783 5000 Palamiticus
2835 4940 3230 5018 error,'cujus_
3274 4950 3468 5018 auctor
3521 4940 3656 5018 olim

2084 5008 2264 5073 fuerat
2301 5016 2521 5071 Simeon
2552 5018 2661 5080 ille,
2697 5031 2857 5085 quem
2882 5008 3160 5069 Junioreni
3191 5012 3485 5085 theologum
3511 5008 3659 5085 voci-

2082 5096 2293 5148 tarunt.
2314 5078 2655 5156 proscriptus
2682 5078 2917 5156 primum
2949 5086 3050 5139 fuit
3091 5084 3273 5156 multis
3300 5078 3659 5156 irt'synodis:

2084 5146 2330 5229 posthac.
2344 5171 2471 5210 vero
2501 5146 2836 5229 a'ppt'obatus
2854 5164 2957 5218 est,
2989 5153 3290 5224 praesertim
3344 5150 3407 5229 in
3425 5146 3659 5220 'synodo

2084 5226 2251 5298 quam
2280 5234 2518 5298 octavam
2558 5226 2851 5298 generalem
2886 5230 3227 5298 nuncupant,
3258 5228 3492 5298 propter.
3518 5231 3658 5287 qua-

2089 5286 2215 5352 t'uor
2244 5286 2610 5363 patriarchas,
2630 5295 2722 5363 qui
2753 5294 3060 5348 adfuerunt.
3078 5286 3147 5345 'lu
3169 5286 3402 5363 concilio
3436 5286 3652 5343 Floren-

2092 5368 2216 5422 tino
2245 5360 2427 5420 Latini
2465 5366 2533 5419 de
2559 5360 2798 5419 essentia
2828 5369 2881 5417 et
2909 5363 3227 5432 operatione
3257 5360 3534 5428 disputare
3562 5368 3658 5432 vo:-

2088 5439 2311 5491 luerunt
2344 5449 2467 5487 cum
2500 5432 2725 5495 Graecis,
2756 5433 2851 5502 qui
2883 5426 3142 5502 id'l'acere
3173 5426 3569 5502 detrectarunt,
3600 5426 3656 5502 τὸ

2086 5507 2144 5561 δὲ
2162 5504 2300 5631 ὅπερ).
2335 5504 2519 5566 οὐσίας
2564 5505 2660 5558 καὶ
2704 5496 2983 5572 ἐνεργείας
3034 5500 3142 5555 οὐδ’
3182 5499 3319 5563 ὅλως
3361 5496 3652 5563 ἀπολογοῦ·

2094 5594 2160 5631 με
2200 5595 2252 5631 α.

2094 5594 2252 5647 μετα.

3148 5726 3215 5785 2Ἰ
