4014 6202
359 295 468 363 ω
1553 283 1959 350 $.10ANNIS
1999 286 2459 356 DAMASCENI:
3533 294 3664 361 sn

363 421 623 483 ptalltqtle
652 403 838 460 habet.
892 399 1173 472 Siquidem
1199 409 1252 457 et
1286 411 1386 456 n‘os
1420 401 1652 456 odorum
1685 401 1936 471 fragran-

2061 403 2138 456 ιὺν
2166 402 2267 473 τῆς
2287 402 2565 473 ἐνεργείας
2596 402 2784 458 αὐτοῦ.
2803 403 2914 457 Καὶ
2943 403 3052 476 γὰρ
3083 405 3247 475 ἡμεῖς
3277 404 3343 458 τά
3371 407 3662 477 χρειώδη⁹

361 506 493 558 tiam
554 515 650 570 per
703 497 849 551 hunc
900 510 1124 552 sensum
1186 495 1518 566 excipimus.
1566 494 1669 550 Per
1714 496 1936 561 faciem,

2061 495 2140 548 ιαὶ
2171 495 2406 564 μάλιστα
2437 494 2740 566 τιμιώτερα
2767 495 2856 550 διά
2903 496 3015 549 τῶν
3048 497 3275 550 οἰκείων
3335 499 3666 572 κατορθοῦ-

363 593 539 664 ipsius
570 605 666 662 per
694 603 859 658 opera
885 587 1412 644 demonstrationem
1444 601 1507 642 ac
1534 587 1935 644 ostensionem.

2061 603 2147 640 ιεν
2173 585 2393 657 χειρῶν.
2439 586 2630 654 Δεξιάν
2681 587 2762 651 δὲ,
2812 587 2912 660 τὴν
2938 589 3032 642 ἐπὶ
3065 593 3178 653 τοῖς
3225 592 3428 657 αἰσίοις
3461 591 3660 649 αὐτοῦ

363 685 595 755 Quando
637 683 858 754 quidem
925 697 1026 737 nos
1075 695 1295 752 quoque
1323 695 1390 736 ex
1419 681 1575 734 vultu
1603 693 1811 750 oreque
1842 693 1939 751 pa-

2061 678 2322 749 Ξοήθειαν,
2344 680 2409 732 ἐκ
2434 677 2530 732 τοῦ
2557 679 2654 733 καὶ
2677 681 2829 750 ἡμᾶς
2861 680 3064 750 μᾶλλον
3089 683 3180 734 ἐπὶ
3202 683 3311 736 τῶν
3354 685 3527 757 είισχη
3538 703 3663 755 μο-

365 781 472 834 Ιιιιιι
528 776 927 847 dignoscimur.
991 772 1095 828 Per
1150 787 1368 836 manus,
1435 771 1710 826 actionem
1767 770 1940 835 illam,

2061 772 2239 842 :é’pow,
2271 773 2367 825 καὶ
2395 773 2765 842 τιμιωτέρων,
2808 773 2905 826 καὶ
2928 773 3189 846 πλείστης
3226 775 3410 846 ίσχύος
3437 778 3660 849 δεομέ-

364 887 473 943 qua
500 883 666 940 opera
699 882 797 924 sua
821 865 1083 922 absolvit.
1123 865 1262 918 Nam
1296 878 1399 918 nos
1438 863 1606 917 ctiam
1640 861 1941 916 utilissima

365 979 597 1036 quaeque
626 969 680 1016 et
715 957 1175 1030 praestantissima
1229 970 1394 1025 opera
1435 953 1646 1009 nostris
1681 951 1943 1006 manibus

365 1057 650 1113 ellieimus.
680 1051 783 1108 Per
809 1052 1111 1114 dexteram,
1148 1049 1326 1118 ipsius
1362 1050 1418 1102 in
1471 1047 1636 1102 rebus
1681 1044 1943 1102 secundis

365 1164 524 1220 opem
565 1157 620 1203 et
653 1145 959 1208 auxilium;
1002 1158 1068 1198 ex
1096 1157 1162 1198 eo
1200 1157 1394 1212 nempe
1425 1139 1573 1210 quod
1610 1154 1710 1194 nos
1760 1139 1813 1193 in
1851 1154 1941 1193 rc—

367 1241 469 1297 bus
538 1237 966 1309 insignioribus,
1019 1248 1255 1304 qumque
1342 1232 1648 1300 plurimum
1722 1229 1944 1283 roboris

370 1331 676 1400 requirunt,
717 1327 913 1381 dextra
980 1324 1164 1396 potius
1217 1323 1432 1377 utimur
1482 1335 1670 1374 manu.
1729 1317 1832 1373 Per
1863 1327 1945 1372 ta-

369 1433 540 1486 etum,
571 1420 944 1476 certissimam
994 1416 1171 1486 ipsius
1215 1412 1717 1467 minutissimarum
1753 1424 1818 1463 ac
1853 1423 1945 1463 oc-

368 1514 803 1572 cultissimarum
865 1523 1048 1564 rerum
1101 1506 1542 1576 explorationem
1583 1511 1638 1557 et
1694 1501 1944 1556 exactio-

371 1619 542 1659 nem:
601 1600 674 1656 ob
735 1598 791 1653 id
839 1597 1074 1664 scilicet,
1156 1594 1302 1665 quod
1361 1594 1440 1647 illi
1500 1606 1745 1663 quoque,
1803 1605 1944 1661 quos

371 1701 802 1754 eontrectamus,
860 1690 996 1744 nihil
1042 1689 1189 1743 inse
1240 1687 1523 1742 occultare
1574 1695 1804 1757 queant.
1841 1687 1944 1741 Per

2044 875 2152 912 νων
2180 861 2247 930 τῇ
2279 859 2430 931 δεξιᾷ
2458 860 2784 931 κεχρῆσθαι.
2817 861 3154 933 Ψηλάφησιν
3179 865 3257 929 δὲ,
3287 867 3388 938 τὴν
3410 867 3658 940 ἀκριόεο

2047 951 2247 1021 στέραν
2277 950 2468 1014 αὑτοῦ,
2496 954 2592 1006 καὶ
2621 952 2719 1024 τὴν
2749 953 2870 1007 λίαν
2898 955 3114 1010 λεπτῶν
3139 975 3221 1021 τε,
3252 961 3349 1013 καὶ
3376 961 3655 1032 κρυπτῶν

2043 1042 2336 1111 διάγνωσίν
2361 1059 2442 1109 τε,
2481 1045 2578 1098 καὶ
2621 1045 2929 1116 εἴσπραξιν,
2957 1045 3026 1101 ἐκ
3063 1049 3158 1102 τοῦ
3203 1053 3334 1123 παρ’
3369 1054 3503 1123 ἡμῖν
3563 1052 3655 1124 μὴ

2044 1133 2306 1187 δύνασθαι
2325 1135 2452 1199 τοὺς
2479 1135 2919 1206 ψηλαφωμένους
2945 1139 3002 1192 ἐν
3026 1139 3244 1204 ἑαυτοῖς
3268 1160 3322 1194 τι
3345 1144 3650 1214 κρύπτειν.

2046 1224 2222 1288 Πόδας
2241 1225 2297 1279 δὲ
2328 1227 2422 1279 καὶ
2457 1227 2686 1296 βάδισιν,
2719 1230 2820 1299 τὴν
2843 1231 2979 1300 πρὸς
3015 1231 3342 1304 ἐπικουρίαν
3376 1235 3485 1288 τῶν
3517 1237 3651 1290 δεο-

2049 1317 2250 1386 μένων,
2302 1317 2335 1387 ἧ
2388 1318 2600 1388 ἐχθρῶν
2641 1320 2875 1390 ἄμυναν,
2933 1322 3176 1394 ⁴ἣάλλην
3213 1325 3339 1379 τινὰ
3402 1327 3634 1398 πρᾶξιν,

2047 1408 2258 1462 ἐλευσίν
2288 1427 2370 1475 τε,
2404 1411 2498 1464 καὶ
2530 1413 2855 1483 παρουσίαν,
2881 1410 2946 1467 ἐ’κ
2984 1414 3079 1468 τοῦ
3113 1419 3246 1486 παρ’
3269 1420 3404 1488 ἡμῖν
3423 1419 3511 1473 διά
3535 1421 3644 1490 τῆς

2045 1500 2154 1556 τῶν
2183 1502 2358 1555 ποδῶν
2376 1503 2628 1573 χρήσεως
2651 1505 3037 1561 ἀποτελεῖσθαι
3065 1507 3164 1577 τὴν
3192 1509 3398 1578 ἄφιξιν.
3426 1511 3640 1583 Ὅρκον

2045 1592 2124 1654 δὲ,
2159 1591 2218 1645 τὸ
2257 1593 2594 1664 ἀμετάθετον
2641 1595 2744 1665 τῆς
2797 1595 2996 1668 βουλῆς
3025 1599 3217 1661 αὐτοῦ,
3269 1602 3336 1655 ἐκ
3373 1603 3469 1657 τοῦ
3502 1606 3638 1673 παρ’

2046 1685 2180 1753 ἡμῖν
2217 1684 2284 1737 δι’
2329 1686 2494 1756 ὅρκου
2521 1686 2621 1750 τὰς
2659 1687 2797 1759 πρὸς
2827 1689 3094 1760 ἀλλήλους
3121 1690 3475 1761 βεϐαιοῦσθαι
3505 1709 3635 1748 συν-

371 1784 537 1855 pedes
567 1791 622 1838 et
653 1780 1046 1844 incessionem,
1081 1778 1384 1833 adventum
1414 1777 1590 1847 ipsius
1621 1785 1674 1832 et
1705 1791 1946 1847 praesen-

2061 1776 2240 1848 ὶήκας.
2313 1754 2512 1850 Ὀργὴν
2550 1779 2606 1832 δὲ
2637 1754 2732 1833 καί
2779 1754 2974 1852 θυμὸν..
3009 1754 3288 1855 τὴίπρὸς
3312 1786 3413 1857 τὴν
3439 1788 3638 1840 κακίαν

370 1878 525 1940 tiam,
581 1874 664 1930 vel
712 1873 780 1927 ad
831 1886 994 1941 opem
1042 1870 1332 1942 egentibus
1385 1868 1690 1936 ferendam,
1746 1869 1832 1925 vel
1879 1868 1949 1924 ad

371 1972 560 2027 hostes
596 1966 966 2029 uleiscendos,
997 1965 1082 2021 vel
1139 1965 1206 2019 ad
1237 1979 1352 2020 rem
1400 1964 1566 2019 aliam
1601 1962 1899 2036 gerendam
1933 1982 1946 2018 :

371 2063 517 2135 quod
569 2061 831 2116 nimirum
866 2058 1025 2113 nobis
1059 2071 1282 2127 quoque
1313 2057 1433 2111 llOC'
1455 2057 1624 2127 pedes
1666 2063 1950 2128 prastcnt,

373 2163 433 2207 ut
463 2151 529 2207 ad
565 2151 746 2205 locum
779 2149 1018 2217 aliquem
1065 2145 1477 2216 perveniamus.
1532 2145 1639 2200 Per
1665 2146 1955 2216 jusjuran-

374 2246 525 2308 dum,
579 2241 800 2298 consilii
851 2241 972 2311 ejus
1019 2239 1576 2294 immutabilitatem:
1629 2237 1776 2308 quod
1808 2236 1954 2308 apud

377 2354 477 2394 nos
532 2336 864 2407 interposito
890 2331 1255 2404 jurejurando
1294 2340 1484 2386 mutua
1529 2340 1688 2401 pacta
1736 2329 1958 2384 ﬁrmen-

376 2441 486 2486 tur.
530 2429 636 2484 Per
695 2431 835 2482 iram
888 2433 942 2482 et
992 2425 1255 2490 furorem,
1316 2422 1588 2479 infensam
1646 2422 1768 2492 ejus
1825 2435 1956 2492 erga

376 2519 645 2574 malitiam
687 2517 1034 2572 voluntatem
1083 2529 1148 2570 ac
1205 2512 1419 2579 odium,
1470 2509 1606 2564 Nam
1657 2521 1710 2565 et
1738 2525 1838 2566 nos
1891 2523 1955 2565 ca

377 2624 498 2679 qum
530 2621 655 2662 cum
707 2605 994 2660 voluntate
1035 2609 1093 2657 et
1131 2601 1402 2657 sententia
1459 2607 1648 2652 nostra
1702 2604 1954 2667 pugnant

375 2702 501 2756 odio
526 2700 809 2762 habentes,
840 2697 897 2751 in
935 2696 1072 2750 iram
1107 2690 1526 2764 prorumpimus
1563 2690 1627 2742 ".
1669 2687 1774 2744 Per
1812 2687 1956 2744 obli-

376 2795 615 2856 vionem,
667 2804 923 2846 somnum
973 2795 1031 2844 et
1075 2785 1552 2849 dormitationem,
1602 2782 1954 2838 animadver-

385 2889 560 2942 sionis
596 2885 648 2939 in
680 2887 867 2938 hostes
894 2881 1234 2944 dilationem,
1263 2877 1636 2948 temporisque
1685 2889 1870 2930 moras
1900 2873 1956 2927 in

378 2978 583 3032 auxilio
615 2980 883 3031 consueto
936 2971 1170 3028 ferendo
1213 2969 1298 3034 iis,
1337 2983 1476 3040 quos
1524 2967 1726 3022 charos
1762 2981 1826 3020 ac
1862 2981 1958 3021 ne-

2047 1867 2349 1938 ἀπέχθειάν
2399 1871 2494 1922 τε⁴
2513 1870 2608 1923 καὶ
2637 1871 3017 1942 ἀποστροφήν.
3065 1874 3173 1926 Καὶ
3203 1875 3313 1945 γὰρ
3369 1877 3536 1947 ἡμεῖς
3569 1877 3639 1930 ca

2049 1959 2268 2014 ἐναντία
2305 1961 2405 2031 τῆς
2449 1959 2678 2032 γνώμης
2723 1961 3012 2032 μισόῦντες
3039 1963 3390 2035 ὀργιζόμεθα.
3445 1967 3638 2037 Λήθην

2049 2051 2129 2116 δὲ,
2158 2051 2252 2105 καὶ
2313 2050 2505 2117 ὕπνον,
2543 2053 2637 2106 καὶ
2686 2053 3015 2124 νυσταγμδν,
3063 2055 3160 2124 τὴν
3205 2057 3503 2127 ὑπέρθεσιν
3530 2059 3634 2128 τῆς

2051 2145 2160 2198 τῶν
2193 2144 2406 2217 ἐχθρῶν
2457 2144 2696 2214 ἀμύνης,
2733 2145 2829 2197 καὶ
2874 2145 2971 2215 τὴν
3023 2146 3124 2217 τῆς
3175 2147 3437 2216 συνήθους
3491 2147 3630 2218 πρὸς

2054 2237 2181 2301 τοὺς
2213 2237 2448 2300 οἰκείους
2489 2236 2741 2309 βοηθείας
2794 2237 3063 2308 ἀναϐολήν
3081 2254 3096 2269 ⁸
3127 2240 3221 2291 καὶ
3245 2240 3428 2302 ἁπλῶς
3455 2241 3633 2292 εἰπεῖν

2055 2329 2238 2384 πάντα
2269 2329 2339 2384 τὰ
2372 2329 2702 2400 σωματικῶς
2728 2329 2996 2402 εἰρημένα
3021 2331 3112 2382 ἐπί
3133 2329 3289 2396 Θεοῦ,
3318 2330 3641 2401 κεκρυμμέ-

2054 2438 2154 2493 νην
2185 2421 2297 2492 ἐχει
2333 2420 2456 2474 τινὰ
2503 2419 2736 2488 ἔννοιαν,
2777 2422 2843 2474 ἐκ
2871 2423 2980 2475 τῶν
3042 2420 3162 2474 καθ’
3191 2424 3339 2492 ἡμᾶς
3383 2422 3454 2476 τὰ
3500 2422 3644 2492 ὑπὲρ

2053 2514 2204 2584 ἡμᾶς
2253 2513 2698 2580 ἐκδιδάσκουσαν,
2752 2515 2800 2566 εἰ
2835 2514 2909 2584 μή
2947 2531 3002 2566 τι
3030 2514 3160 2583 περὶ
3185 2517 3281 2583 τῆς
3326 2513 3647 2584 σωματικῆς

2061 2603 2154 2657 τοῦ
2188 2604 2324 2658 Θεοῦ
2358 2605 2534 2674 Λόγου
2560 2605 2855 2676 ἐπιδημίας
2885 2605 3123 2676 εἴρηται.
3143 2606 3315 2669 Αὐτὸς
3337 2606 3442 2676 γὰρ
3468 2605 3646 2660 πάντα

2061 2697 2153 2752 τὸν
2183 2697 2468 2769 ἄνθρωπον
2501 2700 2545 2732 ³·
2579 2697 2669 2750 διὰ
2701 2699 2799 2768 τὴν
2834 2697 3114 2768 ἡμετέραν
3156 2697 3431 2768 σωτηρίαν
3463 2697 3648 2751 ἀνεδέ-

2063 2787 2214 2854 ξατο,
2238 2787 2418 2859 ψυχὴν
2452 2789 2669 2860 νοεράν,
2702 2790 2795 2842 καί
2830 2789 3025 2859 σῶμα,
3072 2789 3167 2844 καὶ
3199 2789 3268 2844 τὰ
3295 2793 3394 2860 τῆς
3437 2789 3649 2861 ἀνθρω-

2063 2880 2226 2950 πίνης
2256 2881 2472 2948 φύσεως
2498 2880 2788 2951 ἰδιώματα,
2821 2881 2891 2936 τά
2912 2899 2970 2936 τε
3002 2882 3230 2952 φυσικὰ,
3263 2883 3357 2937 καὶ
3390 2881 3650 2953 ἀδιάϐλη-

2062 2987 2131 3023 τα
2161 2969 2331 3042 πάθη.

382 3071 659 3129 cessarios
689 3065 872 3120 habet.
906 3062 1169 3133 Denique,
1211 3068 1271 3114 ut
1298 3073 1409 3114 uno
1449 3058 1618 3113 verbo
1652 3057 1857 3122 dicam,
1893 3057 1947 3112 in
1989 3058 2058 3114 iis
2086 3059 2346 3114 omnibus
2376 3074 2499 3128 quae
2527 3058 2596 3115 de
2630 3059 2741 3115 Deo
2771 3075 3045 3130 corporeo
3111 3061 3276 3117 modo
3345 3064 3646 3118 enumian-

380 3170 492 3224 tur,
521 3158 810 3212 abstrusus
837 3153 1060 3224 quidam
1122 3165 1325 3206 sensus
1396 3149 1560 3214 inest,
1608 3161 1719 3218 quo
1769 3163 1865 3218 per
1908 3147 2001 3202 illa
2074 3163 2196 3218 qua:
2246 3148 2406 3203 nobis
2461 3160 2802 3222 congruunt,
2855 3167 2917 3206 ea
2983 3166 3104 3222 quae
3141 3167 3307 3222 supra
3365 3169 3466 3208 nos
3517 3161 3651 3210 sunt

380 3252 718 3306 edoecmur:
768 3248 874 3302 nisi
930 3246 1074 3300 forte
1122 3244 1406 3314 quidpiam
1455 3243 1526 3297 de
1554 3257 1826 3313 corporeo
1864 3242 1958 3297 Dei
2035 3242 2279 3299 adventu
2325 3242 2539 3298 dictum
2614 3254 2720 3301 est.
2767 3244 2900 3300 Nam
2964 3247 3081 3315 ipse
3143 3256 3316 3301 totum
3370 3248 3648 3304 hominem

382 3343 582 3398 salutis
635 3347 841 3393 nostrae
917 3349 1085 3392 causa
1131 3335 1409 3404 suscepit;
1466 3333 1571 3390 hoc
1633 3340 1720 3387 est
1796 3333 2040 3386 animam
2078 3333 2502 3404 intelligentem,
2558 3343 2612 3390 ct
2646 3350 2873 3407 corpus,
2921 3345 3084 3407 atque
3136 3337 3390 3397 humana:
3435 3351 3650 3397 natura:

385 3433 766 3505 preprietates,
819 3443 1030 3484 necnon
1078 3426 1380 3493 naturales,
1444 3427 1694 3498 nullique
1757 3426 2180 3497 reprehensioni
2211 3428 2486 3484 obnoxias
2522 3430 2835 3500 passiones.

1009 3516 1162 3574 CAP.
1215 3516 1332 3571 XII.

830 3606 985 3684 146
1021 3609 1098 3664 De
1133 3607 1318 3663 iisdem
1355 3609 1526 3662 rebus.

458 3707 556 3762 Dei
589 3704 805 3759 nomina
841 3717 906 3756 ex
937 3701 1153 3754 creatis.
1181 3728 1250 3741 -—
1274 3697 1567 3751 Enimvero
1603 3695 1718 3750 lucc
1769 3710 1837 3751 ex
1878 3710 1966 3750 sa-

388 3798 523 3860 cris,
562 3802 620 3849 ut
665 3793 884 3848 divinus
932 3790 1009 3843 ait
1049 3788 1340 3858 Dionysius
1380 3787 1707 3858 AreOpagita
1741 3785 1806 3851 ",
1870 3785 1968 3840 do-

388 3904 578 3945 cemur
605 3885 883 3949 oraculis;
930 3879 1077 3952 quod
1116 3893 1312 3949 nempe
1343 3877 1490 3934 Deus
1515 3880 1768 3934 omnium
1797 3893 1968 3934 causa

390 3997 452 4036 ac
475 3981 627 4050 origo
654 3977 758 4043 sit;
809 3990 998 4030 eorum
1031 3987 1153 4042 qua:
1176 3980 1324 4036 sunt,
1359 3970 1628 4037 essentia;
1661 3969 1962 4024 viventium

392 4074 540 4139 vita;
599 4068 954 4124 rationalium
1004 4065 1188 4129 ratio;
1242 4062 1696 4132 intelligentium,
1747 4061 1962 4116 intelle-

394 4169 550 4223 ctus;
596 4172 661 4211 ac
697 4170 886 4211 eorum
937 4152 1159 4224 quidem
1210 4153 1306 4222 qui
1357 4151 1426 4206 ab
1458 4166 1523 4206 eo
1570 4152 1851 4216 labuntur,
1892 4165 1972 4206 re-

394 4247 610 4303 vocatio
652 4253 706 4300 et
738 4245 977 4310 erectio;
1026 4256 1221 4298 eorum
1252 4249 1433 4296 autem
1481 4241 1577 4312 qui
1614 4240 1665 4295 id
1693 4241 1843 4310 quod
1873 4255 1971 4295 na-

397 4351 537 4396 tura:
581 4342 1017 4394 consentaneum
1076 4341 1201 4397 est,
1249 4338 1615 4402 corrumpunt
1647 4341 1704 4387 et
1748 4332 1970 4396 vitiant,

398 4429 684 4485 renovatio
722 4436 778 4482 et
811 4425 1185 4489 instauratio;
1219 4437 1411 4478 eorum
1444 4423 1537 4493 qui
1569 4422 1821 4493 profanis
1854 4424 1974 4495 qui-

2675 3521 2928 3574 ΚΕΦΑΛ.
2963 3521 3062 3574 IB'.

2600 3612 2738 3680 Περί
2767 3611 2886 3665 τῶν
2907 3611 3124 3667 αὐτῶν.

2143 3700 2328 3755 Ταῦτα
2357 3701 2456 3770 μὲν
2482 3696 2575 3754 οὖν
2623 3702 2686 3754 ἐκ
2736 3702 2846 3754 τῶν
2877 3704 3040 3773 ίερῶν
3075 3704 3403 3776 μεμνήμεθα
3431 3707 3649 3776 λογίων,

2068 3791 2142 3855 ὡς
2175 3792 2318 3855 θεῖος
2358 3791 2462 3862 ἔφη
2509 3791 2788 3856 Διονύσιος
2818 3793 2846 3844 6
2881 3793 3315 3865 ’Λρεοπαγίτηςο
3347 3796 3429 3850 ὅτι
3455 3799 3482 3850 6
3518 3799 3652 3863 Θεὸς

2073 3884 2287 3937 πάντων
2312 3884 2458 3937 ἐστὶν
2481 3883 2632 3937 αἰτία
2665 3885 2758 3938 καὶ
2783 3885 2927 3956 ἀρχή
2951 3901 2964 3914 ·
2995 3885 3103 3940 τῶν
3129 3887 3298 3941 ὄντων
3323 3889 3479 3944 οὐσία
3500 3909 3513 3921 ο
3542 3892 3652 3944 τῶν

2071 3972 2292 4037 ζώντων
2328 3973 2442 4045 ζωή
2462 3990 2476 4004 ο
2502 3973 2609 4027 τῶν
2630 3972 2863 4044 λογικῶς
2892 3975 3062 4030 ὄντων
3103 3977 3259 4046 λόγος
3280 3996 3294 4009 ο
3319 3979 3428 4032 τῶν
3452 3982 3653 4052 νοερῶς

2071 4064 2238 4119 ὄντων
2263 4063 2416 4128 νοῦς·
2451 4064 2549 4118 καὶ
2575 4064 2682 4118 τῶν
2711 4065 2812 4136 μὲν
2840 4067 3261 4123 ἀποπιπτόντων
3283 4071 3478 4142 αὐτῆς,
3520 4073 3652 4128 ἀνᾶα

2073 4156 2266 4226 κλησίς
2292 4173 2352 4208 τε
2381 4157 2475 4210 καὶ
2505 4155 2803 4220 ἀνάστασις
2823 4175 2836 4187 θ
2858 4158 2966 4211 τῶν
2989 4176 3048 4212 τε
3080 4161 3561 4234 καταφθειρόντων
3593 4164 3656 4216 τὸ

2075 4248 2216 4302 κατά
2248 4247 2433 4317 φύσιν,
2463 4249 2863 4320 ἀνακαινισμὸς
2909 4252 3004 4304 καὶ
3053 4254 3510 4324 μεταμάρφωσιςο
3549 4257 3658 4310 τῶν

2073 4339 2133 4391 δὲ
2154 4339 2489 4409 κινουμένων
2518 4339 2661 4393 κατά
2689 4357 2811 4393 τινα
2835 4341 3049 4412 ἀνίερον
3077 4343 3257 4411 σάλον,
3279 4345 3488 4418 ἵδρυσις
3515 4347 3658 4418 ἰεράο

2077 4431 2173 4481 καὶ
2223 4427 2332 4481 τῶν
2382 4428 2694 4498 ἑστηκότων
2751 4431 3050 4499 ἀσφάλεια·
3086 4434 3323 4487 καὶτῶν
3368 4437 3456 4489 ἐπ’
3491 4438 3662 4509 αὐτὴν

400 4519 629 4574 busdam
657 4515 923 4571 ﬂuetibus
950 4513 1257 4582 iactantur,
1288 4525 1448 4566 sacra
1479 4511 1800 4578 stabilitas;
1827 4520 1956 4567 stan

2077 4517 2433 4588 ἀναγομένων
2469 4518 2613 4586 ὁδὸς,
2641 4521 2738 4574 καὶ⁵
2761 4521 3062 4592 ὰνατατικὴ
3091 4523 3454 4593 χειραγωγία.
3484 4526 3664 4594 Προσε-

404 4611 536 4665 tium
571 4616 752 4662 tutum
796 4602 1148 4676 praesidium;
1199 4603 1612 4672 assurgeutium
1669 4603 1738 4657 ad
1794 4604 1956 4673 ipsun

2081 4607 2234 4678 θήσω
2268 4609 2324 4661 δὲ
2365 4609 2446 4662 ὅτι
2485 4610 2717 4664 καὶτῶν
2746 4611 2837 4664 ὑπ’
2889 4612 3055 4666 αὑτοῦ
3095 4615 3516 4685 πεποιημένων,
3554 4613 3665 4668 ηα-

406 4703 488 4754 via
532 4706 590 4753 et
634 4694 1013 4755 manuductio,
1067 4705 1176 4762 qua
1235 4691 1290 4744 in
1333 4691 1506 4745 altum
1567 4693 1951 4748 subvehuntur

2079 4699 2205 4772 τὴρ.
2243 4699 2593 4773 κυριώτερον
2620 4703 2730 4774 γὰρ
2749 4705 2777 4757 6
2805 4703 2939 4768 Θεὸς
2965 4703 3120 4774 ἡμῶν
3151 4707 3268 4757 ἐστι
3297 4704 3514 4776 Πατὴρ,
3551 4707 3580 4758 6
3604 4706 3667 4758 ἐκ

407 4789 619 4845 Addam
671 4787 859 4852 etiam,
897 4796 1088 4838 eorum
1121 4781 1213 4850 qui
1245 4779 1315 4834 ab
1350 4779 1471 4850 ipso
1520 4779 1650 4836 facti
1697 4791 1848 4850 sunt,
1880 4783 1955 4838 Pa

2089 4791 2164 4863 μὴ
2196 4792 2365 4846 ὄντων
2395 4795 2477 4858 εἰς
2503 4797 2564 4848 τὸ
2593 4790 2733 4848 εἶναι
2763 4795 3128 4866 παραγαγὼν,
3147 4797 3182 4868 ἢ
3204 4797 3256 4850 οἰ
3279 4798 3664 4867 γεννήσαντες,

407 4894 520 4936 ter.
550 4879 792 4943 Etenim,
827 4875 874 4931 si
902 4873 1123 4945 proprie
1153 4872 1467 4943 loquamur,
1504 4872 1649 4929 Deus
1675 4873 1840 4930 Pater
1867 4892 1956 4931 no.

2061 4885 2136 4936 loi.
2162 4883 2221 4950 ἐξ
2255 4883 2421 4936 αὐτοῦ
2443 4924 2458 4947 ,
2492 4886 2589 4938 καὶ
2633 4885 2695 4938 τὸ
2727 4882 2894 4950 εῖναι,
2917 4889 3013 4940 καὶ
3037 4888 3098 4940 τὸ
3119 4891 3316 4960 γεννᾷν
3352 4888 3667 4958 εἰληφότεςο

410 4982 524 5027 ster
575 4969 763 5024 verius
817 4975 922 5031 est,
976 4965 1070 5035 qui
1119 4979 1184 5018 ex
1239 4961 1418 5016 nihilo
1469 4976 1572 5018 nos
1626 4964 1975 5034 produxerit,

2089 4973 2199 5028 τῶν
2231 4975 2534 5045 ἑπομένων,
2564 4977 2657 5029 καὶ
2677 4978 2770 5029 ὑπ’
2791 4977 2956 5031 αὑτοῦ
2977 4980 3420 5050 ποιμαινομένων
3443 4981 3671 5048 ποιμήν·

411 5076 576 5132 quam
613 5062 710 5132 qui
747 5072 850 5114 nos
876 5066 1220 5128 genuerunt;
1281 5061 1469 5126 utpote
1501 5056 1594 5128 qui
1621 5064 1736 5115 tum
1762 5067 1820 5116 ut
1848 5062 1981 5130 sint,

2089 5065 2198 5121 τῶν
2228 5065 2633 5139 φωτιζομένων,
2661 5069 2926 5142 ἐλλαμψις
2949 5087 2963 5102 ·
2997 5071 3102 5126 τῶν
3122 5071 3462 5142 τελουμένων
3489 5070 3674 5124 τελετ-

415 5241 459 5272 ιι
486 5238 648 5310 Greg.
682 5235 816 5292 Nat.
850 5243 993 5290 orat.
1023 5232 1110 5289 37.
1199 5231 1240 5263 "
1265 5223 1494 5306 Dionys.
1519 5246 1642 5306 cap.
1677 5235 1703 5289 1
1738 5235 1818 5293 De
1849 5238 1956 5294 diu.
1988 5255 2132 5297 nom.

1727 5389 1960 5448 VARUE
2001 5391 2404 5451 LECTIONES.

490 5505 726 5587 ﬁftegii
795 5511 1028 5587 quatuor
1101 5502 1490 5587 ἅπανταηητὸν
1561 5503 1869 5575 ἄνθρωπον.
1921 5504 2032 5587 ,δίο
2095 5507 2295 5587 legisse
2371 5511 2588 5587 videtur
2650 5511 3085 5587 vetusiuterpres
3173 5515 3312 5587 qui,
3373 5533 3685 5573 animum

419 5573 700 5658 hominem,
731 5573 932 5655 posuit.
989 5573 1046 5628 In
1077 5576 1282 5658 codzb‘.
1311 5575 1415 5654 flil.
1441 5573 1832 5658 supra_vocem
1863 5577 2040 5658 πάντα
2072 5573 2335 5648 scriptum
2360 5592 2443 5636 est
2469 5582 2502 5652 ἢ
2542 5583 2698 5658 ὃλονᾼς
2731 5583 2878 5654 quod
2907 5573 3056 5640 vocis
3073 5573 3688 5658 ndviaﬁnterpretatio

419 5653 525 5726 est.
578 5643 887 5726 “Oli—etuti]
925 5659 1141 5726 omnem
1195 5643 1634 5726 lio'rnnine_in,’sed
1702 5653 1897 5716 totum,
1953 5649 2058 5704 hoc
2118 5643 2203 5705 est
2253 5643 2503 5706 uaturaui
2559 5643 2880 5722 perfectam,
2944 5643 3558 5726 assumpsit'Chrtst'ul,
3621 5670 3686 5712 ac

421 5722 568 5772 totus
613 5716 712 5768 toti
739 5716 925 5771 uuitus
952 5722 1055 5779 est,
1075 5723 1134 5766 ut
1160 5714 1235 5769 ait
1259 5714 1450 5769 Theol.
