4014 6202
474 317 591 382 845

1580 316 1679 377 DE
1710 316 1890 376 FIDE
1918 315 2381 376 ORTIIODOXA
2423 317 2571 376 LIB.
2616 315 2662 374 Ι.

3653 321 3759 385 846

474 429 675 501 αρχία’
726 426 839 480 τῶν
887 426 1194 496 θεουμένων
1242 424 1505 496 Θεαρχία*
1579 424 1688 477 τῶν
1759 426 2065 480 διεστώτων

2175 434 2286 480 tum
2320 436 2377 481 ut
2404 429 2717 498 gignerent,
2750 424 2927 497 ipsius
2956 441 3187 485 munere
3218 440 3348 486 sunt
3381 435 3665 490 consecuti
3690 435 3759 488 ¹⁶.

473 523 668 592 εἰρήνη
690 537 704 550 ο
738 518 967 572 καὶτῶν
990 517 1351 588 ἁπλουμένων
1382 516 1655 587 ἁπλότης·
1696 517 1789 570 καὶ
1814 517 1920 571 τῶν
1959 520 2069 571 ἑνι-

475 612 722 684 ζομὲνων
746 610 937 680 ἑνότης
960 625 973 638 ·
1018 611 1196 681 ἀρχῆς
1225 610 1449 678 ἁπάσης
1486 607 1831 677 ὐπερούσιος,
1861 609 1937 672 ώς
1964 609 2068 661 ὐπ-

475 705 667 775 ἀρχιος
698 704 841 775 ἀρχή
864 720 877 733 ‘
914 704 1011 756 καὶ
1036 702 1131 757 τοῦ
1156 704 1415 774 κρυφίου,
1458 704 1577 773 ἦτοι
1607 702 1705 771 τῆς
1735 702 1899 754 αὐτοῦ
1927 701 2068 770 γνώ-

478 814 619 858 σεως
648 796 794 848 κατὰ
834 794 897 848 τὸ
925 795 1149 865 θεμιτὸν
1200 797 1297 848 καὶ
1333 793 1557 863 ἐφικτὸν
1611 793 1847 862 ἑκάστῳ,
1885 793 2066 865 ἀγαθὴ

477 888 788 958 μετάδοσις.

2177 514 2273 573 Est
2304 515 2533 586 insuper
2564 525 2619 574 et
2651 531 2843 571 eorum
2888 518 2979 586 qui
3016 518 3198 586 ipsum
3229 532 3565 590 sequuntur,
3608 533 3662 579 et
3690 538 3758 579 eo

2175 618 2396 676 pastore
2453 617 2757 679 reguntur,
2792 618 3013 679 pastor;
3068 624 3259 667 eorum
3298 613 3394 682 qui
3447 615 3762 670 illuminan-

2177 710 2286 765 tur,
2336 701 2699 755 coruscatio:
2752 715 2947 756 eorum
2993 702 3087 771 qui
3130 704 3307 759 sacris
3354 706 3634 774 mysteriis
3664 708 3761 761 im-

2174 792 2445 859 buuntur,
2499 793 2832 849 initiationis
2873 810 3123 863 auspex;
3173 809 3368 849 eorum
3417 798 3509 865 qui
3560 798 3761 855 deitate

2174 886 2473 953 donantur,
2528 887 2754 942 deitatis
2822 886 3085 957 largitor;
3140 886 3558 953 dissidentium,
3616 904 3759 960 pax;

476 978 824 1050 simplicitati
894 980 1272 1045 studentium,
1373 982 1729 1051 simplicitas;
1792 981 2102 1037 colentium
2180 982 2470 1047 unitatem,
2526 980 2741 1047 unitas;
2807 980 3067 1051 principii
3143 980 3348 1047 omnis,
3400 983 3758 1053 principium,

476 1078 721 1133 essentia
771 1076 920 1131 omni
974 1077 1251 1148 principio
1311 1080 1607 1134 sublimius
1658 1094 1769 1133 :ac
1810 1078 2069 1149 fdenique
2103 1078 2307 1134 occulti
2344 1080 2454 1144 sui,
2510 1079 2561 1133 id
2599 1087 2685 1133 est
2755 1092 2870 1132 suae
2922 1076 3283 1148 cognitionis,
3337 1086 3608 1147 quantum
3676 1066 3797 1136 fas‘

477 1181 585 1239 est,
648 1185 712 1226 ae
762 1185 861 1241 pro
911 1170 1184 1243 cujusque
1233 1181 1420 1244 captu,
1473 1174 1709 1246 benigna
1756 1175 2206 1231 communicatio.

556 1484 671 1556 Hoc
696 1492 857 1556 caput
885 1482 1022 1556 quod
1051 1484 1289 1551 proxime
1327 1487 1582 1556 sequitur,
1618 1484 1950 1556 adjectitium
1989 1493 2095 1556 est,
2128 1500 2218 1537 nec
2250 1487 2506 1556 reperitur
2546 1484 2599 1556 in
2634 1484 2900 1556 codicibus
2937 1484 3332 1556 vetustioribus,
3366 1486 3456 1539 sed
3490 1486 3542 1538 in
3574 1487 3759 1553 paucis

479 1552 1198 1626 quibusdamrecentissimo
1232 1552 1487 1609 notaﬂln
1525 1552 1687 1626 Regio
1716 1554 1855 1608 5109
1904 1555 2129 1626 habetur
2156 1625 2160 1626 ν
2183 1552 2444 1623 ροδιέαρ.
2474 1555 2506 1610 9
2559 1555 2649 1626 lib.
2685 1571 2759 1617 Iv,
2794 1564 2841 1608 et
2875 1555 2928 1607 in
2961 1552 3132 1626 Regio
3156 1554 3326 1626 altero
3361 1572 3412 1608 η.
3447 1552 3610 1619 5451,
3641 1568 3759 1623 post

480 1623 659 1692 caput.
696 1624 731 1676 9.
758 1624 852 1678 lib.
880 1639 941 1677 ll.
995 1623 1309 1679 Lambecius
1370 1636 1542 1678 ntonet
1583 1623 1899 1691 adjunctunt
1954 1624 2086 1676 illud
2136 1625 2303 1693 fuisse
2334 1626 2387 1678 in
2430 1626 2547 1679 cod.
2587 1623 2901 1677 Cwsariano
2939 1642 2994 1680 η.
3035 1624 3143 1678 200
3178 1624 3245 1675 ad
3297 1629 3494 1680 calcem
3529 1626 3655 1679 libri
3687 1626 3763 1681 De

484 1696 589 1749 [ide
620 1694 949 1747 orthodoxa.
988 1693 1135 1748 Illud
1164 1711 1280 1749 vero
1306 1694 1512 1748 Joanni
1542 1695 1875 1748 Damasceno
1925 1694 2260 1747 tribuendum
2288 1711 2422 1758 esse,
2451 1694 2689 1748 Joannes
2718 1695 2940 1755 Beccus.
2966 1695 3282 1763 patriarcha
3315 1698 3581 1763 quondam
3616 1696 3759 1751 Con-

482 1764 1022 1837 stantinopolitanus,
1057 1764 1275 1837 ejusque
1310 1766 1441 1837 socii
1481 1765 1745 1837 evicerunt
1775 1764 2103 1837 in__soletnni
2134 1776 2389 1837 conventu
2418 1767 2802 1833 episcoporum,
2841 1766 2993 1833 cujus
3031 1774 3151 1819 acta
3176 1763 3432 1837 Georgius
3459 1766 3759 1837 Pachyme-

483 1836 642 1888 resin
674 1834 1016 1897 Andronico,
1050 1835 1162 1905 lib._
1197 1849 1272 1888 vn
1300 1835 1505 1905 referta
1541 1835 1791 1902 Quinimo
1830 1834 2100 1905 Georgius
2142 1834 2455 1888 Scholarius
2506 1838 2559 1889 in
2596 1844 2821 1899 utroque
2874 1852 3025 1903 opere
3057 1834 3195 1905 quod
3228 1834 3294 1887 de
3321 1836 3559 1905 Spiritus
3588 1834 3761 1891 sancti

482 1906 816 1973 processione
843 1905 1094 1960 adversus
1129 1902 1353 1959 Latinos
1386 1903 1573 1971 edidit,
1605 1905 1779 1961 nostri
1807 1902 2043 1959 auctoris
2076 1904 2243 1973 [etum
2270 1920 2381 1959 esse
2417 1905 2668 1959 indubius
2699 1902 2965 1974 agnoscit.

630 2212 760 2267 Ἔτι
799 2215 924 2282 περὶ
951 2216 1123 2270 θείων
1155 2217 1466 2287 ὀνομάτων
1487 2218 1932 2291 ἀκριϐέστερον.

2278 2276 2281 2281 ,
2382 2221 2567 2274 Adhuc
2598 2218 2658 2273 de
2679 2220 2868 2273 divinis
2889 2218 3187 2273 nominibus
3220 2217 3544 2271 accuratius.

552 2307 627 2359 Τὸ
657 2306 811 2360 Θεῖον
841 2307 1227 2378 ἀκατάληπτον
1274 2309 1354 2373 ὂν,
1390 2310 1609 2375 πάντως
1663 2317 1757 2365 καὶ
1785 2314 2066 2385 ἀνώνυμον

481 2400 656 2453 ἔσται.
705 2400 1053 2469 ’Λγνοοῦντες
1076 2396 1170 2455 οὐν
1201 2401 1298 2474 τὴν
1324 2404 1513 2457 οὐσίαν
1541 2405 1730 2472 αὐτοῦ,
1756 2406 1855 2476 τῆς
1880 2408 2067 2471 οὐσίας

480 2484 645 2540 αὐτοῦ
688 2484 765 2556 μὴ
804 2486 1201 2559 ὲκζητήσωμεν
1237 2490 1439 2561 ὄνομα*
1484 2492 1757 2563 δηλωτικὰ
1804 2494 1912 2565 γάρ
1958 2496 2067 2551 τῶν

485 2582 830 2651 πραγμάτων
859 2584 977 2635 ἐστὶ
998 2584 1065 2638 τὰ
1089 2584 1332 2656 ὀνόματα
1348 2602 1362 2619 ο
1392 2586 1507 2641 ἀλλ’
1533 2576 1738 2657 ἀγαθδς
1769 2589 1845 2644 ὣν
1868 2593 1896 2644 ὁ
1913 2590 2063 2657 Θεὸς,

484 2672 577 2726 καὶ
608 2673 701 2725 ἐπὶ
729 2672 949 2742 μεθέξει
976 2675 1075 2745 τῆς
1097 2676 1434 2746 ἀγαοότητος
1464 2680 1806 2749 παραγαγὼν
1828 2684 1977 2752 ἡμᾶς
2004 2685 2068 2736 ὲκ

482 2760 578 2816 τοῦ
618 2762 694 2833 μὴ
724 2762 877 2828 ὄντος
910 2766 990 2827 εἰς
1028 2765 1088 2818 τὸ
1112 2761 1274 2833 εἶναι,
1314 2769 1406 2821 καὶ
1448 2772 1785 2836 γνωστικούς
1836 2773 2068 2843 ποιήσας

482 2856 651 2925 ἡμᾶς,
682 2854 873 2927 ὥσπερ
902 2858 961 2909 οὐ
1003 2858 1103 2929 τῆς
1148 2860 1337 2924 οὐσίας
1375 2860 1540 2915 αὐτοῦ
1578 2863 1882 2932 μετέδωκεν
1912 2866 2064 2934 ἡμῖν,

481 2945 654 3010 οὕτως
678 2949 800 3001 οὐδὲ
829 2951 927 3020 τῆς
955 2951 1212 3019 γνώσεως
1266 2953 1365 3024 τῆς
1395 2955 1585 3017 οὐσίας
1618 2954 1806 3010 αὐτοῦ.
1848 2957 2069 3011 Ἀδύνα-

483 3057 570 3092 τον
616 3042 723 3111 γὰρ
782 3041 948 3110 φύσιν
1000 3044 1222 3109 τελείως
1267 3044 1470 3113 γνῶναι
1510 3046 1607 3118 τὴν
1660 3048 2068 3120 ὑπερκειμένην

484 3129 665 3199 φύσιν.
698 3134 759 3185 Εἰ
790 3134 846 3187 δὲ
871 3134 1093 3189 καὶτῶν
1124 3136 1294 3190 ὄντων
1322 3138 1377 3191 αἱ
1406 3138 1636 3208 γνώσεις
1666 3140 1710 3203 ι,
1737 3140 1799 3193 τὸ
1831 3139 2068 3211 ὐπερού-

484 3235 599 3273 σιον
649 3224 767 3287 πῶς
818 3225 1235 3294 γνωσθήσεται;
1264 3230 1341 3283 Δι’
1371 3229 1579 3298 ἄφατον
1613 3227 1706 3284 οὖν
1754 3232 2068 3303 άγαϐὁτητα

481 3312 784 3385 ηὐδόκησεν
832 3317 895 3367 ὲκ
935 3318 1042 3369 τῶν
1072 3321 1194 3371 κατ’
1230 3322 1376 3390 ἡμᾶς
1418 3322 1825 3391 ὀνομάζεσθαι,
1870 3327 1954 3378 ἵνα
1993 3328 2066 3397 μὴ

480 3404 741 3475 ἀμέτοχοι
804 3410 1086 3473 παντελῶς
1141 3405 1290 3482 ὦμεν
1340 3412 1437 3482 τῆς
1494 3414 1658 3467 αὐτοῦ
1695 3416 2065 3485 ἐπιγνώσεως,

482 3497 597 3549 ἀλλ’
624 3498 840 3570 ἔχωμεν
868 3501 969 3555 κᾶν
1000 3504 1247 3573 ἀμυδρὰν
1283 3506 1448 3559 αὐτοῦ
1500 3506 1732 3560 ἔννοιαν.
1782 3508 1934 3561 Καθὸ
1967 3510 2067 3579 μὲν

2245 2314 2339 2369 Dei
2366 2315 2596 2369 essentia
2633 2314 2689 2367 in
2718 2329 2771 2367 se
2805 2314 2954 2367 nobis
3003 2313 3205 2382 ignota,
3265 2325 3357 2363 nec
3396 2309 3756 2365 nominabilis.

2172 2404 2270 2460 Dei
2325 2406 2539 2461 nomina
2568 2422 2633 2459 ea:
2664 2404 2877 2469 creatis,
2923 2405 3041 2474 ipso
3068 2402 3466 2457 innominabili.
3487 2431 3555 2443 -
3587 2401 3755 2467 Deus,

2171 2497 2757 2569 incomprehensibilis
2807 2510 2931 2553 cum
2970 2498 3066 2562 sit,
3119 2494 3346 2550 omnino
3397 2509 3618 2566 quoque
3668 2510 3760 2550 no-

2171 2587 2374 2644 minari
2408 2602 2519 2641 non
2562 2594 2763 2657 potest.
2814 2586 2951 2642 Cum
2998 2584 3185 2653 itaque
3234 2584 3412 2655 ipsius
3458 2586 3757 2641 essentiam

2170 2678 2515 2747 ignoremus,
2543 2676 2800 2733 essentia:
2838 2675 3014 2745 ipsius
3054 2688 3253 2729 nomen
3288 2689 3357 2730 ne
3384 2675 3756 2745 inquiramus.

2170 2766 2405 2821 Nomina
2454 2767 2657 2835 quippe
2710 2780 2895 2820 rerum
2940 2762 3354 2819 manifestantia
3420 2772 3551 2820 sunt
3580 2766 3644 2818 ιτ.
3685 2768 3757 2819 At

2174 2846 2329 2912 Deus.
2372 2857 2466 2927 qui
2496 2857 2675 2912 bonus
2706 2866 2811 2918 est,
2858 2872 3075 2926 nosque
3100 2857 3309 2911 idcirco
3368 2872 3435 2913 ex
3473 2858 3631 2930 147
3668 2860 3755 2913 ni-

2174 2950 2286 3003 hilo
2321 2948 2601 3019 produxit,
2631 2955 2691 3002 ut
2728 2948 2905 3018 ipsius
2928 2949 3199 3004 bonitatis
3226 2950 3529 3020 participes
3554 2951 3752 3018 simus,

2172 3040 2376 3109 quique
2412 3040 2792 3108 cognoscendi
2850 3040 2959 3093 vim
3003 3040 3165 3096 nobis
3214 3040 3435 3103 indidit,
3489 3042 3633 3097 sicut
3665 3058 3754 3097 es-

2174 3132 2406 3206 sentiam
2444 3145 2601 3186 suam
2649 3131 2813 3186 nobis
2848 3146 2959 3185 non
2988 3129 3317 3201 impertivit,
3351 3132 3433 3187 sic
3462 3149 3531 3189 ne
3563 3149 3755 3190 essen-

2173 3224 2260 3277 tiae
2294 3223 2515 3293 quidem
2567 3237 2679 3279 suae
2714 3223 3087 3292 cognitionem
3136 3224 3349 3279 tribuit.
3381 3223 3571 3295 Neque
3598 3228 3746 3281 enim

2174 3313 2289 3367 fieri
2353 3322 2532 3383 potest
2600 3322 2660 3366 ut
2723 3320 2920 3367 natura
2984 3314 3331 3383 superiorem
3382 3331 3441 3370 se
3499 3327 3756 3381 naturam

2173 3407 2332 3475 plene
2364 3414 2658 3476 cognoscat
2696 3406 2759 3459 ¹⁸.
2793 3406 2861 3459 At
2900 3405 2947 3461 si
2990 3406 3335 3476 cognitiones
3383 3417 3516 3464 sunt
3556 3425 3746 3465 earum

2174 3514 2359 3553 rerum
2413 3514 2537 3569 qua:
2583 3507 2735 3563 sunt,
2778 3497 2925 3568 quod
2966 3500 3209 3554 essentia
3267 3500 3417 3554 omni
3458 3501 3755 3559 sublimius

480 3584 575 3640 οὖν
612 3590 1001 3661 ἁκατάληπτός
1051 3594 1192 3659 ἐστι,
1234 3596 1325 3648 καὶ
1373 3596 1840 3666 άκατονόμαστος.
1892 3599 1981 3662 Ὠς
2010 3599 2065 3652 δὲ

2175 3600 2288 3657 est,
2347 3606 2590 3662 quonam
2653 3591 2817 3645 velim
2883 3590 3049 3645 modo
3110 3593 3515 3662 cognoscatur?
3575 3594 3758 3660 Quare

482 3680 702 3734 πάντων
735 3684 907 3746 αἴτιος
930 3726 945 3750 ,
995 3686 1089 3738 καὶ
1125 3685 1343 3741 πάντων
1389 3688 1497 3741 τῶν
1519 3687 1688 3743 ὄντων
1716 3690 1844 3753 τούς
1872 3690 2064 3758 λόγους

482 3774 573 3823 καὶ
604 3772 705 3835 τὰς
735 3774 912 3837 αἰτίας
959 3776 1015 3827 ἐν
1054 3776 1232 3846 ἑαυτῷ
1277 3777 1547 3847 προέχων,
1602 3780 1667 3831 ὲκ
1704 3778 1922 3832 πάντων
1958 3780 2065 3833 τῶν

480 3860 649 3914 ὄντων
706 3864 1177 3933 κατονομάζεται,
1231 3868 1416 3920 καὶέκ
1464 3867 1572 3919 τῶν
1603 3866 1893 3921 ἐναντίων*
1952 3862 2063 3921 οἷον

480 3953 658 4020 φωτὸς
690 3954 785 4006 καὶ
810 3955 1057 4021 σκότους,
1098 3958 1289 4021 ὐδατος
1332 3960 1425 4013 καὶ
1474 3959 1677 4029 πυρός’
1722 3958 1808 4011 ἵνα
1844 3958 2063 4029 γνῶμεν

480 4043 562 4095 ὅτι
594 4046 654 4096 οὐ
688 4046 858 4102 ταῦτα
890 4050 1010 4102 κατ’
1051 4051 1238 4105 οὐσίαν
1270 4053 1449 4105 ἐστίν·
1488 4053 1602 4106 ἀλλ’
1629 4052 1743 4105 ἔστι
1768 4050 1866 4123 μὲν
1891 4052 2062 4123 ὑπερ-

479 4132 659 4198 ούσιος
688 4137 782 4189 καὶ
804 4137 1248 4209 άκατονόμαστος
1270 4155 1281 4168 ·
1309 4139 1383 4202 ὡς
1414 4139 1469 4193 δὲ
1498 4140 1713 4193 πάντων
1748 4138 1857 4190 τῶν
1892 4137 2062 4190 ὄντων

479 4225 675 4290 αἴτιος,
708 4229 773 4281 ὲκ
814 4230 1032 4283 πάντων
1058 4229 1168 4283 τῶν
1208 4231 1465 4286 αἰτιατῶν
1493 4230 1843 4301 ὀνομάζεται.

2178 3682 2536 3737 inenarrabili
2584 3682 2758 3751 ipsius
2787 3680 3030 3736 bonitate
3083 3682 3289 3736 factum
3334 3691 3440 3748 est,
3476 3692 3535 3738 ut
3567 3700 3635 3739 ex
3671 3685 3757 3741 his

2173 3787 2295 3840 qua:
2362 3772 2520 3826 nobis
2578 3769 2872 3824 iamiliaria
2926 3780 3076 3836 sunt,
3135 3772 3407 3826 nominari
3478 3773 3752 3840 voluerit;

2173 3877 2241 3915 ne
2290 3861 2494 3931 alioqui
2542 3861 2664 3929 ejus
2719 3860 3055 3929 cognitionis
3099 3876 3331 3931 prorsus
3370 3873 3627 3931 expertes
3666 3882 3755 3923 es—

2172 3967 2377 4017 semus,
2412 3950 2507 4006 sed
2537 3952 2821 4006 notionem
2855 3950 3051 4020 ipsius,
3088 3952 3396 4020 quamlibet
3429 3954 3751 4021 obscuram,

2173 4046 2523 4117 haberemus.
2560 4042 2626 4096 Et
2671 4044 2916 4115 quidem,
2967 4052 3247 4114 quatenus
3310 4060 3529 4102 omnem
3576 4049 3748 4104 animi

2171 4135 2728 4206 comprehensionem
2774 4143 3036 4205 superat,
3072 4136 3287 4191 nullum
3327 4137 3377 4194 ei
3408 4152 3610 4195 nomen
3660 4156 3751 4197 as-

2173 4228 2384 4296 signari
2439 4235 2658 4297 potest:
2706 4234 2983 4296 quatenus
3038 4237 3220 4282 autem
3272 4229 3519 4285 omnium
3556 4239 3753 4287 auctor

479 4324 585 4379 est,
627 4332 923 4389 rerumque
974 4322 1222 4376 omnium
1278 4336 1478 4377 causas
1532 4329 1587 4375 et
1620 4323 1867 4377 rationes
1908 4322 1963 4376 in
1998 4336 2057 4377 se
2103 4320 2367 4381 continet,
2405 4334 2472 4373 ex
2517 4318 2775 4373 omnibus
2808 4318 2998 4383 rebus,
3034 4318 3202 4373 etiam
3256 4320 3402 4376 inter
3489 4337 3549 4379 se
3614 4338 3752 4379 con-

479 4411 692 4476 trariis,
720 4413 1057 4480 nominatur,
1094 4415 1246 4469 velut
1290 4430 1321 4470 a
1358 4416 1477 4470 luce
1521 4415 1784 4479 tenebris,
1857 4414 1925 4470 ab
1976 4430 2101 4486 igne
2142 4422 2195 4469 et
2280 4428 2464 4483 aqua;
2519 4423 2580 4466 ut
2627 4412 3034 4482 intelligamus,
3090 4412 3205 4467 hme
3254 4412 3407 4468 illum
3449 4416 3751 4473 secundum

479 4505 781 4559 essentiam
828 4520 939 4559 non
975 4521 1116 4573 esse,
1164 4508 1257 4563 sed
1331 4508 1515 4578 potius
1572 4524 1742 4578 supra
1800 4508 2097 4564 essentiam
2177 4520 2324 4570 esse,
2392 4520 2490 4560 nec
2543 4505 2660 4559 ullo
2704 4504 2927 4558 nomine
2981 4505 3243 4575 appellari
3292 4506 3513 4577 quidem
3559 4525 3755 4579 posse,

480 4605 738 4653 caeterum
790 4610 847 4654 ut
894 4601 1138 4655 omnium
1202 4617 1450 4667 causam,
1492 4620 1522 4657 a
1575 4605 1797 4660 cunctis
1846 4604 2062 4659 effectis
2102 4601 2401 4656 nominari.

549 4692 641 4743 Διὸ
663 4694 773 4745 τῶν
805 4692 967 4748 θείων
994 4696 1298 4766 ὀνομάτων,
1336 4698 1405 4751 τὰ
1441 4699 1538 4769 μὲν
1566 4699 1924 4767 ἁποφατικῶς
1970 4698 2061 4751 λέ-

481 4798 660 4849 γεται,
691 4784 959 4853 δηλοῦντα
989 4787 1050 4839 τὸ
1078 4788 1422 4859 ὐπερούσιον·
1456 4786 1568 4842 οἷον
1601 4790 1871 4853 ἁνούσιος,
1899 4790 2063 4861 ἄχρο-

480 4891 590 4941 νος,
618 4875 877 4946 ἄναρχος,
901 4878 1132 4948 ἀόρατος
1152 4896 1165 4910 ·
1199 4881 1297 4950 οὐχ
1328 4882 1409 4935 ὅτι
1435 4883 1578 4947 τινὸς
1604 4884 1784 4954 ἥττων
1824 4886 1993 4949 ἐστὶν,
2030 4887 2064 4956 ἡ

478 4983 623 5033 τινος
656 4970 945 5043 ἐστέρηται
969 4987 984 5005 ·
1023 4973 1187 5026 αὐτοῦ
1221 4975 1330 5046 γάρ
1378 4978 1495 5029 ἐστι
1546 4976 1614 5029 τά
1647 4976 1846 5041 πάντα,
1881 4979 1974 5029 καὶ
2003 4978 2061 5043 ἐξ

479 5058 643 5112 αὐτοῦ
672 5061 855 5117 καὶδϋ
888 5061 1055 5116 ἀύτοῦ
1086 5066 1297 5133 γέγονε,
1321 5066 1414 5119 καὶ
1444 5069 1500 5119 ὲν
1518 5068 1666 5138 αὐτῴ
1700 5068 2059 5137 συνέστηκεν*

480 5149 594 5202 ἀλλ’
608 5152 690 5203 ὅτι
704 5152 920 5207 πάντων
940 5154 1285 5225 ὐπεροχικῶς
1303 5158 1407 5210 τῶν
1424 5158 1593 5212 ὄντων
1612 5158 2065 5230 ὲξῄρηται.οὐδὲν

480 5240 587 5311 γὰρ
610 5242 720 5295 τῶν
731 5243 921 5309 ὄντων,
940 5245 1057 5298 ἀλλ’
1075 5246 1214 5317 ὑπὲρ
1237 5248 1411 5301 πάντα
1440 5248 1574 5301 ἐστι.
1595 5248 1675 5301 Τά
1696 5248 1751 5299 δὲ
1768 5264 2067 5315 καταφατι-

480 5331 592 5396 κῶς
624 5332 917 5405 λεγόμενα,
946 5336 1020 5400 ώς
1056 5338 1228 5390 αἰτίου
1260 5338 1367 5391 τῶν
1394 5339 1611 5393 πάντων
1648 5342 2059 5409 κατηγορεῖται.

2248 4696 2345 4750 Dei
2406 4697 2621 4749 nomina
2680 4696 2951 4763 negantia,
3003 4692 3345 4766 a/Iirmanlia.
3392 4696 3523 4763 Quae
3578 4700 3752 4767 aptius

2172 4788 2234 4842 de
2256 4787 2365 4842 Deo
2393 4788 2641 4840 dicantur
2663 4788 2897 4841 nomine.
2929 4786 3159 4851 Malunt,
3202 4788 3370 4853 nihil;
3404 4789 3619 4855 bonum,
3658 4808 3753 4845 ex-

2176 4878 2441 4943 sistentia,
2468 4893 2529 4929 ac
2548 4892 2649 4930 res.
2669 4877 2833 4929 Mista
2870 4875 2968 4929 Dei
3007 4878 3241 4930 nomina.
3280 4877 3591 4947 Afﬁrmatio
3620 4894 3757 4948 prie.

2171 4968 2407 5022 callentis
2439 4966 2730 5036 negationis
2761 4965 2863 5018 vim
2890 4965 3107 5019 habens.
3142 4995 3211 5005 --
3234 4965 3499 5032 Quocirca
3522 4982 3590 5023 ex
3615 4968 3755 5024 divi-

2173 5060 2259 5115 nis
2282 5058 2597 5115 nominibus
2627 5057 2875 5128 quaedam
2928 5073 3023 5127 per
3076 5059 3423 5129 negationem
3468 5059 3751 5128 dicuntur,

2174 5152 2375 5222 quibus
2400 5150 2696 5207 essentiam
2730 5165 2946 5206 omnem
2970 5166 3094 5206 eum
3114 5166 3375 5220 superare
3401 5151 3711 5208 declaratur
3738 5173 3753 5221 ;

2175 5246 2324 5298 velut
2370 5257 2492 5297 eum
2550 5242 2806 5298 essentiae
2863 5258 3082 5314 expers,
3147 5244 3267 5299 sine
3315 5253 3577 5313 tempore,
3638 5246 3756 5300 sine

2174 5335 2464 5407 principio,
2498 5334 2793 5389 invisibilis
2827 5332 3028 5389 dicitur
3061 5352 3073 5387 ε
3105 5350 3214 5390 non
3255 5336 3402 5407 quod
3434 5352 3491 5392 re
3522 5337 3632 5391 ulla
3672 5338 3751 5391 in-

552 5438 819 5537 “,Athan.
857 5486 1001 5533 orat.
1036 5478 1252 5535 2Com.
1288 5480 1503 5543 Arium;
1537 5480 1710 5550 Cvr-il.
1754 5479 1908 5533 Thes.
1952 5486 2151 5535 assert.
2185 5469 2269 5531 l3.
2352 5473 2391 5503 "
2421 5474 2582 5545 Grcg.
2614 5473 2747 5528 Naz.
2787 5484 2926 5531 orat.
2960 5476 3047 5531 '56.
3130 5477 3169 5508 "
3211 5476 3434 5549 Dionys.
3469 5491 3587 5546 cap.
3634 5470 3757 5528 ch

480 5537 584 5595 div.
621 5559 765 5598 nam.

1865 5637 2100 5693 VARUS
2132 5637 2539 5694 LECTIONES.

564 5728 581 5766 ¹
616 5731 679 5784 Β.
712 5731 850 5787 5109
880 5734 933 5785 αἱ
963 5733 1155 5801 φύσεις
1185 5733 1487 5801 ἄγνωστοι,
1531 5730 1664 5786 αὐτὸ
1711 5730 2038 5801 ὐπερούσιον
2102 5729 2219 5794 πῶς
2252 5729 2650 5802 γνωσθήσεται.
