  <div class='ocr_page' id='page_1' title='image "/cluster/home/n/w/nwhite01/storage/ocr_20150623/94/hvd.32044073502098/431.png"; bbox 0 0 4014 6202; ppageno 0'>
   <div class='ocr_carea' id='block_1_1' title="bbox 321 281 423 350">
    <p class='ocr_par' dir='ltr' id='par_1_1' title="bbox 321 281 423 350">
     <span class='ocr_line' id='line_1_1' title="bbox 321 281 423 350; baseline 0.01 -2"><span class='ocrx_word' id='word_1_1' title='bbox 321 281 423 350; x_wconf 64' lang='grc'><strong>851</strong></span> 
     </span>
    </p>
   </div>
   <div class='ocr_carea' id='block_1_2' title="bbox 1506 290 2382 358">
    <p class='ocr_par' dir='ltr' id='par_1_2' title="bbox 1506 290 2382 358">
     <span class='ocr_line' id='line_1_2' title="bbox 1506 290 2382 358; baseline 0.009 -8"><span class='ocrx_word' id='word_1_2' title='bbox 1506 290 1566 350; x_wconf 91' lang='lat' dir='ltr'><strong>S.</strong></span> <span class='ocrx_word' id='word_1_3' title='bbox 1601 291 1635 350; x_wconf 83' lang='grc' dir='ltr'><strong>,Ι</strong></span> <span class='ocrx_word' id='word_1_4' title='bbox 1639 291 1840 352; x_wconf 72' lang='lat' dir='ltr'><strong>OANN</strong></span> <span class='ocrx_word' id='word_1_5' title='bbox 1849 291 1920 351; x_wconf 88' lang='lat' dir='ltr'><strong>IS</strong></span> <span class='ocrx_word' id='word_1_6' title='bbox 1959 293 2382 358; x_wconf 59' lang='lat' dir='ltr'><strong>DAMASCENI</strong></span> 
     </span>
    </p>
   </div>
   <div class='ocr_carea' id='block_1_3' title="bbox 3454 299 3580 364">
    <p class='ocr_par' dir='ltr' id='par_1_3' title="bbox 3454 299 3580 364">
     <span class='ocr_line' id='line_1_3' title="bbox 3454 299 3580 364; baseline 0.016 -2"><span class='ocrx_word' id='word_1_7' title='bbox 3454 299 3580 364; x_wconf 66' lang='lat'><strong>953</strong></span> 
     </span>
    </p>
   </div>
   <div class='ocr_carea' id='block_1_4' title="bbox 325 399 1881 483">
    <p class='ocr_par' dir='ltr' id='par_1_4' title="bbox 325 399 1881 473">
     <span class='ocr_line' id='line_1_4' title="bbox 325 399 1881 473; baseline 0.007 -21"><span class='ocrx_word' id='word_1_8' title='bbox 325 410 472 458; x_wconf 65' lang='lat' dir='ltr'><strong>latus</strong></span> <span class='ocrx_word' id='word_1_9' title='bbox 510 414 602 454; x_wconf 88' lang='lat' dir='ltr'><strong>aer</strong></span> <span class='ocrx_word' id='word_1_10' title='bbox 634 399 787 455; x_wconf 89' lang='lat' dir='ltr'><strong>locus</strong></span> <span class='ocrx_word' id='word_1_11' title='bbox 824 407 908 456; x_wconf 89' lang='lat' dir='ltr'><strong>est</strong></span> <span class='ocrx_word' id='word_1_12' title='bbox 955 403 1206 473; x_wconf 83' lang='lat' dir='ltr'><strong>corporis</strong></span> <span class='ocrx_word' id='word_1_13' title='bbox 1250 404 1510 470; x_wconf 73' lang='lat' dir='ltr'><strong>contenti,</strong></span> <span class='ocrx_word' id='word_1_14' title='bbox 1576 407 1671 460; x_wconf 88' lang='lat' dir='ltr'><strong>sed</strong></span> <span class='ocrx_word' id='word_1_15' title='bbox 1706 415 1881 463; x_wconf 87' lang='lat' dir='ltr'><strong>extre-</strong></span> 
     </span>
    </p>
   </div>
   <div class='ocr_carea' id='block_1_5' title="bbox 1985 399 3574 483">
    <p class='ocr_par' dir='ltr' id='par_1_5' title="bbox 1994 409 3574 483">
     <span class='ocr_line' id='line_1_5' title="bbox 1994 409 3574 483; baseline 0.004 -23"><span class='ocrx_word' id='word_1_16' title='bbox 1994 409 2101 480; x_wconf 77' lang='grc' dir='ltr'><strong>ἀὴρ</strong></span> <span class='ocrx_word' id='word_1_17' title='bbox 2132 411 2295 473; x_wconf 84' lang='grc' dir='ltr'>τόπος</span> <span class='ocrx_word' id='word_1_18' title='bbox 2329 412 2446 464; x_wconf 65' lang='grc' dir='ltr'>ἐστὶ</span> <span class='ocrx_word' id='word_1_19' title='bbox 2473 411 2566 464; x_wconf 88' lang='grc' dir='ltr'><strong>τοῦ</strong></span> <span class='ocrx_word' id='word_1_20' title='bbox 2595 411 2984 483; x_wconf 84' lang='grc' dir='ltr'>περιεχομένου</span> <span class='ocrx_word' id='word_1_21' title='bbox 3017 411 3267 481; x_wconf 82' lang='grc' dir='ltr'>σώματος</span> <span class='ocrx_word' id='word_1_22' title='bbox 3291 451 3307 475; x_wconf 96' lang='grc'><strong>,</strong></span> <span class='ocrx_word' id='word_1_23' title='bbox 3330 411 3469 466; x_wconf 85' lang='grc' dir='ltr'><strong>ἀλλά</strong></span> <span class='ocrx_word' id='word_1_24' title='bbox 3499 413 3574 466; x_wconf 75' lang='grc' dir='ltr'>τὸ</span> 
     </span>
    </p>
   </div>
   <div class='ocr_carea' id='block_1_6' title="bbox 323 490 1891 568">
    <p class='ocr_par' dir='ltr' id='par_1_6' title="bbox 323 490 1891 568">
     <span class='ocr_line' id='line_1_6' title="bbox 323 490 1891 568; baseline 0.006 -22"><span class='ocrx_word' id='word_1_25' title='bbox 323 491 486 546; x_wconf 86' lang='lat' dir='ltr'><strong>mitas</strong></span> <span class='ocrx_word' id='word_1_26' title='bbox 509 490 777 546; x_wconf 82' lang='lat' dir='ltr'><strong>duntaxat</strong></span> <span class='ocrx_word' id='word_1_27' title='bbox 803 494 1116 560; x_wconf 74' lang='lat' dir='ltr'><strong>ambientis,</strong></span> <span class='ocrx_word' id='word_1_28' title='bbox 1149 511 1267 565; x_wconf 70' lang='lat' dir='ltr'><strong>qua:</strong></span> <span class='ocrx_word' id='word_1_29' title='bbox 1297 504 1471 550; x_wconf 91' lang='lat' dir='ltr'><strong>totum</strong></span> <span class='ocrx_word' id='word_1_30' title='bbox 1497 512 1696 568; x_wconf 88' lang='lat' dir='ltr'><strong>corpus</strong></span> <span class='ocrx_word' id='word_1_31' title='bbox 1725 502 1891 556; x_wconf 89' lang='lat' dir='ltr'><strong>attin-</strong></span> 
     </span>
    </p>
   </div>
   <div class='ocr_carea' id='block_1_7' title="bbox 322 579 1889 655">
    <p class='ocr_par' dir='ltr' id='par_1_7' title="bbox 322 579 1889 655">
     <span class='ocr_line' id='line_1_7' title="bbox 322 579 1889 655; baseline 0.013 -26"><span class='ocrx_word' id='word_1_32' title='bbox 322 580 418 647; x_wconf 93' lang='lat' dir='ltr'><strong>git.</strong></span> <span class='ocrx_word' id='word_1_33' title='bbox 459 579 550 633; x_wconf 90' lang='lat' dir='ltr'><strong>Sic</strong></span> <span class='ocrx_word' id='word_1_34' title='bbox 580 581 763 650; x_wconf 88' lang='lat' dir='ltr'><strong>plane,</strong></span> <span class='ocrx_word' id='word_1_35' title='bbox 793 583 922 652; x_wconf 88' lang='lat' dir='ltr'><strong>quia</strong></span> <span class='ocrx_word' id='word_1_36' title='bbox 953 584 1005 638; x_wconf 87' lang='lat' dir='ltr'><strong>id</strong></span> <span class='ocrx_word' id='word_1_37' title='bbox 1027 586 1172 655; x_wconf 91' lang='lat' dir='ltr'><strong>quod</strong></span> <span class='ocrx_word' id='word_1_38' title='bbox 1195 586 1466 650; x_wconf 85' lang='lat' dir='ltr'><strong>continet,</strong></span> <span class='ocrx_word' id='word_1_39' title='bbox 1499 604 1608 644; x_wconf 90' lang='lat' dir='ltr'><strong>non</strong></span> <span class='ocrx_word' id='word_1_40' title='bbox 1635 600 1718 647; x_wconf 89' lang='lat' dir='ltr'><strong>est</strong></span> <span class='ocrx_word' id='word_1_41' title='bbox 1738 593 1792 646; x_wconf 93' lang='lat' dir='ltr'><strong>in</strong></span> <span class='ocrx_word' id='word_1_42' title='bbox 1823 608 1889 649; x_wconf 90' lang='lat' dir='ltr'><strong>eo</strong></span> 
     </span>
    </p>
   </div>
   <div class='ocr_carea' id='block_1_8' title="bbox 323 669 834 737">
    <p class='ocr_par' dir='ltr' id='par_1_8' title="bbox 323 669 834 737">
     <span class='ocr_line' id='line_1_8' title="bbox 323 669 834 737; baseline 0.01 -16"><span class='ocrx_word' id='word_1_43' title='bbox 323 669 467 737; x_wconf 87' lang='lat' dir='ltr'><strong>quod</strong></span> <span class='ocrx_word' id='word_1_44' title='bbox 500 671 834 726; x_wconf 82' lang='lat' dir='ltr'><strong>continetur.</strong></span> 
     </span>
    </p>
   </div>
   <div class='ocr_carea' id='block_1_9' title="bbox 391 756 1887 834">
    <p class='ocr_par' dir='ltr' id='par_1_9' title="bbox 391 756 1887 834">
     <span class='ocr_line' id='line_1_9' title="bbox 391 756 1887 834; baseline 0.017 -25"><span class='ocrx_word' id='word_1_45' title='bbox 391 756 564 812; x_wconf 80' lang='lat' dir='ltr'><strong>Locus</strong></span> <span class='ocrx_word' id='word_1_46' title='bbox 587 761 906 828; x_wconf 84' lang='lat' dir='ltr'><strong>spiritualis.</strong></span> <span class='ocrx_word' id='word_1_47' title='bbox 948 765 1082 822; x_wconf 85' lang='lat' dir='ltr'><strong>Deus</strong></span> <span class='ocrx_word' id='word_1_48' title='bbox 1109 770 1292 825; x_wconf 83' lang='lat' dir='ltr'><strong>inloco</strong></span> <span class='ocrx_word' id='word_1_49' title='bbox 1326 789 1427 828; x_wconf 82' lang='lat' dir='ltr'><strong>non</strong></span> <span class='ocrx_word' id='word_1_50' title='bbox 1465 783 1561 829; x_wconf 78' lang='lat' dir='ltr'><strong>est.</strong></span> <span class='ocrx_word' id='word_1_51' title='bbox 1602 775 1700 829; x_wconf 81' lang='lat' dir='ltr'><strong>Dei</strong></span> <span class='ocrx_word' id='word_1_52' title='bbox 1743 777 1887 834; x_wconf 82' lang='lat' dir='ltr'><strong>locus</strong></span> 
     </span>
    </p>
   </div>
   <div class='ocr_carea' id='block_1_10' title="bbox 325 849 1884 936">
    <p class='ocr_par' dir='ltr' id='par_1_10' title="bbox 325 849 1884 936">
     <span class='ocr_line' id='line_1_10' title="bbox 325 849 1884 936; baseline 0.017 -37"><span class='ocrx_word' id='word_1_53' title='bbox 325 849 693 916; x_wconf 81' lang='lat' dir='ltr'><strong>metaphorice.</strong></span> <span class='ocrx_word' id='word_1_54' title='bbox 718 883 787 894; x_wconf 92' lang='lat'><strong>—</strong></span> <span class='ocrx_word' id='word_1_55' title='bbox 815 854 911 911; x_wconf 86' lang='lat' dir='ltr'><strong>Est</strong></span> <span class='ocrx_word' id='word_1_56' title='bbox 935 865 1116 914; x_wconf 91' lang='lat' dir='ltr'><strong>autem</strong></span> <span class='ocrx_word' id='word_1_57' title='bbox 1169 863 1334 917; x_wconf 89' lang='lat' dir='ltr'><strong>etiam</strong></span> <span class='ocrx_word' id='word_1_58' title='bbox 1365 865 1667 933; x_wconf 91' lang='lat' dir='ltr'><strong>spiritualis</strong></span> <span class='ocrx_word' id='word_1_59' title='bbox 1707 870 1884 936; x_wconf 88' lang='lat' dir='ltr'><strong>locus,</strong></span> 
     </span>
    </p>
   </div>
   <div class='ocr_carea' id='block_1_11' title="bbox 324 937 1890 1018">
    <p class='ocr_par' dir='ltr' id='par_1_11' title="bbox 324 937 1890 1018">
     <span class='ocr_line' id='line_1_11' title="bbox 324 937 1890 1018; baseline 0.016 -27"><span class='ocrx_word' id='word_1_60' title='bbox 324 937 417 993; x_wconf 89' lang='lat' dir='ltr'><strong>ubi</strong></span> <span class='ocrx_word' id='word_1_61' title='bbox 453 941 776 1014; x_wconf 78' lang='lat' dir='ltr'><strong>intelligitur</strong></span> <span class='ocrx_word' id='word_1_62' title='bbox 820 954 873 1001; x_wconf 93' lang='lat' dir='ltr'><strong>et</strong></span> <span class='ocrx_word' id='word_1_63' title='bbox 899 949 1118 1006; x_wconf 77' lang='lat' dir='ltr'><strong>exsistit</strong></span> <span class='ocrx_word' id='word_1_64' title='bbox 1161 953 1544 1012; x_wconf 86' lang='lat' dir='ltr'><strong>intellectualis</strong></span> <span class='ocrx_word' id='word_1_65' title='bbox 1603 969 1795 1016; x_wconf 87' lang='lat' dir='ltr'><strong>natura</strong></span> <span class='ocrx_word' id='word_1_66' title='bbox 1835 975 1890 1018; x_wconf 88' lang='lat' dir='ltr'><strong>et</strong></span> 
     </span>
    </p>
   </div>
   <div class='ocr_carea' id='block_1_12' title="bbox 325 1029 1889 1120">
    <p class='ocr_par' dir='ltr' id='par_1_12' title="bbox 325 1029 1889 1120">
     <span class='ocr_line' id='line_1_12' title="bbox 325 1029 1889 1120; baseline 0.017 -39"><span class='ocrx_word' id='word_1_67' title='bbox 325 1029 645 1099; x_wconf 88' lang='lat' dir='ltr'><strong>incorporea</strong></span> <span class='ocrx_word' id='word_1_68' title='bbox 675 1052 690 1098; x_wconf 87' lang='lat'><strong>;</strong></span> <span class='ocrx_word' id='word_1_69' title='bbox 723 1035 815 1090; x_wconf 92' lang='lat' dir='ltr'><strong>ubi</strong></span> <span class='ocrx_word' id='word_1_70' title='bbox 845 1038 1103 1094; x_wconf 90' lang='lat' dir='ltr'><strong>nimirum</strong></span> <span class='ocrx_word' id='word_1_71' title='bbox 1133 1044 1381 1112; x_wconf 84' lang='lat' dir='ltr'><strong>praebens</strong></span> <span class='ocrx_word' id='word_1_72' title='bbox 1409 1057 1494 1104; x_wconf 87' lang='lat' dir='ltr'><strong>est</strong></span> <span class='ocrx_word' id='word_1_73' title='bbox 1533 1059 1586 1104; x_wconf 90' lang='lat' dir='ltr'><strong>et</strong></span> <span class='ocrx_word' id='word_1_74' title='bbox 1611 1052 1722 1120; x_wconf 85' lang='lat' dir='ltr'><strong>agit</strong></span> <span class='ocrx_word' id='word_1_75' title='bbox 1749 1070 1764 1116; x_wconf 86' lang='lat'><strong>;</strong></span> <span class='ocrx_word' id='word_1_76' title='bbox 1790 1069 1889 1108; x_wconf 91' lang='lat' dir='ltr'><strong>nec</strong></span> 
     </span>
    </p>
   </div>
   <div class='ocr_carea' id='block_1_13' title="bbox 322 1127 1886 1208">
    <p class='ocr_par' dir='ltr' id='par_1_13' title="bbox 322 1127 1886 1208">
     <span class='ocr_line' id='line_1_13' title="bbox 322 1127 1886 1208; baseline 0.015 -34"><span class='ocrx_word' id='word_1_77' title='bbox 322 1135 587 1190; x_wconf 89' lang='lat' dir='ltr'><strong>corporeo</strong></span> <span class='ocrx_word' id='word_1_78' title='bbox 628 1127 791 1181; x_wconf 90' lang='lat' dir='ltr'><strong>modo</strong></span> <span class='ocrx_word' id='word_1_79' title='bbox 841 1131 1193 1198; x_wconf 89' lang='lat' dir='ltr'><strong>continetur,</strong></span> <span class='ocrx_word' id='word_1_80' title='bbox 1259 1138 1354 1192; x_wconf 88' lang='lat' dir='ltr'><strong>sed</strong></span> <span class='ocrx_word' id='word_1_81' title='bbox 1414 1139 1704 1208; x_wconf 89' lang='lat' dir='ltr'><strong>spirituali.</strong></span> <span class='ocrx_word' id='word_1_82' title='bbox 1768 1141 1886 1198; x_wconf 81' lang='lat' dir='ltr'><strong>Non</strong></span> 
     </span>
    </p>
   </div>
   <div class='ocr_carea' id='block_1_14' title="bbox 321 1209 1887 1292">
    <p class='ocr_par' dir='ltr' id='par_1_14' title="bbox 321 1209 1887 1292">
     <span class='ocr_line' id='line_1_14' title="bbox 321 1209 1887 1292; baseline 0.017 -32"><span class='ocrx_word' id='word_1_83' title='bbox 321 1209 462 1262; x_wconf 89' lang='lat' dir='ltr'><strong>enim</strong></span> <span class='ocrx_word' id='word_1_84' title='bbox 491 1209 714 1280; x_wconf 84' lang='lat' dir='ltr'><strong>ﬁguram</strong></span> <span class='ocrx_word' id='word_1_85' title='bbox 742 1215 924 1282; x_wconf 84' lang='lat' dir='ltr'><strong>habet,</strong></span> <span class='ocrx_word' id='word_1_86' title='bbox 952 1235 1056 1285; x_wconf 85' lang='lat' dir='ltr'><strong>qua</strong></span> <span class='ocrx_word' id='word_1_87' title='bbox 1081 1238 1370 1292; x_wconf 92' lang='lat' dir='ltr'><strong>corporum</strong></span> <span class='ocrx_word' id='word_1_88' title='bbox 1406 1242 1559 1284; x_wconf 90' lang='lat' dir='ltr'><strong>more</strong></span> <span class='ocrx_word' id='word_1_89' title='bbox 1608 1231 1887 1287; x_wconf 86' lang='lat' dir='ltr'><strong>continea-</strong></span> 
     </span>
    </p>
   </div>
   <div class='ocr_carea' id='block_1_15' title="bbox 323 1298 1888 1390">
    <p class='ocr_par' dir='ltr' id='par_1_15' title="bbox 323 1298 1888 1390">
     <span class='ocr_line' id='line_1_15' title="bbox 323 1298 1888 1390; baseline 0.018 -40"><span class='ocrx_word' id='word_1_90' title='bbox 323 1307 428 1390; x_wconf 80' lang='lat' dir='ltr'><strong>tur.</strong></span> <span class='ocrx_word' id='word_1_91' title='bbox 460 1298 527 1354; x_wconf 84' lang='lat' dir='ltr'><strong>Et</strong></span> <span class='ocrx_word' id='word_1_92' title='bbox 554 1303 772 1372; x_wconf 88' lang='lat' dir='ltr'><strong>quidem</strong></span> <span class='ocrx_word' id='word_1_93' title='bbox 807 1305 969 1373; x_wconf 90' lang='lat' dir='ltr'><strong>Deus,</strong></span> <span class='ocrx_word' id='word_1_94' title='bbox 1003 1319 1060 1364; x_wconf 91' lang='lat' dir='ltr'><strong>ut</strong></span> <span class='ocrx_word' id='word_1_95' title='bbox 1087 1314 1459 1380; x_wconf 70' lang='lat' dir='ltr'><strong>quLmaterise</strong></span> <span class='ocrx_word' id='word_1_96' title='bbox 1487 1334 1682 1390; x_wconf 88' lang='lat' dir='ltr'><strong>expers</strong></span> <span class='ocrx_word' id='word_1_97' title='bbox 1715 1323 1806 1388; x_wconf 91' lang='lat' dir='ltr'><strong>sit,</strong></span> <span class='ocrx_word' id='word_1_98' title='bbox 1834 1333 1888 1378; x_wconf 91' lang='lat' dir='ltr'><strong>et</strong></span> 
     </span>
    </p>
   </div>
   <div class='ocr_carea' id='block_1_16' title="bbox 324 1394 1882 1478">
    <p class='ocr_par' dir='ltr' id='par_1_16' title="bbox 324 1394 1882 1478">
     <span class='ocr_line' id='line_1_16' title="bbox 324 1394 1882 1478; baseline 0.017 -36"><span class='ocrx_word' id='word_1_99' title='bbox 324 1394 848 1464; x_wconf 81' lang='lat' dir='ltr'><strong>incircumscriptus,</strong></span> <span class='ocrx_word' id='word_1_100' title='bbox 893 1399 946 1452; x_wconf 90' lang='lat' dir='ltr'><strong>in</strong></span> <span class='ocrx_word' id='word_1_101' title='bbox 1005 1403 1121 1457; x_wconf 86' lang='lat' dir='ltr'><strong>loco</strong></span> <span class='ocrx_word' id='word_1_102' title='bbox 1156 1418 1396 1463; x_wconf 89' lang='lat' dir='ltr'><strong>nonest.</strong></span> <span class='ocrx_word' id='word_1_103' title='bbox 1434 1407 1552 1478; x_wconf 89' lang='lat' dir='ltr'><strong>lpse</strong></span> <span class='ocrx_word' id='word_1_104' title='bbox 1599 1413 1744 1466; x_wconf 91' lang='lat' dir='ltr'><strong>enim</strong></span> <span class='ocrx_word' id='word_1_105' title='bbox 1798 1417 1882 1468; x_wconf 89' lang='lat' dir='ltr'><strong>sui</strong></span> 
     </span>
    </p>
   </div>
   <div class='ocr_carea' id='block_1_17' title="bbox 324 1482 1885 1572">
    <p class='ocr_par' dir='ltr' id='par_1_17' title="bbox 324 1482 1885 1572">
     <span class='ocr_line' id='line_1_17' title="bbox 324 1482 1885 1572; baseline 0.019 -38"><span class='ocrx_word' id='word_1_106' title='bbox 324 1482 497 1551; x_wconf 88' lang='lat' dir='ltr'><strong>ipsius</strong></span> <span class='ocrx_word' id='word_1_107' title='bbox 526 1484 680 1541; x_wconf 90' lang='lat' dir='ltr'><strong>locus</strong></span> <span class='ocrx_word' id='word_1_108' title='bbox 712 1495 819 1549; x_wconf 90' lang='lat' dir='ltr'><strong>est,</strong></span> <span class='ocrx_word' id='word_1_109' title='bbox 845 1492 1026 1546; x_wconf 88' lang='lat' dir='ltr'><strong>omnia</strong></span> <span class='ocrx_word' id='word_1_110' title='bbox 1081 1495 1331 1566; x_wconf 88' lang='lat' dir='ltr'><strong>implens,</strong></span> <span class='ocrx_word' id='word_1_111' title='bbox 1365 1514 1427 1556; x_wconf 87' lang='lat' dir='ltr'><strong>ac</strong></span> <span class='ocrx_word' id='word_1_112' title='bbox 1486 1517 1653 1572; x_wconf 84' lang='lat' dir='ltr'><strong>super</strong></span> <span class='ocrx_word' id='word_1_113' title='bbox 1703 1507 1885 1561; x_wconf 88' lang='lat' dir='ltr'><strong>omnia</strong></span> 
     </span>
    </p>
   </div>
   <div class='ocr_carea' id='block_1_18' title="bbox 321 1577 1885 1658">
    <p class='ocr_par' dir='ltr' id='par_1_18' title="bbox 321 1577 1885 1658">
     <span class='ocr_line' id='line_1_18' title="bbox 321 1577 1885 1658; baseline 0.015 -30"><span class='ocrx_word' id='word_1_114' title='bbox 321 1577 616 1643; x_wconf 86' lang='lat' dir='ltr'><strong>exsistens,</strong></span> <span class='ocrx_word' id='word_1_115' title='bbox 640 1581 932 1652; x_wconf 83' lang='lat' dir='ltr'><strong>omniaque</strong></span> <span class='ocrx_word' id='word_1_116' title='bbox 973 1585 1090 1654; x_wconf 90' lang='lat' dir='ltr'><strong>ipse</strong></span> <span class='ocrx_word' id='word_1_117' title='bbox 1119 1589 1484 1658; x_wconf 83' lang='lat' dir='ltr'><strong>complectens</strong></span> <span class='ocrx_word' id='word_1_118' title='bbox 1511 1596 1576 1646; x_wconf 86' lang='grc'><strong>²².</strong></span> <span class='ocrx_word' id='word_1_119' title='bbox 1633 1597 1885 1651; x_wconf 85' lang='lat' dir='ltr'><strong>Attamen</strong></span> 
     </span>
    </p>
   </div>
   <div class='ocr_carea' id='block_1_19' title="bbox 322 1669 1882 1754">
    <p class='ocr_par' dir='ltr' id='par_1_19' title="bbox 322 1669 1882 1754">
     <span class='ocr_line' id='line_1_19' title="bbox 322 1669 1882 1754; baseline 0.015 -33"><span class='ocrx_word' id='word_1_120' title='bbox 322 1669 374 1722; x_wconf 90' lang='lat' dir='ltr'><strong>in</strong></span> <span class='ocrx_word' id='word_1_121' title='bbox 407 1671 526 1726; x_wconf 87' lang='lat' dir='ltr'><strong>loco</strong></span> <span class='ocrx_word' id='word_1_122' title='bbox 553 1687 675 1728; x_wconf 88' lang='lat' dir='ltr'><strong>esse</strong></span> <span class='ocrx_word' id='word_1_123' title='bbox 712 1674 938 1744; x_wconf 89' lang='lat' dir='ltr'><strong>dicitur,</strong></span> <span class='ocrx_word' id='word_1_124' title='bbox 998 1679 1201 1754; x_wconf 82' lang='lat' dir='ltr'><strong>Deique</strong></span> <span class='ocrx_word' id='word_1_125' title='bbox 1235 1685 1542 1754; x_wconf 83' lang='lat' dir='ltr'><strong>appellatur</strong></span> <span class='ocrx_word' id='word_1_126' title='bbox 1573 1687 1748 1754; x_wconf 84' lang='lat' dir='ltr'><strong>locus,</strong></span> <span class='ocrx_word' id='word_1_127' title='bbox 1793 1691 1882 1744; x_wconf 91' lang='lat' dir='ltr'><strong>ubi</strong></span> 
     </span>
    </p>
   </div>
   <div class='ocr_carea' id='block_1_20' title="bbox 319 1761 1881 1848">
    <p class='ocr_par' dir='ltr' id='par_1_20' title="bbox 319 1761 1881 1848">
     <span class='ocr_line' id='line_1_20' title="bbox 319 1761 1881 1848; baseline 0.012 -32"><span class='ocrx_word' id='word_1_128' title='bbox 319 1761 438 1832; x_wconf 85' lang='lat' dir='ltr'><strong>ejus</strong></span> <span class='ocrx_word' id='word_1_129' title='bbox 463 1767 637 1823; x_wconf 85' lang='lat' dir='ltr'><strong>virtus</strong></span> <span class='ocrx_word' id='word_1_130' title='bbox 669 1775 724 1825; x_wconf 92' lang='lat' dir='ltr'><strong>et</strong></span> <span class='ocrx_word' id='word_1_131' title='bbox 745 1773 986 1840; x_wconf 87' lang='lat' dir='ltr'><strong>operatio</strong></span> <span class='ocrx_word' id='word_1_132' title='bbox 1017 1775 1303 1831; x_wconf 82' lang='lat' dir='ltr'><strong>manifesta</strong></span> <span class='ocrx_word' id='word_1_133' title='bbox 1359 1788 1509 1834; x_wconf 92' lang='lat' dir='ltr'><strong>sunt.</strong></span> <span class='ocrx_word' id='word_1_134' title='bbox 1566 1777 1685 1848; x_wconf 80' lang='lat' dir='ltr'><strong>ipse</strong></span> <span class='ocrx_word' id='word_1_135' title='bbox 1737 1781 1881 1836; x_wconf 91' lang='lat' dir='ltr'><strong>enim</strong></span> 
     </span>
    </p>
   </div>
   <div class='ocr_carea' id='block_1_21' title="bbox 317 1853 1891 1937">
    <p class='ocr_par' dir='ltr' id='par_1_21' title="bbox 317 1853 1891 1937">
     <span class='ocr_line' id='line_1_21' title="bbox 317 1853 1891 1937; baseline 0.013 -31"><span class='ocrx_word' id='word_1_136' title='bbox 317 1853 455 1908; x_wconf 89' lang='lat' dir='ltr'><strong>citra</strong></span> <span class='ocrx_word' id='word_1_137' title='bbox 487 1856 653 1912; x_wconf 90' lang='lat' dir='ltr'><strong>ullam</strong></span> <span class='ocrx_word' id='word_1_138' title='bbox 688 1862 1097 1928; x_wconf 89' lang='lat' dir='ltr'><strong>permistioncm</strong></span> <span class='ocrx_word' id='word_1_139' title='bbox 1153 1868 1336 1921; x_wconf 88' lang='lat' dir='ltr'><strong>omnia</strong></span> <span class='ocrx_word' id='word_1_140' title='bbox 1392 1876 1654 1937; x_wconf 84' lang='lat' dir='ltr'><strong>permeat,</strong></span> <span class='ocrx_word' id='word_1_141' title='bbox 1691 1867 1891 1926; x_wconf 52' lang='lat' dir='ltr'><strong>rebus?</strong></span> 
     </span>
    </p>
   </div>
   <div class='ocr_carea' id='block_1_22' title="bbox 318 1948 1885 2029">
    <p class='ocr_par' dir='ltr' id='par_1_22' title="bbox 318 1948 1885 2029">
     <span class='ocr_line' id='line_1_22' title="bbox 318 1948 1885 2029; baseline 0.011 -31"><span class='ocrx_word' id='word_1_142' title='bbox 318 1961 423 2015; x_wconf 89' lang='lat' dir='ltr'><strong>que</strong></span> <span class='ocrx_word' id='word_1_143' title='bbox 439 1948 694 2004; x_wconf 88' lang='lat' dir='ltr'><strong>omnibus</strong></span> <span class='ocrx_word' id='word_1_144' title='bbox 714 1953 1085 2021; x_wconf 84' lang='lat' dir='ltr'><strong>operationem</strong></span> <span class='ocrx_word' id='word_1_145' title='bbox 1109 1970 1262 2010; x_wconf 89' lang='lat' dir='ltr'><strong>suam</strong></span> <span class='ocrx_word' id='word_1_146' title='bbox 1291 1956 1554 2026; x_wconf 87' lang='lat' dir='ltr'><strong>impertit,</strong></span> <span class='ocrx_word' id='word_1_147' title='bbox 1577 1974 1676 2029; x_wconf 93' lang='lat' dir='ltr'><strong>pro</strong></span> <span class='ocrx_word' id='word_1_148' title='bbox 1699 1961 1885 2017; x_wconf 89' lang='lat' dir='ltr'><strong>unius-</strong></span> 
     </span>
    </p>
   </div>
   <div class='ocr_carea' id='block_1_23' title="bbox 315 2039 1881 2118">
    <p class='ocr_par' dir='ltr' id='par_1_23' title="bbox 315 2039 1881 2118">
     <span class='ocr_line' id='line_1_23' title="bbox 315 2039 1881 2118; baseline 0.01 -26"><span class='ocrx_word' id='word_1_149' title='bbox 315 2039 582 2110; x_wconf 86' lang='lat' dir='ltr'><strong>cujusque</strong></span> <span class='ocrx_word' id='word_1_150' title='bbox 609 2043 913 2111; x_wconf 89' lang='lat' dir='ltr'><strong>aptitudine</strong></span> <span class='ocrx_word' id='word_1_151' title='bbox 943 2060 1006 2100; x_wconf 93' lang='lat' dir='ltr'><strong>ac</strong></span> <span class='ocrx_word' id='word_1_152' title='bbox 1043 2048 1378 2117; x_wconf 84' lang='lat' dir='ltr'><strong>suscipiendi</strong></span> <span class='ocrx_word' id='word_1_153' title='bbox 1413 2048 1674 2106; x_wconf 79' lang='lat' dir='ltr'><strong>facultate</strong></span> <span class='ocrx_word' id='word_1_154' title='bbox 1709 2070 1724 2118; x_wconf 91' lang='lat'><strong>;</strong></span> <span class='ocrx_word' id='word_1_155' title='bbox 1778 2052 1881 2107; x_wconf 87' lang='lat' dir='ltr'><strong>hoc</strong></span> 
     </span>
    </p>
   </div>
   <div class='ocr_carea' id='block_1_24' title="bbox 313 2136 1880 2208">
    <p class='ocr_par' dir='ltr' id='par_1_24' title="bbox 313 2136 1880 2208">
     <span class='ocr_line' id='line_1_24' title="bbox 313 2136 1880 2208; baseline 0.007 -23"><span class='ocrx_word' id='word_1_156' title='bbox 313 2139 400 2186; x_wconf 91' lang='lat' dir='ltr'><strong>est</strong></span> <span class='ocrx_word' id='word_1_157' title='bbox 427 2139 538 2187; x_wconf 92' lang='lat' dir='ltr'><strong>tum</strong></span> <span class='ocrx_word' id='word_1_158' title='bbox 569 2136 828 2202; x_wconf 88' lang='lat' dir='ltr'><strong>naturali,</strong></span> <span class='ocrx_word' id='word_1_159' title='bbox 859 2147 972 2190; x_wconf 91' lang='lat' dir='ltr'><strong>tum</strong></span> <span class='ocrx_word' id='word_1_160' title='bbox 998 2139 1304 2192; x_wconf 90' lang='lat' dir='ltr'><strong>voluntaria</strong></span> <span class='ocrx_word' id='word_1_161' title='bbox 1355 2139 1604 2208; x_wconf 87' lang='lat' dir='ltr'><strong>puritate.</strong></span> <span class='ocrx_word' id='word_1_162' title='bbox 1655 2141 1880 2196; x_wconf 86' lang='lat' dir='ltr'><strong>Puriora</strong></span> 
     </span>
    </p>
   </div>
   <div class='ocr_carea' id='block_1_25' title="bbox 315 2224 1880 2302">
    <p class='ocr_par' dir='ltr' id='par_1_25' title="bbox 315 2224 1880 2302">
     <span class='ocr_line' id='line_1_25' title="bbox 315 2224 1880 2302; baseline 0.006 -24"><span class='ocrx_word' id='word_1_163' title='bbox 315 2224 583 2293; x_wconf 85' lang='lat' dir='ltr'><strong>siquidem</strong></span> <span class='ocrx_word' id='word_1_164' title='bbox 626 2236 779 2293; x_wconf 87' lang='lat' dir='ltr'><strong>sunt,</strong></span> <span class='ocrx_word' id='word_1_165' title='bbox 809 2243 929 2298; x_wconf 62' lang='lat' dir='ltr'><strong>quae</strong></span> <span class='ocrx_word' id='word_1_166' title='bbox 991 2231 1226 2285; x_wconf 74' lang='lat' dir='ltr'><strong>materia:</strong></span> <span class='ocrx_word' id='word_1_167' title='bbox 1260 2231 1514 2288; x_wconf 88' lang='lat' dir='ltr'><strong>immersa</strong></span> <span class='ocrx_word' id='word_1_168' title='bbox 1564 2249 1672 2288; x_wconf 89' lang='lat' dir='ltr'><strong>non</strong></span> <span class='ocrx_word' id='word_1_169' title='bbox 1728 2245 1880 2302; x_wconf 89' lang='lat' dir='ltr'><strong>sunt,</strong></span> 
     </span>
    </p>
   </div>
   <div class='ocr_carea' id='block_1_26' title="bbox 315 2316 1878 2393">
    <p class='ocr_par' dir='ltr' id='par_1_26' title="bbox 315 2316 1878 2393">
     <span class='ocr_line' id='line_1_26' title="bbox 315 2316 1878 2393; baseline 0.008 -27"><span class='ocrx_word' id='word_1_170' title='bbox 315 2328 484 2383; x_wconf 92' lang='lat' dir='ltr'><strong>quam</strong></span> <span class='ocrx_word' id='word_1_171' title='bbox 517 2316 825 2370; x_wconf 89' lang='lat' dir='ltr'><strong>materialia</strong></span> <span class='ocrx_word' id='word_1_172' title='bbox 861 2333 875 2382; x_wconf 92' lang='lat'><strong>;</strong></span> <span class='ocrx_word' id='word_1_173' title='bbox 911 2324 965 2372; x_wconf 88' lang='lat' dir='ltr'><strong>et</strong></span> <span class='ocrx_word' id='word_1_174' title='bbox 996 2319 1166 2387; x_wconf 90' lang='lat' dir='ltr'><strong>proba</strong></span> <span class='ocrx_word' id='word_1_175' title='bbox 1213 2327 1378 2389; x_wconf 89' lang='lat' dir='ltr'><strong>atque</strong></span> <span class='ocrx_word' id='word_1_176' title='bbox 1433 2321 1684 2388; x_wconf 84' lang='lat' dir='ltr'><strong>honesta,</strong></span> <span class='ocrx_word' id='word_1_177' title='bbox 1716 2338 1878 2393; x_wconf 87' lang='lat' dir='ltr'><strong>quam</strong></span> 
     </span>
    </p>
   </div>
   <div class='ocr_carea' id='block_1_27' title="bbox 313 2408 1880 2482">
    <p class='ocr_par' dir='ltr' id='par_1_27' title="bbox 313 2408 1880 2482">
     <span class='ocr_line' id='line_1_27' title="bbox 313 2408 1880 2482; baseline 0.01 -25"><span class='ocrx_word' id='word_1_178' title='bbox 313 2420 477 2474; x_wconf 89' lang='lat' dir='ltr'><strong>prava</strong></span> <span class='ocrx_word' id='word_1_179' title='bbox 512 2414 566 2462; x_wconf 88' lang='lat' dir='ltr'><strong>et</strong></span> <span class='ocrx_word' id='word_1_180' title='bbox 600 2421 728 2461; x_wconf 92' lang='lat' dir='ltr'><strong>cum</strong></span> <span class='ocrx_word' id='word_1_181' title='bbox 758 2408 962 2462; x_wconf 90' lang='lat' dir='ltr'><strong>malitia</strong></span> <span class='ocrx_word' id='word_1_182' title='bbox 991 2409 1304 2478; x_wconf 82' lang='lat' dir='ltr'><strong>conjuncta.</strong></span> <span class='ocrx_word' id='word_1_183' title='bbox 1342 2411 1482 2482; x_wconf 84' lang='lat' dir='ltr'><strong>Ergo</strong></span> <span class='ocrx_word' id='word_1_184' title='bbox 1527 2412 1620 2470; x_wconf 88' lang='lat' dir='ltr'><strong>Dei</strong></span> <span class='ocrx_word' id='word_1_185' title='bbox 1656 2415 1809 2472; x_wconf 90' lang='lat' dir='ltr'><strong>locus</strong></span> <span class='ocrx_word' id='word_1_186' title='bbox 1834 2419 1880 2472; x_wconf 91' lang='lat' dir='ltr'><strong>is</strong></span> 
     </span>
    </p>
   </div>
   <div class='ocr_carea' id='block_1_28' title="bbox 311 2495 1880 2577">
    <p class='ocr_par' dir='ltr' id='par_1_28' title="bbox 311 2495 1880 2577">
     <span class='ocr_line' id='line_1_28' title="bbox 311 2495 1880 2577; baseline 0.01 -29"><span class='ocrx_word' id='word_1_187' title='bbox 311 2495 534 2562; x_wconf 88' lang='lat' dir='ltr'><strong>dicitur,</strong></span> <span class='ocrx_word' id='word_1_188' title='bbox 583 2499 674 2567; x_wconf 90' lang='lat' dir='ltr'><strong>qui</strong></span> <span class='ocrx_word' id='word_1_189' title='bbox 715 2499 990 2556; x_wconf 86' lang='lat' dir='ltr'><strong>uberioris</strong></span> <span class='ocrx_word' id='word_1_190' title='bbox 1048 2501 1219 2570; x_wconf 88' lang='lat' dir='ltr'><strong>ipsius</strong></span> <span class='ocrx_word' id='word_1_191' title='bbox 1245 2504 1582 2572; x_wconf 88' lang='lat' dir='ltr'><strong>operationis</strong></span> <span class='ocrx_word' id='word_1_192' title='bbox 1609 2515 1664 2560; x_wconf 91' lang='lat' dir='ltr'><strong>et</strong></span> <span class='ocrx_word' id='word_1_193' title='bbox 1691 2509 1880 2577; x_wconf 69' lang='lat' dir='ltr'><strong>gratire</strong></span> 
     </span>
    </p>
   </div>
   <div class='ocr_carea' id='block_1_29' title="bbox 311 2587 1881 2668">
    <p class='ocr_par' dir='ltr' id='par_1_29' title="bbox 311 2587 1881 2668">
     <span class='ocr_line' id='line_1_29' title="bbox 311 2587 1881 2668; baseline 0.01 -30"><span class='ocrx_word' id='word_1_194' title='bbox 311 2587 588 2658; x_wconf 81' lang='lat' dir='ltr'><strong>particeps</strong></span> <span class='ocrx_word' id='word_1_195' title='bbox 618 2597 722 2644; x_wconf 91' lang='lat' dir='ltr'><strong>est.</strong></span> <span class='ocrx_word' id='word_1_196' title='bbox 776 2588 988 2645; x_wconf 90' lang='lat' dir='ltr'><strong>Idcirco</strong></span> <span class='ocrx_word' id='word_1_197' title='bbox 1020 2593 1219 2647; x_wconf 79' lang='lat' dir='ltr'><strong>coelum</strong></span> <span class='ocrx_word' id='word_1_198' title='bbox 1253 2595 1412 2668; x_wconf 83' lang='lat' dir='ltr'><strong>sedes</strong></span> <span class='ocrx_word' id='word_1_199' title='bbox 1440 2595 1558 2664; x_wconf 88' lang='lat' dir='ltr'><strong>ejus</strong></span> <span class='ocrx_word' id='word_1_200' title='bbox 1586 2606 1669 2651; x_wconf 89' lang='lat' dir='ltr'><strong>est</strong></span> <span class='ocrx_word' id='word_1_201' title='bbox 1699 2598 1716 2668; x_wconf 95' lang='lat'>(</span> <span class='ocrx_word' id='word_1_202' title='bbox 1767 2601 1881 2656; x_wconf 91' lang='lat' dir='ltr'><strong>illic</strong></span> 
     </span>
    </p>
   </div>
   <div class='ocr_carea' id='block_1_30' title="bbox 310 2665 1878 2760">
    <p class='ocr_par' dir='ltr' id='par_1_30' title="bbox 310 2665 1878 2760">
     <span class='ocr_line' id='line_1_30' title="bbox 310 2665 1878 2760; baseline 0.007 -23"><span class='ocrx_word' id='word_1_203' title='bbox 310 2683 454 2738; x_wconf 89' lang='lat' dir='ltr'><strong>enim</strong></span> <span class='ocrx_word' id='word_1_204' title='bbox 495 2693 624 2738; x_wconf 89' lang='lat' dir='ltr'><strong>sunt</strong></span> <span class='ocrx_word' id='word_1_205' title='bbox 653 2687 851 2755; x_wconf 80' lang='lat' dir='ltr'><strong>angeli,</strong></span> <span class='ocrx_word' id='word_1_206' title='bbox 897 2687 993 2756; x_wconf 91' lang='lat' dir='ltr'><strong>qui</strong></span> <span class='ocrx_word' id='word_1_207' title='bbox 1043 2687 1251 2744; x_wconf 81' lang='lat' dir='ltr'><strong>faciunt</strong></span> <span class='ocrx_word' id='word_1_208' title='bbox 1283 2665 1467 2760; x_wconf 70' lang='lat' dir='ltr'><strong>ipsius</strong></span> <span class='ocrx_word' id='word_1_209' title='bbox 1521 2665 1878 2759; x_wconf 80' lang='lat' dir='ltr'><strong>voluntatem,</strong></span> 
     </span>
    </p>
   </div>
   <div class='ocr_carea' id='block_1_31' title="bbox 309 2779 1880 2858">
    <p class='ocr_par' dir='ltr' id='par_1_31' title="bbox 309 2779 1880 2858">
     <span class='ocr_line' id='line_1_31' title="bbox 309 2779 1880 2858; baseline 0.008 -28"><span class='ocrx_word' id='word_1_210' title='bbox 309 2791 541 2846; x_wconf 89' lang='lat' dir='ltr'><strong>eumque</strong></span> <span class='ocrx_word' id='word_1_211' title='bbox 573 2793 787 2848; x_wconf 88' lang='lat' dir='ltr'><strong>semper</strong></span> <span class='ocrx_word' id='word_1_212' title='bbox 817 2779 1069 2835; x_wconf 90' lang='lat' dir='ltr'><strong>laudibus</strong></span> <span class='ocrx_word' id='word_1_213' title='bbox 1101 2781 1438 2838; x_wconf 79' lang='lat' dir='ltr'><strong>celebrant&quot;</strong></span> <span class='ocrx_word' id='word_1_214' title='bbox 1465 2783 1510 2852; x_wconf 89' lang='lat'><strong>);</strong></span> <span class='ocrx_word' id='word_1_215' title='bbox 1539 2785 1650 2839; x_wconf 64' lang='lat' dir='ltr'><strong>haec</strong></span> <span class='ocrx_word' id='word_1_216' title='bbox 1679 2788 1880 2858; x_wconf 90' lang='lat' dir='ltr'><strong>quippe</strong></span> 
     </span>
    </p>
   </div>
   <div class='ocr_carea' id='block_1_32' title="bbox 313 2867 1878 2942">
    <p class='ocr_par' dir='ltr' id='par_1_32' title="bbox 313 2867 1878 2942">
     <span class='ocr_line' id='line_1_32' title="bbox 313 2867 1878 2942; baseline 0.005 -23"><span class='ocrx_word' id='word_1_217' title='bbox 313 2867 413 2935; x_wconf 86' lang='lat' dir='ltr'><strong>ipsi</strong></span> <span class='ocrx_word' id='word_1_218' title='bbox 454 2875 533 2921; x_wconf 90' lang='lat' dir='ltr'><strong>est</strong></span> <span class='ocrx_word' id='word_1_219' title='bbox 576 2867 793 2936; x_wconf 84' lang='lat' dir='ltr'><strong>requies</strong></span> <span class='ocrx_word' id='word_1_220' title='bbox 841 2885 854 2922; x_wconf 91' lang='lat'><strong>:</strong></span> <span class='ocrx_word' id='word_1_221' title='bbox 905 2877 1049 2921; x_wconf 87' lang='lat' dir='ltr'><strong>terra</strong></span> <span class='ocrx_word' id='word_1_222' title='bbox 1111 2877 1291 2923; x_wconf 86' lang='lat' dir='ltr'><strong>autem</strong></span> <span class='ocrx_word' id='word_1_223' title='bbox 1345 2870 1646 2925; x_wconf 90' lang='lat' dir='ltr'><strong>scabellum</strong></span> <span class='ocrx_word' id='word_1_224' title='bbox 1682 2873 1878 2942; x_wconf 87' lang='lat' dir='ltr'><strong>pedum</strong></span> 
     </span>
    </p>
   </div>
   <div class='ocr_carea' id='block_1_33' title="bbox 309 2957 1879 3029">
    <p class='ocr_par' dir='ltr' id='par_1_33' title="bbox 309 2957 1879 3029">
     <span class='ocr_line' id='line_1_33' title="bbox 309 2957 1879 3029; baseline 0.006 -17"><span class='ocrx_word' id='word_1_225' title='bbox 309 2957 430 3027; x_wconf 81' lang='lat' dir='ltr'><strong>ejus</strong></span> <span class='ocrx_word' id='word_1_226' title='bbox 457 2958 504 2990; x_wconf 74' lang='lat'>&quot;</span> <span class='ocrx_word' id='word_1_227' title='bbox 536 2975 551 3025; x_wconf 91' lang='lat'><strong>;</strong></span> <span class='ocrx_word' id='word_1_228' title='bbox 591 2960 644 3012; x_wconf 91' lang='lat' dir='ltr'><strong>in</strong></span> <span class='ocrx_word' id='word_1_229' title='bbox 674 2973 782 3029; x_wconf 87' lang='lat' dir='ltr'><strong>qua</strong></span> <span class='ocrx_word' id='word_1_230' title='bbox 838 2973 934 3028; x_wconf 88' lang='lat' dir='ltr'><strong>per</strong></span> <span class='ocrx_word' id='word_1_231' title='bbox 964 2975 1184 3015; x_wconf 88' lang='lat' dir='ltr'><strong>carnem</strong></span> <span class='ocrx_word' id='word_1_232' title='bbox 1224 2977 1348 3016; x_wconf 91' lang='lat' dir='ltr'><strong>cum</strong></span> <span class='ocrx_word' id='word_1_233' title='bbox 1397 2963 1714 3020; x_wconf 82' lang='lat' dir='ltr'><strong>hominibus</strong></span> <span class='ocrx_word' id='word_1_234' title='bbox 1746 2981 1879 3021; x_wconf 91' lang='lat' dir='ltr'><strong>con-</strong></span> 
     </span>
    </p>
   </div>
   <div class='ocr_carea' id='block_1_34' title="bbox 1988 501 3573 574">
    <p class='ocr_par' dir='ltr' id='par_1_34' title="bbox 1988 501 3573 574">
     <span class='ocr_line' id='line_1_34' title="bbox 1988 501 3573 574; baseline 0.003 -22"><span class='ocrx_word' id='word_1_235' title='bbox 1988 501 2141 564; x_wconf 82' lang='grc' dir='ltr'>τέ).ος</span> <span class='ocrx_word' id='word_1_236' title='bbox 2184 501 2279 554; x_wconf 89' lang='grc' dir='ltr'><strong>τοῦ</strong></span> <span class='ocrx_word' id='word_1_237' title='bbox 2315 502 2657 572; x_wconf 79' lang='grc' dir='ltr'><strong>περιέχοντος</strong></span> <span class='ocrx_word' id='word_1_238' title='bbox 2709 504 2903 573; x_wconf 82' lang='grc' dir='ltr'><strong>ἀέρος,</strong></span> <span class='ocrx_word' id='word_1_239' title='bbox 2928 503 2990 556; x_wconf 77' lang='grc' dir='ltr'>τὸ</span> <span class='ocrx_word' id='word_1_240' title='bbox 3040 503 3418 574; x_wconf 72' lang='grc' dir='ltr'>ἐφαπτόμενον</span> <span class='ocrx_word' id='word_1_241' title='bbox 3461 503 3573 556; x_wconf 81' lang='grc' dir='ltr'><strong>τοῦ</strong></span> 
     </span>
    </p>
   </div>
   <div class='ocr_carea' id='block_1_35' title="bbox 1991 591 3568 664">
    <p class='ocr_par' dir='ltr' id='par_1_35' title="bbox 1991 591 3568 664">
     <span class='ocr_line' id='line_1_35' title="bbox 1991 591 3568 664; baseline 0.004 -23"><span class='ocrx_word' id='word_1_242' title='bbox 1991 591 2380 661; x_wconf 78' lang='grc' dir='ltr'><strong>περιεχομένου</strong></span> <span class='ocrx_word' id='word_1_243' title='bbox 2431 591 2677 662; x_wconf 83' lang='grc' dir='ltr'>σώματος</span> <span class='ocrx_word' id='word_1_244' title='bbox 2695 610 2710 623; x_wconf 71' lang='grc'><strong><em>⁸</em></strong></span> <span class='ocrx_word' id='word_1_245' title='bbox 2741 595 2938 656; x_wconf 81' lang='grc' dir='ltr'>πάντος</span> <span class='ocrx_word' id='word_1_246' title='bbox 2966 592 3046 659; x_wconf 80' lang='grc' dir='ltr'>δὲ,</span> <span class='ocrx_word' id='word_1_247' title='bbox 3068 595 3148 646; x_wconf 83' lang='grc' dir='ltr'>ὅτι</span> <span class='ocrx_word' id='word_1_248' title='bbox 3175 593 3237 646; x_wconf 75' lang='grc' dir='ltr'><strong>τὸ</strong></span> <span class='ocrx_word' id='word_1_249' title='bbox 3281 594 3568 664; x_wconf 80' lang='grc' dir='ltr'>περιέχον,</span> 
     </span>
    </p>
   </div>
   <div class='ocr_carea' id='block_1_36' title="bbox 1987 684 2864 755">
    <p class='ocr_par' dir='ltr' id='par_1_36' title="bbox 1987 684 2864 755">
     <span class='ocr_line' id='line_1_36' title="bbox 1987 684 2864 755; baseline 0.006 -21"><span class='ocrx_word' id='word_1_250' title='bbox 1987 684 2087 735; x_wconf 73' lang='grc' dir='ltr'>οὐκ</span> <span class='ocrx_word' id='word_1_251' title='bbox 2112 684 2258 737; x_wconf 81' lang='grc' dir='ltr'>ἔστιν</span> <span class='ocrx_word' id='word_1_252' title='bbox 2289 686 2346 737; x_wconf 84' lang='grc' dir='ltr'>ὲν</span> <span class='ocrx_word' id='word_1_253' title='bbox 2371 685 2448 755; x_wconf 85' lang='grc' dir='ltr'>τῷ</span> <span class='ocrx_word' id='word_1_254' title='bbox 2473 686 2864 755; x_wconf 83' lang='grc' dir='ltr'>περιεχομένῳ.</span> 
     </span>
    </p>
   </div>
   <div class='ocr_carea' id='block_1_37' title="bbox 2063 776 3562 846">
    <p class='ocr_par' dir='ltr' id='par_1_37' title="bbox 2063 776 3562 846">
     <span class='ocr_line' id='line_1_37' title="bbox 2063 776 3562 846; baseline 0.001 -18"><span class='ocrx_word' id='word_1_255' title='bbox 2063 777 2218 829; x_wconf 84' lang='grc' dir='ltr'>Ἔστι</span> <span class='ocrx_word' id='word_1_256' title='bbox 2246 776 2303 829; x_wconf 83' lang='grc' dir='ltr'>δὲ</span> <span class='ocrx_word' id='word_1_257' title='bbox 2339 777 2434 830; x_wconf 73' lang='grc' dir='ltr'>καὶ</span> <span class='ocrx_word' id='word_1_258' title='bbox 2464 778 2650 846; x_wconf 71' lang='grc' dir='ltr'>νοητὸς</span> <span class='ocrx_word' id='word_1_259' title='bbox 2676 778 2860 844; x_wconf 83' lang='grc' dir='ltr'>τόπος,</span> <span class='ocrx_word' id='word_1_260' title='bbox 2883 777 3010 831; x_wconf 73' lang='grc' dir='ltr'>ἔνθα</span> <span class='ocrx_word' id='word_1_261' title='bbox 3039 781 3260 841; x_wconf 83' lang='grc' dir='ltr'>νοεῖται,</span> <span class='ocrx_word' id='word_1_262' title='bbox 3287 778 3380 830; x_wconf 75' lang='grc' dir='ltr'><strong>καὶ</strong></span> <span class='ocrx_word' id='word_1_263' title='bbox 3410 778 3562 830; x_wconf 67' lang='grc' dir='ltr'>ἔστιν</span> 
     </span>
    </p>
   </div>
   <div class='ocr_carea' id='block_1_38' title="bbox 1987 865 3564 937">
    <p class='ocr_par' dir='ltr' id='par_1_38' title="bbox 1987 865 3564 937">
     <span class='ocr_line' id='line_1_38' title="bbox 1987 865 3564 937; baseline -0.001 -19"><span class='ocrx_word' id='word_1_264' title='bbox 1987 867 2019 935; x_wconf 81' lang='grc' dir='ltr'>ἡ</span> <span class='ocrx_word' id='word_1_265' title='bbox 2055 866 2218 937; x_wconf 82' lang='grc' dir='ltr'>νοητὴ</span> <span class='ocrx_word' id='word_1_266' title='bbox 2269 867 2363 919; x_wconf 72' lang='grc' dir='ltr'><strong>καὶ</strong></span> <span class='ocrx_word' id='word_1_267' title='bbox 2409 865 2699 936; x_wconf 78' lang='grc' dir='ltr'><strong>ἀσώματος</strong></span> <span class='ocrx_word' id='word_1_268' title='bbox 2749 868 2911 936; x_wconf 79' lang='grc' dir='ltr'>φύσις</span> <span class='ocrx_word' id='word_1_269' title='bbox 2940 885 2954 898; x_wconf 79' lang='grc'><em>’</em></span> <span class='ocrx_word' id='word_1_270' title='bbox 2999 867 3234 937; x_wconf 78' lang='grc' dir='ltr'>ἔνθαπερ</span> <span class='ocrx_word' id='word_1_271' title='bbox 3282 869 3516 936; x_wconf 74' lang='grc' dir='ltr'>πάρεστι</span> <span class='ocrx_word' id='word_1_272' title='bbox 3544 904 3564 926; x_wconf 89' lang='grc'><strong>,</strong></span> 
     </span>
    </p>
   </div>
   <div class='ocr_carea' id='block_1_39' title="bbox 1988 959 3564 1030">
    <p class='ocr_par' dir='ltr' id='par_1_39' title="bbox 1988 959 3564 1030">
     <span class='ocr_line' id='line_1_39' title="bbox 1988 959 3564 1030; baseline -0.001 -18"><span class='ocrx_word' id='word_1_273' title='bbox 1988 959 2081 1012; x_wconf 79' lang='grc' dir='ltr'>καὶ</span> <span class='ocrx_word' id='word_1_274' title='bbox 2124 960 2355 1030; x_wconf 74' lang='grc' dir='ltr'>ἐνεργεῖ,</span> <span class='ocrx_word' id='word_1_275' title='bbox 2389 959 2484 1012; x_wconf 76' lang='grc' dir='ltr'>καὶ</span> <span class='ocrx_word' id='word_1_276' title='bbox 2527 959 2587 1011; x_wconf 77' lang='grc' dir='ltr'><strong>οὐ</strong></span> <span class='ocrx_word' id='word_1_277' title='bbox 2644 960 2971 1029; x_wconf 82' lang='grc' dir='ltr'>σωματικῶς</span> <span class='ocrx_word' id='word_1_278' title='bbox 3015 961 3366 1030; x_wconf 78' lang='grc' dir='ltr'>περιέχεται,</span> <span class='ocrx_word' id='word_1_279' title='bbox 3418 959 3564 1012; x_wconf 75' lang='grc' dir='ltr'>ἀλλὰ</span> 
     </span>
    </p>
   </div>
   <div class='ocr_carea' id='block_1_40' title="bbox 1986 1046 3560 1118">
    <p class='ocr_par' dir='ltr' id='par_1_40' title="bbox 1986 1046 3560 1118">
     <span class='ocr_line' id='line_1_40' title="bbox 1986 1046 3560 1118; baseline 0 -18"><span class='ocrx_word' id='word_1_280' title='bbox 1986 1047 2213 1116; x_wconf 86' lang='grc' dir='ltr'>νοητῶς.</span> <span class='ocrx_word' id='word_1_281' title='bbox 2239 1048 2336 1107; x_wconf 78' lang='grc' dir='ltr'><strong>¹υὺ</strong></span> <span class='ocrx_word' id='word_1_282' title='bbox 2367 1047 2477 1116; x_wconf 86' lang='grc' dir='ltr'>γὰρ</span> <span class='ocrx_word' id='word_1_283' title='bbox 2517 1046 2629 1117; x_wconf 79' lang='grc' dir='ltr'>ἔχει</span> <span class='ocrx_word' id='word_1_284' title='bbox 2677 1049 2883 1117; x_wconf 84' lang='grc' dir='ltr'>σχῆμα,</span> <span class='ocrx_word' id='word_1_285' title='bbox 2913 1049 3000 1101; x_wconf 82' lang='grc' dir='ltr'><strong>ἵνα</strong></span> <span class='ocrx_word' id='word_1_286' title='bbox 3035 1049 3360 1118; x_wconf 83' lang='grc' dir='ltr'>σωματικῶς</span> <span class='ocrx_word' id='word_1_287' title='bbox 3399 1065 3560 1118; x_wconf 85' lang='grc' dir='ltr'>περι-</span> 
     </span>
    </p>
   </div>
   <div class='ocr_carea' id='block_1_41' title="bbox 1988 1135 3556 1208">
    <p class='ocr_par' dir='ltr' id='par_1_41' title="bbox 1988 1135 3556 1208">
     <span class='ocr_line' id='line_1_41' title="bbox 1988 1135 3556 1208; baseline 0.002 -21"><span class='ocrx_word' id='word_1_288' title='bbox 1988 1137 2172 1207; x_wconf 82' lang='grc' dir='ltr'>σχεθῇ.</span> <span class='ocrx_word' id='word_1_289' title='bbox 2219 1138 2276 1192; x_wconf 83' lang='lat'><strong>&#39;0</strong></span> <span class='ocrx_word' id='word_1_290' title='bbox 2309 1139 2407 1206; x_wconf 84' lang='grc' dir='ltr'><strong>μὲν</strong></span> <span class='ocrx_word' id='word_1_291' title='bbox 2439 1135 2532 1191; x_wconf 83' lang='grc' dir='ltr'><strong>οῦν</strong></span> <span class='ocrx_word' id='word_1_292' title='bbox 2581 1138 2712 1202; x_wconf 74' lang='grc' dir='ltr'>Θεὸς</span> <span class='ocrx_word' id='word_1_293' title='bbox 2754 1139 2889 1208; x_wconf 80' lang='lat'><strong>(39),</strong></span> <span class='ocrx_word' id='word_1_294' title='bbox 2923 1137 3086 1202; x_wconf 78' lang='grc' dir='ltr'>ἀῦλος</span> <span class='ocrx_word' id='word_1_295' title='bbox 3117 1137 3216 1201; x_wconf 86' lang='grc' dir='ltr'>ὣν,</span> <span class='ocrx_word' id='word_1_296' title='bbox 3241 1140 3332 1191; x_wconf 74' lang='grc' dir='ltr'><strong>καὶ</strong></span> <span class='ocrx_word' id='word_1_297' title='bbox 3356 1139 3556 1207; x_wconf 77' lang='grc' dir='ltr'>ἀπερί-</span> 
     </span>
    </p>
   </div>
   <div class='ocr_carea' id='block_1_42' title="bbox 1985 1228 3553 1300">
    <p class='ocr_par' dir='ltr' id='par_1_42' title="bbox 1985 1228 3553 1300">
     <span class='ocr_line' id='line_1_42' title="bbox 1985 1228 3553 1300; baseline 0 -20"><span class='ocrx_word' id='word_1_298' title='bbox 1985 1243 2252 1296; x_wconf 82' lang='grc' dir='ltr'>γραπτυς,</span> <span class='ocrx_word' id='word_1_299' title='bbox 2284 1230 2342 1281; x_wconf 82' lang='grc' dir='ltr'>ὲν</span> <span class='ocrx_word' id='word_1_300' title='bbox 2365 1228 2514 1298; x_wconf 85' lang='grc' dir='ltr'>τόπῳ</span> <span class='ocrx_word' id='word_1_301' title='bbox 2539 1229 2638 1282; x_wconf 84' lang='grc' dir='ltr'><strong>οὑκ</strong></span> <span class='ocrx_word' id='word_1_302' title='bbox 2677 1229 2846 1283; x_wconf 77' lang='grc' dir='ltr'>ἐστιν.</span> <span class='ocrx_word' id='word_1_303' title='bbox 2897 1229 3070 1292; x_wconf 79' lang='grc' dir='ltr'>Αὐτὸς</span> <span class='ocrx_word' id='word_1_304' title='bbox 3105 1229 3211 1300; x_wconf 76' lang='grc' dir='ltr'><strong>γὰρ</strong></span> <span class='ocrx_word' id='word_1_305' title='bbox 3237 1228 3430 1282; x_wconf 75' lang='grc' dir='ltr'>ἑαυτοῦ</span> <span class='ocrx_word' id='word_1_306' title='bbox 3463 1231 3553 1281; x_wconf 84' lang='grc' dir='ltr'>τό-</span> 
     </span>
    </p>
   </div>
   <div class='ocr_carea' id='block_1_43' title="bbox 1986 1320 3549 1391">
    <p class='ocr_par' dir='ltr' id='par_1_43' title="bbox 1986 1320 3549 1391">
     <span class='ocr_line' id='line_1_43' title="bbox 1986 1320 3549 1391; baseline -0.001 -17"><span class='ocrx_word' id='word_1_307' title='bbox 1986 1338 2084 1383; x_wconf 88' lang='grc' dir='ltr'><strong>πος</strong></span> <span class='ocrx_word' id='word_1_308' title='bbox 2116 1322 2250 1384; x_wconf 73' lang='grc' dir='ltr'>ἐστὶ,</span> <span class='ocrx_word' id='word_1_309' title='bbox 2284 1321 2355 1373; x_wconf 80' lang='grc' dir='ltr'>τὰ</span> <span class='ocrx_word' id='word_1_310' title='bbox 2380 1320 2557 1374; x_wconf 83' lang='grc' dir='ltr'>πάντα</span> <span class='ocrx_word' id='word_1_311' title='bbox 2581 1321 2826 1391; x_wconf 81' lang='grc' dir='ltr'>πληρῶν,</span> <span class='ocrx_word' id='word_1_312' title='bbox 2858 1321 2953 1375; x_wconf 76' lang='grc' dir='ltr'><strong>καὶ</strong></span> <span class='ocrx_word' id='word_1_313' title='bbox 2987 1321 3128 1390; x_wconf 82' lang='grc' dir='ltr'>ὑπὲρ</span> <span class='ocrx_word' id='word_1_314' title='bbox 3160 1321 3230 1374; x_wconf 84' lang='grc' dir='ltr'><strong>τά</strong></span> <span class='ocrx_word' id='word_1_315' title='bbox 3259 1323 3433 1375; x_wconf 85' lang='grc' dir='ltr'>πάντα</span> <span class='ocrx_word' id='word_1_316' title='bbox 3450 1321 3549 1384; x_wconf 82' lang='grc' dir='ltr'><strong>ῶν,</strong></span> 
     </span>
    </p>
   </div>
   <div class='ocr_carea' id='block_1_44' title="bbox 1985 1410 3550 1481">
    <p class='ocr_par' dir='ltr' id='par_1_44' title="bbox 1985 1410 3550 1481">
     <span class='ocr_line' id='line_1_44' title="bbox 1985 1410 3550 1481; baseline 0.001 -18"><span class='ocrx_word' id='word_1_317' title='bbox 1985 1412 2078 1464; x_wconf 71' lang='grc' dir='ltr'><strong>καὶ</strong></span> <span class='ocrx_word' id='word_1_318' title='bbox 2111 1411 2273 1474; x_wconf 85' lang='grc' dir='ltr'>αὐτὸς</span> <span class='ocrx_word' id='word_1_319' title='bbox 2320 1412 2557 1481; x_wconf 88' lang='grc' dir='ltr'>συνέχων</span> <span class='ocrx_word' id='word_1_320' title='bbox 2607 1412 2675 1463; x_wconf 83' lang='grc' dir='ltr'>τὰ</span> <span class='ocrx_word' id='word_1_321' title='bbox 2725 1411 2924 1466; x_wconf 84' lang='grc' dir='ltr'>πάντα.</span> <span class='ocrx_word' id='word_1_322' title='bbox 2963 1411 3196 1479; x_wconf 86' lang='grc' dir='ltr'>Λέγεται</span> <span class='ocrx_word' id='word_1_323' title='bbox 3244 1410 3303 1464; x_wconf 81' lang='grc' dir='ltr'>δὲ</span> <span class='ocrx_word' id='word_1_324' title='bbox 3349 1412 3445 1464; x_wconf 76' lang='grc' dir='ltr'><strong>καὶ</strong></span> <span class='ocrx_word' id='word_1_325' title='bbox 3492 1416 3550 1465; x_wconf 83' lang='grc' dir='ltr'><strong>έν</strong></span> 
     </span>
    </p>
   </div>
   <div class='ocr_carea' id='block_1_45' title="bbox 1982 1496 3549 1572">
    <p class='ocr_par' dir='ltr' id='par_1_45' title="bbox 1982 1496 3549 1572">
     <span class='ocr_line' id='line_1_45' title="bbox 1982 1496 3549 1572; baseline -0.001 -17"><span class='ocrx_word' id='word_1_326' title='bbox 1982 1503 2131 1572; x_wconf 82' lang='grc' dir='ltr'>τόπῳ</span> <span class='ocrx_word' id='word_1_327' title='bbox 2154 1497 2314 1566; x_wconf 71' lang='grc' dir='ltr'>εἶναι,</span> <span class='ocrx_word' id='word_1_328' title='bbox 2343 1502 2438 1556; x_wconf 77' lang='grc' dir='ltr'><strong>καὶ</strong></span> <span class='ocrx_word' id='word_1_329' title='bbox 2470 1501 2688 1570; x_wconf 88' lang='grc' dir='ltr'>λέγεται</span> <span class='ocrx_word' id='word_1_330' title='bbox 2717 1496 2881 1564; x_wconf 84' lang='grc' dir='ltr'>τόπος</span> <span class='ocrx_word' id='word_1_331' title='bbox 2911 1501 3070 1567; x_wconf 87' lang='grc' dir='ltr'>Θεοῦ,</span> <span class='ocrx_word' id='word_1_332' title='bbox 3109 1501 3238 1554; x_wconf 78' lang='grc' dir='ltr'>ἔνθα</span> <span class='ocrx_word' id='word_1_333' title='bbox 3270 1501 3490 1570; x_wconf 74' lang='grc' dir='ltr'>ἔκδηλος</span> <span class='ocrx_word' id='word_1_334' title='bbox 3515 1503 3549 1570; x_wconf 79' lang='grc' dir='ltr'>ἡ</span> 
     </span>
    </p>
   </div>
   <div class='ocr_carea' id='block_1_46' title="bbox 1984 1591 3551 1665">
    <p class='ocr_par' dir='ltr' id='par_1_46' title="bbox 1984 1591 3551 1665">
     <span class='ocr_line' id='line_1_46' title="bbox 1984 1591 3551 1665; baseline -0.001 -19"><span class='ocrx_word' id='word_1_335' title='bbox 1984 1594 2235 1665; x_wconf 74' lang='grc' dir='ltr'>ὲνεργεὶα</span> <span class='ocrx_word' id='word_1_336' title='bbox 2267 1593 2432 1646; x_wconf 82' lang='grc' dir='ltr'>αὑτοῦ</span> <span class='ocrx_word' id='word_1_337' title='bbox 2469 1593 2700 1662; x_wconf 76' lang='grc' dir='ltr'>γίνεται.</span> <span class='ocrx_word' id='word_1_338' title='bbox 2734 1592 2907 1655; x_wconf 72' lang='grc' dir='ltr'>Αὐτὸς</span> <span class='ocrx_word' id='word_1_339' title='bbox 2943 1592 3042 1662; x_wconf 83' lang='grc' dir='ltr'><strong>μὲν</strong></span> <span class='ocrx_word' id='word_1_340' title='bbox 3070 1591 3178 1661; x_wconf 83' lang='grc' dir='ltr'>γὰρ</span> <span class='ocrx_word' id='word_1_341' title='bbox 3203 1592 3291 1645; x_wconf 79' lang='grc' dir='ltr'>διὰ</span> <span class='ocrx_word' id='word_1_342' title='bbox 3335 1592 3551 1646; x_wconf 81' lang='grc' dir='ltr'>πάντων</span> 
     </span>
    </p>
   </div>
   <div class='ocr_carea' id='block_1_47' title="bbox 1985 1682 3552 1755">
    <p class='ocr_par' dir='ltr' id='par_1_47' title="bbox 1985 1682 3552 1755">
     <span class='ocr_line' id='line_1_47' title="bbox 1985 1682 3552 1755; baseline -0.002 -18"><span class='ocrx_word' id='word_1_343' title='bbox 1985 1684 2199 1755; x_wconf 83' lang='grc' dir='ltr'>ἁμιγῶς</span> <span class='ocrx_word' id='word_1_344' title='bbox 2228 1685 2534 1755; x_wconf 75' lang='grc' dir='ltr'>διήκει,καὶ</span> <span class='ocrx_word' id='word_1_345' title='bbox 2563 1685 2698 1737; x_wconf 80' lang='grc' dir='ltr'>πᾶσι</span> <span class='ocrx_word' id='word_1_346' title='bbox 2719 1683 3042 1755; x_wconf 79' lang='grc' dir='ltr'>μεταδίδωσι</span> <span class='ocrx_word' id='word_1_347' title='bbox 3059 1683 3159 1752; x_wconf 85' lang='grc' dir='ltr'>τῆς</span> <span class='ocrx_word' id='word_1_348' title='bbox 3183 1682 3374 1736; x_wconf 76' lang='grc' dir='ltr'>ἑαυτοῦ</span> <span class='ocrx_word' id='word_1_349' title='bbox 3400 1683 3552 1752; x_wconf 75' lang='grc' dir='ltr'>ἐνερ-</span> 
     </span>
    </p>
   </div>
   <div class='ocr_carea' id='block_1_48' title="bbox 1985 1774 3552 1846">
    <p class='ocr_par' dir='ltr' id='par_1_48' title="bbox 1985 1774 3552 1846">
     <span class='ocr_line' id='line_1_48' title="bbox 1985 1774 3552 1846; baseline -0.003 -15"><span class='ocrx_word' id='word_1_350' title='bbox 1985 1778 2159 1846; x_wconf 84' lang='grc' dir='ltr'>γείας,</span> <span class='ocrx_word' id='word_1_351' title='bbox 2193 1777 2334 1830; x_wconf 84' lang='grc' dir='ltr'><strong>κατά</strong></span> <span class='ocrx_word' id='word_1_352' title='bbox 2377 1776 2476 1846; x_wconf 84' lang='grc' dir='ltr'>τὴν</span> <span class='ocrx_word' id='word_1_353' title='bbox 2507 1776 2739 1830; x_wconf 76' lang='grc' dir='ltr'>ἑκάστου</span> <span class='ocrx_word' id='word_1_354' title='bbox 2778 1774 3216 1845; x_wconf 78' lang='grc' dir='ltr'>ἐπιτηδειότητα,</span> <span class='ocrx_word' id='word_1_355' title='bbox 3248 1775 3342 1829; x_wconf 76' lang='grc' dir='ltr'><strong>καὶ</strong></span> <span class='ocrx_word' id='word_1_356' title='bbox 3373 1775 3552 1828; x_wconf 82' lang='grc' dir='ltr'>δεκτι-</span> 
     </span>
    </p>
   </div>
   <div class='ocr_carea' id='block_1_49' title="bbox 1985 1867 3549 1940">
    <p class='ocr_par' dir='ltr' id='par_1_49' title="bbox 1985 1867 3549 1940">
     <span class='ocr_line' id='line_1_49' title="bbox 1985 1867 3549 1940; baseline -0.001 -18"><span class='ocrx_word' id='word_1_357' title='bbox 1985 1869 2085 1939; x_wconf 79' lang='grc' dir='ltr'><strong>κὴν</strong></span> <span class='ocrx_word' id='word_1_358' title='bbox 2107 1869 2335 1938; x_wconf 84' lang='grc' dir='ltr'>δύναμιν</span> <span class='ocrx_word' id='word_1_359' title='bbox 2355 1882 2366 1894; x_wconf 86' lang='grc'><strong><em>⁸</em></strong></span> <span class='ocrx_word' id='word_1_360' title='bbox 2403 1869 2547 1940; x_wconf 78' lang='grc' dir='ltr'><strong>φημὶ</strong></span> <span class='ocrx_word' id='word_1_361' title='bbox 2579 1868 2637 1920; x_wconf 82' lang='grc' dir='ltr'>δὲ</span> <span class='ocrx_word' id='word_1_362' title='bbox 2665 1869 2763 1938; x_wconf 83' lang='grc' dir='ltr'>τήν</span> <span class='ocrx_word' id='word_1_363' title='bbox 2809 1885 2868 1920; x_wconf 90' lang='grc' dir='ltr'><strong>τε</strong></span> <span class='ocrx_word' id='word_1_364' title='bbox 2894 1867 3134 1938; x_wconf 76' lang='grc' dir='ltr'>φυσικὴν</span> <span class='ocrx_word' id='word_1_365' title='bbox 3167 1869 3256 1921; x_wconf 76' lang='grc' dir='ltr'>καὶ</span> <span class='ocrx_word' id='word_1_366' title='bbox 3288 1887 3549 1939; x_wconf 82' lang='grc' dir='ltr'>προαιρε-</span> 
     </span>
    </p>
   </div>
   <div class='ocr_carea' id='block_1_50' title="bbox 1982 1958 3543 2030">
    <p class='ocr_par' dir='ltr' id='par_1_50' title="bbox 1982 1958 3543 2030">
     <span class='ocr_line' id='line_1_50' title="bbox 1982 1958 3543 2030; baseline -0.001 -17"><span class='ocrx_word' id='word_1_367' title='bbox 1982 1959 2139 2029; x_wconf 84' lang='grc' dir='ltr'>τικὴν</span> <span class='ocrx_word' id='word_1_368' title='bbox 2185 1958 2966 2030; x_wconf 55' lang='grc' dir='ltr'>καθαρότητακΚαΜρώτερα</span> <span class='ocrx_word' id='word_1_369' title='bbox 2997 1961 3101 2030; x_wconf 79' lang='grc' dir='ltr'>γὰρ</span> <span class='ocrx_word' id='word_1_370' title='bbox 3148 1961 3213 2013; x_wconf 79' lang='grc' dir='ltr'>τὰ</span> <span class='ocrx_word' id='word_1_371' title='bbox 3253 1963 3390 2015; x_wconf 81' lang='grc' dir='ltr'>ἇῦλα</span> <span class='ocrx_word' id='word_1_372' title='bbox 3433 1962 3543 2013; x_wconf 88' lang='grc' dir='ltr'><strong>τῶν</strong></span> 
     </span>
    </p>
   </div>
   <div class='ocr_carea' id='block_1_51' title="bbox 1985 2048 3532 2120">
    <p class='ocr_par' dir='ltr' id='par_1_51' title="bbox 1985 2048 3532 2120">
     <span class='ocr_line' id='line_1_51' title="bbox 1985 2048 3532 2120; baseline 0 -18"><span class='ocrx_word' id='word_1_373' title='bbox 1985 2048 2203 2113; x_wconf 82' lang='grc' dir='ltr'>ὑλικῶν,</span> <span class='ocrx_word' id='word_1_374' title='bbox 2243 2048 2337 2101; x_wconf 72' lang='grc' dir='ltr'>καὶ</span> <span class='ocrx_word' id='word_1_375' title='bbox 2368 2049 2435 2102; x_wconf 83' lang='grc' dir='ltr'>τὰ</span> <span class='ocrx_word' id='word_1_376' title='bbox 2469 2049 2718 2119; x_wconf 82' lang='grc' dir='ltr'>ἑνάρετα,</span> <span class='ocrx_word' id='word_1_377' title='bbox 2741 2049 2848 2101; x_wconf 88' lang='grc' dir='ltr'><strong>τῶν</strong></span> <span class='ocrx_word' id='word_1_378' title='bbox 2885 2050 3042 2120; x_wconf 80' lang='grc' dir='ltr'>κακίᾳ</span> <span class='ocrx_word' id='word_1_379' title='bbox 3075 2050 3532 2120; x_wconf 83' lang='grc' dir='ltr'>συνεζευγμένων.</span> 
     </span>
    </p>
   </div>
   <div class='ocr_carea' id='block_1_52' title="bbox 1984 2141 3532 2211">
    <p class='ocr_par' dir='ltr' id='par_1_52' title="bbox 1984 2141 3532 2211">
     <span class='ocr_line' id='line_1_52' title="bbox 1984 2141 3532 2211; baseline 0 -18"><span class='ocrx_word' id='word_1_380' title='bbox 1984 2141 2215 2208; x_wconf 81' lang='grc' dir='ltr'>Λέγεται</span> <span class='ocrx_word' id='word_1_381' title='bbox 2243 2141 2532 2210; x_wconf 75' lang='grc' dir='ltr'>τοιγαροῦν</span> <span class='ocrx_word' id='word_1_382' title='bbox 2557 2141 2693 2195; x_wconf 85' lang='grc' dir='ltr'>Θεοῦ</span> <span class='ocrx_word' id='word_1_383' title='bbox 2723 2143 2904 2205; x_wconf 88' lang='grc' dir='ltr'>τόπος,</span> <span class='ocrx_word' id='word_1_384' title='bbox 2933 2143 2960 2193; x_wconf 88' lang='grc' dir='ltr'>ὁ</span> <span class='ocrx_word' id='word_1_385' title='bbox 2986 2142 3143 2194; x_wconf 81' lang='grc' dir='ltr'>πλέον</span> <span class='ocrx_word' id='word_1_386' title='bbox 3175 2143 3410 2211; x_wconf 82' lang='grc' dir='ltr'>μετέχων</span> <span class='ocrx_word' id='word_1_387' title='bbox 3434 2143 3532 2210; x_wconf 71' lang='grc' dir='ltr'>τῆς</span> 
     </span>
    </p>
   </div>
   <div class='ocr_carea' id='block_1_53' title="bbox 1983 2231 3538 2304">
    <p class='ocr_par' dir='ltr' id='par_1_53' title="bbox 1983 2231 3538 2304">
     <span class='ocr_line' id='line_1_53' title="bbox 1983 2231 3538 2304; baseline -0.003 -17"><span class='ocrx_word' id='word_1_388' title='bbox 1983 2233 2262 2304; x_wconf 77' lang='grc' dir='ltr'>ἐνεργείας</span> <span class='ocrx_word' id='word_1_389' title='bbox 2295 2234 2388 2286; x_wconf 77' lang='grc' dir='ltr'><strong>καὶ</strong></span> <span class='ocrx_word' id='word_1_390' title='bbox 2418 2233 2516 2303; x_wconf 80' lang='grc' dir='ltr'><strong>τῆς</strong></span> <span class='ocrx_word' id='word_1_391' title='bbox 2542 2233 2762 2303; x_wconf 83' lang='grc' dir='ltr'>χάριτος</span> <span class='ocrx_word' id='word_1_392' title='bbox 2791 2231 2978 2285; x_wconf 81' lang='grc' dir='ltr'>αὐτοῦ.</span> <span class='ocrx_word' id='word_1_393' title='bbox 3019 2233 3114 2283; x_wconf 74' lang='grc' dir='ltr'>Διὰ</span> <span class='ocrx_word' id='word_1_394' title='bbox 3139 2231 3294 2283; x_wconf 84' lang='grc' dir='ltr'>τοῦτο</span> <span class='ocrx_word' id='word_1_395' title='bbox 3323 2233 3350 2282; x_wconf 78' lang='grc' dir='ltr'>ὁ</span> <span class='ocrx_word' id='word_1_396' title='bbox 3377 2233 3538 2300; x_wconf 65' lang='grc' dir='ltr'>οὐρα-</span> 
     </span>
    </p>
   </div>
   <div class='ocr_carea' id='block_1_54' title="bbox 1981 2320 3546 2394">
    <p class='ocr_par' dir='ltr' id='par_1_54' title="bbox 1981 2320 3546 2394">
     <span class='ocr_line' id='line_1_54' title="bbox 1981 2320 3546 2394; baseline -0.005 -15"><span class='ocrx_word' id='word_1_397' title='bbox 1981 2327 2071 2388; x_wconf 75' lang='grc' dir='ltr'><strong>νὸς</strong></span> <span class='ocrx_word' id='word_1_398' title='bbox 2090 2325 2253 2378; x_wconf 65' lang='grc' dir='ltr'>αὑτοῦ</span> <span class='ocrx_word' id='word_1_399' title='bbox 2277 2324 2487 2394; x_wconf 86' lang='grc' dir='ltr'>Θρόνος.</span> <span class='ocrx_word' id='word_1_400' title='bbox 2523 2323 2612 2376; x_wconf 85' lang='grc' dir='ltr'>Ἐν</span> <span class='ocrx_word' id='word_1_401' title='bbox 2636 2321 2782 2391; x_wconf 74' lang='grc' dir='ltr'>αὐτῷ</span> <span class='ocrx_word' id='word_1_402' title='bbox 2811 2322 2920 2390; x_wconf 84' lang='grc' dir='ltr'>γὰρ</span> <span class='ocrx_word' id='word_1_403' title='bbox 2947 2321 3085 2374; x_wconf 61' lang='grc' dir='ltr'>εἰσιν</span> <span class='ocrx_word' id='word_1_404' title='bbox 3107 2322 3156 2372; x_wconf 86' lang='grc' dir='ltr'>οἱ</span> <span class='ocrx_word' id='word_1_405' title='bbox 3179 2320 3453 2382; x_wconf 74' lang='grc' dir='ltr'>ποιοῦντες</span> <span class='ocrx_word' id='word_1_406' title='bbox 3486 2321 3546 2372; x_wconf 72' lang='grc' dir='ltr'><strong>τὸ</strong></span> 
     </span>
    </p>
   </div>
   <div class='ocr_carea' id='block_1_55' title="bbox 1984 2411 3548 2488">
    <p class='ocr_par' dir='ltr' id='par_1_55' title="bbox 1984 2411 3548 2488">
     <span class='ocr_line' id='line_1_55' title="bbox 1984 2411 3548 2488; baseline -0.006 -17"><span class='ocrx_word' id='word_1_407' title='bbox 1984 2418 2197 2488; x_wconf 79' lang='grc' dir='ltr'>Θέλημα</span> <span class='ocrx_word' id='word_1_408' title='bbox 2242 2417 2406 2470; x_wconf 75' lang='grc' dir='ltr'>αὑτοῦ</span> <span class='ocrx_word' id='word_1_409' title='bbox 2465 2415 2715 2484; x_wconf 81' lang='grc' dir='ltr'>ἄγγελοι,</span> <span class='ocrx_word' id='word_1_410' title='bbox 2749 2414 2844 2468; x_wconf 76' lang='grc' dir='ltr'><strong>καὶ</strong></span> <span class='ocrx_word' id='word_1_411' title='bbox 2878 2414 2966 2466; x_wconf 73' lang='grc' dir='ltr'><strong>ἀεὶ</strong></span> <span class='ocrx_word' id='word_1_412' title='bbox 2997 2411 3314 2476; x_wconf 79' lang='grc' dir='ltr'>δοξάζοντες</span> <span class='ocrx_word' id='word_1_413' title='bbox 3366 2411 3548 2463; x_wconf 69' lang='grc' dir='ltr'>αὐτόν.</span> 
     </span>
    </p>
   </div>
   <div class='ocr_carea' id='block_1_56' title="bbox 1982 2504 3550 2580">
    <p class='ocr_par' dir='ltr' id='par_1_56' title="bbox 1982 2504 3550 2580">
     <span class='ocr_line' id='line_1_56' title="bbox 1982 2504 3550 2580; baseline -0.003 -17"><span class='ocrx_word' id='word_1_414' title='bbox 1982 2511 2131 2580; x_wconf 74' lang='grc' dir='ltr'>Αὕτη</span> <span class='ocrx_word' id='word_1_415' title='bbox 2163 2509 2268 2578; x_wconf 83' lang='grc' dir='ltr'>γὰρ</span> <span class='ocrx_word' id='word_1_416' title='bbox 2299 2507 2447 2577; x_wconf 78' lang='grc' dir='ltr'><strong>αὖτῷ</strong></span> <span class='ocrx_word' id='word_1_417' title='bbox 2487 2507 2812 2570; x_wconf 81' lang='grc' dir='ltr'>ἀνάπαυσις,</span> <span class='ocrx_word' id='word_1_418' title='bbox 2841 2506 2934 2559; x_wconf 74' lang='grc' dir='ltr'>καὶ</span> <span class='ocrx_word' id='word_1_419' title='bbox 2956 2506 2989 2574; x_wconf 82' lang='grc' dir='ltr'>ἡ</span> <span class='ocrx_word' id='word_1_420' title='bbox 3023 2505 3093 2574; x_wconf 85' lang='grc' dir='ltr'>γῆ</span> <span class='ocrx_word' id='word_1_421' title='bbox 3133 2504 3418 2557; x_wconf 83' lang='grc' dir='ltr'>ὑποπόδιον</span> <span class='ocrx_word' id='word_1_422' title='bbox 3444 2504 3550 2558; x_wconf 82' lang='grc' dir='ltr'><strong>τῶν</strong></span> 
     </span>
    </p>
   </div>
   <div class='ocr_carea' id='block_1_57' title="bbox 1983 2595 3570 2668">
    <p class='ocr_par' dir='ltr' id='par_1_57' title="bbox 1983 2595 3570 2668">
     <span class='ocr_line' id='line_1_57' title="bbox 1983 2595 3570 2668; baseline -0.008 -11"><span class='ocrx_word' id='word_1_423' title='bbox 1983 2601 2157 2656; x_wconf 81' lang='grc' dir='ltr'>ποδῶν</span> <span class='ocrx_word' id='word_1_424' title='bbox 2187 2600 2375 2654; x_wconf 79' lang='grc' dir='ltr'>αὑτοῦ.</span> <span class='ocrx_word' id='word_1_425' title='bbox 2422 2600 2513 2653; x_wconf 87' lang='grc' dir='ltr'>Ἑν</span> <span class='ocrx_word' id='word_1_426' title='bbox 2537 2600 2672 2668; x_wconf 81' lang='grc' dir='ltr'>αὐτῇ</span> <span class='ocrx_word' id='word_1_427' title='bbox 2697 2597 2805 2668; x_wconf 86' lang='grc' dir='ltr'>γὰρ</span> <span class='ocrx_word' id='word_1_428' title='bbox 2837 2597 2924 2650; x_wconf 79' lang='grc' dir='ltr'>διὰ</span> <span class='ocrx_word' id='word_1_429' title='bbox 2959 2595 3160 2667; x_wconf 80' lang='grc' dir='ltr'>σαρκὸς</span> <span class='ocrx_word' id='word_1_430' title='bbox 3188 2597 3298 2656; x_wconf 86' lang='grc' dir='ltr'>τοῖς</span> <span class='ocrx_word' id='word_1_431' title='bbox 3340 2595 3570 2663; x_wconf 42' lang='grc' dir='ltr'>ἀνθρώ..</span> 
     </span>
    </p>
   </div>
   <div class='ocr_carea' id='block_1_58' title="bbox 1984 2683 3550 2760">
    <p class='ocr_par' dir='ltr' id='par_1_58' title="bbox 1984 2683 3550 2760">
     <span class='ocr_line' id='line_1_58' title="bbox 1984 2683 3550 2760; baseline -0.008 -12"><span class='ocrx_word' id='word_1_432' title='bbox 1984 2710 2104 2756; x_wconf 87' lang='grc' dir='ltr'>ποις</span> <span class='ocrx_word' id='word_1_433' title='bbox 2137 2690 2571 2760; x_wconf 78' lang='grc' dir='ltr'>συνανεστρᾶφη.</span> <span class='ocrx_word' id='word_1_434' title='bbox 2602 2687 2740 2748; x_wconf 85' lang='grc' dir='ltr'>Ποῦς</span> <span class='ocrx_word' id='word_1_435' title='bbox 2761 2687 2817 2739; x_wconf 82' lang='grc' dir='ltr'>δὲ</span> <span class='ocrx_word' id='word_1_436' title='bbox 2856 2685 2950 2738; x_wconf 91' lang='grc' dir='ltr'><strong>τοῦ</strong></span> <span class='ocrx_word' id='word_1_437' title='bbox 3005 2684 3140 2737; x_wconf 84' lang='grc' dir='ltr'>Θεοῦ</span> <span class='ocrx_word' id='word_1_438' title='bbox 3173 2687 3204 2754; x_wconf 82' lang='grc' dir='ltr'>ἡ</span> <span class='ocrx_word' id='word_1_439' title='bbox 3233 2684 3361 2750; x_wconf 70' lang='grc' dir='ltr'>ἁγία</span> <span class='ocrx_word' id='word_1_440' title='bbox 3387 2683 3550 2735; x_wconf 73' lang='grc' dir='ltr'>αὐτοῦ</span> 
     </span>
    </p>
   </div>
   <div class='ocr_carea' id='block_1_59' title="bbox 1983 2775 3552 2857">
    <p class='ocr_par' dir='ltr' id='par_1_59' title="bbox 1983 2775 3552 2857">
     <span class='ocr_line' id='line_1_59' title="bbox 1983 2775 3552 2857; baseline -0.009 -17"><span class='ocrx_word' id='word_1_441' title='bbox 1983 2786 2119 2857; x_wconf 78' lang='grc' dir='ltr'>σὰρξ</span> <span class='ocrx_word' id='word_1_442' title='bbox 2140 2784 2474 2853; x_wconf 83' lang='grc' dir='ltr'>ὠνόμασται.</span> <span class='ocrx_word' id='word_1_443' title='bbox 2507 2780 2739 2848; x_wconf 84' lang='grc' dir='ltr'>Λέγεται</span> <span class='ocrx_word' id='word_1_444' title='bbox 2779 2778 2833 2830; x_wconf 82' lang='grc' dir='ltr'>δὲ</span> <span class='ocrx_word' id='word_1_445' title='bbox 2867 2778 2961 2831; x_wconf 70' lang='grc' dir='ltr'><strong>καὶ</strong></span> <span class='ocrx_word' id='word_1_446' title='bbox 2989 2779 3022 2847; x_wconf 79' lang='grc' dir='ltr'><strong>ἡ</strong></span> <span class='ocrx_word' id='word_1_447' title='bbox 3068 2775 3362 2845; x_wconf 74' lang='grc' dir='ltr'>Ἐκκλησία</span> <span class='ocrx_word' id='word_1_448' title='bbox 3388 2775 3552 2839; x_wconf 82' lang='grc' dir='ltr'>τόπος</span> 
     </span>
    </p>
   </div>
   <div class='ocr_carea' id='block_1_60' title="bbox 1981 2868 3551 2944">
    <p class='ocr_par' dir='ltr' id='par_1_60' title="bbox 1981 2868 3551 2944">
     <span class='ocr_line' id='line_1_60' title="bbox 1981 2868 3551 2944; baseline -0.008 -12"><span class='ocrx_word' id='word_1_449' title='bbox 1981 2877 2114 2932; x_wconf 84' lang='grc' dir='ltr'>Θεοῦ</span> <span class='ocrx_word' id='word_1_450' title='bbox 2136 2893 2149 2907; x_wconf 78' lang='grc' dir='ltr'><strong><em>ο</em></strong></span> <span class='ocrx_word' id='word_1_451' title='bbox 2185 2875 2374 2928; x_wconf 86' lang='grc' dir='ltr'>τοῦτον</span> <span class='ocrx_word' id='word_1_452' title='bbox 2403 2873 2512 2944; x_wconf 78' lang='grc' dir='ltr'><strong>γὰρ</strong></span> <span class='ocrx_word' id='word_1_453' title='bbox 2551 2873 2630 2936; x_wconf 77' lang='grc' dir='ltr'>εἰς</span> <span class='ocrx_word' id='word_1_454' title='bbox 2669 2871 2981 2938; x_wconf 82' lang='grc' dir='ltr'>δοξολογῐαν</span> <span class='ocrx_word' id='word_1_455' title='bbox 3031 2868 3200 2922; x_wconf 78' lang='grc' dir='ltr'>αὐτοῦ</span> <span class='ocrx_word' id='word_1_456' title='bbox 3227 2909 3242 2932; x_wconf 89' lang='grc'><strong>,</strong></span> <span class='ocrx_word' id='word_1_457' title='bbox 3269 2868 3459 2937; x_wconf 80' lang='grc' dir='ltr'>ὥσπερ</span> <span class='ocrx_word' id='word_1_458' title='bbox 3497 2885 3551 2920; x_wconf 88' lang='grc' dir='ltr'><strong>τι</strong></span> 
     </span>
    </p>
   </div>
   <div class='ocr_carea' id='block_1_61' title="bbox 1979 2958 3554 3039">
    <p class='ocr_par' dir='ltr' id='par_1_61' title="bbox 1979 2958 3554 3039">
     <span class='ocr_line' id='line_1_61' title="bbox 1979 2958 3554 3039; baseline -0.008 -16"><span class='ocrx_word' id='word_1_459' title='bbox 1979 2971 2204 3039; x_wconf 80' lang='grc' dir='ltr'>τέμενος</span> <span class='ocrx_word' id='word_1_460' title='bbox 2250 2965 2625 3035; x_wconf 67' lang='grc' dir='ltr'>ἀφωρίσαμεν,</span> <span class='ocrx_word' id='word_1_461' title='bbox 2662 2966 2718 3017; x_wconf 82' lang='grc' dir='ltr'><strong>ἐν</strong></span> <span class='ocrx_word' id='word_1_462' title='bbox 2817 2963 2909 3015; x_wconf 75' lang='grc' dir='ltr'><strong>καὶ</strong></span> <span class='ocrx_word' id='word_1_463' title='bbox 2944 2961 3042 3025; x_wconf 82' lang='grc' dir='ltr'><strong>τάς</strong></span> <span class='ocrx_word' id='word_1_464' title='bbox 3077 2961 3214 3031; x_wconf 82' lang='grc' dir='ltr'>πρὸς</span> <span class='ocrx_word' id='word_1_465' title='bbox 3259 2960 3421 3013; x_wconf 73' lang='grc' dir='ltr'>αὐτὸν</span> <span class='ocrx_word' id='word_1_466' title='bbox 3468 2963 3554 3012; x_wconf 82' lang='grc' dir='ltr'>ἐν-</span> 
     </span>
    </p>
   </div>
   <div class='ocr_carea' id='block_1_62' title="bbox 309 3046 1881 3126">
    <p class='ocr_par' dir='ltr' id='par_1_62' title="bbox 309 3050 1878 3125">
     <span class='ocr_line' id='line_1_62' title="bbox 309 3050 1878 3125; baseline 0.007 -23"><span class='ocrx_word' id='word_1_467' title='bbox 309 3062 558 3105; x_wconf 89' lang='lat' dir='ltr'><strong>versatus</strong></span> <span class='ocrx_word' id='word_1_468' title='bbox 589 3051 662 3105; x_wconf 89' lang='lat' dir='ltr'><strong>sit</strong></span> <span class='ocrx_word' id='word_1_469' title='bbox 692 3051 759 3105; x_wconf 83' lang='grc'><strong>³⁵.</strong></span> <span class='ocrx_word' id='word_1_470' title='bbox 783 3050 885 3107; x_wconf 84' lang='lat' dir='ltr'><strong>Pes</strong></span> <span class='ocrx_word' id='word_1_471' title='bbox 915 3067 1079 3122; x_wconf 90' lang='lat' dir='ltr'><strong>porro</strong></span> <span class='ocrx_word' id='word_1_472' title='bbox 1115 3051 1208 3106; x_wconf 88' lang='lat' dir='ltr'><strong>Dei</strong></span> <span class='ocrx_word' id='word_1_473' title='bbox 1265 3062 1455 3108; x_wconf 86' lang='lat' dir='ltr'><strong>sancta</strong></span> <span class='ocrx_word' id='word_1_474' title='bbox 1519 3056 1693 3125; x_wconf 88' lang='lat' dir='ltr'><strong>ipsius</strong></span> <span class='ocrx_word' id='word_1_475' title='bbox 1750 3073 1878 3112; x_wconf 90' lang='lat' dir='ltr'><strong>caro</strong></span> 
     </span>
    </p>
   </div>
   <div class='ocr_carea' id='block_1_63' title="bbox 1985 3046 3552 3126">
    <p class='ocr_par' dir='ltr' id='par_1_63' title="bbox 1985 3046 3552 3126">
     <span class='ocr_line' id='line_1_63' title="bbox 1985 3046 3552 3126; baseline -0.008 -14"><span class='ocrx_word' id='word_1_476' title='bbox 1985 3057 2194 3126; x_wconf 79' lang='grc' dir='ltr'>τεύξεις</span> <span class='ocrx_word' id='word_1_477' title='bbox 2222 3055 2548 3122; x_wconf 83' lang='grc' dir='ltr'>ποιούμεθα.</span> <span class='ocrx_word' id='word_1_478' title='bbox 2589 3051 2820 3120; x_wconf 77' lang='grc' dir='ltr'>Ὁμοίως</span> <span class='ocrx_word' id='word_1_479' title='bbox 2846 3051 2938 3103; x_wconf 73' lang='grc' dir='ltr'><strong>καὶ</strong></span> <span class='ocrx_word' id='word_1_480' title='bbox 2975 3051 3025 3103; x_wconf 79' lang='grc' dir='ltr'>οἱ</span> <span class='ocrx_word' id='word_1_481' title='bbox 3054 3050 3232 3113; x_wconf 84' lang='grc' dir='ltr'>τόποι,</span> <span class='ocrx_word' id='word_1_482' title='bbox 3265 3050 3321 3101; x_wconf 78' lang='grc' dir='ltr'>ὲν</span> <span class='ocrx_word' id='word_1_483' title='bbox 3348 3046 3428 3112; x_wconf 74' lang='grc' dir='ltr'>οἷς</span> <span class='ocrx_word' id='word_1_484' title='bbox 3465 3049 3552 3100; x_wconf 81' lang='grc' dir='ltr'>ἕκ-</span> 
     </span>
    </p>
   </div>
   <div class='ocr_carea' id='block_1_64' title="bbox 307 3141 1872 3218">
    <p class='ocr_par' dir='ltr' id='par_1_64' title="bbox 307 3141 1872 3218">
     <span class='ocr_line' id='line_1_64' title="bbox 307 3141 1872 3218; baseline 0.008 -26"><span class='ocrx_word' id='word_1_485' title='bbox 307 3141 477 3196; x_wconf 87' lang='lat' dir='ltr'><strong>variis</strong></span> <span class='ocrx_word' id='word_1_486' title='bbox 525 3143 663 3196; x_wconf 89' lang='lat' dir='ltr'><strong>locis</strong></span> <span class='ocrx_word' id='word_1_487' title='bbox 691 3144 974 3198; x_wconf 91' lang='lat' dir='ltr'><strong>nominata</strong></span> <span class='ocrx_word' id='word_1_488' title='bbox 1009 3151 1110 3198; x_wconf 89' lang='lat' dir='ltr'><strong>est.</strong></span> <span class='ocrx_word' id='word_1_489' title='bbox 1176 3144 1319 3209; x_wconf 81' lang='lat' dir='ltr'><strong>Quin</strong></span> <span class='ocrx_word' id='word_1_490' title='bbox 1377 3145 1615 3202; x_wconf 88' lang='lat' dir='ltr'><strong>Ecclesia</strong></span> <span class='ocrx_word' id='word_1_491' title='bbox 1655 3164 1872 3218; x_wconf 90' lang='lat' dir='ltr'><strong>quoque</strong></span> 
     </span>
    </p>
   </div>
   <div class='ocr_carea' id='block_1_65' title="bbox 310 3227 1876 3304">
    <p class='ocr_par' dir='ltr' id='par_1_65' title="bbox 310 3227 1876 3304">
     <span class='ocr_line' id='line_1_65' title="bbox 310 3227 1876 3304; baseline 0.01 -23"><span class='ocrx_word' id='word_1_492' title='bbox 310 3227 405 3283; x_wconf 87' lang='lat' dir='ltr'><strong>Dei</strong></span> <span class='ocrx_word' id='word_1_493' title='bbox 454 3231 606 3284; x_wconf 87' lang='lat' dir='ltr'><strong>locus</strong></span> <span class='ocrx_word' id='word_1_494' title='bbox 637 3231 876 3297; x_wconf 90' lang='lat' dir='ltr'><strong>dicitur;</strong></span> <span class='ocrx_word' id='word_1_495' title='bbox 910 3235 1036 3301; x_wconf 84' lang='lat' dir='ltr'><strong>quia</strong></span> <span class='ocrx_word' id='word_1_496' title='bbox 1098 3248 1216 3290; x_wconf 86' lang='lat' dir='ltr'><strong>eam</strong></span> <span class='ocrx_word' id='word_1_497' title='bbox 1253 3235 1320 3288; x_wconf 92' lang='lat' dir='ltr'><strong>ad</strong></span> <span class='ocrx_word' id='word_1_498' title='bbox 1373 3235 1547 3304; x_wconf 86' lang='lat' dir='ltr'><strong>ipsius</strong></span> <span class='ocrx_word' id='word_1_499' title='bbox 1601 3241 1876 3298; x_wconf 75' lang='lat' dir='ltr'><strong>canendus</strong></span> 
     </span>
    </p>
   </div>
   <div class='ocr_carea' id='block_1_66' title="bbox 1979 3141 3550 3222">
    <p class='ocr_par' dir='ltr' id='par_1_66' title="bbox 1979 3141 3550 3222">
     <span class='ocr_line' id='line_1_66' title="bbox 1979 3141 3550 3222; baseline -0.008 -18"><span class='ocrx_word' id='word_1_500' title='bbox 1979 3152 2135 3222; x_wconf 81' lang='grc' dir='ltr'>δηλος</span> <span class='ocrx_word' id='word_1_501' title='bbox 2168 3150 2298 3220; x_wconf 81' lang='grc' dir='ltr'>ἡμῖν</span> <span class='ocrx_word' id='word_1_502' title='bbox 2326 3149 2359 3216; x_wconf 84' lang='grc' dir='ltr'>ἠ</span> <span class='ocrx_word' id='word_1_503' title='bbox 2398 3144 2564 3198; x_wconf 84' lang='grc' dir='ltr'>αὐτοῦ</span> <span class='ocrx_word' id='word_1_504' title='bbox 2600 3144 2868 3213; x_wconf 76' lang='grc' dir='ltr'>ἐνέργεια,</span> <span class='ocrx_word' id='word_1_505' title='bbox 2900 3142 3008 3196; x_wconf 76' lang='grc' dir='ltr'>εἴτε</span> <span class='ocrx_word' id='word_1_506' title='bbox 3059 3141 3146 3194; x_wconf 78' lang='grc' dir='ltr'><strong>διὰ</strong></span> <span class='ocrx_word' id='word_1_507' title='bbox 3195 3141 3412 3210; x_wconf 75' lang='grc' dir='ltr'>σαρκὸς,</span> <span class='ocrx_word' id='word_1_508' title='bbox 3439 3141 3550 3192; x_wconf 83' lang='grc' dir='ltr'>εἴτε</span> 
     </span>
    </p>
   </div>
   <div class='ocr_carea' id='block_1_67' title="bbox 1987 3233 3256 3310">
    <p class='ocr_par' dir='ltr' id='par_1_67' title="bbox 1987 3233 3256 3310">
     <span class='ocr_line' id='line_1_67' title="bbox 1987 3233 3256 3310; baseline -0.009 -13"><span class='ocrx_word' id='word_1_509' title='bbox 1987 3245 2115 3298; x_wconf 78' lang='grc' dir='ltr'>ἄνευ</span> <span class='ocrx_word' id='word_1_510' title='bbox 2147 3241 2397 3310; x_wconf 83' lang='grc' dir='ltr'>σώματος</span> <span class='ocrx_word' id='word_1_511' title='bbox 2416 3238 2628 3306; x_wconf 84' lang='grc' dir='ltr'>γέγονε,</span> <span class='ocrx_word' id='word_1_512' title='bbox 2651 3235 2803 3288; x_wconf 90' lang='grc' dir='ltr'>τόποι</span> <span class='ocrx_word' id='word_1_513' title='bbox 2829 3233 2962 3287; x_wconf 88' lang='grc' dir='ltr'>Θεοῦ</span> <span class='ocrx_word' id='word_1_514' title='bbox 2988 3233 3256 3301; x_wconf 85' lang='grc' dir='ltr'>λέγονται.</span> 
     </span>
    </p>
   </div>
   <div class='ocr_carea' id='block_1_68' title="bbox 311 3319 3552 3400">
    <p class='ocr_par' dir='ltr' id='par_1_68' title="bbox 311 3319 3552 3400">
     <span class='ocr_line' id='line_1_68' title="bbox 311 3319 3552 3400; baseline 0.001 -27"><span class='ocrx_word' id='word_1_515' title='bbox 311 3319 520 3382; x_wconf 88' lang='lat' dir='ltr'><strong>laudes,</strong></span> <span class='ocrx_word' id='word_1_516' title='bbox 546 3334 643 3373; x_wconf 86' lang='lat' dir='ltr'><strong>ceu</strong></span> <span class='ocrx_word' id='word_1_517' title='bbox 679 3321 937 3389; x_wconf 89' lang='lat' dir='ltr'><strong>templum</strong></span> <span class='ocrx_word' id='word_1_518' title='bbox 959 3322 1253 3389; x_wconf 86' lang='lat' dir='ltr'><strong>quoddam,</strong></span> <span class='ocrx_word' id='word_1_519' title='bbox 1281 3325 1638 3392; x_wconf 75' lang='lat' dir='ltr'><strong>secravimus,</strong></span> <span class='ocrx_word' id='word_1_520' title='bbox 1670 3329 1723 3382; x_wconf 91' lang='lat' dir='ltr'><strong>in</strong></span> <span class='ocrx_word' id='word_1_521' title='bbox 1747 3347 1857 3400; x_wconf 91' lang='lat' dir='ltr'><strong>quo</strong></span> <span class='ocrx_word' id='word_1_522' title='bbox 1894 3348 2018 3389; x_wconf 90' lang='lat' dir='ltr'><strong>eum</strong></span> <span class='ocrx_word' id='word_1_523' title='bbox 2085 3343 2394 3386; x_wconf 83' lang='lat' dir='ltr'><strong>exoremus.</strong></span> <span class='ocrx_word' id='word_1_524' title='bbox 2449 3326 2529 3380; x_wconf 81' lang='lat' dir='ltr'><strong>Ad</strong></span> <span class='ocrx_word' id='word_1_525' title='bbox 2577 3325 2827 3380; x_wconf 89' lang='lat' dir='ltr'><strong>eumdem</strong></span> <span class='ocrx_word' id='word_1_526' title='bbox 2890 3323 3109 3376; x_wconf 93' lang='lat' dir='ltr'><strong>modum</strong></span> <span class='ocrx_word' id='word_1_527' title='bbox 3180 3323 3296 3375; x_wconf 85' lang='lat' dir='ltr'><strong>loca</strong></span> <span class='ocrx_word' id='word_1_528' title='bbox 3331 3321 3385 3376; x_wconf 91' lang='lat' dir='ltr'><strong>in</strong></span> <span class='ocrx_word' id='word_1_529' title='bbox 3427 3323 3552 3392; x_wconf 64' lang='lat' dir='ltr'><strong>qui‘</strong></span> 
     </span>
    </p>
   </div>
   <div class='ocr_carea' id='block_1_69' title="bbox 309 3411 3406 3494">
    <p class='ocr_par' dir='ltr' id='par_1_69' title="bbox 309 3411 3406 3494">
     <span class='ocr_line' id='line_1_69' title="bbox 309 3411 3406 3494; baseline 0 -28"><span class='ocrx_word' id='word_1_530' title='bbox 309 3412 414 3468; x_wconf 90' lang='lat' dir='ltr'><strong>bus</strong></span> <span class='ocrx_word' id='word_1_531' title='bbox 461 3411 744 3481; x_wconf 86' lang='lat' dir='ltr'><strong>perspicua</strong></span> <span class='ocrx_word' id='word_1_532' title='bbox 787 3413 845 3466; x_wconf 85' lang='lat' dir='ltr'><strong>ﬁt</strong></span> <span class='ocrx_word' id='word_1_533' title='bbox 901 3415 1064 3468; x_wconf 87' lang='lat' dir='ltr'><strong>nobis</strong></span> <span class='ocrx_word' id='word_1_534' title='bbox 1117 3414 1292 3483; x_wconf 91' lang='lat' dir='ltr'><strong>ipsius</strong></span> <span class='ocrx_word' id='word_1_535' title='bbox 1330 3419 1592 3486; x_wconf 85' lang='lat' dir='ltr'><strong>operatio,</strong></span> <span class='ocrx_word' id='word_1_536' title='bbox 1629 3421 1743 3477; x_wconf 84' lang='lat' dir='ltr'><strong>sive</strong></span> <span class='ocrx_word' id='word_1_537' title='bbox 1785 3440 1880 3494; x_wconf 90' lang='lat' dir='ltr'><strong>per</strong></span> <span class='ocrx_word' id='word_1_538' title='bbox 1916 3441 2158 3488; x_wconf 88' lang='lat' dir='ltr'><strong>carnem,</strong></span> <span class='ocrx_word' id='word_1_539' title='bbox 2206 3424 2320 3478; x_wconf 82' lang='lat' dir='ltr'><strong>sive</strong></span> <span class='ocrx_word' id='word_1_540' title='bbox 2354 3421 2560 3487; x_wconf 87' lang='lat' dir='ltr'><strong>absque</strong></span> <span class='ocrx_word' id='word_1_541' title='bbox 2584 3431 2836 3487; x_wconf 90' lang='lat' dir='ltr'><strong>corpore,</strong></span> <span class='ocrx_word' id='word_1_542' title='bbox 2869 3413 2962 3470; x_wconf 90' lang='lat' dir='ltr'><strong>Dei</strong></span> <span class='ocrx_word' id='word_1_543' title='bbox 2986 3415 3104 3468; x_wconf 89' lang='lat' dir='ltr'><strong>loca</strong></span> <span class='ocrx_word' id='word_1_544' title='bbox 3125 3413 3406 3467; x_wconf 87' lang='lat' dir='ltr'><strong>dicuntur.</strong></span> 
     </span>
    </p>
   </div>
   <div class='ocr_carea' id='block_1_70' title="bbox 380 3500 1876 3579">
    <p class='ocr_par' dir='ltr' id='par_1_70' title="bbox 380 3500 1876 3579">
     <span class='ocr_line' id='line_1_70' title="bbox 380 3500 1876 3579; baseline 0.01 -24"><span class='ocrx_word' id='word_1_545' title='bbox 380 3500 675 3556; x_wconf 88' lang='lat' dir='ltr'><strong>Sciendum</strong></span> <span class='ocrx_word' id='word_1_546' title='bbox 715 3511 894 3557; x_wconf 90' lang='lat' dir='ltr'><strong>autem</strong></span> <span class='ocrx_word' id='word_1_547' title='bbox 927 3511 1011 3559; x_wconf 89' lang='lat' dir='ltr'><strong>est</strong></span> <span class='ocrx_word' id='word_1_548' title='bbox 1057 3503 1226 3559; x_wconf 90' lang='lat' dir='ltr'><strong>Deum</strong></span> <span class='ocrx_word' id='word_1_549' title='bbox 1263 3507 1510 3575; x_wconf 87' lang='lat' dir='ltr'><strong>partibus</strong></span> <span class='ocrx_word' id='word_1_550' title='bbox 1561 3524 1786 3579; x_wconf 90' lang='lat' dir='ltr'><strong>carere;</strong></span> <span class='ocrx_word' id='word_1_551' title='bbox 1818 3524 1876 3570; x_wconf 90' lang='lat' dir='ltr'><strong>ut</strong></span> 
     </span>
    </p>
   </div>
   <div class='ocr_carea' id='block_1_71' title="bbox 310 3589 1875 3670">
    <p class='ocr_par' dir='ltr' id='par_1_71' title="bbox 310 3589 1875 3670">
     <span class='ocr_line' id='line_1_71' title="bbox 310 3589 1875 3670; baseline 0.009 -26"><span class='ocrx_word' id='word_1_552' title='bbox 310 3598 462 3646; x_wconf 87' lang='lat' dir='ltr'><strong>totus</strong></span> <span class='ocrx_word' id='word_1_553' title='bbox 487 3589 714 3645; x_wconf 91' lang='lat' dir='ltr'><strong>omnino</strong></span> <span class='ocrx_word' id='word_1_554' title='bbox 763 3593 966 3662; x_wconf 89' lang='lat' dir='ltr'><strong>ubique</strong></span> <span class='ocrx_word' id='word_1_555' title='bbox 1025 3594 1116 3660; x_wconf 92' lang='lat' dir='ltr'><strong>sit,</strong></span> <span class='ocrx_word' id='word_1_556' title='bbox 1151 3603 1203 3648; x_wconf 88' lang='lat' dir='ltr'><strong>et</strong></span> <span class='ocrx_word' id='word_1_557' title='bbox 1249 3609 1358 3650; x_wconf 92' lang='lat' dir='ltr'><strong>non</strong></span> <span class='ocrx_word' id='word_1_558' title='bbox 1412 3611 1540 3666; x_wconf 86' lang='lat' dir='ltr'><strong>pars</strong></span> <span class='ocrx_word' id='word_1_559' title='bbox 1589 3599 1644 3653; x_wconf 90' lang='lat' dir='ltr'><strong>in</strong></span> <span class='ocrx_word' id='word_1_560' title='bbox 1701 3614 1875 3670; x_wconf 88' lang='lat' dir='ltr'><strong>parte,</strong></span> 
     </span>
    </p>
   </div>
   <div class='ocr_carea' id='block_1_72' title="bbox 309 3684 1873 3759">
    <p class='ocr_par' dir='ltr' id='par_1_72' title="bbox 309 3684 1873 3759">
     <span class='ocr_line' id='line_1_72' title="bbox 309 3684 1873 3759; baseline 0.007 -23"><span class='ocrx_word' id='word_1_561' title='bbox 309 3697 462 3738; x_wconf 85' lang='lat' dir='ltr'><strong>more</strong></span> <span class='ocrx_word' id='word_1_562' title='bbox 501 3696 792 3752; x_wconf 89' lang='lat' dir='ltr'><strong>corporum</strong></span> <span class='ocrx_word' id='word_1_563' title='bbox 821 3684 1191 3751; x_wconf 81' lang='lat' dir='ltr'><strong>distrahatur,</strong></span> <span class='ocrx_word' id='word_1_564' title='bbox 1225 3686 1318 3742; x_wconf 90' lang='lat' dir='ltr'><strong>sed</strong></span> <span class='ocrx_word' id='word_1_565' title='bbox 1343 3694 1489 3743; x_wconf 90' lang='lat' dir='ltr'><strong>totus</strong></span> <span class='ocrx_word' id='word_1_566' title='bbox 1513 3688 1567 3742; x_wconf 93' lang='lat' dir='ltr'><strong>in</strong></span> <span class='ocrx_word' id='word_1_567' title='bbox 1596 3693 1873 3759; x_wconf 85' lang='lat' dir='ltr'><strong>omnibus,</strong></span> 
     </span>
    </p>
   </div>
   <div class='ocr_carea' id='block_1_73' title="bbox 311 3776 1243 3845">
    <p class='ocr_par' dir='ltr' id='par_1_73' title="bbox 311 3776 1243 3845">
     <span class='ocr_line' id='line_1_73' title="bbox 311 3776 1243 3845; baseline 0.003 -16"><span class='ocrx_word' id='word_1_568' title='bbox 311 3783 364 3829; x_wconf 91' lang='lat' dir='ltr'><strong>et</strong></span> <span class='ocrx_word' id='word_1_569' title='bbox 397 3781 546 3830; x_wconf 85' lang='lat' dir='ltr'><strong>totus</strong></span> <span class='ocrx_word' id='word_1_570' title='bbox 577 3790 742 3845; x_wconf 85' lang='lat' dir='ltr'><strong>supra</strong></span> <span class='ocrx_word' id='word_1_571' title='bbox 775 3776 957 3830; x_wconf 90' lang='lat' dir='ltr'><strong>omnia</strong></span> <span class='ocrx_word' id='word_1_572' title='bbox 987 3777 1243 3833; x_wconf 75' lang='lat' dir='ltr'><strong>exsistat.</strong></span> 
     </span>
    </p>
   </div>
   <div class='ocr_carea' id='block_1_74' title="bbox 383 3889 1878 3961">
    <p class='ocr_par' dir='ltr' id='par_1_74' title="bbox 383 3889 1878 3961">
     <span class='ocr_line' id='line_1_74' title="bbox 383 3889 1878 3961; baseline 0.004 -19"><span class='ocrx_word' id='word_1_573' title='bbox 383 3889 458 3943; x_wconf 89' lang='lat' dir='ltr'><strong>De</strong></span> <span class='ocrx_word' id='word_1_574' title='bbox 491 3891 604 3945; x_wconf 88' lang='lat' dir='ltr'><strong>loco</strong></span> <span class='ocrx_word' id='word_1_575' title='bbox 641 3890 842 3960; x_wconf 82' lang='lat' dir='ltr'><strong>angeli,</strong></span> <span class='ocrx_word' id='word_1_576' title='bbox 878 3897 928 3944; x_wconf 84' lang='lat' dir='ltr'><strong>et</strong></span> <span class='ocrx_word' id='word_1_577' title='bbox 982 3891 1210 3953; x_wconf 72' lang='lat' dir='ltr'><strong>animm;</strong></span> <span class='ocrx_word' id='word_1_578' title='bbox 1243 3892 1402 3961; x_wconf 85' lang='lat' dir='ltr'><strong>deque</strong></span> <span class='ocrx_word' id='word_1_579' title='bbox 1452 3909 1624 3947; x_wconf 82' lang='lat' dir='ltr'><strong>rerum</strong></span> <span class='ocrx_word' id='word_1_580' title='bbox 1653 3895 1878 3948; x_wconf 76' lang='lat' dir='ltr'><strong>circum-</strong></span> 
     </span>
    </p>
   </div>
   <div class='ocr_carea' id='block_1_75' title="bbox 313 3981 1874 4052">
    <p class='ocr_par' dir='ltr' id='par_1_75' title="bbox 313 3981 1874 4052">
     <span class='ocr_line' id='line_1_75' title="bbox 313 3981 1874 4052; baseline 0.006 -18"><span class='ocrx_word' id='word_1_581' title='bbox 313 3981 610 4050; x_wconf 77' lang='lat' dir='ltr'><strong>scriptione.</strong></span> <span class='ocrx_word' id='word_1_582' title='bbox 642 4010 704 4022; x_wconf 83' lang='lat'><strong>--</strong></span> <span class='ocrx_word' id='word_1_583' title='bbox 738 3981 895 4052; x_wconf 79' lang='lat'><strong>150</strong></span> <span class='ocrx_word' id='word_1_584' title='bbox 950 3983 1188 4051; x_wconf 81' lang='lat' dir='ltr'><strong>Angelus</strong></span> <span class='ocrx_word' id='word_1_585' title='bbox 1238 3992 1441 4042; x_wconf 88' lang='lat' dir='ltr'><strong>autem.</strong></span> <span class='ocrx_word' id='word_1_586' title='bbox 1490 3987 1590 4040; x_wconf 88' lang='lat' dir='ltr'><strong>etsi</strong></span> <span class='ocrx_word' id='word_1_587' title='bbox 1647 4001 1754 4041; x_wconf 82' lang='lat' dir='ltr'><strong>non</strong></span> <span class='ocrx_word' id='word_1_588' title='bbox 1807 3989 1874 4043; x_wconf 89' lang='lat' dir='ltr'><strong>ad</strong></span> 
     </span>
    </p>
   </div>
   <div class='ocr_carea' id='block_1_76' title="bbox 313 4074 1872 4145">
    <p class='ocr_par' dir='ltr' id='par_1_76' title="bbox 313 4074 1872 4145">
     <span class='ocr_line' id='line_1_76' title="bbox 313 4074 1872 4145; baseline 0.004 -20"><span class='ocrx_word' id='word_1_589' title='bbox 313 4074 528 4128; x_wconf 75' lang='lat' dir='ltr'><strong>modum</strong></span> <span class='ocrx_word' id='word_1_590' title='bbox 560 4075 807 4145; x_wconf 89' lang='lat' dir='ltr'><strong>corporis</strong></span> <span class='ocrx_word' id='word_1_591' title='bbox 842 4074 916 4128; x_wconf 90' lang='lat' dir='ltr'><strong>ita</strong></span> <span class='ocrx_word' id='word_1_592' title='bbox 942 4074 996 4128; x_wconf 91' lang='lat' dir='ltr'><strong>in</strong></span> <span class='ocrx_word' id='word_1_593' title='bbox 1035 4074 1156 4130; x_wconf 91' lang='lat' dir='ltr'><strong>loco</strong></span> <span class='ocrx_word' id='word_1_594' title='bbox 1185 4075 1517 4140; x_wconf 87' lang='lat' dir='ltr'><strong>continetur,</strong></span> <span class='ocrx_word' id='word_1_595' title='bbox 1552 4084 1609 4129; x_wconf 94' lang='lat' dir='ltr'><strong>ut</strong></span> <span class='ocrx_word' id='word_1_596' title='bbox 1645 4076 1872 4132; x_wconf 83' lang='lat' dir='ltr'><strong>formam</strong></span> 
     </span>
    </p>
   </div>
   <div class='ocr_carea' id='block_1_77' title="bbox 380 4251 1695 4324">
    <p class='ocr_par' dir='ltr' id='par_1_77' title="bbox 380 4251 1695 4324">
     <span class='ocr_line' id='line_1_77' title="bbox 380 4251 1695 4324; baseline 0 -17"><span class='ocrx_word' id='word_1_597' title='bbox 380 4252 425 4282; x_wconf 86' lang='lat'><strong>&quot;</strong></span> <span class='ocrx_word' id='word_1_598' title='bbox 460 4251 618 4323; x_wconf 80' lang='lat' dir='ltr'><strong>Greg.</strong></span> <span class='ocrx_word' id='word_1_599' title='bbox 647 4253 782 4307; x_wconf 76' lang='lat' dir='ltr'><strong>Naz.</strong></span> <span class='ocrx_word' id='word_1_600' title='bbox 823 4258 962 4308; x_wconf 89' lang='lat' dir='ltr'><strong>orat.</strong></span> <span class='ocrx_word' id='word_1_601' title='bbox 998 4252 1088 4316; x_wconf 75' lang='grc'><strong>54.</strong></span> <span class='ocrx_word' id='word_1_602' title='bbox 1164 4253 1210 4285; x_wconf 78' lang='grc'><strong>⁸³</strong></span> <span class='ocrx_word' id='word_1_603' title='bbox 1237 4253 1340 4309; x_wconf 89' lang='lat' dir='ltr'><strong>lsa.</strong></span> <span class='ocrx_word' id='word_1_604' title='bbox 1373 4267 1447 4316; x_wconf 80' lang='lat' dir='ltr'><strong>Vl.</strong></span> <span class='ocrx_word' id='word_1_605' title='bbox 1483 4253 1507 4307; x_wconf 87' lang='lat' dir='ltr'><strong>l</strong></span> <span class='ocrx_word' id='word_1_606' title='bbox 1543 4267 1695 4324; x_wconf 86' lang='lat' dir='ltr'><strong>seqq.</strong></span> 
     </span>
    </p>
   </div>
   <div class='ocr_carea' id='block_1_78' title="bbox 1771 4252 2251 4317">
    <p class='ocr_par' dir='ltr' id='par_1_78' title="bbox 1771 4252 2251 4317">
     <span class='ocr_line' id='line_1_78' title="bbox 1771 4252 2251 4317; baseline 0.002 -10"><span class='ocrx_word' id='word_1_607' title='bbox 1771 4254 1816 4286; x_wconf 71' lang='grc'><strong>’⁸</strong></span> <span class='ocrx_word' id='word_1_608' title='bbox 1871 4252 1974 4310; x_wconf 89' lang='lat' dir='ltr'><strong>lsa.</strong></span> <span class='ocrx_word' id='word_1_609' title='bbox 2010 4269 2159 4317; x_wconf 81' lang='lat' dir='ltr'><strong>val,</strong></span> <span class='ocrx_word' id='word_1_610' title='bbox 2197 4253 2251 4308; x_wconf 84' lang='lat' dir='ltr'><strong>l.</strong></span> 
     </span>
    </p>
   </div>
   <div class='ocr_carea' id='block_1_79' title="bbox 2064 3503 3550 3577">
    <p class='ocr_par' dir='ltr' id='par_1_79' title="bbox 2064 3503 3550 3577">
     <span class='ocr_line' id='line_1_79' title="bbox 2064 3503 3550 3577; baseline -0.008 -9"><span class='ocrx_word' id='word_1_611' title='bbox 2064 3514 2266 3568; x_wconf 79' lang='grc' dir='ltr'>’ἰστέον</span> <span class='ocrx_word' id='word_1_612' title='bbox 2294 3513 2350 3564; x_wconf 83' lang='grc' dir='ltr'>δὲ</span> <span class='ocrx_word' id='word_1_613' title='bbox 2383 3511 2464 3564; x_wconf 85' lang='grc' dir='ltr'>ὅτι</span> <span class='ocrx_word' id='word_1_614' title='bbox 2495 3509 2557 3562; x_wconf 80' lang='grc' dir='ltr'><strong>τὸ</strong></span> <span class='ocrx_word' id='word_1_615' title='bbox 2590 3509 2742 3561; x_wconf 84' lang='grc' dir='ltr'>Θεῖον</span> <span class='ocrx_word' id='word_1_616' title='bbox 2771 3506 2976 3577; x_wconf 85' lang='grc' dir='ltr'>ἀμερές</span> <span class='ocrx_word' id='word_1_617' title='bbox 3004 3507 3169 3568; x_wconf 77' lang='grc' dir='ltr'>ἐστιν,</span> <span class='ocrx_word' id='word_1_618' title='bbox 3193 3505 3314 3557; x_wconf 82' lang='grc' dir='ltr'>ὅλον</span> <span class='ocrx_word' id='word_1_619' title='bbox 3353 3503 3550 3568; x_wconf 74' lang='grc' dir='ltr'>ὑλικῶς</span> 
     </span>
    </p>
   </div>
   <div class='ocr_carea' id='block_1_80' title="bbox 1981 3597 3550 3675">
    <p class='ocr_par' dir='ltr' id='par_1_80' title="bbox 1981 3597 3550 3675">
     <span class='ocr_line' id='line_1_80' title="bbox 1981 3597 3550 3675; baseline -0.007 -14"><span class='ocrx_word' id='word_1_620' title='bbox 1981 3605 2258 3675; x_wconf 79' lang='grc' dir='ltr'>πανταχοῦ</span> <span class='ocrx_word' id='word_1_621' title='bbox 2307 3603 2389 3669; x_wconf 83' lang='grc' dir='ltr'>ὃν,</span> <span class='ocrx_word' id='word_1_622' title='bbox 2437 3603 2530 3656; x_wconf 76' lang='grc' dir='ltr'>καὶ</span> <span class='ocrx_word' id='word_1_623' title='bbox 2584 3602 2646 3654; x_wconf 86' lang='grc' dir='ltr'><strong>οὐ</strong></span> <span class='ocrx_word' id='word_1_624' title='bbox 2681 3599 2847 3675; x_wconf 83' lang='grc' dir='ltr'>μέρος</span> <span class='ocrx_word' id='word_1_625' title='bbox 2901 3601 2958 3651; x_wconf 84' lang='grc' dir='ltr'>ὲν</span> <span class='ocrx_word' id='word_1_626' title='bbox 3013 3597 3167 3668; x_wconf 82' lang='grc' dir='ltr'>μέρει</span> <span class='ocrx_word' id='word_1_627' title='bbox 3222 3598 3550 3667; x_wconf 84' lang='grc' dir='ltr'>σωματικῶς</span> 
     </span>
    </p>
   </div>
   <div class='ocr_carea' id='block_1_81' title="bbox 1979 3671 3551 3770">
    <p class='ocr_par' dir='ltr' id='par_1_81' title="bbox 1979 3671 3551 3770">
     <span class='ocr_line' id='line_1_81' title="bbox 1979 3671 3551 3770; baseline -0.006 -19"><span class='ocrx_word' id='word_1_628' title='bbox 1979 3671 2356 3770; x_wconf 43' lang='grc' dir='ltr'>διαιροῦ-μενον</span> <span class='ocrx_word' id='word_1_629' title='bbox 2380 3710 2394 3724; x_wconf 83' lang='grc'><strong>”</strong></span> <span class='ocrx_word' id='word_1_630' title='bbox 2427 3694 2542 3748; x_wconf 80' lang='grc' dir='ltr'>ἀλλ’</span> <span class='ocrx_word' id='word_1_631' title='bbox 2577 3694 2698 3748; x_wconf 76' lang='grc' dir='ltr'>ὅλον</span> <span class='ocrx_word' id='word_1_632' title='bbox 2743 3671 2803 3746; x_wconf 74' lang='grc' dir='ltr'>ἕν</span> <span class='ocrx_word' id='word_1_633' title='bbox 2838 3693 2970 3745; x_wconf 83' lang='grc' dir='ltr'>πᾶσι</span> <span class='ocrx_word' id='word_1_634' title='bbox 2990 3731 3004 3755; x_wconf 97' lang='grc'><strong>,</strong></span> <span class='ocrx_word' id='word_1_635' title='bbox 3034 3690 3127 3744; x_wconf 76' lang='grc' dir='ltr'>καὶ</span> <span class='ocrx_word' id='word_1_636' title='bbox 3161 3689 3279 3743; x_wconf 85' lang='grc' dir='ltr'>ὅλον</span> <span class='ocrx_word' id='word_1_637' title='bbox 3320 3688 3460 3760; x_wconf 78' lang='grc' dir='ltr'>ὑπὲρ</span> <span class='ocrx_word' id='word_1_638' title='bbox 3486 3688 3551 3742; x_wconf 80' lang='grc' dir='ltr'><strong>τὸ</strong></span> 
     </span>
    </p>
   </div>
   <div class='ocr_carea' id='block_1_82' title="bbox 1982 3791 2107 3843">
    <p class='ocr_par' dir='ltr' id='par_1_82' title="bbox 1982 3791 2107 3843">
     <span class='ocr_line' id='line_1_82' title="bbox 1982 3791 2107 3843; baseline 0 -1"><span class='ocrx_word' id='word_1_639' title='bbox 1982 3791 2107 3843; x_wconf 82' lang='grc' dir='ltr'>πᾶν.</span> 
     </span>
    </p>
   </div>
   <div class='ocr_carea' id='block_1_83' title="bbox 2052 3871 3546 3970">
    <p class='ocr_par' dir='ltr' id='par_1_83' title="bbox 2052 3871 3546 3970">
     <span class='ocr_line' id='line_1_83' title="bbox 2052 3871 3546 3970; baseline -0.005 -15"><span class='ocrx_word' id='word_1_640' title='bbox 2052 3899 2219 3970; x_wconf 84' lang='lat' dir='ltr'><strong>Marg.</strong></span> <span class='ocrx_word' id='word_1_641' title='bbox 2248 3916 2351 3955; x_wconf 91' lang='lat' dir='ltr'><strong>ms.</strong></span> <span class='ocrx_word' id='word_1_642' title='bbox 2384 3871 2522 3968; x_wconf 70' lang='grc' dir='ltr'>Περὶ</span> <span class='ocrx_word' id='word_1_643' title='bbox 2554 3900 2739 3953; x_wconf 76' lang='grc' dir='ltr'>τόπου</span> <span class='ocrx_word' id='word_1_644' title='bbox 2771 3897 3030 3967; x_wconf 72' lang='grc' dir='ltr'>ἀγγέλου</span> <span class='ocrx_word' id='word_1_645' title='bbox 3067 3895 3164 3952; x_wconf 77' lang='grc' dir='ltr'>καὶ</span> <span class='ocrx_word' id='word_1_646' title='bbox 3190 3893 3296 3963; x_wconf 80' lang='grc' dir='ltr'>τῆς</span> <span class='ocrx_word' id='word_1_647' title='bbox 3317 3893 3546 3963; x_wconf 69' lang='grc' dir='ltr'>ψυχῆς,</span> 
     </span>
    </p>
   </div>
   <div class='ocr_carea' id='block_1_84' title="bbox 1983 3986 3548 4060">
    <p class='ocr_par' dir='ltr' id='par_1_84' title="bbox 1983 3986 3548 4060">
     <span class='ocr_line' id='line_1_84' title="bbox 1983 3986 3548 4060; baseline -0.005 -17"><span class='ocrx_word' id='word_1_648' title='bbox 1983 3991 2084 4044; x_wconf 78' lang='grc' dir='ltr'>καὶ</span> <span class='ocrx_word' id='word_1_649' title='bbox 2109 3992 2240 4060; x_wconf 75' lang='grc' dir='ltr'>περὶ</span> <span class='ocrx_word' id='word_1_650' title='bbox 2270 3991 2376 4046; x_wconf 82' lang='grc' dir='ltr'><strong>τοῦ</strong></span> <span class='ocrx_word' id='word_1_651' title='bbox 2406 3988 2866 4058; x_wconf 71' lang='grc' dir='ltr'>ἀπεριγρὰπτου.</span> <span class='ocrx_word' id='word_1_652' title='bbox 2890 4020 2958 4030; x_wconf 91' lang='grc'><strong>--</strong></span> <span class='ocrx_word' id='word_1_653' title='bbox 2996 3988 3055 4040; x_wconf 84' lang='lat'><strong>&#39;0</strong></span> <span class='ocrx_word' id='word_1_654' title='bbox 3085 3987 3140 4040; x_wconf 73' lang='grc' dir='ltr'>δὲ</span> <span class='ocrx_word' id='word_1_655' title='bbox 3159 3986 3407 4054; x_wconf 73' lang='grc' dir='ltr'>ἄγγελος,</span> <span class='ocrx_word' id='word_1_656' title='bbox 3439 4001 3548 4036; x_wconf 82' lang='grc' dir='ltr'>σω-</span> 
     </span>
    </p>
   </div>
   <div class='ocr_carea' id='block_1_85' title="bbox 1982 4073 3548 4148">
    <p class='ocr_par' dir='ltr' id='par_1_85' title="bbox 1982 4073 3548 4148">
     <span class='ocr_line' id='line_1_85' title="bbox 1982 4073 3548 4148; baseline -0.003 -19"><span class='ocrx_word' id='word_1_657' title='bbox 1982 4077 2227 4144; x_wconf 88' lang='grc' dir='ltr'>ματικῶς</span> <span class='ocrx_word' id='word_1_658' title='bbox 2260 4077 2356 4146; x_wconf 81' lang='grc' dir='ltr'><strong>μὲν</strong></span> <span class='ocrx_word' id='word_1_659' title='bbox 2409 4077 2467 4130; x_wconf 86' lang='grc' dir='ltr'>ὲν</span> <span class='ocrx_word' id='word_1_660' title='bbox 2506 4077 2655 4146; x_wconf 82' lang='grc' dir='ltr'>τόπῳ</span> <span class='ocrx_word' id='word_1_661' title='bbox 2713 4075 3042 4148; x_wconf 84' lang='grc' dir='ltr'>περιέχεται,</span> <span class='ocrx_word' id='word_1_662' title='bbox 3065 4074 3204 4128; x_wconf 78' lang='grc' dir='ltr'>ὥστε</span> <span class='ocrx_word' id='word_1_663' title='bbox 3248 4073 3548 4130; x_wconf 80' lang='grc' dir='ltr'>τυποῦσθαι</span> 
     </span>
    </p>
   </div>
   <div class='ocr_carea' id='block_1_86' title="bbox 2327 4251 2853 4318">
    <p class='ocr_par' dir='ltr' id='par_1_86' title="bbox 2327 4251 2853 4318">
     <span class='ocr_line' id='line_1_86' title="bbox 2327 4251 2853 4318; baseline 0 -13"><span class='ocrx_word' id='word_1_664' title='bbox 2327 4253 2371 4286; x_wconf 70' lang='grc'><strong>’³</strong></span> <span class='ocrx_word' id='word_1_665' title='bbox 2393 4251 2606 4307; x_wconf 82' lang='lat' dir='ltr'><strong>Barucli</strong></span> <span class='ocrx_word' id='word_1_666' title='bbox 2653 4268 2734 4318; x_wconf 88' lang='grc' dir='ltr'>ιιι,</span> <span class='ocrx_word' id='word_1_667' title='bbox 2761 4252 2853 4309; x_wconf 78' lang='grc'><strong>58.</strong></span> 
     </span>
    </p>
   </div>
   <div class='ocr_carea' id='block_1_87' title="bbox 1812 4421 2043 4478">
    <p class='ocr_par' dir='ltr' id='par_1_87' title="bbox 1812 4421 2043 4478">
     <span class='ocr_line' id='line_1_87' title="bbox 1812 4421 2043 4478; baseline 0.004 -1"><span class='ocrx_word' id='word_1_668' title='bbox 1812 4421 2043 4478; x_wconf 70' lang='lat' dir='ltr'><strong>NOTAE.</strong></span> 
     </span>
    </p>
   </div>
   <div class='ocr_carea' id='block_1_88' title="bbox 383 4527 3542 4602">
    <p class='ocr_par' dir='ltr' id='par_1_88' title="bbox 383 4527 3542 4602">
     <span class='ocr_line' id='line_1_88' title="bbox 383 4527 3542 4602; baseline 0 -18"><span class='ocrx_word' id='word_1_669' title='bbox 383 4530 514 4602; x_wconf 11' lang='lat'><strong>(39),</strong></span> <span class='ocrx_word' id='word_1_670' title='bbox 541 4531 597 4582; x_wconf 85' lang='lat'><strong>&#39;0</strong></span> <span class='ocrx_word' id='word_1_671' title='bbox 624 4529 740 4600; x_wconf 73' lang='grc' dir='ltr'><strong>μὲν</strong></span> <span class='ocrx_word' id='word_1_672' title='bbox 769 4528 1073 4602; x_wconf 15' lang='grc' dir='ltr'>οὖνίθεός.</span> <span class='ocrx_word' id='word_1_673' title='bbox 1105 4530 1240 4585; x_wconf 85' lang='lat' dir='ltr'><strong>Deus</strong></span> <span class='ocrx_word' id='word_1_674' title='bbox 1273 4533 1464 4601; x_wconf 84' lang='lat' dir='ltr'><strong>igitur.</strong></span> <span class='ocrx_word' id='word_1_675' title='bbox 1499 4541 1606 4587; x_wconf 90' lang='lat' dir='ltr'><strong>etc.</strong></span> <span class='ocrx_word' id='word_1_676' title='bbox 1656 4532 1730 4586; x_wconf 82' lang='lat' dir='ltr'><strong>Ex</strong></span> <span class='ocrx_word' id='word_1_677' title='bbox 1774 4533 1878 4590; x_wconf 89' lang='lat' dir='ltr'><strong>loci</strong></span> <span class='ocrx_word' id='word_1_678' title='bbox 1912 4527 1954 4580; x_wconf 80' lang='grc' dir='ltr'><strong>ἰ)</strong></span> <span class='ocrx_word' id='word_1_679' title='bbox 1981 4536 2117 4590; x_wconf 89' lang='lat' dir='ltr'><strong>locis</strong></span> <span class='ocrx_word' id='word_1_680' title='bbox 2171 4535 2363 4590; x_wconf 87' lang='lat' dir='ltr'><strong>adesse</strong></span> <span class='ocrx_word' id='word_1_681' title='bbox 2415 4549 2507 4601; x_wconf 90' lang='lat' dir='ltr'><strong>per</strong></span> <span class='ocrx_word' id='word_1_682' title='bbox 2548 4532 2917 4602; x_wconf 89' lang='lat' dir='ltr'><strong>operationem</strong></span> <span class='ocrx_word' id='word_1_683' title='bbox 2959 4527 3280 4602; x_wconf 60' lang='lat' dir='ltr'><strong>fatebantur</strong></span> <span class='ocrx_word' id='word_1_684' title='bbox 3301 4573 3315 4591; x_wconf 83' lang='lat'><strong>,</strong></span> <span class='ocrx_word' id='word_1_685' title='bbox 3347 4536 3400 4582; x_wconf 89' lang='lat' dir='ltr'><strong>at</strong></span> <span class='ocrx_word' id='word_1_686' title='bbox 3435 4548 3542 4584; x_wconf 83' lang='lat' dir='ltr'><strong>non</strong></span> 
     </span>
    </p>
   </div>
   <div class='ocr_carea' id='block_1_89' title="bbox 313 4599 1883 4670">
    <p class='ocr_par' dir='ltr' id='par_1_89' title="bbox 313 4599 1883 4670">
     <span class='ocr_line' id='line_1_89' title="bbox 313 4599 1883 4670; baseline 0.003 -16"><span class='ocrx_word' id='word_1_687' title='bbox 313 4599 636 4656; x_wconf 83' lang='lat' dir='ltr'><strong>deﬁnitione</strong></span> <span class='ocrx_word' id='word_1_688' title='bbox 669 4617 830 4670; x_wconf 91' lang='lat' dir='ltr'><strong>quam</strong></span> <span class='ocrx_word' id='word_1_689' title='bbox 895 4601 1262 4656; x_wconf 83' lang='lat' dir='ltr'><strong>Damasccnus</strong></span> <span class='ocrx_word' id='word_1_690' title='bbox 1291 4599 1456 4657; x_wconf 77' lang='lat' dir='ltr'><strong>tradit</strong></span> <span class='ocrx_word' id='word_1_691' title='bbox 1480 4617 1544 4656; x_wconf 86' lang='lat' dir='ltr'><strong>ex</strong></span> <span class='ocrx_word' id='word_1_692' title='bbox 1571 4601 1883 4668; x_wconf 84' lang='lat' dir='ltr'><strong>Aristotele,</strong></span> 
     </span>
    </p>
   </div>
   <div class='ocr_carea' id='block_1_90' title="bbox 313 4670 1884 4742">
    <p class='ocr_par' dir='ltr' id='par_1_90' title="bbox 313 4670 1884 4742">
     <span class='ocr_line' id='line_1_90' title="bbox 313 4670 1884 4742; baseline 0.003 -18"><span class='ocrx_word' id='word_1_693' title='bbox 313 4670 592 4742; x_wconf 75' lang='lat' dir='ltr'><strong>colligitur</strong></span> <span class='ocrx_word' id='word_1_694' title='bbox 639 4671 965 4742; x_wconf 13' lang='lat' dir='ltr'><strong>nullorloco</strong></span> <span class='ocrx_word' id='word_1_695' title='bbox 1021 4670 1189 4725; x_wconf 90' lang='lat' dir='ltr'><strong>Deum</strong></span> <span class='ocrx_word' id='word_1_696' title='bbox 1226 4672 1516 4734; x_wconf 88' lang='lat' dir='ltr'><strong>contineri,</strong></span> <span class='ocrx_word' id='word_1_697' title='bbox 1551 4673 1749 4742; x_wconf 82' lang='lat' dir='ltr'><strong>quippe</strong></span> <span class='ocrx_word' id='word_1_698' title='bbox 1788 4675 1884 4742; x_wconf 92' lang='lat' dir='ltr'><strong>qui</strong></span> 
     </span>
    </p>
   </div>
   <div class='ocr_carea' id='block_1_91' title="bbox 313 4741 1879 4811">
    <p class='ocr_par' dir='ltr' id='par_1_91' title="bbox 313 4741 1879 4811">
     <span class='ocr_line' id='line_1_91' title="bbox 313 4741 1879 4811; baseline 0.004 -21"><span class='ocrx_word' id='word_1_699' title='bbox 313 4741 460 4811; x_wconf 83' lang='lat' dir='ltr'><strong>u_ul|_a</strong></span> <span class='ocrx_word' id='word_1_700' title='bbox 489 4742 737 4811; x_wconf 77' lang='lat' dir='ltr'><strong>corporis</strong></span> <span class='ocrx_word' id='word_1_701' title='bbox 771 4741 916 4795; x_wconf 90' lang='lat' dir='ltr'><strong>illius</strong></span> <span class='ocrx_word' id='word_1_702' title='bbox 949 4742 1234 4810; x_wconf 83' lang='lat' dir='ltr'><strong>superﬁcie</strong></span> <span class='ocrx_word' id='word_1_703' title='bbox 1264 4741 1646 4811; x_wconf 70' lang='lat' dir='ltr'><strong>circumscribi</strong></span> <span class='ocrx_word' id='word_1_704' title='bbox 1687 4741 1879 4811; x_wconf 88' lang='lat' dir='ltr'><strong>possit.</strong></span> 
     </span>
    </p>
   </div>
   <div class='ocr_carea' id='block_1_92' title="bbox 314 4808 1879 4880">
    <p class='ocr_par' dir='ltr' id='par_1_92' title="bbox 314 4808 1879 4880">
     <span class='ocr_line' id='line_1_92' title="bbox 314 4808 1879 4880; baseline 0.004 -19"><span class='ocrx_word' id='word_1_705' title='bbox 314 4808 469 4880; x_wconf 66' lang='lat' dir='ltr'><strong>[inde</strong></span> <span class='ocrx_word' id='word_1_706' title='bbox 501 4825 649 4880; x_wconf 8' lang='lat' dir='ltr'><strong>ﬁcum</strong></span> <span class='ocrx_word' id='word_1_707' title='bbox 686 4808 1035 4866; x_wconf 81' lang='lat' dir='ltr'><strong>Nazianzcno</strong></span> <span class='ocrx_word' id='word_1_708' title='bbox 1090 4820 1230 4867; x_wconf 91' lang='lat' dir='ltr'><strong>orat.</strong></span> <span class='ocrx_word' id='word_1_709' title='bbox 1286 4813 1372 4873; x_wconf 75' lang='lat'><strong>54,</strong></span> <span class='ocrx_word' id='word_1_710' title='bbox 1406 4819 1459 4865; x_wconf 91' lang='lat' dir='ltr'><strong>et</strong></span> <span class='ocrx_word' id='word_1_711' title='bbox 1496 4808 1740 4880; x_wconf 82' lang='lat' dir='ltr'><strong>Nysseno</strong></span> <span class='ocrx_word' id='word_1_712' title='bbox 1783 4813 1879 4868; x_wconf 88' lang='lat' dir='ltr'><strong>lib.</strong></span> 
     </span>
    </p>
   </div>
   <div class='ocr_carea' id='block_1_93' title="bbox 312 4878 1880 4948">
    <p class='ocr_par' dir='ltr' id='par_1_93' title="bbox 312 4878 1880 4948">
     <span class='ocr_line' id='line_1_93' title="bbox 312 4878 1880 4948; baseline 0.005 -18"><span class='ocrx_word' id='word_1_713' title='bbox 312 4878 386 4932; x_wconf 83' lang='lat' dir='ltr'><strong>De</strong></span> <span class='ocrx_word' id='word_1_714' title='bbox 419 4879 585 4933; x_wconf 87' lang='lat' dir='ltr'><strong>anim.</strong></span> <span class='ocrx_word' id='word_1_715' title='bbox 614 4889 662 4932; x_wconf 90' lang='lat' dir='ltr'><strong>et</strong></span> <span class='ocrx_word' id='word_1_716' title='bbox 706 4896 907 4935; x_wconf 74' lang='lat' dir='ltr'><strong>resurr.</strong></span> <span class='ocrx_word' id='word_1_717' title='bbox 949 4881 1178 4935; x_wconf 78' lang='lat' dir='ltr'><strong>dixerim</strong></span> <span class='ocrx_word' id='word_1_718' title='bbox 1227 4883 1431 4944; x_wconf 89' lang='lat' dir='ltr'><strong>verius,</strong></span> <span class='ocrx_word' id='word_1_719' title='bbox 1456 4878 1726 4948; x_wconf 78' lang='lat' dir='ltr'><strong>nusquam</strong></span> <span class='ocrx_word' id='word_1_720' title='bbox 1758 4896 1880 4938; x_wconf 84' lang='lat' dir='ltr'><strong>esse</strong></span> 
     </span>
    </p>
   </div>
   <div class='ocr_carea' id='block_1_94' title="bbox 314 4948 1873 5019">
    <p class='ocr_par' dir='ltr' id='par_1_94' title="bbox 314 4948 1873 5019">
     <span class='ocr_line' id='line_1_94' title="bbox 314 4948 1873 5019; baseline 0.003 -17"><span class='ocrx_word' id='word_1_721' title='bbox 314 4948 502 5019; x_wconf 73' lang='lat' dir='ltr'><strong>Donni,</strong></span> <span class='ocrx_word' id='word_1_722' title='bbox 536 4957 590 5019; x_wconf 79' lang='lat' dir='ltr'><strong>et</strong></span> <span class='ocrx_word' id='word_1_723' title='bbox 611 4949 813 5019; x_wconf 78' lang='lat' dir='ltr'><strong>u_bique</strong></span> <span class='ocrx_word' id='word_1_724' title='bbox 837 4950 1051 5013; x_wconf 90' lang='lat' dir='ltr'><strong>adesse,</strong></span> <span class='ocrx_word' id='word_1_725' title='bbox 1071 4959 1236 5016; x_wconf 87' lang='lat' dir='ltr'><strong>atque</strong></span> <span class='ocrx_word' id='word_1_726' title='bbox 1259 4952 1499 5004; x_wconf 89' lang='lat' dir='ltr'><strong>omnium</strong></span> <span class='ocrx_word' id='word_1_727' title='bbox 1529 4951 1702 5004; x_wconf 87' lang='lat' dir='ltr'><strong>locum</strong></span> <span class='ocrx_word' id='word_1_728' title='bbox 1732 4966 1873 5006; x_wconf 89' lang='lat' dir='ltr'><strong>esse.</strong></span> 
     </span>
    </p>
   </div>
   <div class='ocr_carea' id='block_1_95' title="bbox 311 5016 1883 5088">
    <p class='ocr_par' dir='ltr' id='par_1_95' title="bbox 311 5016 1883 5088">
     <span class='ocr_line' id='line_1_95' title="bbox 311 5016 1883 5088; baseline 0.004 -18"><span class='ocrx_word' id='word_1_729' title='bbox 311 5016 483 5088; x_wconf 83' lang='lat' dir='ltr'><strong>Porro</strong></span> <span class='ocrx_word' id='word_1_730' title='bbox 537 5018 596 5073; x_wconf 90' lang='lat' dir='ltr'><strong>S.</strong></span> <span class='ocrx_word' id='word_1_731' title='bbox 631 5016 870 5074; x_wconf 79' lang='lat' dir='ltr'><strong>Thomas</strong></span> <span class='ocrx_word' id='word_1_732' title='bbox 902 5036 916 5073; x_wconf 93' lang='grc' dir='ltr'><strong>ι</strong></span> <span class='ocrx_word' id='word_1_733' title='bbox 955 5036 1007 5088; x_wconf 92' lang='lat' dir='ltr'><strong>p.</strong></span> <span class='ocrx_word' id='word_1_734' title='bbox 1040 5036 1094 5088; x_wconf 87' lang='lat' dir='ltr'><strong>q.</strong></span> <span class='ocrx_word' id='word_1_735' title='bbox 1127 5020 1180 5081; x_wconf 91' lang='lat'><strong>8,</strong></span> <span class='ocrx_word' id='word_1_736' title='bbox 1210 5035 1258 5071; x_wconf 92' lang='lat' dir='ltr'><strong>a.</strong></span> <span class='ocrx_word' id='word_1_737' title='bbox 1288 5020 1337 5082; x_wconf 86' lang='lat' dir='ltr'><strong>l,</strong></span> <span class='ocrx_word' id='word_1_738' title='bbox 1376 5019 1535 5074; x_wconf 90' lang='lat' dir='ltr'><strong>docet</strong></span> <span class='ocrx_word' id='word_1_739' title='bbox 1571 5019 1739 5074; x_wconf 88' lang='lat' dir='ltr'><strong>Deum</strong></span> <span class='ocrx_word' id='word_1_740' title='bbox 1769 5037 1883 5076; x_wconf 85' lang='lat' dir='ltr'><strong>esse</strong></span> 
     </span>
    </p>
   </div>
   <div class='ocr_carea' id='block_1_96' title="bbox 310 5087 1880 5160">
    <p class='ocr_par' dir='ltr' id='par_1_96' title="bbox 310 5087 1880 5160">
     <span class='ocr_line' id='line_1_96' title="bbox 310 5087 1880 5160; baseline 0.006 -22"><span class='ocrx_word' id='word_1_741' title='bbox 310 5087 519 5158; x_wconf 84' lang='lat' dir='ltr'><strong>ubique,</strong></span> <span class='ocrx_word' id='word_1_742' title='bbox 553 5089 687 5160; x_wconf 82' lang='lat' dir='ltr'><strong>sicut</strong></span> <span class='ocrx_word' id='word_1_743' title='bbox 729 5104 884 5160; x_wconf 80' lang='lat' dir='ltr'><strong>agens</strong></span> <span class='ocrx_word' id='word_1_744' title='bbox 919 5087 1067 5143; x_wconf 78' lang='lat' dir='ltr'><strong>adest</strong></span> <span class='ocrx_word' id='word_1_745' title='bbox 1109 5090 1158 5142; x_wconf 92' lang='lat' dir='ltr'><strong>ei</strong></span> <span class='ocrx_word' id='word_1_746' title='bbox 1203 5090 1256 5142; x_wconf 87' lang='lat' dir='ltr'><strong>in</strong></span> <span class='ocrx_word' id='word_1_747' title='bbox 1301 5088 1439 5160; x_wconf 86' lang='lat' dir='ltr'><strong>quod</strong></span> <span class='ocrx_word' id='word_1_748' title='bbox 1486 5091 1617 5156; x_wconf 85' lang='lat' dir='ltr'><strong>agit,</strong></span> <span class='ocrx_word' id='word_1_749' title='bbox 1657 5098 1714 5142; x_wconf 91' lang='lat' dir='ltr'><strong>ut</strong></span> <span class='ocrx_word' id='word_1_750' title='bbox 1740 5088 1880 5147; x_wconf 86' lang='lat' dir='ltr'><strong>Deus</strong></span> 
     </span>
    </p>
   </div>
   <div class='ocr_carea' id='block_1_97' title="bbox 316 5158 1882 5230">
    <p class='ocr_par' dir='ltr' id='par_1_97' title="bbox 316 5158 1882 5230">
     <span class='ocr_line' id='line_1_97' title="bbox 316 5158 1882 5230; baseline 0.005 -23"><span class='ocrx_word' id='word_1_751' title='bbox 316 5160 449 5230; x_wconf 85' lang='lat' dir='ltr'><strong>locis</strong></span> <span class='ocrx_word' id='word_1_752' title='bbox 477 5158 730 5230; x_wconf 76' lang='lat' dir='ltr'><strong>omnibus</strong></span> <span class='ocrx_word' id='word_1_753' title='bbox 761 5159 955 5230; x_wconf 76' lang='lat' dir='ltr'><strong>adesse</strong></span> <span class='ocrx_word' id='word_1_754' title='bbox 992 5175 1099 5212; x_wconf 92' lang='lat' dir='ltr'><strong>non</strong></span> <span class='ocrx_word' id='word_1_755' title='bbox 1129 5158 1445 5230; x_wconf 79' lang='lat' dir='ltr'><strong>censeatur,</strong></span> <span class='ocrx_word' id='word_1_756' title='bbox 1477 5161 1717 5230; x_wconf 81' lang='lat' dir='ltr'><strong>nisi_per</strong></span> <span class='ocrx_word' id='word_1_757' title='bbox 1753 5175 1882 5230; x_wconf 87' lang='lat' dir='ltr'><strong>Ope-</strong></span> 
     </span>
    </p>
   </div>
   <div class='ocr_carea' id='block_1_98' title="bbox 315 5227 1882 5294">
    <p class='ocr_par' dir='ltr' id='par_1_98' title="bbox 315 5227 1882 5294">
     <span class='ocr_line' id='line_1_98' title="bbox 315 5227 1882 5294; baseline 0.004 -15"><span class='ocrx_word' id='word_1_758' title='bbox 315 5228 597 5282; x_wconf 85' lang='lat' dir='ltr'><strong>rationem.</strong></span> <span class='ocrx_word' id='word_1_759' title='bbox 642 5227 754 5282; x_wconf 86' lang='lat' dir='ltr'><strong>Hoc</strong></span> <span class='ocrx_word' id='word_1_760' title='bbox 781 5228 980 5283; x_wconf 84' lang='lat' dir='ltr'><strong>Noster</strong></span> <span class='ocrx_word' id='word_1_761' title='bbox 1007 5228 1294 5284; x_wconf 87' lang='lat' dir='ltr'><strong>conﬁrmat</strong></span> <span class='ocrx_word' id='word_1_762' title='bbox 1333 5230 1422 5282; x_wconf 87' lang='lat' dir='ltr'><strong>ubi</strong></span> <span class='ocrx_word' id='word_1_763' title='bbox 1447 5229 1542 5294; x_wconf 91' lang='lat' dir='ltr'><strong>ait,</strong></span> <span class='ocrx_word' id='word_1_764' title='bbox 1577 5227 1741 5281; x_wconf 86' lang='lat' dir='ltr'><strong>Deum</strong></span> <span class='ocrx_word' id='word_1_765' title='bbox 1775 5227 1882 5285; x_wconf 82' lang='lat' dir='ltr'><strong>dici</strong></span> 
     </span>
    </p>
   </div>
   <div class='ocr_carea' id='block_1_99' title="bbox 314 5296 1882 5368">
    <p class='ocr_par' dir='ltr' id='par_1_99' title="bbox 314 5296 1882 5368">
     <span class='ocr_line' id='line_1_99' title="bbox 314 5296 1882 5368; baseline 0.003 -19"><span class='ocrx_word' id='word_1_766' title='bbox 314 5298 367 5349; x_wconf 87' lang='lat' dir='ltr'><strong>in</strong></span> <span class='ocrx_word' id='word_1_767' title='bbox 396 5296 511 5352; x_wconf 84' lang='lat' dir='ltr'><strong>loco</strong></span> <span class='ocrx_word' id='word_1_768' title='bbox 547 5315 674 5356; x_wconf 83' lang='lat' dir='ltr'><strong>esse.</strong></span> <span class='ocrx_word' id='word_1_769' title='bbox 707 5307 755 5351; x_wconf 86' lang='lat' dir='ltr'><strong>et</strong></span> <span class='ocrx_word' id='word_1_770' title='bbox 804 5297 897 5352; x_wconf 88' lang='lat' dir='ltr'><strong>Dei</strong></span> <span class='ocrx_word' id='word_1_771' title='bbox 947 5299 1119 5352; x_wconf 85' lang='lat' dir='ltr'><strong>locum</strong></span> <span class='ocrx_word' id='word_1_772' title='bbox 1151 5297 1204 5350; x_wconf 81' lang='lat' dir='ltr'><strong>id</strong></span> <span class='ocrx_word' id='word_1_773' title='bbox 1251 5297 1529 5366; x_wconf 85' lang='lat' dir='ltr'><strong>appellari,</strong></span> <span class='ocrx_word' id='word_1_774' title='bbox 1557 5299 1607 5350; x_wconf 86' lang='lat' dir='ltr'><strong>in</strong></span> <span class='ocrx_word' id='word_1_775' title='bbox 1641 5314 1742 5367; x_wconf 83' lang='lat' dir='ltr'><strong>quo</strong></span> <span class='ocrx_word' id='word_1_776' title='bbox 1769 5300 1882 5368; x_wconf 83' lang='lat' dir='ltr'><strong>ejus</strong></span> 
     </span>
    </p>
   </div>
   <div class='ocr_carea' id='block_1_100' title="bbox 316 5368 1883 5437">
    <p class='ocr_par' dir='ltr' id='par_1_100' title="bbox 316 5368 1883 5437">
     <span class='ocr_line' id='line_1_100' title="bbox 316 5368 1883 5437; baseline 0.003 -19"><span class='ocrx_word' id='word_1_777' title='bbox 316 5368 784 5437; x_wconf 12' lang='lat' dir='ltr'><strong>aetioiexseritur;</strong></span> <span class='ocrx_word' id='word_1_778' title='bbox 820 5384 938 5422; x_wconf 86' lang='lat' dir='ltr'><strong>eum</strong></span> <span class='ocrx_word' id='word_1_779' title='bbox 992 5370 1177 5437; x_wconf 78' lang='lat' dir='ltr'><strong>quippe</strong></span> <span class='ocrx_word' id='word_1_780' title='bbox 1203 5369 1378 5421; x_wconf 86' lang='lat' dir='ltr'><strong>omnia</strong></span> <span class='ocrx_word' id='word_1_781' title='bbox 1433 5369 1713 5435; x_wconf 85' lang='lat' dir='ltr'><strong>pervadere</strong></span> <span class='ocrx_word' id='word_1_782' title='bbox 1743 5379 1791 5422; x_wconf 87' lang='lat' dir='ltr'><strong>et</strong></span> <span class='ocrx_word' id='word_1_783' title='bbox 1829 5371 1883 5422; x_wconf 88' lang='lat' dir='ltr'><strong>in</strong></span> 
     </span>
    </p>
   </div>
   <div class='ocr_carea' id='block_1_101' title="bbox 315 5436 1880 5508">
    <p class='ocr_par' dir='ltr' id='par_1_101' title="bbox 315 5436 1880 5508">
     <span class='ocr_line' id='line_1_101' title="bbox 315 5436 1880 5508; baseline 0.003 -22"><span class='ocrx_word' id='word_1_784' title='bbox 315 5436 556 5508; x_wconf 75' lang='lat' dir='ltr'><strong>omnibus</strong></span> <span class='ocrx_word' id='word_1_785' title='bbox 587 5455 753 5507; x_wconf 82' lang='lat' dir='ltr'><strong>agere,</strong></span> <span class='ocrx_word' id='word_1_786' title='bbox 805 5439 1092 5492; x_wconf 86' lang='lat' dir='ltr'><strong>secundum</strong></span> <span class='ocrx_word' id='word_1_787' title='bbox 1119 5436 1541 5508; x_wconf 82' lang='lat' dir='ltr'><strong>uniuscujusque</strong></span> <span class='ocrx_word' id='word_1_788' title='bbox 1580 5438 1880 5504; x_wconf 80' lang='lat' dir='ltr'><strong>dispositio-</strong></span> 
     </span>
    </p>
   </div>
   <div class='ocr_carea' id='block_1_102' title="bbox 318 5506 1881 5576">
    <p class='ocr_par' dir='ltr' id='par_1_102' title="bbox 318 5506 1881 5576">
     <span class='ocr_line' id='line_1_102' title="bbox 318 5506 1881 5576; baseline 0.007 -22"><span class='ocrx_word' id='word_1_789' title='bbox 318 5519 447 5576; x_wconf 64' lang='lat' dir='ltr'><strong>nem.</strong></span> <span class='ocrx_word' id='word_1_790' title='bbox 490 5506 632 5561; x_wconf 6' lang='lat' dir='ltr'><strong>illoc</strong></span> <span class='ocrx_word' id='word_1_791' title='bbox 687 5517 1066 5576; x_wconf 76' lang='lat' dir='ltr'><strong>argumentum</strong></span> <span class='ocrx_word' id='word_1_792' title='bbox 1135 5506 1488 5576; x_wconf 81' lang='lat' dir='ltr'><strong>persequitur</strong></span> <span class='ocrx_word' id='word_1_793' title='bbox 1559 5507 1881 5565; x_wconf 84' lang='lat' dir='ltr'><strong>Anastasius</strong></span> 
     </span>
    </p>
   </div>
   <div class='ocr_carea' id='block_1_103' title="bbox 324 5575 1880 5644">
    <p class='ocr_par' dir='ltr' id='par_1_103' title="bbox 324 5575 1880 5644">
     <span class='ocr_line' id='line_1_103' title="bbox 324 5575 1880 5644; baseline 0.004 -19"><span class='ocrx_word' id='word_1_794' title='bbox 324 5575 698 5631; x_wconf 79' lang='lat' dir='ltr'><strong>Antiochenus</strong></span> <span class='ocrx_word' id='word_1_795' title='bbox 738 5575 877 5630; x_wconf 79' lang='lat' dir='ltr'><strong>erat.</strong></span> <span class='ocrx_word' id='word_1_796' title='bbox 933 5577 1007 5630; x_wconf 88' lang='lat' dir='ltr'><strong>De</strong></span> <span class='ocrx_word' id='word_1_797' title='bbox 1040 5575 1508 5644; x_wconf 80' lang='lat' dir='ltr'><strong>incircumscripto,</strong></span> <span class='ocrx_word' id='word_1_798' title='bbox 1537 5579 1589 5630; x_wconf 91' lang='lat' dir='ltr'><strong>in</strong></span> <span class='ocrx_word' id='word_1_799' title='bbox 1624 5592 1729 5644; x_wconf 89' lang='lat' dir='ltr'><strong>qua</strong></span> <span class='ocrx_word' id='word_1_800' title='bbox 1768 5577 1880 5633; x_wconf 90' lang='lat' dir='ltr'><strong>dis-</strong></span> 
     </span>
    </p>
   </div>
   <div class='ocr_carea' id='block_1_104' title="bbox 319 5645 1880 5716">
    <p class='ocr_par' dir='ltr' id='par_1_104' title="bbox 319 5645 1880 5716">
     <span class='ocr_line' id='line_1_104' title="bbox 319 5645 1880 5716; baseline 0.006 -21"><span class='ocrx_word' id='word_1_801' title='bbox 319 5652 474 5704; x_wconf 84' lang='lat' dir='ltr'><strong>putat</strong></span> <span class='ocrx_word' id='word_1_802' title='bbox 520 5647 781 5701; x_wconf 85' lang='lat' dir='ltr'><strong>adversus</strong></span> <span class='ocrx_word' id='word_1_803' title='bbox 833 5645 1100 5716; x_wconf 90' lang='lat' dir='ltr'><strong>quosdam</strong></span> <span class='ocrx_word' id='word_1_804' title='bbox 1139 5647 1232 5716; x_wconf 90' lang='lat' dir='ltr'><strong>qui</strong></span> <span class='ocrx_word' id='word_1_805' title='bbox 1295 5646 1460 5702; x_wconf 89' lang='lat' dir='ltr'><strong>Deum</strong></span> <span class='ocrx_word' id='word_1_806' title='bbox 1521 5647 1575 5701; x_wconf 90' lang='lat' dir='ltr'><strong>in</strong></span> <span class='ocrx_word' id='word_1_807' title='bbox 1627 5647 1880 5704; x_wconf 81' lang='lat' dir='ltr'><strong>omnibus</strong></span> 
     </span>
    </p>
   </div>
   <div class='ocr_carea' id='block_1_105' title="bbox 1987 4600 3542 4671">
    <p class='ocr_par' dir='ltr' id='par_1_105' title="bbox 1987 4600 3542 4671">
     <span class='ocr_line' id='line_1_105' title="bbox 1987 4600 3542 4671; baseline -0.005 -11"><span class='ocrx_word' id='word_1_808' title='bbox 1987 4604 2287 4660; x_wconf 88' lang='lat' dir='ltr'><strong>secundum</strong></span> <span class='ocrx_word' id='word_1_809' title='bbox 2332 4600 2651 4663; x_wconf 83' lang='lat' dir='ltr'><strong>essentiam,</strong></span> <span class='ocrx_word' id='word_1_810' title='bbox 2693 4609 2912 4671; x_wconf 88' lang='lat' dir='ltr'><strong>pr0pter</strong></span> <span class='ocrx_word' id='word_1_811' title='bbox 2955 4600 3200 4671; x_wconf 80' lang='lat' dir='ltr'><strong>locorum</strong></span> <span class='ocrx_word' id='word_1_812' title='bbox 3244 4601 3542 4667; x_wconf 71' lang='lat' dir='ltr'><strong>praesertim</strong></span> 
     </span>
    </p>
   </div>
   <div class='ocr_carea' id='block_1_106' title="bbox 1986 4669 3545 4738">
    <p class='ocr_par' dir='ltr' id='par_1_106' title="bbox 1986 4669 3545 4738">
     <span class='ocr_line' id='line_1_106' title="bbox 1986 4669 3545 4738; baseline -0.004 -10"><span class='ocrx_word' id='word_1_813' title='bbox 1986 4674 2302 4731; x_wconf 62' lang='lat' dir='ltr'><strong>fatuitatem.</strong></span> <span class='ocrx_word' id='word_1_814' title='bbox 2329 4673 2442 4728; x_wconf 82' lang='lat' dir='ltr'><strong>Hos</strong></span> <span class='ocrx_word' id='word_1_815' title='bbox 2473 4672 2670 4727; x_wconf 82' lang='lat' dir='ltr'><strong>refellit</strong></span> <span class='ocrx_word' id='word_1_816' title='bbox 2690 4669 2709 4736; x_wconf 65' lang='grc' dir='ltr'><em>ζ</em></span> <span class='ocrx_word' id='word_1_817' title='bbox 2729 4669 2843 4724; x_wconf 75' lang='lat' dir='ltr'><strong>tuin</strong></span> <span class='ocrx_word' id='word_1_818' title='bbox 2875 4669 3001 4738; x_wconf 89' lang='lat' dir='ltr'><strong>quia</strong></span> <span class='ocrx_word' id='word_1_819' title='bbox 3037 4669 3545 4736; x_wconf 75' lang='lat' dir='ltr'><strong>incircumscriptus</strong></span> 
     </span>
    </p>
   </div>
   <div class='ocr_carea' id='block_1_107' title="bbox 1986 4738 3548 4813">
    <p class='ocr_par' dir='ltr' id='par_1_107' title="bbox 1986 4738 3548 4813">
     <span class='ocr_line' id='line_1_107' title="bbox 1986 4738 3548 4813; baseline -0.006 -15"><span class='ocrx_word' id='word_1_820' title='bbox 1986 4745 2399 4813; x_wconf 80' lang='lat' dir='ltr'><strong>immensasque</strong></span> <span class='ocrx_word' id='word_1_821' title='bbox 2424 4752 2526 4806; x_wconf 89' lang='lat' dir='ltr'><strong>est,</strong></span> <span class='ocrx_word' id='word_1_822' title='bbox 2557 4743 2876 4813; x_wconf 78' lang='lat' dir='ltr'><strong>tum_ctiam</strong></span> <span class='ocrx_word' id='word_1_823' title='bbox 2905 4739 3032 4808; x_wconf 86' lang='lat' dir='ltr'><strong>quia</strong></span> <span class='ocrx_word' id='word_1_824' title='bbox 3072 4746 3156 4791; x_wconf 89' lang='lat' dir='ltr'><strong>est</strong></span> <span class='ocrx_word' id='word_1_825' title='bbox 3183 4738 3386 4791; x_wconf 88' lang='lat' dir='ltr'><strong>inﬁnite</strong></span> <span class='ocrx_word' id='word_1_826' title='bbox 3415 4740 3548 4792; x_wconf 89' lang='lat' dir='ltr'><strong>sim-</strong></span> 
     </span>
    </p>
   </div>
   <div class='ocr_carea' id='block_1_108' title="bbox 1985 4808 3543 4883">
    <p class='ocr_par' dir='ltr' id='par_1_108' title="bbox 1985 4808 3543 4883">
     <span class='ocr_line' id='line_1_108' title="bbox 1985 4808 3543 4883; baseline -0.005 -15"><span class='ocrx_word' id='word_1_827' title='bbox 1985 4815 2128 4883; x_wconf 80' lang='lat' dir='ltr'><strong>plex,</strong></span> <span class='ocrx_word' id='word_1_828' title='bbox 2171 4808 2331 4881; x_wconf 79' lang='lat' dir='ltr'><strong>cujus</strong></span> <span class='ocrx_word' id='word_1_829' title='bbox 2363 4812 2607 4883; x_wconf 82' lang='lat' dir='ltr'><strong>operatio</strong></span> <span class='ocrx_word' id='word_1_830' title='bbox 2647 4809 2786 4863; x_wconf 86' lang='lat' dir='ltr'><strong>idem</strong></span> <span class='ocrx_word' id='word_1_831' title='bbox 2835 4808 2904 4862; x_wconf 91' lang='lat' dir='ltr'><strong>sit</strong></span> <span class='ocrx_word' id='word_1_832' title='bbox 2952 4821 3177 4876; x_wconf 88' lang='lat' dir='ltr'><strong>prorsus</strong></span> <span class='ocrx_word' id='word_1_833' title='bbox 3210 4823 3288 4883; x_wconf 75' lang='lat' dir='ltr'><strong>ac_</strong></span> <span class='ocrx_word' id='word_1_834' title='bbox 3317 4823 3543 4883; x_wconf 62' lang='lat' dir='ltr'><strong>maes-</strong></span> 
     </span>
    </p>
   </div>
   <div class='ocr_carea' id='block_1_109' title="bbox 1983 4875 3548 4938">
    <p class='ocr_par' dir='ltr' id='par_1_109' title="bbox 1983 4875 3548 4938">
     <span class='ocr_line' id='line_1_109' title="bbox 1983 4875 3548 4938; baseline -0.003 -1"><span class='ocrx_word' id='word_1_835' title='bbox 1983 4875 2212 4938; x_wconf 70' lang='lat' dir='ltr'><strong>sentite:</strong></span> <span class='ocrx_word' id='word_1_836' title='bbox 2239 4875 2364 4935; x_wconf 68' lang='lat' dir='ltr'><strong>eam</strong></span> <span class='ocrx_word' id='word_1_837' title='bbox 2398 4875 2486 4935; x_wconf 49' lang='lat' dir='ltr'><strong>&quot;ob</strong></span> <span class='ocrx_word' id='word_1_838' title='bbox 2533 4896 2647 4934; x_wconf 89' lang='lat' dir='ltr'><strong>rem</strong></span> <span class='ocrx_word' id='word_1_839' title='bbox 2680 4875 2968 4933; x_wconf 83' lang='lat' dir='ltr'><strong>necessum</strong></span> <span class='ocrx_word' id='word_1_840' title='bbox 3004 4892 3124 4931; x_wconf 88' lang='lat' dir='ltr'><strong>esse</strong></span> <span class='ocrx_word' id='word_1_841' title='bbox 3158 4885 3215 4930; x_wconf 88' lang='lat' dir='ltr'><strong>ut</strong></span> <span class='ocrx_word' id='word_1_842' title='bbox 3255 4875 3397 4931; x_wconf 86' lang='lat' dir='ltr'><strong>Deus</strong></span> <span class='ocrx_word' id='word_1_843' title='bbox 3437 4878 3548 4932; x_wconf 90' lang='lat' dir='ltr'><strong>illic</strong></span> 
     </span>
    </p>
   </div>
   <div class='ocr_carea' id='block_1_110' title="bbox 1988 4946 3544 5026">
    <p class='ocr_par' dir='ltr' id='par_1_110' title="bbox 1988 4946 3544 5026">
     <span class='ocr_line' id='line_1_110' title="bbox 1988 4946 3544 5026; baseline -0.004 -20"><span class='ocrx_word' id='word_1_844' title='bbox 1988 4953 2132 5026; x_wconf 88' lang='lat' dir='ltr'><strong>a_dsit</strong></span> <span class='ocrx_word' id='word_1_845' title='bbox 2151 4949 2796 5026; x_wconf 76' lang='lat' dir='ltr'><strong>seettnduni_essentiat_n,</strong></span> <span class='ocrx_word' id='word_1_846' title='bbox 2825 4946 3271 5026; x_wconf 76' lang='lat' dir='ltr'><strong>ubi_intelligitu_r</strong></span> <span class='ocrx_word' id='word_1_847' title='bbox 3308 4948 3544 5026; x_wconf 73' lang='lat' dir='ltr'><strong>operari.</strong></span> 
     </span>
    </p>
   </div>
   <div class='ocr_carea' id='block_1_111' title="bbox 1987 5016 3545 5085">
    <p class='ocr_par' dir='ltr' id='par_1_111' title="bbox 1987 5016 3545 5085">
     <span class='ocr_line' id='line_1_111' title="bbox 1987 5016 3545 5085; baseline -0.006 -9"><span class='ocrx_word' id='word_1_848' title='bbox 1987 5021 2299 5083; x_wconf 78' lang='lat' dir='ltr'><strong>Enimvero,</strong></span> <span class='ocrx_word' id='word_1_849' title='bbox 2334 5028 2393 5074; x_wconf 89' lang='lat' dir='ltr'><strong>ut</strong></span> <span class='ocrx_word' id='word_1_850' title='bbox 2425 5019 2679 5074; x_wconf 87' lang='lat' dir='ltr'><strong>observat</strong></span> <span class='ocrx_word' id='word_1_851' title='bbox 2726 5016 3034 5080; x_wconf 86' lang='lat' dir='ltr'><strong>Nemcsius,</strong></span> <span class='ocrx_word' id='word_1_852' title='bbox 3064 5031 3184 5085; x_wconf 88' lang='lat' dir='ltr'><strong>cap.</strong></span> <span class='ocrx_word' id='word_1_853' title='bbox 3226 5017 3278 5077; x_wconf 81' lang='lat'><strong>5,</strong></span> <span class='ocrx_word' id='word_1_854' title='bbox 3315 5032 3400 5071; x_wconf 90' lang='lat' dir='ltr'><strong>res</strong></span> <span class='ocrx_word' id='word_1_855' title='bbox 3431 5017 3545 5083; x_wconf 74' lang='lat' dir='ltr'><strong>spi—</strong></span> 
     </span>
    </p>
   </div>
   <div class='ocr_carea' id='block_1_112' title="bbox 1988 5087 3548 5166">
    <p class='ocr_par' dir='ltr' id='par_1_112' title="bbox 1988 5087 3548 5166">
     <span class='ocr_line' id='line_1_112' title="bbox 1988 5087 3548 5166; baseline -0.005 -20"><span class='ocrx_word' id='word_1_856' title='bbox 1988 5091 2202 5166; x_wconf 75' lang='lat' dir='ltr'><strong>ritualis</strong></span> <span class='ocrx_word' id='word_1_857' title='bbox 2254 5091 2388 5144; x_wconf 92' lang='lat' dir='ltr'><strong>nulli</strong></span> <span class='ocrx_word' id='word_1_858' title='bbox 2439 5091 2558 5166; x_wconf 83' lang='lat' dir='ltr'><strong>loco</strong></span> <span class='ocrx_word' id='word_1_859' title='bbox 2588 5101 3002 5166; x_wconf 53' lang='lat' dir='ltr'><strong>prtesensnesse</strong></span> <span class='ocrx_word' id='word_1_860' title='bbox 3039 5087 3449 5166; x_wconf 41' lang='grc' dir='ltr'>ροῑεεικείψιε,</span> <span class='ocrx_word' id='word_1_861' title='bbox 3492 5095 3548 5138; x_wconf 92' lang='lat' dir='ltr'><strong>ut</strong></span> 
     </span>
    </p>
   </div>
   <div class='ocr_carea' id='block_1_113' title="bbox 1988 5156 3547 5233">
    <p class='ocr_par' dir='ltr' id='par_1_113' title="bbox 1988 5156 3547 5233">
     <span class='ocr_line' id='line_1_113' title="bbox 1988 5156 3547 5233; baseline -0.006 -18"><span class='ocrx_word' id='word_1_862' title='bbox 1988 5161 2228 5215; x_wconf 88' lang='lat' dir='ltr'><strong>humano</strong></span> <span class='ocrx_word' id='word_1_863' title='bbox 2262 5175 2412 5233; x_wconf 84' lang='lat' dir='ltr'><strong>mo_re</strong></span> <span class='ocrx_word' id='word_1_864' title='bbox 2459 5156 2694 5233; x_wconf 36' lang='lat' dir='ltr'><strong>loquar:</strong></span> <span class='ocrx_word' id='word_1_865' title='bbox 2728 5157 3013 5233; x_wconf 78' lang='lat' dir='ltr'><strong>applicari,</strong></span> <span class='ocrx_word' id='word_1_866' title='bbox 3050 5156 3153 5233; x_wconf 80' lang='lat' dir='ltr'><strong>nisi</strong></span> <span class='ocrx_word' id='word_1_867' title='bbox 3205 5156 3547 5233; x_wconf 63' lang='lat' dir='ltr'><strong>eireu_illum</strong></span> 
     </span>
    </p>
   </div>
   <div class='ocr_carea' id='block_1_114' title="bbox 1989 5225 3548 5300">
    <p class='ocr_par' dir='ltr' id='par_1_114' title="bbox 1989 5225 3548 5300">
     <span class='ocr_line' id='line_1_114' title="bbox 1989 5225 3548 5300; baseline -0.004 -18"><span class='ocrx_word' id='word_1_868' title='bbox 1989 5231 2286 5300; x_wconf 84' lang='lat' dir='ltr'><strong>operando.</strong></span> <span class='ocrx_word' id='word_1_869' title='bbox 2327 5225 2598 5300; x_wconf 81' lang='lat' dir='ltr'><strong>Quocirca</strong></span> <span class='ocrx_word' id='word_1_870' title='bbox 2649 5225 2992 5300; x_wconf 82' lang='lat' dir='ltr'><strong>Epiphanius</strong></span> <span class='ocrx_word' id='word_1_871' title='bbox 3017 5265 3033 5288; x_wconf 94' lang='lat'><strong>,</strong></span> <span class='ocrx_word' id='word_1_872' title='bbox 3069 5225 3263 5300; x_wconf 61' lang='lat' dir='ltr'><strong>lustres.</strong></span> <span class='ocrx_word' id='word_1_873' title='bbox 3325 5225 3390 5276; x_wconf 89' lang='lat'><strong>77</strong></span> <span class='ocrx_word' id='word_1_874' title='bbox 3421 5265 3436 5288; x_wconf 92' lang='lat'><strong>,</strong></span> <span class='ocrx_word' id='word_1_875' title='bbox 3473 5225 3548 5275; x_wconf 88' lang='lat' dir='ltr'><strong>ait</strong></span> 
     </span>
    </p>
   </div>
   <div class='ocr_carea' id='block_1_115' title="bbox 1989 5295 3549 5370">
    <p class='ocr_par' dir='ltr' id='par_1_115' title="bbox 1989 5295 3549 5370">
     <span class='ocr_line' id='line_1_115' title="bbox 1989 5295 3549 5370; baseline -0.005 -17"><span class='ocrx_word' id='word_1_876' title='bbox 1989 5295 2157 5354; x_wconf 75' lang='lat' dir='ltr'><strong>Deum</strong></span> <span class='ocrx_word' id='word_1_877' title='bbox 2210 5301 2411 5370; x_wconf 88' lang='lat' dir='ltr'><strong>ubique</strong></span> <span class='ocrx_word' id='word_1_878' title='bbox 2462 5299 2654 5370; x_wconf 72' lang='lat' dir='ltr'><strong>adesse</strong></span> <span class='ocrx_word' id='word_1_879' title='bbox 2698 5295 2971 5370; x_wconf 57' lang='grc' dir='ltr'>ξδυνᾴμει,</span> <span class='ocrx_word' id='word_1_880' title='bbox 3005 5310 3096 5370; x_wconf 77' lang='lat' dir='ltr'><strong>per</strong></span> <span class='ocrx_word' id='word_1_881' title='bbox 3147 5295 3410 5355; x_wconf 77' lang='lat' dir='ltr'><strong>virtutem,</strong></span> <span class='ocrx_word' id='word_1_882' title='bbox 3441 5307 3549 5362; x_wconf 87' lang='lat' dir='ltr'><strong>quo</strong></span> 
     </span>
    </p>
   </div>
   <div class='ocr_carea' id='block_1_116' title="bbox 1989 5366 3548 5438">
    <p class='ocr_par' dir='ltr' id='par_1_116' title="bbox 1989 5366 3548 5438">
     <span class='ocr_line' id='line_1_116' title="bbox 1989 5366 3548 5438; baseline -0.004 -14"><span class='ocrx_word' id='word_1_883' title='bbox 1989 5366 2342 5438; x_wconf 67' lang='lat' dir='ltr'><strong>signiﬁcatur,</strong></span> <span class='ocrx_word' id='word_1_884' title='bbox 2386 5368 2586 5423; x_wconf 91' lang='lat' dir='ltr'><strong>nedum</strong></span> <span class='ocrx_word' id='word_1_885' title='bbox 2622 5366 2713 5420; x_wconf 89' lang='lat' dir='ltr'><strong>Dei</strong></span> <span class='ocrx_word' id='word_1_886' title='bbox 2755 5367 3085 5427; x_wconf 89' lang='lat' dir='ltr'><strong>substantia,</strong></span> <span class='ocrx_word' id='word_1_887' title='bbox 3124 5379 3310 5438; x_wconf 87' lang='lat' dir='ltr'><strong>verum</strong></span> <span class='ocrx_word' id='word_1_888' title='bbox 3340 5375 3548 5438; x_wconf 87' lang='lat' dir='ltr'><strong>et_0pe-</strong></span> 
     </span>
    </p>
   </div>
   <div class='ocr_carea' id='block_1_117' title="bbox 1988 5435 3547 5502">
    <p class='ocr_par' dir='ltr' id='par_1_117' title="bbox 1988 5435 3547 5502">
     <span class='ocr_line' id='line_1_117' title="bbox 1988 5435 3547 5502; baseline -0.005 -10"><span class='ocrx_word' id='word_1_889' title='bbox 1988 5435 2130 5492; x_wconf 68' lang='lat' dir='ltr'><strong>ratio</strong></span> <span class='ocrx_word' id='word_1_890' title='bbox 2157 5480 2170 5502; x_wconf 92' lang='lat'><strong>,</strong></span> <span class='ocrx_word' id='word_1_891' title='bbox 2199 5438 2340 5492; x_wconf 84' lang='lat' dir='ltr'><strong>Deus</strong></span> <span class='ocrx_word' id='word_1_892' title='bbox 2391 5439 2744 5492; x_wconf 84' lang='lat' dir='ltr'><strong>immensitate</strong></span> <span class='ocrx_word' id='word_1_893' title='bbox 2783 5451 2880 5488; x_wconf 80' lang='lat' dir='ltr'><strong>sua</strong></span> <span class='ocrx_word' id='word_1_894' title='bbox 2931 5450 3102 5487; x_wconf 86' lang='lat' dir='ltr'><strong>rerum</strong></span> <span class='ocrx_word' id='word_1_895' title='bbox 3138 5435 3547 5502; x_wconf 14' lang='lat' dir='ltr'><strong>omniumrlocus</strong></span> 
     </span>
    </p>
   </div>
   <div class='ocr_carea' id='block_1_118' title="bbox 1987 5501 3549 5577">
    <p class='ocr_par' dir='ltr' id='par_1_118' title="bbox 1987 5501 3549 5577">
     <span class='ocr_line' id='line_1_118' title="bbox 1987 5501 3549 5577; baseline -0.007 -15"><span class='ocrx_word' id='word_1_896' title='bbox 1987 5516 2064 5563; x_wconf 86' lang='lat' dir='ltr'><strong>est</strong></span> <span class='ocrx_word' id='word_1_897' title='bbox 2089 5509 2289 5577; x_wconf 90' lang='lat' dir='ltr'><strong>(inquit</strong></span> <span class='ocrx_word' id='word_1_898' title='bbox 2317 5508 2583 5561; x_wconf 73' lang='lat' dir='ltr'><strong>Maximus</strong></span> <span class='ocrx_word' id='word_1_899' title='bbox 2607 5507 2660 5559; x_wconf 90' lang='lat' dir='ltr'><strong>in</strong></span> <span class='ocrx_word' id='word_1_900' title='bbox 2686 5521 2807 5577; x_wconf 73' lang='lat' dir='ltr'><strong>cap.</strong></span> <span class='ocrx_word' id='word_1_901' title='bbox 2844 5505 2865 5556; x_wconf 86' lang='grc'>1</span> <span class='ocrx_word' id='word_1_902' title='bbox 2913 5503 2989 5556; x_wconf 88' lang='lat' dir='ltr'><strong>De</strong></span> <span class='ocrx_word' id='word_1_903' title='bbox 3017 5504 3121 5577; x_wconf 74' lang='lat' dir='ltr'><strong>diu.</strong></span> <span class='ocrx_word' id='word_1_904' title='bbox 3162 5501 3408 5572; x_wconf 75' lang='lat' dir='ltr'><strong>nom.)0t&#39;i</strong></span> <span class='ocrx_word' id='word_1_905' title='bbox 3446 5517 3549 5552; x_wconf 79' lang='grc' dir='ltr'>σω-</span> 
     </span>
    </p>
   </div>
   <div class='ocr_carea' id='block_1_119' title="bbox 1991 5572 3547 5648">
    <p class='ocr_par' dir='ltr' id='par_1_119' title="bbox 1991 5572 3547 5648">
     <span class='ocr_line' id='line_1_119' title="bbox 1991 5572 3547 5648; baseline -0.004 -16"><span class='ocrx_word' id='word_1_906' title='bbox 1991 5572 2254 5648; x_wconf 72' lang='grc' dir='ltr'>ματίκῶς,</span> <span class='ocrx_word' id='word_1_907' title='bbox 2277 5578 2412 5631; x_wconf 82' lang='grc' dir='ltr'><strong>ἀλλά</strong></span> <span class='ocrx_word' id='word_1_908' title='bbox 2437 5572 2859 5646; x_wconf 69' lang='grc' dir='ltr'>δημιουργικῶς,</span> <span class='ocrx_word' id='word_1_909' title='bbox 2885 5590 2985 5626; x_wconf 83' lang='lat' dir='ltr'><strong>non</strong></span> <span class='ocrx_word' id='word_1_910' title='bbox 3009 5572 3095 5648; x_wconf 64' lang='grc' dir='ltr'><strong>Δᾳιί</strong></span> <span class='ocrx_word' id='word_1_911' title='bbox 3123 5577 3331 5648; x_wconf 72' lang='lat' dir='ltr'><strong>modum</strong></span> <span class='ocrx_word' id='word_1_912' title='bbox 3363 5586 3547 5640; x_wconf 73' lang='lat' dir='ltr'><strong>carpo-</strong></span> 
     </span>
    </p>
   </div>
   <div class='ocr_carea' id='block_1_120' title="bbox 1987 5640 3366 5715">
    <p class='ocr_par' dir='ltr' id='par_1_120' title="bbox 1987 5640 3366 5715">
     <span class='ocr_line' id='line_1_120' title="bbox 1987 5640 3366 5715; baseline -0.004 -14"><span class='ocrx_word' id='word_1_913' title='bbox 1987 5640 2126 5715; x_wconf 64' lang='lat' dir='ltr'><strong>rum,</strong></span> <span class='ocrx_word' id='word_1_914' title='bbox 2159 5640 2248 5702; x_wconf 83' lang='lat' dir='ltr'><strong>sed</strong></span> <span class='ocrx_word' id='word_1_915' title='bbox 2276 5648 2326 5702; x_wconf 85' lang='lat' dir='ltr'><strong>in</strong></span> <span class='ocrx_word' id='word_1_916' title='bbox 2352 5648 2425 5703; x_wconf 78' lang='lat' dir='ltr'><strong>eis</strong></span> <span class='ocrx_word' id='word_1_917' title='bbox 2458 5640 2706 5715; x_wconf 72' lang='lat' dir='ltr'><strong>tanquam</strong></span> <span class='ocrx_word' id='word_1_918' title='bbox 2729 5661 2911 5699; x_wconf 84' lang='lat' dir='ltr'><strong>earum</strong></span> <span class='ocrx_word' id='word_1_919' title='bbox 2937 5643 3111 5714; x_wconf 79' lang='lat' dir='ltr'><strong>opifex</strong></span> <span class='ocrx_word' id='word_1_920' title='bbox 3146 5640 3366 5712; x_wconf 85' lang='lat' dir='ltr'><strong>agendo.</strong></span> 
     </span>
    </p>
   </div>
  </div>
