4014 6202
375 326 479 390 857

1481 324 1581 385 DE
1618 323 1800 384 FIDE
1831 318 2301 382 ORTHODOXA
2339 318 2486 378 LIB.
2519 317 2569 376 Ι.

3528 318 3634 382 858

367 444 463 496 τοῦ
515 437 733 509 Πατρός
761 437 1101 499 ἀδιαστάτως
1147 436 1526 508 ἐκπορευμένη
1550 478 1564 503 ,
1598 437 1695 491 καὶ
1747 440 1807 491 ἐν
1845 434 1957 504 Υἱῷ

2063 429 2447 495 sanctiﬁcans,
2493 425 2850 489 subsistens;
2879 422 2973 492 qui
3006 438 3070 476 ex
3111 423 3270 478 Patre
3314 423 3521 493 absque
3549 439 3640 479 sc-

366 529 790 599 ἁναπαυομένη,
826 527 1111 599 ὁμοούσιος
1143 528 1319 598 Πατρὶ
1346 527 1444 580 καὶ
1472 526 1609 598 Υῐῷ.
1634 576 1635 579 η

442 705 617 773 Λόγος
642 703 791 759 ἐστὶν
812 704 840 757 ό
874 702 1148 766 οὺσιωδῶς
1180 702 1257 774 τῷ
1293 702 1472 774 Πατρ)⁵
1500 702 1586 756 ἀεὶ
1626 701 1955 773 συμπαρών.

371 797 547 865 Λόγος
606 795 771 849 πάλιν
825 795 944 847 ἐστὶ
995 795 1092 848 καὶ
1140 796 1174 863 ἡ
1217 794 1421 865 φυσικὴ
1456 792 1552 846 τοῦ
1588 793 1681 846 νοῦ
1718 794 1955 862 κίνησις,

371 887 493 941 καθ’
516 886 583 956 ἢν
612 888 862 949 κινεῖται,
894 885 988 938 καὶ
1015 888 1145 952 νοεῖ,
1191 885 1287 937 καὶ
1325 884 1621 953 λογίζεται,
1648 883 1815 937 οἱονεὶ
1842 882 1957 952 φῶς

372 975 539 1030 αὐτοῦ
579 975 657 1029 ὢν
700 976 797 1029 καὶ
828 975 1193 1045 ἀπαύγασμα.
1233 973 1407 1042 Λόγος
1436 973 1601 1027 πάλιν
1637 973 1788 1026 ἐστὶν
1817 975 1845 1026 6
1872 974 1956 1024 év-

371 1070 619 1132 διάθετος
653 1070 711 1123 ἐν
744 1071 811 1137 τῇ
854 1067 1051 1139 καρδίᾳ
1090 1065 1438 1136 λαλούμενος.
1467 1066 1578 1119 Καὶ
1604 1065 1768 1120 πάλιν
1802 1065 1961 1134 λόγος

374 1160 740 1234 [προφορικός
760 1158 811 1231 δ]
843 1160 994 1213 ἐστιν
1028 1158 1260 1227 ἄγγελος
1304 1158 1599 1230 νοήματος.
1637 1158 1696 1212 ’0
1728 1157 1826 1228 μὲν
1865 1153 1959 1213 οὖν

372 1254 506 1318 Θεὸς
532 1252 646 1323 (42)
682 1252 855 1320 Λόγος
882 1251 1148 1321 οὑσιώδης
1185 1251 1245 1304 τέ
1277 1252 1394 1305 ἐστι
1427 1249 1911 1314 καὶένυπόστατος
1940 1264 1955 1281 °

373 1346 425 1398 oi.
468 1344 527 1397 δὲ
558 1344 734 1396 λοιποὶ
781 1347 933 1413 τρεῐς
978 1342 1150 1411 λόγοι,
1182 1341 1441 1411 δυνάμεις
1476 1342 1584 1394 εἰσὶ
1612 1342 1713 1412 τῆς
1758 1340 1957 1413 ψυχῆς,

372 1438 476 1491 οὐκ
501 1438 559 1489 ἐν
583 1435 687 1506 ἰδίᾳ
707 1433 1003 1488 ὑποστάσει
1034 1431 1431 1503 θεωρούμενον
1458 1426 1533 1486 ὧν
1560 1434 1590 1486 6
1620 1434 1719 1503 μὲν
1745 1433 1961 1505 πρῶτος

374 1527 471 1581 τοῦ
498 1526 593 1580 νοῦ
621 1525 852 1595 φυσικόν
879 1528 995 1578 ἐστι
1020 1524 1287 1595 γέννημα,
1306 1520 1366 1586 ἐξ
1401 1522 1566 1577 αὐτοῦ
1596 1526 1684 1577 ἀεὶ
1715 1524 1959 1594 φυσικῶς

377 1617 761 1689 ηγαζόμενον
790 1634 804 1649 ·
847 1618 878 1669 6
908 1616 1161 1687 δεύτερος
1197 1615 1255 1668 δὲ
1286 1614 1511 1682 λέγεται
1555 1614 1861 1681 ἐνδιάθετος
1885 1630 1900 1647 ⁸
1932 1619 1961 1671 6

373 1710 432 1763 δὲ
454 1697 669 1781 τρίτος,⁸
683 1708 1042 1780 προφορικός.

449 1970 526 2025 Τὸ
564 1970 782 2038 πνεῦμα
811 1972 1016 2025 νοεῖται
1051 1972 1353 2045 πολλαχῶς.
1380 1976 1453 2028 Τὸ
1485 1975 1639 2045 ἅγιον
1666 1978 1955 2050 Πνεῦμαο.

2060 523 2346 594 iunctione
2366 519 2691 590 procedens,
2725 533 2790 571 ac
2821 520 2873 570 in
2896 514 3036 569 Filio
3058 516 3371 584 quiescens,
3390 515 3640 587 ejusdem

2062 624 2117 670 et
2154 615 2275 684 ipse
2301 629 2426 668 cum
2461 611 2626 666 Patre
2655 619 2709 666 et
2737 608 2876 664 Filio
2898 607 3232 663 substantia:
3260 608 3354 665 sit.

2146 705 2297 760 Verbi
2319 722 2382 759 ac
2411 704 2668 759 sermonis
2700 702 3025 771 acceptiones
3062 702 3243 755 variae.
3273 732 3342 743 —
3392 700 3630 756 Verbum

2064 804 2174 860 est,
2217 797 2365 866 quod
2402 811 2529 850 cum
2570 795 2732 851 Patre
2771 793 3212 850 substantialiter
3258 809 3476 863 semper
3530 802 3635 849 cst.

2062 888 2282 944 Rursus
2314 888 2542 942 verbum
2572 894 2658 941 est
2691 885 2962 940 naturalis
2999 884 3200 939 mentis
3234 885 3491 955 agitatio,
3532 899 3639 954 qua

2063 990 2338 1043 movetur,
2370 988 2423 1034 et
2450 977 2729 1047 intelligit,
2764 986 2817 1032 et
2859 977 3103 1048 cogitat;
3136 975 3307 1031 veluti
3343 977 3431 1030 lux
3467 976 3642 1045 ipsius

2059 1079 2115 1126 et
2144 1069 2403 1141 splendor
2432 1070 2732 1126 exsistens.
2786 1070 2883 1124 Est
2930 1074 3196 1139 praeterea
3243 1068 3471 1123 verbum
3510 1069 3640 1122 inti-

2063 1178 2240 1226 mum,
2266 1161 2414 1232 quod
2446 1161 2505 1217 in
2539 1161 2707 1217 corde
2732 1169 2945 1216 tantum
2977 1160 3315 1230 eloquimur.
3353 1159 3449 1215 Est
3483 1160 3641 1215 deni-

2061 1269 2170 1323 que
2198 1254 2422 1308 verbum
2458 1252 2836 1322 intelligentite
2860 1252 3111 1319 nuntius,
3135 1251 3287 1321 quod
3309 1252 3519 1306 scilicet
3548 1268 3643 1308 ore

2061 1342 2360 1412 profertur.
2408 1340 2552 1396 Deus
2586 1341 2770 1412 itaque
2800 1339 3041 1396 Verbum
3092 1342 3503 1399 substantivum
3557 1352 3642 1397 est

2060 1442 2114 1488 et
2143 1432 2489 1487 subsistens:
2530 1433 2632 1485 tria
2672 1447 2803 1487 vero
2832 1432 3043 1501 reliqua
3077 1432 3243 1485 animi
3292 1440 3421 1486 sunt
3464 1433 3641 1487 facul-

2060 1530 2226 1587 tates,
2278 1536 2379 1578 nec
2410 1524 2840 1578 considerantur
2895 1525 2951 1577 in
3006 1524 3231 1594 propria
3258 1524 3637 1581 subsistentia.

2061 1614 2308 1682 Quorum
2369 1617 2651 1687 primum,
2711 1618 2984 1672 naturalis
3039 1624 3125 1671 est
3189 1618 3391 1673 mentis
3452 1618 3639 1687 fetus,

2060 1707 2391 1764 naturaliter
2441 1724 2507 1764 ex
2560 1709 2677 1779 ipsa
2725 1723 2945 1779 semper
2980 1716 3038 1763 ut
3077 1723 3143 1765 ex
3186 1709 3339 1766 fonte
3369 1727 3640 1768 manans:

1992 1787 2033 1842 Β
2063 1800 2406 1865 secundum,
2465 1802 2747 1857 internum
2796 1803 3044 1857 dicitur:
3086 1802 3347 1867 tertium,
3412 1805 3641 1874 prolati-

2063 1893 2225 1949 tium.

2141 1980 2302 2051 152
2333 1980 2467 2035 Item
2499 1982 2726 2035 nominis
2744 1980 2977 2051 Spiritus
3006 1982 3331 2051 acceptiones
3367 1983 3546 2036 variis.
3572 2013 3642 2022 —

376 2065 647 2133 Λέγονται
682 2064 741 2117 δὲ
793 2064 890 2118 καὶ
938 2065 995 2117 αἱ
1040 2062 1299 2134 δυνάμεις
1354 2066 1449 2119 τοῦ
1500 2067 1817 2137 Πνεύματος
1864 2069 1957 2123 τοῦ

2056 2072 2258 2128 Eodem
2316 2073 2483 2129 modo
2530 2075 2759 2143 spiritus
2811 2075 2982 2129 variis
3009 2075 3189 2128 modis
3229 2074 3637 2131 consideratur.

384 2155 536 2222 ἁγίου
571 2155 883 2225 πνεύματα.
932 2156 1158 2225 Πνεῦμα
1195 2158 1290 2209 καὶ
1332 2157 1361 2208 ό
1401 2157 1631 2225 ἅγγελος
1658 2160 1687 2212 6
1722 2159 1959 2228 ἀγαθός’

2055 2163 2189 2217 Nam
2224 2166 2329 2220 hoc
2364 2168 2591 2221 nomine
2649 2166 2971 2236 appellatur
3014 2176 3068 2221 et
3103 2166 3345 2235 Spiritus
3372 2174 3597 2222 sanctus
3626 2186 3639 2221 :

376 2243 604 2318 πνεῦμα
632 2246 731 2300 καὶ
756 2248 784 2301 6
808 2245 1018 2317 δαίμων
1053 2263 1065 2275 ·
1098 2244 1320 2319 πνεῦμα
1349 2249 1445 2302 καὶ
1488 2251 1522 2320 ἡ
1550 2249 1695 2322 ψυχή
1717 2267 1731 2281 ·
1763 2250 1879 2305 ἐστι
1906 2252 1957 2304 δέ

2059 2256 2156 2311 sed
2193 2264 2246 2312 et
2277 2256 2519 2328 Spiritus
2555 2259 2733 2315 sancti
2766 2258 3033 2323 virtutes,
3071 2259 3333 2314 dicuntur
3391 2259 3641 2328 spiritus.

1662 2430 1898 2487 VARIAE
1935 2427 2337 2491 LECTIONES.

446 2578 480 2621 ι)
526 2578 651 2657 Vos
678 2582 784 2639 ista
817 2582 878 2657 ﬁt
907 2583 1079 2657 editis
1097 2593 1149 2657 et
1178 2584 1314 2644 mssl
1354 2588 1527 2657 abest,
1561 2591 1745 2646 addita
1780 2609 1906 2649 vero
1943 2594 2046 2650 fuit
2077 2592 2315 2651 secunda
2348 2613 2512 2652 manu
2541 2598 2593 2652 in
2619 2598 2740 2652 cod.
2774 2597 2832 2652 S.
2877 2596 2980 2651 Hil.

3061 2608 3081 2636 α
3123 2596 3179 2650 In
3202 2595 3323 2650 cod.
3355 2595 3410 2648 S.
3446 2595 3552 2650 llil.
3578 2614 3642 2651 es

378 2653 1286 2747 gﬂenLd-llljgnEllililiiﬁguité‘f’tat
1314 2658 1403 2747 τό
1417 2653 1596 2747 ἅγιονἒ
1628 2662 1690 2747 Et
1721 2664 1801 2747 in.
1836 2666 2315 2747 line‘capitispost
2343 2669 2647 2747 κάιρρήρ,
2680 2670 2819 2747 idem
2853 2666 3172 2747 emendator
3196 2666 3403 2747 addidit
3421 2668 3646 2747 ’πνεῦμα

378 2724 476 2779 καὶ
517 2726 710 2809 ἀρετὴ,
749 2722 845 2778 καὶ
895 2722 1204 2796 ἀκάθαρτος
1257 2722 1479 2798 πρᾶξις,
1510 2730 1604 2785 καὶ
1659 2734 1692 2802 ἠ
1721 2722 2285 2807 διδασκαλίέπνεῑῖμα
2308 2739 2400 2791 καὶ
2428 2738 2456 2790 6
2487 2722 2676 2809 θυρὂ.
2710 2739 2842 2803 Quae
2865 2739 3083 2808 quidem
3114 2751 3215 2791 nec
3250 2736 3392 2790 edita
3420 2722 3644 2803 habent,

380 2809 482 2850 nec
512 2797 620 2852 alia
653 2809 789 2851 mss.

1908 2898 2133 2957 NOT/E.

455 3004 571 3078 (42)
622 3004 676 3078 Ὁ
704 3004 822 3078 μὲν
846 2999 960 3060 οὖν
991 3008 1154 3072 Θεός.
1194 3007 1330 3061 Deus
1364 3007 1543 3078 itaque
1574 3010 1961 3065 substantivum

2070 3016 2320 3081 nistrum,
2352 3015 2442 3084 qui
2467 3024 2742 3078 assumpta
2783 3012 2964 3067 Patris
2987 3030 3214 3080 persona
3249 3015 3302 3068 in
3336 3012 3646 3084 paradisum

378 3086 477 3134 est.
528 3076 783 3152 Explodit
832 3090 1075 3130 errorem
1127 3078 1382 3152 _Sabellii,
1413 3076 1628 3152 necnon
1663 3080 1816 3134 Pauli
1869 3080 1967 3135 Sa-
1994 3096 2035 3152 ο
2070 3076 2390 3142 υιιιενίι.ἐί
2444 3101 2561 3138 cum
2601 3076 2808 3152 Adamo
2862 3076 3160 3138 collocutus
3200 3086 3296 3137 sit.
3336 3076 3427 3136 Ἐς
3484 3084 3644 3137 initio

382 3146 677 3209 mosateni,
711 3161 944 3213 quorum
980 3160 1084 3199 una
1128 3149 1242 3203 haec
1281 3149 1514 3202 assertio
1553 3150 1679 3210 fuit,
1712 3152 1782 3204 ab
1809 3158 1966 3203 aeter-

381 3218 559 3271 nitate
593 3217 828 3270 Verbum
855 3215 909 3268 in
939 3215 1047 3269 Deo
1081 3216 1253 3272 fuisse
1284 3218 1604 3284 ἐνδιάθετον,
1637 3221 1962 3283 intestinum,

381 3287 436 3341 in
468 3303 531 3341 se
556 3286 785 3341 minime
815 3286 1130 3342 subsistens
1158 3308 1173 3352 ;
1209 3289 1312 3341 hoc
1350 3290 1581 3355 posthac
1610 3289 1813 3343 factum
1845 3305 1968 3345 esse

382 3356 737 3427 προφορικόν,
756 3356 1047 3423 prolatum,
1069 3373 1199 3426 quo,
1222 3358 1370 3428 velut
1387 3359 1965 3428 operationequadam

381 3426 731 3497 transeunte,
752 3428 1113 3497 Deusicuucta
1132 3426 1459 3494 condiderit,
1477 3437 1529 3484 et
1554 3443 1662 3497 quo
1686 3426 1966 3482 Christum

382 3496 717 3568 instruxerit
775 3495 866 3568 ad,
904 3496 1132 3551 humani
1175 3499 1417 3568 generis
1488 3495 1965 3552 instaurationem.

386 3566 608 3621 Saeculo
661 3566 921 3620 Ecclesiae
976 3566 1223 3621 secundo
1266 3567 1481 3622 labente
1517 3568 1876 3636 Theophilus,
1909 3577 1970 3619 ut

384 3645 655 3707 putatur,
682 3636 1060 3707 Antiochenus
1090 3676 1104 3701 ,
1139 3638 1231 3691 lib.
1273 3653 1308 3691 ιι
1372 3637 1441 3690 ad
1492 3638 1843 3707 Autolycum,
1889 3638 1971 3707 sic

386 3705 714 3778 mysterium
749 3705 1035 3778 Trinitatis
1075 3707 1408 3762 enarrabat:
1449 3708 1627 3778 ᾜχων
1654 3705 1851 3778 όᾲΘεὸς
1880 3706 1970 3759 τὸν

386 3775 589 3830 ἑαυτοῦ
623 3777 796 3845 Λόγον
832 3775 1136 3830 ἐνδιάθετον
1163 3779 1222 3829 ἐν
1266 3779 1399 3847 τοῖς,
1428 3775 1580 3839 ἰδίοις
1620 3776 1969 3847 σπλάγχνοις,

387 3847 683 3915 ἐγέννησεν
717 3847 880 3917 αὐτὸν
918 3848 1055 3916 μετὰ
1084 3847 1185 3917 τῆς
1224 3846 1416 3901 ἑαυτοῦ
1448 3847 1657 3916 σοφίας,
1686 3846 1972 3917 ἐξερευξά-

391 3865 683 3915 εγεννησεν
717 3865 880 3900 αοτον
918 3865 1055 3916 μετα
1084 3865 1185 3917 της
1224 3865 1416 3901 εαυτου
1448 3865 1657 3916 σοφιας,
1686 3865 1772 3910 age
1816 3865 1971 3910 ευςα-

391 3934 550 3986 μενος
569 3916 676 3986 πρὸ
697 3916 807 3969 τῶν
836 3917 994 3971 ὅλων.
1023 3917 1186 3984 Deus,
1204 3919 1259 3971 in
1290 3918 1570 3972 visceribus
1603 3918 1713 3969 suis
1749 3865 1971 3969 Virbum

387 3989 701 4041 intestinum
734 3986 954 4051 habens,
996 3989 1167 4056 ipsum
1203 4004 1323 4041 cum
1371 4004 1471 4041 sua
1511 3988 1772 4053 sapientia
1796 3987 1972 4055 genuit

389 4068 522 4111 ante
550 4058 660 4111 lucc
688 4058 957 4111 universa.
1006 4058 1122 4112 Hoc
1169 4056 1390 4112 Verbum
1439 4056 1713 4126 ὑπουργὸν
1738 4057 1970 4111 admini-

388 4138 566 4181 strum
606 4127 791 4181 habuit
843 4142 1059 4193 operum
1086 4143 1325 4182 suorum.
1354 4127 1550 4181 Subdit
1571 4125 1592 4179 :’
1614 4125 1837 4179 Verbum
1864 4141 1977 4179 esse

389 4197 480 4251 διὰ
528 4198 730 4260 παντὸς
760 4196 1065 4253 ἐνδιάθετον
1087 4208 1337 4267 perpetuo
1382 4198 1689 4251 intestinum
1728 4199 1786 4267 in
1816 4195 1972 4267 corde

394 4266 514 4339 Dei,
549 4268 686 4336 quod
712 4277 997 4339 antequam
1028 4265 1314 4339 quidquam
1343 4268 1539 4339 faceret
1559 4305 1576 4333 ,
1608 4265 1977 4339 consiliarium

392 4337 601 4410 habuit,
630 4338 833 4410 tanta}
856 4337 979 4392 νοῦν
1008 4337 1099 4391 καὶ
1132 4337 1395 4410 φρόνησιν
1444 4338 1594 4401 ὄντα,
1629 4347 1685 4390 ut
1712 4338 1801 4406 qui
1833 4352 1976 4389 mens

393 4408 563 4475 ipsius
589 4407 972 4477 prudentiaque
997 4410 1089 4463 sit.
1126 4407 1260 4462 cum
1289 4407 1465 4461 autem
1493 4423 1811 4477 quaecunque
1847 4422 1973 4477 pro-

393 4476 667 4545 posuerat,
706 4476 927 4532 condere
965 4479 1238 4542 voluisset,
1276 4478 1465 4531 τοῦτον
1495 4476 1586 4531 τὸν
1612 4478 1787 4544 Λόγον
1821 4476 1975 4544 ἐγέν-

394 4564 529 4616 νησε
556 4549 910 4618 προφορικόν,
936 4550 1031 4602 hoc
1068 4550 1350 4617 ipsummet
1396 4547 1617 4602 Verbum
1643 4548 1980 4618 genuit__pro-

398 4615 1034 4687 latum,‘primogenitum
1080 4615 1248 4672 omnis
1278 4626 1558 4682 creaturre,
1583 4615 1686 4670 non
1715 4626 1773 4670 ut
1816 4615 1979 4671 Verbo

397 4690 515 4811 ipso
537 4703 720 4757 expers
748 4689 920 4757 [actus
945 4690 1126 4757 luerit,
1163 4688 1254 4744 sed
1294 4688 1550 4759 gignendo
1602 4687 1828 4743 Verbum
1860 4702 1980 4741 cum

453 4761 580 4811 erbo
614 4768 860 4811 perpetuo
887 4769 1223 4811 conversatus
1244 4772 1346 4811 est.
1373 4759 1498 4811 Hmc
1529 4758 1687 4811 plane
1725 4767 1980 4811 accurata

453 4761 580 4813 erbo
613 4768 860 4827 perpetuo
887 4769 1223 4814 conversatus
1244 4758 1498 4829 est.'llaec
1529 4758 1687 4829 plane
1725 4767 1981 4829 accurata

397 4845 512 4883 non
544 4825 795 4885 suntJAt
829 4829 1196 4891 subiciebant,
1230 4825 1291 4885 ui
1320 4825 1743 4898 homini’gentili
1771 4827 1981 4883 rudiori

398 4901 543 4970 stylo
582 4916 649 4955 ex
678 4899 1087 4956 Platonicorum
1123 4901 1342 4969 placitis
1383 4900 1703 4971 mysterium
1744 4899 1845 4952 hoc
1883 4900 1981 4971 de-

399 4967 635 5025 linearet
661 5012 675 5033 ,
704 4972 929 5040 verique
978 4967 1392 5025 similitudinem
1423 4967 1473 5024 ei
1503 4970 1845 5040 conciliaret.
1884 4967 1983 5040 Ve-

399 5056 523 5095 rum
551 5042 741 5111 procul
768 5038 945 5103 abest,
978 5050 1092 5094 tum
1124 5042 1191 5094 ab
1234 5040 1369 5111 Arii,
1406 5048 1521 5094 tum
1549 5054 1578 5092 a
1620 5038 1846 5111 Sabellii
1880 5039 1981 5092 im-

398 5109 627 5181 pietate.
662 5110 781 5166 Non
835 5112 981 5167 enim
1019 5112 1231 5181 duplex,
1274 5110 1513 5165 Verbum
1564 5109 1768 5181 posuit,
1804 5116 1862 5181 ut
1894 5124 1983 5177 pu-

402 5178 533 5234 tavit
570 5180 847 5246 Petavius,
889 5181 982 5236 sed
1017 5178 1184 5234 unum
1223 5180 1500 5250 idemque,
1538 5178 1683 5249 quod
1728 5178 1981 5232 intimum

400 5260 552 5322 esset
577 5260 631 5305 et
665 5254 962 5322 prolatum,
997 5250 1186 5305 τοῦτον
1207 5251 1297 5304 τὸν
1327 5252 1496 5319 Λόγον
1525 5289 1541 5315 ,
1569 5251 1665 5303 hoc
1700 5250 1983 5322 ipsummet

415 5319 681 5387 Verbum;
715 5323 936 5391 inquit,
966 5323 1043 5375 sic
1089 5321 1425 5388 prolatitium
1479 5322 1695 5390 genuit,
1729 5333 1785 5374 ut
1844 5319 1980 5373 illud

402 5408 581 5446 secum
635 5403 880 5461 perpetuo
931 5408 1244 5446 conversam
1292 5391 1504 5445 habeat.
1531 5391 1695 5445 Arius
1727 5405 1757 5443 e
1789 5401 1983 5461 contra

404 5462 598 5517 docuit
635 5458 739 5533 per
791 5462 1028 5517 Verbum
1087 5462 1349 5533 interius,
1388 5461 1821 5533 sapientiamque
1864 5458 1982 5533 Dei,

405 5531 656 5588 creatum
681 5549 713 5588 e
752 5534 924 5587 nihilo
945 5548 1069 5589 esse
1095 5532 1338 5587 Verbum
1378 5531 1525 5585 aliud
1544 5570 1559 5593 ,
1588 5545 1697 5601 quo
1726 5531 1874 5601 velut
1900 5532 1986 5585 in-

408 5611 719 5659 strumento
756 5605 1076 5659 universum
1111 5604 1215 5656 hoc
1261 5599 1618 5657 conderetur;
1651 5599 1756 5655 Sed
1788 5610 1842 5655 et
1884 5602 1984 5654 Sa-

409 5672 635 5731 bellium
678 5674 807 5729 ierit
855 5674 1110 5739 dicendo,
1140 5673 1377 5727 Verbum
1434 5673 1579 5727 istud
1628 5688 1691 5727 ex
1725 5671 1833 5725 Deo
1870 5687 1985 5724 esse

414 5741 671 5811 genitum,
700 5746 1106 5815 primogenitum
1151 5743 1322 5799 omnis
1366 5753 1647 5809 creaturaz,
1688 5741 1779 5795 Dei
1810 5742 1983 5795 admi-

2073 3154 2353 3221 Evangelii
2397 3155 2697 3209 secundum
2739 3151 3006 3208 Joannem
3048 3154 3359 3213 concludit,
3406 3153 3645 3219 Verbum,

2072 3238 2191 3274 cum
2219 3224 2287 3276 sit
2340 3222 2498 3283 Deus,
2529 3233 2804 3292 ortumque
2834 3226 2901 3277 sit
2935 3239 2999 3277 ea;
3055 3224 3198 3288 Deo,
3231 3224 3648 3292 quandocunque

2072 3293 2183 3345 vult
2242 3294 2606 3347 universorum
2661 3292 2827 3345 Pater
2856 3336 2870 3360 ,
2904 3293 2967 3346 ab
3006 3310 3066 3347 eo
3118 3294 3258 3347 mitti
3317 3293 3386 3345 ad
3420 3296 3647 3361 quemvis

2072 3364 2267 3432 locum,
2297 3378 2455 3432 eoque
2494 3379 2615 3417 cum
2661 3363 2877 3426 venerit,
2912 3374 2959 3418 et
3011 3364 3211 3429 audiri,
3241 3373 3291 3418 et
3322 3364 3506 3427 videri,
3538 3372 3645 3417 etc.

2070 3431 2351 3499 Ejusmodi
2373 3431 2379 3503 ξ
2402 3432 2645 3501 profecto
2686 3434 2994 3488 locutiones
3018 3435 3196 3503 gigni,
3228 3443 3404 3488 ortum
3434 3434 3645 3495 habere,

2071 3503 2231 3563 mitti,
2268 3502 2462 3567 venire,
2498 3503 2684 3564 videri,
2736 3504 2957 3567 audiri,
2991 3502 3043 3557 in
3096 3504 3211 3558 loco
3252 3503 3506 3570 reperiri,
3540 3519 3649 3557 non

2070 3572 2272 3624 nudam
2318 3571 2597 3642 ἐνέργειαν
2624 3575 3014 3641 operationem,
3053 3576 3147 3628 sed
3185 3589 3297 3628 rem
3336 3576 3389 3628 in
3427 3588 3486 3628 se
3514 3573 3647 3628 sub-

2072 3643 2351 3713 sistentem
2395 3642 2683 3713 indicant.
2718 3642 3085 3708 Quamobrem
3138 3644 3182 3698 si
3214 3645 3339 3713 quis
3376 3659 3532 3713 error
3582 3659 3650 3697 ex

2072 3711 2175 3764 hoc
2208 3709 2496 3781 Theophili
2532 3712 2652 3765 loco
2676 3712 3077 3781 inl'eratur,ille
3118 3709 3308 3767 saltem
3336 3729 3436 3768 nec
3466 3711 3627 3767 Sabcl

2074 3780 2329 3842 lianicus,
2358 3779 2458 3833 nec
2485 3780 2777 3833 Arianicus
2820 3779 3007 3834 fuerit.
3051 3780 3367 3837 Graviorem
3396 3797 3522 3835 vero
3551 3781 3650 3835 ad-

2072 3851 2221 3904 misit
2243 3848 2637 3913 Tertullianus,
2667 3850 2759 3917 qui
2791 3865 2916 3902 cum
2966 3849 3251 3919 icracioris
3274 3860 3419 3907 esset
3446 3852 3651 3919 ingenii

2074 3921 2129 3974 in
2174 3934 2338 3987 opere
2376 3919 2688 3989 dogmatico
2726 3928 2918 3972 contra
2959 3918 3221 3975 Praxeam
3252 3958 3268 3984 ,
3303 3921 3647 3975 consimilem

2075 3989 2380 4044 doctrinam
2429 3989 2616 4060 novis
2647 3991 2973 4060 commentis
3011 3992 3177 4060 auxit
3214 4008 3227 4043 :
3261 4006 3383 4060 qua:
3435 3989 3653 4043 Genna-

2077 4060 2291 4130 diusin
2320 4059 2537 4130 egregio
2565 4056 2865 4130 libelloDe
2892 4056 3309 4130 Ecclessdogni.
3344 4060 3538 4130 paucis
3568 4060 3654 4114 his

2074 4128 2257 4185 verbis
2292 4128 2564 4198 conligere
2598 4143 2706 4181 non
2739 4127 3044 4181 dubitavit:
3084 4127 3235 4183 Nihil
3268 4127 3651 4185 ex'Trinitatis

2074 4199 2303 4252 essentia
2363 4197 2854 4251 ad’creaturarum
2929 4208 3179 4254 naturam
3240 4201 3563 4265 deductum,
3596 4208 3653 4253 ut

2077 4268 2237 4323 Plato
2277 4276 2325 4322 et
2362 4267 2746 4321 Tertullianus.
2803 4266 3129 4324 Philastrius
3186 4270 3511 4335 Brixiensis,
3561 4286 3655 4324 ca-

2077 4338 2189 4409 pite
2218 4338 2305 4404 76,
2342 4338 2626 4409 haereticos
2658 4346 2883 4409 censet,
2915 4340 3007 4407 qui
3071 4340 3263 4395 dicunt
3313 4340 3653 4396 Salvatorcm

2007 4435 2051 4492 υ
2079 4407 2315 4492 primum
2371 4408 2514 4477 apud
2565 4408 2779 4463 Patrem
2806 4407 3019 4492 fuisse,
3049 4416 3161 4463 tum
3204 4413 3432 4492 posthac
3467 4420 3653 4465 natum

2080 4476 2224 4535 esse.
2257 4476 2543 4533 Nam’esse
2594 4490 2736 4542 ante,
2768 4488 2817 4531 et
2850 4488 3031 4547 postea
3080 4476 3247 4544 nasci,
3285 4481 3483 4548 inquit,
3529 4497 3655 4535 con-

2081 4550 2311 4603 trarium
2356 4558 2433 4602 est
2492 4548 2733 4603 omnibus
2781 4548 2974 4603 modis.
3015 4549 3273 4615 Quamvis
3307 4559 3485 4604 autem
3522 4549 3657 4605 Ver-

2082 4622 2212 4674 bum
2242 4618 2568 4682 ἐνδιάθετον,
2604 4619 2852 4684 interius,
2880 4619 2994 4689 dici
3028 4622 3225 4689 possit,
3255 4631 3312 4674 ut
3337 4630 3419 4677 est
3448 4622 3499 4673 in
3530 4622 3656 4675 sinu

2081 4690 2283 4761 Patris,
2308 4697 2362 4744 et
2384 4690 2738 4760 προφορικόν,
2768 4688 3124 4761 proiatitizim,
3160 4699 3321 4761 prout
3355 4693 3655 4760 potentiam

2081 4760 2346 4826 ostendit,
2378 4776 2483 4829 qua
2515 4762 2698 4814 omnia
2736 4774 2831 4829 per
2862 4760 3039 4829 ipsum
3072 4760 3217 4816 facta
3253 4768 3657 4825 sunt,attamen

2082 4831 2342 4892 Irenaaus,
2375 4831 2472 4885 lib.
2498 4846 2559 4894 ll,
2595 4845 2718 4899 cap.
2742 4830 2833 4894 49,
2873 4846 3140 4885 venenum
3168 4831 3272 4885 sub
3303 4831 3660 4885 distinctione

2085 4900 2255 4971 Verbi
2295 4900 2576 4956 interioris
2615 4912 2668 4953 et
2704 4900 2906 4971 prolati
2959 4901 3133 4954 latens
3181 4902 3426 4971 agnovit,
3459 4903 3661 4971 quippe

2083 4987 2206 5041 quae
2229 4970 2616 5026 Gnosticorum
2649 4970 2930 5024 inventum
2971 4979 3112 5024 erat.
3140 4972 3195 5041 In
3223 4975 3432 5040 synodo
3462 4970 3658 5025 Antio-

2084 5040 2257 5097 chena
2295 5043 2473 5111 priore
2494 5041 2778 5096 delinitum
2804 5051 2909 5101 est,
2944 5040 3113 5094 Deum
3158 5040 3373 5094 Patrem
3404 5058 3496 5110 per
3533 5041 3661 5097 Ver-

2086 5111 2207 5165 bum
2242 5111 2420 5181 Deum
2465 5121 2654 5165 cuncta
2699 5112 3016 5174 condidisse,
3044 5111 3141 5180 οὐχ
3178 5111 3253 5175 ὡς
3292 5112 3360 5164 δι’
3408 5112 3661 5181 ὀργάνου,

2085 5182 2192 5235 οὐδ’
2223 5180 2295 5244 ὡς
2349 5182 2415 5234 δι’
2475 5182 2783 5252 ἐπιστήμης
2837 5182 3232 5243 ἀνυποστάτου,
3276 5200 3380 5236 non
3412 5180 3664 5251 tanquam

2084 5268 2175 5321 per
2202 5253 2642 5319 instrumentum,
2679 5267 2837 5320 neque
2886 5267 2976 5321 per
3014 5254 3291 5305 scientiam
3340 5268 3432 5320 per
3458 5269 3513 5305 se
3560 5269 3665 5321 non

2084 5319 2460 5376 consistentem
2487 5362 2500 5385 ,
2544 5324 2636 5377 sed
2679 5319 2851 5390 ipsum
2887 5319 3007 5375 esse
3037 5323 3269 5391 genitum
3302 5319 3347 5375 (ι
3368 5324 3534 5377 Patre
3566 5319 3668 5374 Fi-

2085 5394 2215 5447 lium
2241 5433 2256 5457 ,
2287 5392 2362 5454 ὼς
2417 5392 2596 5455 ζῶσαν
2658 5392 2937 5459 ἐνέργειαν
2966 5430 2979 5450 ,
3018 5394 3112 5444 καί
3168 5394 3534 5447 ἐνυπόστατον
3560 5431 3578 5449 .
3609 5398 3666 5441 ιιι

2085 5474 2261 5517 actum
2294 5464 2541 5516 viventem
2587 5472 2632 5515 et
2674 5477 2766 5526 per
2798 5477 2853 5514 se
2899 5463 3258 5515 exsistentem.
3297 5462 3667 5529 Quamobrem

2088 5535 2423 5589 Athanasius
2486 5534 2539 5586 in
2594 5533 2948 5599 Expositione
3011 5532 3132 5585 ﬁdei
3194 5531 3432 5587 Verbum
3507 5536 3666 5600 negat

2085 5620 2207 5659 esse
2239 5602 2594 5673 προφορικόν,
2626 5602 2980 5673 pro/utilium,
3002 5610 3056 5673 et
3086 5602 3391 5673 ἐνδιάθετον
3410 5644 3425 5670 ,
3454 5600 3668 5658 intesti—

2086 5692 2230 5728 num.
2271 5675 2343 5728 Ita
2375 5672 2636 5743 deinceps
2676 5672 2922 5727 Ecclesia
2945 5672 3231 5728 catholica.
