4014 6202
384 304 490 368 859

383 507 612 576 spiritus
641 506 827 560 anima
859 523 874 561 :
903 523 968 562 ac
997 505 1270 562 interdum
1292 519 1446 562 mens
1471 521 1694 578 quoque
1725 509 1955 579 spiritus

381 605 635 652 vocatur.
667 595 958 653 Postremo
991 603 1046 653 et
1066 604 1266 653 ventus
1298 607 1352 653 et
1390 611 1502 662 aer,
1548 597 1783 668 spiritus
1815 615 1957 655 nun-

381 697 675 760 cupantur.

1002 825 1153 882 CAP.
1195 826 1333 882 XIV.

523 937 912 1010 Proprietates'
947 958 1037 996 seu
1071 944 1333 998 attributa
1359 944 1553 1000 divina:
1577 955 1809 1004 nature.

453 1058 791 1120 lncreatum,
829 1063 885 1111 et
913 1055 1036 1110 sine
1067 1055 1366 1127 principio,
1397 1057 1734 1123 immortale,
1767 1058 1956 1114 inlini-

383 1157 523 1214 tum,
575 1155 862 1213 aeternum,
915 1149 1145 1203 materia
1192 1163 1421 1215 vacans,
1461 1151 1694 1213 bonum,
1747 1151 1952 1223 Opifex,

379 1241 616 1308 justum,
645 1240 990 1307 illuminans,
1029 1241 1390 1305 immutabile,
1433 1242 1759 1311 impatibile,
1789 1244 1957 1299 incir-

383 1330 808 1400 cumscriptum,
866 1331 1412 1401 incomprehensum,
1447 1333 1815 1400 indeﬁnitum,
1869 1337 1957 1390 iu-

381 1435 734 1491 corporeum,
798 1436 907 1476 non
963 1421 1284 1488 limitatum,
1355 1423 1658 1489 invisibile,
1711 1425 1954 1497 cogitatu

381 1510 603 1578 majus,.
628 1509 839 1573 nullius
879 1525 1069 1580 egens,
1097 1527 1308 1566 merum
1348 1512 1438 1582 jus
1474 1515 1559 1567 sui
1611 1524 1666 1570 et
1718 1515 1955 1572 liberum

381 1597 692 1660 arbitrium,
735 1597 985 1652 omnium
1040 1599 1354 1666 dominans,
1411 1601 1726 1670 viviﬁcaris,
1772 1607 1954 1660 omni-

381 1695 600 1754 potens,
631 1685 862 1742 inﬁnitze
896 1690 1175 1758 potentiae,
1209 1691 1582 1758 sanetiﬁcare,
1610 1708 1676 1749 ac
1708 1709 1957 1750 commu-

381 1775 569 1828 nicatu
633 1789 797 1840 esse,
871 1778 1056 1832 omnia
1119 1779 1407 1837 continere
1466 1789 1520 1836 et
1581 1799 1951 1852 conservare,
1986 1777 2031 1837 Β

378 1866 750 1937 omnibusque
783 1869 1093 1938 providere.
1140 1871 1267 1927 Haec
1295 1874 1480 1928 omnia
1513 1875 1716 1931 similia
1756 1887 1954 1949 suapte

379 1966 576 2015 natura
609 1961 795 2029 habet,
819 1977 930 2018 non
964 1964 1190 2021 aliunde
1215 1976 1473 2038 sumpta;
1502 1969 1598 2026 sed
1634 1971 1753 2041 ipsa
1785 1973 1953 2029 rebus

379 2067 408 2106 a
441 2068 502 2109 se
525 2055 765 2110 conditis
797 2071 898 2127 pro
927 2056 1200 2129 cujusque
1232 2061 1541 2130 capacitate
1565 2062 1770 2118 bonum
1793 2078 1956 2120 omne

380 2143 654 2214 impertit.

449 2234 818 2293 Personarum
869 2240 923 2294 in
963 2255 1024 2297 se
1071 2241 1311 2298 invicem
1364 2245 1582 2302 mansio
1617 2253 1672 2302 et
1718 2245 1956 2302 insessio

379 2326 487 2393 (.hze
515 2328 663 2382 enim
706 2327 893 2385 divelli
935 2342 1236 2403 nequeunt,
1273 2334 1328 2389 in
1361 2350 1419 2390 se
1443 2337 1682 2393 invicem
1721 2340 1960 2394 circum-

387 2418 750 2475 insessionem
782 2421 1136 2480 confusionis
1164 2433 1446 2497 eXpertem
1497 2436 1782 2485 servantes
1808 2448 1822 2496 ;
1845 2445 1960 2485 non

381 2519 439 2563 ut
488 2514 892 2569 contrahantur
939 2524 992 2571 et
1046 2519 1512 2587 permisceantur,
1556 2523 1654 2578 sed
1707 2531 1765 2576 ut
1795 2523 1961 2578 simul

379 2604 738 2676 cohaereant);
769 2606 942 2662 Filius
978 2609 1124 2669 enim
1159 2611 1212 2664 in
1251 2611 1414 2667 Patre
1443 2619 1499 2668 et
1532 2611 1742 2684 Spiritu
1769 2622 1962 2670 sancto

378 2701 498 2750 est:
533 2695 773 2766 Spiritus
809 2699 942 2754 item
996 2703 1050 2755 in
1091 2701 1252 2757 Patre
1299 2711 1353 2757 et
1397 2703 1539 2760 Filio
1582 2720 1688 2762 :ac
1721 2706 1964 2778 denique

377 2783 540 2842 Pater
581 2787 639 2842 in
693 2787 831 2843 Filio
874 2799 929 2845 et
983 2790 1193 2863 Spiritu
1239 2802 1436 2849 sancto
1475 2811 1490 2849 :
1541 2797 1623 2851 sic
1672 2803 1857 2852 tamen
1905 2805 1966 2852 ut

376 2877 528 2932 nulla
575 2879 865 2949 permistio
900 2881 996 2948 sit,
1035 2889 1132 2938 aut
1159 2884 1418 2941 confusio
1450 2885 1515 2940 “.
1553 2885 1709 2943 Unus
1740 2887 1876 2944 item
1909 2899 1966 2945 et

377 2967 523 3025 idem
551 2980 757 3028 motus.
791 2973 908 3030 Una
939 2975 1084 3031 enim
1117 2984 1172 3031 et
1195 2977 1384 3035 eadem
1409 2979 1573 3033 trium
1598 2995 1965 3050 personarum

376 3061 735 3131 prosultatio,
793 3081 1013 3136 unaque
1065 3067 1236 3123 motio
1276 3077 1401 3125 est:
1444 3070 1592 3140 quod
1642 3071 1865 3142 quidem
1902 3075 1960 3129 in

376 3162 563 3208 creata
597 3166 796 3212 natura
835 3160 1082 3230 perspici
1117 3163 1332 3231 nequit.

449 3264 568 3322 Huc
594 3271 811 3326 accedit
839 3272 987 3342 quod
1022 3273 1209 3327 divina
1250 3275 1569 3331 coruscatio
1597 3283 1653 3332 et
1681 3276 1957 3347 operatio,

377 3373 500 3428 qua:
529 3374 659 3425 una,
693 3362 952 3433 simplex,
983 3373 1037 3418 et
1069 3364 1311 3420 indivisa
1338 3375 1458 3434 est,
1505 3383 1632 3421 cum
1682 3384 1781 3437 pro
1826 3370 1959 3425 boni

378 3452 486 3506 alia
518 3451 698 3507 aliave
723 3455 1016 3510 rationein
1043 3455 1286 3512 dividuis
1310 3457 1462 3512 varia
1490 3457 1603 3523 ﬁat,
1635 3473 1700 3515 ac
1734 3460 1960 3516 univer-

377 3544 456 3597 sis
494 3557 559 3599 ea
607 3559 732 3614 quae
781 3546 1056 3616 cujusque
1101 3547 1379 3616 pr0priam
1435 3558 1692 3604 naturam
1743 3552 1958 3607 consti-

376 3645 555 3701 tuunt,
620 3636 777 3708 153
844 3639 1280 3712 continentque,
1333 3639 1670 3705 distribuat,
1724 3642 1958 3713 simplex

375 3727 736 3786 nihilominus
769 3737 1013 3797 maneat,
1055 3731 1258 3802 sicque
1291 3731 1347 3786 in
1383 3732 1552 3788 rebus
1581 3732 1777 3790 divisis
1811 3736 1959 3789 mul-

373 3821 676 3893 tiplicetur,
710 3835 766 3877 ut
800 3823 1023 3878 interim
1055 3839 1116 3880 ea
1153 3825 1210 3878 in
1257 3840 1383 3896 quae
1431 3824 1641 3881 divisio
1683 3829 1857 3895 cadit,
1889 3828 1960 3885 ad

375 3928 529 3968 suam
585 3915 996 3985 simplicitatem
1038 3916 1265 3989 colligat
1300 3926 1355 3974 et
1393 3928 1684 3975 convertat
1719 3921 1786 3974 ³⁸.
1826 3919 1956 3975 Eam

370 4007 516 4060 enim
555 4007 740 4062 omnia
777 4015 1067 4079 appetunt,
1097 4009 1267 4080 inque
1290 4025 1352 4066 ea
1377 4011 1694 4081 exsistunt;
1726 4013 1961 4084 ipsaque

371 4099 633 4155 omnibus
674 4099 842 4156 rebus
875 4116 980 4172 pro
1015 4102 1286 4174 cujusque
1333 4114 1530 4159 natura
1586 4121 1712 4162 esse
1743 4107 1958 4165 tribuit.

373 4188 502 4245 Haec
535 4207 662 4247 esse
701 4204 786 4248 est
830 4209 1023 4248 eorum
1075 4210 1197 4260 quze
1257 4208 1409 4263 sunt,
1459 4196 1765 4252 viventium
1825 4199 1956 4265 vita,

374 4280 734 4336 rationalium
799 4283 979 4349 ratio,
1056 4285 1484 4356 intelligentium
1551 4288 1956 4358 intelligentia;

371 4387 497 4425 cum
532 4381 712 4427 tamen
773 4373 917 4444 ipsa,
962 4381 1018 4430 et
1069 4390 1237 4444 supra
1288 4387 1548 4442 mentem,
1579 4385 1634 4431 et
1665 4393 1832 4447 supra
1868 4394 1958 4432 ra-

371 4465 614 4529 tionem,
677 4471 733 4520 et
789 4479 958 4535 supra
1011 4465 1220 4532 vitam,
1293 4475 1347 4523 et
1417 4482 1588 4539 supra
1657 4469 1956 4525 essentiam
1991 4483 2042 4543 ι)

369 4573 432 4609 cx
445 4556 632 4610 sistat.

444 4645 640 4701 Omnia
671 4649 957 4717 prwseutia
988 4647 1120 4704 Deo.
1155 4681 1225 4690 —
1255 4649 1407 4706 Adde
1453 4651 1599 4722 quod
1643 4652 1764 4708 sine
1803 4667 1958 4708 com-

369 4737 630 4795 mistione
674 4740 785 4793 ulla
834 4741 1021 4795 omnia
1064 4743 1363 4812 pervadat;
1399 4759 1526 4798 cum
1570 4751 1762 4799 contra
1820 4745 1958 4800 nihil

369 4842 488 4882 eam
519 4827 696 4896 possit
723 4835 1018 4898 penetrare
1047 4849 1059 4885 :
1097 4833 1342 4904 illudque
1375 4834 1503 4888 item
1535 4833 1682 4904 quod
1714 4833 1955 4904 simplici

369 4923 686 4991 cognitione
715 4923 905 5006 omnia
937 4934 1258 4996 cognoscat,
1290 4941 1356 4982 ac
1387 4925 1579 4981 divino
1620 4940 1746 4989 suo,
1776 4926 1952 4980 omni-

369 5014 586 5086 busque
633 5017 816 5074 modis
869 5019 1178 5090 perspicaci
1228 5026 1282 5076 et
1331 5020 1456 5075 sine
1502 5018 1734 5073 materia
1767 5018 1951 5084 oculo,

367 5098 783 5178 simplicissime
820 5119 932 5165 tam
984 5114 1305 5181 praesentia,
1359 5126 1524 5182 quam
1568 5111 1866 5181 praeterita,
1899 5119 1956 5166 et

368 5195 558 5252 futura
587 5199 742 5268 prius
781 5217 946 5273 quam
978 5203 1132 5271 ﬁant,
1166 5210 1497 5259 contueatur
1519 5202 1565 5234 ⁸⁸
1603 5221 1616 5257 :
1653 5211 1766 5257 tum
1790 5202 1954 5256 etiam

438 5389 488 5423 “‘
536 5387 700 5463 (ἓν-οε.
732 5387 862 5446 Naz.
901 5399 1045 5448 orat.
1092 5394 1141 5460 l,
1180 5393 1246 5448 15
1293 5403 1348 5450 et
1381 5394 1470 5449 40.
1547 5394 1590 5426 ³⁸
1623 5390 1848 5462 Dionys.
1897 5403 1959 5448 ca

2071 5386 2085 5441 ἰ
2117 5385 2192 5440 De
2242 5385 2350 5443 div.
2384 5401 2526 5440 nom.

1574 307 1636 366 S.
1675 306 1997 370 JOANNIS
2029 312 2455 387 DAMASCENI

386 415 625 485 Spiritus
659 411 789 468 item
815 421 899 470 est
937 413 1164 485 angelus
1195 414 1412 481 bonus;
1457 415 1691 487 Spiritus
1716 418 1954 486 daemon;

2071 425 2147 480 ὅτε
2181 432 2274 484 καὶ
2307 433 2429 498 νοῦς
2458 437 2675 509 πνεῦμα
2692 439 2912 511 λέγεται
2931 460 2945 475 ο
2969 443 3187 518 πνεῦμα

3556 344 3679 411 869

3247 449 3349 505 καὶ
3378 452 3408 506 ό
3421 451 3518 506 iv:
3530 463 3672 521 μσς·

2062 521 2279 594 πνεῦμα
2312 527 2405 581 καὶ
2422 529 2451 582 ό
2473 529 2600 600 ἀήρ.

2658 844 2908 899 ΚΕΦΑΛ.
2943 843 3041 898 ΙΔ’.

2397 953 2474 1006 Τὰ
2512 953 2796 1022 ἰδιώματα
2849 955 3016 1022 θείας
3060 957 3328 1026 φύσεως.

2130 1061 2202 1113 Τὸ
2222 1060 2575 1127 άκτιστον,τὺ
2609 1063 2862 1133 ἄναρχον,
2879 1065 2940 1118 τὸ
2970 1064 3265 1132 ἀθάνατον,
3285 1069 3384 1124 καὶ
3413 1070 3679 1144 ἀπέρανι

2057 1168 2149 1204 τον
2174 1193 2188 1218 ,
2222 1153 2316 1206 καὶ
2367 1155 2587 1208 αἰώνιον
2607 1189 2622 1214 ,
2646 1155 2708 1209 τὸ
2735 1156 2764 1192 ά
2803 1155 2999 1221 ἀῡλον,
3044 1158 3108 1212 τὸ
3160 1160 3369 1228 ἀγαθὸν
3389 1204 3404 1228 ,
3438 1164 3502 1216 τδ
3562 1164 3675 1236 δην

2062 1245 2402 1315 μιουργικὸν,
2427 1246 2490 1299 τὸ
2511 1246 2742 1312 δίκαιον,
2773 1248 2835 1300 τὸ
2869 1249 3227 1316 φωτιστικὺν,
3255 1251 3318 1324 τὸ
3350 1252 3666 1324 ἄτρεπτον,

2057 1334 2119 1388 τὸ
2151 1334 2456 1399 ἀπαθὲς,τὸ
2481 1338 2921 1407 άπερίγραπτον,
2939 1339 3001 1392 τὸ
3027 1339 3418 1412 άχώρητον,τδ
3449 1346 3667 1418 ἀπερι-

2057 1425 2291 1497 όριστον,
2321 1424 2381 1480 τὸ
2408 1427 2681 1500 ἀόριστον,
2711 1428 2771 1481 τὸ
2801 1429 3060 1500 ἀόρατον,
3093 1431 3157 1484 τὸ
3183 1433 3576 1505 ἀπερινόητον,
3597 1437 3669 1491 τὸ

2057 1516 2322 1582 ἀνενδεὲς,
2348 1517 2407 1571 τὸ
2443 1518 2781 1589 αὐτοκρατὲς
2814 1520 2908 1573 καὶ
2953 1521 3328 1588 αὐτεξούσιον,
3351 1524 3413 1576 τὸ
3450 1543 3666 1580 παντο-

2059 1607 2390 1679 κρατορικδν
2413 1648 2428 1673 ,
2468 1608 2529 1661 τὸ
2588 1607 2913 1672 ζωοδοτικδν
2938 1649 2954 1674 ,
2985 1609 3050 1662 τὸ
3106 1611 3526 1683 παντοδύναμον
3546 1655 3564 1679 ,
3596 1614 3666 1668 τὸ

2059 1697 2491 1768 ἁπειροδύναμον
2513 1739 2528 1764 ,
2562 1696 2624 1750 τδ
2655 1698 2982 1765 ἀγιαστικδν
3035 1700 3133 1752 καλ⁸
3183 1702 3562 1770 μεταδοτικὸν,
3595 1703 3666 1758 τὸ

2059 1789 2335 1858 περιέχειν
2382 1788 2478 1841 καὶ
2528 1788 2775 1858 συνέχειν
2815 1788 2885 1843 τά
2937 1791 3261 1861 σύμπαντα,
3290 1795 3388 1847 καὶ
3423 1793 3658 1849 πάντων

2059 1882 2441 1954 προνοεῖσθαι·
2480 1879 2661 1934 πάντα
2702 1880 2916 1948 ταῦτα,
2946 1882 3044 1937 καὶ
3098 1883 3170 1936 τά
3215 1886 3441 1940 τοιαῦτα
3490 1890 3658 1957 φύσει

2057 1972 2190 2042 ἔχει,
2222 1971 2321 2024 οὐκ
2369 1969 2592 2026 ἄλλοθεν
2625 1971 2904 2046 εἰληφυῖα,
2945 1971 3062 2025 ἀλλ’
3103 1974 3242 2045 αὑτὴ
3277 1977 3653 2045 μεταδιδοῦσα

2059 2062 2258 2124 παντὸς
2311 2059 2515 2128 ἀγαθοῦ
2570 2063 2686 2124 τοῖς
2725 2060 2953 2124 οἰκείοις
3011 2064 3273 2134 ποιήμασι
3300 2066 3489 2134 ,κατά
3542 2068 3649 2140 τὴν

2060 2159 2290 2212 ἑκάστου
2331 2156 2589 2229 δεκτικὴν
2620 2155 2874 2227 δύναμιν.

2140 2251 2206 2305 Ἢ
2265 2254 2322 2306 ὲν
2380 2250 2629 2322 ἀλλήλοις
2668 2249 2778 2303 τῶν
2833 2250 3182 2304 ὑποστάσεων
3236 2253 3372 2321 μονή
3432 2269 3494 2305 τε
3543 2250 3649 2306 καὶ

2061 2345 2273 2415 ἵδρυσις
2303 2358 2318 2374 ⁸
2351 2342 2666 2396 ἀδιάστατοι
2702 2341 2811 2412 γάρ
2871 2335 3033 2396 αὗται
3057 2381 3072 2406 ,
3110 2343 3208 2395 καὶ
3263 2342 3656 2412 ἀνεκφοίτητοι

2062 2433 2307 2504 ἀλλήλων
2359 2432 2520 2496 εἰσὶν,
2551 2429 2858 2502 ἀσύγχυτον
2893 2431 3122 2501 ἔχουσαι
3151 2431 3252 2503 τὴν
3294 2432 3353 2484 ὲν
3393 2430 3657 2496 ἀλλήλαις

2064 2525 2472 2598 περιχώρησιν·
2507 2525 2608 2595 οὐχ
2663 2526 2804 2579 ὥστε
2864 2522 3316 2592 συναλείφεσθαι,
3348 2523 3382 2592 ἦ
3433 2524 3660 2591 συγχεῖ-

2068 2617 2212 2679 σθαι,
2241 2614 2356 2670 ἀλλ’
2385 2613 2526 2667 ὥστε
2586 2612 2804 2684 ἔχεσθαι
2832 2612 3084 2682 ἀλλήλων
3106 2625 3120 2638 ⁶
3157 2612 3284 2674 Υἱὸς
3316 2612 3424 2682 γὰρ
3458 2613 3515 2663 ἐν
3543 2611 3662 2664 Πα-⁵
3703 2669 3712 2678 _

2065 2707 2154 2778 τρὶ
2209 2707 2302 2760 καὶ
2337 2703 2641 2774 Πνεύματι·
2681 2704 2776 2756 καὶ
2807 2703 3034 2774 Πνεῦμα
3056 2703 3116 2754 ὲν
3148 2702 3330 2773 Πατρὶ
3360 2704 3455 2755 καὶ
3491 2700 3616 2771 Υἰῷ
3638 2718 3653 2732 ·

2069 2798 2163 2851 καὶ
2213 2795 2401 2866 Πατὴρ
2454 2795 2512 2847 ὲν
2555 2793 2672 2864 Υἱῷ
2706 2795 2803 2848 καὶ⁵
2840 2793 3148 2865 Πνεῦματι,
3180 2793 3456 2865 μηδεμιᾶς
3503 2809 3658 2862 γινοο

2074 2890 2242 2962 μένης
2273 2885 2622 2956 συναλοιφῆς,
2647 2885 2680 2956 ἢ
2709 2885 3076 2956 συμφύρσεως
3103 2885 3136 2955 ἢ
3171 2885 3516 2955 συγχύσεως.
3546 2881 3662 2936 Καὶ

2069 2984 2130 3037 τὸ
2154 2980 2214 3034 ἒν
2243 2980 2337 3034 καὶ
2359 2979 2557 3034 ταυτὸν
2590 2979 2688 3048 τῆς
2726 2978 3000 3048 κινήσεως
3021 2993 3035 3006 ο
3067 2977 3126 3030 ἓν
3158 2976 3269 3048 γάρ
3317 2975 3662 3044 ἑξαλμα,καὶ

2077 3074 2174 3145 μία
2220 3072 2437 3140 κίνησις
2467 3070 2578 3124 τῶν
2617 3068 2785 3138 τριῶν
2833 3068 3228 3122 ὑποστάσεων⁶
3259 3070 3400 3139 ὅπερ
3438 3068 3533 3120 ἐπὶ
3557 3067 3661 3137 τῆς

2065 3160 2293 3230 κτιστῆς
2319 3159 2534 3229 φύσεως
2559 3156 2904 3228 θεωρηθῆναι
2931 3156 3216 3213 ἀδύνατον.

2137 3275 2248 3330 Καὶ
2285 3275 2367 3328 ὃτι
2395 3275 2430 3345 ἡ
2473 3273 2594 3328 θεία
2640 3271 2908 3342 ἐλλαμψις
2947 3273 3042 3325 καὶ
3083 3271 3368 3342 ἐνέργεια,
3396 3273 3494 3342 μία
3517 3265 3660 3327 οὖσα

2066 3367 2160 3421 καὶ
2206 3367 2376 3436 ἁπλῆ,
2412 3365 2510 3418 καὶ
2541 3365 2778 3436 ἀμερὴς,
2813 3365 2907 3418 καὶ
2937 3362 3271 3433 ἀγαθοειδῶς
3301 3364 3361 3415 ὲν
3403 3365 3517 3426 τοῖς
3553 3380 3657 3434 με-

2069 3460 2273 3528 ριστοῖς
2310 3456 2698 3526 ποικιλλομένη
2739 3456 2833 3510 καὶ
2873 3458 2988 3520 τοῖς
3017 3457 3152 3510 πᾶσι
3206 3454 3276 3507 τά
3318 3454 3420 3526 τῆς
3446 3452 3658 3520 οἰκείας

2068 3549 2282 3618 φύσεως
2340 3548 2642 3603 συστατικὰ
2675 3547 2936 3617 νέμουσα,
2979 3547 3133 3618 μένει
3178 3547 3354 3618 ἁπλῆ·
3382 3545 3656 3616 πληθυνθ-

2072 3641 2210 3712 μένη
2243 3642 2342 3712 μὲν
2392 3641 2450 3694 ὲν
2478 3642 2592 3703 τοῖς
2638 3641 2918 3710 μεριστοῖς
2955 3638 3290 3709 ἀμερίστως,
3327 3638 3421 3691 καὶ
3457 3637 3527 3690 τά
3559 3653 3658 3707 με·

2069 3733 2230 3804 ριστά
2289 3731 2427 3803 πρὸς
2478 3730 2578 3803 τὴν
2632 3731 2833 3801 ἑαυτῆς
2884 3730 3168 3800 ἁπλότητα
3213 3729 3524 3798 συνάγουσα
3559 3730 3658 3783 καὶ

2068 3819 2492 3896 ἐπιστρέφουσα.
2522 3825 2706 3878 Πάντα
2726 3822 2836 3896 γάρ
2858 3823 3028 3893 αὐτῆς
3051 3823 3285 3891 ἐφίεται,
3311 3822 3406 3876 καὶ
3426 3823 3485 3876 ὲν
3514 3823 3655 3894 αὐτῇ

2070 3915 2185 3987 ἔχει
2240 3917 2340 3987 τὴν
2373 3914 2632 3986 ὓπαρξιν.
2669 3915 2779 3968 Καὶ
2823 3913 2964 3985 αὑτὴ
3003 3913 3102 3983 μὲν
3131 3915 3246 3975 τοῖς
3284 3913 3420 3964 πᾶσι
3448 3910 3546 3964 τοῦ
3573 3907 3655 3964 εἷ-

2067 4026 2177 4074 ναι,
2213 4006 2396 4071 καθὼς
2426 4007 2540 4078 ἕχει
2565 4017 2590 4046 ο
2620 4005 2836 4076 φύσεως
2868 4003 3226 4077 μεταδίδωσι·
3252 4002 3348 4057 καὶ
3367 4002 3508 4072 αὐτή
3535 4004 3656 4057 ἐστι

2066 4099 2175 4157 τῶν
2233 4099 2402 4154 ὄντων
2438 4098 2501 4152 τὸ
2545 4093 2706 4165 εῖναι,
2755 4097 2852 4152 καὶ
2901 4096 3014 4150 τῶν
3059 4094 3281 4159 ζώντων
3323 4096 3357 4164 ὴ
3397 4091 3655 4164 ζωὴ,καὶ

2066 4192 2174 4246 τῶν
2201 4190 2436 4261 λογικῶς
2466 4189 2636 4246 ὄντων
2670 4192 2698 4244 ό
2734 4188 2914 4258 λόγος,
2953 4187 3048 4242 καὶ
3084 4186 3196 4240 τῶν
3246 4184 3452 4256 νοερῶς
3480 4185 3655 4238 ὄντων

2067 4287 2101 4355 ὴ
2125 4285 2328 4354 νόησις.
2356 4283 2504 4354 Αὐτὴ
2555 4281 2698 4353 ὑπὲρ
2727 4280 2854 4336 νοῦν
2879 4277 3038 4347 οὖσα,
3063 4280 3158 4336 καὶ
3184 4278 3325 4347 ὑπὲρ
3354 4277 3538 4346 λόγον,
3555 4278 3654 4334 καὶ

2071 4377 2213 4448 ὑπὲρ
2238 4375 2408 4447 ζωὴν,
2441 4375 2537 4430 καὶ
2565 4373 2706 4444 ὑπὲρ
2734 4372 2946 4428 οὐσίαν.

2139 4643 2263 4695 Ἔτι
2307 4639 2365 4695 δὲ
2411 4640 2508 4694 καὶ
2547 4639 2608 4694 τὺ
2647 4639 2737 4694 διά
2771 4638 2991 4694 πάντων
3031 4636 3244 4709 διήκειν
3289 4637 3508 4707 άμιγῶς
3535 4677 3551 4703 ,
3581 4633 3652 4690 δι’

2065 4735 2238 4806 αὐτῆς
2269 4734 2326 4788 δὲ
2351 4733 2531 4790 οὐδέν.
2571 4734 2696 4790 Ἔτι
2726 4733 2821 4787 καὶ⁵
2852 4731 2914 4785 τὸ
2937 4731 3082 4803 ἁπλῇ
3124 4730 3325 4800 γνώσει
3353 4729 3651 4798 γινώσκειν

2064 4827 2133 4881 τά
2164 4827 2360 4881 πάντα.
2398 4826 2507 4880 Καὶ
2543 4826 2721 4880 πάντα
2766 4825 2842 4895 τῷ
2872 4823 3040 4893 θείῳ,
3094 4823 3191 4876 καὶ
3222 4823 3651 4893 παντεποπτικῷ

2061 4927 2153 4980 καὶ
2184 4925 2335 4997 ἀΰ).ῳ
2361 4925 2533 4995 αὐτῆς
2577 4924 2788 4996 ὄμματι
2833 4921 3022 4986 ἁπλῶς
3061 4920 3337 4994 καθορᾷν,
3372 4919 3444 4974 τά
3472 4937 3534 4974 τε
3567 4920 3652 4971 ὲν-

2063 5019 2294 5083 εστῶτα,
2334 5018 2402 5072 τά
2424 5035 2485 5071 τε
2517 5015 2958 5090 παρεληλυθότα,
2984 5015 3080 5070 καὶ
3113 5013 3184 5068 τά
3217 5013 3487 5085 μέλλοντα
3519 5011 3651 5083 πρὶν

2065 5110 2334 5181 γενέσεως
2369 5111 2551 5165 αὐτῶν
2578 5125 2592 5140 ·
2623 5109 2684 5162 τὸ
2726 5108 3114 5179 ἀναμάρτητον
3134 5147 3150 5174 ,
3181 5107 3278 5160 καὶ
3318 5105 3381 5161 τὸ
3427 5104 3650 5175 ἀφιέναι

2065 5204 2364 5276 ἁμαρτίας,
2394 5205 2490 5259 καὶ
2531 5201 2763 5267 σώζεινο
2796 5202 2888 5257 καὶ
2918 5202 3001 5255 ὅτι
3037 5199 3221 5256 πάντα
3251 5198 3354 5271 μὲν
3379 5198 3479 5253 ὅσα
3505 5196 3652 5252 θέλει

2623 5380 2810 5436 “Dan.
2851 5396 2950 5446 xu,
2984 5379 3071 5437 42.

1649 5547 1886 5606 ἾΑΙΗᾸΞ
1925 5541 2333 5602 LECTIONES.

442 5672 466 5710 ιι
531 5671 588 5724 In
651 5666 775 5721 cod.
857 5669 914 5725 S.
975 5666 1080 5724 llil.
1117 5685 1183 5727 ex
1247 5673 1634 5729 emendatione
1666 5669 1905 5738 additur,
1941 5667 2001 5721 τὸ
2023 5662 2250 5732 ἁπλοῦν,
2277 5661 2337 5717 τὺ
2363 5661 2681 5717 ἀσύνθετον.

378 5734 580 5801 ἔχουσι.

2782 5669 2806 5700 ο
2838 5656 2906 5716 Β.
2938 5655 3111 5725 2927;
3160 5655 3217 5710 in
3278 5651 3527 5720 margine
3573 5657 3648 5719 ὡς
