4014 6202
384 312 486 376 8σί

1524 322 1620 380 DE
1655 323 1829 382 FIDE
1854 324 2309 389 ORTHODOXA
2345 334 2490 395 LIB.
2526 336 2603 396 II.

3519 347 3622 405 862

378 422 606 475 δύναται
635 436 649 450 ο
687 418 786 491 οὐχ
829 420 926 474 ὅσα
972 422 1030 477 δὲ
1066 424 1287 479 δύναται
1312 466 1327 490 ,
1366 425 1529 482 θέλει.
1588 428 1816 482 Δύναται
1855 431 1921 498 γὰ

2026 436 2213 505 ,ιιιιοιί
2262 440 2471 494 nullum
2512 443 2568 496 in
2621 459 2745 498 eum
2802 454 3085 514 peccatum
3139 450 3315 513 radat,
3371 453 3623 521 quodque

376 510 649 565 ἀπολέσαι
675 514 766 565 τὸν
799 513 1001 584 κόσμον
1028 533 1041 547 ο
1082 517 1142 569 οὐ
1172 518 1312 570 Θὲλει
1341 518 1418 571 δέ.

2058 528 2284 593 peccata
2339 530 2596 586 dimittat.
2641 542 2695 588 et
2741 534 2974 589 salutem
3017 536 3250 591 aﬁ‘erat:
3287 554 3349 593 ac
3384 542 3620 607 denique

376 602 538 669 illud,
762 607 940 677 possit
972 607 1242 679 quidquid
1272 612 1424 665 vult:
1460 626 1576 666 non
1606 618 1789 667 tamen
1820 613 1951 667 velit
1992 615 2260 687 quidquid
2294 630 2492 689 potest.
2524 623 2709 682 Potest
2734 627 2880 681 enim
2913 628 3177 681 mundum
3245 630 3502 699 perdere,
3532 602 3618 684 iet

376 705 485 745 non
519 692 640 746 vult
671 692 737 749 ".

470 868 515 899 "
547 866 711 940 (ἶνες.
743 874 884 923 orat.
950 867 1043 924 40.

396 1066 3539 1111 W

1455 1239 1809 1328 LIBER
1902 1239 2540 1337 SECUNDUS.

884 1573 1134 1628 ΚΕΦΑΛ.
1168 1576 1224 1627 Αο
1257 1573 1374 1645 [lE'
1392 1574 1437 1646 1.

948 1664 1084 1730 Περί
1127 1664 1357 1731 αἰῶνος.

437 1754 610 1817 Αὐτὸς
641 1755 765 1817 τοὺς
797 1754 999 1817 αἰῶνας
1025 1757 1303 1825 ἐποίησεν,
1339 1762 1367 1811 6
1407 1761 1664 1832 ὑπάρχων
1690 1762 1794 1831 πρὸ
1832 1763 1940 1815 τῶν

367 1843 613 1895 αἰώνων·
668 1842 802 1911 πρὸς
850 1844 907 1896 ὃν
938 1862 1102 1913 φησιν
1135 1846 1162 1897 ὁ
1213 1846 1357 1911 θεῖος
1403 1850 1601 1903 Δαϐἰδν
1648 1852 1788 1905 Ἀπὸ
1834 1852 1939 1906 τοῦ

365 1933 615 1999 αἰῶνος,
664 1934 761 1987 καί
808 1935 918 2000 ἕως
956 1936 1061 1990 τοῦ
1098 1938 1314 2004 αἰῶνος
1352 1940 1434 1994 σὺ
1479 1939 1547 1995 εἳ.
1585 1943 1693 1995 Καὶ
1722 1944 1750 1995 6
1798 1943 1939 2008 Θεῖος

380 2024 699 2088 ’Λπόστολος
723 2043 735 2057 ο
771 2027 851 2078 Δι’
884 2022 958 2082 οὗ
990 2027 1087 2081 καὶ
1123 2030 1262 2096 τοὺς
1287 2031 1505 2099 αἰῶνας
1527 2033 1793 2101 ἐποίησε.

433 2118 556 2187 Χρὴ
595 2117 775 2170 τοίνυν
823 2118 1148 2186 γινώσκειν,
1196 2122 1277 2175 ὅτι
1309 2123 1369 2175 τὸ
1399 2124 1494 2176 τοῦ
1542 2125 1736 2188 αἰῶνος
1768 2126 1937 2197 ὄνομα

363 2206 679 2276 πολύσημόν
710 2210 855 2261 ἐστι·
902 2210 1130 2265 πλεῖστα
1166 2212 1273 2282 γὰρ
1326 2215 1603 2285 σημαίνει.
1639 2218 1783 2271 Λίὼν
1828 2220 1936 2290 γὰρ

362 2298 585 2364 λέγεται
612 2300 704 2351 καί
732 2302 763 2367 ἡ
792 2300 1022 2353 ἑκάστου
1053 2302 1160 2355 τῶν
1199 2304 1504 2376 ἀνθρώπων
1533 2309 1668 2381 ζωή.
1700 2312 1933 2380 Λέγεται

363 2392 525 2443 πάλιν
560 2391 694 2443 αἰὼν
720 2394 834 2461 (45)
860 2434 873 2455 ,
923 2395 1017 2447 καὶ
1050 2397 1076 2446 6
1104 2396 1292 2465 χιλίων
1344 2400 1480 2452 ἑτῶν
1509 2402 1718 2471 χρόνος.
1767 2405 1934 2459 Πάλιν

360 2478 580 2546 λέγεται
620 2481 773 2546 αἰὼν,
806 2483 926 2546 ὅλος
956 2487 984 2537 6
1018 2485 1206 2555 παρὼν
1246 2487 1357 2556 βίος
1383 2503 1395 2515 ’
1437 2491 1531 2543 καὶ
1567 2492 1701 2545 αἰὼν
1744 2496 1771 2547 6
1805 2494 1936 2564 μὲλ-

360 2570 505 2631 λων,
553 2572 581 2623 6
628 2572 767 2641 μετὰ
812 2574 910 2645 τὴν
954 2576 1251 2632 ἀνάστασιν
1288 2581 1667 2653 ἅτελεύτητος.
1701 2586 1932 2655 Λέγεται

361 2662 526 2716 πάλιν
556 2664 709 2727 αἰὼν,
747 2667 808 2718 οὐ
838 2668 1047 2737 χρόνος,
1070 2670 1189 2722 οὐδὲ
1233 2672 1424 2743 χρόνου
1452 2692 1503 2727 τι
1536 2676 1707 2745 μέρος
1730 2715 1745 2739 ,
1780 2679 1931 2748 ἡλίου

359 2756 505 2824 φορᾷ
536 2755 629 2807 καὶ
654 2756 841 2827 δρόμῳ
870 2759 1263 2829 μετρούμενον,
1298 2762 1464 2831 ἤγουν
1498 2764 1565 2816 δι’
1590 2766 1813 2838 ἡμερῶν
1840 2770 1931 2822 καὶ

358 2847 572 2899 νυκτῶν
608 2851 1019 2919 συνιστάμενον,
1051 2852 1187 2906 ἀλλὰ
1228 2854 1286 2907 τὸ
1324 2861 1930 2929 συμπαρεκτεινόμενον

353 2942 468 3001 τοῖς
507 2940 718 3005 ἀϊδίοις,
750 2935 860 2993 οἷόν
889 2960 941 2995 τι
968 2944 1216 3014 χρονικὸν
1242 2947 1468 3018 κίνημα,
1503 2949 1597 3003 καὶ
1631 2949 1926 3021 διάστημα.

357 3032 539 3101 Ὅπερ
575 3032 683 3101 γὰρ
716 3035 829 3094 τοῖς
874 3034 979 3087 ὑπὸ
1029 3036 1220 3107 χρόνον
1266 3040 1293 3091 6
1342 3037 1568 3108 χρόνος,
1613 3038 1768 3093 τοῦτο
1820 3042 1931 3103 τοῖς

354 3123 552 3189 ἀϊδίοις
587 3126 733 3181 ἐστὶν
761 3126 916 3183 αἰών.

426 3388 694 3457 Λέγονται
741 3389 840 3459 μὲν
884 3385 977 3443 οὖν
1012 3390 1153 3444 ἑπτὰ
1190 3391 1386 3455 αἰῶνες
1414 3390 1522 3461 (44)
1569 3391 1662 3445 τοῦ
1714 3393 1920 3456 κόσμου

352 3478 570 3543 τούτου,
622 3482 787 3550 ἦγουν
819 3482 926 3535 ἀπὸ
960 3484 1058 3552 τῆς
1102 3482 1334 3554 οὐρανοῦ
1382 3484 1474 3535 καὶ
1515 3484 1616 3552 γῆς
1667 3484 1919 3548 κτίσεως,

356 3572 520 3641 μέχρι
552 3571 653 3641 τῆς
692 3572 880 3642 κοινῆς
926 3572 1032 3626 τῶν
1072 3573 1372 3644 ἀνθρώπων
1402 3575 1707 3639 συντελείας
1740 3592 1797 3628 τε
1830 3577 1923 3628 καὶ

1970 1585 2019 1643 Β

2712 1588 2859 1643 CAP.
2906 1601 2941 1642 ι.

2536 1676 2612 1730 De
2632 1679 2829 1732 swculo
2860 1697 2951 1733 seu
2984 1697 3111 1736 azt'o.

2111 1760 2231 1832 Ipse
2269 1766 2470 1819 szecula
2510 1767 2659 1833 fecit,
2711 1770 2803 1837 qui
2848 1783 2975 1825 ante
3006 1774 3209 1827 saecula
3239 1783 3358 1829 erat
3392 1793 3404 1829 :
3441 1792 3603 1845 quem

2040 1852 2265 1909 divinus
2320 1853 2495 1910 David
2551 1858 2635 1914 his
2686 1861 2868 1921 verbis
2919 1862 3117 1917 aﬁ'atur
3164 1882 3175 1915 :
3222 1867 3263 1917 Α
3314 1870 3507 1921 δανειιιο
3554 1878 3605 1923 et

2038 1961 2200 2015 usque
2232 1946 2286 2000 in
2332 1948 2583 2004 swculum
2633 1959 2687 2003 tu
2726 1968 2779 2005 es
2813 1952 2875 2004 ³⁸.
2918 1952 2993 2007 De
3044 1970 3155 2022 quo
3203 1955 3330 2011 item
3382 1959 3603 2015 divinus

2037 2033 2359 2103 Apostolus,
2383 2052 2474 2104 per
2502 2056 2651 2108 quem
2692 2039 2815 2108 fecit
2841 2050 2889 2094 et
2916 2043 3111 2096 swcula
3130 2046 3194 2097 3”.

2110 2127 2250 2192 Quid
2272 2130 2543 2193 saxulum,
2567 2129 2763 2185 Graecis
2794 2132 2957 2188 ἀιών.
2981 2165 3049 2174 -
3075 2134 3369 2189 Sciendum
3396 2137 3600 2208 itaque,

2037 2233 2235 2273 nomen
2277 2222 2484 2285 smculi,
2523 2238 2617 2276 seu
2650 2224 2771 2287 mvi,
2806 2225 3183 2294 multipliciter
3212 2229 3383 2297 accipi
3414 2248 3425 2282 :
3452 2246 3601 2284 com-

2037 2309 2197 2379 plura
2240 2311 2385 2365 enim
2433 2311 2726 2381 signiﬁcat.
2762 2313 2896 2367 Nam
2952 2324 3005 2368 et
3051 2316 3288 2372 hominis
3354 2318 3601 2387 cujusvis

2036 2397 2147 2451 vita
2174 2399 2432 2453 saeculum
2474 2400 2694 2453 dicitur.
2727 2400 2996 2453 Saeculum
3036 2402 3186 2466 item,
3214 2410 3428 2471 tempus
3456 2404 3602 2458 mille

2036 2504 2301 2544 annorum
2333 2492 2642 2560 appellatur
2668 2491 2735 2543 ⁸ο.
2764 2493 2842 2544 Ad
2876 2492 2990 2546 haec
3035 2493 3296 2546 saeculum
3346 2496 3599 2549 nomina-

2035 2586 2144 2643 tur,
2192 2587 2367 2634 totum
2416 2582 2704 2650 prtesentis
2736 2583 2861 2636 vita:
2904 2584 3267 2650 curriculum,
3310 2592 3363 2637 et
3416 2585 3598 2639 futura

2037 2668 2127 2720 illa
2169 2684 2231 2721 ac
2273 2678 2393 2739 post
2456 2671 2925 2725 resurrectionem
2988 2672 3316 2725 immortalis
3368 2673 3477 2725 vita
3529 2674 3594 2728 δ’.

2034 2757 2178 2823 Quin
2227 2761 2485 2814 smculum
2532 2777 2753 2831 quoque
2802 2761 3025 2826 dicitur,
3067 2777 3175 2815 non
3220 2750 3460 2830 tempus,
3496 2777 3598 2817 nec

2037 2855 2295 2921 temporis
2346 2870 2476 2924 pars
2522 2855 2633 2908 ulla
2681 2854 2814 2909 solis
2866 2862 3016 2907 motu
3050 2869 3113 2908 ac
3152 2870 3319 2909 cursu
3353 2855 3593 2921 deﬁnita,

2032 2946 2145 2998 sive
2195 2961 2257 2997 ex
2310 2946 2522 2998 dierum
2578 2946 2933 3013 noctiumque
2986 2944 3128 2997 serie
3181 2943 3410 2998 conﬂata
3447 2964 3459 2997 :
3500 2947 3593 2999 sed

2029 3033 2119 3086 ille
2148 3034 2294 3086 velut
2326 3032 2645 3103 temporalis
2671 3040 2873 3095 motus,
2909 3047 2972 3085 ac
3014 3032 3275 3101 spatium,
3307 3034 3452 3101 quod
3488 3048 3593 3086 una

2026 3138 2151 3177 cum
2212 3124 2278 3177 iis
2324 3138 2446 3192 quae
2494 3131 2698 3177 aeterna
2744 3130 2871 3176 sunt
2922 3122 3273 3192 protenditur
3322 3124 3387 3175 ".
3438 3123 3592 3189 Quod

2025 3216 2171 3269 enim
2228 3215 2295 3268 iis
2337 3229 2457 3283 quae
2500 3214 2733 3282 tempori
2791 3213 3031 3268 subsunt
3073 3222 3286 3283 tempus
3334 3222 3440 3277 est,
3490 3215 3594 3269 hoc

2026 3305 2299 3375 perpetuis
2328 3314 2415 3360 est
2444 3305 2731 3359 smcnlnm.

2099 3392 2302 3463 Septem
2343 3397 2535 3449 saecula
2559 3396 2674 3447 vita:
2696 3393 2872 3461 hujus,
2918 3400 2967 3446 et
3006 3402 3245 3447 octavum
3289 3394 3500 3464 fatum.
3524 3426 3592 3437 --

2026 3482 2143 3538 1am
2178 3500 2303 3539 vero
2330 3494 2533 3554 septem
2567 3484 2883 3553 hujusmodi
2922 3485 3119 3538 saecula
3164 3485 3456 3550 dicuntur;
3488 3487 3591 3541 hoc

2027 3587 2130 3641 cst,
2154 3591 2182 3628 a
2208 3576 2334 3630 εαξιί
2364 3585 2632 3646 terraeque
2659 3576 2937 3630 creatione
2961 3590 3131 3646 usque
3157 3577 3222 3630 ad
3245 3592 3587 3632 communem

424 3743 469 3819 '_"
493 3744 882 3819 Psal._r.xutr,
905 3746 1011 3819 2:“
1038 3744 1286 3819 ’ξᾲίῐεῢιιζ
1307 3762 1345 3807 ι,
1373 3747 1425 3800 5.
1502 3747 1546 3777 ⁸ο
1578 3745 1745 3801 Arist.
1783 3748 1870 3801 lib.
1905 3760 1919 3799 ι

2057 3730 2205 3815 caelo,
2242 3728 2517 3805 tcxtitOO.
2595 3749 2636 3781 δ’
2658 3748 2847 3807 Matth.
2881 3766 2982 3819 ιιι,
3009 3751 3113 3817 32;
3150 3751 3281 3807 Luc.
3306 3767 3457 3816 xxix,
3489 3752 3579 3807 54.

351 3814 399 3846 ⁸⁸
424 3814 589 3885 Greg.
621 3813 751 3868 Naz.
781 3826 920 3869 orat.
944 3814 1033 3881 35,
1052 3814 1121 3870 58
1146 3826 1196 3871 ει
1224 3814 1313 3868 42.

1878 3926 2106 3985 NOTAE.

403 4014 535 4085 (45)
576 4016 816 4085 Λέγεται
850 4019 1033 4072 πάλιν
1062 4019 1224 4071 αἰὼν.
1253 4016 1392 4082 Quin
1440 4016 1689 4071 saeculum
1720 4032 1918 4087 quoque

347 4089 573 4157 dicitur,
625 4098 731 4141 etc.
786 4088 859 4141 Ita
913 4087 1208 4157 Gregorius
1260 4087 1571 4157 Theologus
1614 4087 1802 4141 multis
1859 4090 1914 4141 in

351 4160 507 4213 locis.
541 4156 786 4211 Gnostici
819 4155 1042 4210 αἰώνων
1060 4156 1278 4211 nomine
1305 4195 1320 4219 ,
1353 4156 1498 4224 quod
1531 4155 1793 4225 frequens
1832 4165 1917 4211 est

351 4230 405 4280 in
439 4228 762 4295 Scripturis,
790 4227 1047 4296 quodque
1078 4226 1268 4279 Latine
1296 4228 1347 4279 in
1380 4228 1640 4296 swculum
1662 4226 1914 4289 vertitur,

347 4299 584 4351 virtutes
616 4297 795 4349 varias
812 4295 873 4349 ex
898 4296 1005 4351 Deo
1029 4298 1261 4351 emissas
1295 4296 1591 4363 signiﬁcari
1619 4295 1915 4359 ﬁnxerunt,

349 4376 519 4444 atque
570 4366 772 4444 idcirco
810 4364 976 4444 Deum
1009 4366 1116 4444 d_i_ci
1169 4375 1298 4444 ante.
1327 4366 1543 4444 sarcula,
1593 4373 1832 4444 exstare,
1866 4374 1919 4420 et
1951 4389 1996 4444 υ

349 4439 401 4488 in
428 4433 627 4490 smnia
660 4436 994 4491 stecutorum.
1030 4437 1234 4488 Horum
1267 4434 1459 4488 deliria
1498 4443 1619 4503 post
1654 4433 1916 4489 lrena=um

348 4506 662 4559 (:nttfutavit
727 4504 1107 4559 Theodoretus
1170 4505 1223 4557 in
1282 4504 1534 4573 Epitome
1604 4504 1915 4557 divinorum

348 4577 689 4643 dogmatum.
726 4574 869 4626 Αἰὼν
904 4575 1108 4629 Grzecis
1156 4573 1296 4627 idem
1338 4585 1454 4636 est,
1490 4574 1636 4640 quod
1671 4589 1836 4626 (vuum
1866 4582 1921 4643 et

348 4641 603 4697 mentum
632 4643 842 4696 Latinis
877 4661 889 4696 :
922 4660 1030 4711 quo
1054 4658 1219 4697 sensu
1255 4643 1453 4697 dicitur
1484 4643 1628 4699 Deus
1652 4657 1776 4697 esse
1812 4641 1918 4710 πρὸ

346 4714 581 4773 αἰώνων,
607 4720 659 4766 et
686 4713 1027 4781 προαιώνιος,
1059 4721 1178 4765 (ιηιε
1199 4729 1362 4765 wvum
1397 4730 1545 4767 omne
1571 4723 1619 4767 et
1641 4713 1914 4766 sa’culum.

348 4782 446 4836 Sin
485 4799 582 4849 pro
615 4782 919 4835 aeternitate
953 4783 1274 4849 accipiatur,
1322 4782 1580 4836 deﬁnitur
1612 4792 1675 4835 ex
1708 4781 1914 4846 Boetio,

342 4851 757 4905 interminabilis
792 4852 908 4905 vita:
945 4861 1052 4904 tota
1088 4852 1248 4903 simul
1280 4860 1328 4903 et
1372 4853 1598 4919 perfecta
1632 4853 1913 4919 possessio.

345 4920 523 4985 Quam
556 4921 929 4975 deﬁnitionem
971 4922 1194 4984 agnovit
1228 4919 1401 4979 Philo,
1446 4922 1539 4974 lib.
1577 4921 1653 4973 De
1694 4921 1911 4987 mundo,

343 4992 438 5044 ubi
473 4992 595 5044 ait:
638 4991 724 5041 Ἐν
772 4990 929 5041 αἰῶνι
981 4990 1102 5043 οὔτε
1144 4989 1514 5059 παρελήλυθεν
1558 4990 1746 5051 οὐδὲν,
1788 4990 1912 5042 οὔτε

347 5060 568 5129 μέλλει,
611 5059 749 5112 ἀλλὰ
795 5061 954 5129 μόνον
989 5061 1314 5128 ὑφέστηκεν.
1342 5058 1415 5111 ⁷1η
1458 5061 1750 5114 (eternitate
1784 5061 1913 5112 nihil

343 5132 585 5191 transiit,
621 5146 714 5182 nec
743 5130 983 5196 futurum
1022 5141 1121 5194 est,
1167 5130 1255 5181 sed
1282 5130 1610 5182 solummodo
1650 5130 1908 5182 consistit.

339 5199 581 5255 Joannes
615 5200 873 5269 Scythop.
900 5200 953 5252 in
989 5215 1110 5269 cap.
1143 5198 1175 5252 5
1212 5198 1286 5251 De
1322 5200 1425 5251 die.
1454 5216 1593 5251 nom.
1632 5199 1911 5269 proprium

341 5269 436 5323 Dei
474 5284 597 5324 esse
636 5266 732 5331 ait,
771 5266 932 5337 ut‘_sit
961 5266 1096 5321 αἰὼν
1117 5309 1131 5331 ,
1159 5270 1285 5337 quia
1321 5285 1537 5336 semper
1566 5276 1649 5323 est
1686 5269 1771 5318 ἀεὶ
1796 5266 1870 5320 ὧν
1892 5282 1908 5296 ο

336 5340 477 5425 ὄτιερ
517 5339 795 5425 γὰρμήτε
829 5335 926 5425 ἧν,
956 5335 1192 5425 ,ἰηηιιίιζ
1226 5340 1369 5425 μήτε
1403 5335 1555 5425 ἔσται
1581 5380 1596 5402 ,
1648 5337 1761 5425 ἀέλ¹
1796 5338 1910 5389 ἔστι

343 5407 527 5476 μόνον,
564 5407 722 5459 τοῦτο
749 5407 921 5471 ἑστὼς
953 5409 1075 5476 ἕχον
1106 5411 1165 5461 τὸ
1199 5407 1355 5461 εἶναι.
1396 5408 1538 5460 Nam
1574 5408 1712 5477 quod
1751 5423 1910 5474 neque

336 5487 474 5538 erat,
517 5495 679 5547 neque
708 5480 827 5541 erit,
870 5478 960 5532 sed
992 5478 1352 5531 tantummodo
1381 5492 1479 5540 est,
1511 5477 1626 5539 hoc,
1666 5493 1782 5529 cum
1812 5477 1908 5530 ha-

337 5546 459 5599 beat
481 5546 597 5602 esse
631 5549 942 5610 consistens,
978 5548 1133 5600 itaut
1157 5566 1258 5601 ηοη
1298 5556 1526 5599 mutetur
1558 5550 1609 5600 in
1650 5547 1905 5612 futurum,

338 5625 435 5688 aut
470 5615 816 5688 abheorquod
865 5627 1012 5681 erat,
1046 5620 1098 5669 in
1128 5618 1180 5670 id
1212 5617 1349 5688 quod
1403 5626 1515 5679 est,
1538 5615 1712 5688 ,τοῦτό
1760 5620 1907 5669 ἐστιν

333 5686 496 5756 αἰών,
531 5686 663 5742 illud
691 5684 830 5742 certe
860 5699 961 5761 ~est
1016 5689 1169 5743 αἰών.
1224 5684 1301 5741 Ex
1375 5701 1482 5759 quo
1533 5684 1695 5741 infert
1740 5688 1902 5742 vitam

2025 4018 2204 4090 illam,
2241 4032 2361 4090 qua:
2396 4018 2503 4072 ﬁne
2545 4018 2941 4090 carituranon
2994 4027 3113 4083 est,
3173 4035 3402 4090 mireque
3469 4028 3582 4075 tota

2023 4088 2185 4141 simul
2218 4088 2473 4159 exsistit.
2501 4088 2660 4155 cujus
2704 4088 2837 4159 nihil
2878 4098 3268 4151 consumatur,
3307 4088 3406 4144 nec
3446 4106 3583 4159 pra:-

2025 4165 2216 4215 tereat.
2247 4172 2421 4223 neque
2454 4158 2695 4213 futurum
2728 4158 2818 4219 sit,
2860 4174 2967 4212 non
2999 4174 3122 4213 esse
3147 4175 3208 4212 ex
3245 4168 3356 4213 toto
3382 4158 3575 4222 αἰῶνα,

2024 4225 2117 4280 sed
2144 4226 2264 4294 ejus
2303 4227 2553 4298 etTectum
2585 4246 2597 4280 :
2634 4228 2761 4298 quia
2806 4228 2945 4282 Dens
2984 4229 3098 4297 ipse
3130 4229 3262 4281 αἰὼν
3291 4242 3394 4293 est,
3433 4232 3579 4298 ipsa-

2025 4303 2133 4348 met
2160 4297 2460 4367 aeternitas,
2496 4298 2587 4348 καὶ
2628 4296 2825 4359 αἰῶνας
2857 4296 3023 4349 ποιῶν
3057 4300 3411 4352 mternitatum
3449 4296 3578 4367 e/fc-

2024 4374 2181 4427 ctor;
2214 4366 2352 4438 quia
2408 4366 2568 4438 rebus
2617 4382 2737 4434 quze
2790 4368 3150 4432 intelligentia
3203 4366 3581 4438 percipiuntur

2023 4434 2294 4496 comedit,
2322 4440 2381 4486 ut
2420 4436 2527 4489 sint
2555 4444 2787 4489 internae.

2094 4504 2206 4571 (44)
2247 4504 2531 4571 Λέγονται
2568 4506 2683 4571 μὲν
2708 4502 2821 4559 οὖν
2843 4506 2990 4558 ἑπτὰ
3017 4505 3226 4571 αἰῶνες
3249 4524 3261 4537 ⁸
3299 4505 3423 4559 iam
3462 4523 3577 4560 vero

2021 4582 2212 4646 septem
2250 4579 2446 4646 satcuta
2496 4576 2762 4627 dicuntur.
2812 4575 2910 4629 SS.
2955 4575 3141 4632 Patres
3182 4578 3425 4646 plerique
3466 4585 3577 4628 tra-

2020 4641 2159 4695 dunt
2187 4643 2501 4697 universum
2544 4646 2644 4696 hoc
2700 4659 2791 4697 sex
2842 4661 3106 4697 annormn
3166 4641 3405 4700 millibus
3452 4660 3578 4713 per-

2020 4726 2378 4775 mansurum,
2427 4713 2881 4779 qnemadmodum
2937 4716 3129 4767 diebus
3172 4730 3262 4769 sex
3297 4715 3574 4767 conditum

2022 4782 2158 4851 fuit:
2214 4780 2494 4847 Scriptura
2545 4783 2760 4836 dicente
2808 4784 2943 4851 psal.
3001 4800 3202 4837 LXXXIX
3259 4784 3574 4849 :Quoniam

2020 4850 2162 4903 mille
2194 4851 2321 4903 anni
2350 4860 2470 4903 ante
2496 4852 2673 4904 oculos
2705 4850 2820 4905 tuos
2854 4854 2985 4904 sicut
3007 4854 3113 4904 dies
3140 4870 3265 4905 una.
3301 4853 3575 4905 tionsimi-

2020 4921 2123 4973 lein
2159 4919 2505 4973 traditionem
2540 4919 2713 4973 Judaei
2750 4922 2945 4974 habent
2988 4923 3039 4974 in
3072 4921 3369 4975 Thalnmde
3412 4930 3569 4974 tract.

2022 4989 2095 5041 De
2131 4990 2297 5041 aroda
2328 5004 2473 5040 zara.
2506 4988 2761 5057 Basilius,
2794 4991 2885 5042 lib.
2921 4991 2995 5042 De
3020 5000 3205 5042 struet.
3252 4993 3399 5045 hom.
3432 4992 3484 5049 εὶ,
3521 5001 3573 5042 et

2016 5058 2425 5121 Nazianzenus,
2452 5067 2593 5111 orat.
2634 5060 2723 5122 44,
2764 5060 3047 5126 septimam
3104 5062 3397 5115 errationis
3427 5060 3573 5113 diem

2018 5132 2171 5197 aiunt
2212 5129 2699 5183 consummationis
2744 5129 2906 5195 hujus
2937 5130 3119 5197 szeculi
3158 5129 3381 5197 ﬁguram
3429 5144 3570 5181 esse.

2016 5196 2193 5249 Latini
2222 5237 2237 5261 ,
2276 5206 2334 5251 ut
2381 5198 2615 5251 Severus
2670 5197 2970 5264 Snlpitius,
3014 5196 3252 5252 Isidorus
3279 5240 3291 5260 ,
3324 5197 3572 5252 Julianus

2016 5264 2337 5336 Toletanus,
2396 5266 2696 5319 Romanum
2728 5267 3194 5336 Martyrologium,
3238 5278 3285 5320 et
3322 5269 3411 5320 alii
3448 5268 3572 5335 qui-

2016 5334 2119 5389 bus
2168 5336 2311 5389 l'avet
2345 5336 2670 5390 Anastasius
2710 5336 2787 5398 ΙΙ,
2824 5334 3227 5401 Antiochenus,
3272 5338 3363 5391 lib.
3405 5334 3477 5390 vn
3517 5338 3569 5389 in

2013 5404 2393 5466 Hexaemeron,
2415 5415 2655 5471 tempora
2690 5406 2875 5459 mundi
2912 5406 2964 5457 in
2999 5414 3204 5471 septem
3237 5418 3424 5460 :etates
3462 5406 3571 5459 dis-

2016 5477 2347 5528 tribuerunt.
2413 5474 2715 5528 Germanus
2744 5474 2848 5528 (ΞΡ.
2886 5476 3083 5527 εωειιῑο
3121 5492 3227 5533 xu.
3271 5493 3334 5529 ex
3376 5485 3568 5528 aucto-

2013 5547 2177 5597 ritate
2208 5543 2477 5614 Hippolyti
2498 5586 2511 5607 ,
2544 5544 2730 5613 Cyrilli
2763 5554 2817 5597 et
2862 5543 3269 5614 Chrysostomi,
3302 5547 3352 5597 in
3389 5547 3567 5613 Expo-

2012 5614 2742 5685 sitioneliturgizeprobare
2774 5614 2968 5667 nititur
3007 5614 3398 5685 Antichristum
3447 5625 3567 5685 post

2010 5699 2107 5738 sex
2139 5684 2304 5738 millia
2330 5684 2736 5755 etquingentos
2765 5699 2937 5739 annos
2966 5684 3355 5753 appariturum.
