4014 6202
401 287 509 348 803
1615 283 1676 344 S.
1718 283 2038 345 JOANNIS
2076 284 2512 347 DAMASCENI
3601 285 3710 351 δε4

405 397 689 451 hominum
765 399 1311 461 consummationem
1372 402 1426 451 et
1491 394 1984 451 resurrectionem.

2119 397 2464 460 ιναστάσεως.
2513 396 2675 452 Ἔστι
2726 394 2827 466 μιν
2873 393 2985 466 γὰρ
3029 393 3322 450 συντέλεια
3381 399 3632 469 μερικὴ,
3681 403 3710 453 6

404 488 621 542 Etenim
671 488 882 557 privata
924 488 1152 557 quidem
1197 496 1285 544 est
1331 489 1783 552 consummatio,
1840 502 1992 543 mors

2119 488 2334 542 :xdctou
2372 487 2603 550 θάνατος
2627 499 2643 517 ⁸
2680 485 2796 540 ἐστι
2831 485 2888 539 δὲ
2933 487 3030 540 καὶ
3056 485 3254 557 κοινὴ,
3285 486 3381 540 καί¹
3413 487 3711 559 παντελὴς

404 579 709 649 cujusque;
761 580 1079 634 communis
1138 592 1346 644 autem,
1415 587 1473 635 et
1529 580 1768 652 integra,
1836 577 1996 650 ι5ἇ1

405 686 532 724 eum
593 670 906 726 communis
973 671 1222 725 omnium
1287 673 1626 727 resurrectio
1685 672 1990 742 continget.

407 761 675 817 Octavum
703 777 871 833 porro
906 764 1192 826 sarculum,
1227 779 1402 818 rerum
1432 765 1682 819 futurum
1719 771 1824 818 est.

479 854 753 910 Cancrum
785 862 914 911 ante
942 854 1136 910 mundi
1165 854 1618 925 productionem,
1652 871 1779 910 eum
1818 869 1888 909 ne
1913 854 1996 908 sol

409 942 632 1010 quidem
693 949 881 1008 esset,
940 943 1035 1013 qui
1085 943 1228 998 diem
1285 959 1317 997 a
1381 951 1544 999 nocte
1594 943 1993 1014 distingueret,

409 1032 681 1102 ejusmodi
711 1035 976 1090 saeculum
1020 1050 1128 1089 non
1177 1042 1296 1090 erat
1322 1036 1471 1106 quad
1508 1035 1823 1090 mensurari
1870 1048 1998 1105 pos-

411 1132 496 1178 set
518 1124 596 1191 ";
640 1123 735 1181 sed
769 1125 857 1180 ille
888 1126 1058 1180 veluti
1091 1127 1412 1196 temporalis
1449 1134 1636 1180 motus
1669 1124 1916 1195 quidam,
1945 1131 2000 1179 et

412 1216 796 1281 intervallum,
825 1219 972 1288 quod
1010 1233 1118 1272 una
1144 1234 1270 1272 cum
1302 1220 1527 1274 aeternis
1555 1218 1723 1274 rebus
1753 1216 2001 1288 exporri-

412 1317 657 1378 geretur.
685 1309 866 1378 Atque
903 1309 1006 1364 hac
1044 1309 1270 1380 quidem
1315 1311 1534 1365 ratione
1570 1324 1739 1364 unum
1786 1316 1871 1364 est
1900 1322 2002 1364 sae-

414 1397 623 1458 culum.
677 1396 983 1453 secundum
1049 1414 1213 1467 quam
1255 1397 1402 1455 Deus
1454 1400 1620 1455 etiam
1675 1397 1893 1462 αἰώνιος
1933 1397 1998 1461 ⁸⁸,

414 1487 576 1558 quasi
598 1486 808 1543 diceret
833 1488 1134 1552 swcularis,
1173 1496 1556 1559 nuncupatur;
1589 1490 1700 1544 imo
1719 1497 1774 1544 et
1801 1488 2002 1544 saeculo

417 1578 724 1648 antiquior,
755 1587 943 1650 utpote
976 1580 1070 1649 qui
1107 1580 1284 1646 ipsum
1315 1581 1578 1636 saeculum
1613 1581 1732 1651 ipse
1778 1578 1995 1643 fecerit,

416 1667 565 1724 Deus
599 1671 769 1736 enim,
799 1686 924 1726 cum
963 1671 1116 1727 solus
1150 1671 1425 1741 principio
1456 1680 1664 1734 careat,
1694 1671 1998 1726 universo-

2099 578 2401 641 συντέλεια,
2437 579 2527 631 ὅτε
2560 577 2747 648 μέλλει
2782 579 2815 648 ἡ
2849 578 3006 648 κοινὴ
3037 577 3291 646 γίνεσθαι
3329 579 3446 633 τῶν
3477 577 3708 652 ἀνθρώ-

2099 689 2216 724 πων
2247 670 2565 734 ἀνάστασις.
2603 669 2832 738 Ὄγδοος
2868 668 2946 737 δὲ,
2979 668 3114 723 αἰὼν
3147 672 3176 723 6
3206 669 3443 740 μέλλων.

2172 849 2287 919 Πρὸ
2318 847 2376 901 δὲ
2420 847 2520 917 τῆς
2565 845 2660 901 τοῦ
2712 845 2921 918 κόσμου
2956 848 3308 916 συστάσεως,
3358 849 3452 904 ὅτε
3504 849 3635 905 οὐδὲ
3687 854 3716 906 6

2098 940 2250 1010 ἥλιος
2278 935 2348 1011 ἦν
2376 939 2604 1011 διαιρῶν
2633 940 2851 1012 ἡμέραν
2879 941 2987 994 άπὸ
3030 942 3228 1007 νυκτὸς
3249 982 3267 1008 ,
3299 941 3404 996 οὐκ
3438 938 3511 1000 ἦν
3553 941 3712 997 αἰὼν

2104 1030 2391 1102 μετρητὸς,
2423 1029 2562 1084 ἀλλά
2585 1029 2648 1083 τὸ
2676 1045 2746 1082 συ
2758 1031 3304 1101 μπαρεκτεινόμενον
3328 1034 3445 1096 τοῖς
3475 1032 3704 1095 ἀϊδίοις,

2101 1117 2212 1175 οἶόν
2251 1139 2304 1176 τι
2354 1121 2606 1193 χρονικὸν
2653 1120 2864 1192 κίνημα
2913 1123 3009 1176 καὶ
3046 1123 3328 1194 διάστημα
3353 1142 3365 1155 ·
3425 1126 3524 1178 καὶ
3556 1125 3707 1177 κατὰ

2107 1214 2202 1284 μὲν
2241 1212 2425 1278 τοῦτο,
2459 1210 2540 1278 εἷς
2571 1212 2705 1266 αἰών
2757 1213 2907 1266 ἐστι’
2940 1212 3080 1267 καθὸ
3109 1216 3207 1270 καὶ
3248 1215 3472 1285 λέγεται
3511 1219 3540 1270 6
3566 1216 3707 1280 Θεὸς

2103 1306 2342 1371 αἰώνιος,
2379 1304 2518 1359 ἀλλὰ
2559 1305 2654 1359 καὶ
2699 1303 3030 1374 προαιώνιος
3054 1322 3070 1337 ο
3106 1309 3202 1360 καὶ
3235 1308 3403 1361 αὐτὸν
3449 1307 3566 1378 γὰρ
3612 1307 3712 1359 τὸν

2105 1401 2276 1454 αἰῶνα
2303 1398 2532 1468 ἐποίησε
2552 1414 2566 1429 ο
2603 1397 2766 1468 μόνος
2793 1396 2902 1469 γὰρ
2934 1396 3175 1468 ἄναρχος
3205 1397 3283 1452 ὢν
3318 1401 3347 1453 6
3371 1399 3528 1464 Θεὸς,
3564 1398 3712 1451 πάν-

2101 1507 2211 1544 των
2241 1489 2404 1553 αὐτός
2434 1490 2553 1542 ἐστι
2579 1487 2830 1558 ποιητὴς,
2856 1487 2966 1541 τῶν
2993 1505 3053 1542 τε
3080 1488 3321 1553 αἰώνων,
3353 1483 3448 1544 καὶ
3478 1489 3712 1542 πάντων

2105 1581 2210 1634 τῶν
2239 1580 2432 1636 ὄντων.
2483 1579 2617 1633 Θεὸν
2653 1579 2712 1632 δὲ
2756 1578 2969 1644 εἰπὼν,
3015 1579 3177 1651 δῆλον
3227 1581 3310 1635 ὅτι
3361 1581 3451 1636 τὸν
3481 1581 3714 1652 Πατέρα

2105 1671 2286 1739 λέγω,
2333 1671 2428 1724 καὶ⁴
2477 1669 2568 1723 τὸν
2603 1669 2871 1741 μονογενῆ
2923 1670 3092 1723 αὐτοῦ
3131 1671 3294 1736 Υἰὸν,
3345 1671 3437 1724 τὸν
3490 1670 3710 1741 Κύριον

419 1775 537 1814 rum
568 1761 686 1831 ipse
718 1771 824 1825 est,
853 1772 967 1817 tum
998 1763 1352 1829 saeculorum,
1386 1772 1498 1820 tum
1532 1780 1718 1820 rerum
1748 1764 1995 1818 omnium

2119 1762 2262 1832 ἡμῶν
2316 1759 2528 1833 ’ῐησοῦν
2579 1761 2815 1832 Χριστὸν
2847 1802 2862 1828 ,
2910 1762 3007 1816 καί⁸
3051 1762 3115 1816 τὸ
3157 1762 3382 1833 Πνεῦμα
3439 1761 3612 1816 αὐτοῦ
3646 1761 3712 1815 τὸ

418 1867 641 1921 parens.
682 1851 849 1909 Deum
896 1869 1060 1925 porro
1089 1855 1282 1911 dicens
1305 1895 1319 1920 ,
1361 1857 1553 1926 procul
1585 1855 1754 1911 dubio
1787 1863 1842 1912 et
1885 1853 1992 1910 Pa-

2103 1853 2366 1923 πανάγιον
2395 1853 2488 1907 τὸν
2518 1852 2618 1908 ἕνα
2638 1851 2773 1906 Θεὸν
2809 1852 2990 1924 ἡμῶν.

418 1951 556 1999 trem
587 1943 1074 2016 dicu,Filiumque
1122 1947 1244 2018 ejus
1296 1949 1648 2020 unigenitum
1704 1947 1994 2004 Dominum
2054 1955 2317 2004 nostrum
2376 1945 2566 2004 Jesum
2625 1945 2935 2013 Christum,
3006 1956 3059 2002 et
3098 1948 3512 2004 sanctissimum
3579 1945 3715 2016 ejus

419 2035 710 2105 Spiritum,
748 2051 917 2091 unum
948 2037 1116 2094 Deum
1147 2048 1420 2096 nostrum.

491 2123 703 2181 Sa'cula
737 2129 1071 2183 sa’culorum.
1107 2128 1347 2200 Origenis
1367 2131 1691 2185 instauratio
1721 2127 2002 2184 damnata.

430 2249 488 2258 ——
515 2217 672 2283 Quod
721 2228 903 2274 autem
952 2220 1280 2276 szeculorum
1320 2221 1523 2279 saecula
1557 2223 1840 2286 dicuntur,
1876 2218 2004 2275 ideo

423 2310 484 2364 ﬁt
520 2311 665 2380 quod
719 2321 925 2383 septem
979 2314 1145 2382 hujus
1177 2317 1366 2370 mundi
1419 2315 1642 2382 saecula,
1686 2315 1856 2370 multa
1902 2327 2006 2369 sae-

421 2403 566 2468 cula,
615 2419 713 2459 seu
765 2404 906 2459 vitas
955 2405 1261 2473 hominum,
1319 2407 1793 2476 complectuntur.
1824 2403 2005 2474 Atque

423 2511 592 2552 unum
640 2495 773 2551 illud
809 2497 1071 2551 steculum
1107 2500 1308 2553 saecula
1344 2497 1531 2553 omnia
1577 2497 1872 2568 complexu
1905 2509 2008 2551 suo

422 2593 611 2643 tenet:
654 2588 1031 2659 saeculumque
1077 2588 1262 2644 smculi
1297 2587 1503 2644 dicitur
1532 2602 1778 2659 przesens
1811 2587 1912 2642 hoc
1952 2591 2007 2640 et

423 2678 692 2734 futurum.
725 2677 902 2734 Porro
933 2679 1176 2743 αἰώνιος,
1218 2695 1315 2736 seu
1359 2678 1669 2741 saecularis,
1713 2691 1778 2732 ac
1811 2689 2008 2747 perpe-

423 2776 519 2825 tua
550 2771 660 2826 vita
687 2777 741 2826 et
779 2786 962 2842 poena,
1003 2771 1172 2826 futuri
1205 2772 1392 2828 saeculi
1438 2771 1592 2826 nullo
1637 2769 1745 2826 line
1773 2769 2005 2825 Iimitata

424 2861 600 2932 spatia
631 2860 939 2917 declarant.
976 2861 1165 2933 Neque
1196 2862 1344 2918 enim
1381 2870 1506 2934 post
1539 2861 2007 2918 resurrectionem

424 2969 558 3010 suus
588 2956 820 3024 tempori
848 2955 1060 3011 dierum
1095 2957 1451 3028 noctiumque
1491 2972 1756 3013 numerus
1787 2963 2006 3010 consta-

2184 2117 2452 2188 Λέγονται
2495 2117 2554 2172 δὲ
2591 2115 2688 2171 καὶ
2739 2115 2935 2182 αἰῶνες
2964 2115 3216 2184 αἰώνων,
3257 2118 3447 2173 καθότι
3495 2121 3596 2175 καὶ
3643 2122 3702 2175 οἰ

2112 2210 2208 2268 τοῦ
2253 2211 2525 2281 παρόντος
2551 2209 2757 2280 κόσμου
2784 2207 2928 2263 ἑπτὰ
2955 2209 3168 2275 αἰῶνες,
3209 2211 3436 2274 πολλοὺς
3463 2213 3708 2280 αἰῶνας,

2113 2306 2280 2378 ἤγουν
2313 2301 2461 2368 ζωὰς
2493 2301 2798 2374 ἀνθρώπων
2821 2302 3164 2374 περιέχουσι,
3193 2303 3286 2356 καὶ
3314 2304 3342 2356 6
3373 2303 3508 2358 αἰὼν
3534 2306 3564 2358 6
3597 2299 3711 2369 εἷς,

2113 2397 2334 2451 πάντων
2388 2394 2499 2449 τῶν
2547 2391 2761 2447 αἰώνων
2822 2393 2940 2448 ἐστί
3009 2393 3378 2464 περιεκτικὸς,
3427 2395 3522 2448 καὶ
3567 2394 3714 2448 αἰὼν

2114 2487 2310 2551 αἰῶνος
2340 2484 2604 2556 λέγεται,
2642 2485 2669 2538 6
2698 2483 2829 2550 νῦν,
2881 2483 2980 2538 καί⁵
3018 2485 3047 2537 6
3081 2482 3294 2554 μέλλων
3317 2499 3333 2514 ο
3383 2482 3601 2546 αἰώνιος
3648 2483 3714 2536 δὲ

2116 2579 2252 2651 ζωὴ,
2287 2579 2382 2634 καὶ
2427 2577 2646 2638 αἰώνιος
2675 2576 2917 2642 κόλασις,
2960 2575 3021 2629 τὸ
3053 2574 3415 2643 ἀτελεύτητον
3451 2574 3546 2628 τοῦ
3571 2574 3713 2644 μέλ-

2113 2671 2300 2734 λοντος
2326 2670 2522 2735 αἰῶνος
2549 2669 2700 2741 δηλοῖ
2729 2667 2773 2722 ί.
2807 2668 2944 2722 Οὐδὲ
2971 2669 3080 2739 γὰρ
3110 2667 3252 2739 μετὰ
3275 2666 3374 2738 τὴν
3407 2664 3715 2721 ἀνάστασιν

2113 2761 2352 2835 ἡμέραις
2385 2763 2479 2817 καὶ
2510 2761 2662 2829 νυξὶν
2693 2764 2721 2817 6
2748 2763 2941 2834 χρόνος
2972 2762 3366 2834 άριθμήσεται.
3406 2761 3598 2814 Ἔσται
3647 2760 3714 2813 δὲ

2118 2855 2318 2926 μᾶλλον
2348 2856 2449 2926 μία
2479 2855 2664 2927 ἡμέρα
2694 2855 2998 2926 ἀνέσπερος
3020 2869 3035 2884 ’
3062 2852 3156 2907 τοῦ
3190 2854 3345 2923 ἡλίου
3367 2852 3466 2924 τῆς
3495 2853 3714 2907 δικαιο-

2118 2947 2284 3019 σύνης
2324 2950 2434 3012 τοῖς
2460 2947 2692 3011 δικαίοις
2725 2947 2980 3017 φαιδρῶς
3008 2946 3418 3018 ὲπιλάμποντος
3443 2962 3457 2976 ⁸
3494 2948 3607 3009 τοίς
3647 2944 3716 2997 δὲ

425 3006 555 3010 νη,
1095 3006 1449 3028 ---ω----γ-
1491 3006 1754 3013 __________

425 3043 549 3098 bit:
584 3044 683 3100 sed
730 3061 876 3102 unus
930 3047 1113 3117 potius
1174 3062 1418 3116 vesperte
1465 3061 1664 3117 expers
1727 3046 1844 3101 dies
1905 3044 2003 3099 erit

2120 3006 2466 3111 ἀμαρτωλοίς
2495 3039 2596 3107 νὺξ
2630 3006 2826 3108 βαθεῖα
2867 3006 3200 3111 ’ἀπέραντοςί
3239 3039 3367 3103 Πῶς
3391 3006 3570 3092 τοίνυν
3588 3006 3713 3107 (45)

427 3135 582 3203 (Sole
607 3152 803 3207 nempe
820 3139 1054 3205 justitiae
1085 3140 1275 3210 probis
1305 3139 1626 3194 hominibus
1651 3136 1934 3207 splendide
1959 3143 2013 3192 et

424 3223 678 3279 hilariter
737 3225 1135 3298 illucescente);
1175 3229 1563 3298 peccatoribus
1623 3236 1840 3293 contra,
1901 3243 2011 3282 nox

427 3313 598 3367 densa
621 3324 676 3369 et
698 3318 1066 3387 sempiterna.
1093 3319 1343 3384 Quonam
1377 3329 1543 3390 pacto
1577 3320 1743 3391 igitur
1768 3319 2012 3375 cohtere-

429 3405 512 3457 bit
537 3403 670 3458 illud
702 3406 850 3462 mille
881 3422 1151 3463 annorum
1169 3410 1533 3473 curriculum,
1566 3426 1676 3481 quo
1701 3418 1920 3478 exacto,
1953 3417 2014 3465 ut

2118 3133 2147 3185 6
2175 3132 2285 3186 τῶν
2314 3131 2499 3202 χιλίων
2523 3131 2660 3185 ἐτῶν
2697 3128 3170 3204 Ὠριγενιαστικῆς
3201 3130 3716 3194 ἀποκαταστάσεως

2121 3223 2562 3294 ἀριθμηοήσεται
2589 3224 2781 3295 χρόνος
2810 3242 2824 3290 ;
2858 3225 3083 3278 Πάντων
3113 3219 3208 3278 οὖν
3240 3223 3350 3276 τῶν
3383 3222 3593 3277 αἰώνων
3621 3217 3715 3288 εἷς

2121 3318 2354 3388 ποιητής
2390 3317 2539 3371 ἐστιν
2565 3316 2593 3368 6
2623 3315 2778 3381 Θεὸς,
2805 3316 2834 3369 6
2863 3316 2959 3369 καί
2996 3316 3068 3369 τὰ
3103 3315 3399 3387 σύμπαντα
3435 3315 3714 3386 δημιουρ-

2120 3409 2323 3480 γήσας,
2359 3409 2386 3461 6
2413 3406 2678 3478 ὑπάρχων
2719 3406 2825 3478 πρὸ
2852 3405 2963 3461 τῶν
2993 3406 3226 3462 αἰώνων.

431 3497 695 3569 Origenes
730 3504 967 3567 censuit,
997 3504 1051 3558 in
1093 3505 1362 3575 integrum
1394 3506 1576 3559 omnia
1605 3505 2009 3561 restituentur?
2038 3503 2278 3559 Proinde
2328 3502 2658 3559 szeculorum
2710 3502 2959 3559 omnium
2997 3518 3144 3558 unus
3216 3515 3421 3572 parens
3453 3509 3508 3556 et
3573 3497 3715 3555 οπο-

432 3600 556 3647 ctor
593 3600 679 3648 est
708 3593 869 3659 Deus,
907 3596 1000 3666 qui
1046 3597 1209 3652 etiam
1238 3606 1439 3652 cuncta
1467 3597 1768 3655 fabricatus
1795 3605 1899 3660 est,
1936 3611 2000 3654 ae
2038 3595 2255 3654 saeculis
2281 3595 2560 3666 antiquior
2588 3595 2823 3651 exsistit.

1097 3683 1250 3738 CAP.
1286 3685 1351 3741 ΙΙ.

918 3773 998 3828 De
1028 3792 1202 3829 rerum
1227 3778 1516 3853 creatione.-

503 3862 602 3920 Dei
627 3864 833 3920 bonitas
864 3867 1004 3920 ratio
1029 3869 1334 3924 creationis.
1367 3869 1584 3925 Creatio
1610 3869 1708 3925 Dei
1740 3872 2010 3942 cogitatio.

431 3984 500 3997 -—
527 3954 798 4020 Quoniam
835 3954 999 4024 igitur
1030 3956 1226 4021 bonus,
1279 3958 1538 4028 omnique
1579 3957 1824 4013 bonitate
1863 3974 2009 4028 prm-

433 4047 666 4100 stantior
700 4045 866 4108 Dens,
912 4061 1020 4101 non
1069 4047 1204 4102 satis
1253 4049 1449 4104 habuit
1494 4066 1592 4105 sua
1652 4049 1826 4119 ipsius
1880 4065 2018 4106 con-

433 4136 790 4205 templatione
821 4134 956 4204 frui;
988 4137 1080 4192 sed
1120 4152 1220 4208 pro
1258 4140 1425 4194 nimia
1461 4141 1707 4196 bonitate
1735 4155 1834 4197 sua
1867 4155 2012 4211 qua:-

2650 3687 2903 3742 ΚΕΦΑΛ.
2941 3686 2996 3739 B’
3028 3685 3176 3758 [ιω.

2617 3778 2760 3847 Περί
2798 3778 3207 3848 δημιουργίας.

2202 3869 2358 3922 Ἐπεὶ
2383 3863 2475 3924 οὖν
2499 3871 2528 3923 6
2556 3869 2761 3938 ἀγαθὸς
2795 3871 2887 3922 καὶ
2929 3870 3279 3942 ὑπεράγαθος
3304 3871 3440 3936 Θεὸς
3463 3873 3568 3926 οὐκ
3607 3875 3713 3946 ἠρ-

2119 3959 2290 4031 κέσθη
2321 3963 2388 4031 τῇ
2419 3960 2616 4014 ἑαυτοῦ
2654 3960 2882 4033 Θεωρία,
2911 3961 3026 4016 ἀλλ’
3061 3961 3336 4034 ὑπερὸολῇ
3367 3963 3710 4036 ἀγαθότητος

2120 4051 2381 4122 εὐδόκησε
2428 4052 2686 4121 γενέσθαι
2748 4051 3554 4125 τινὰτὰεὺεργετηθησόμενα,
3609 4057 3708 4110 καὶ

2125 4141 2418 4214 μεθέξοντα
2461 4143 2565 4215 τῆς
2594 4143 2760 4198 αὑτοῦ
2813 4143 3151 4218 άγαθότητος
3172 4187 3188 4214 ,
3221 4149 3285 4200 ὲκ
3316 4146 3412 4201 τοῦ
3447 4147 3524 4219 μὴ
3551 4147 3710 4211 ὄντος

502 4311 550 4344 ⁸³
587 4310 748 4383 Greg.
778 4307 912 4368 Naz.
941 4322 1082 4368 orat.
1119 4312 1209 4367 44.
1285 4312 1330 4346 ⁸⁸
1361 4312 1576 4378 αἰώνιος
1604 4316 1767 4373 nobis
1822 4294 2050 4373 internus
2089 4333 2108 4371 :
2133 4317 2283 4372 aliud
2313 4317 2664 4388 significante
2695 4333 2832 4375 voce
2883 4321 3178 4376 saecularis.

1749 4473 1982 4533 VARIA‘I
2014 4477 2413 4537 LECTIONES.

508 4564 528 4606 ί
560 4563 885 4640 Νοειθιιξκαὶ
917 4567 1224 4641 ἀπέραντον
1262 4571 1430 4641 δηλοῖ.
1467 4572 1524 4625 In
1550 4572 1720 4642 llegg.
1756 4571 1823 4626 12
1853 4573 2010 4629 abest
2039 4588 2140 4628 vox
2173 4575 2394 4640 αἰῶνος.

1951 4709 2180 4768 NOT/E.

509 4792 620 4876 (ιε)
650 4794 786 4876 Πῶς
811 4797 1051 4876 τοίνυν..
1075 4797 1321 4876 Quonam
1349 4800 1532 4876 igitur
1575 4813 1729 4876 pacto
1783 4803 2012 4857 cohwre-
2041 4807 2085 4862 D
2120 4805 2330 4876 angelis
2353 4805 2492 4861 alios
2519 4808 2799 4875 peccando
2827 4810 2880 4863 in
2909 4809 3190 4866 daemones
3216 4811 3538 4876 mutandos,
3565 4814 3704 4870 alios

441 4863 536 4928 bit,
557 4863 664 4940 etc.
679 4863 944 4940 Origenes
961 4863 1180 4939 quidem
1207 4871 1324 4940 ipse
1348 4863 1796 4940 instaurationem
1828 4889 2010 4928 rerum

438 4947 494 5014 et
523 4936 815 5014 universi“,
840 4936 1004 5007 quam
1054 4936 1247 4996 Celsus
1299 4956 1327 4992 a
1365 4939 1669 5014 Plato‘u‘icis
1701 4953 2009 5014 acceperat,

441 5005 547 5062 hoe
585 5005 1242 5084 convellit‘argumento,
1279 5018 1373 5075 ut,
1433 5011 1478 5065 si
1521 5011 1664 5066 idem
1697 5013 1764 5084 ab
1798 5005 2013 5084 integro

440 5076 767 5154 seculorum
791 5076 1084 5148 rerumque
1109 5081 1243 5154 ordo
1267 5089 1610 5154 renascatur,
1641 5083 1791 5154 nulla
1822 5076 2014 5154 supcr-

438 5155 586 5200 esset
627 5147 882 5210 libertas,
919 5158 973 5203 et
1002 5147 1097 5204 res
1143 5151 1397 5205 humana:
1427 5152 1768 5207 ineluctabili
1820 5147 2012 5209 neces-

2117 4875 2185 4929 ad
2227 4876 2520 4947 animantia
2558 4892 2786 4947 corpora
2844 4880 3081 4933 humana
3119 4881 3492 4938 detrudendos
3528 4875 3548 4938 7:
3594 4900 3701 4937 non

2117 4954 2300 5022 tamen
2344 4946 2590 5012 eosdem,
2613 4946 2739 5022 -aut
2768 4949 2976 5022 simi_l_es
3013 4964 3204 5007 eorum
3241 4952 3336 5022 qui
3377 4964 3505 5007 ante
3535 4957 3704 5009 exsti-

2115 5020 2305 5093 terint,
2335 5026 2566 5093 eventus
2608 5017 2845 5075 futuros.
2870 5018 3043 5093 Hune
3076 5017 3324 5093 errorem
3359 5026 3705 5093 proscripse-

2115 5084 2476 5160 ratJust_inus
2500 5085 2724 5158 Martyr.
2760 5091 2977 5160 apolog.
3013 5091 3064 5153 l,
3097 5091 3188 5146 ubi
3222 5084 3402 5155 docet,
3427 5109 3532 5146 non
3555 5084 3704 5149 mille

2115 5171 2282 5232 annos
2321 5156 2610 5232 duntaxat,
2642 5156 2702 5212 iu
2740 5156 2902 5215 voluit
2930 5156 3133 5225 'Plato,
3175 5163 3365 5232 impios
3389 5167 3702 5218 excrucian-

439 5216 1145 5305 gitate‘obstringerentur.
1197 5220 1435 5305 anino
1485 5222 1760 5305 siqitidem
1802 5223 1919 5280 fore
1955 5231 2013 5305 ut
2103 5225 2348 5305 dosLsed
2391 5216 3146 5305 inperpetgas{eternitatest
3184 5216 3472 5305 Platonem
3504 5216 3703 5305 legcsis

441 5285 700 5364 Socrates
733 5285 918 5343 denuo
946 5291 1396 5364 _philosophetur
1421 5331 1442 5364 ,γ
1468 5285 1886 5364 _del‘eraturque
1946 5295 2012 5347 ad

437 5358 819 5433 Areopagum,
855 5369 915 5413 ut
942 5358 1210 5433 Phalaris
1229 5361 1574 5433 tyrannidem
1617 5358 1817 5418 iterum
1850 5379 2008 5418 exer-

439 5437 580 5491 ceat,
625 5438 684 5482 ut
729 5427 905 5484 Moses
942 5429 1219 5487 lsraelitas
1253 5427 1456 5488 'rursus
1497 5433 1788 5488 transferat
1819 5436 1874 5489 in
1907 5433 2006 5487 Pa-

439 5497 724 5572 laastinam,
755 5509 862 5572 etc.
898 5499 1022 5555 "(BC
1052 5503 1400 5572 persequitur
1436 5503 1530 5558 lib.
1567 5519 1620 5559 Iv
1669 5505 1824 5559 Cant.
1861 5504 2003 5558 Cels.

438 5566 728 5642 Origenes.
755 5570 913 5642 e_ujus
944 5566 1310 5628 commentum
1345 5573 1616 5642 ejusmodi
1645 5575 1711 5628 ad
1743 5576 2005 5630 amussim

441 5636 572 5714 non;
594 5636 715 5692 fuit.
765 5639 982 5714 Putavit
1008 5643 1271 5714 mundum
1312 5636 1458 5697 hunc
1484 5645 1564 5698 sic
1594 5647 1872 5714 expiatum
1916 5645 2006 5708 iri,

441 5713 501 5759 ut
541 5707 818 5764 daemones
859 5718 912 5764 et
964 5711 1118 5780 impii
1173 5713 1229 5767 in
1282 5715 1511 5783 gratiam
1564 5707 1808 5783 redeant,
1841 5725 1896 5772 et
1940 5707 2004 5772 ex

2111 5298 2166 5351 in
2196 5295 2416 5353 Timaeo.
2458 5295 2610 5353 Licet
2654 5300 2913 5365 Basilius,
2950 5303 3097 5356 hom.
3129 5304 3163 5357 5
3202 5304 3256 5356 in
3307 5303 3448 5361 Hex.
3483 5295 3701 5360 instau-

2119 5365 2390 5442 rationem
2449 5368 2895 5442 haneOrigenis
2934 5372 3238 5442 exploserit
3284 5393 3297 5427 :
3344 5391 3464 5428 eam
3519 5383 3703 5431 tamen

2116 5435 2400 5510 Nyssenus
2439 5441 2560 5510 ejus
2622 5435 2796 5495 l'ratér
2850 5435 3158 5497 asseruisse
3211 5444 3366 5499 visus
3408 5453 3492 5500 est
3542 5445 3700 5501 Orat.

2112 5508 2484 5580 cateclietiea.'
2527 5524 2650 5580 cap.
2686 5511 2756 5565 26
2781 5552 2796 5575 ,
2850 5521 2905 5567 et
2947 5513 3173 5566 homilia
3201 5512 3279 5567 De
3319 5516 3500 5568 anima
3529 5525 3580 5570 et
3616 5532 3702 5571 re-

2114 5591 2258 5634 surr.
2305 5578 2535 5648 ejusque
2590 5578 2754 5635 verba
2808 5597 2918 5636 non
2963 5584 3097 5637 satis
3129 5583 3354 5638 condita
3384 5588 3450 5639 ad
3503 5602 3699 5643 sanum

2115 5662 2340 5773 θεηεὲιὲ
2395 5664 2657 5707 revocare
2717 5661 2998 5709 tentarunt
3051 5652 3324 5711 Maximus
3370 5665 3424 5711 et
3468 5655 3700 5714 Germa-

2116 5733 2221 5773 nus
2339 5758 2354 5773 .

2116 5733 2221 5774 nus
2251 5733 2354 5773 ω’.
