4014 6202
446 268 553 334 867

1651 274 1718 333 S.
1753 273 2074 335 JOANNIS
2103 273 2539 340 DAMASCENI

3628 280 3746 345 808

450 379 610 448 cujus
654 376 888 433 formam
929 377 1256 434 substantiae
1287 390 1350 432 ac
1380 375 1758 434 deﬁnitionem
1796 379 2029 435 Creator

2150 396 2351 436 παται.
2395 383 2713 454 ’Δσώματος
2739 381 2794 437 δὲ
2818 383 3058 453 λέγεται,
3086 384 3182 438 καὶ
3215 385 3401 451 ἄῦλος,
3437 385 3567 441 ὅσον
3595 389 3743 459 πρὸς

447 470 602 524 solus
637 467 813 522 novit.
866 466 1028 533 Quod
1067 476 1254 522 autem
1305 481 1539 537 corpore
1574 482 1638 522 ac
1671 469 1906 524 materia
1934 483 2032 524 va-

448 575 578 616 care
607 559 831 622 dicitur,
876 559 982 614 hoc
1025 559 1202 614 nostri
1230 547 1444 612 ratione
1472 559 1895 629 intelligendum
1927 566 2032 614 est°

448 653 665 723 Alioqui
717 651 865 707 enim
918 651 1186 721 quidquid
1239 667 1366 706 cum
1422 650 1534 704 Deo
1574 651 1883 716 confertur,
1940 653 2034 722 qui

449 745 603 801 solus
631 744 766 798 nulli
800 745 1111 814 comparari
1152 750 1358 814 potest,
1391 757 1641 798 crassum
1674 752 1728 799 et
1753 745 2037 800 materiale

415 865 418 868 ~
454 837 756 892 invenitur.
800 836 927 891 Sola
957 837 1162 908 quippe
1192 837 1380 892 divina
1406 845 1609 892 natura
1640 853 1769 894 vere
1802 839 2034 894 materia

449 934 505 982 et
541 942 776 997 corpore
804 936 982 982 vacat.

518 1018 750 1088 Angelus
779 1019 1020 1073 libertate
1055 1018 1269 1072 arbitrii
1315 1017 1595 1086 praeditus.
1629 1048 1700 1060 —
1731 1016 1826 1073 Est
1868 1019 2038 1089 igitur

449 1109 679 1179 angelus
706 1117 903 1163 natura
945 1109 1263 1171 rationalis,
1296 1108 1640 1178 intelligens,
1681 1107 1875 1174 libera,
1910 1125 2034 1164 ver-

447 1199 626 1254 tihilis
661 1199 966 1255 secundum
994 1201 1354 1268 sententiain,
1387 1200 1506 1256 sive
1538 1203 1828 1258 voluntate
1856 1208 2035 1257 muta-

447 1291 596 1345 bilis.
627 1290 905 1360 Quidquid
933 1291 1080 1345 enim
1116 1300 1360 1347 creatum
1393 1301 1500 1356 est,
1534 1294 1828 1348 mutationi
1856 1294 2034 1350 subsit

447 1389 677 1435 necesse
733 1389 889 1434 est:
956 1381 1136 1436 solum
1211 1387 1398 1436 autem
1479 1389 1637 1437 extra
1713 1385 2035 1441 mutationis

447 1473 620 1528 aleam
656 1472 789 1527 illud
841 1480 948 1535 est,
1005 1472 1152 1543 quod
1198 1472 1508 1530 increatum
1557 1483 1664 1531 est.
1709 1474 2034 1548 Rursusque

448 1563 503 1617 id
553 1578 716 1619 omne
765 1563 914 1633 quod
962 1566 1235 1620 rationale
1281 1577 1385 1631 cst,
1443 1565 1656 1620 arbitrii
1693 1581 1915 1637 quoque
1966 1568 2034 1622 li-

446 1652 659 1709 bertate
708 1653 996 1722 praeditum
1047 1662 1154 1709 est.
1207 1656 1454 1725 Angelus
1490 1655 1678 1724 itaque
1718 1663 1777 1708 ut
1825 1665 2031 1711 natura

2135 473 2326 543 ἡμᾶς’
2385 477 2496 530 πᾶν
2548 478 2657 547 γὰρ
2709 477 3140 547 συγκρινόμενον
3195 479 3334 550 πρδς
3389 480 3562 545 Θεὸν,
3643 482 3743 534 τὸν

2141 565 2302 635 μόνον
2334 567 2696 640 ἀσύγκριτον,
2723 569 2870 640 παχὺ
2910 587 2970 623 τε
3003 571 3098 624 καὶ
3139 570 3326 625 ὑλικὸν
3368 573 3695 644 εὑρίσκεται
3721 597 3738 606 ο

2140 655 2301 725 μόνον
2350 658 2460 729 γὰρ
2521 659 2690 725 ὅντως
2738 661 2901 716 ἄῦλον
2939 661 3002 714 τὸ
3051 660 3192 717 θεῖόν
3248 664 3366 717 ἐστι
3431 664 3531 718 καὶ
3585 664 3740 720 ἀσώ-

2139 763 2331 817 ματον.

2210 1013 2366 1066 Ἔστι
2392 1013 2572 1066 τοίνυν
2601 1012 2765 1082 φύσις
2795 1014 3012 1085 λογικὴ,
3044 1016 3207 1086 νοερά
3229 1033 3312 1084 τε,
3339 1017 3433 1071 καὶ
3463 1019 3736 1086 αὐτεξού-

2137 1120 2272 1170 σιος,
2301 1105 2514 1176 τρεπτὴ
2543 1106 2682 1159 κατὰ
2718 1107 2967 1178 γνώμην,
3000 1109 3120 1178 ἤτοι
3161 1107 3571 1180 ἐθελότρεπτος.
3617 1115 3742 1168 Πᾶν

2137 1195 2247 1266 γὰρ
2291 1196 2512 1250 κτιστὸν
2535 1238 2549 1261 ,
2601 1197 2697 1249 καὶ
2729 1199 2963 1267 τρεπτόν
2996 1215 3011 1230 ο
3048 1200 3226 1270 μόνον,
3253 1201 3312 1255 δὲ
3340 1202 3402 1256 τὸ
3445 1205 3738 1273 ἄκτιστον,

2134 1289 2428 1358 ἄτρεπτον.
2462 1289 2573 1342 Καὶ
2626 1291 2735 1343 πᾶν
2786 1290 3039 1358 λογικὸν,
3086 1293 3460 1358 αὐτεξούσιον.
3501 1296 3591 1360 Ὦς
3632 1297 3740 1366 μὲν

2134 1379 2228 1436 οὖν
2272 1381 2467 1453 λογικὴ
2518 1381 2614 1435 καὶ
2662 1381 2866 1453 νοερὰ,
2920 1385 3271 1450 αὑτεξούσιός
3317 1388 3466 1441 ἐστιν
3495 1403 3509 1418 °
3563 1389 3643 1452 ὡς
3678 1388 3739 1442 δὲ

2135 1475 2356 1546 κτιστὴ,
2388 1473 2628 1547 τρεπτὴ,
2657 1474 2856 1544 ἔχουσα
2900 1475 3154 1541 ἐξουσίαν
3178 1517 3193 1542 ,
3223 1476 3319 1530 καὶ
3363 1479 3546 1548 μένειν
3570 1522 3585 1547 ,
3633 1479 3738 1532 καὶ

2135 1568 2472 1638 προκόπτειν
2505 1565 2564 1618 ὲν
2612 1565 2690 1635 τῷ
2728 1564 2958 1636 ἀγαθῷ,
3011 1567 3109 1620 κα)⁵
3155 1567 3251 1620 ἐπὶ
3295 1567 3358 1621 τὸ
3384 1570 3571 1640 χεῖρον
3599 1569 3735 1640 τρέ-

2135 1657 2357 1712 πεσθαι.

444 1757 532 1803 est
585 1748 819 1802 rationis
873 1748 1168 1819 particeps,
1223 1756 1280 1803 et
1333 1750 1688 1819 intelligens,
1729 1749 1889 1805 liberi
1940 1761 2028 1809 est
2065 1754 2320 1815 arbitrii;
2369 1759 2429 1806 ut
2465 1760 2687 1816 creata,
2719 1751 3005 1808 mutabilis
3071 1759 3179 1821 est,
3221 1755 3308 1810 cui
3360 1755 3596 1834 liberum
3653 1759 3727 1813 sit

443 1834 530 1891 vel
560 1849 784 1889 manere
815 1835 870 1889 in
914 1835 1079 1892 bono.
1110 1843 1164 1890 et
1206 1836 1260 1889 in
1294 1851 1360 1891 eo
1379 1837 1667 1907 prolicere,
1694 1838 1778 1892 vel
1812 1840 1868 1893 in
1909 1843 2115 1898 malum
2148 1842 2375 1898 inﬂecti.

515 1925 747 1995 Angelus
782 1927 1010 1994 incapaa:
1041 1928 1376 1996 poenitentia}.
1408 1957 1480 1968 —-
1507 1928 1857 1984 Paenitentia:
1875 1947 2034 2001 porro

2225 1935 2602 1998 Ἀνεπίδεκτος
2650 1934 2948 2005 μετανοίας
2971 1934 3080 2006 (47)
3104 1979 3117 2001 ,
3155 1937 3234 1990 ὅτι
3276 1939 3368 1992 καὶ
3401 1940 3728 2012 ἀσώματος.

443 2033 512 2075 ea
547 2019 764 2073 ratione
792 2018 1019 2073 minime
1057 2034 1231 2089 capax
1260 2027 1345 2075 est
1372 2019 1451 2086 ⁸⁸;
1489 2020 1650 2092 156
1685 2021 1815 2092 quia
1847 2022 2037 2078 incor-

446 2122 651 2178 poreus
697 2113 802 2162 est.
839 2105 977 2161 Nam
1010 2108 1156 2177 quod
1203 2109 1372 2164 homo
1410 2111 1792 2178 paenitentiam
1845 2127 2041 2170 conse-

447 2208 615 2254 cutus
665 2200 760 2264 sit,
815 2198 871 2254 id
919 2200 1175 2270 corporis
1224 2201 1598 2258 imbecillitati
1646 2202 1814 2259 fuerit
1856 2206 2035 2262 ascri-

447 2290 712 2346 bendum.

517 2381 618 2438 Dei
640 2400 852 2439 munere
874 2385 1195 2440 immortalis
1227 2393 1306 2441 est
1340 2385 1580 2456 angelus,
1607 2403 1714 2441 non
1741 2395 2033 2442 natura.—

447 2472 782 2531 lmmortalis
808 2485 912 2543 est,
946 2493 1058 2531 non
1100 2477 1325 2547 quidem
1383 2486 1604 2545 natura,
1638 2479 1734 2534 sed
1767 2478 1862 2534 Dei
1915 2495 2039 2533 mu-

448 2583 580 2623 nere
606 2574 661 2624 et
693 2569 892 2639 gratia.
923 2569 1202 2640 Quidquid
1234 2570 1383 2625 enim
1415 2577 1600 2630 ortum
1629 2571 1844 2638 habuit,
1873 2570 2037 2626 linem

448 2674 671 2730 quoque
700 2671 894 2731 suapte
926 2670 1122 2716 natura
1149 2662 1472 2719 habiturum
1500 2673 1606 2718 est.
1642 2663 1810 2719 Solus
1855 2663 2036 2735 siqui-

450 2750 574 2804 dem
607 2750 752 2807 Deus
781 2765 998 2820 scmper
1025 2760 1144 2818 est;
1174 2751 1286 2805 imo
1312 2759 1368 2806 et
1398 2753 1738 2820 sempiterno
1759 2753 2033 2823 superior.

446 2842 567 2897 Non
592 2843 740 2896 enim
776 2843 880 2898 sub
913 2851 1182 2914 tempore,
1216 2842 1314 2899 sed
1345 2858 1515 2913 supra
1555 2854 1771 2916 tempus
1810 2853 1916 2911 est,
1937 2845 2032 2915 qui

447 2931 576 2987 fecit.
602 2942 870 3003 tempora.

517 3022 764 3077 Secunda
793 3023 1018 3078 lumina.
1048 3053 1119 3067 -
1149 3023 1402 3080 Secunda
1435 3025 1645 3080 lumina
1683 3025 2020 3096 spiritualia,

447 3128 513 3166 ex
559 3114 825 3182 primaria
861 3114 957 3168 illa
995 3115 1116 3170 luce
1152 3117 1450 3186 omnisque
1483 3117 1741 3186 principii
1791 3127 2034 3186 experte,

449 3203 798 3273 splendorem
866 3205 1162 3271 habentia;
1218 3208 1423 3278 quibus
1476 3222 1579 3263 nec
1641 3208 1832 3279 lingua
1899 3222 2037 3277 opus

522 3337 568 3371 ⁴⁸
592 3338 812 3395 Nemes.
845 3355 896 3395 c.
929 3342 981 3394 l.

2151 2025 2209 2077 Ὀ
2241 2023 2667 2095 γὰρᾶνθρωπος
2703 2023 2792 2078 διὰ
2843 2024 2943 2095 τὴν
2991 2025 3082 2078 τοῦ
3116 2024 3365 2096 σώματος
3419 2029 3728 2087 ἀσθένειαν

2141 2115 2432 2186 μετανοίας
2460 2115 2675 2185 ἔτυχεν.

2218 2379 2533 2445 Ἀθάνατος,
2567 2378 2629 2432 οὑ
2661 2377 2822 2447 φύσει
2854 2377 2989 2448 (48),
3020 2378 3154 2433 ἀλλὰ
3177 2381 3362 2452 χάριτι
3387 2383 3434 2436 Β.
3470 2381 3585 2436 Πᾶν
3608 2383 3728 2455 γὰρ

2135 2470 2195 2524 τὸ
2229 2469 2576 2541 ἀρξάμενον,
2629 2468 2726 2522 καὶ
2759 2468 2992 2539 τελευτᾷ
3029 2469 3177 2521 κατὰ
3218 2469 3402 2537 φύσιν.
3442 2472 3618 2536 Μόνος
3667 2473 3730 2528 δὲ

2135 2563 2163 2616 ὁ
2189 2562 2321 2625 Θεὸς
2356 2560 2444 2615 ἀεὶ
2475 2558 2574 2626 ὢν,
2611 2558 2810 2629 μᾶλλον
2841 2558 2896 2612 δὲ
2927 2560 3024 2612 καὶ
3071 2559 3214 2630 ὑπὲρ
3241 2561 3302 2615 τὸ
3329 2562 3414 2614 ἀεί
3439 2579 3452 2592 ·
3483 2563 3580 2633 οὐχ
3617 2564 3736 2616 ὑπδ

2135 2656 2330 2728 χρόνον
2363 2654 2472 2726 γὰρ
2491 2691 2506 2720 ,
2535 2651 2649 2706 ἀλλ’
2685 2651 2826 2722 ὑπὲρ
2860 2653 3053 2722 χρόνον
3079 2693 3094 2718 ,
3126 2653 3155 2706 ό
3186 2653 3296 2708 τῶν
3329 2656 3536 2726 χρόνων
3566 2674 3736 2730 ποιη-

2139 2748 2310 2819 τήςδ.

2207 3014 2366 3068 Φῶτα
2405 3007 2634 3078 δεύτερα
2665 3005 2852 3076 νοερὰ,
2885 3006 2951 3059 ὲκ
2982 3004 3076 3058 τοῦ
3109 3005 3330 3076 πρώτου
3355 3004 3452 3059 καὶ
3481 3005 3730 3076 ἀνάρχου

2141 3107 2359 3179 φωτὸς,
2415 3102 2509 3154 τὸν
2567 3098 2849 3168 φωτισμὸν
2907 3095 3139 3166 ἔχοντα’
3191 3097 3254 3150 οὐ
3313 3096 3567 3167 γλώσσης
3627 3097 3737 3149 καὶ

2144 3201 2314 3272 ἀκοῆς
2362 3197 2592 3267 δεόμενα
2617 3235 2632 3261 ,
2683 3191 2798 3248 ἀλλ’
2846 3193 2976 3247 ἄνευ
3029 3191 3192 3259 λόγου
3244 3189 3584 3262 προφορικοῦ
3611 3189 3735 3263 (49)

1720 3423 1961 3479 VARUE
2004 3419 2418 3478 LECTIONES.

525 3520 550 3560 ⁸
589 3520 655 3574 Β.
681 3519 826 3574 2950
852 3518 993 3574 κατὰ
1023 3517 1208 3588 χάριν.
1284 3517 1312 3556 ιι
1354 3517 1412 3570 1η
1445 3514 1640 3571 codem
1686 3518 1715 3569 ὁ
1760 3517 1870 3570 τῶν
1919 3517 2127 3588 χρόνων
2172 3516 2426 3586 ποιητὴς,
2480 3516 2596 3568 ἀλλ’
2638 3516 2779 3588 ὑπὲρ
2805 3515 3017 3585 χρόνον.

1970 3632 2209 3688 NOTAE.

515 3728 634 3802 (47)
671 3731 1076 3795 Ἀνεπίδεκτος
1091 3729 1432 3802 μετανοίας.
1465 3727 1793 3802 Paenitentiaz
1817 3731 2032 3802 minime
2059 3733 2104 3794 C
2135 3729 2377 3802 interimi
2400 3744 2534 3792 esse,
2565 3727 2630 3782 ad
2657 3727 2963 3798 planiorem
2998 3741 3220 3782 sensum
3247 3739 3491 3794 revocat,
3529 3729 3731 3787 Tinuei

452 3799 645 3870 capax,
677 3819 780 3870 qua
819 3803 1178 3870 incorporeus.
1209 3801 1355 3854 Idem
1392 3809 1619 3855 sanctus
1650 3801 1891 3870 Thomas
1930 3799 2030 3854 do-

453 3869 540 3926 cet
571 3869 805 3941 aliisque
835 3869 1056 3926 rursum
1085 3870 1375 3924 momentis
1405 3870 1618 3939 probat.
1657 3870 1799 3924 Hinc
1825 3869 2032 3924 Noster

453 3942 584 3997 alibi
635 3943 874 4012 sparsim
928 3943 1041 4006 ait,
1099 3942 1204 3995 hoc
1235 3956 1360 4012 esse
1394 3948 1627 4012 niortem
1683 3941 2029 4005 hominibus,

451 4011 597 4082 quod
629 4010 839 4081 angelis
872 4023 1178 4080 peccatum,
1240 4010 1372 4079 quia
1413 4011 1558 4082 sicut
1610 4022 1728 4082 post
1795 4018 2028 4082 mortem

451 4080 639 4137 nullus
689 4080 1009 4136 hominibus
1048 4088 1303 4150 superest
1346 4080 1682 4150 pmniteutia:
1718 4080 1906 4148 locus,
1945 4080 2027 4134 sic

452 4166 634 4222 neque
669 4152 879 4222 angelis
919 4160 1043 4222 post
1079 4160 1390 4220 peccatum.

527 4218 638 4290 (48)
692 4218 1020 4287 ’ABdraioc,
1067 4218 1371 4290 ὸὺφύσει.
1411 4218 1749 4275 Immortalis
1781 4228 1881 4285 est,
1922 4235 2031 4290 non

451 4287 673 4344 natura.
727 4290 982 4345 Soleinne
1024 4301 1108 4345 est
1153 4287 1412 4345 Patribus
1477 4293 1559 4344 sic
1613 4305 1868 4346 asserere
1919 4287 2030 4344 Deo

454 4361 951 4424 immortalitatem,
983 4369 1041 4414 ut
1066 4368 1264 4414 caetera
1295 4375 1363 4414 ex
1407 4371 1604 4414 natura
1653 4375 1783 4424 sua,
1814 4360 2031 4415 subsint

454 4432 730 4495 interitui,
755 4431 860 4484 nisi
887 4430 980 4485 Dei
1009 4445 1240 4484 munere
1271 4430 1703 4485 immortalitatis
1729 4430 2032 4498 participes

451 4500 775 4555 cllicianlur.
801 4501 852 4554 ld
892 4509 949 4552 ut
984 4509 1258 4566 astruant,
1295 4500 1399 4553 hoc
1432 4507 1662 4554 utuntur
1691 4499 1906 4569 adagio,
1941 4498 2031 4553 Eae

451 4587 568 4637 qua:
618 4572 829 4623 initium
885 4569 1145 4630 habuere.
1196 4571 1498 4624 necessario
1554 4572 1711 4637 ﬁnem
1751 4569 2026 4623 habitura.

475 4641 565 4694 loc
597 4642 797 4696 docent
825 4639 1083 4710 lrenmus,
1120 4639 1215 4710 lib.
1256 4655 1337 4704 Ill,
1371 4655 1492 4710 cap.
1523 4640 1628 4706 655;
1659 4639 2027 4710 Epiphanius,

450 4711 648 4765 haeresi
691 4711 778 4774 76,
827 4725 878 4779 p.
921 4709 1064 4775 940;
1102 4708 1344 4775 Cyrilth
1389 4708 1455 4764 ini
1498 4708 1793 4774 Thesauro,
1827 4720 2026 4765 assert.

447 4781 542 4846 20,
575 4781 780 4850 aliique
814 4782 1148 4849 complures,
1183 4795 1248 4835 ac
1294 4781 1610 4850 frequenter
1653 4780 2029 4836 Damascenus

448 4852 714 4914 inculcat,
761 4851 851 4906 ubi
896 4851 964 4904 de
1000 4858 1196 4904 natura
1246 4853 1445 4919 angeli,
1482 4853 1680 4906 animat
1719 4851 2027 4915 rationalis.

449 4931 503 4976 et
535 4923 800 4977 caelorum
835 4920 1094 4990 disputat.
1133 4922 1188 4974 In
1224 4919 1452 4992 Dialogo
1478 4932 1662 4976 contra
1702 4920 2028 4976 Manichwos

451 4993 764 5062 exemplum
811 4992 967 5046 all‘ert
997 4993 1270 5062 corporis,
1307 4993 1454 5060 quod
1497 5008 1565 5046 ex
1611 5007 1670 5047 sc
1698 5006 1808 5045 non
1844 5007 2031 5062 riiove-

2137 3799 2281 3868 apud
2314 3798 2618 3860 Platonem,
2671 3813 2736 3851 ex
2779 3811 2892 3866 quo
2923 3806 3204 3868 sumplum
3243 3807 3348 3868 est,
3384 3801 3553 3854 verba
3610 3804 3732 3858 tunc

2135 3866 2438 3932 nilei-endo,
2480 3869 2685 3937 quibus
2727 3881 3024 3937 supremus
3070 3866 3214 3937 Deus
3249 3867 3549 3926 inferiores
3583 3871 3725 3932 deos

2134 3929 2433 4017 alloquitur
2469 3929 2652 4017 319501
2679 3929 2848 4017 θεῶν,
2893 3929 2967 4017 ὧν
3008 3935 3120 4004 ἐγὼ
3158 3937 3350 4017 Πατήρ
3395 3956 3456 4017 τε
3490 3929 3728 4017 -καὶ-δηξ

2137 4006 2418 4088 prop—prbe,
2459 4007 2720 4088 agdvarot
2762 4006 3132 4088 permagna»)
3151 4008 3276 4088 .0132}
3299 4006 3456 4088 ξστξ,
3486 4006 3725 4088 ὲπείπῲ

2133 4076 2392 4159 ἐγένεσθε
2417 4094 2429 4106 ·
2464 4076 2607 4159 ολῦτε.
2626 4077 2732 4148 μὴν
2749 4076 3085 4159 ὶλυϐᾑσεσθε,
3103 4077 3214 4159 ,τῆς
3240 4080 3384 4159 ἐμῆς
3408 4076 3724 4152 pollinctor;

2134 4145 2446 4222 κρείττονος
2481 4145 2712 4200 θανάτου
2749 4145 3007 4216 λαχόντες
3029 4161 3043 4175 ⁸
3217 4145 3457 4222 deorum,
3493 4145 3722 4218 quorum

2132 4219 2186 4274 et
2217 4219 2381 4272 Pater
2407 4233 2498 4285 ego
2555 4232 2694 4290 sum,
2717 4226 2764 4270 et
2779 4226 3120 4290 Aprocreator,
3142 4219 3475 4290 im_r_nortales
3507 4225 3722 4290 quidem

2134 4290 2349 4345 omnino
2384 4304 2486 4340 non
2520 4287 2670 4351 estis,
2699 4288 2826 4354 quia
2856 4289 3142 4354 procreati.
3197 4287 3359 4342 Ilaud
3392 4287 3565 4345 tamen
3600 4296 3721 4352 αῑε-

2134 4359 2431 4421 solvemini,
2463 4362 2558 4409 hoc
2583 4373 2658 4430 ea;
2684 4374 2801 4430 mea
2838 4357 3146 4430 voluntate,
3179 4374 3298 4427 qua:
3334 4369 3507 4430 morte
3529 4377 3723 4430 poten-

2135 4433 2238 4484 tior
2266 4438 2364 4494 cst,
2393 4427 2678 4482 consecuti.
2708 4425 2915 4482 Exinde
2950 4425 3444 4484 Gazaaus'ostendit
3474 4425 3718 4492 animam

2135 4501 2461 4570 rationalem
2500 4497 2667 4564 (idem
2697 4497 2764 4552 de
2792 4499 3004 4567 angelis
3023 4497 3350 4570 dicendum)
3383 4510 3579 4570 suapte
3619 4523 3718 4560 na-

2135 4580 2270 4625 tura:
2303 4569 2633 4623 morituram
2685 4582 2793 4622 non
2830 4565 2976 4623 esse.
3014 4565 3116 4622 Ille
3141 4569 3301 4631 enim,
3333 4565 3424 4638 qui
3452 4565 3508 4624 ut
3546 4588 3716 4630 essent

2135 4642 2360 4713 largitus
2387 4647 2488 4700 est,
2525 4639 2948 4715 inquit_,_animis
2993 4640 3191 4715 nostris
3225 4641 3482 4715 concessit
3512 4659 3717 4715 quoque

2133 4721 2191 4764 ut
2220 4705 2432 4777 semper
2463 4705 2656 4762 essent.
2688 4707 2941 4777 Illudque
2983 4705 3184 4761 donum
3223 4709 3340 4776 ipsa
3367 4710 3485 4778 jam
3519 4705 3718 4770 natura

2132 4792 2232 4836 est.
2267 4781 2483 4835 Habent
2514 4778 2688 4849 igitur
2717 4779 2901 4848 angeli
2949 4779 3002 4831 in
3051 4780 3272 4848 seipsis,
3328 4789 3387 4834 ut
3422 4789 3477 4836 et
3531 4787 3716 4840 anima

2133 4850 2452 4924 rationalis,
2492 4864 2604 4918 quo
2631 4849 2974 4904 immortales
3005 4849 3136 4911 sint,
3166 4852 3372 4924 quippe
3405 4865 3534 4924 cum
3561 4856 3714 4924 ejus-

2135 4922 2286 4975 modi
2337 4928 2594 4973 naturam
2637 4933 2666 4972 a
2713 4934 2900 4974 rerum
2953 4929 3185 4973 auctore
3236 4921 3419 4974 sortiti
3471 4921 3606 4979 sint.
3659 4925 3716 4981 Id

2134 4993 2279 5062 quod
2306 4991 2497 5060 paucis
2529 4989 2735 5062 verbis
2767 4989 3020 5062 enuntiat
3051 4989 3400 5062 Nicepliorus
3449 4992 3556 5048 (ΣΡ.
3593 4996 3719 5050 loco

452 5071 564 5123 tur.
597 5060 691 5118 sed
719 5069 985 5116 extraneo
1015 5070 1070 5116 et
1097 5060 1290 5137 orbico
1328 5063 1632 5137 impellitur
1667 5071 1841 5137 motu.
1874 5061 2027 5117 Istud
2061 5081 2104 5137 ι)
2135 5060 2376 5137 antehac.
2405 5062 2575 5115 citato
2609 5061 2743 5137 :_Tﬁ
2773 5060 2934 5137 τρύσει
2961 5062 3026 5130 τῇ
3068 5060 3280 5137 ἑαυτῶν
3321 5060 3382 5115 τὸ
3411 5063 3721 5137 ἀνώλεθρον

452 5147 615 5202 porro
652 5148 852 5203 corpus
905 5133 1111 5203 moveri
1162 5132 1384 5203 tandem
1417 5133 1659 5203 desiuit,
1693 5133 1798 5186 nisi
1847 5147 2027 5188 novus

452 5201 633 5257 inotus
661 5201 930 5258 addatur:
959 5201 1036 5256 Eo
1064 5201 1278 5268 perinde
1305 5202 1455 5256 modo
1483 5204 1655 5272 angeli
1711 5203 1862 5257 vitali
1888 5213 2031 5257 motu

451 5275 721 5334 instructi,
753 5290 873 5326 cum
906 5273 974 5326 ad
1018 5274 1315 5326 naturalem
1348 5274 1674 5327 exsistentiu:
1717 5289 1826 5326 sum
1855 5276 2033 5328 termi-

449 5360 578 5399 num
614 5346 936 5413 pertingant,
967 5360 1176 5396 rursum
1201 5345 1402 5412 opiﬁcis
1427 5343 1605 5411 jussu,
1645 5343 1855 5397 vitalem
1877 5344 2031 5413 illum

451 5409 652 5468 motum
682 5409 951 5479 incliaant,
977 5409 1326 5483 subindcqu'e
1357 5409 1520 5467 πάλιν
1561 5414 1820 5484 ἄρχονται
1860 5409 2026 5482 εἶναι,

451 5486 544 5536 καὶ
577 5485 1041 5549 ἀνακαινίζονται,
1077 5485 1268 5538 iterato
1309 5500 1420 5538 esse
1465 5485 1741 5552 incipiunt,
1786 5493 1837 5538 et
1871 5500 2027 5540 reno-

453 5564 661 5608 vantur.
713 5555 917 5610 {Encas
947 5554 1196 5619 Gazaeus,
1226 5558 1435 5610 veritus
1489 5571 1556 5610 ne
1609 5555 1714 5608 hac
1770 5554 2022 5611 doctrina

452 5623 852 5691 immortalitati
927 5625 1239 5679 animorum
1311 5625 1560 5679 nonnihil
1612 5626 2018 5691 detraheretur,

454 5690 588 5751 illud
617 5693 970 5764 principium,
1003 5710 1153 5749 omne
1185 5695 1322 5763 quod
1348 5711 1460 5750 esse
1497 5696 1707 5766 incepit,
1738 5690 2022 5752 obnoxium

2134 5132 2232 5206 καὶ
2278 5131 2549 5206 ἀθάνατον
2598 5133 2667 5200 τῇ
2715 5129 2812 5182 τοῦ
2858 5129 3368 5206 δημιουργήσαντος
3423 5129 3722 5206 κέκτηνται

2132 5203 2348 5273 χάριτι·
2389 5199 2458 5254 Ut
2489 5199 2686 5254 natura
2709 5216 2809 5254 sua
2837 5199 3190 5254 nec'inte’ritui
3221 5217 3312 5273 nec
3345 5206 3508 5256 morti
3533 5199 3721 5261 subes-

2132 5272 2268 5336 sem,
2305 5274 2596 5326 conditoris
2634 5287 2810 5324 rerum
2865 5273 3044 5340 gratia
3090 5272 3235 5324 nacti
3295 5285 3440 5326 sunt.
3483 5273 3723 5332 Naturas

2131 5346 2416 5399 voluntate
2445 5351 2500 5396 et
2525 5342 2757 5396 arbitrio
2812 5341 2905 5397 Dei
2941 5342 3198 5396 delinitas
3241 5359 3389 5406 esse,
3424 5343 3724 5402 Damasce-

2133 5429 2241 5470 nus
2279 5413 2446 5494 intra,
2479 5428 2603 5483 cap.
2635 5411 2726 5475 12,
2755 5413 3023 5476 declarat,
3059 5427 3124 5466 ex
3172 5417 3454 5469 communi
3492 5415 3722 5472 Patrum

2131 5493 2426 5540 sententia.

2205 5553 2318 5624 (49)
2349 5553 2513 5608 Ἀλλ’
2535 5553 2684 5606 ἄνευ
2713 5556 2902 5625 λόγου
2934 5553 3318 5625 προφορικοῦ.
3341 5553 3446 5610 Sed
3465 5558 3580 5611 sine
3611 5557 3723 5614 ulla

2131 5623 2349 5698 prolati
2371 5625 2633 5698 sermonis
2667 5641 2780 5693 ope.
2802 5623 3164 5698 Nicephorus
3203 5624 3723 5698 Qonstantinopoli-

2133 5705 2297 5752 tanus
2337 5695 2648 5752 locutiones
2674 5697 2997 5769 angelorum
3030 5694 3110 5750 sic
3155 5694 3413 5752 edisserit
3443 5694 3720 5765 capfmor
