4014 6202
334 324 442 389 869

1438 314 1537 375 DE
1563 311 1741 374 FIDE
1765 302 2229 370 ORTHODOXA
2268 302 2414 362 LIB.
2450 304 2531 362 II.

3495 298 3601 362 870

332 431 689 506 μεταδιδόντα
726 428 980 501 ἀλλήλοις
1027 427 1096 481 τὰ
1136 428 1243 481 ῐδια
1274 426 1526 497 νοήματα
1570 425 1664 478 καὶ
1693 417 1911 494 βουλεύ-

2050 418 2109 480 it,
2148 429 2256 470 nec
2303 413 2573 476 auribus;
2606 409 2702 465 sed
2742 408 2861 464 sine
2918 408 3025 463 ulla
3076 408 3275 478 prolati
3326 410 3601 466 sermonis

334 543 500 597 ματα.

406 701 505 755 Διά
541 702 717 769 Λόγου
750 699 932 753 τοίνυν
972 698 1308 769 ἐκτίσθησαν
1337 698 1540 761 πάντες
1590 696 1640 749 oi
1671 693 1916 763 ἄγγελοι,

334 794 428 846 καὶ
469 792 575 845 ὑπὸ
627 791 722 845 τοῦ
782 791 943 859 ἁγίου
996 791 1316 861 Πνεῦματος
1352 791 1441 844 διὰ
1492 787 1587 842 τοῦ
1644 783 1920 856 ἁγιασμοῦ

334 882 733 953 ἐτελειώθησαν
766 923 782 947 ,
848 882 973 936 κατ’
1035 882 1329 951 ἀναλογίαν
1391 882 1489 951 τῆς
1556 880 1755 944 ἀξίας,
1827 876 1922 931 xal.

335 977 435 1045 τῆς
477 976 697 1039 τάξεως,
748 973 842 1027 τοῦ
895 974 1179 1045 φωτισμοῦ
1232 972 1460 1042 καὶτῆς
1521 971 1745 1043 χάριτος
1794 986 1923 1039 μετ-

336 1070 577 1138 ἔχοντες.

410 1156 790 1230 Περίγραπτοί
832 1159 970 1211 εἰσιν
992 1173 1004 1186 ·
1040 1157 1129 1210 ὅτε
1164 1158 1271 1226 γάρ
1300 1158 1436 1208 εἰσιν
1475 1156 1533 1207 ἐν
1575 1154 1654 1225 τῷ
1680 1152 1919 1225 οὐρανῷ,

294 1316 309 1328 σ
340 1252 442 1305 οὐκ
468 1251 607 1303 εἰσὶν
643 1252 703 1303 ἐν
746 1252 809 1319 τῇ
842 1252 912 1319 γῇ
934 1266 948 1280 ·
990 1250 1087 1302 καὶ
1118 1249 1198 1311 είς
1235 1249 1337 1318 τὴν
1380 1247 1483 1316 γὴν
1510 1246 1616 1299 ὑπὸ
1655 1245 1751 1299 τοῦ
1786 1244 1922 1297 Θεοῦ

342 1342 824 1410 ἀποστελλόμενοι,
856 1343 956 1394 οὐκ
999 1339 1431 1409 ἐναπομένουσιν
1467 1340 1525 1391 ἐν
1555 1336 1633 1409 τῷ
1667 1336 1883 1408 οὐρανῷ
1908 1354 1920 1367 ·

339 1434 402 1487 οὐ
445 1432 857 1505 περιορίζονται
902 1431 958 1484 δὲ
1017 1430 1123 1483 ὑπὸ
1169 1429 1398 1499 τειχῶν,
1434 1428 1529 1481 καὶ
1578 1428 1794 1499 θυρῶν,
1828 1428 1925 1481 καὶ

342 1524 634 1595 κλείθρων,
663 1525 759 1577 καὶ
782 1522 1096 1591 σφραγίδων
1116 1538 1130 1553 ·
1160 1522 1402 1590 ἀόριστοι
1429 1522 1539 1591 γάρ
1563 1522 1721 1574 εἰσιν.
1758 1521 1926 1593 Ἀορί-

344 1633 508 1678 στους
535 1616 592 1667 δὲ
622 1615 767 1683 λέγω
787 1630 802 1645 ο
834 1615 894 1667 οὐ
920 1613 1029 1684 γὰρ
1057 1613 1190 1666 καθό
1225 1614 1383 1676 εἰσιν,
1411 1612 1784 1681 ἐπιφαίνονται
1812 1616 1926 1678 τοῖς

344 1708 518 1773 ἀξίοις
546 1709 589 1771 ὶ,
622 1700 704 1769 οἷς
742 1708 770 1759 ὁ
802 1705 935 1768 Θεὸς
975 1704 1262 1774 φαίνεσθαι
1308 1705 1503 1768 αὐτοὺς
1535 1703 1774 1775 θελήσει,
1807 1704 1923 1759 ἀλλ’

2019 522 2123 576 ope
2176 512 2368 559 mutuo
2417 504 2521 558 sibi
2571 516 2733 557 sensa
2782 516 2882 557 sua
2934 502 3347 555 communicant
3380 509 3434 555 et
3468 516 3602 570 CQII-

2021 599 2143 654 silia
2182 598 2247 649 “.

2090 690 2195 746 Per
2236 690 2472 746 Verbum
2501 702 2692 743 omnes
2718 685 2899 756 angeli
2934 690 3106 739 creati
3140 691 3289 745 sunt,
3324 690 3378 737 et
3408 691 3605 737 sancto

2025 785 2235 856 Spiritu
2270 782 2652 840 sanctiﬁcante
2685 776 3226 836 consummationem
3247 783 3602 845 acceperunt,

2025 887 2085 931 ut
2118 892 2218 947 pro
2250 891 2347 931 sua
2381 875 2618 944 quisque
2651 872 2923 942 dignitate
2950 878 3005 925 et
3040 868 3235 925 ordine
3288 866 3607 938 splendoris

2024 968 2324 1040 gratiasque
2353 964 2655 1037 participes
2678 967 2868 1018 essent
2898 962 2965 1014 ⁸ο.

2096 1149 2500 1218 Circumscripti
2535 1146 2731 1218 angeli.
2759 1172 2829 1185 —-
2857 1143 3276 1212 Circumscriptt
3315 1148 3477 1208 sunt;
3506 1156 3607 1216 nec

2026 1243 2175 1300 enim
2224 1258 2346 1297 cum
2380 1242 2437 1295 in
2479 1239 2619 1296 caelo
2666 1245 2816 1302 sunt,
2853 1236 2907 1290 in
2948 1244 3096 1291 terra
3127 1242 3461 1298 versantur;
3506 1248 3609 1287 nec.

2026 1350 2151 1389 cum
2178 1348 2209 1388 a
2240 1332 2422 1389 Deoin
2450 1340 2655 1387 terram
2686 1330 3008 1393 mittuntur,
3040 1333 3330 1383 remanent
3359 1326 3413 1379 in
3447 1325 3608 1380 cmlo.

2026 1425 2294 1480 Caeterum
2328 1437 2429 1477 nec
2456 1420 2754 1486 mmnibus,
2778 1434 2880 1475 nec
2910 1419 3145 1482 foribus,
3178 1431 3279 1471 nec
3308 1415 3609 1485 repagulis,

2027 1530 2130 1570 nec
2163 1514 2363 1585 sigillis
2397 1513 2753 1567 cohibentur.
2788 1510 2907 1566 Non
2944 1512 3088 1566 enim
3138 1509 3306 1564 certis
3342 1508 3472 1562 ullis
3505 1516 3612 1561 ter-

2030 1607 2197 1662 minis
2242 1604 2452 1660 deﬁniti
2505 1616 2599 1659 aut
2657 1604 2883 1659 coerciti
2936 1609 3084 1656 sunt.
3123 1600 3301 1655 Nullis
3358 1599 3612 1653 terminis

2030 1696 2286 1752 deﬁnitos
2334 1695 2490 1761 dico;
2534 1709 2601 1750 eo
2646 1693 2794 1765 quod
2828 1692 3019 1763 probis
3064 1699 3117 1745 et
3164 1690 3371 1762 dignis,
3407 1689 3611 1759 quibus

344 1763 412 1854 ἐν
453 1763 1000 1869 μετασχηματισμῶ,
1052 1797 1235 1861 καθὼς
1281 1763 1539 1851 δύνανται
1587 1763 1923 1869 οίὸρῶντες,

2045 1803 2127 1844 :os
2158 1786 2302 1841 Deus
2354 1785 2612 1842 visendos
2661 1785 2911 1841 exhiberi
2962 1783 3237 1848 voluerit,
3280 1797 3389 1836 non
3419 1781 3614 1851 quales

345 1893 505 1964 ὁρᾷν.
546 1892 822 1963 Ἀόριστον
870 1891 980 1961 γάρ
1022 1892 1136 1943 ἐστι
1178 1889 1339 1960 φύσει
1386 1888 1482 1943 καὶ
1502 1889 1727 1960 κυρίως,
1769 1892 1928 1961 μόνον

345 1986 409 2038 τὸ
445 1984 724 2040 ἇκτιστον.
776 1986 892 2038 Ιιᾶν
937 1984 1046 2057 γὰρ
1085 1984 1296 2056 κτίσμα
1342 1984 1447 2037 ὑπὸ
1500 1982 1597 2037 τοῦ
1643 1985 1929 2049 κτίσαντος

347 2077 485 2131 αὐτὸ
514 2076 651 2132 Θεοῦ
691 2077 952 2150 ὁρίζεται.

426 2339 668 2405 Ἔξωθεν
695 2340 793 2411 τῆς
841 2341 1031 2405 οὐσίας
1063 2340 1156 2395 τὸν
1198 2342 1473 2415 ἁγιασμὸν
1519 2346 1583 2398 ἐκ
1611 2345 1707 2399 τοῦ
1757 2346 1929 2399 Πνεῦ-

351 2447 525 2501 ματος
580 2432 832 2502 ἔχοντεςο
897 2433 985 2488 διὰ
1060 2434 1159 2503 τῆς
1236 2434 1386 2499 θείας
1440 2437 1665 2506 χάριτος
1718 2456 1931 2509 προφη-

347 2523 607 2587 τεύοντες
634 2541 648 2553 ·
682 2526 760 2595 μὴ
794 2525 975 2597 γάμου
1021 2526 1337 2598 χρῄζοντες,
1382 2530 1685 2603 ἐπειδήπερ
1720 2532 1794 2602 μὴ
1823 2534 1930 2586 εἰσὶ

350 2614 561 2685 θνητοῇ

427 2707 568 2771 Νόες
591 2707 648 2761 δὲ
686 2708 862 2774 ὄντες,
915 2711 972 2763 ἐν
1010 2715 1221 2781 νοητοῖς
1268 2714 1362 2766 καὶ
1396 2714 1582 2778 τόποις
1607 2716 1718 2786 (50)
1771 2718 1933 2783 εἰσὶν,

351 2799 418 2852 οὐ
456 2800 789 2870 σωματικῶς
816 2806 1319 2873 περιγραφόμενοι·
1366 2806 1427 2858 οὐ
1460 2806 1569 2877 γὰρ
1606 2810 1936 2878 σωματικῶς

354 2892 501 2946 κατὰ
545 2894 710 2963 (primu
742 2896 1193 2966 σχηματίζονται,
1224 2896 1347 2950 οὐδὲ
1391 2900 1552 2969 τριχῆ
1589 2901 1693 2954 εἰσι
1718 2900 1937 2955 διαστα-

354 2984 462 3048 “col,
492 2985 631 3039 ἀλλὰ
653 2986 734 3056 τῷ
765 2986 974 3056 νοητῶς
1016 2990 1271 3059 παρεῖναι
1297 3030 1311 3055 ,
1342 2989 1439 3042 καὶ
1486 2993 1731 3062 ἐνεργεῖν
1756 3037 1769 3059 ,
1808 2994 1937 3049 ἔνθα

356 3078 430 3130 ἂν
449 3078 862 3168 προσταχθῶσι,
893 3080 987 3132 καὶ
1014 3078 1089 3149 μὴ
1119 3079 1381 3133 δύνασθαι
1413 3082 1554 3136 κατὰ
1595 3084 1795 3140 ταυτὸν
1834 3080 1933 3141 ὧδε
1963 3109 2006 3168 C

361 3170 584 3222 κακεῖσε
614 3165 779 3234 εἶναι,
811 3173 905 3225 καὶ
934 3173 1202 3242 ἐνεργεῖν.

432 3435 557 3488 Εἴτε
591 3435 696 3487 τσοι
726 3435 845 3487 κατ’
882 3434 1093 3503 οὐσίαν,
1130 3438 1240 3491 εἴτε
1265 3438 1617 3508 διαφέροντες
1664 3440 1935 3511 ἀλλήλων,

356 3528 460 3581 οὐκ
495 3530 677 3597 ἴσμεν.
715 3530 889 3593 Μόνος
922 3530 979 3582 δὲ
1004 3531 1030 3581 ὁ
1063 3532 1298 3603 ποιήσας
1322 3533 1517 3597 αὐτοὺς
1548 3533 1683 3597 Θεὸς
1714 3534 1940 3587 ἐπίσταα

358 3636 483 3687 ται,
520 3622 561 3691 ,ὁ
616 3621 711 3673 καὶ
747 3621 815 3675 τὰ
868 3620 1048 3676 πάντα
1096 3624 1274 3688 εἰδώς.
1337 3625 1695 3697 Διαφέροντες
1746 3626 1940 3697 BHM)

437 3796 481 3825 ⁸⁹
510 3794 682 3868 Greg.
713 3805 856 3851 orat.
889 3799 977 3853 58.

2031 1881 2307 1938 exsistunt
2334 1886 2661 1951 appareant,
2697 1877 2793 1934 sed
2821 1879 2874 1932 in
2901 1877 3064 1931 aliam
3108 1875 3305 1929 mutati
3350 1875 3613 1940 formam,

2030 1973 2505 2044 proutvidentium
2531 1973 2757 2027 obtutus
2783 1969 2926 2025 ferre
2945 1976 3129 2040 queat.
3164 1966 3298 2022 Nam
3325 1966 3526 2036 alioqui
3560 1966 3615 2020 id

2032 2066 2208 2122 solum
2242 2073 2441 2119 natura
2477 2080 2540 2119 ac
2574 2064 2799 2135 proprie
2830 2063 2998 2117 nullis
3040 2060 3308 2115 delinitur
3336 2058 3612 2122 terminis,

2032 2158 2175 2228 quod
2211 2159 2517 2212 increatum
2549 2165 2653 2212 est.
2691 2154 2973 2226 Quidquid
3013 2156 3159 2209 enim
3202 2161 3288 2208 est
3339 2160 3614 2217 creatum,

2033 2249 2179 2303 intra
2219 2248 2483 2304 terminos
2513 2264 2644 2303 suos
2673 2263 2702 2301 a
2736 2248 2847 2302 Deo
2882 2253 3137 2303 creatore
3170 2245 3382 2300 ﬁnitur.

2102 2340 2275 2397 Porro
2322 2342 2543 2396 aliunde
2591 2356 2756 2413 quam
2808 2354 2838 2393 a
2887 2349 3083 2393 natura
3130 2355 3227 2394 sua
3262 2338 3616 2395 sanctitatem

2034 2434 2261 2499 habent,
2289 2434 2551 2488 nimirum
2600 2449 2631 2485 a
2684 2432 2896 2502 Spiritu
2928 2440 3140 2485 sancto.
3176 2430 3266 2485 Dei
3301 2430 3619 2485 illustrantc

2036 2526 2232 2596 gratia,
2257 2524 2443 2580 futura
2482 2524 2791 2595 praedicunt
2816 2524 2884 2576 δι.
2912 2522 3188 2594 Conjugio
3219 2522 3447 2577 minime
3470 2521 3620 2575 indi-

2036 2627 2186 2688 gent,
2212 2634 2336 2673 cum
2364 2618 2704 2672 immortales
2728 2617 2862 2671 sint.

2106 2708 2294 2777 Angeli
2324 2708 2490 2762 locus.
2526 2737 2593 2747 —-
2620 2705 2739 2760 Jam
2788 2721 2917 2762 vero
2952 2722 3076 2761 cum
3128 2714 3341 2759 mentes
3381 2705 3517 2769 sint,
3564 2704 3620 2758 in

2037 2800 2351 2871 hujusmodi
2386 2814 2605 2869 quoque
2637 2798 2776 2853 locis
2812 2806 2962 2861 sunt,
3008 2812 3129 2867 quae
3178 2804 3364 2851 mente
3417 2795 3623 2849 intelli-

2038 2901 2245 2963 guntur
2275 2911 2289 2946 :
2316 2906 2423 2945 non
2454 2891 2599 2962 quod
2634 2904 2906 2959 corporeo
2950 2889 3113 2943 modo
3144 2887 3622 2943 circumscriban-

2040 2993 2129 3039 tur
2156 2986 2355 3055 (neque
2405 2985 2551 3038 enim
2603 2998 2757 3037 more
2799 2997 3117 3053 corporum,
3154 2980 3334 3050 quoad
3361 2990 3621 3035 naturam

2040 3079 2260 3142 attinet,
2303 3077 2629 3147 ﬁgurantur,
2666 3084 2761 3130 aut
2812 3077 2960 3130 trina
2999 3074 3342 3129 dimensione
3395 3072 3623 3128 distenti

2039 3172 2213 3240 sunt).
2238 3170 2331 3225 sed
2368 3169 2523 3239 157
2539 3168 2683 3238 quod
2721 3167 2813 3222 ubi
2843 3182 2902 3223 se
2929 3164 3238 3230 conferant,
3265 3165 3379 3221 illic
3409 3165 3627 3235 spirita-

2041 3258 2165 3311 liter
2192 3256 2381 3311 adsint
2414 3266 2467 3312 et
2499 3265 2801 3326 operantur
2828 3272 2843 3321 ;
2884 3269 2986 3309 nec
3016 3254 3210 3309 eodem
3240 3263 3485 3325 tempore
3532 3254 3623 3308 hic

2042 3355 2208 3417 atque
2234 3348 2347 3402 illic
2372 3362 2496 3403 esse
2522 3356 2576 3402 ct
2604 3348 2823 3416 operari
2852 3346 3088 3416 possint.

2115 3440 2384 3495 Incertum
2435 3457 2503 3493 an
2552 3438 2778 3509 wquales
2827 3436 3151 3494 substantia.
3194 3466 3265 3476 ——
3301 3438 3381 3490 Ac
3438 3432 3622 3505 quoad

2049 3535 2344 3590 essentiam
2395 3532 2619 3602 quidem
2664 3531 2983 3601 :equalesne
3038 3529 3150 3584 sint
3202 3530 3345 3583 inter
3408 3543 3486 3591 se,
3556 3542 3627 3580 an

2052 3628 2326 3697 dispares,
2389 3632 2734 3695 compertum
2799 3638 2911 3678 non
2973 3630 3097 3679 est:
3157 3623 3311 3677 solus
3368 3621 3470 3676 hoc
3525 3620 3631 3674 scit

1080 3798 1314 3872 “Grcg.
1354 3812 1495 3857 orat.
1543 3804 1631 3857 54.
1708 3802 2109 3858 “'l‘hcodorct.
2168 3801 2313 3871 Epit.
2369 3800 2475 3853 div.
2532 3798 2673 3851 decr.
2736 3811 2856 3866 cap.
2888 3797 2941 3851 8.

1640 3918 1876 3975 VARIZE
1918 3917 2323 3975 LECTIONES.

444 4011 463 4051 ί
495 4010 564 4068 R.
594 4007 735 4063 2950
758 4006 954 4075 ἁγίοις.

1944 4090 2165 4147 NOTrE'

365 4193 595 4249 laudato
650 4192 778 4246 libri
835 4190 903 4245 de
950 4189 1229 4258 inculpata
1287 4186 1735 4244 Christianorum
1790 4187 1941 4244 ﬁde:

366 4265 480 4319 Kal.
513 4263 623 4333 μὴν
646 4262 744 4333 καί
770 4262 923 4333 λόγος
963 4261 1019 4312 ἐν
1052 4258 1488 4333 ἐκείνοιςλὲστὶν,
1524 4259 1759 4333 ἐπείπερ
1794 4258 1944 4333 λογι-

368 4334 457 4388 κοί
489 4327 627 4409 εἰσιν
648 4350 661 4361 ·
696 4331 793 4409 οὐχ
813 4327 1049 4409 Boios-nep
1077 4333 1105 4382 ὁ
1134 4329 1423 4409 ἡμέτερος,
1443 4332 1533 4409 -ἐκ
1570 4328 1664 4409 τοῦ
1723 4332 1780 4381 ἐν
1813 4331 1945 4399 ἡμῖν

369 4403 605 4473 φυσικοῦ
630 4444 643 4464 ,
684 4397 1039 4473 καῖ’ζωτικοῦ
1068 4397 1394 4473 Δ’τυςνειρμαςτος
1439 4399 1526 4452 διὰ
1567 4397 1949 4473 τῶν-φωνητις

370 4452 774 4543 animo
801 4452 1025 4539 τῑέοῖευν,
1063 4452 1509 4543 διαιροὲορμέγοςν
1538 4472 1604 4539 τῇ
1643 4452 1825 4543 nisi
1853 4452 1947 4543 in?
1984 4452 2025 4507 θ

372 4538 562 4613 ἀέρος’
581 4538 919 4613 τυπούμενος
945 4582 958 4605 ,
992 4541 1099 4613 καὶ
1137 4538 1599 4613 διαβιβαζόμενος
1618 4538 1763 4613 πρὸς
1784 4538 1953 4613 ’ἀντί-

372 4608 541 4687 ληψιν
560 4616 670 4687 τῆς
701 4608 808 4687 τῶν
828 4610 1147 4687 ’ἀκουόντων
1183 4608 1489 4687 αἰσθήσεως
1517 4626 1530 4639 ·
1564 4610 1719 4687 ’ἀλλὰ
1747 4609 1810 4687 το
1851 4610 1953 4662 ἀΰ-

376 4678 505 4746 λους
532 4678 673 4735 εἶναι
698 4681 791 4734 καὶ
815 4680 1161 4741 ἀσυνθέτους,
1184 4678 1386 4740 ἁπλοῦς
1411 4695 1470 4731 τε
1493 4678 1586 4732 καλ⁵
1601 4680 1953 4749 ἀσωμάτους,

375 4751 820 4839 περιχωρεῖνοέν
886 4750 1176 4839 ἀλληλοις,
1218 4751 1316 4834 καὶζ
1374 4749 1775 4839 «agamnam?
1823 4766 1956 4829 κατ-

377 4818 633 4876 οπὲεῦειν
667 4822 906 4891 νοήσεις,
932 4818 1028 4891 ,καὶ
1069 4820 1345 4891 κοινωνεῖν
1380 4818 1474 4891 τῴ-
1498 4818 1641 4888 λόγῳ
1678 4819 1765 4872 διὰ
1797 4820 1957 4891 σιγῆς

376 4888 809 4964 ἐναργέστερον,
835 4890 952 4964 λκαὶ
983 4888 1402 4964 ἐκτυπώτερον,
1592 4891 1699 4952 πᾶς
1746 4888 1957 4964 προῖῲν

377 4958 538 5043 λόγος
566 4978 580 4991 ·
611 4958 698 5016 Λα
716 4960 928 5043 quidem
961 4977 1131 5043 sermo
1159 4975 1360 5029 quoque
1382 4962 1433 5011 in
1468 4958 1575 5011 illis
1595 4971 1692 5022 est,
1718 4958 1960 5043 quaith-

378 5036 591 5103 quidem
628 5030 838 5085 ratione
860 5031 1072 5103 prrediti
1104 5038 1225 5103 sunt
1258 5046 1276 5082 :
1309 5046 1410 5103 non
1448 5040 1621 5082 tamen
1652 5042 1729 5103 est
1767 5030 1959 5083 similis

378 5099 572 5168 nostri,
599 5104 689 5171 qui
716 5100 964 5171 naturali
992 5101 1241 5170 ritalique
1279 5099 1470 5165 spiritu
1513 5101 1772 5152 vocalium
1806 5116 1962 5169 orga-

380 5188 575 5226 norum
606 5170 698 5239 ope
742 5170 1109 5241 progreditur,
1146 5178 1194 5223 et
1227 5170 1581 5241 articulatur,
1629 5171 1963 5235 percussione

382 5245 525 5297 aeris
579 5240 865 5307 Ianuariis,
922 5242 1285 5309 transiensque
1323 5250 1378 5291 ut
1434 5240 1763 5292 audientium
1808 5256 1963 5293 sensu

380 5314 712 5383 percipiatur
742 5328 758 5365 :
790 5313 879 5364 sed
927 5313 1052 5381 quia
1094 5311 1324 5383 materia
1372 5325 1434 5383 ac
1463 5310 1839 5383 compositione
1871 5326 1964 5383 va-

380 5380 531 5444 cant,
569 5380 946 5449 simplicesque
990 5390 1037 5433 et
1086 5381 1383 5447 incorporei
1416 5388 1573 5441 sunt,
1611 5380 1830 5432 invicem
1865 5381 1968 5432 cir-

384 5453 763 5507 cumincedunt
793 5491 806 5514 ,
854 5466 1082 5520 suasque
1134 5462 1316 5503 mutuo
1372 5450 1725 5520 perceptiones
1782 5465 1970 5517 specu-

386 5528 611 5587 lantur,
670 5534 727 5575 ut
770 5519 1215 5575 silendo'clarius
1258 5519 1653 5587 expressiusque
1704 5535 1967 5573 sermones

386 5596 670 5662 misceant,
703 5609 864 5662 quam
899 5593 1008 5662 alia
1037 5592 1221 5662 quavis
1256 5588 1551 5662 prolatione
1581 5589 1874 5662 verborum.

462 5661 577 5729 (50)
628 5659 732 5717 Ἐκ
751 5660 993 5727 νοητοῖς
1021 5661 1119 5713 καὶ
1148 5660 1373 5729 τόποις,
1402 5660 1455 5711 in
1483 5659 1744 5726 ejusmodi
1772 5677 1971 5729 quoque

387 5728 524 5787 locis
553 5744 697 5801 sunt,
730 5741 837 5789 etc.
873 5730 994 5787 Lib.
1030 5746 1069 5797 ι,
1107 5744 1233 5800 cap.
1268 5728 1355 5797 t7,
1391 5730 1687 5800 esplicavit
1717 5728 1970 5800 quisnam

2054 4189 2146 4242 ille
2200 4188 2382 4241 locus.
2415 4186 2488 4241 sit
2532 4188 2626 4257 qui
2675 4195 2858 4243 mente
2914 4188 3263 4257 intelligitur.
3315 4188 3411 4243 Est
3459 4199 3635 4245 autem

2056 4270 2223 4311 mente
2254 4268 2548 4331 perceptus,
2574 4259 3021 4331 seuﬂspiritnalis
3057 4260 3220 4321 locus,
3255 4260 3343 4312 ubi
3378 4262 3636 4331 intelligi-

2058 4337 2144 4380 tur
2179 4338 2268 4381 :et
2305 4330 2526 4382 exsistit
2564 4329 2940 4383 intellectualis
2972 4338 3165 4383 natura
3206 4340 3255 4383 et
3289 4329 3637 4397 incorporea;

2056 4400 2145 4450 ubi
2178 4400 2430 4451 nimirum
2490 4398 2722 4467 πάρεστι
2776 4401 2870 4453 καὶ
2916 4402 3163 4468 ἐνεργεῖ,
3209 4417 3441 4469 prrcsens
3489 4402 3638 4455 adest

2056 4478 2104 4521 et
2152 4478 2435 4534 operatur,
2473 4485 2634 4539 neque
2681 4485 2960 4538 corporum
2995 4487 3138 4523 more
3172 4472 3493 4533 continetur,
3546 4472 3637 4524 sed

2058 4539 2365 4609 spirituum.
2400 4539 2564 4592 Plura
2603 4540 2669 4593 de
2702 4541 3029 4609 locorangeli
3058 4541 3263 4595 ibidem
3299 4540 3545 4606 subiicit.

2130 4608 2241 4681 (3'31)
2274 4610 2663 4681 Aragéporrsc
2687 4608 2772 4663 δέ.
2813 4608 3201 4666 “lustrationis
3228 4609 3379 4665 modo
3401 4620 3454 4664 et
3468 4610 3639 4681 gradu

2059 4678 2338 4746 differunt.
2393 4680 2652 4733 Diversus
2698 4682 2924 4736 ordines
2972 4683 3291 4751 angelorum
3322 4678 3637 4749 'l‘heo'logus

2059 4752 2333 4817 agnoscit,
2367 4759 2508 4803 orat.
2545 4751 2613 4803 34
2639 4789 2652 4811 ,
2690 4765 2815 4803 cum
2854 4752 2960 4813 ait,
3005 4754 3237 4806 aliorum
3294 4751 3639 4821 aliorumque

2061 4821 2198 4874 alias
2229 4829 2392 4889 atque
2425 4822 2563 4873 alias
2616 4821 3060 4875 collustrationes
3082 4867 3096 4885 ,
3160 4821 3493 4890 ampliores,
3546 4832 3643 4875 aut

2063 4890 2331 4960 minores,
2375 4904 2525 4953 esse,
2558 4890 2698 4960 κατὰ
2727 4892 2826 4960 τὴν
2849 4891 3143 4959 ἀναλογίαν
3172 4891 3273 4959 τῆς
3303 4890 3517 4959 φύσεως
3546 4892 3643 4944 καὶ

2061 4959 2161 5027 τῆς
2194 4960 2432 5025 τάξεως,
2475 4959 2788 5030 secundum
2813 4960 3065 5030 cujusque
3098 4972 3305 5014 natura:
3349 4971 3397 5014 et
3437 4963 3642 5015 ordinis

2062 5032 2470 5098 proportionem.
2510 5029 2619 5085 Sed
2670 5038 2722 5085 et
2748 5029 2995 5100 Cyrillus
3044 5031 3095 5084 in
3128 5031 3641 5093 T/iesauro,assert.

2064 5100 2155 5161 51,
2191 5117 2244 5168 p.
2274 5100 2404 5161 266,
2446 5107 2657 5153 tantum
2691 5102 2913 5154 luminis
2940 5109 3207 5155 creatura:
3250 5102 3505 5155 rationali
3546 5102 3646 5155 im-

2067 5173 2330 5239 pertitum
2368 5186 2491 5241 esse
2522 5186 2549 5221 a
2584 5170 2691 5224 Deo
2721 5170 2817 5233 ait,
2866 5178 3132 5241 quantum
3165 5186 3508 5241 unaquaeque
3546 5187 3645 5241 pro

2067 5242 2151 5314 sui
2188 5242 2404 5314 generis
2427 5238 2749 5314 discrimine
2769 5238 3147 5314 capaxuforet,
3177 5238 3432 5314 adeoque
3453 5238 3647 5314 ἑτέραν

2068 5305 2213 5363 εἶναί
2245 5312 2302 5362 ἐν
2339 5310 2613 5376 ἀγγέλοις,
2666 5305 2889 5379 μείζονα
2928 5311 2984 5362 δὲ
3029 5312 3087 5364 ἐν
3128 5305 3510 5379 ἀρχαγγέλοις,
3548 5305 3647 5367 καὶ

2069 5379 2148 5452 ἔτι
2175 5380 2380 5452 ταύτης
2407 5381 2778 5452 ὑπερέχουσαν
2806 5382 2863 5433 ἐν
2891 5384 3011 5444 ταῖς
3040 5379 3295 5452 ἀνωτέρω
3316 5383 3611 5451 δυνάμεσιν
3630 5401 3644 5416 ·

2072 5450 2249 5503 Aliam
2300 5451 2353 5501 in
2418 5450 2618 5517 angelis
2673 5452 3023 5519 cognitionem
3075 5450 3225 5513 esse,
3281 5452 3538 5520 majorem
3594 5454 3646 5507 in

2071 5520 2426 5588 arcltangelis,
2472 5531 2781 5591 et_rursum
2811 5522 3231 5575 excellentiorem
3272 5523 3328 5575 in
3359 5528 3651 5591 superiori-

2074 5591 2169 5644 bus
2205 5592 2507 5643 rirtutibus.
2540 5588 2643 5643 Ubi
2670 5592 2831 5658 plane
2865 5592 3113 5646 inuuitur
3140 5588 3461 5659 angelorum
3492 5595 3648 5647 ordi-

2076 5677 2173 5733 nes
2199 5668 2293 5733 aut
2316 5663 2501 5733 specie
2532 5668 2850 5733 autgenere
2890 5666 3035 5733 inter
3058 5679 3115 5716 se
3150 5663 3386 5733 differre.
3426 5662 3648 5733 Legesis

2079 5731 2347 5801 Epiphan.
2388 5731 2583 5786 haeres.
2615 5730 2705 5796 64,
2756 5748 2812 5785 n.
2865 5732 2952 5787 55.
3009 5732 3191 5804 Pergit
3244 5730 3647 5794 Nazianzenus.
