4014 6202
342 227 454 299 887
1501 234 1562 293 s.
1611 232 1932 293 JOANNIS
1971 233 2408 294 DAMASCENI
2961 259 2974 267 -
3537 227 3664 292 888

343 337 529 398 divina
567 333 854 410 Scriptura
872 328 903 395 ἐ
930 337 1000 393 Et
1019 329 1160 394 dixit
1189 329 1326 394 Deus
1350 355 1369 392 :
1394 335 1519 394 ["iat
1541 352 1668 404 tux;
1696 349 1746 395 et
1780 343 1926 410 facta

2046 342 2216 412 ἕτερόν
2239 343 2357 400 ἐστι
2384 341 2445 394 τὸ
2482 341 2619 411 πῦρ,
2655 339 2707 392 εἰ
2760 335 2839 408 μὴ
2874 334 2938 389 1:6
2985 334 3126 405 φῶς,
3163 336 3239 399 ὥς
3268 337 3415 402 τινές
3449 353 3658 407 φασιν.

339 440 421 488 est
458 430 552 485 lux
579 431 647 485 ’⁸.
674 429 862 501 Neque
880 431 1055 498 enim,
1076 439 1136 486 ut
1157 430 1384 500 quidam
1413 431 1760 500 existimant,
1775 432 1923 488 aliud

2046 435 2246 505 Ἐτεροι
2275 433 2332 486 δὲ
2352 433 2416 486 :6
2437 431 2714 502 κοσμικδν
2745 431 2860 500 πῦρ
2913 429 3059 500 ὑπὲρ
3104 438 3126 467 ³
3157 429 3251 482 τὸν
3275 431 3419 501 ἀέρα
3448 433 3660 499 φασὶν,

342 520 642 592 quidquam
673 527 758 576 est
786 521 952 591 ignis,
999 536 1163 590 quam
1196 521 1313 575 lux.
1338 520 1444 574 Alii
1475 528 1659 575 autem
1687 522 1926 578 elemen-

2046 523 2346 578 ἱκαλοῦσιν
2364 523 2586 594 αἰθέρα.
2631 524 2732 576 Ἑν
2795 520 2960 590 ἀρχῇ
3027 520 3136 592 μὲν.
3178 519 3275 576 οὖν
3319 523 3596 592 ἐποίησεν
3623 525 3659 576 6

343 622 521 668 tarem
549 612 696 666 hunc
718 611 898 682 ignem
913 626 1039 666 aere
1065 613 1405 681 superiorem
1423 625 1549 666 esse
1564 611 1743 677 aiunt,
1760 629 1922 683 quem

2046 616 2159 679 δεὸς
2181 616 2244 669 τὸ
2265 615 2404 684 φῶς,
2433 616 2606 685 ἤγουν
2625 617 2694 685 τῇ
2745 611 2946 684 πρώτῃ
2987 613 3196 684 ἡμέρα,
3219 613 3656 686 καλλωπισμὸν,

349 711 554 760 vocant
574 704 802 758 anthera.
822 701 886 754 In
902 701 1166 770 principio
1191 701 1379 771 igitur,
1400 701 1504 756 hoc
1522 713 1605 757 cst
1622 703 1923 774 dieprimo,

2046 709 2119 760 ta‘t
2138 708 2347 776 κόσμον
2379 708 2564 777 πάσης
2590 705 2694 774 τῆς
2732 705 2942 775 ὁρατῆς
2990 704 3245 769 κτίσεως.
3283 706 3491 774 ’Δφελε
3537 707 3660 776 γάρ

345 797 558 853 creavit
601 793 745 849 Deus
777 793 980 872 lucem,
1008 807 1133 862 quae
1160 793 1460 848 visibilium
1491 797 1735 850 carnium
1765 811 1926 852 crea-

2046 799 2086 851 :6
2121 799 2261 867 φῶς,
2293 799 2392 854 καὶ
2421 796 2610 851 πάντα
2632 797 2692 850 ἐν
2715 796 2794 868 τῷ
2814 796 3004 849 σκότει
3019 795 3365 863 ἀδιάγνωστα
3388 798 3657 866 μένουσι,

346 899 593 943 turarum
625 887 796 941 decus
818 891 876 940 et
909 891 1292 939 ornamentum
1309 894 1412 939 est.
1433 884 1647 940 Etenim
1681 889 1727 942 si
1745 887 1923 942 lucem

2046 891 2125 957 τὴν
2159 891 2370 944 οἰκείαν
2427 891 2506 961 μὴ
2535 888 2817 960 δυνάμενα
2853 888 3200 959 εὐπρέπειαν
3230 888 3652 954 ἐπιδείξασθαι.

348 978 665 1042 sustuleris,
707 976 892 1031 omnia
935 975 989 1030 in
1025 975 1271 1031 tenebris
1312 974 1577 1044 jacebunt
1620 976 1826 1045 ignota,
1867 985 1964 1032 nt'

348 1085 472 1141 qua:
496 1067 962 1139 pulchritudinem
987 1081 1143 1121 suam
1166 1065 1526 1135 conspicuam
1558 1066 1790 1122 reddere
1815 1082 1925 1122 non

350 1161 568 1230 possint
608 1178 622 1214 :
669 1157 878 1212 Vocat-it
913 1167 1089 1210 autem
1123 1156 1263 1211 Deus
1299 1157 1465 1211 lucem
1489 1157 1662 1212 diem:
1688 1156 1926 1211 tenebras

349 1259 529 1304 autem
561 1251 764 1304 vocavit
802 1258 1002 1303 nocte»:
1025 1249 1094 1302 ”.
1129 1247 1304 1303 Porro
1344 1249 1586 1305 tenebrae
1614 1248 1928 1305 substantia

350 1343 458 1395 ulla
481 1357 590 1396 non
625 1352 778 1404 sunt,
799 1339 894 1395 sed
922 1339 1198 1396 accidens.
1235 1339 1421 1410 Neque
1444 1340 1590 1394 enim
1625 1341 1773 1395 aliud
1799 1348 1929 1396 sunt

349 1446 513 1502 quam
542 1431 684 1485 lucis
713 1430 986 1485 absentia.
1026 1431 1136 1484 Aer
1162 1431 1365 1502 quippe
1397 1433 1452 1486 in
1482 1447 1585 1488 sua
1615 1433 1930 1488 substantia

349 1526 529 1580 lucem
565 1539 673 1578 non
705 1524 874 1579 habet
893 1524 960 1579 “.
1017 1522 1199 1590 Quare
1253 1525 1435 1595 ipsum
1487 1525 1594 1580 hec
1633 1526 1779 1596 quod
1837 1542 1932 1582 aer

349 1617 476 1672 luce
513 1621 724 1680 careat,
759 1615 904 1670 Deus
945 1613 1161 1670 vocavit
1210 1615 1490 1671 tenebras.
1531 1614 1676 1682 Quin
1713 1631 1785 1672 ne
1813 1617 1931 1686 ipsa

2039 981 2321 1036 Ἐκὰ-λεσε
2342 982 2412 1036 δὲ
2461 985 2496 1034 ό
2527 981 2693 1046 Θεὸς,
2730 981 2798 1035 τὸ
2813 979 2936 1050 μὲν
2981 979 3134 1049 φῶς,
3168 980 3432 1050 ἡμέραν-ο
3459 981 3529 1034 τὸ
3578 980 3659 1034 δὲ

2025 1076 2247 1139 σκότος
2271 1073 2532 1128 ἐκάλεσε
2570 1074 2790 1127 νύκτα.
2820 1072 3023 1136 Σκότος
3051 1071 3110 1124 δέ
3146 1074 3318 1137 ἐστιν,
3345 1073 3446 1126 οὐκ
3476 1072 3651 1124 οὐσία

2024 1183 2130 1228 τις,
2198 1164 2339 1218 ἀλλά
2389 1163 2780 1234 συμϐεϐηκὸςο
2808 1163 2990 1232 φωτὸς
3022 1164 3133 1234 γάρ
3184 1163 3306 1216 ἐστι
3347 1163 3644 1234 στέρησις.

2039 1255 2098 1307 Ὀ
2120 1254 2230 1324 γὰρ
2259 1253 2388 1324 ἀὴρ,
2417 1255 2521 1307 οὐκ
2580 1255 2640 1307 ἐν
2690 1256 2759 1324 τῇ
2803 1253 2968 1325 οὐσία
3028 1252 3201 1306 αὑτοῦ
3227 1254 3342 1324 ἕχει
3392 1254 3456 1307 :6
3496 1254 3644 1322 φῶς.

2029 1347 2176 1399 Αὐτὸ
2205 1341 2299 1400 οὖν
2347 1347 2410 1400 τὸ
2470 1345 2804 1416 ἐστερῆσθαι
2848 1346 2942 1400 τὸν
3001 1346 3148 1417 ἀέρα
3179 1346 3386 1414 φωτὸς,
3441 1347 3645 1410 σκότος

2029 1439 2291 1492 ἐκάλεσεν
2325 1441 2358 1492 6
2415 1438 2550 1500 Θεός
2569 1454 2583 1468 ·
2634 1437 2732 1491 καὶ
2761 1436 2884 1508 οὐχ)⁵
2907 1438 2941 1507 ἡ
2968 1437 3133 1490 οὐσία
3180 1437 3277 1491 τοῦ
3326 1437 3492 1507 ἀέρος
3520 1437 3645 1490 ἐστὶ

2032 1530 2242 1595 σκότος,
2255 1529 2372 1582 ἀλλ’
2400 1531 2433 1600 ἡ
2460 1527 2556 1582 τοῦ
2597 1527 2778 1597 φωτὸς
2809 1527 3095 1597 στέρησις,
3115 1528 3256 1598 ὅπερ
3282 1525 3644 1597 συμϐεϐηκὸς

2036 1621 2239 1692 μᾶλλον
2268 1621 2450 1691 δηλοῖ,
2477 1622 2623 1691 ἢπερ
2649 1619 2864 1675 οὐσίαν.
2897 1621 3016 1672 Οὐκ
3055 1619 3266 1689 ἐκλήθη
3289 1619 3348 1672 δὲ
3379 1618 3576 1690 πρώτη
3603 1619 3637 1687 ὴ

347 1707 569 1778 quidem
605 1707 750 1762 aeris
789 1707 1104 1762 substantia
1155 1709 1397 1764 tenebrae
1456 1719 1607 1773 sunt,
1647 1709 1741 1764 sed
1788 1685 1932 1765 lueis

2046 1685 2151 1780 νὺξ,
2186 1685 2368 1782 ἀλλ’Ῐὴ
2399 1685 2626 1782 ἠμέρας
2675 1711 2821 1764 ὥστε
2865 1708 3065 1780 πρώτη
3125 1685 3277 1762 ἐστὶν
3311 1685 3498 1780 ἡμέρα
3543 1685 3639 1760 καί

351 1798 586 1868 privatio
619 1817 632 1853 :
670 1797 818 1869 quod
849 1798 1110 1855 accidens
1152 1800 1337 1872 potius
1369 1815 1532 1871 quam
1567 1801 1936 1856 substantiam

348 1888 583 1942 indicat.
612 1887 726 1944 Nec
766 1903 900 1944 vero
932 1905 1040 1944 nox
1078 1892 1236 1960 prius
1260 1901 1457 1948 vocata
1491 1899 1599 1958 est,
1640 1892 1738 1948 sed
1770 1891 1892 1948 dies
1920 1908 1932 1943 :

350 1994 417 2035 ae
444 1981 680 2051 proinde
711 1981 995 2051 antiquior
1016 1982 1138 2039 dies
1169 1992 1276 2052 est,
1307 1998 1420 2038 nox
1451 1985 1752 2054 posterior.
1783 1983 1934 2040 Dicm

351 2088 486 2144 ergo
517 2089 627 2129 nox
656 2076 946 2146 sequitur;
980 2085 1146 2147 atque
1175 2078 1244 2134 ab
1274 2078 1440 2134 unius
1475 2076 1583 2132 diei
1607 2084 1730 2132 ortu
1759 2091 1935 2148 usque

2035 1805 2239 1876 ἐσχάτη
2269 1807 2303 1876 ἡ
2331 1805 2450 1870 νύξ.
2500 1803 2816 1857 Ἀκολουθεῖ
2836 1798 2934 1855 οὖν
2966 1803 3002 1873 ἠ
3036 1800 3137 1865 νὺξ
3163 1803 3229 1871 τῇ
3264 1800 3451 1871 ἡμέρᾳ
3473 1816 3490 1830 ·
3536 1798 3636 1851 καὶ

2034 1897 2131 1951 ἀπ’
2160 1897 2335 1968 ἀρχῆς
2359 1899 2457 1968 τῆς
2492 1895 2709 1969 ἡμέρας
2761 1894 2868 1958 ἕως
2903 1893 3007 1963 τῆς
3053 1891 3222 1962 ἄλλης
3269 1891 3511 1962 ἡμέρας,
3569 1890 3634 1943 ἓν

2037 1987 2382 2060 νυχθήμερον
2407 1989 2589 2041 ἐστιν’
2622 1987 2730 2056 ἔφη
2764 1985 2876 2056 γὰρ
2908 1986 2942 2054 ἠ
2969 1982 3158 2055 Γραφή
3180 1999 3195 2014 ο
3234 1981 3344 2035 Καὶ
3376 1979 3626 2050 ἐγένετο

2039 2079 2289 2148 ἑσπέρα,
2313 2080 2411 2133 καί
2435 2078 2676 2148 ἐγένετο
2706 2077 2882 2147 πρωῒ,
2903 2075 3088 2145 ἡμέρα
3108 2073 3234 2142 μία.

353 2170 422 2224 ad
446 2168 613 2224 alium
640 2167 948 2236 diem,dies
970 2185 1113 2226 unus
1137 2179 1221 2228 est
1249 2186 1374 2227 cum
1393 2180 1555 2227 nocte
1571 2171 1926 2241 coniunctus.
1965 2171 2054 2226 Ait
2082 2175 2230 2228 enim
2264 2172 2548 2243 Scriptura
2573 2189 2588 2226 :
2614 2169 2681 2226 Et
2708 2171 2910 2240 factum
2936 2178 3014 2226 est
3034 2183 3262 2238 uespere,
3313 2175 3364 2222 et
3417 2164 3625 2234 factum

355 2270 434 2317 est
465 2277 618 2317 mane
641 2261 752 2317 dies
777 2279 914 2318 unus
939 2264 1007 2318 "’.

430 2359 599 2412 Primi
627 2367 731 2414 tres
764 2359 901 2424 dies,
928 2376 1048 2414 cum
1067 2359 1150 2416 sol
1173 2378 1277 2417 non
1300 2371 1456 2417 esset.
1487 2361 1654 2416 Luna:
1673 2369 1724 2416 et
1751 2361 1938 2416 stella-

361 2466 476 2504 rum
524 2466 714 2504 munus
748 2451 803 2504 in
853 2461 1021 2506 nocte.
1071 2480 1143 2492 —
1173 2450 1240 2507 Et
1267 2451 1488 2522 quidem
1523 2451 1702 2508 tribus
1745 2451 1939 2522 primis

355 2542 572 2605 diebus.
609 2543 732 2598 luce
776 2541 873 2596 Dei
899 2541 1086 2612 jussu,
1125 2549 1243 2597 tum
1277 2558 1402 2600 sese
1431 2541 1792 2611 dill‘undente,
1822 2551 1938 2597 tum

355 2647 552 2689 rursus
580 2633 961 2702 contrahente,
993 2634 1114 2691 dies
1133 2643 1189 2690 et
1220 2649 1333 2689 nox
1369 2634 1634 2690 exstitere
1656 2634 1723 2690 ⁸⁸.
1761 2635 1829 2687 At
1849 2634 1940 2689 die

355 2732 554 2794 quarta
606 2723 738 2780 fecit
775 2724 922 2782 Deus
959 2725 1234 2783 luminare
1259 2725 1463 2796 majus,
1514 2739 1712 2796 nempe
1741 2724 1936 2791 solem,

357 2821 419 2868 ut
447 2814 556 2872 diei
589 2823 852 2886 praeesset
899 2816 1036 2887 (per
1091 2815 1271 2887 ipsum
1319 2816 1468 2873 enim
1507 2815 1626 2871 dies
1656 2813 1934 2882 efﬁcitur;

356 2906 478 2964 dies
506 2909 709 2980 quippe
745 2917 835 2965 est
861 2923 987 2964 cum
1015 2908 1099 2966 sol
1125 2923 1296 2980 supra
1328 2916 1536 2964 terram
1559 2916 1770 2974 exstat,
1800 2908 1942 2964 diei-a

355 3013 466 3068 que
497 2999 760 3070 spatium,
791 3013 994 3056 cursus
1029 2999 1120 3056 ille
1142 3015 1305 3070 quem
1329 3000 1398 3056 ab
1424 3009 1552 3056 ortu
1581 2999 1649 3054 ad
1679 3014 1939 3055 occasum

2123 2356 2213 2410 ’Ev
2243 2354 2343 2426 μὲν
2370 2347 2464 2408 οὗν
2491 2354 2806 2424 ταῖςτρισὶν
2831 2353 3075 2424 ἡμέραις
3107 2353 3512 2422 ἀναχεομένου,
3538 2353 3637 2409 καὶ

2041 2444 2466 2516 συστελλομένου
2523 2444 2618 2497 τοῦ
2657 2444 2836 2513 φωτὸς
2861 2445 2941 2514 τῷ
2967 2443 3103 2513 θείῳ
3142 2443 3557 2515 προστάγματι,
3600 2447 3638 2515 ἦ

2037 2554 2098 2591 τε
2128 2536 2332 2607 ἡμέρα,
2357 2536 2453 2588 καὶ
2482 2536 2516 2605 ἡ
2546 2532 2903 2602 νὺξέγένετο.
2929 2535 3009 2605 Τῇ
3029 2533 3088 2586 δὲ
3111 2533 3352 2604 τετάρτῃ
3378 2534 3641 2604 ἐποίησεν

2037 2631 2065 2683 6
2090 2627 2222 2692 Θεὸς
2251 2626 2344 2679 τὸν
2364 2627 2626 2696 φωστῆρα
2658 2627 2752 2680 τὸν
2789 2625 2986 2694 μέγαν,
3037 2626 3160 2695 ἦτοι
3212 2625 3308 2677 τὸν
3353 2624 3530 2694 ἥλιον,
3556 2628 3640 2690 είς

2039 2718 2216 2792 ἀρχὰς
2240 2719 2336 2773 καὶ
2383 2717 2636 2785 ἐξουσίαν
2673 2718 2773 2787 τῆς
2818 2717 3035 2787 ἡμέρας
3067 2724 3092 2752 ⁸
3115 2733 3130 2747 ·
3164 2717 3238 2770 δι’
3256 2716 3427 2770 αὐτοῦ
3470 2717 3582 2788 γάρ
3606 2718 3640 2787 ἠ

2039 2809 2228 2881 ἡμέρα
2289 2807 2644 2862 συνίσταταιο
2689 2805 2882 2877 ἡμέρα
2931 2807 3044 2874 γάρ
3095 2808 3269 2873 ἐστιν,
3318 2807 3378 2860 ἐν
3419 2804 3499 2876 τῷ
3547 2805 3643 2859 τὸν

2040 2901 2193 2972 ἣλιον
2233 2898 2373 2970 ὑπὲρ
2400 2894 2670 2969 γῆνείναι
2689 2913 2704 2927 ·
2733 2897 2832 2950 καὶ
2896 2897 3178 2968 διάστημα
3221 2896 3444 2969 ἡμέρας
3466 2897 3642 2960 ἐστὶν,

2041 2992 2071 3044 6
2103 2989 2213 3044 ἀπὸ
2238 2989 2505 3058 ἀνατολῆς
2557 2987 2719 3059 μέχρι
2768 2988 2980 3052 δύσεως
3028 2989 3172 3058 ὑπὲρ
3211 2990 3319 3059 γῆν
3350 2988 3449 3043 τοῦ
3483 2989 3642 3059 ἡλίου

358 3105 536 3158 usque
561 3090 644 3145 sol
682 3105 856 3160 supra
889 3101 1094 3146 terram
1133 3092 1402 3163 peragit),
1427 3089 1588 3162 165
1615 3100 1781 3162 atque
1811 3090 1941 3144 item

2046 3080 2276 3154 δρόμος⁶
2305 3081 2402 3133 καὶ
2425 3080 2514 3133 τὸν
2546 3080 2813 3150 φωστῆρα
2840 3081 2932 3134 τὸν
2961 3081 3197 3147 ἐλάσσω,
3235 3081 3360 3152 ἦτοι
3401 3081 3504 3152 τὴν
3546 3099 3640 3134 σε-

357 3181 634 3234 luminare
664 3181 867 3247 minus,
889 3181 994 3236 hoc
1020 3191 1106 3238 est
1135 3183 1344 3249 lunam,
1373 3190 1430 3239 et
1463 3183 1672 3249 stellas,
1711 3189 1772 3237 ut
1796 3182 1943 3236 nocti

357 3274 689 3337 praeessent,
717 3268 881 3336 eique
911 3268 1092 3324 lucem
1116 3269 1351 3324 ferrent.
1377 3267 1495 3324 Nox
1521 3285 1686 3338 porro
1709 3276 1796 3325 est
1820 3283 1944 3324 cum

360 3354 446 3410 sol
471 3351 619 3408 infra
648 3363 849 3408 terram
879 3361 966 3411 est
999 3373 1013 3410 :
1049 3356 1345 3426 noctisque
1372 3359 1611 3427 spatium
1636 3364 1721 3414 est
1746 3371 1946 3413 cursus

359 3444 478 3509 ille,
513 3458 678 3514 quem
710 3444 793 3500 sol
835 3444 904 3500 ab
929 3459 1132 3501 occasu
1171 3444 1239 3500 ad
1275 3454 1458 3501 ortum
1493 3447 1601 3503 sub
1632 3455 1782 3502 terra.
1810 3461 1948 3502 con-

361 3536 501 3591 ﬁcit.
551 3535 710 3592 Luna
763 3537 965 3608 igitur,
1011 3546 1069 3594 et
1115 3537 1286 3594 stellae
1320 3539 1636 3594 constitutae
1669 3547 1834 3604 sunt,
1887 3546 1948 3594 ut

356 3635 580 3684 noctem
643 3628 1025 3697 illustrarent;
1061 3645 1172 3685 non
1196 3629 1345 3700 quod
1385 3631 1623 3686 interdiu
1661 3631 1766 3686 sub
1797 3640 1948 3686 terra

357 3722 584 3793 penitus
611 3721 940 3778 delitescant
958 3723 1111 3795 (nam
1131 3730 1264 3780 tunc
1279 3738 1502 3795 quoque
1527 3724 1701 3780 stella:
1727 3725 1782 3780 in
1807 3724 1948 3780 caelo

359 3829 529 3884 super
562 3822 766 3870 terram
802 3815 993 3887 sunt),
1049 3815 1146 3873 sed
1177 3816 1307 3886 quia
1349 3817 1432 3871 sol
1480 3831 1597 3881 eas,
1651 3815 1950 3888 lunamque

363 3906 676 3976 splendoris
700 3907 786 3962 sui
824 3907 996 3962 nimia
1032 3908 1398 3978 amplitudine
1422 3909 1698 3979 operiens,
1732 3909 1950 3965 elucere

364 4013 474 4055 non
505 4000 660 4056 sinit.

438 4091 768 4162 Primigenia
793 4093 888 4147 lux
917 4091 1267 4147 luminaribus
1316 4090 1510 4144 indita.
1539 4119 1610 4131 —
1651 4089 1818 4147 llisce
1864 4091 1949 4145 lu-

364 4184 678 4238 minaribus
713 4185 1096 4256 primigeniam
1128 4187 1307 4240 lucem
1343 4199 1594 4238 summus
1633 4181 1726 4238 ille
1767 4197 1948 4236 rerum

364 4273 559 4345 Opil‘ex
595 4274 821 4341 indidit,
862 4292 970 4330 non
1003 4275 1155 4347 quod
1188 4275 1418 4330 alterius
1449 4273 1680 4327 luminis
1718 4272 1950 4342 penuria

364 4368 681 4438 laboraret;
726 4367 820 4424 sed
858 4385 926 4424 ne
954 4370 1043 4423 lux
1092 4368 1184 4422 illa
1227 4379 1638 4436 supervacanea
1679 4372 1946 4418 maneret.

364 4459 662 4518 Luminare
700 4460 978 4532 siquidem
1029 4460 1121 4514 lux
1175 4459 1292 4529 ipsa
1347 4474 1458 4512 non
1497 4465 1602 4521 est,
1653 4461 1750 4512 sed
1806 4455 1948 4511 lucis

365 4555 820 4622 conceptaculum
845 4554 910 4608 θ’.

440 4661 681 4718 Planela:
714 4671 928 4731 septem.
960 4691 1031 4703 ——
1058 4660 1209 4718 Inter
1246 4663 1361 4718 hace
1417 4671 1600 4717 autem
1657 4659 1964 4715 luminaria.

365 4755 618 4828 planetas
651 4763 861 4826 septem
896 4763 1212 4820 recensent,
1243 4768 1384 4824 quos
1425 4750 1714 4808 contrario
1747 4765 1811 4804 ac
1841 4765 1954 4806 cce—

364 4849 482 4906 lum
511 4855 663 4906 metu
691 4848 838 4904 volvi
876 4848 1105 4913 dicunt;
1136 4849 1398 4919 quocirca
1447 4846 1714 4917 planetas,
1761 4861 1952 4899 erran-

371 4948 505 4993 tesue
525 4936 728 5002 stellas,
761 4951 858 4992 eos
887 4935 1253 5007 appellarunt.
1290 4933 1504 4989 C(elum
1542 4931 1692 4987 enim
1723 4931 1793 4985 ab
1822 4938 1948 4984 ortu

368 5030 440 5087 ad
493 5044 751 5090 occasum
809 5029 954 5086 volvi
1016 5028 1310 5100 inquiunt;
1362 5027 1616 5099 planetas
1659 5033 1842 5080 autem
1881 5025 1950 5078 ab

2043 3173 2234 3245 λήνην,
2290 3172 2386 3225 καὶ
2437 3172 2562 3234 τοὺς
2603 3172 2862 3242 ἀστέρας,
2923 3175 3004 3236 είς
3033 3173 3210 3242 ἀρχάς
3252 3175 3350 3226 καὶ
3380 3173 3647 3238 ἐξουσίαν

2044 3265 2144 3336 τῆς
2166 3264 2380 3328 νυκτὸς,
2413 3262 2508 3318 τοῦ
2543 3264 2800 3334 φωτίζειν
2830 3265 3024 3336 αὑτήν.
3053 3265 3173 3332 Νὺξ
3205 3265 3261 3317 δέ
3285 3265 3456 3328 ἐστιν,
3479 3267 3538 3320 ἐν
3562 3265 3648 3336 τῷ

2044 3356 2136 3409 τὸν
2163 3355 2316 3426 ἣλιον
2345 3355 2456 3408 61:6
2478 3355 2580 3426 γῆν
2607 3350 2751 3409 εἶναι
2771 3373 2786 3388 ·
2810 3357 2907 3410 καὶ
2933 3355 3213 3426 διάστημα
3231 3355 3432 3419 νυκτός
3462 3357 3637 3424 ἐστιν,

2046 3447 2156 3502 ἀπὸ
2181 3447 2387 3510 δύσεως
2417 3447 2611 3518 μέχρις
2637 3447 2908 3518 ἀνατολῆς
2936 3447 3043 3501 61:6
3064 3448 3174 3516 γῆν
3205 3447 3301 3501 τοῦ
3329 3447 3488 3519 ἡλίου
3516 3448 3648 3519 δρό-

2050 3556 2173 3611 μος.
2217 3539 2282 3592 Ἦ
2321 3538 2518 3608 σελήνη
2585 3537 2766 3591 τοίνυν
2816 3538 2914 3591 καὶ
2957 3537 3010 3590 οἱ
3064 3538 3297 3610 ἀστέρες
3324 3537 3647 3608 ἐτάχθησαν

2048 3630 2148 3703 τὴν
2171 3629 2344 3685 νύκτα
2366 3629 2646 3700 φωτίζειν,
2677 3629 2776 3701 οὐχ
2823 3628 2898 3692 ὡς
2929 3631 2998 3700 τῇ
3049 3629 3237 3701 ἡμέρᾳ
3263 3627 3504 3682 πάντοτε
3534 3630 3646 3683 61:6

2047 3723 2153 3794 γῆν
2171 3721 2362 3784 ὄντες·
2417 3721 2525 3774 elei
2568 3721 2676 3792 γάρ
2731 3721 2827 3775 καὶ
2871 3721 2931 3774 ἐν
2984 3721 3170 3804 ἡμίρᾳ
3194 3721 3427 3791 ἀστέρες
3467 3722 3528 3774 ἐν
3559 3719 3645 3790 τῷ

2047 3814 2264 3887 οὐρανῷ
2331 3813 2474 3886 ὑπὲρ
2530 3815 2634 3886 γῆν
2655 3830 2668 3843 ·
2704 3813 2821 3867 ἀλλ’
2864 3815 2892 3866 6
2921 3812 3074 3884 ἥλιος
3110 3811 3338 3875 τούτους
3371 3812 3512 3883 ἅμα,
3544 3812 3645 3865 καὶ

2050 3909 2150 3978 τὴν
2197 3907 2430 3979 σελήνην
2500 3910 2569 3977 τῇ
2625 3906 2958 3979 φαιδροτέρᾳ
3015 3905 3180 3977 αἴγλῃ
3235 3904 3645 3976 ἀποκρύπτων,

2049 4001 2152 4053 οὐκ
2179 4001 2240 4069 ἐᾷ
2272 3997 2580 4068 φαίνεσθαι.

2121 4092 2250 4153 Τοῖς
2287 4089 2571 4160 φωστῆρσι
2616 4088 2829 4153 τούτοις
2877 4089 2940 4141 τὸ
2992 4089 3399 4160 πρωτόκτιστον
3451 4088 3570 4156 φῶς
3611 4089 3638 4140 6

2051 4186 2256 4254 Δημιου
2267 4182 2392 4252 ργδς
2415 4181 2734 4246 ἐναπέθετο,
2758 4181 2857 4252 οὑχ
2892 4181 2969 4245 ὡς
2998 4179 3222 4252 ἀπορῶν
3245 4180 3409 4234 ἀλλου
3436 4181 3634 4250 φωτὸς,

2051 4276 2282 4330 ἀλλ’ἵνα
2317 4275 2392 4348 μὴ
2413 4276 2584 4346 ἀργὸν
2637 4276 2816 4329 ἐκεῖνο
2877 4273 3037 4345 μείνῃ
3099 4273 3160 4326 τὸ
3201 4273 3338 4341 φῶς.
3402 4275 3636 4346 Φωστὴρ

2051 4369 2160 4440 γάρ
2187 4371 2356 4434 ἐστιν,
2383 4369 2483 4422 οὐκ
2502 4368 2631 4421 αὐτὸ
2658 4367 2719 4420 τὸ
2735 4367 2873 4438 φῶς,
2896 4367 3035 4420 ἀλλά
3065 4365 3244 4435 φωτὸς
3263 4365 3494 4436 δοκεῖον.

2131 4657 2228 4710 Ἐκ
2249 4654 2454 4709 τούτων
2475 4653 2584 4706 τῶν
2629 4654 2931 4724 φωστήρων
2963 4653 3105 4706 ἑπτὰ
3149 4646 3429 4720 πλανήτας
3466 4652 3634 4721 φασίο

2055 4749 2148 4804 καὶ
2175 4747 2430 4816 λέγουσιν
2458 4746 2660 4810 αὐτοὺς
2692 4745 2943 4800 ἐναντίαν
2969 4747 3064 4800 τοῦ
3090 4746 3326 4818 οὐρανοῦ
3362 4745 3636 4800 κινεῖσθαι

2055 4841 2270 4911 κίνησιν
2308 4855 2322 4868 ’
2364 4839 2446 4894 διὸ
2495 4839 2777 4910 πλανήτας
2825 4837 3023 4903 αὐτοὺς
3055 4840 3359 4893 ἐκάλεσανδ
3409 4838 3504 4892 τὸν
3541 4839 3638 4908 μὲν

2054 4933 2166 5003 γὰρ
2183 4931 2413 5004 οὐρανόν
2438 4948 2626 5002 φησιν,
2647 4931 2706 4997 ἐξ
2734 4930 3014 4985 ἀνατολῶν
3058 4931 3195 5000 πρὸς
3222 4929 3434 5001 δυσμὰς
3469 4931 3637 4982 κινεῖο

2059 5023 2189 5077 σθαι
2209 5039 2222 5054 ·
2251 5021 2379 5086 τοὺς
2401 5021 2459 5075 δὲ
2489 5021 2768 5094 πλανήτας
2824 5022 2888 5074 ἐκ
2928 5019 3150 5090 δυσμῶν
3194 5020 3290 5073 ἐπὶ
3338 5019 3632 5082 ἀνατολάς⁶

442 5211 646 5268 “Gen.
677 5223 717 5277 ι,
746 5211 798 5264 5.
877 5212 922 5243 ³³
956 5207 1096 5265 lbid.
1135 5210 1187 5265 5.
1285 5204 1330 5238 "
1355 5207 1526 5263 Basil.
1561 5207 1708 5263 hom.
1742 5205 1779 5258 2
1805 5206 1860 5260 in
1897 5204 2158 5262 llexaem.
2237 5204 2282 5236 ³⁷
2315 5201 2450 5260 Gen.
2484 5221 2522 5272 ι,
2705 5201 2752 5236 ⁸³
2781 5201 2950 5258 Basil.
2979 5202 3129 5268 hom,
3159 5202 3216 5254 2.
3273 5200 3330 5255 in
3375 5197 3637 5255 lienem.

362 5273 409 5307 ⁸’
440 5282 518 5340 id.
560 5273 714 5338 hom.
742 5283 776 5337 6
811 5283 864 5337 in
899 5280 1158 5336 Hexaem.

1641 5431 1870 5489 VARI/IS
1913 5429 2320 5490 LECTIONES.

449 5563 652 5618 'Edita
696 5573 753 5617 et
781 5562 934 5632 Regii
966 5561 1091 5625 ὑπὸ.
1126 5568 1318 5632 contra
1372 5555 1616 5632 auctoris
1659 5563 2018 5632 veterumque
2072 5554 2421 5632 sententiam,
2487 5551 2579 5629 qui
2611 5551 2789 5624 ignem
2857 5566 3024 5622 supra
3064 5565 3247 5608 aerem
3299 5551 3637 5608 statuerunt.

372 5633 557 5691 e(30d.
586 5635 643 5693 S.
677 5632 809 5703 llil.,
839 5624 986 5703 ltvcgii
1010 5641 1156 5699 octo,
1190 5629 1348 5685 Colb.
1384 5639 1438 5686 et
1462 5627 1526 5684 Ν.
1559 5627 1644 5683 hic
1687 5634 1743 5682 et
1777 5624 2227 5692 ἰηίτιιέξουσίας.
