4014 6202
421 337 538 399 889
1508 337 1606 400 DE
1644 335 1823 397 FIDE
1858 334 2318 395 ORTIIODOXA
2345 336 2502 399 LIB.
2530 335 2610 395 I‘I‘.

425 448 872 520 συμπεριφέρειν
897 449 956 504 δὲ
981 448 1073 503 τδν
1100 447 1331 521 οὐρανὸν
1352 451 1422 522 τῇ
1450 448 1645 504 ἑαυτοῦ
1686 447 1901 517 κινήσει
1927 443 2004 508 ὡς

2122 460 2309 502 iccasu
2343 447 2409 500 ad
2445 454 2630 500 ortum
2655 463 2667 497 :
2697 458 2844 514 quos
2864 443 3029 498 etiam
3053 443 3251 498 coelum
3294 444 3556 515 rapidiori
3587 462 3692 500 suo

422 540 684 612 ὀξυτέρα,
711 541 839 604 τοὺς
861 542 1004 595 ἑπτὰ
1030 542 1333 615 πλανήτας.
1375 541 1496 596 Τῶν
1533 541 1591 594 δὲ
1635 539 1774 594 ἑπτὰ
1803 537 2014 605 πλανη-

2122 547 2266 592 motu
2299 554 2485 593 secum
2503 537 2875 593 circumferat.
2900 535 3118 605 Septem
3147 551 3312 605 porro
3342 537 3688 606 planetarum

422 632 536 685 τῶν
565 633 635 686 τὰ
665 633 910 704 ὀνόματά
937 633 1044 686 είσι
1071 634 1267 690 ταῦτα·
1292 635 1522 704 Σελήνη.
1545 631 1778 704 Ἑρμῆς.
1815 628 2014 697 Ἀφρο·

425 724 574 794 δίτη,
604 725 796 789 Ἤλιος
819 767 835 792 ,
866 727 1080 796 Ἀρης,
1134 727 1269 791 Ζεὺς
1291 767 1308 793 ,
1377 725 1588 795 Κρόνος
1648 724 1692 776 ⁸.
1755 715 1910 773 Εἶναι
1953 716 2013 768 δὲ

426 813 547 870 καθ’
577 817 815 888 ἑκάστην
846 815 1022 888 ζώνην
1039 815 1130 869 τοῦ
1155 815 1407 887 οὐρανοῦ,
1433 816 1532 868 ἕνα
1559 813 1668 867 τῶν
1697 807 1842 864 έπτά
1864 805 1976 859 πλα

426 908 632 976 νητῶν.

513 1001 602 1054 Ἑν
626 1000 727 1071 μὲν
743 1003 808 1071 τῇ
832 1003 1046 1072 πρώτῃ,
1062 1001 1182 1072 ἡτοι
1202 1001 1268 1071 τῇ
1287 997 1560 1069 ἅνωτέρᾳ,
1577 995 1906 1067 τδνΚρόνον.
1931 976 1994 1089 Β

513 1093 602 1146 Ἐν
629 1093 688 1146 δὲ
720 1096 786 1164 τῇ
813 1094 1062 1163 δευτέρᾳ,
1091 1092 1184 1146 τὸν
1217 1092 1337 1146 Δία.

515 1186 605 1239 Ἐν
631 1185 691 1238 δὲ
728 1187 794 1255 τῇ
819 1184 999 1257 τρίτῃ,
1026 1184 1118 1237 τὸν
1143 1184 1337 1254 Ἄρεα.
1865 1185 2008 1270 ΟΖ

514 1278 605 1329 Ἐν
623 1275 681 1328 δὲ
695 1279 761 1344 τῇ
781 1275 1035 1346 τετάρτῃ,
1057 1275 1148 1328 τὸν
1167 1275 1376 1329 ῚΙλιον.
1922 1293 2006 1358 o—

515 1364 604 1417 Ἐν
632 1363 690 1416 δὲ
716 1365 783 1434 τῇ
820 1362 1072 1434 πέμπτῃ,
1107 1362 1207 1432 τὴν
1245 1361 1590 1434 Ἀφροδίτην.
1927 1365 1995 1454 9

516 1487 606 1540 Ἐν
635 1485 692 1539 δὲ
731 1487 796 1556 τῇ
829 1485 984 1556 ἕκτῃ,
1031 1484 1126 1538 τὸν
1166 1484 1394 1554 Ἑρμῆν.

513 1583 604 1639 Ἓν
626 1585 683 1638 δὲ
712 1587 779 1656 τῇ
811 1583 1039 1655 ὲὸὃόμῃ,
1071 1585 1165 1637 καί¹
1187 1585 1500 1656 κατωτέρᾳ,
1526 1585 1624 1656 τὴν
1654 1587 1910 1660 Σελήνην,

501 1673 768 1744 Τρέχουσι
801 1673 860 1726 δὲ
906 1673 1107 1744 δρόμον
1162 1673 1417 1744 ἄληκτον,
1453 1674 1513 1728 ὃν
1554 1677 1584 1728 ό
1616 1679 1958 1750 Δημιουργδς
1989 1694 2018 1722 η

2115 629 2230 684 haec
2258 638 2397 686 sunt.
2420 630 2642 684 nomina
2679 648 2691 684 :
2727 630 2903 693 Luna,
2946 627 3274 693 Mercurius,
3305 627 3516 691 Venus,
3572 629 3688 690 Sol,

2113 721 2280 786 Mars,
2299 721 2533 794 Jupiter,
2575 723 2873 778 Saturnus.
2910 721 3161 775 Tradunt
3188 720 3435 790 insuper,
3470 722 3523 774 in
3556 737 3692 774 uno—

2115 829 2335 884 quoque
2388 813 2513 869 C(Bli
2572 813 2783 870 circulo
2828 828 2999 868 unum
3056 826 3124 865 ex
3187 819 3396 880 septem
3456 809 3690 878 planetis

2113 919 2258 961 esse.

2186 997 2246 1051 In
2282 996 2457 1067 primo
2481 1011 2700 1066 nempe,
2734 994 2789 1050 id
2819 1001 2904 1051 est
2931 992 3266 1059 sublimiori,
3300 991 3616 1047 Saturnum.

2190 1085 2250 1140 lu
2275 1085 2546 1149 secundo,
2585 1085 2797 1140 Jovem.

2189 1177 2246 1233 In
2274 1179 2460 1242 tertio,
2497 1177 2750 1233 Martem.
2853 1234 2859 1238 ,

2188 1269 2246 1323 ln
2279 1278 2499 1339 quarto,
2535 1267 2745 1323 Solem.

2188 1359 2246 1415 In
2280 1362 2503 1431 quinto,
2533 1359 2826 1415 Venerem.

2125 1463 2136 1486 ὅ

2191 1486 2248 1542 ιη
2283 1496 2462 1551 sexto,
2490 1485 2844 1540 Mercurium.

2187 1591 2248 1646 In
2287 1593 2522 1661 septimo
2546 1590 2787 1660 denique
2813 1597 2866 1644 et
2897 1589 3104 1652 intimo,
3143 1588 3376 1640 Lunam.

2187 1684 2334 1737 Anni
2359 1676 2586 1752 quatuor
2643 1692 2877 1751 tempora
2925 1690 2974 1735 et
3032 1680 3414 1733 conversiones.
3466 1676 3696 1731 Mundus

431 1766 621 1829 ἔταξεν
671 1765 878 1828 αὐτοῖς,
925 1764 1022 1817 κα).
1064 1762 1250 1827 καθὼς
1309 1764 1673 1835 ὲθεμελίωσεν
1729 1770 1902 1835 αὐτὰ,
1944 1774 2015 1837 ὥς

2122 1791 2272 1830 verno
2327 1785 2556 1843 tempore
2601 1774 2864 1829 conditus.
2920 1802 2990 1812 -—-
3037 1771 3273 1826 Cursum
3333 1777 3514 1823 autem
3566 1785 3694 1824 eum

433 1872 600 1926 φησιν
631 1856 660 1908 δ
685 1855 828 1919 θεῖος
861 1855 1026 1908 Δαόίδ
1046 1872 1060 1887 ·
1103 1855 1385 1925 Σελήνην
1413 1856 1509 1909 καί
1547 1858 1828 1927 ἀστέρας,
1866 1861 1903 1916 d
1933 1863 2016 1917 σὺ

432 1943 852 2014 ἐθεμελίωσας.
894 1941 992 1997 Διά
1040 1944 1152 2012 γὰρ
1201 1941 1296 1997 τοῦ
1336 1943 1513 1998 εἰπεῖν
1537 1985 1552 2010 ,
1593 1947 2014 2019 ἐθεμελίωσας,

437 2036 676 2106 ἑσὴμανε
713 2034 774 2088 τὸ
797 2035 996 2104 πάγων
1027 2035 1120 2088 καὶ⁹
1181 2033 1560 2108 ἀμετάϐλητον
1588 2039 1686 2110 τῆς
1736 2042 1840 2095 ὑπὸ
1879 2043 2016 2098 Θεοῦ

432 2125 678 2195 δοθείσης
703 2125 887 2190 αὐτοῖς
910 2124 1117 2192 τάξεώς
1152 2141 1213 2178 τε
1257 2126 1355 2180 καὶ
1405 2127 1622 2199 είρμοῦ.
1659 2131 1858 2198 Ἐταξε
1906 2134 2017 2205 γὰρ

433 2217 634 2281 αὐτοὺς
673 2218 752 2281 εἰς
781 2218 1030 2288 καιροὺς,
1072 2217 1167 2271 καὶ
1193 2217 1274 2281 είς
1301 2221 1525 2288 σημεῖα,
1549 2222 1645 2274 καὶ
1672 2224 1751 2286 είς
1781 2226 2016 2296 ἡμέρας,

433 2308 528 2360 καὶ
559 2307 638 2371 είς
669 2308 972 2372 ἐνιαυτούς.
1003 2309 1103 2362 Διά
1135 2308 1234 2380 μὲν
1278 2309 1384 2381 γάρ
1417 2311 1510 2364 τοῦ
1539 2313 1691 2382 ἡλίου
1720 2318 1774 2368 αἱ
1819 2317 2018 2371 τέσσα-

437 2416 532 2470 ρες
566 2399 771 2469 τροπαὶ⁹
807 2400 1150 2455 συνίστανται
1179 2419 1192 2432 ’
1235 2402 1329 2455 καὶ
1352 2402 1544 2474 πρώτη
1580 2405 1698 2474 μὲν,
1725 2409 1758 2478 ἡ
1787 2409 1974 2480 ἐαρινή
1999 2425 2013 2439 ο

432 2491 495 2544 ἐν
523 2490 663 2560 αὐτῇ
695 2489 804 2560 γὰρ
827 2491 1082 2562 ἐποίησεν
1120 2493 1148 2545 ὁ
1179 2491 1310 2557 Θεὸς
1339 2492 1408 2546 τά
1431 2494 1725 2565 σύμπαντα
1753 2514 1766 2527 ·
1793 2499 1885 2552 καὶ
1917 2500 2014 2569 δη-

431 2581 519 2635 λοῖ
551 2581 614 2635 τὺ
651 2582 746 2635 καὶ
778 2581 943 2654 μέχρι
969 2582 1065 2636 τοῦ
1089 2583 1205 2650 νῦν,
1251 2586 1308 2638 ὲν
1348 2587 1483 2658 αὐτῇ
1519 2587 1625 2640 τῶν
1668 2588 1874 2644 ἀνθέων
1919 2590 2016 2663 τὴν

440 2673 738 2745 βλάστησιν
764 2673 1034 2743 γίνεσθαι,
1062 2675 1184 2744 ἡτις
1209 2677 1306 2730 καὶ
1338 2679 1631 2750 ἰσημερινὴ
1644 2681 1818 2752 τροπὴ
1848 2683 2015 2735 ἐστιν’

433 2766 645 2820 δώδεκα
686 2766 796 2838 γάρ
845 2765 1003 2836 ὡρῶν
1049 2767 1148 2839 τήν
1185 2784 1245 2820 τε
1307 2769 1523 2840 ἡμέραν
1573 2772 1667 2823 καὶ
1705 2770 1806 2842 τὴν
1850 2772 2020 2825 νύκτα

434 2857 787 2929 καθίστησιν.
837 2857 986 2929 Αὕτη
1025 2858 1090 2911 ὲκ
1127 2858 1225 2929 τῆς
1250 2860 1423 2930 μέσης
1446 2860 1711 2932 ἀνατολῆς
1740 2862 1835 2914 τοῦ
1862 2862 2017 2932 ἡλίου

439 2951 780 3016 συνίσταται,
805 2951 1046 3021 εὐκραὴς
1063 2946 1218 3014 οὖσα,
1248 2951 1480 3019 αἳματος
1500 2951 1790 3025 αὐξητικὴ,
1815 2954 2016 3026 θερμὴ,

439 3037 535 3092 καὶ
587 3038 733 3110 ὑγρά
785 3038 1108 3109 ὑπάρχουσα
1133 3053 1148 3069 ·
1185 3039 1279 3092 καὶ
1316 3039 1383 3092 δι’
1425 3039 1626 3109 ἑαυτῆς
1656 3041 2020 3111 μεσιτεύουσα

2119 1869 2240 1924 sine
2275 1867 2689 1922 intermissione
2737 1873 2946 1928 tenent,
2986 1878 3150 1934 quem
3185 1864 3265 1918 eis
3303 1861 3568 1916 Conditor
3612 1862 3696 1915 in-

2118 1960 2282 2025 dixit,
2331 1965 2385 2014 et
2434 1960 2579 2015 sicut
2611 1973 2674 2012 ea
2721 1955 3008 2021 fundavit;
3036 1957 3192 2025 juxta
3221 1955 3354 2008 illud
3390 1953 3557 2008 divini
3591 1951 3700 2004 Da-

2117 2049 2260 2106 vidis
2302 2067 2316 2104 :
2348 2048 2556 2103 Lunam
2608 2058 2657 2104 et
2707 2047 2917 2113 stellas,
2949 2063 3066 2116 qua?
3105 2056 3158 2099 tu
3193 2046 3432 2115 fundasti
3467 2047 3506 2098 ί.
3559 2043 3694 2097 Nam

2119 2141 2307 2205 verbo,
2363 2140 2638 2210 fundasti,
2693 2139 2906 2193 ordinis
2947 2137 3273 2207 tenerisque
3330 2136 3465 2206 ipsis
3505 2149 3534 2187 a
3585 2133 3696 2188 Deo

2119 2235 2372 2289 concessi
2429 2232 2743 2286 ﬁrmitatem
2791 2237 2845 2283 et
2891 2228 3260 2284 constantiam
3322 2223 3694 2295 significavit;

2119 2334 2242 2374 cum
2291 2336 2355 2374 ea
2402 2319 2656 2374 statuerit
2701 2319 2755 2372 in
2805 2325 3075 2388 tempora,
3105 2324 3160 2372 et
3201 2316 3379 2385 signa,
3411 2322 3466 2368 et
3498 2328 3693 2367 annos.

2118 2409 2223 2465 Per
2269 2412 2439 2466 solem
2483 2411 2630 2464 enim
2665 2417 2906 2479 quatuor
2959 2416 3341 2478 tempestates,
3375 2407 3696 2461 conversio-

2118 2518 2287 2557 ncsve
2330 2503 2748 2558 constituuntur
2789 2519 2803 2554 :
2842 2515 3075 2570 quarum
3127 2499 3304 2569 prima
3354 2513 3518 2553 verna
3577 2507 3696 2561 est;

2119 2609 2227 2664 qua
2270 2594 2528 2647 nimirum
2568 2592 2710 2649 Deus
2737 2592 2986 2646 condidit
3025 2592 3282 2645 universa
3308 2592 3328 2622 ¹
3359 2609 3374 2645 :
3411 2590 3576 2658 idque
3600 2589 3696 2642 dc—

2118 2685 2329 2740 clarant
2387 2685 2688 2739 etiamnum
2745 2683 2908 2739 tiores
2960 2698 3089 2738 vere
3149 2682 3502 2753 pullulautcs.
3577 2679 3699 2734 lla-c

2119 2784 2303 2830 autem
2351 2777 2664 2840 conversio,
2714 2775 3118 2845 :rquinoetialis
3180 2773 3384 2827 dicitur
3433 2790 3447 2825 :
3496 2772 3700 2841 quippe

2119 2880 2245 2920 cum
2277 2865 2420 2919 diem
2440 2865 2729 2919 duodecim
2770 2865 3054 2927 horarum,
3087 2862 3449 2930 totidemque,
3476 2869 3696 2913 noctem

2122 2955 2379 3010 elliciant.
2400 2957 2574 3010 Porro
2598 2956 2691 3009 illa
2715 2970 2779 3010 ex
2804 2955 2989 3008 medio
3015 2954 3148 3008 solis
3171 2960 3295 3006 ortu
3315 2951 3694 3013 constituitur,

2123 3047 2437 3117 optimaque
2481 3047 2736 3115 temperie
2767 3054 2870 3109 est,
2915 3045 3236 3114 sanguinem
3281 3057 3508 3112 augens,
3542 3043 3679 3096 cali-

437 3130 520 3201 τῷ
543 3129 776 3201 χειμῶνί
803 3147 862 3183 τε
886 3131 982 3184 καὶ
1005 3130 1082 3200 τῷ
1109 3129 1258 3201 θέρει
1292 3147 1307 3162 ο
1332 3129 1426 3183 τοῦ
1453 3131 1553 3201 μὲν
1589 3131 1859 3202 χειμῶνος
1888 3133 2014 3204 Osp-

2122 3139 2297 3204 daque
2321 3145 2375 3192 et
2408 3137 2630 3191 humida
2675 3146 2838 3206 atque
2869 3138 3013 3192 inter
3042 3136 3273 3191 hiemem
3312 3142 3366 3189 et
3399 3143 3683 3199 aestatem;

443 3223 651 3292 μοτέρα
702 3222 798 3274 καὶ
829 3221 1118 3294 ξηροτέρα,
1148 3220 1240 3274 τοῦ
1269 3221 1326 3274 δὲ
1371 3221 1562 3293 θέρους
1588 3222 1900 3293 ψυχροτέρα
1922 3226 2018 3279 καὶ

441 3312 714 3384 ὑγροτέρα
730 3331 744 3344 ο
769 3311 1025 3367 διατείνέι
1047 3312 1105 3366 δὲ
1127 3312 1310 3383 αὐτὴὴ
1338 3311 1478 3384 ὥρα,
1502 3313 1613 3367 ἀπὸ
1636 3315 1882 3386 Μαρτίου
1911 3316 2006 3369 καὶ

447 3404 642 3482 μέχρις
684 3404 1035 3458 ἰουνίου.κδ’.
1081 3399 1214 3458 Εἶτα
1245 3404 1557 3476 ὑψουμένης
1608 3406 1711 3474 τῆς
1741 3406 1836 3458 τοῦ
1864 3407 2016 3478 ἡλίου

442 3496 706 3566 ἀνατολῆς
735 3497 826 3549 ἐπὶ
879 3495 949 3548 τὰ
989 3495 1305 3568 βορειότερα
1339 3497 1504 3567 μέρη,
1543 3499 1577 3568 ἡ
1609 3495 1795 3569 οερινὴ
1840 3499 2018 3571 τροπὴ

441 3587 766 3657 διαδέχεται,
819 3586 1184 3657 μεσιτεύουσα
1236 3587 1314 3657 τῷ
1352 3605 1412 3641 τε
1449 3588 1570 3660 ἔαρι
1608 3590 1702 3643 καὶ
1737 3590 1815 3658 τῷ
1858 3607 2020 3660 μετο-

443 3675 646 3749 πώρῳ·
677 3680 741 3732 ὲκ
775 3679 874 3748 μὲν
921 3677 1016 3731 τοῦ
1067 3677 1230 3747 ἔαρος
1263 3677 1324 3730 τὸ
1369 3676 1574 3747 Θερμὸν
1606 3679 1829 3748 ἔχουσα,
1875 3681 1938 3732 ὲκ
1962 3680 2019 3731 δὲ

443 3769 540 3824 τοῦ
569 3769 890 3841 μετοπώρου
920 3768 982 3822 τὸ
1007 3767 1188 3840 ξηρόνῖ
1226 3767 1406 3840 Θερμὴ
1433 3768 1698 3838 γάρὲστι,
1729 3770 1823 3821 καὶ
1855 3767 2017 3838 ξηρὰ,

444 3862 542 3916 καὶ
569 3862 669 3932 τὴν
692 3860 890 3930 ξανθὴν
923 3859 1078 3927 αῠξει
1123 3860 1304 3932 χολήν.
1349 3860 1498 3930 Αὕτη
1537 3860 1593 3913 δὲ
1621 3861 1886 3931 μεγίστην
1921 3860 2030 3930 μὲν.

444 3951 545 4022 τὴν
569 3951 783 4022 ἡμέραν
817 3950 950 4020 ἔχει,
1008 3949 1168 4021 ὡρῶν
1227 3956 1322 4002 ts"
1392 3949 1491 4019 τὴν
1552 3949 1609 4001 δὲ
1659 3948 1831 4002 νύκτα
1875 3950 2018 4004 πάνυ

447 4041 840 4114 σμικροτάτην,
892 4041 1051 4112 ὡρῶν
1083 4041 1236 4093 ἐννέα
1273 4039 1549 4110 διάστημα
1603 4039 1851 4108 ἔχουσαν.
1910 4040 2021 4092 Καὶ

446 4134 587 4204 αὕτη
631 4133 689 4186 δὲ
750 4133 1004 4186 διατείνει
1068 4131 1175 4186 ἀπὸ
1237 4131 1456 4184 Ἰουνίου
1511 4130 1590 4183 κδ’
1635 4131 1795 4200 μέχρι
1849 4130 2019 4201 μηνὸς

446 4224 824 4296 Σεπτεμϐρίου
858 4229 955 4277 κε’.
989 4219 1123 4277 Εἶτα
1153 4223 1314 4277 πάλιν
1374 4223 1454 4286 είς
1485 4221 1584 4291 τὴν
1629 4222 1801 4291 μέσην
1827 4223 2021 4275 ἀνατο-

446 4313 549 4384 λὴν
580 4312 673 4367 τοῦ
701 4314 853 4384 ἡλίου
876 4313 1211 4376 ἐπανιόντος,
1265 4314 1298 4383 ἡ
1343 4311 1693 4382 μετοπωρινὴ
1720 4311 1896 4384 τροπὴ
1924 4310 2022 4382 τὴν

2124 3228 2361 3282 hiemem
2393 3228 2574 3281 calore
2623 3234 2677 3282 ct
2728 3226 2998 3291 siccitate,
3051 3233 3295 3280 aestatem
3334 3223 3609 3295 t'rigedihc
3644 3234 3702 3279 et

2124 3315 2449 3373 humiditate
2477 3331 2870 3388 superansque.
2899 3315 3026 3370 llaec
3053 3331 3179 3385 pars
3202 3331 3229 3368 a
3247 3317 3504 3369 vicesimo
3523 3315 3701 3384 primo

2123 3407 2305 3464 Martii
2337 3418 2408 3463 ad
2460 3410 2777 3465 vicesimum
2812 3417 3071 3478 quartum
3113 3405 3262 3461 Junii
3308 3409 3697 3477 expert-igitur.

2125 3501 2331 3557 Deinde
2363 3516 2497 3556 vero
2551 3502 2687 3557 solis
2720 3509 2846 3555 ortu
2893 3498 2959 3554 ad
3010 3499 3469 3569 septentrionales
3514 3507 3701 3568 partes

2124 3591 2292 3646 altius
2360 3601 2706 3662 assurgentc,
2762 3591 3062 3646 soISIitium
3116 3590 3367 3644 mstivum
3430 3591 3698 3654 succedit,

2123 3680 2273 3750 quod
2304 3681 2448 3735 inter
2478 3697 2576 3735 ver
2604 3689 2658 3736 et
2689 3689 3015 3735 autumnum
3050 3683 3230 3734 locum
3258 3681 3494 3734 medium
3530 3690 3700 3748 tenet,

2123 3786 2152 3825 a
2187 3787 2315 3826 vero
2345 3773 2618 3835 calorem,
2656 3773 2725 3825 ab
2767 3779 3037 3826 autumno
3097 3771 3404 3826 siceitatem
3469 3771 3698 3828 halens.

2121 3859 2308 3914 Calida
2367 3875 2619 3929 namque,
2653 3868 2707 3914 et
2750 3860 2900 3915 sicca
2935 3867 3022 3915 cst
3052 3867 3216 3915 testas
3244 3897 3260 3921 ,
3294 3867 3347 3914 et
3379 3859 3530 3914 ﬂava:
3572 3861 3701 3915 bilis

2123 3951 2516 4006 incrementum
2557 3951 2714 4022 165
2778 3950 2929 4006 facit.
2977 3949 3156 4019 linjtis
3211 3964 3375 4019 porro
3434 3949 3702 4005 maximus

2123 4043 2243 4098 dies
2269 4041 2581 4112 quindecim
2647 4044 2814 4096 horas
2868 4042 3255 4110 complectitur
3298 4060 3310 4095 :
3357 4056 3458 4094 nox
3533 4057 3698 4109 quam

2123 4134 2450 4190 brevissima
2473 4149 2664 4190 novem
2699 4135 2958 4188 horarum
2991 4134 3170 4202 spatio
3198 4131 3484 4187 definitur.
3526 4131 3703 4202 Atque

2125 4226 2240 4280 haec
2287 4239 2508 4295 quoque
2543 4239 2574 4277 a
2621 4232 2821 4294 quarto
2860 4234 2916 4280 et
2964 4223 3230 4279 vicesimo
3276 4222 3427 4278 Junii
3477 4221 3596 4285 die,
3634 4223 3700 4276 ad

2123 4317 2376 4388 quintum
2405 4324 2460 4372 et
2484 4316 2810 4372 vicesimum
2847 4313 3188 4386 Septembris
3217 4315 3469 4385 pertinet.
3505 4313 3700 4369 Postea

448 4404 669 4476 θερινὴν
705 4403 946 4475 ἀμείϐει,
975 4403 1154 4474 μέσως
1187 4421 1303 4468 πως
1326 4403 1527 4473 ἔχουσα
1559 4401 1773 4472 ψύξεώς
1806 4419 1886 4466 τε,
1927 4402 2015 4457 καὶ

2126 4411 2242 4467 sole
2267 4425 2465 4465 rursus
2491 4409 2560 4463 ad
2595 4408 2837 4464 medium
2869 4419 3051 4464 ortum
3081 4407 3444 4477 regretlicute.
3482 4414 3704 4461 autum-

451 4496 681 4568 θέρμης,
747 4493 1042 4568 ξηρότητος
1090 4513 1168 4557 τε,
1216 4497 1312 4548 καὶ⁵
1356 4495 1676 4566 ὑγρότητος,
1731 4494 1827 4547 καὶ
1867 4511 2015 4564 μεσι-

2127 4502 2268 4557 nalis
2291 4499 2584 4556 conversio
2608 4500 2850 4554 aestivam
2883 4498 3110 4568 excipit,
3143 4497 3318 4550 media
3343 4495 3680 4562 quodammo

450 4578 685 4642 τεῦουσα
713 4591 780 4659 τῇ
801 4605 860 4642 τε
895 4587 1102 4659 θερινῇ,
1161 4587 1258 4641 καὶ
1291 4589 1358 4658 τῇ
1407 4588 1690 4658 χειμερινῇ
1723 4587 1921 4657 τροπῇ,
1959 4587 2015 4638 ἐκ

2123 4594 2194 4649 do
2225 4593 2364 4647 inter
2407 4592 2582 4662 frigus
2633 4601 2686 4646 et
2735 4591 2999 4654 calorem,
3048 4588 3464 4654 siccitatemque
3503 4593 3556 4638 ct
3597 4583 3703 4636 hu-

454 4679 554 4749 μὲν
579 4682 680 4751 τῆς
709 4678 930 4752 Θερινῆς
958 4680 1017 4732 τὸ
1051 4679 1236 4751 ξηρὸν,
1268 4679 1334 4732 ὲκ
1383 4679 1439 4731 δὲ
1485 4679 1584 4748 τῆς
1617 4679 1937 4749 χειμερινῆς
1963 4677 2015 4731 τὲ

2122 4699 2352 4748 morem,
2372 4690 2536 4752 atque
2563 4682 2706 4736 inter
2723 4681 2967 4736 aestivam
2997 4687 3052 4734 et
3075 4678 3362 4732 hibernam
3409 4681 3703 4742 tempesta-

447 4771 658 4842 ψυχρὸν
690 4771 908 4841 ἔχουσα.
935 4771 1135 4842 ὶΙ³“υχρά
1159 4771 1268 4842 γάρ
1299 4772 1415 4824 ἐστι
1451 4771 1545 4825 καὶ
1575 4770 1736 4841 ξηρὰ,
1768 4770 1934 4841 χολῆς
1965 4789 2015 4824 τε

2122 4783 2204 4830 tes
2238 4773 2556 4842 interiecta;
2608 4773 2677 4826 ab
2739 4776 2928 4828 azstiva
2973 4768 3229 4824 videlicet
3270 4765 3600 4825 siccitatem,
3637 4761 3714 4814 ab

453 4865 715 4934 μελαίνης
743 4863 1011 4936 αὐξητικὴ
1041 4865 1307 4933 πέφυκεν.
1344 4862 1494 4935 Αὕτη
1527 4863 1690 4916 πάλιν
1728 4862 2015 4934 ἰσημερινὴ

2123 4867 2354 4921 hiberna
2403 4865 2724 4934 frigcdinem
2761 4863 2988 4917 habens.
3035 4859 3254 4930 Frigida
3284 4858 3428 4912 enim
3460 4865 3515 4911 et
3558 4853 3707 4908 sicca

449 4956 626 5026 τροπὴ
647 4957 905 5029 ὑπάρχει,
953 4957 1161 5010 δώδεκα
1203 4955 1364 5027 ὡρῶν
1409 4957 1508 5026 τήν
1551 4973 1613 5008 τε
1659 4954 1900 5026 ἡμέραν,
1930 4955 2015 5007 καὶ

2129 4967 2234 5024 est,
2269 4965 2554 5026 atramque
2591 4955 2754 5010 bilem
2789 4969 2992 5024 augere
3025 4954 3183 5008 solet.
3218 4951 3395 5019 Atque
3425 4949 3538 5001 hzec
3575 4959 3704 5000 rur—

451 5047 553 5116 τὴν
571 5047 739 5103 νύκτα
782 5049 1012 5122 ἔχουσαν
1032 5066 1046 5081 ⁶
1097 5048 1356 5103 διατείνει
1385 5047 1442 5100 δὲ
1469 5046 1608 5116 αὕτη
1648 5047 1755 5099 ἀπὸ
1783 5047 2015 5116 Σεπτεμ-

2133 5063 2228 5104 sus
2244 5045 2648 5117 tequinoetialis
2666 5044 2959 5099 conversio
2985 5043 3214 5102 dicitur.
3244 5049 3304 5094 ut
3336 5055 3460 5110 qua:
3497 5037 3704 5090 duodc-

454 5138 611 5212 ὁρίου
637 5147 736 5209 κε’,
766 5142 931 5216 μέχρι
987 5140 1326 5212 Δεκεμϐρίου
1361 5137 1458 5194 κε’.
1523 5137 1630 5191 Τοῦ
1659 5138 1715 5190 δὲ
1751 5137 1902 5207 ἡλίου
1939 5137 2015 5188 ὲπῚ

2135 5139 2243 5192 cim
2265 5137 2555 5202 horarum,
2586 5143 2700 5190 tum
2731 5133 2899 5202 diem,
2936 5141 3051 5190 tum
3081 5138 3295 5187 noctem
3321 5130 3539 5186 habeat.
3565 5127 3704 5182 Pro-

531 5297 552 5331 ⁸
577 5296 721 5354 Psal.
745 5313 866 5363 vm,
899 5299 952 5354 Α.
1030 5297 1049 5327 ²
1070 5297 1238 5351 Basil.
1277 5295 1422 5352 hom.
1457 5292 1490 5348 6
1513 5291 1565 5346 in
1598 5289 1856 5345 llexaem.

1712 5412 1946 5467 γιῐιιΑι
1983 5407 2390 5466 LECTIONES.

530 5563 550 5598 ί
577 5559 690 5616 Cod
721 5560 875 5614 Colb.
912 5556 1069 5617 4780,
1096 5566 1151 5609 et
1185 5553 1241 5609 S.
1287 5554 1392 5605 ilil.
1428 5551 1676 5620 planetas
1695 5549 1882 5604 eodem
1923 5565 1986 5604 ac
2020 5545 2397 5620 edita_ordine
2429 5546 2851 5620 recenset,_s_ed
2910 5546 3144 5620 singulis
3197 5547 3410 5620 metalla
3465 5549 3705 5618 singula,

457 5646 578 5700 qua!
599 5631 918 5685 eorumdcm
969 5626 1174 5700 iuﬂusu
1214 5617 1459 5700 generari
1498 5621 1776 5700 dicuntur,
1802 5622 2086 5700 assignant
2116 5637 2133 5700 ξ
2171 5617 2355 5700 ἣλιος)
2389 5617 2585 5700 χρυσός
2611 5617 2881 5700 Ἠσειλκὴνη,
2920 5617 3198 5700 aqua“;
3241 5617 3702 5700 -Z3b.:-.AEE61}P9;.:

471 5685 1288 5772 ’l-Ippﬁg,_a_caecnapo;'_"Apﬁc,
1317 5692 1671 5764 ὑδράργυρος,
1711 5685 2014 5761 ’Λφροδίτη,
2045 5685 2262 5760 χαλκός·
2297 5686 2526 5759 Κρόνος,
2567 5685 2845 5756 μόλυϐδος.
2945 5685 2970 5724 α
2992 5685 3126 5743 Cod.
3160 5688 3314 5743 Colb.
3339 5688 3516 5756 4780;
3553 5685 3707 5758 Regii

459 5766 590 5839 tres,
616 5766 670 5829 et
700 5768 765 5827 Ν.
791 5766 1215 5838 δημιουργήσας.
