4014 6202
404 319 502 383 801

1578 322 1639 382 S.
1679 317 1998 382 JOANNIS
2031 318 2460 379 DAMASCENI

3547 324 3682 390 892

405 431 650 488 tenditur
693 436 872 486 autem
914 445 978 485 ea
1030 445 1058 484 a
1105 431 1369 486 vicesimo
1395 429 1588 498 quinto
1631 430 1972 500 Septembris

2095 429 2172 499 τὴν
2202 430 2534 499 μικροτέραν
2559 429 2650 483 καὶ
2680 429 3132 502 χθαμαλωτέραν,
3167 434 3286 505 ἦτοι
3321 433 3418 505 τὴν
3438 452 3668 507 μεσημ-

405 524 472 578 ad
508 522 827 576 vicesimum
855 522 1108 591 quintum
1169 521 1510 574 Decembris.
1549 519 1684 572 Tum
1742 521 1859 574 sole
1907 519 1974 574 ad

2079 519 2270 590 ὀρινὴν
2299 520 2565 591 ἀνατολὴν
2587 523 2891 588 κατιόντος,
2939 525 2972 593 ή
3031 528 3316 595 χειμερινὴ
3345 528 3670 599 ἐπιλαμϐά-

404 611 723 667 inferiorem
751 612 1263 682 demissioremque,
1301 613 1403 665 hoc
1437 619 1522 665 est
1562 611 1975 664 meridionalem

2095 626 2228 662 ιεται
2258 609 2451 679 τροπή,
2474 610 2658 681 ψυχρά
2702 628 2761 664 τε
2783 621 2808 648 '
2841 613 2935 666 καὶ¹
2969 614 3114 685 ὑγρὰ
3159 617 3528 686 τυγχάνουσα.
3563 621 3672 672 καὶ

406 713 611 768 ortum,
657 703 893 770 labente,
935 704 1168 759 hiemale
1221 704 1516 759 solstitium
1561 718 1627 756 ac
1677 712 1976 771 tempestas

408 795 592 863 subit;
640 810 762 865 qua:
803 795 1006 865 frigida
1049 805 1105 849 et
1164 795 1388 850 humida
1437 801 1555 857 est,
1610 795 1786 848 media
1835 795 1980 848 inter

409 887 778 941 autumnalem
813 895 868 941 et
901 901 1121 941 vernam
1151 887 1434 958 qualitate.
1486 886 1610 940 llaec
1651 900 1817 954 porro
1860 885 1981 939 bre-

406 979 694 1034 vissimum
753 977 940 1041 diem,
996 994 1190 1032 novem
1253 977 1539 1040 horarum,
1605 976 1979 1044 longissimam

407 1078 647 1133 noctem,
675 1069 983 1139 quindecim
1009 1069 1197 1131 habet,
1227 1084 1290 1123 ac
1315 1069 1564 1138 pituitam
1591 1075 1747 1136 auget
1773 1083 1786 1120 :
1820 1075 1983 1134 atque

407 1177 440 1216 a
475 1161 790 1216 Decembris
820 1162 1015 1230 quinto
1048 1169 1102 1215 et
1130 1160 1394 1214 vicesimo
1427 1159 1517 1212 die
1545 1160 1608 1210 ad
1661 1158 1894 1227 primum
1930 1166 1983 1212 et

405 1252 730 1305 vicesimum
755 1266 928 1319 usque
950 1249 1123 1303 Martii
1151 1265 1209 1304 se
1237 1250 1488 1319 porrigit.
1520 1249 1808 1316 Sapienter
1837 1247 1980 1301 enim

409 1355 440 1392 a
471 1353 653 1391 rerum
679 1337 976 1392 Conditore
1003 1339 1281 1408 provisum
1300 1346 1416 1392 est:
1445 1355 1510 1391 ne
1538 1338 1742 1406 alioqui
1775 1351 1804 1389 a
1834 1353 1984 1389 sum-

410 1445 504 1484 mo
535 1430 760 1499 frigore,
799 1437 892 1483 aut
924 1431 1128 1494 calore,
1169 1424 1262 1483 aut
1298 1431 1644 1495 Itutniditate,
1682 1437 1776 1481 aut
1823 1430 1983 1481 sicci-

409 1529 542 1584 tate,
608 1520 674 1572 ad
745 1527 988 1573 extreme
1044 1521 1378 1574 contrariam
1449 1521 1767 1590 qualitatem
1805 1526 1986 1572 trans-

409 1614 637 1668 euntes,
679 1605 732 1658 in
768 1620 964 1673 graves
1001 1606 1222 1660 morbos
1277 1608 1601 1660 incidaums.
1639 1604 1986 1659 Periculosas

409 1700 554 1752 enim
581 1712 704 1751 esse
733 1699 1061 1766 repentinas
1085 1696 1418 1752 mutationes
1453 1700 1665 1752 ratione
1717 1697 1834 1766 ipsa
1876 1696 1978 1751 do-

410 1805 624 1845 cellllﬂ‘.

481 1882 563 1935 Ad
597 1883 744 1937 hunc
777 1883 964 1953 itaque
993 1883 1210 1938 modum
1259 1885 1339 1938 sol
1379 1895 1614 1954 quatuor
1667 1884 1986 1939 conversio-

409 1990 536 2038 nes,
566 1990 770 2045 perque
805 1990 900 2030 eas
935 1992 1137 2029 annum
1163 1976 1359 2041 cﬂicit;
1395 1979 1512 2032 dies
1552 1979 1678 2030 item
1713 1986 1765 2032 et
1801 1989 1991 2032 noctes

413 2067 698 2120 constituit
731 2085 744 2121 :
778 2067 918 2131 dies,
952 2067 1199 2136 inquam,
1238 2084 1362 2121 cum
1416 2071 1684 2134 exoritur,
1736 2077 1787 2122 et
1820 2083 1989 2138 supra

414 2167 617 2210 terram
638 2157 888 2223 exsistit;
915 2168 1126 2219 noctes,
1155 2175 1278 2212 cum
1318 2168 1474 2214 terra:
1509 2161 1656 2214 subit
1681 2168 1733 2212 et
1765 2161 1992 2224 occidit,

413 2248 804 2318 sideribusque
836 2251 984 2315 aliis,
1036 2251 1176 2304 luna:
1202 2253 1460 2305 nimirum
1494 2261 1556 2306 et.
1575 2252 1748 2306 stellis
1782 2262 1839 2305 ut
1866 2251 1992 2305 illu-

412 2348 594 2404 ceam,
626 2340 898 2396 concedit.

484 2429 651 2499 Signa
683 2431 956 2486 duodecim
988 2433 1289 2487 zodiacL—
1311 2434 1478 2487 Aiunt
1510 2433 1676 2488 etiam
1706 2431 1991 2485 duodecim

412 2519 471 2573 in
503 2521 645 2575 caelo
678 2521 835 2592 signa
871 2538 938 2579 ex
965 2526 1130 2578 astris
1159 2540 1304 2589 esse,
1327 2525 1647 2578 animalium
1676 2523 1994 2576 nominibus

414 2621 758 2681 nuncupata,
791 2630 913 2682 quae
963 2625 1178 2677 contra,
1225 2631 1288 2670 ac
1322 2617 1426 2682 sol,
1454 2624 1505 2669 et
1539 2616 1668 2668 luna
1699 2615 1995 2681 caeteriqne

413 2712 668 2759 errantes
691 2717 1034 2772 moveantur;
1084 2725 1178 2778 per
1214 2723 1390 2778 eaque
1437 2709 1591 2778 signa
1629 2715 1835 2776 septem
1875 2705 1992 2773 pla-

416 2803 574 2849 netas
609 2799 869 2852 transire.
911 2799 1075 2868 Atqui
1133 2801 1214 2854 sol
1265 2799 1484 2867 quidem
1550 2799 1604 2850 in
1663 2811 1992 2865 unoquoque

418 2886 578 2956 signo
603 2903 843 2943 mensem
880 2907 1044 2943 unum
1083 2891 1315 2959 perﬁcit,
1358 2890 1647 2944 duodecim
1689 2889 1842 2956 signa
1870 2886 1991 2940 toti-

416 2979 539 3035 dem
577 2981 867 3038 mensibus
908 2995 1181 3055 pr-ragrat.
1246 2981 1449 3038 llorum
1497 2995 1663 3053 porro
1711 2980 1994 3051 signorum

415 3072 637 3127 nomina
671 3073 784 3128 haec
813 3085 960 3137 sunt,
992 3076 1154 3145 hique
1183 3091 1373 3129 eorum
1399 3091 1637 3130 menses.

484 3167 667 3231 Aries,
700 3185 886 3224 mense
914 3170 1132 3235 Martio,
1158 3170 1248 3225 die
1286 3171 1350 3223 2l
1391 3171 1564 3225 solem
1591 3170 1812 3242 excipit.

487 3263 723 3325 Taurus,
762 3280 945 3318 mense
985 3267 1181 3332 Aprili,
1223 3265 1309 3319 die
1339 3265 1432 3318 25.

488 3354 725 3416 Gemini,
751 3372 938 3409 mense
971 3357 1132 3420 Maio,
1165 3359 1252 3411 die
1274 3359 1366 3413 24.

485 3448 722 3511 Cancer,
761 3466 944 3504 mense
973 3450 1160 3516 Junio,
1190 3454 1278 3507 die
1304 3454 1394 3510 2-5.

487 3543 618 3608 Leo,
657 3560 844 3600 mense
870 3545 1040 3611 Julio,
1072 3548 1160 3602 die
1197 3549 1292 3604 25.

487 3636 680 3709 Virgo,
711 3655 899 3695 mense
921 3641 1190 3712 Augusto,
1211 3643 1299 3696 die
1329 3644 1418 3697 25.

486 3733 676 3798 Libra,
717 3750 904 3790 mense
937 3737 1270 3805 Septembri,
1297 3738 1385 3792 die.
1407 3739 1497 3792 25.

486 3829 774 3901 Scorpius,
808 3845 997 3886 mense
1026 3830 1269 3898 Octobri,
1305 3833 1394 3888 die
1423 3833 1513 3887 25.

490 3925 816 3997 Sagitarius,
856 3942 1043 3982 mense
1073 3925 1390 3994 Novembri,
1433 3929 1521 3985 die
1548 3930 1638 3985 25.

487 4053 882 4122 Capricornus,
921 4070 1108 4110 mense
1135 4055 1446 4121 Decembri,
1483 4057 1572 4112 die
1596 4057 1688 4112 25.

486 4169 782 4240 Aquarius,
815 4188 1003 4228 mense
1034 4172 1321 4238 Januario,
1360 4174 1450 4229 die
1476 4174 1568 4230 25.

490 4263 699 4332 Pisces,
739 4281 926 4322 mense
959 4267 1284 4334 Februario,
1316 4270 1405 4325 die
1437 4269 1530 4323 24.

491 4361 655 4418 Luna:
702 4380 888 4418 cursus
928 4365 1241 4419 brevior.—
1271 4366 1342 4420 At
1372 4382 1503 4422 vero
1552 4365 1704 4433 luna,
1760 4375 1816 4422 ut
1871 4384 1993 4438 qum

2018 3125 2064 3185 Ο
2097 3153 2288 3228 Κριὸς,

2083 702 2440 771 μεσιτεύουσα
2467 704 2532 772 τῇ
2563 718 2624 755 τε
2663 707 3035 775 μετοπωρινῇ,
3085 706 3182 759 καὶ
3208 710 3273 777 τῇ
3321 709 3514 780 ἐαρινῇ
3544 725 3557 741 ι
3599 711 3686 764 ὲκ-

2083 794 2182 863 μὲν
2206 795 2304 864 τῆς
2339 794 2716 864 μετοπωρινῆς
2765 796 2826 847 τὸ
2869 796 3076 867 ψυχρὸν
3107 799 3340 868 ἔχουσα,
3375 803 3439 855 ὲκ
3469 803 3526 855 δὲ
3561 804 3677 872 τῆς

2081 885 2302 954 ἐαρινῆς
2324 884 2383 937 τὸ
2405 885 2570 954 ὑγρὸν
2617 886 2950 956 κεκτημένη.
2983 887 3131 959 Αὕτη
3166 889 3224 942 δὲ
3286 893 3678 962 σμικροτάτην

2087 976 2184 1045 μὲν
2211 977 2310 1044 τὴν
2341 976 2551 1047 ἡμέραν
2599 975 2732 1046 ἔχει,
2773 976 2931 1048 ὡρῶν
2957 979 3116 1034 ἐννέα
3163 981 3539 1054 ὑπάρχουσαν,
3563 986 3676 1052 τὴν

2082 1066 2139 1119 δὲ
2169 1063 2341 1118 νύκτα
2375 1067 2661 1137 μεγίστην,
2681 1065 2840 1138 ὡρῶν
2856 1067 3672 1140 ὑπάρχουσανπεντεκαίδεκα·

2084 1157 2394 1226 φλέγματος
2421 1156 2476 1208 δὲ
2515 1155 2655 1228 αὕτη
2701 1159 2936 1229 ὑπάρχει
2967 1161 3236 1233 αὐξητικὴ
3264 1177 3278 1190 ·
3314 1163 3572 1217 διατείνει
3615 1165 3675 1217 δὲ

2084 1250 2178 1301 καὶ
2233 1247 2372 1318 αὕτη
2422 1248 2530 1301 ἀπὸ
2562 1247 2900 1320 Δεκεμὸρίου
2927 1251 3005 1304 κε’
3034 1253 3230 1324 μέχρις
3274 1255 3355 1308 κα⁹
3389 1257 3670 1326 Μαρτίου.

2084 1338 2269 1408 Σοφῶς
2297 1339 2408 1408 γὰρ
2452 1341 2480 1391 ὁ
2521 1342 2858 1412 Δημιουργὸς
2879 1345 3274 1413 προενοήσατο,
3300 1346 3373 1408 ὡς
3395 1347 3461 1399 ἂν
3498 1340 3576 1416 μή
3609 1348 3671 1413 ἐξ

2084 1431 2259 1500 ἄκρας
2318 1430 2682 1502 ψυχρότητος,
2719 1432 2756 1502 ἢ
2782 1433 3142 1506 θερμότητος,
3190 1437 3223 1506 ἦ
3262 1438 3586 1508 ὑγρότητος,
3633 1440 3668 1509 ἢ

2087 1519 2398 1591 ξηρότητος,
2427 1523 2532 1574 ἐπὶ
2547 1521 2642 1592 τὴν
2669 1522 2844 1594 ἄκραν
2885 1526 3135 1579 ἐναντίαν
3189 1529 3478 1598 ἐρχόμενοι
3509 1532 3668 1583 ποιό-

2087 1629 2246 1682 τητα,
2274 1614 2529 1683 χαλεποῖς
2563 1614 2952 1685 περιπέσωμεν
2985 1619 3389 1689 ἀρῤωστήμασι
3422 1638 3435 1650 ·
3464 1623 3664 1690 etpala-

2091 1703 2193 1777 ρὰς
2225 1706 2336 1777 γὰρ
2364 1705 2461 1770 τὰς
2491 1704 2790 1775 αἰφνιδίους
2822 1708 3138 1777 μεταϐολὰς,
3170 1706 3311 1765 οἶδεν
3341 1714 3369 1764 ὁ
3400 1716 3574 1783 λόγος.

2163 1880 2317 1935 Οὕτω
2359 1881 2457 1950 μὲν
2505 1875 2598 1936 οὖν
2647 1883 2676 1936 ό
2713 1881 2861 1953 ἣλιος
2883 1883 2982 1948 τὰς
3018 1887 3244 1957 τροπὰς,
3278 1889 3370 1942 καὶ
3389 1889 3455 1943 δι’
3483 1891 3666 1945 αὐτῶν

2089 1970 2181 2025 τὸν
2221 1972 2464 2025 ἐνιαυτὸν
2495 1972 2888 2043 ἀπεργάζεται,
2937 1977 3033 2030 καὶ
3075 1977 3173 2040 τὰς
3205 1979 3414 2050 ἡμέρας
3449 1981 3526 2044 δὲ,
3561 1985 3659 2036 καὶ

2088 2063 2188 2126 τὰς
2210 2062 2410 2127 νύκτας
2429 2079 2444 2092 ·
2467 2065 2567 2126 τὰς
2598 2065 2695 2134 μὲν
2722 2066 3048 2132 ἀνατέλλων,
3082 2070 3171 2122 καὶ
3207 2069 3342 2140 ὑπὲρ
3373 2073 3476 2139 γῆν
3507 2073 3652 2140 γινόρ

2095 2171 2274 2225 μενος,
2310 2153 2406 2216 τὰς
2438 2154 2494 2208 δὲ
2515 2154 2618 2207 ὑπὸ
2651 2155 2756 2224 γῆν
2814 2156 2983 2209 δύνων
3011 2173 3024 2186 ο
3063 2159 3156 2211 καὶ
3197 2163 3306 2222 τοῖς
3331 2161 3646 2228 ᾶλλοιςφω-

2095 2246 2310 2314 στῆρσι,
2344 2245 2553 2316 σελήνῃ,
2588 2262 2676 2313 τε,
2718 2246 2816 2299 καὶ
2864 2248 3094 2318 ἀστράσι
3114 2250 3437 2319 τὴνφαῦσιν
3474 2270 3653 2322 παρα-

2095 2331 2287 2400 χωρῶν
2319 2332 2622 2404 συνίστησι.

2161 2421 2294 2472 Φασὶ
2323 2420 2380 2473 δὲ
2412 2422 2504 2475 καὶ
2551 2422 2761 2478 δώδεκα
2815 2423 2983 2489 ζώδια
3028 2425 3088 2491 ἐξ
3120 2428 3364 2499 ἀστέρων
3425 2423 3564 2482 εἶναι
3605 2431 3667 2482 ἒν

2093 2509 2170 2580 τῷ
2210 2511 2441 2581 οὐρανῷ,
2468 2513 2716 2567 ἐναντίαν
2745 2516 2957 2584 κίνησιν
2987 2517 3180 2588 ἔχοντα
3212 2519 3291 2589 τῷ
3315 2537 3371 2572 τε
3397 2519 3554 2590 ήλίῳ,
3572 2523 3670 2574 καὶ

2094 2604 2160 2670 τῇ
2187 2602 2403 2672 σελήνῃ,
2429 2603 2648 2667 καὶτοῖς
2678 2606 2855 2671 ἄλλοις
2906 2609 3068 2661 πέντε
3100 2611 3424 2680 πλανήταις,
3462 2614 3555 2664 καὶ
3580 2611 3670 2664 διὰ

2094 2693 2202 2744 τῶν
2234 2693 2440 2746 δώδεκα
2471 2695 2674 2760 ζῳδίων
2706 2699 3076 2770 παρέρχεσθαι
3102 2703 3230 2766 τοὺς
3269 2703 3430 2756 ἑπτά.
3475 2704 3535 2756 '0
3571 2703 3670 2773 μὲν

2097 2780 2188 2837 οὖν
2213 2785 2364 2853 ἣλιος
2391 2785 2514 2838 καθ’
2541 2787 2771 2842 ἕκαστον
2817 2790 3006 2853 ζώδιον
3051 2792 3310 2846 ἀποτελεί
3361 2793 3510 2863 μῆνα
3551 2793 3670 2858 ἕνα,

2100 2876 2193 2928 καὶ
2217 2876 2303 2928 διὰ
2331 2876 2438 2928 τῶν
2480 2877 2688 2932 δώδεκα
2739 2881 2924 2951 μηνῶν
2951 2881 3020 2935 τὰ
3040 2882 3249 2936 δώδεκα
3275 2883 3443 2948 ζὼδια
3461 2884 3670 2955 διέρχε-

2097 2983 2188 3018 ται
2221 2983 2234 2998 ·
2255 2965 2363 3018 τῶν
2388 2967 2442 3020 δὲ
2476 2967 2681 3022 δώδεκα
2728 2971 2934 3036 ζῳδίων
2960 2973 3028 3028 τὰ
3048 2973 3290 3045 ὀνόματά
3319 2974 3437 3028 ἐστι
3463 2975 3638 3028 ταῦτα
3655 3013 3672 3041 ,

2100 3056 2198 3112 καὶ
2233 3057 2284 3110 οἱ
2305 3055 2510 3109 τούτων
2536 3057 2726 3128 μῆνες.

2397 3161 2512 3227 ’γ’
2565 3159 2692 3227 μηνὶ
2721 3161 2971 3232 Μαρτίῳ,
3003 3169 3110 3226 κα’,
3135 3162 3351 3234 δέχεται
3376 3165 3468 3219 τὸν
3498 3166 3677 3237 ἥλιον.

2093 3254 2325 3324 Ταῦρος,
2407 3241 2502 3330 ὅ
2555 3255 2686 3328 μηνὶ
2729 3257 3180 3330 ’Λπριλλίῳ,κγ’.

2093 3352 2334 3421 Δίδυμοι,
2396 3352 2496 3420 Π
2559 3353 2690 3421 μηνὶ
2714 3352 2894 3426 Μαΐῳ,
3089 3353 3187 3413 κδ’.

2093 3447 2726 3524 Καρκῖνος,σζδμηνὶ
2763 3453 2983 3523 Ίουνίῳ,
3093 3452 3195 3507 κδ’.

2092 3544 2265 3606 Λέων,
2394 3536 2494 3628 ﬂ
2561 3550 2690 3620 μηνὶ
2731 3548 2955 3618 Ἰουλίῳ,
3078 3553 3179 3601 κε’.

2094 3640 2386 3710 Παρθένος,
2413 3657 2537 3728 ΠΕ
2563 3645 2691 3714 μηνὶ
2708 3642 3019 3711 Αὐγούστῳ,
3062 3647 3162 3694 κε’.

2094 3740 2130 3790 Ζ
2138 3737 2284 3803 υγὸς,
2424 3753 2521 3795 :9;
2565 3739 2694 3809 μηνὶ
2718 3737 3095 3808 Σεπτεμϐρίῳ,
3110 3742 3212 3789 κε’.

2096 3833 2385 3903 Σκορπίος,
2420 3850 2529 3916 7m
2570 3833 2700 3904 μηνὶ
2743 3832 3208 3903 Ὀκ-τωϐρίῳ,κε’;

2093 3939 2346 4011 Τοξότης,
2443 3921 2500 4031 ἢ
2561 3945 2691 4014 μηνϊ
2715 3941 3025 4014 Νοεμϐρίῳ,
3062 3935 3163 3994 κε’.

2094 4057 2431 4130 Λίγόκερως,
2451 4037 2532 4162 ἔ
2565 4062 2692 4132 μηνὶ
2709 4061 3045 4133 Δεκεμϐρίῳ,
3066 4065 3162 4114 κε’.

2104 4174 2404 4244 ’Υδροχόος,
2424 4180 2522 4229 Si."
2565 4181 2694 4251 μηνὶ
2720 4179 3054 4250 Ἰανουαρίῳ.
3080 4175 3179 4232 κε’.

2107 4269 2328 4340 Ἰχθύες,
2411 4266 2506 4348 ><
2561 4274 3070 4347 μηνὶΦευρουαρίῳ.
3093 4273 3190 4327 κδ’.

2176 4369 2236 4423 Ἦ
2265 4369 2321 4423 δὲ
2343 4370 2539 4442 σελήνη
2584 4378 2632 4440 (ζ
2661 4372 2784 4426 καθ’
2821 4371 3050 4424 ἕκαστον
3075 4370 3230 4440 μῆνα
3245 4370 3318 4422 τὰ
3336 4367 3548 4422 δώδεκα
3579 4368 3681 4432 Cib-

420 4454 684 4510 inl‘eriore
730 4456 852 4510 loco
897 4459 1001 4522 sit,
1067 4457 1412 4527 celeriusque
1469 4459 1753 4512 zodiacum
1807 4461 1987 4514 orbem

2099 4460 2187 4514 δια
2206 4461 2502 4532 διέρχεται,
2549 4462 2837 4532 κατωτέρα
2869 4460 3026 4525 οὖσα,
3061 4461 3157 4514 καὶ·
3178 4459 3482 4530 ταχύτερον
3503 4459 3678 4512 ταῦτα

419 4556 691 4615 peragret,
724 4547 779 4600 in
822 4548 1070 4616 singulos
1121 4562 1344 4603 menses
1377 4556 1489 4602 tota
1518 4548 1805 4604 duodecim
1836 4551 1994 4621 signa

421 4639 714 4708 percurrit.
778 4640 936 4710 166
987 4637 1460 4704 Quemadmodum
1517 4642 1685 4708 enim,
1745 4643 1791 4698 si
1852 4644 1996 4698 intra

420 4730 632 4796 orbem,
663 4730 830 4785 alium
871 4731 1160 4800 quemdam
1203 4733 1388 4787 orbem
1423 4731 1615 4798 facias,
1651 4733 1882 4787 interior
1906 4749 1997 4788 or-

389 4810 506 4875 'bis
537 4821 630 4875 illo
662 4821 844 4876 minor
869 4822 1179 4878 invenietur
1218 4842 1231 4874 :
1272 4822 1465 4879 eodem
1512 4823 1672 4877 modo
1707 4839 1832 4878 eum
1863 4824 1992 4878 luna

2098 4552 2403 4605 διοδεόουσα
2427 4569 2440 4584 ·
2466 4553 2543 4615 ὡς
2577 4551 2685 4622 γὰρ
2739 4553 2834 4605 ἐὰν
2877 4554 3110 4626 ποιήσῃς
3150 4551 3311 4604 πόλον
3341 4551 3492 4603 ἔνδον
3516 4547 3677 4603 ἄλλον

2103 4643 2288 4704 πόλου,
2313 4643 2339 4694 ό
2370 4643 2517 4696 ἔνδον
2547 4643 2705 4707 πόλος
2731 4643 3054 4714 μικρότερος
3082 4643 3470 4713 εὑρεθήσεται·
3503 4640 3678 4700 οὕτως

2103 4735 2197 4788 καὶ
2222 4737 2249 4787 ό
2279 4734 2478 4804 δρόμος
2508 4738 2608 4805 τῆς
2635 4735 2864 4804 σελήνης
2896 4735 3212 4806 κατωτέρας
3247 4733 3439 4803 οὔσης,
3488 4728 3678 4800 ὀλιγόμ

2101 4823 2257 4893 τερός
2281 4825 2418 4885 ἐστι,
2442 4825 2538 4876 καὶ
2567 4823 2787 4878 ἀνύεται
2818 4825 3023 4894 τάχιον.

424 4913 742 4968 inferiorem
769 4914 953 4970 sedem
994 4923 1155 4969 nacta
1182 4915 1273 4980 sit,
1308 4916 1530 4970 brevius
1565 4931 1785 4985 quoque
1862 4916 2035 4985 ipsius
2110 4915 2444 4968 curriculum
2507 4915 2615 4982 sit,
2669 4917 2946 4986 citiusque
3011 4916 3338 4972 conﬁciatur
3390 4924 3674 4970 necessum

426 5015 527 5061 cst.

498 5096 684 5152 Sidera
709 5113 930 5168 quorum
961 5097 1114 5167 signa
1136 5097 1264 5151 sint.
1298 5096 1452 5150 Nihil
1481 5095 1716 5150 libertati
1745 5097 1994 5166 alliciunt,

2176 5094 2239 5146 Οί
2268 5094 2364 5161 μὲν
2391 5089 2482 5148 οὖν
2512 5093 2772 5165 Ἕλληνες
2799 5094 2908 5166 (65)
2937 5096 3023 5150 διὰ
3051 5097 3147 5166 τῆς
3177 5095 3285 5150 τῶν
3314 5096 3535 5168 ἄστρων
3553 5096 3678 5150 τοὺ-

1729 5187 1962 5241 νΑιιιΑε
2005 5187 2408 5242 LECTIONES.

500 5290 528 5321 τ
561 5279 626 5336 Β.
669 5280 704 5336 5
735 5279 894 5336 Colb.
919 5295 1088 5346 unus,
1114 5278 1240 5334 cod.
1267 5276 1325 5333 S.
1361 5276 1471 5332 "il.
1509 5277 1824 5350 ψυχροτέρα
1851 5297 1935 5332 τε.

1964 5364 2197 5422 NOTAE.

505 5469 620 5545 (65)
657 5469 719 5522 Ol
737 5467 854 5545 per
880 5462 992 5523 οὖν
1021 5468 1263 5545 ἐθνικοί.
1294 5467 1419 5545 qu
1443 5483 1576 5545 _t~ero
1596 5462 1842 5545 gentiles,
1889 5472 1998 5545 etc:

436 5535 679 5592 Gentiles
740 5535 839 5605 qui
891 5553 980 5593 res
1035 5539 1302 5593 humanas
1349 5535 1686 5592 ineluetabtli
1749 5535 2000 5605 fatorrgi

435 5603 1034 5695 putabant,‘eleganter
1069 5607 1360 5695 Nemesius'
1387 5608 1662 5695 confutat,
1703 5620 1824 5695 cap.
1854 5603 1922 5658 55
1948 5612 2001 5656 ct

435 5673 526 5741 36,
544 5690 703 5744 quem
732 5673 922 5730 Noster
946 5679 1032 5730 hic
1056 5679 1323 5746 sequitur.
1345 5677 1400 5729 Id
1421 5673 1725 5745 argumenti
1749 5673 2006 5746 frequen:

439 5756 520 5801 ter
549 5742 852 5799 tractarunt
879 5742 1151 5803 doctores
1179 5748 1273 5802 alii
1311 5765 1324 5801 ι
1361 5742 1511 5801 unde
1556 5746 1815 5820 pessime,
1858 5742 1998 5812 apud

2101 5459 2444 5514 Christianos
2481 5460 2782 5529 audierunt
2835 5458 3120 5528 astrologi.
3169 5459 3265 5529 qui
3325 5475 3389 5515 ex
3436 5462 3671 5515 siderum

2104 5530 2444 5598 inspectione
2472 5527 2782 5599 futurorum
2809 5527 3309 5598 cognitionem'sibi
3333 5537 3670 5599 arrogarunt.

2103 5600 2386 5668 Origenes,
2422 5599 2474 5650 in
2535 5598 2856 5662 P/tilocalia,
2913 5614 3036 5662 cap.
3063 5599 3154 5660 22,
3190 5599 3334 5667 quod
3377 5615 3442 5652 ex
3475 5598 3670 5654 tomol

2104 5668 2638 5724 Commentariorum
2679 5669 2802 5736 ejus
2860 5669 2913 5721 in
2972 5668 3226 5722 Genesim
3267 5678 3543 5736 sumptum
3572 5675 3670 5728 est,

2106 5741 2449 5796 demonstrat
2504 5739 2622 5794 lieri
2662 5754 2785 5812 lnon
2841 5753 3022 5808 posse,
3075 5745 3133 5792 ut
3187 5745 3336 5793 astra
3398 5753 3578 5794 rerum
3609 5748 3660 5790 et
