4014 6202
403 363 507 426 895

1587 366 1646 426 S.
1685 364 2010 426 JOANNIS
2049 367 2478 426 DAMASCENI

3574 362 3692 423 896

403 486 556 541 sunt,
591 489 711 547 qum
741 474 795 529 in
834 475 1014 544 primo
1062 490 1244 530 rerum
1292 481 1416 529 ortu
1450 487 1738 545 procreata
1792 477 1944 534 fuere
1971 493 2020 541 ε,

2132 497 2260 548 ματι
2293 479 2412 531 κατ’
2447 475 2610 530 αὐτὸν
2637 475 2830 548 καιρὸν
2855 468 3224 539 συνίστανται,
3260 475 3358 527 καὶ
3383 462 3548 528 πάλιν
3566 475 3692 527 δια-

402 583 594 623 verum
657 567 752 619 Dei
805 565 963 634 jussu
1013 565 1118 619 sub
1165 567 1345 633 ipsum
1402 573 1619 634 tempus
1667 566 1998 634 conﬂantur,

404 674 715 729 rursusque
767 657 1150 712 dissolvuntur
1172 658 1213 709 ‘.
1247 655 1701 726 Quandoquidem
1734 673 1803 712 ne
1839 659 1996 713 sidus

404 753 627 820 quidem
656 749 812 810 illud,
839 748 986 817 quod
1018 757 1157 813 tum,
1183 764 1308 803 cum
1335 749 1602 805 Dominus
1626 751 1802 805 nostri
1827 765 1995 804 causa

410 843 566 913 167
607 857 706 912 pro
734 857 834 895 sua
861 855 991 909 erga
1017 842 1268 897 homines
1288 843 1604 907 clementia,
1639 843 1997 912 ipsorumque

347 920 360 961 τ’
407 933 585 983 salute
626 931 678 982 in
727 943 896 983 carne
930 937 1097 981 natus
1127 937 1214 983 est
1266 929 1438 999 Magis
1471 932 1749 1000 apparuit,
1785 945 1892 984 non
1928 945 1996 985 ex

409 1022 520 1076 illis
545 1020 722 1074 stellis
749 1030 890 1084 eral,
919 1034 1039 1088 qua:
1064 1020 1252 1072 mundi
1282 1020 1443 1074 initio
1481 1021 1714 1075 condita:
1746 1020 1987 1075 fuerunt.

409 1111 565 1177 Quod
601 1110 821 1181 quidem
851 1111 1205 1180 perspicuum
1241 1123 1347 1178 est,
1403 1128 1469 1168 co
1515 1112 1664 1183 quod
1700 1113 1814 1178 illa,
1846 1128 1992 1167 nunc

413 1207 485 1261 ab
539 1214 664 1260 ortu
725 1205 796 1257 ad
856 1220 1159 1271 occasum,
1214 1221 1367 1260 nunc
1419 1221 1450 1259 a
1503 1206 1881 1275 septentrione
1935 1203 2002 1258 ad
2041 1215 2289 1260 austrum
2323 1209 2820 1278 progrediebatur;

2095 570 2338 624 λύονται.
2384 568 2538 620 Ἐπεὶ
2558 567 2648 620 καὶ
2679 568 2707 619 ὁ
2739 566 2884 620 κατὰ
2918 564 3020 636 τὴν
3048 566 3141 620 τοῦ
3186 566 3392 638 Κυρίου
3431 566 3498 618 δι’
3527 568 3695 637 ἡμᾶς

2096 659 2238 713 κατὰ
2294 659 2472 730 σάρκα
2523 656 2905 728 φιλάνθρωπον
2948 657 3042 709 καὶ
3096 658 3366 728 σωτήριον
3416 657 3696 727 γέννησιν

2093 752 2279 821 ὀφθεὶς
2307 754 2420 814 τοῖς
2454 751 2651 821 μάγοις
2676 749 2874 820 ἀστήρ,
2918 750 2978 802 οὗ
3018 749 3130 803 τῶν
3159 745 3238 802 ’ὲν
3272 750 3412 822 ἀρχῇ
3449 750 3699 820 γενομέ-

2095 861 2201 898 νων
2220 843 2436 914 ἄστρων
2469 839 2683 919 ἦνχξιαὶ
2711 842 2970 911 δήλον,ἐκ
2993 842 3086 894 τοῦ
3110 843 3237 894 ποτὲ
3266 842 3362 912 μὲν
3395 841 3450 907 ἐξ
3483 842 3698 894 ἀνατο-

2093 935 2191 1003 λῆς
2223 935 2313 987 ἐπὶ
2334 933 2485 986 δύσιν
2519 934 2792 986 ποιεῖσθαι
2817 938 2876 986 τδ
2904 933 3124 1004 δρόμον,
3152 934 3282 986 ποτε
3312 933 3368 985 δὲ
3401 934 3465 986 ὲκ
3499 933 3700 1026 ρορῤα

2098 1025 2190 1077 ἐπὶ
2227 1025 2378 1078 νότον
2399 1040 2416 1057 ο
2442 1025 2534 1078 καὶ
2552 1025 2681 1077 ποτὲ
2713 1025 2811 1089 μὲν
2841 1024 3204 1093 κρύπτεσθαι,
3237 1028 3366 1078 ποτε
3398 1025 3456 1078 δὲ
3498 1024 3696 1094 ἐραίνε-

2105 1115 2245 1168 σθαι.
2275 1114 2444 1166 Τοῦτο
2470 1113 2578 1184 γὰρ
2606 1114 2704 1166 οὐκ
2728 1114 2875 1167 ἔστιν
2905 1115 3122 1185 ἄστρων
3143 1115 3349 1180 τάξεως
3375 1117 3407 1187 ἦ
3440 1117 3692 1185 φύσεως.

2897 1225 3046 1264 nunc
3074 1209 3435 1264 delitescebat
3470 1252 3486 1275 ,
3537 1226 3699 1266 nunc

414 1312 478 1354 se
512 1312 708 1352 rursus
741 1295 1047 1365 prodebat:
1071 1298 1218 1366 quod
1240 1297 1462 1366 quidem
1489 1311 1518 1349 a
1546 1296 1788 1350 siderum
1810 1295 2006 1350 ordine
2034 1304 2088 1350 et
2121 1308 2316 1350 natura
2349 1297 2759 1352 dissentaneum
2801 1307 2908 1352 est.

506 1387 616 1440 Cur
639 1385 777 1440 Deus
814 1386 996 1439 lunam
1037 1403 1070 1438 α
1112 1387 1224 1440 sole
1257 1387 1491 1439 mutuari
1536 1387 1703 1440 lucem
1729 1386 1950 1440 voluerit
1985 1401 2002 1438 :

415 1486 605 1530 contra
646 1474 1086 1530 Hohammedcm.
1128 1506 1201 1515 —
1245 1475 1540 1530 Sciendum
1576 1483 1760 1530 autem
1803 1483 1887 1531 est
1922 1475 2007 1528 lu-

416 1582 542 1622 nam
578 1582 609 1620 a
645 1568 765 1622 sole
799 1567 982 1621 lumen
1023 1582 1182 1621 suum
1211 1568 1448 1620 mutuari
1481 1585 1496 1620 :
1533 1583 1641 1620 non
1675 1567 1820 1637 quod
1863 1566 2006 1621 Deus

416 1661 474 1714 in
499 1673 563 1714 ea
599 1658 786 1729 inopia
824 1666 1164 1724 versaretur,
1220 1666 1280 1712 ut
1321 1661 1605 1729 proprium
1658 1660 1762 1728 ipsi
1819 1660 2005 1713 lumen

419 1749 550 1803 dare
586 1764 697 1803 non
745 1756 933 1818 posset
975 1769 988 1804 :
1026 1765 1220 1805 verum
1266 1758 1325 1803 ut
1365 1749 1718 1804 concinnitas
1768 1759 1822 1802 et
1868 1747 2006 1801 ordo

417 1840 588 1896 rebus
619 1840 860 1896 conditis
880 1843 1276 1909 imponeretur,
1296 1840 1421 1895 aliis
1445 1840 1706 1896 videlicet
1729 1841 2010 1910 imperan-

419 1931 605 1995 tibus,
652 1931 1090 2001 obsequentibus
1141 1933 1302 1997 aliis;
1361 1933 1600 2002 hincque
1657 1947 1762 1987 nos
1815 1940 2009 1985 mutuo

421 2021 837 2075 communicare
891 2019 1271 2089 disceremus,
1323 2037 1389 2076 ac
1444 2023 1710 2088 subesse;
1767 2021 2006 2091 primum

423 2111 647 2180 quidem
672 2111 780 2166 Deo
808 2128 992 2166 rerum
1019 2113 1201 2180 opifici
1233 2123 1287 2170 et
1316 2115 1575 2180 Domino,
1608 2113 1808 2169 deinde
1857 2113 2010 2182 prin-

425 2201 642 2270 cipibus
674 2203 741 2256 ab
783 2217 851 2258 eo
897 2205 1218 2261 constitutis
1249 2223 1262 2259 :
1297 2219 1400 2260 nec
1453 2206 1748 2272 sciscitari,
1783 2219 1883 2259 cur
1921 2203 2012 2256 hic

425 2293 637 2362 prtesit,
675 2309 775 2362 ego
819 2310 960 2361 non;
998 2310 1190 2350 verum
1226 2297 1408 2349 omnia
1438 2313 1560 2366 qua:
1587 2297 1696 2351 Deo
1723 2295 2015 2349 ordinante

427 2383 776 2453 contingunt,
816 2396 972 2455 grato
1003 2397 1057 2441 et
1085 2403 1241 2456 aequo
1276 2389 1462 2443 animo
1491 2389 1765 2458 accipere.

500 2470 682 2526 Causa
714 2474 934 2544 deliquii
965 2477 1091 2530 solis
1132 2488 1181 2529 et
1223 2477 1384 2532 (ante.
1420 2509 1490 2516 —
1521 2477 1676 2544 Quod
1720 2485 1901 2532 autem
1932 2476 2014 2531 sol

428 2570 485 2616 et
511 2564 638 2618 luna
663 2564 937 2621 defectum
960 2569 1293 2638 quandoque
1321 2570 1626 2638 patiuntur,
1657 2569 1782 2621 hinc
1799 2583 2016 2634 eorum,

431 2655 526 2723 qui
557 2671 645 2712 res
669 2667 904 2720 creatas,
924 2659 1172 2728 neglecto
1188 2660 1474 2724 Creatore,
1505 2652 1797 2724 adorant’,
1825 2674 2015 2713 amen-

431 2745 562 2800 tiam
591 2759 1038 2819 arguunt,seqne
1063 2752 1348 2804 mutationi
1381 2767 1445 2806 ac
1461 2751 1750 2804 variationi
1774 2749 2018 2804 obnoxia

431 2851 558 2893 esse
588 2837 812 2893 docent.
855 2839 1137 2909 Quidquid
1185 2841 1333 2894 enim
1376 2841 1640 2895 mutabile
1675 2848 1783 2904 est,
1824 2851 2020 2894 natura

435 2944 537 2986 sua
570 2929 818 2986 interitui
859 2932 1158 2987 obnoxium
1194 2941 1298 2988 est.

507 3041 652 3098 Solis
696 3025 1024 3112 magnitudo.
1054 3072 1126 3083 —
1160 3042 1298 3096 Tum
1353 3049 1538 3094 autem
1587 3041 1722 3095 solis
1774 3037 2022 3094 delectus

437 3133 663 3194 accidit,
685 3147 808 3187 cum
835 3135 982 3187 lunai
1015 3147 1223 3202 corpus
1261 3133 1489 3202 parietis
1528 3133 1702 3186 instar
1735 3131 2021 3199 cujusdam

439 3220 770 3290 interpositi,
793 3221 1041 3274 umbram
1067 3221 1219 3282 facit,
1257 3236 1357 3274 nec
1387 3221 1563 3274 lucem
1594 3219 1822 3274 diﬂundi
1869 3219 2024 3274 sinit.

438 3307 520 3361 Ac
553 3307 786 3376 proinde
813 3317 1014 3377 quanta
1046 3309 1260 3362 lunaris
1290 3311 1566 3378 corporis,
1593 3323 1702 3378 quo
1735 3308 1818 3362 sol
1854 3308 2031 3362 obdu~

441 3398 607 3462 citur,
637 3397 857 3451 inventa
892 3397 1218 3468 magnitudo
1280 3396 1469 3464 fuerit,
1533 3406 1749 3452 tantum
1809 3413 2031 3468 quoque

442 3488 744 3559 deliquium
771 3488 1026 3546 eﬂicitur.
1064 3490 1231 3544 Lunae
1264 3501 1446 3545 autem
1492 3505 1697 3560 corpus
1750 3491 2032 3547 inferioris

445 3579 843 3650 magnitudinis
883 3595 1028 3644 esse,
1079 3581 1308 3635 minime
1352 3581 1554 3635 mirum
1601 3582 1697 3637 tibi
1744 3583 2029 3637 videatur:

444 3687 572 3726 nam
601 3680 653 3727 et
681 3673 852 3728 solem
878 3672 1128 3727 nonnulli
1163 3673 1351 3729 multis
1376 3674 1630 3744 partibus
1665 3680 1816 3728 terra
1861 3673 2036 3742 majo-

443 3778 560 3818 rem
614 3779 738 3820 esse
790 3765 1179 3820 contendunt:
1213 3767 1390 3819 sancti
1432 3765 1626 3820 Patres
1668 3780 1822 3830 vero,
1874 3775 2036 3820 teme

436 3855 730 3932 {aequalem
765 3855 832 3910 Et
862 3865 1045 3910 tamen
1080 3872 1456 3928 saepenumero
1485 3857 1710 3922 accidit,
1758 3866 1818 3912 ut
1868 3857 2038 3912 nube.

441 3951 596 4017 cula,
618 3950 703 4006 vel
734 3950 872 4005 colle
909 3950 1128 4022 exiguo,
1156 3958 1250 4005 ant
1278 3950 1486 4021 pariete
1513 3950 1850 4007 occultetur.

516 4065 587 4118 At
633 4079 764 4119 vero
813 4065 956 4120 lunae
1009 4065 1258 4121 delectus
1302 4081 1371 4120 cx
1419 4066 1615 4120 umbra
1666 4079 1831 4135 quam
1887 4072 2037 4120 terra

450 4152 703 4218 oﬂundit,
727 4155 980 4219 ellieilnr,
1009 4170 1132 4209 cum
1159 4157 1430 4212 decimam
1456 4157 1704 4226 quintam
1739 4156 1880 4211 diem
1910 4155 2038 4210 atti-

452 4243 532 4310 git
569 4258 806 4313 cumque
849 4262 917 4300 ex
963 4246 1218 4311 adverso,
1253 4247 1307 4301 in
1335 4261 1554 4302 summo
1584 4247 1775 4317 utique
1812 4255 2035 4307 centro.

452 4335 536 4389 sol
566 4335 788 4406 quidem
820 4337 963 4393 intra
998 4345 1225 4404 terram,
1251 4339 1380 4393 luna
1411 4348 1593 4394 autem
1617 4354 1789 4410 supra
1830 4347 2035 4395 terram

454 4425 755 4482 invenitur.
783 4425 940 4484 Tunc
969 4431 1116 4484 enim
1149 4437 1297 4486 terra
1349 4432 1600 4484 umbram
1649 4429 1902 4494 obducit,
1935 4441 2037 4483 nec

2172 1391 2294 1461 Χρὴ
2327 1390 2381 1442 δὲ
2405 1389 2718 1458 γινώσκειν,
2744 1388 2822 1452 ὡς
2869 1390 2933 1442 ἐκ
2975 1389 3068 1442 τοῦ
3109 1392 3261 1461 ἡλίου
3307 1395 3607 1462 φωτίζεται
3656 1399 3696 1469 ἡ

2106 1480 2324 1551 σελήνη,
2355 1481 2452 1549 οὐχ
2491 1481 2567 1544 ὡς
2598 1481 2980 1552 ἀπορήσαντος
3014 1486 3108 1538 τοῦ
3154 1488 3292 1540 Θεοῦ
3327 1489 3509 1543 ὣῦναι
3546 1493 3695 1562 αὐτῇ

2107 1571 2236 1624 ἴδιον
2272 1572 2408 1639 φῶς,
2444 1571 2560 1624 ἀλλ’
2581 1570 2668 1623 ἵνα
2700 1571 2908 1642 ῥυθμὸς
2935 1576 3030 1626 καὶ
3060 1575 3215 1641 τάξις
3248 1579 3436 1649 ἐντεθῇ
3468 1583 3533 1652 τῇ
3570 1583 3696 1635 κτί-

2107 1680 2212 1723 σει,
2255 1664 2514 1733 ἄρχοντος
2539 1663 2634 1712 καὶ
2663 1661 2994 1732 ἀρχομένου,
3043 1667 3140 1718 καὶ
3177 1669 3559 1739 παιδευθῶμεν
3598 1674 3698 1724 καὶ

2107 1749 2267 1822 ἡμεῖς
2299 1753 2578 1805 κοινωνεῖν
2607 1751 2878 1821 ἀλλήλοις,
2909 1757 3004 1808 καὶ
3035 1759 3397 1827 μεταδιδόναι,
3435 1764 3530 1815 καὶ
3561 1763 3694 1815 ὑπο-

2113 1843 2450 1898 τάσσεσθαι·
2499 1845 2718 1914 πρῶτον
2757 1847 2854 1916 μὲν
2893 1847 2970 1917 τῷ
2997 1853 3191 1920 ποιητῇ
3243 1852 3332 1904 καὶ
3368 1853 3698 1925 δημιουργῷ

2115 1935 2233 2004 Θεῷ
2263 1934 2355 1987 καὶ
2380 1935 2641 2006 Δεσπότῃ·
2665 1936 2855 1989 ἔπειτα
2888 1938 2943 1990 δὲ
2978 1940 3071 1992 καὶ
3096 1942 3202 2003 τοῖς
3231 1941 3323 1992 ὑπ’
3346 1942 3512 1996 αὐτοῦ
3557 1945 3660 1997 καθ
3684 1977 3698 1984 -

2121 2025 2435 2089 ισταμένοις
2485 2023 2713 2095 ἄρχουσι
2750 2042 2764 2055 ·
2800 2028 2892 2078 καὶ
2930 2027 3002 2096 μὴ
3031 2029 3358 2098 ἀνακρίνειν,
3393 2031 3538 2094 τίνος
3564 2034 3693 2085 ἕνε-

2119 2134 2214 2170 κεν
2236 2110 2391 2179 οὗτος
2417 2117 2597 2186 ἄρχει,
2619 2116 2729 2184 ἐγὼ
2760 2117 2814 2170 δὲ
2847 2118 2904 2170 οὔ
2928 2135 2940 2146 ·
2973 2119 3218 2189 δέχεσθαι
3244 2123 3301 2176 δὲ
3336 2123 3509 2177 πάντα
3531 2123 3599 2177 τὰ
3616 2127 3682 2177 ἐκ

2119 2208 2252 2260 Θεοῦ
2285 2207 2627 2276 εὐχαρίστως
2655 2208 2750 2261 καὶ
2775 2207 3152 2278 εὐγνωμόνως.

2196 2472 2473 2526 Ἐκλείπει
2505 2472 2560 2526 δὲ
2591 2474 2618 2526 ὁ
2643 2473 2795 2543 ἥλιος
2827 2473 2923 2528 καὶ
2953 2475 2986 2542 ἡ
3018 2474 3241 2545 σελήνη,
3288 2476 3396 2528 τῶν
3428 2480 3492 2548 τῇ
3531 2476 3708 2532 κτίσει

2125 2565 2578 2634 προσκυνούντων
2612 2565 2764 2636 παρὰ
2802 2566 2894 2618 τὸν
2933 2565 3216 2619 Κτίσαντα
3257 2565 3354 2637 τὴν
3388 2568 3572 2620 ἄνοιαν
3599 2567 3710 2620 διε-

2124 2660 2410 2728 λέγχοντα,
2462 2658 2556 2710 καὶ
2594 2656 2916 2710 παιδεύοντα
2971 2658 3046 2720 ὡς
3090 2657 3302 2727 τρεπτά
3340 2659 3447 2711 εἱσι
3494 2660 3589 2712 καὶ
3615 2661 3714 2712 ἀλ.

2125 2749 2346 2803 λοιωτά.
2383 2751 2498 2802 Πᾶν
2525 2749 2581 2801 δὲ
2603 2747 2855 2819 τρεπτὶν,
2903 2748 2964 2801 οὑ
3005 2749 3159 2812 Θεός·
3219 2749 3366 2804 ’κατὰ
3417 2750 3518 2822 τὴν
3574 2751 3718 2806 ἰδίαν

2126 2843 2236 2914 γὰρ
2269 2841 2453 2910 φύσιν,
2480 2840 2720 2912 φθαρτὸν
2749 2841 2895 2895 ἅπαν
2921 2842 3177 2911 τρεπτόν.

2201 3044 2477 3098 Ἐκλείπει
2507 3044 2563 3096 δὲ
2589 3043 2616 3096 ὁ
2645 3042 2816 3112 ἥλιος,
2869 3040 2964 3095 τοῦ
3002 3040 3258 3110 σώματος
3306 3042 3407 3109 τῆς
3460 3038 3722 3108 σελήνης,

2053 3159 2094 3216 c
2130 3139 2320 3210 ὥσπερ
2345 3139 2488 3200 τινος
2516 3136 2832 3208 μεσοτοίχου
2868 3134 3184 3205 γινομένου,
3220 3134 3312 3187 καὶ
3349 3131 3722 3196 ἀποσκιάζον-

2130 3247 2244 3293 τος,
2289 3229 2384 3282 καὶ
2433 3228 2507 3298 μὴ
2560 3227 2757 3290 ἐῶντος
2808 3227 3189 3296 διαναδοθῆναι
3230 3239 3252 3266 ⁸
3297 3227 3429 3296 ἡμῖν
3459 3224 3519 3277 τὸ
3547 3224 3667 3292 φῶς
3704 3241 3716 3253 ο

2130 3321 2254 3374 ὅσον
2285 3316 2379 3373 οὖν
2418 3318 2616 3388 εὑρεθῇ
2653 3318 2713 3370 τὺ
2745 3318 2904 3388 σῶμα
2942 3317 3044 3387 τῆς
3089 3317 3319 3386 σελήνης
3361 3315 3725 3380 ἀποκρύπτειν

2131 3406 2222 3458 τὸν
2265 3404 2440 3473 ἥλιον,
2481 3402 2734 3454 τοσοῦτον
2780 3403 2874 3454 καὶ
2928 3402 2959 3470 ή
3007 3399 3245 3469 ἔκλειψις
3298 3399 3508 3469 γίνεται
3544 3413 3562 3429 ⁸
3589 3400 3641 3451 εί
3667 3399 3725 3451 δὲ

2136 3495 2463 3568 μικρότερον
2496 3496 2611 3547 ἐστι
2637 3494 2694 3549 τὸ
2722 3494 2820 3563 τῆς
2863 3493 3091 3564 σελήνης
3146 3494 3323 3563 σῶμα,
3375 3492 3449 3562 μὴ
3505 3491 3727 3561 θαυμάο

2136 3604 2235 3658 σῃς
2270 3603 2285 3618 ’
2319 3587 2414 3640 καὶ
2449 3589 2476 3640 ὁ
2499 3587 2650 3657 ἥλιος
2679 3585 2790 3657 γὰρ
2825 3586 2928 3638 ὑπό
2951 3602 3114 3638 τινων
3159 3583 3258 3652 μὲν
3301 3583 3521 3651 λέγεται
3556 3583 3729 3634 πολυ-

2135 3681 2381 3734 πλασῖων
2410 3679 2510 3750 τῆς
2530 3678 2653 3748 γῆς·
2690 3677 2795 3730 ὑπὸ
2825 3676 2880 3729 δὲ
2912 3677 3020 3729 τῶν
3058 3677 3228 3745 ἁγίων
3257 3676 3284 3715 δ
3317 3675 3578 3750 Πατέρων
3603 3674 3729 3736 ἴσος

2115 3773 2199 3840 στῇ
2226 3772 2331 3840 γῇ·
2365 3740 2744 3830 καίετολλάκις
2788 3767 2984 3837 μικρὸν
3024 3740 3186 3836 νέξρος
3225 3740 3491 3821 καλύπτεῖ
3531 3765 3726 3829 αὑτὸν,

2135 3859 2168 3930 ἢ
2200 3862 2293 3914 καὶ
2327 3859 2522 3930 μικρὸς
2550 3857 2758 3928 βουνὸς,
2794 3858 2828 3929 ἢ
2859 3860 3060 3930 τοῖχος.

2221 4059 2285 4111 Ἦ
2312 4057 2367 4110 δὲ
2391 4057 2493 4126 τῆς
2525 4056 2754 4126 σελήνης
2785 4053 3047 4122 ἔκλειψις,
3090 4054 3154 4106 ἐκ
3189 4051 3282 4105 τοῦ
3325 4030 3756 4120 (Σιττοσκιάσειιτι-⁸

2138 4171 2228 4216 τος
2253 4153 2351 4222 τῆς
2388 4153 2493 4221 γῆς
2507 4147 2740 4217 γίνεται,
2766 4149 2894 4202 ὅταν
2924 4147 3150 4218 γένηται
3187 4144 3726 4198 πεντεκαιδεκαταίιι

2139 4247 2172 4315 ὴ
2204 4245 2423 4315 σελήνη,
2477 4243 2573 4296 καὶ
2603 4241 2802 4313 εὑρεθῇ
2839 4239 2900 4304 ἐξ
2952 4237 3204 4301 ἐναντίας
3253 4237 3398 4290 κατά
3450 4236 3513 4288 τὸ
3554 4236 3729 4305 ἄκρον

2138 4337 2382 4407 κέντρον.
2413 4335 2441 4386 ὁ
2465 4333 2564 4404 μὲν
2592 4333 2744 4405 ἦλιος
2772 4332 2876 4385 ὑπὸ
2904 4332 3030 4402 γῆν,
3057 4334 3090 4402 ἡ
3124 4330 3180 4384 δὲ
3217 4330 3413 4400 σελήνη
3430 4329 3575 4398 ὑπὲρ
3595 4329 3725 4398 γῆν.

2151 4427 2537 4496 Ἀποσκίασμα
2556 4425 2664 4495 γὰρ
2687 4427 2831 4478 ποιεῖ
2861 4424 3010 4494 ἡγῆ,
3043 4423 3138 4477 κοιλ⁹
3154 4424 3215 4476 οὐ
3249 4423 3441 4491 φθάνει
3472 4421 3535 4474 τὸ
3564 4422 3727 4488 ἡλιαα

454 4518 590 4573 solis
622 4516 808 4574 lumen
835 4519 1030 4577 afferre
1063 4521 1206 4576 Iume
1239 4521 1591 4593 splendorem
1627 4529 1845 4592 potest;
1894 4520 2020 4576 undi

2147 4522 2240 4575 κὸν
2267 4520 2383 4590 φῶς
2413 4518 2651 4588 φωτίσαι
2675 4518 2774 4588 τὴν
2807 4516 3062 4587 σελήνην,
3090 4515 3346 4570 κάκεῖθεν
3382 4514 3648 4566 ἐκλείπει.

454 4608 516 4663 Iit
547 4617 605 4663 ut
635 4609 726 4664 illa
753 4610 991 4665 deﬁciat.

528 4721 738 4777 Menses
779 4722 992 4778 lunares
1035 4733 1084 4778 et
1129 4725 1354 4781 salares.
1411 4725 1566 4781 Luna
1603 4742 1637 4780 a
1698 4726 1810 4781 Deo
1857 4735 2041 4781 creata

456 4813 633 4880 plena.
661 4844 726 4856 α-
755 4815 891 4869 lllud
935 4817 1326 4873 advertendum
1352 4857 1368 4883 ,
1415 4819 1603 4873 lunam
1633 4834 1663 4873 a
1693 4834 1912 4875 summo
1951 4835 2040 4875 re-

458 4921 578 4958 rum
615 4905 852 4963 Auctore
895 4908 1110 4976 plenam
1153 4909 1324 4966 fuisse
1371 4910 1679 4975 conditam,
1715 4911 1833 4965 sive
1860 4911 2042 4980 qualis

459 5009 544 5050 εει
589 4997 798 5051 decima
852 5000 1044 5068 quinta
1091 5000 1198 5055 die.
1257 5000 1497 5055 Decebat
1526 5001 1671 5054 enim
1704 5007 1764 5053 ut
1795 4998 2041 5070 perlecta

461 5095 742 5143 crearetur
763 5089 804 5144 ⁸.
841 5089 1046 5156 Quarta
1077 5100 1258 5146 autem
1290 5091 1402 5153 die,
1434 5100 1494 5144 ut
1521 5091 1782 5156 diximus,
1809 5092 1886 5147 sol
1915 5105 2045 5146 con-

462 5179 611 5234 ditus
654 5188 768 5248 est;
803 5190 969 5252 atque
1017 5183 1094 5238 ita
1139 5183 1267 5237 luna
1320 5181 1573 5237 undecim
1621 5181 1818 5238 diebus
1870 5183 2040 5238 solem

537 5363 557 5393 °
587 5364 754 5420 Basil.
791 5365 846 5421 in
885 5365 1091 5424 Christi
1118 5366 1340 5423 Nativit.
1413 5369 1432 5399 ⁷
1467 5367 1632 5422 lieni.
1661 5383 1699 5429 ι,
1728 5365 1820 5422 25.

2209 4717 2331 4790 Χρὴ
2372 4717 2430 4771 δὲ
2487 4715 2801 4784 γινώσκειν,
2859 4715 2941 4768 ὅτι
2974 4714 3156 4768 τελεία
3196 4714 3423 4782 ἐκτίσθη
3460 4716 3494 4782 ἠ
3525 4715 3721 4784 σελήνη

2141 4810 2248 4864 ὑπὸ
2276 4809 2369 4863 τοῦ
2396 4807 2763 4879 Δημιουργοῦ,
2794 4806 2912 4877 ἦτοι
2950 4806 3475 4860 πεντεκαιδεκαταία
3501 4823 3516 4836 ο
3563 4805 3720 4873 ἔπρε-

2140 4920 2209 4957 πε
2270 4902 2379 4973 γὰρ
2429 4900 2849 4970 ἀπηρτισμένην
2905 4898 3162 4966 γενέσθαι
3203 4915 3216 4928 ·
3267 4901 3332 4970 τῇ
3381 4898 3437 4951 δὲ
3489 4897 3721 4968 τετάρτῃ

2143 4994 2348 5065 ἡμέρᾳ,
2399 4992 2475 5054 ὡς
2523 4991 2758 5061 ἔφημεν,
2814 4988 3061 5043 ἔκτισται
3112 4991 3140 5044 ὁ
3197 4989 3386 5060 ἣλιος·
3425 4990 3722 5060 προέλαϐεν

2150 5082 2244 5140 οὖν
2293 5085 2384 5138 τὸν
2437 5083 2588 5152 ἥλιον
2640 5081 2835 5134 ἕνδεκα
2876 5082 3111 5152 ἡμέρας.
3173 5082 3310 5135 Ἀπὸ
3330 5082 3438 5152 γὰρ
3460 5083 3724 5151 τετάρτης

2148 5178 2366 5249 ἡμέρας
2389 5175 2494 5238 ἓως
2536 5181 2622 5239 ιε’,
2679 5173 2874 5228 ἕνδεκά
2906 5175 3010 5226 εισι
3045 5189 3060 5205 ·
3096 5173 3177 5226 διὸ
3209 5175 3304 5227 καὶ
3350 5175 3493 5228 κατὰ
3534 5173 3723 5247 χρόνον

1896 5365 1918 5396 ⁸
1951 5364 2143 5419 Sever.
2175 5361 2370 5416 Gabal.
2425 5365 2569 5415 orat.
2603 5359 2638 5414 3
2672 5357 2747 5412 De
2814 5359 2993 5428 api/Ec.
3036 5355 3242 5410 mundi.

1747 5494 1979 5572 vanum
2019 5514 2419 5569 moriones.

541 5623 567 5652 α
597 5615 729 5682 lteg.
766 5616 1030 5686 -ιξλαοιιι,
1060 5619 1166 5670 duo
1199 5626 1252 5672 et
1277 5617 1474 5673 Noster
1492 5617 1800 5686 διαδοθῆναι
1824 5631 1838 5646 ο
1870 5617 1950 5671 sic
1988 5615 2042 5686 in
2077 5613 2199 5686 eod.
2227 5615 2286 5669 S.
2310 5614 2416 5686 llil.
2455 5613 3045 5686 membranacorrasa.
3074 5607 3246 5686 Vetus
3295 5607 3523 5686 interpr.
3551 5602 3725 5670 posuit

469 5686 804 5808 ροῦτᾶίιάιδῑή.
835 5685 1006 5743 Faber
1044 5690 1413 5757 transfundat.
1449 5690 1512 5744 ῐῖ.
1548 5685 1956 5757 Ξθὸυδοθῆναι.

472 5767 531 5808 I‘C
613 5770 626 5806 ι
669 5769 780 5808 ere.

472 5767 780 5808 Γοασιυρτυ.

2036 5685 2060 5724 ὶι
2088 5683 2244 5742 Deest
2275 5685 2464 5753 ἁγίων,
2494 5685 2545 5740 in
2579 5702 2707 5742 mss.
2744 5681 3012 5754 pluribus,
3035 5693 3134 5735 nec
3168 5680 3375 5750 priores
3404 5678 3720 5746 inlt'rgfz'ctcs
