3804 6210
227 250 311 317 891

1279 243 1376 304 DE
1408 243 1585 303 FIDE
1615 237 2075 302 ORTIIODOXA
2104 236 2247 297 LIB.
2289 234 2346 294 ΙΙ

3349 232 3454 301 898

224 367 263 418 oi
286 362 480 416 δώδεκα
518 361 687 431 μῆνες
714 357 814 427 τῆς
861 353 1106 424 σελήνης,
1163 352 1358 407 ἕνδεκα
1396 351 1607 421 ἡμέρας
1667 347 1774 401 λεί-

1944 342 2179 397 accessit.
2214 341 2257 394 Α
2302 346 2501 410 quarta
2542 339 2687 394 enim
2741 339 2830 397 die
2864 338 2930 393 ad
2964 354 3140 410 usque
3183 340 3452 398 decimam

226 472 393 509 πουσιν
406 456 471 507 ὲκ
499 453 613 507 τῶν
637 450 845 505 δώδεκα
877 445 1061 517 μηνῶν
1096 443 1188 497 τοῦ
1219 442 1394 512 ήλίου.
1444 443 1507 495 Oi
1539 441 1635 511 μὲν
1665 442 1772 508 γὰρ

222 549 298 603 τοῦ
340 547 496 618 ἡλίου
541 540 861 614 τριακοσίας
913 537 1179 607 ἑξήκοντα
1247 534 1442 599 πέντε,
1487 533 1772 602 τέταρτον,

224 640 413 713 ἡμέρας
435 638 647 707 ἔχουσι.
673 633 765 687 Διὸ
788 630 883 684 τοῦ
912 630 1169 698 τετάρτου
1201 625 1589 696 συντιθεμένου
1635 623 1777 676 κατὰ

220 737 442 803 τέσσαρα
468 728 588 800 ἐτη,
620 721 1079 796 μίαάποτελείται
1116 719 1321 790 ἡμέρα,
1373 719 1496 788 ἣτις
1556 717 1773 784 λέγεται

222 825 466 897 βίσεξτος.
497 820 609 876 Καὶ
645 815 940 877 δὲνιαυτὸς
985 814 1193 874 ἐκεῖνος
1218 808 1341 875 τες-⁸
1386 809 1599 880 ἡμέρας
1642 808 1777 877 ἔχει.

220 917 343 972 οῐδὲ
365 916 467 987 τῆς
497 912 731 984 σελήνης
750 906 988 963 ἐνιαυτοὶ
1007 902 1114 959 τνδ¹
1138 902 1277 957 είσὶν
1306 900 1532 974 ἡμερῶν
1557 915 1571 929 ⁸
1601 903 1635 971 ή
1670 900 1781 970 γὰρ

222 1011 427 1079 σελήνη,
460 1005 558 1077 ἀφ’
580 999 643 1058 οὗ
670 1000 930 1072 γεννηθῇ,
963 998 1129 1070 ἦγουν
1174 990 1556 1064 ἀνακαινισθῇ,
1602 989 1776 1055 αὔξει,

219 1105 310 1166 ἕως
332 1100 400 1154 ἂν
427 1097 659 1169 γένηται
681 1093 907 1165 ἡμερῶν
950 1088 1370 1159 δεκατεσσάρων
1420 1087 1645 1158 ήμίσεος
1694 1100 1786 1137 τε·

219 1196 412 1267 τάρτου
440 1207 458 1225 ⁸
493 1190 589 1245 καὶ
615 1189 844 1260 ἄρχεται
874 1185 1089 1256 λήγειν,
1110 1181 1217 1246 ἕως
1263 1180 1486 1251 ήμερῶν
1517 1176 1599 1232 κθ⁰
1659 1175 1788 1247 ήμίο

224 1301 354 1351 σεος,
418 1280 513 1335 καὶ
555 1279 777 1340 τελείως
821 1275 1028 1345 γίνεται
1076 1273 1382 1343 ἀφώτιστος
1408 1286 1425 1302 ⁸
1478 1270 1570 1322 καὶ
1624 1268 1787 1321 πάλιν

225 1375 597 1445 συναπτομένη
627 1370 708 1442 τῷ
737 1369 897 1442 ἡλίῳ,
924 1367 1284 1436 ἀναγεννᾶται
1318 1364 1415 1418 καὶ
1443 1358 1789 1422 ἀνακαινίζε-

225 1487 339 1532 rat,
390 1465 695 1536 ὑπόμνημα
748 1462 990 1532 φέρουσα
1045 1459 1146 1529 τῆς
1201 1455 1359 1528 ἡμῶν
1419 1452 1786 1513 ἀναστάσεως.

227 1558 599 1615 Καθ’ἒκαστον
619 1551 714 1609 οὖν
744 1552 996 1607 ἐνιαυτὸν
1021 1551 1123 1614 τὰς
1153 1548 1347 1603 ἕνδεκα
1392 1544 1608 1618 ἠμέρας
1650 1544 1791 1597 duro-

226 1649 397 1703 δίδωσι
426 1646 505 1716 τῷ
523 1643 659 1713 ήλίῳ
684 1658 698 1673 ⁸
741 1640 882 1696 κατὰ
911 1635 1006 1694 οὖν
1032 1640 1185 1709 τρεῖς
1208 1638 1456 1709 χρὸνους,
1489 1637 1519 1689 ὁ
1568 1630 1791 1702 ἐμϐόλι-

1878 434 2145 504 quintam,
2172 430 2291 486 dies
2317 430 2568 486 undecim
2596 430 2893 487 intersunt.
2928 431 3047 498 Quo
3078 434 3243 489 etiam
3286 433 3366 499 fit,
3395 445 3456 489 ut

1878 528 1933 581 in
1973 524 2225 595 singuios
2256 537 2457 587 annos,
2495 522 2785 578 duodecim
2834 524 2978 578 luna:
3017 538 3235 580 menses
3283 526 3459 580 unde-

1878 614 1985 671 cim
2028 615 2222 671 diebus
2270 614 2512 669 minores
2568 614 2701 678 sint,
2757 627 2922 682 quam
2976 612 3269 668 duodecim
3324 615 3460 670 solis

1882 722 2121 763 menses.
2155 706 2301 761 Solis
2330 706 2538 776 quippe
2579 719 2799 759 menses
2842 704 2961 759 dies
2993 711 3272 760 trecentos
3303 721 3463 760 sexa-

1880 799 2028 870 ginta
2059 798 2303 868 quinque
2347 811 2475 850 cum
2506 795 2673 851 unius
2709 796 3018 865 quadrante
3048 796 3359 863 continent,
3392 798 3463 852 ob

1882 888 2047 959 idque
2093 893 2292 959 quarto
2342 900 2566 958 quoque
2607 899 2774 948 anno,
2827 885 3134 953 composito
3179 884 3284 939 hoc
3329 900 3466 955 qua-

1884 982 2103 1046 drante,
2149 981 2271 1037 dies
2322 995 2468 1035 unus
2505 978 2816 1042 coniicitur,
2853 977 2947 1048 qui
2984 978 3287 1034 bissextilis
3327 991 3467 1033 nun-

1885 1082 2157 1144 cupatur;
2190 1073 2381 1142 sicque
2404 1086 2585 1125 anuus
2615 1070 2707 1124 ille
2734 1077 3017 1124 trecentos
3050 1070 3333 1139 sexaginta
3372 1084 3471 1124 sex

1887 1168 2006 1222 dies
2037 1166 2240 1220 habet:
2267 1171 2461 1218 contra
2492 1162 2715 1216 lunares
2746 1162 2874 1215 anni
2908 1168 3283 1216 trecentorum
3300 1163 3470 1231 quin-

1889 1254 2149 1326 quaginta
2184 1262 2424 1323 quatuor
2447 1251 2661 1305 dierum
2694 1251 2873 1320 spatio
2921 1248 3207 1304 liniuntur.
3240 1249 3317 1304 Ex
3358 1265 3472 1320 quo

1889 1350 2037 1404 enim
2068 1355 2217 1409 nata,
2244 1361 2343 1401 seu
2387 1345 2646 1400 innovata
2686 1345 2815 1398 luna
2847 1350 2953 1409 est,
2989 1343 3239 1411 augescit
3280 1344 3346 1399 ad
3378 1344 3474 1400 de-

1891 1442 2090 1497 cimam
2125 1451 2376 1511 quartam
2409 1452 2584 1508 usque
2618 1436 2763 1492 diem
2796 1451 2923 1491 cum
2960 1437 3128 1489 unius
3159 1435 3394 1491 semisse
3418 1442 3475 1491 et

1892 1533 2221 1605 quadrante.
2272 1530 2411 1584 lline
2454 1528 2626 1583 minui
2654 1528 2847 1597 incipit
2876 1542 3050 1596 usque
3080 1526 3147 1579 ad
3190 1541 3391 1580 nonam
3420 1536 3476 1582 et

1894 1626 2212 1681 vicesimam
2251 1622 2396 1680 diem
2433 1637 2558 1677 cum
2592 1622 2754 1676 unius
2787 1620 3041 1683 semisse,
3074 1633 3184 1690 quo
3222 1620 3480 1691 splendo-

350 1696 681 1810 μὴνῖτίὲται
710 1736 825 1798 τοῖς
866 1696 1181 1804 Ἑϐραίοις.
1327 1730 1355 1782 ὁ
1379 1696 1624 1788 ἐνιαυτὸς
1651 1726 1791 1779 ἐκεῖ-

1945 1735 1970 1775 s
2010 1718 2172 1789 168
2197 1716 2377 1772 omnis
2404 1711 2836 1786 expers’evadit.
2868 1710 2947 1766 Ac
2979 1720 3094 1765 tum
3122 1726 3320 1765 rursus
3351 1726 3476 1764 cum

229 1851 312 1897 νος
340 1830 645 1901 δεκατριῶν
677 1828 863 1899 μηνῶν
888 1824 1228 1897 εὑρίσκεται,
1260 1823 1326 1875 ὲκ
1348 1821 1447 1892 τῆς
1475 1818 1798 1891 προσθήκης

229 1926 328 1980 τῶν
351 1924 547 1977 ἕνδεκα
574 1919 819 1993 ἡμερῶν.

1895 1813 2014 1869 sole
2063 1811 2320 1879 copulata
2372 1806 2699 1862 renascitur
2724 1812 2780 1859 ct
2826 1812 3160 1868 renovatur;
3204 1810 3371 1871 atque
3421 1803 3478 1856 in

1896 1906 2022 1969 hoc,
2052 1903 2449 1959 monimentum
2483 1901 2590 1954 fert
2618 1896 3051 1953 resurrectionis
3079 1905 3304 1951 nostrae.
3330 1893 3480 1959 Quo—

234 2021 363 2075 circa
383 1989 627 2089 singulis
652 2015 814 2071 annis
837 2011 1091 2068 undecim
1115 2009 1236 2066 dies
1265 2007 1368 2065 soli
1398 2005 1577 2063 reddit
1603 2023 1615 2059 :
1657 2002 1799 2058 unde
1838 2007 1963 2089 post
1995 2006 2107 2055 tres
2135 2011 2313 2051 annos
2340 1993 2687 2051 intercalaris
2708 1992 2917 2049 mensis
2948 1992 3017 2047 ab
3048 1989 3294 2047 Hebraeis
3329 1990 3484 2045 inve-

231 2113 396 2176 hitur;
436 2081 533 2181 qui
567 2108 642 2164 ob
680 2108 827 2161 hanc
873 2104 1089 2160 dierum
1145 2100 1400 2157 undecim
1451 2097 1789 2154 additionetu
1829 2081 2095 2147 tredecim
2127 2089 2415 2145 mensibus
2451 2093 2670 2141 constat
2697 2087 2741 2140 ’.

292 2207 457 2278 Δῆλον
484 2205 547 2258 δὲ
572 2205 650 2267 ὡς
681 2200 933 2265 σύνθετός
952 2201 1121 2265 ἐστιν,
1146 2198 1252 2252 ὅτε
1281 2197 1456 2268 ἥλιος,
1486 2193 1582 2249 καὶ
1618 2194 1654 2264 ή
1710 2206 1802 2245 σε·

221 2301 378 2371 λήνή,
408 2297 505 2353 καὶ
528 2296 601 2350 τὰ
625 2295 825 2366 ἄστρα,
847 2293 942 2347 καὶ
969 2291 1147 2362 φθορᾷ
1176 2288 1320 2345 κατά
1342 2285 1442 2348 τὴν
1472 2284 1609 2339 ἰδίαν
1635 2283 1804 2352 φύσιν

217 2392 563 2446 ὑπόκεινται.
598 2388 715 2457 Τήν
742 2387 801 2440 δὲ
821 2386 1029 2440 τούτων
1057 2384 1219 2453 φύσιν
1264 2380 1366 2435 οὐκ
1415 2379 1593 2450 ἴσμεν.
1645 2375 1805 2437 Τινὲς

217 2485 322 2555 μὲν
354 2478 452 2536 οὖν
470 2497 607 2551 φασι
643 2479 706 2532 τὸ
741 2477 876 2550 πῦρ,
897 2476 1058 2539 ἐκτός
1076 2491 1221 2538 τινος
1256 2472 1390 2543 ὕλης
1409 2468 1615 2538 ἀφανὲς
1639 2460 1800 2520 εἶναι·

210 2579 337 2631 ὅθεν
364 2575 464 2629 καὶ
485 2569 854 2641 σϐεννύμενον
889 2566 1233 2639 ἀφανίζεται.
1279 2564 1503 2633 Ἕτεροι
1540 2559 1617 2625 δὲ,
1646 2557 1804 2612 τοῦτο

210 2664 605 2737 σῦεννύμενον,
629 2662 711 2725 είς
734 2659 872 2731 ἀέρα
892 2659 1024 2727 φασὶ
1064 2652 1519 2729 μεταϐάλλεσθαι.

295 2928 358 2983 '0
401 2926 672 2993 ζωδιακδς
721 2924 919 2987 κύκλος
979 2922 1146 2988 λοξῶς
1172 2924 1438 2984 κινεῖται,
1465 2916 1801 2991 διῃρημένος

1968 2185 2328 2254 Perspicuum
2361 2189 2544 2236 autem
2584 2189 2668 2236 est
2719 2178 2912 2243 solem,
2941 2185 2997 2232 et
3023 2177 3234 2244 lunam,
3272 2173 3487 2231 omnia-

1900 2292 2008 2350 que
2037 2277 2223 2333 sidera
2269 2272 2580 2344 composita
2616 2286 2763 2335 esse,
2791 2280 2846 2326 et
2872 2268 3167 2325 mutationi
3203 2268 3437 2323 obnoxia
3467 2286 3483 2323 :

1900 2349 2022 2442 qua:
2053 2376 2234 2423 tamen
2265 2381 2457 2422 eorum
2478 2349 2701 2419 natura
2732 2361 2827 2425 sit,
2860 2376 3092 2433 prorsus
3141 2361 3485 2432 ignoramus.

1903 2461 1978 2515 Ac
2009 2458 2259 2515 nonnulli
2308 2457 2487 2528 ignem
2517 2455 2586 2510 ab
2623 2455 2779 2509 omni
2817 2454 3065 2518 materia,
3103 2453 3219 2508 sive
3262 2452 3485 2523 pabulo,

1902 2538 2173 2602 semctum
2222 2544 2441 2615 penitus
2488 2543 2741 2599 desinere
2790 2551 3070 2606 asserunt,
3106 2541 3275 2612 idque
3311 2543 3491 2615 ni‘ani—

1900 2636 2105 2693 festum
2139 2651 2290 2703 esse,
2319 2652 2386 2692 eo
2415 2635 2563 2706 quod
2611 2634 2925 2690 exstinctus
2968 2641 3286 2690 evanescat.
3346 2634 3490 2686 Sunt

1899 2743 2097 2784 rursus
2126 2729 2217 2783 alii
2263 2727 2357 2798 qui
2401 2728 2733 2783 exstinctum
2809 2727 2965 2781 illum
3019 2725 3077 2781 in
3125 2738 3309 2780 aerem
3354 2722 3492 2778 verti

1903 2818 2099 2874 dicunt
2133 2817 2199 2870 ¹⁶.

1970 2904 2195 2960 Zodiaci
2229 2913 2425 2959 motus.
2464 2935 2532 2947 -—
2566 2902 2841 2959 Zodiacus
2877 2900 3028 2956 orbis
3077 2899 3303 2970 obliquo
3339 2905 3492 2954 motu

209 3021 298 3082 εἰς
316 2988 597 3090 τμήματα
628 3013 861 3078 δώδεκα,
887 3013 1046 3068 ἅτινα
1090 3011 1340 3065 καλεῖται
1385 2988 1587 3075 ξώδιᾶἒ
1620 2988 1707 3059 τὸ
1749 3005 1804 3058 δὲ

1949 2996 2175 3061 oivitur,
2213 2995 2380 3065 inque
2420 3003 2605 3065 partes
2648 2993 2941 3049 duodecim
2978 3000 3223 3057 secatur,
3257 3006 3378 3061 qua:
3417 2992 3496 3046 si-

212 3104 419 3170 ζώδιον
439 3104 556 3175 ἔχει
580 3102 838 3165 δεκανοὺς
867 3104 1040 3173 τρεῖς,
1083 3100 1277 3173 μοίρας
1306 3099 1603 3169 τριάκοντα
1638 3113 1651 3126 ·
1695 3097 1729 3165 ή
1754 3094 1811 3147 δὲ

221 3199 395 3269 μοῖρα
420 3196 535 3267 ἔχει
555 3194 732 3248 λεπτά
755 3194 1041 3266 ἑξήκοντα.
1071 3191 1221 3262 Ἔχει
1253 3185 1346 3244 οὖν
1373 3188 1641 3260 ὁοὺρανὺς
1694 3185 1814 3255 μοί-

226 3304 331 3357 ρας
367 3286 691 3358 τριακοσίας
719 3284 1012 3356 ἑξήκονταο
1044 3283 1106 3337 τὸ
1138 3282 1279 3352 ὑπὲρ
1308 3280 1413 3352 γῆν
1435 3277 1815 3353 ἡμισφαίριον,

230 3380 431 3451 μοίρας
461 3384 571 3451 ρκ’,
600 3380 699 3434 καὶ
732 3377 836 3433 ὑπὸ
861 3377 987 3448 γῆν,
1011 3383 1121 3448 ρπθ.

761 3638 925 3700 Οϊκοι
956 3643 1301 3713 πλανητῶν.

306 3738 478 3810 Κριὸς
503 3740 600 3794 καὶ
623 3739 910 3811 Σκορπίος,
944 3738 1157 3810 Ἀρεως
1184 3753 1199 3768 ⁸
1233 3735 1446 3808 Ταῦρος
1476 3737 1571 3791 καὶ
1612 3733 1784 3804 Ζυγδς
1801 3775 1817 3799 υ

251 3832 562 3904 ’Δςριδὶτης
586 3847 602 3861 ⁸
638 3831 857 3901 Δίδυμοι
880 3829 975 3883 καὶ
996 3826 1292 3901 Παρθένος,
1326 3824 1530 3900 Ἐρμοῦ
1558 3843 1573 3859 ⁸
1605 3826 1820 3896 Καρκῖ-

253 3939 354 3985 νος,
379 3923 620 3993 Σελήνης
641 3937 656 3952 ⁸
716 3921 890 3985 Λέων,
937 3919 1120 3973 Ἠλίου
1139 3937 1154 3952 ·
1181 3919 1415 3989 Τοξότης
1438 3916 1554 3971 ’καὶ
1594 3916 1818 3987 Ἰχθόεςί

253 4015 364 4076 A26;
390 4029 405 4044 ⁸
436 4012 750 4084 Δὶγόκερως
772 4013 864 4065 καὶ
909 4010 1209 4082 Ύδροχόος,
1244 4009 1476 4082 Κρόνου.

872 4102 886 4123 ”
898 4102 1211 4172 Υψὼματα.

318 4192 510 4265 Κριὸς,
540 4194 721 4249 Ἠλίου
742 4211 756 4226 ·
782 4193 1015 4265 Ταῦρος,
1045 4193 1282 4265 Σελήνης
1300 4209 1313 4223 ⁸
1343 4193 1638 4264 Καρκῖνος,
1664 4191 1784 4255 Διός
1806 4205 1821 4220 ⁸

256 4288 553 4361 Παρθένος,
586 4288 802 4357 ’Δρεως
832 4304 846 4317 ·
911 4283 1104 4352 Ζυγὸς,
1156 4283 1364 4355 Κρόνου
1396 4300 1409 4313 ⁸
1474 4282 1822 4353 Δίγόκερως,

267 4380 461 4452 Ἑρμοῦ
480 4397 493 4409 ⁸
543 4377 771 4448 Ἰχθύες,
801 4377 1145 4448 ’Λφροδίτης.

596 4472 672 4525 Τά
692 4469 974 4540 σχήματα
999 4467 1109 4539 τῆς
1136 4467 1429 4539 σελήνης.

322 4563 568 4627 Σὺνοδος,
598 4563 729 4616 ὅταν
746 4563 968 4633 γένηται
986 4564 1044 4616 ὲν
1074 4563 1137 4633 τῇ
1168 4563 1357 4634 μοίρᾳ,
1408 4562 1467 4614 ἐν
1599 4560 1747 4613 ἐστιν
1794 4558 1824 4611 ὀ

262 4654 431 4726 ἧλος·
459 4656 646 4726 γεννᾷ,
674 4656 802 4709 ὅταν
822 4656 1037 4726 ἀποστῇ
1057 4654 1150 4706 τοῦ
1174 4654 1322 4724 ἡλίου
1350 4652 1543 4724 μοίρας
1573 4659 1634 4705 ιε’
1654 4669 1667 4683 ⁸
1695 4653 1824 4706 ἀνα-

262 4747 396 4818 τολὴ,
420 4749 552 4801 ὅταν
584 4749 728 4818 φανῇ
772 4745 1058 4817 μηνοειδής
1092 4745 1173 4808 δὶς
1200 4746 1391 4810 ε,ὅταν
1416 4745 1594 4815 ἀπέχῃ
1632 4742 1826 4815 μοίρας

266 4835 331 4905 ε’
350 4839 626 4910 διχοτόμοι
654 4838 771 4904 δύο,
809 4838 936 4891 ὅταν
967 4837 1148 4911 ἀπέχῃ
1197 4836 1391 4908 μοίρας
1426 4837 1784 4907 ἐννενήκοντα
1808 4850 1823 4864 ⁸

266 4930 594 5003 ἁμφίκυρτοι
619 4930 733 4991 δύο,
762 4930 893 4984 ὅταν
922 4929 1102 5003 ἀπέχῃ
1155 4927 1350 5001 μοίρας
1392 4926 1475 4998 ρκ’
1504 4944 1520 4959 ·
1559 4925 1826 4997 πλησισέο

267 5020 422 5093 ληνοι,
462 5023 521 5075 αἱ
568 5022 667 5076 καὶ
694 5022 1040 5092 πλησιφαεῖς,
1083 5020 1195 5087 δύο,
1226 5021 1355 5075 ὅταν
1398 5019 1581 5092 ἀπέχῃ
1634 5019 1829 5089 μοίρας

272 5113 337 5187 ρι’
366 5132 380 5148 ⁸
411 5115 772 5185 πανσέληνος,
801 5116 931 5169 ὅταν
985 5115 1163 5185 ἀπέχῃ
1201 5119 1309 5184 ρπ’.
1362 5112 1453 5177 Δὶς
1487 5110 1513 5149 α
1572 5111 1629 5165 δὲ
1685 5111 1829 5165 εἴιτο⁸

268 5220 376 5276 μεν,
444 5205 580 5277 μίαν
624 5205 914 5277 αὐξούσης,
971 5206 1066 5260 καὶ
1118 5203 1247 5275 μίαν
1284 5203 1576 5275 ληγούσης.
1610 5203 1709 5258 Διὰ
1737 5203 1831 5257 δύο

1858 4439 1902 4497 D

1917 3105 2023 3163 gna
2052 3088 2341 3156 dicuntur;
2374 3086 2657 3157 quodlibet
2692 3101 2824 3141 vero
2857 3085 3075 3157 signant
3104 3092 3220 3141 tres
3251 3083 3495 3140 decanos

1922 3182 2106 3250 habet,
2141 3181 2346 3253 gradus
2404 3177 2628 3249 triginta
2680 3195 2695 3233 :
2747 3177 2978 3249 quilibet
3043 3183 3226 3232 autem
3291 3174 3497 3248 gradus

1926 3274 2155 3330 minutis
2207 3270 2492 3343 sexaginta
2545 3278 2782 3326 constat.
2840 3267 2919 3323 ita
2964 3269 3165 3325 coelum
3217 3276 3498 3324 trecentos

1919 3366 2204 3440 sexaginta
2241 3365 2446 3437 gradus
2487 3364 2649 3418 habet
2682 3382 2694 3418 :
2735 3361 3179 3433 hemiSpbaerium
3215 3361 3360 3434 quod
3400 3377 3498 3417 su-

1919 3472 2016 3531 per
2047 3468 2250 3514 terram
2309 3465 2416 3521 est,
2446 3464 2665 3512 centum
2702 3463 2757 3511 et
2804 3455 3079 3523 octoginta
3127 3455 3332 3527 gradus
3369 3470 3501 3510 con-

1908 3553 2065 3621 tinet,
2096 3549 2436 3622 totidemque
2467 3547 2623 3615 illud,
2679 3546 2826 3618 quod
2858 3547 3054 3603 subtus
3093 3555 3320 3604 terram.

2405 3640 2609 3695 Domus
2642 3640 3001 3710 planetarum.

1985 3735 2143 3791 Aries
2176 3740 2231 3789 et
2262 3729 2763 3802 Scorpius,Martis
2792 3750 2806 3786 :
2834 3728 3052 3784 Taurus
3089 3739 3143 3784 et
3173 3730 3362 3797 Libra,
3395 3729 3503 3785 Ve-

1917 3827 2071 3883 net-is
2118 3828 2160 3857 ”
2208 3843 2222 3880 :
2278 3822 2496 3880 Gemini
2539 3831 2596 3879 ct
2648 3823 2829 3892 Virgo,
2886 3820 3195 3876 Mercurii:
3239 3821 3500 3885 Cancer,

1925 3918 2135 3973 Lunae:
2169 3914 2306 3982 Leo,
2340 3913 2486 3969 Solis
2516 3933 2530 3969 :
2566 3911 2902 3984 Sagittarius
2948 3919 3003 3967 et
3051 3910 3262 3977 Pisces,
3311 3908 3501 3969 Jovis:

1924 4009 2297 4081 Capricornus
2327 4015 2381 4064 et
2414 4005 2715 4077 Aquarius,
2750 4001 2998 4057 Saturni.

2539 4095 2886 4151 Altitudines.

1992 4193 2175 4262 Aries,
2227 4192 2416 4259 Solis;
2468 4188 2714 4256 Taurus,
2767 4187 2979 4256 Lunae;
3037 4187 3273 4252 Cancer,
3312 4184 3505 4255 Jovis;

1929 4285 2138 4354 Virgo,
2197 4283 2423 4354 Martis;
2484 4281 2686 4347 Libra,
2752 4279 3014 4348 Saturni;
3090 4280 3507 4352 Capricornus,

1930 4378 2207 4436 Mercurii.

2426 4465 2804 4539 Figurationes
2855 4466 3015 4520 lunw.

1994 4565 2056 4620 In
2102 4561 2497 4632 conjunctione
2543 4560 2672 4613 luna
2723 4573 2848 4614 esse
2894 4557 3119 4620 dicitur,
3163 4569 3287 4609 cum
3318 4553 3509 4608 eodem

1922 4671 2032 4728 quo
2061 4657 2145 4712 sol
2174 4658 2259 4709 est
2289 4652 2460 4724 gradu
2492 4671 2506 4708 :
2542 4666 2801 4713 nascens,
2836 4665 2960 4704 cum
2990 4647 3308 4720 quindecim
3341 4660 3369 4698 a
3395 4645 3510 4699 sole

1923 4747 2184 4820 gradibus
2219 4745 2387 4800 distat
2418 4763 2432 4799 :
2471 4744 2683 4806 oriens,
2718 4743 2847 4796 dum
2880 4741 3220 4796 corniculata
3251 4741 3510 4807 apparet;

1924 4837 2069 4910 quod
2095 4836 2318 4908 quidem
2353 4835 2437 4890 bis
2472 4833 2727 4900 contigit,
2761 4849 2824 4888 ac
2857 4840 2971 4886 tum
3007 4831 3291 4901 sexaginta
3328 4824 3512 4898 gradi—

1932 4931 2039 4987 bus
2063 4944 2092 4984 a
2126 4928 2243 4984 sele
2286 4927 2492 4981 distat:
2528 4926 2834 4994 semiplena
2866 4924 2951 4978 bis
2981 4921 3348 4992 conspicitur,
3382 4931 3509 4971 cum

1934 5022 2234 5094 nonaginta
2278 5018 2540 5091 gradibus
2584 5017 2854 5072 recessit:
2893 5015 2980 5070 bis
3029 5013 3190 5069 etiam
3250 5009 3508 5081 gibbosa,

1934 5126 2061 5169 cum
2120 5119 2341 5167 centum
2399 5118 2454 5165 et
2522 5106 2711 5180 viginti
2775 5103 3036 5176 gradibus
3084 5123 3099 5159 :
3149 5102 3337 5158 lucem
3378 5114 3513 5154 vero

1933 5204 2149 5274 plenam
2180 5202 2407 5267 habens,
2437 5215 2562 5256 cum
2599 5197 2860 5271 gradibus
2901 5204 3121 5251 centum
3148 5200 3203 5250 et
3237 5193 3513 5266 quinqua-

324 5354 345 5386 ⁸
388 5364 592 5421 Sever.
628 5362 821 5420 Gabal.
861 5364 959 5421 lib.
987 5380 1049 5419 ιιι
1072 5361 1149 5416 De
1180 5360 1311 5431 opif.
1347 5358 1553 5414 mundi.
1590 5418 1595 5424 ,
1630 5359 1675 5391 ¹⁰
1703 5357 1925 5415 Nemes.
1951 5371 2073 5428 cap.
2107 5357 2163 5412 5.
2242 5357 2283 5388 ¹¹
2307 5353 2432 5411 Vid.
2468 5354 2671 5425 Porph.
2704 5296 2787 5408 .De
2813 5364 2965 5408 antro
3024 5347 3255 5421 Nymph.

1570 5494 1809 5550 VARM‘I
1838 5494 2247 5551 LECTIONES.

273 5591 604 5722 ευξὺῆῗᾶοι
647 5594 918 5667 δεύτερον.
979 5592 1150 5653 Vetus
1195 5594 1422 5666 interpr.
1488 5593 1735 5675 secundo,
1787 5600 1840 5649 et
1881 5589 2056 5648 Faber
2089 5591 2204 5654 bis;
2266 5587 2411 5644 unde
2473 5587 2760 5659 tegendum
2816 5593 2947 5657 puto
2979 5584 3079 5649 δίς.
3187 5580 3398 5637 dEdita
3453 5586 3510 5636 et
