4014 6202
425 179 537 245 899

1619 182 1684 244 S.
1724 181 2044 244 JOANNIS
2076 183 2507 247 DAMASCENI

3604 198 3724 264 900

425 299 576 363 gmta
604 310 617 347 :
649 291 810 362 plena
841 288 1068 348 omnino
1115 307 1178 349 ac
1225 295 1493 364 perlecta,
1524 308 1650 350 cum
1683 305 1905 350 centum
1967 310 2004 352 cl

2131 302 2306 371 ἥμισυ
2337 303 2560 374 ἡμερῶν
2617 303 2954 376 παρέρχεται
2989 308 3024 379 ἡ
3066 309 3268 384 σελήνη
3312 309 3547 368 ἕκαστον
3606 312 3726 378 ζὼ-

416 386 698 454 octoginla
738 385 997 456 gradibus
1028 402 1056 439 a
1091 387 1207 442 sole
1257 398 1464 443 remota
1507 395 1613 442 est.
1657 387 1747 442 Bis
1805 389 2018 443 idcirco

2125 391 2255 447 διον.

418 476 685 543 dicimus;
718 477 848 546 quia
895 490 1198 542 crescente,
1237 495 1300 533 ac
1362 495 1557 534 rursus
1590 478 1942 536 decrescente
2007 480 2062 534 id
2095 483 2315 539 accidit.
2348 484 2521 541 Porro
2550 487 2768 544 duobus
2816 487 3012 544 diebus
3049 503 3176 545 cum
3223 491 3456 548 dimidio
3507 509 3727 549 unum-

419 567 678 637 quodque
717 569 937 638 signum
976 569 1102 623 luna
1124 571 1406 625 emetitur.

1051 661 1205 718 CAP.
1256 661 1387 716 Vlll.

915 751 998 807 De
1039 768 1158 806 aere
1215 763 1264 806 et
1327 753 1513 806 remis.

499 847 640 901 Aeris
688 845 1096 911 descriptio.—
1130 845 1238 898 Aer
1290 843 1717 900 subtilissimum
1767 844 2014 899 elemen-

419 951 534 995 tum
567 947 672 1002 est,
727 937 1130 1007 humidumque
1180 944 1236 989 et
1281 935 1558 1003 calidum;
1611 937 1738 1006 igne
1783 936 2010 1006 quidem

419 1030 663 1100 gravius,
692 1035 838 1081 terra
869 1036 1049 1080 tamen
1075 1025 1313 1095 etaquis
1365 1027 1571 1091 levius;
1622 1026 2012 1097 respirationis

419 1132 476 1178 et
509 1123 658 1175 vocis
707 1134 898 1180 causa,
953 1117 1160 1170 coloris
1206 1132 1425 1186 expers,
1478 1117 1581 1171 hoc
1626 1127 1735 1181 est,
1795 1117 1947 1171 nullo
1980 1131 2012 1169 a

422 1223 619 1268 natura
661 1213 846 1265 colore
893 1209 1203 1274 imbutum;
1257 1207 1492 1262 nitidum
1547 1223 1612 1263 ac
1664 1209 2008 1279 pellucidum

423 1305 644 1371 (lumen
701 1303 846 1356 enim
920 1300 1177 1368 excipere
1232 1306 1446 1370 potest)
1506 1299 1687 1356 tribus
1749 1302 2010 1357 sensibus

421 1394 632 1450 nostris
661 1391 968 1446 inserviens
995 1391 1194 1459 (ipsius
1224 1390 1371 1445 enim
1403 1389 1672 1445 beneﬁcio
1698 1392 2006 1458 cernimus,

421 1483 700 1546 audimus,
767 1479 1140 1548 odoramur):
1195 1479 1400 1534 caloris
1459 1479 1586 1533 item
1647 1487 1702 1534 et
1758 1478 2005 1550 trigonis,

421 1571 686 1626 siccitatis
717 1577 770 1622 et
807 1569 1154 1622 humiditatis
1188 1584 1390 1638 capax.
1429 1568 1605 1638 llujus
1641 1570 1846 1624 locales
1889 1586 2010 1622 mo-

2650 672 2903 726 ΚΕΦΑΛ.
2939 675 2999 726 ιιι
3024 674 3204 747 [KB’].

2527 765 2667 833 Περὶ
2692 765 2868 833 ἀέρος
2907 767 3007 819 καὶ
3045 767 3304 836 ἀνέμων.

2198 855 2332 924 Ἀήρ
2354 855 2468 908 ὲστι
2500 858 2760 924 στοιχεῖον
2781 856 3130 921 λεπτότατον,
3166 859 3333 930 ὑγρόν
3363 879 3423 915 τε
3453 865 3550 916 καὶ
3583 864 3722 936 θερ-

2120 946 2241 1016 μὸν,
2270 946 2364 1000 τοῦ
2395 947 2496 1016 μὲν
2527 947 2700 1018 πυρὸς
2729 947 3050 1018 βαρύτερον,
3086 949 3186 1018 τῆς
3220 950 3276 1004 δὲ
3314 954 3416 1022 γῆς
3441 957 3539 1008 καὶ
3600 958 3720 1010 τῶν

2116 1037 2324 1090 ὑδάτων
2353 1038 2708 1107 κουφότερον,
2743 1039 3023 1108 ἀναπνοῆς
3074 1039 3169 1092 καὶ
3204 1042 3575 1113 ὲκφωνήσεως,
3625 1050 3721 1100 αῖ-

2075 1155 2077 1157 ·
2115 1145 2250 1192 τιον,
2277 1129 2721 1199 ἀχρωμάτιστον,
2753 1131 2871 1200 ἦτοι
2901 1131 2966 1183 ὲκ
2989 1131 3204 1198 φύσεως
3229 1134 3430 1204 χρῶμα
3476 1137 3554 1207 μὴ
3615 1155 3718 1190 κε-

2117 1217 2408 1287 κτημένον,
2443 1217 2656 1282 διειδὲς,
2687 1217 2952 1286 διαφανές
2979 1235 2993 1248 ο
3031 1219 3210 1286 φωτὸς
3244 1221 3350 1292 γάρ
3384 1223 3500 1275 ἐστι
3523 1225 3713 1278 δεκτι-

2116 1309 2212 1363 κόν
2238 1326 2251 1339 ·
2290 1311 2532 1373 καὶτοῖς
2561 1309 2740 1382 τρισὶν
2786 1310 3107 1379 αἰσθήσεσιν
3153 1311 3314 1382 ήμῶν
3367 1313 3659 1368 διακονοῦν
3699 1333 3713 1345 δ

2114 1400 2183 1453 δι’
2229 1399 2393 1453 αὐτοῦ
2434 1400 2544 1471 γὰρ
2603 1400 2819 1471 ὁρῶμεν
2847 1441 2861 1465 ,
2907 1400 3203 1471 ἀκούομεν,
3255 1401 3706 1474 ὀσφραινόμεθϊ·

2113 1493 2360 1546 δεκτικὸν
2395 1491 2642 1561 Οάλψεώς
2663 1509 2723 1545 τε
2761 1493 2856 1546 καὶ
2890 1491 3127 1562 ψύξεως,
3159 1493 3456 1564 ξηρότητός
3489 1512 3547 1548 τε
3600 1496 3701 1549 καὶ

2113 1585 2410 1657 ὑγρότητος
2436 1602 2452 1618 ·
2487 1579 2547 1638 οὗ
2571 1587 2742 1638 πᾶσαι
2763 1585 2818 1637 αἱ
2855 1584 2997 1638 κατά
3027 1585 3193 1638 τόπον
3225 1589 3469 1656 κινήσεις
3531 1588 3697 1651 εἰσὶν,

421 1671 512 1717 tus
567 1663 619 1715 hi
668 1668 822 1723 sunt,
880 1675 1126 1723 sursum,
1157 1659 1318 1730 169
1357 1661 1640 1726 deorsum,
1678 1661 2004 1726 introrsum,

2115 1676 2243 1744 ἄνω,
2314 1677 2483 1741 κάτω,
2543 1676 2673 1741 έσω,
2717 1674 2845 1742 ἔξω,
2873 1670 3049 1737 δεξιὰ,
3083 1673 3370 1744 ἀριστερὰ,
3407 1675 3501 1728 καὶ
3530 1676 3564 1745 ἡ
3596 1693 3699 1728 κυ⁴

420 1763 752 1814 extrorsum,
787 1754 1162 1816 dextrorsum,
1193 1753 1601 1816 sinistrorsum,
1631 1768 1695 1808 ac
1720 1761 2007 1824 postremo

419 1851 614 1898 motus
630 1841 876 1896 orbicus.

489 1953 596 2004 Aer
630 1966 694 2004 ea:
728 1967 782 2004 se
810 1950 983 2003 lumen
1035 1965 1139 2002 non
1186 1948 1365 2003 habet.
1394 1979 1464 1989 -—
1500 1950 1579 2004 Ex
1615 1965 1674 2006 se
1705 1958 1888 2006 autem
1923 1952 2009 2006 lu-

421 2060 546 2097 men
579 2059 689 2096 non
727 2043 913 2107 habet,
945 2058 1134 2096 verum
1175 2056 1204 2094 a
1241 2041 1378 2106 sole,
1423 2042 1576 2106 luna,
1610 2043 1918 2106 sideribus,
1952 2051 2008 2097 et

423 2134 546 2204 igne
570 2133 950 2188 collustratur.
981 2133 1160 2202 Atque
1182 2132 1286 2186 hoc
1311 2143 1396 2188 est
1421 2134 1567 2198 quod
1597 2134 1672 2186 ait
1698 2134 2003 2203 Scriptura:

428 2224 497 2277 Et
547 2224 774 2278 tenebra:
820 2235 972 2278 erant
1005 2239 1162 2291 super
1197 2223 1384 2292 faciem
1413 2223 1597 2294 abyssi
1626 2227 1689 2278 ¹¹.
1723 2223 1830 2278 Ubi
1867 2225 2014 2278 indi-

422 2331 553 2370 care
586 2316 702 2368 vult
752 2329 937 2369 aerem
994 2315 1220 2368 minime
1250 2330 1281 2367 a
1313 2331 1372 2368 se
1408 2315 1590 2370 lumen
1639 2315 1868 2380 habere,
1908 2315 2006 2371 sed

422 2405 696 2458 diversam
721 2420 846 2459 esse
872 2405 1097 2458 luminis
1129 2404 1528 2460 substantiam.

495 2495 638 2560 Quid
673 2507 876 2549 nemus.
905 2525 973 2535 —
1000 2495 1070 2548 At
1096 2505 1293 2551 ventus
1319 2506 1403 2550 est
1427 2496 1656 2566 agitatio
1682 2497 1850 2551 aeris.
1885 2495 2007 2563 Vel,

425 2600 621 2642 ventus
648 2598 732 2642 est
761 2587 907 2641 aeris
933 2587 1137 2651 ﬂiixus,
1180 2603 1279 2656 pro
1325 2588 1475 2642 varia
1515 2589 1758 2642 locorum
1789 2605 1856 2642 ex
1887 2589 2014 2658 qui-

425 2677 529 2732 bus
560 2686 746 2730 manat
780 2680 1016 2744 ratione,
1046 2679 1153 2732 alia
1184 2685 1350 2748 atque
1385 2679 1488 2732 alia
1520 2679 1758 2736 subinde
1787 2681 2011 2734 nomina

424 2769 709 2838 accipiens
755 2769 820 2822 “.

492 2916 644 2970 Aeris
703 2916 872 2982 locus,
927 2930 1198 2971 ventorum
1246 2934 1616 2974 numerus.—
1649 2919 1796 2986 Quin
1855 2921 2011 2977 locus

2108 1766 2411 1839 κλοφορικὴ
2445 1765 2680 1837 κίνησις.

2180 1964 2406 2019 Οἴκοοεν
2443 1965 2517 2036 μὴ
2551 1963 2888 2034 κεκτημένος
2930 1963 2991 2016 τὸ
3027 1963 3160 2031 φῶς,
3192 1963 3308 2015 ἀλλ’
3355 1963 3459 2014 ὑπὸ
3511 1961 3695 2032 ἡλίου,

2109 2059 2205 2111 καὶ
2236 2057 2484 2128 σελήνης,
2540 2057 2636 2111 καὶ
2689 2057 2929 2124 ἄστρων,
2976 2053 3066 2107 καὶ
3093 2055 3258 2122 πυρὴ
3289 2053 3678 2122 φωτιζόμενος.

2111 2150 2220 2204 Καὶ
2264 2147 2420 2200 τοῦτό
2471 2150 2639 2212 ἐστιν,
2674 2147 2702 2200 ὃ
2733 2141 2888 2199 εἶπεν
2937 2147 2967 2216 ἡ
3016 2143 3219 2216 Γραιρὴ,
3255 2146 3335 2196 ὅτι
3358 2145 3575 2208 Σκότος
3596 2139 3678 2212 ἦν

2108 2241 2310 2294 ἐπάνω
2339 2241 2446 2308 τῆς
2480 2241 2780 2300 ἀϐύσσου.
2817 2239 3040 2292 Θέλουσα
3067 2239 3256 2304 δεῖξαι,
3283 2239 3356 2301 ὼς
3400 2239 3500 2289 οὐκ
3535 2237 3692 2288 οἰκο-

2111 2331 2202 2384 οεν
2223 2333 2251 2384 6
2280 2331 2386 2401 ἀὴρ
2417 2331 2476 2384 τὸ
2507 2330 2622 2399 φῶς
2645 2331 2930 2402 κέκτηται,
2956 2329 3066 2382 ἀλλ’
3093 2329 3230 2400 ἀλλη
3253 2328 3336 2390 τίς
3369 2330 3512 2380 ἐστιν
3534 2325 3698 2380 obuia

2110 2425 2144 2494 ἡ
2179 2424 2270 2477 τοῦ
2307 2425 2504 2493 φωτός.

2185 2515 2420 2584 ’Ἄνεμος
2470 2514 2529 2567 δέ
2563 2515 2678 2566 ἐστι
2731 2513 2946 2584 κίνησις
2987 2513 3169 2582 ἀέρος.
3231 2513 3301 2564 Ἢ
3341 2511 3540 2581 ἄνεμός
3579 2511 3700 2564 ἔστι

2114 2605 2291 2678 ῥεῦμα
2313 2607 2474 2676 ἀέρος
2499 2607 2597 2676 τῆς
2625 2605 2734 2659 τῶν
2755 2606 2935 2660 τόπων
2966 2585 3293 2674 ὲξαλλέγῆς,
3323 2605 3444 2658 ὅθεν
3469 2607 3572 2674 ρεῖ,
3598 2604 3702 2666 τάς

2112 2696 2429 2768 ἐπωνυμίας
2457 2697 2726 2767 ἀμείϐων.

2183 2927 2295 2981 Καὶ
2324 2928 2352 2977 ό
2383 2927 2549 2990 τόπος
2581 2924 2637 2979 δὲ
2666 2923 2757 2978 τοῦ
2793 2923 2954 2994 ἀέρος
3006 2922 3144 2976 ἐστί.
3181 2921 3357 2984 Τόπος
3414 2921 3521 2991 γάρ
3549 2919 3705 2973 ἐστιν

421 3023 642 3078 quoque
677 3009 824 3064 aeris
853 3016 958 3062 est.
1005 3007 1138 3062 Illud
1167 3009 1312 3062 enim
1360 3009 1608 3079 cujusvis
1632 3011 1900 3081 ‘corporis
1929 3012 2004 3066 lo-

2115 3019 2342 3072 έκάστου
2379 3015 2630 3085 σώματος
2664 3015 2696 3084 ἡ
2726 3013 2918 3066 τούτου
2949 3012 3205 3082 περιοχή.
3251 3009 3314 3061 Τί
3357 3009 3412 3062 δὲ
3449 3007 3704 3078 περιέχει

421 3114 524 3155 cus
550 3110 656 3166 est,
691 3118 799 3170 quo
823 3102 1252 3171 unumquodque
1284 3101 1609 3157 includitur.
1645 3103 1784 3169 Quid
1816 3115 1997 3160 autem

422 3189 574 3244 aliud
606 3207 839 3261 corpora
877 3195 1123 3249 continet
1156 3203 1209 3248 et
1249 3196 1442 3260 ambit,
1498 3197 1604 3250 nisi
1657 3196 1789 3251 aer?
1827 3195 2007 3252 Varia:

423 3296 592 3349 porro
630 3285 1077 3352 inultipliccsque
1112 3287 1366 3355 regiones
1399 3296 1547 3354 sunt,
1587 3289 1733 3342 unde
1764 3304 1858 3342 aer
1890 3290 2008 3360 agi-

425 3380 609 3435 tatur;
645 3387 710 3424 ex
758 3374 961 3441 quibus
995 3373 1160 3426 etiam
1200 3375 1492 3428 duodecim
1545 3377 1694 3430 venti
1747 3377 2003 3445 (totidem

421 3463 568 3516 Cnim
605 3479 798 3516 omnes
832 3465 983 3534 sunt)
1013 3481 1209 3519 noxnen
1237 3466 1490 3520 trahunt.
1523 3467 1667 3521 Sunt
1695 3469 1788 3538 qui
1820 3484 2004 3526 aerem

424 3553 559 3606 nihil
587 3553 736 3606 aliud
767 3570 892 3608 esse
913 3553 1274 3616 contendant,
1301 3556 1406 3611 nisi
1437 3557 1616 3626 ignem
1641 3559 1998 3627 exstinctum,

422 3653 518 3697 aut
564 3643 844 3700 calefacta:
877 3661 1033 3715 aqua:
1079 3662 1356 3716 vaporem.
1392 3647 1762 3714 Quamobrem
1798 3660 1997 3706 natura

421 3737 645 3807 quidem
679 3755 778 3794 sua
820 3739 1032 3794 calidus
1071 3750 1193 3806 est;
1231 3756 1419 3796 verum
1455 3757 1519 3797 ex
1555 3757 1714 3812 aqua:
1747 3752 1801 3798 et
1837 3752 1998 3799 teme

2101 3109 2171 3163 τὰ
2197 3106 2428 3176 σώματα
2449 3145 2465 3171 ,
2501 3108 2550 3159 εί
2587 3105 2662 3175 μὴ
2690 3105 2830 3175 ἀήρς
2866 3104 2984 3158 Εἰσὶ
3010 3103 3066 3156 δὲ
3098 3103 3252 3154 τόποι
3276 3101 3547 3171 διάφοροι,
3569 3099 3706 3151 ὅθεν

2102 3201 2135 3269 ή
2171 3197 2264 3250 τοῦ
2299 3196 2460 3265 ἀέρος
2485 3195 2693 3264 γίνεται
2725 3193 2956 3264 κίνησις,
2989 3193 3050 3256 ἐξ
3070 3185 3142 3246 ὧν
3171 3191 3267 3244 καὶ
3291 3193 3342 3243 ot
3371 3191 3565 3260 ἄνεμοι
3590 3189 3706 3253 τὰς

2105 3287 2425 3357 ἐπωνυμίας
2459 3286 2664 3356 έχουσι.
2697 3284 2916 3338 Δώδεκα
2952 3284 3008 3337 δὲ
3053 3283 3252 3346 πάντες
3283 3282 3390 3334 εἰσι
3410 3297 3426 3312 ο
3466 3280 3599 3350 φασὶ
3638 3279 3705 3333 δὲ

2100 3379 2192 3432 τὸν
2219 3379 2358 3450 ἀέρα
2401 3378 2590 3431 σϐέσιν
2619 3377 2811 3446 πυρὸς,
2847 3375 2879 3446 ἢ
2919 3374 3090 3444 ἀτμὸν
3135 3372 3326 3436 ὓδατος
3351 3371 3706 3442 Θερμανθένο

2100 3487 2212 3534 τος.
2245 3469 2401 3522 Ἔστι
2437 3468 2568 3537 γοῦν
2597 3470 2625 3522 6
2654 3467 2781 3539 ἀὴρ,
2813 3467 2955 3522 κατὰ
2987 3466 3086 3536 μὲν
3115 3466 3215 3536 τὴν
3245 3463 3451 3517 οἰκείαν
3496 3462 3698 3531 φύσιν,

2107 3563 2309 3634 θερμός
2329 3578 2342 3590 ’
2391 3561 2623 3632 ψύχεται
2652 3560 2710 3614 δὲ
2742 3563 2808 3632 τῇ
2837 3559 3132 3628 γειτνιάσει
3176 3561 3243 3629 τῇ
3292 3556 3428 3628 πρὸς
3455 3555 3516 3608 τὸ
3542 3555 3704 3626 ὕδωρ

2107 3659 2201 3712 καὶ
2252 3656 2350 3727 τὴν
2398 3657 2521 3726 γῆν,
2573 3655 2650 3720 ὡς
2701 3655 2771 3708 τὰ
2807 3655 2908 3724 μὲν
2936 3653 3088 3706 κάτω
3133 3653 3275 3724 μέρη
3311 3648 3477 3704 αὑτοῦ
3501 3648 3703 3719 ψυχρά

2105 3745 2266 3813 εἶναι,
2303 3747 2370 3800 τὰ
2403 3747 2461 3800 δὲ
2494 3747 2627 3809 ἀνω,
2659 3745 2858 3816 οερμά.

418 3828 704 3882 vicinitate
755 3827 934 3900 frigus
1007 3829 1314 3884 contrahit.
1388 3829 1467 3885 Ex
1520 3847 1630 3902 quo
1677 3835 1736 3888 lit
1791 3842 1850 3888 ut
1909 3833 2202 3895 inferiores
2269 3841 2440 3910 ipsius
2484 3844 2676 3906 partes
2739 3835 2952 3907 frigidae
3022 3835 3173 3901 sint,
3223 3833 3542 3904 superiores
3588 3845 3702 3885 ca-

418 3918 543 3974 lida:
577 3917 638 3976 ³⁸.

498 4035 780 4088 Ventorum
841 4039 1076 4090 nomina.
1117 4066 1185 4076 —
1236 4036 1391 4102 Quod
1447 4047 1629 4093 autem
1679 4039 1746 4093 ad
1802 4051 1993 4095 ventus

421 4130 634 4189 attinet,
683 4127 750 4179 ab
776 4128 966 4181 aestivo
999 4137 1125 4182 ortu
1161 4128 1295 4181 llam
1328 4131 1550 4193 caecias,
1575 4133 1666 4200 qui
1701 4141 1755 4186 et
1793 4148 1992 4187 meses.

422 4219 506 4272 Ab
523 4230 645 4272 ortu
664 4220 1056 4287 mquinoctiali,
1082 4221 1417 4276 subsolanus
1448 4237 1462 4275 :
1495 4225 1562 4276 ab
1595 4233 1717 4276 ortu
1749 4225 1996 4290 hiberno,

419 4323 608 4363 eurus.
623 4309 701 4361 Ab
719 4310 944 4364 hiberno
961 4326 1182 4376 occasu,
1199 4314 1406 4366 africus
1423 4331 1434 4365 :
1451 4315 1517 4366 ab
1535 4317 1900 4384 :equinoctiali
1916 4331 2002 4371 oc-

2171 4053 2194 4080 θ
2225 4043 2450 4111 Ἀνεμοι
2483 4039 2759 4100 πνέουσιν,
2817 4035 2926 4090 ἀπὸ
2953 4034 3221 4104 ἀνατολῆς
3269 4033 3518 4106 Θερινῆς,
3563 4054 3696 4091 και-

2096 4135 2239 4197 κίας,
2301 4135 2328 4184 ό
2362 4132 2455 4186 καὶ
2489 4131 2681 4202 μέσης.
2723 4129 2856 4182 Ἀπὸ
2897 4127 3161 4197 ἀνατολῆς
3203 4128 3556 4198 ἰσημερινῆς,
3585 4130 3697 4182 ἀπε

2095 4225 2351 4296 ηλιώτης.
2397 4223 2529 4276 Ἀπὸ
2555 4220 2818 4291 ἀνατολῆς
2851 4219 3186 4290 χειμερινῆς,
3212 4216 3391 4290 εὖρος.
3430 4221 3566 4273 Ἀπὸ
3590 4221 3694 4272 δύ-

2101 4334 2237 4381 σεως
2296 4313 2635 4387 χειμερινῆς,
2669 4312 2794 4382 λίψ·
2829 4312 2939 4365 ἀπὸ
2963 4311 3166 4372 δύσεως
3202 4312 3546 4383 ἰσημερινῆς,
3589 4312 3692 4374 ζέ-
3750 4331 3764 4343 -

420 4415 575 4466 casu,
593 4401 844 4457 favonius
868 4423 880 4458 :
903 4405 970 4457 ab
989 4405 1180 4458 aestivo
1197 4420 1418 4468 occasu,
1441 4422 1626 4472 corus,
1648 4409 1738 4476 qui
1757 4418 1808 4462 et
1825 4411 1998 4480 olym-

2115 4423 2310 4480 pupo;'
2341 4407 2452 4461 ἀπὸ
2495 4406 2700 4469 δύσεως
2752 4403 2990 4475 θερινῆς,
3027 4402 3321 4476 ἀργέτι-της,
3362 4404 3481 4473 ἦτοι
3510 4403 3691 4473 ὀλυμ-

417 4493 562 4563 pias,
598 4501 652 4548 et
699 4493 857 4564 iapyx
901 4493 1130 4548 dicitur.
1161 4493 1298 4548 Tum
1329 4505 1519 4552 auster
1557 4507 1612 4552 et
1648 4499 1866 4567 aquilo,
1899 4501 1994 4569 qui

417 4586 691 4655 oppositis
741 4586 878 4639 inter
935 4601 1058 4640 sese
1112 4586 1332 4642 ﬂatibus
1384 4589 1622 4658 spirant.
1663 4591 1758 4647 Est
1810 4603 1993 4647 autem

416 4673 561 4729 inter
614 4675 927 4744 aquilonem
978 4683 1032 4730 et
1089 4678 1309 4732 cmciam
1364 4679 1694 4749 interjectus
1762 4682 1993 4750 boreas;

415 4765 560 4820 inter
593 4782 786 4821 eurum
832 4774 886 4822 et
921 4779 1190 4832 austrum,
1227 4769 1472 4839 phmnix,
1518 4773 1612 4840 qni
1661 4773 1825 4828 etiam
1861 4775 1995 4840 liba:

414 4865 571 4909 notus
627 4857 937 4927 appellatur
973 4876 985 4911 :
1028 4859 1174 4914 inter
1226 4871 1475 4914 austrum
1525 4879 1720 4918 rursus
1764 4876 1818 4919 et
1853 4866 1990 4920 afri-

414 4964 562 5013 cum,
613 4950 912 5016 libonotus,
952 4952 1045 5022 qui
1077 4961 1130 5007 et
1169 4953 1497 5008 leuconotus
1531 4972 1542 5008 :
1587 4956 1807 5010 demum
1847 4958 1987 5012 inter

415 5040 730 5108 aquilonem
773 5051 828 5094 et
867 5057 1089 5106 eorum,
1135 5041 1432 5109 thrascias,
1483 5059 1577 5098 seu
1628 5045 1862 5110 cercius,
1920 5047 1989 5099 ab

415 5129 503 5185 his
537 5132 627 5200 qui
665 5147 856 5187 versus
889 5134 1168 5203 regionem
1211 5133 1354 5188 hanc
1390 5135 1662 5200 incolunt,
1719 5137 1793 5191 ita
1848 5153 1990 5191 nun-

413 5233 672 5293 cupatus.

484 5381 528 5414 “
553 5379 688 5437 Gen.
719 5397 760 5449 ι,
793 5383 846 5437 ὅ.
926 5383 970 5415 ⁸³
1007 5383 1195 5440 Serer.
1220 5384 1414 5444 Gabal.
1450 5387 1600 5443 hom.
1641 5389 1663 5441 l
1702 5390 1755 5443 in
1794 5389 2052 5447 llexaem.

2099 4501 2250 4564 πίας,
2285 4502 2312 4553 ὁ
2352 4501 2443 4553 καὶ
2469 4499 2650 4566 ἱάπυξ.
2687 4493 2816 4551 Εἶτα.
2842 4495 2992 4558 νότος
3041 4494 3134 4548 καὶ
3166 4493 3479 4564 ἀπαρκτίας
3528 4495 3687 4548 ἀντιι⁹

2096 4593 2346 4655 πνέοντες
2397 4591 2669 4662 ἀλλήλοις.
2721 4589 2877 4642 Ἔστι
2929 4587 2985 4640 δὲ
3033 4587 3196 4658 μέσος
3242 4587 3549 4657 ἀπαρκτίου
3581 4588 3685 4641 καὶ

2094 4683 2335 4747 καικίου,
2369 4681 2588 4753 βορέας.
2620 4679 2693 4735 Εὖ
2706 4697 2799 4750 ρου
2825 4679 2881 4731 δὲ
2907 4679 3000 4732 καὶ
3028 4678 3181 4730 νότου
3211 4677 3395 4747 μέσος,
3427 4676 3627 4744 φοῖνιξ,
3650 4680 3682 4729 ό

2093 4775 2421 4847 καλούμενος
2448 4775 2745 4844 εὑρόνοτος.
2783 4771 2962 4832 Μέσος
2991 4773 3144 4826 νότου
3168 4771 3260 4824 καὶ
3283 4770 3450 4832 λιϐὸς,
3473 4769 3684 4823 λιϐόνο-

2092 4887 2202 4932 τος,
2240 4871 2268 4921 ὁ
2297 4869 2389 4921 καὶ
2410 4867 2742 4930 λευκόνοτος.
2777 4866 2960 4928 Μέσος
2979 4865 3036 4918 δὲ
3067 4863 3374 4934 ἀπαρκτίου
3398 4862 3489 4914 καὶ
3508 4861 3680 4929 ἀργέ-

2097 4976 2243 5019 στου,
2302 4955 2588 5028 Ορασκίας,
2649 4958 2766 5028 ἦτοι
2797 4956 3018 5026 κέρκιυς
3072 4952 3177 5006 ὑπὸ
3217 4952 3328 5005 τῶν
3382 4949 3678 5022 περιοίκων

2095 5050 2510 5121 ὀνομαζόμενος.

2133 5391 2177 5423 ⁸⁵
2211 5389 2427 5447 Nemes.
2474 5389 2547 5444 De
2583 5395 2694 5444 nat.
2731 5386 2873 5440 hom.
2909 5383 2958 5450 l,
2995 5397 3114 5453 cap.
3139 5383 3196 5440 5.

1677 5543 1911 5600 VARI/13
1949 5544 2352 5610 LﬁCTlONES,

488 5634 511 5661 ε
541 5626 747 5685 Desunt
781 5630 895 5685 haec
929 5629 982 5684 in
1018 5628 1152 5685 edit.
1186 5627 1395 5686 Veron.
