4014 6202
375 250 483 317 901

454 359 562 385 11⁵9

378 451 627 522 κτριανοί
656 469 668 480 ·
703 448 1022 520 κατέὗρον,
1068 451 1277 506 Ἰνδικοί
1299 471 1312 486 ·
1341 457 1480 509 κατὰ
1524 459 1766 522 Φοίνικα,
1803 460 1962 530 Ἐρυ-

377 544 487 614 Opi
510 543 756 597 θάλασσα
791 544 883 597 καὶ
907 545 1165 599 Αἰθιοπία
1188 563 1200 576 ο
1245 547 1389 601 κατὰ
1417 549 1710 616 λιϐόνοτον,
1738 553 1788 605 οἱ
1824 553 1962 623 ὑπὲρ

377 635 577 702 Σύρτιν
629 634 1020 703 Γαράμαντες⁶
1065 637 1205 690 κατὰ
1255 637 1419 706 λίϐα,
1474 641 1753 706 Αἰθίοπες,
1788 645 1882 697 καὶ
1910 647 1961 698 οἱ

374 725 633 794 δυσμικοὶ
681 724 1094 795 ’Υπέρμαυροιο
1124 731 1265 781 κατὰ
1313 729 1564 802 ζέφυρον,
1595 733 1816 802 Στῆλαι,
1867 735 1962 788 καὶ

375 815 545 885 ἀρχαὶ
570 815 781 885 Λιὸύης
804 817 897 870 καὶ
925 817 1193 890 Εὐρώπης
1213 836 1226 851 ·
1257 822 1396 874 κατὰ
1416 825 1713 896 ἀργέστην,
1732 827 1960 899 Ἰϐηρία,

375 909 409 972 ἠ
461 905 556 959 νῦν
593 906 874 960 Ίσπανία·
907 907 1049 960 κατὰ
1078 908 1134 961 δὲ
1192 909 1484 980 Θρασκίαν,
1519 915 1736 981 Κελτοὶ,
1769 917 1866 970 καὶ
1893 919 1960 972 τὰ

375 997 581 1066 ὅμορα·
614 998 754 1050 κατὰ
779 998 1111 1069 ἅπαρκτὶαν,
1133 1003 1182 1054 οἱ
1205 1003 1346 1075 ὑπὲρ
1372 1003 1470 1074 τὴν
1497 1005 1717 1076 Θρᾴκην
1735 1008 1955 1063 Σκύθαι’

376 1087 521 1139 κατὰ
552 1086 775 1160 βορρᾶν,
808 1090 1030 1155 Πόντος,
1063 1093 1331 1160 Μαιῶτις,
1358 1093 1450 1149 καὶ
1477 1099 1760 1168 Σαρμάται
1784 1117 1796 1130 ·
1820 1102 1961 1156 κατὰ

375 1177 621 1245 καικίαν,
657 1179 881 1234 Κασπία
906 1180 1174 1249 θάλασσα,
1207 1187 1300 1238 καὶ
1329 1186 1545 1259 Σάκαι.]

888 1443 1137 1500 Koma.
1175 1446 1232 1500 θ’
1267 1447 1438 1522 [KP].

952 1536 1092 1604 Περὶ
1125 1537 1376 1596 ὑδάτων.

445 1624 559 1676 Καὶ
591 1619 653 1675 τὸ
685 1622 826 1696 ὕδωρ
849 1625 904 1679 δὲ
956 1627 1014 1681 ἓν
1058 1629 1164 1682 τῶν
1195 1633 1474 1703 στοιχείων
1521 1635 1630 1690 τῶν
1674 1639 1956 1710 τεσσάρων

1472 257 1569 316 DE
1595 260 1773 318 FIDE
1806 258 2268 321 ORTHODOXA
2308 261 2455 324 LIB.
2493 265 2575 324 II.

454 359 502 434 ί’
540 358 708 427 Ἔονη
745 359 800 411 δὲ
828 360 967 412 οἰκεῖ
986 360 1054 413 τὰ
1084 360 1313 430 πέρατα,
1345 363 1466 416 κατ’
1488 366 1824 438 ἀπηλιώτην,
1862 368 1962 421 Βα-
1991 373 2033 429 Α

3551 277 3664 342 902

2137 369 2377 439 [Gentes
2431 385 2611 428 autem
2664 392 2786 442 qua:
2833 378 2885 430 in
2933 381 3085 436 orbis
3120 384 3319 440 ﬁnibus
3351 387 3513 446 sedes
3562 388 3666 445 ha-

2071 461 2232 525 bent,
2286 463 2370 515 lue
2410 473 2560 518 sunt.
2616 466 2694 518 Ad
2753 469 3152 534 subsolanum,
3204 475 3531 534 Bactriani:
3593 485 3660 537 ad

2069 566 2287 618 eurum,
2339 555 2453 610 Indi
2497 573 2510 609 :
2548 557 2616 610 ad
2669 559 3023 628 Phoenicem,
3085 581 3234 621 mare
3280 568 3528 626 Rubrum
3604 581 3662 628 et

2069 641 2389 715 IEtbiOpia;
2435 649 2502 701 ad
2534 649 2860 716 libon-otum,
2897 653 3288 721 Garamantes,
3330 660 3422 728 qui
3474 677 3643 730 supra

2072 732 2275 805 Syrtim
2328 746 2459 793 sunt
2507 741 2572 794 ad
2621 743 2890 809 Africum,
2941 745 3232 817 JEtIiiOpes
3295 760 3349 803 et
3380 753 3646 808 occiden-

2071 829 2205 883 tales
2269 829 2493 886 Mauri:
2539 834 2604 885 ad
2659 835 2967 899 favonium,
3023 837 3278 894 Herculis
3338 842 3640 912 Columnaz,

2067 925 2122 973 et
2167 917 2351 990 Libya:
2405 937 2468 976 ac
2527 923 2756 994 Europa:
2811 926 2967 980 initia
2997 946 3009 981 :
3044 929 3110 981 ad
3166 945 3391 997 eortuu,
3438 933 3640 1000 Iberia,

2066 1026 2188 1079 qua:
2220 1011 2383 1065 hodie
2417 1011 2682 1083 Hispania
2721 1029 2948 1070 vocatur
2984 1037 2996 1071 :
3030 1021 3094 1072 ad
3136 1023 3431 1077 thrasciam
3453 1065 3466 1090 ,
3497 1025 3638 1082 Galli

2066 1117 2130 1155 ac
2163 1102 2408 1157 ﬁnitimae
2438 1108 2729 1162 nationes:
2764 1110 2829 1162 ad
2880 1113 3220 1179 aquilonem,
3268 1113 3502 1185 Scythae,
3544 1122 3640 1189 qui

2067 1208 2234 1261 Supra
2271 1193 2560 1248 Thraciam
2597 1207 2728 1250 sunt
2765 1216 2777 1251 :
2812 1200 2876 1252 ad
2918 1201 3164 1264 boream,
3199 1202 3430 1269 Pontus,
3469 1208 3640 1264 Mmo-

2065 1283 2138 1338 tis
2200 1292 2254 1338 et
2309 1283 2573 1340 Sarmatae
2617 1305 2632 1341 :
2670 1287 2738 1341 ad
2779 1289 3028 1356 caeciam,
3079 1309 3231 1350 mare
3275 1295 3537 1369 Caspium
3579 1309 3641 1358 et

2066 1371 2238 1429 Sacae.
2260 1373 2281 1448 ]

2711 1473 2860 1527 CAP.
2902 1475 2990 1528 IX.

2712 1563 2789 1617 De
2815 1569 2987 1635 aquis.

2131 1651 2297 1721 Aqua:
2337 1653 2643 1720 descriptio.
2694 1657 2967 1725 Aquarum
3021 1674 3183 1728 supra
3242 1663 3638 1730 ﬁrmamentum

374 1712 515 1776 ἐστὶ,
552 1714 764 1785 ποίημα
801 1716 937 1769 Θεοῦ
986 1719 1309 1777 κάλλιστον·
1360 1724 1505 1796 ὕδωρ
1544 1729 1664 1782 ἐστὶ
1696 1735 1958 1803 στοιχεῖον

2064 1743 2222 1798 ratio.
2254 1772 2324 1782 -—
2354 1745 2513 1814 Aqua
2564 1747 2729 1800 etiam
2781 1764 2950 1802 unum
3001 1758 3107 1813 est,
3152 1767 3217 1806 ex
3255 1763 3496 1823 quatuor
3523 1759 3640 1812 ele-

375 1805 542 1878 ὐγρόν
577 1823 638 1858 τε
666 1808 759 1861 καὶ
788 1808 1018 1882 ψυχρὸν,
1047 1811 1183 1885 βαρύ
1205 1832 1263 1869 τε
1288 1819 1381 1871 καὶ
1411 1824 1751 1893 κατωφερὲς,
1781 1827 1959 1880 εὐδιά-

370 1911 556 1964 χυτον.
598 1895 800 1950 Τούτου
823 1897 879 1950 δὲ
903 1901 1294 1984 ’μνημονεύειὴ
1330 1907 1452 1962 Θεία
1471 1911 1663 1984 Γραφὴ
1700 1914 1957 1983 λέγουσα’

374 1985 480 2039 Kal
515 1986 736 2053 σκότος
773 1985 852 2059 ἦν
878 1978 1080 2046 ἐπάνω
1110 1993 1214 2063 τῆς
1246 1997 1358 2052 ἀϐύ
1370 1978 1560 2055 σσουο
1592 1978 1690 2057 καὶ
1715 1978 1957 2077 Πνεῦμα

378 2078 526 2132 Θεοῦ
553 2078 872 2149 ἐπεφέρετο
913 2083 1113 2139 ἐπάνω
1145 2089 1252 2141 τοῦ
1283 2089 1517 2158 ὕδατος.
1557 2095 1825 2161 Ἀὃυσσος
1850 2100 1957 2172 γὰρ

370 2169 527 2223 οὐδὲν
559 2173 750 2242 ἕτερόν
805 2176 976 2240 ἐστιν,
1011 2179 1059 2232 ei
1096 2181 1171 2253 μὴ
1216 2181 1359 2254 ὕδωρ
1409 2187 1566 2253 πολὺ,
1612 2184 1672 2243 οὗ
1702 2191 1763 2243 τὸ
1805 2169 1958 2258 τέλος

371 2263 765 2335 ἀκατάληπτον
795 2266 1140 2337 ἀνθρώποις·
1177 2271 1236 2326 ὲν
1279 2275 1419 2347 ἀρχῇ
1469 2278 1567 2346 μὲν
1597 2275 1690 2335 οὖν
1722 2282 1782 2336 τὸ
1812 2282 1956 2358 ὕδωρ

371 2355 466 2408 ἐπὶ
525 2359 706 2411 πᾶσαν
757 2359 856 2430 τὴν
889 2363 990 2431 γῆν
1031 2364 1356 2432 ἐπεπόλαζε.
1412 2370 1524 2423 Καὶ
1578 2373 1820 2444 πρῶτον,
1857 2355 1957 2448 μὲν

371 2447 633 2538 ἐποίησεν
658 2451 687 2503 6
719 2450 852 2515 Θεὸς
875 2453 936 2506 τὸ
976 2456 1282 2526 στερέωμα,
1324 2458 1648 2533 διαχωρίζον
1681 2447 1956 2538 ἀναμέσον

371 2537 466 2590 τοῦ
499 2537 693 2603 ὓδατος
718 2541 812 2595 τοῦ
839 2544 1020 2598 ἐπάνω
1047 2546 1140 2599 τοῦ
1163 2551 1562 2622 στερεὼματος,
1592 2557 1801 2612 καὶτοῦ
1831 2560 1956 2616 ὓδα-

373 2648 467 2694 τος
515 2632 610 2684 τοῦ
668 2634 924 2689 ὑποκάτω
969 2637 1062 2690 τοῦ
1099 2641 1498 2714 στερεὼματος.
1550 2649 1638 2702 Ἐν
1664 2652 1816 2724 μέσῳ
1845 2657 1954 2727 γὰρ

371 2720 473 2790 τῆς
508 2722 746 2776 ἀϐύσσου
801 2726 909 2779 τῶν
936 2727 1146 2782 ὑδάτων
1175 2733 1480 2808 ἐστερεὼοη
1529 2739 1608 2810 τῷ
1641 2720 1955 2818 decu-ortae?)

373 2813 788 2906 πραστάγματι.
813 2818 978 2874 Ὅθεν
1009 2821 1104 2876 καὶ
1129 2827 1419 2897 στερέωμα
1445 2825 1600 2886 εἶπεν
1633 2836 1661 2887 6
1692 2836 1826 2902 Θεὸς
1857 2813 1956 2906 ys-

373 2902 606 2995 νέσθαι,
674 2907 763 2959 καὶ
801 2909 1041 2977 ὲγένετοε
1104 2915 1262 2980 Τίνος
1317 2919 1374 2972 δὲ
1431 2923 1592 2995 χάριν
1637 2927 1824 2981 ἐπάνω
1859 2902 1954 2984 τοῦ

373 2993 759 3090 στερεώματος
799 2996 942 3067 ὕδωρ
980 3003 1008 3054 6
1047 3003 1182 3070 Θεὸς
1235 3008 1471 3064 ἀπέθετο
1490 2993 1516 3078 ;V
1567 3016 1666 3068 Διά
1715 3017 1814 3090 τὴν
1845 3021 1953 3078 ,τοῦ

371 3082 526 3152 ἡλίου
573 3085 686 3156 (64)
722 3090 814 3142 καὶ
874 3092 968 3144 τοῦ
1015 3095 1232 3166 αἰθέρος
1280 3098 1622 3176 θερμοτάτην
1665 3082 1950 3166 ἔκκαυσιν.

369 3176 592 3240 Εὐθέως
613 3180 721 3251 γὰρ
749 3183 885 3252 μετὰ
915 3183 973 3236 τὸ
998 3189 1281 3260 στερέωμα
1307 3194 1335 3244 6
1361 3193 1524 3268 αὶοὴρ
1548 3198 1872 3270 ὑφήπλωται
1900 3206 1948 3270 ε,

369 3271 472 3322 καὶ
503 3271 529 3321 6
557 3270 711 3368 :i‘Atoq
743 3274 796 3326 δὲ
829 3276 924 3329 σὺν
947 3281 1010 3350 τῇ
1043 3280 1240 3354 σελήνῃ
1273 3284 1368 3338 καὶ
1397 3290 1507 3351 τοῖς
1536 3291 1756 3362 ἄστροις
1787 3296 1844 3347 ἐν
1873 3298 1950 3368 τῷ

372 3360 716 3460 γερεὼματί
744 3367 849 3418 εἰσι
881 3384 894 3397 ο
918 3370 1010 3421 καὶ
1040 3372 1088 3424 εἰ
1126 3373 1200 3444 μὴ
1235 3375 1487 3431 ἐπέκειτο
1518 3360 1683 3453 ὕδωρ,
1713 3360 1947 3460 ἐφλέχοη

366 3448 438 3502 ἂν
466 3450 570 3502 ὑπὸ
595 3453 691 3523 τῆς
728 3455 937 3527 Θέρμης
981 3460 1042 3512 τὸ
1077 3464 1382 3535 στερέωμα.

2060 1836 2262 1891 mentis
2328 1837 2859 1894 excellentissimum
2917 1839 3012 1895 Dei
3077 1858 3235 1911 opus.
3296 1844 3393 1898 Est
3454 1855 3636 1901 autem

2061 1941 2203 1996 aqua
2231 1928 2567 1983 elementum
2599 1929 2890 1984 humidum
2932 1941 2988 1986 et
3031 1932 3328 2004 frigidum;
3360 1953 3529 2007 grave
3571 1955 3635 1992 ac

2059 2018 2320 2074 deorsum
2364 2035 2624 2091 vergens,
2658 2023 2807 2092 quod
2845 2021 3008 2078 facile
3039 2025 3256 2080 dillluit.
3309 2027 3483 2097 llujus
3520 2045 3636 2084 tne-

2060 2109 2221 2162 minit
2257 2110 2545 2181 Scriptura
2579 2113 2788 2179 divina,
2815 2129 2940 2169 cum
2969 2116 3045 2169 ait
3079 2135 3092 2171 :
3126 2116 3197 2170 Et
3229 2119 3454 2172 tenebra:
3479 2131 3637 2173 erant

2058 2215 2214 2268 super
2243 2202 2433 2270 [aciem
2476 2202 2702 2272 abyssi:
2733 2213 2781 2256 et
2835 2204 3068 2274 Spiritus
3101 2206 3322 2261 Domini
3367 2209 3640 2278 ferebatur

2058 2307 2217 2357 super
2271 2308 2436 2362 aquas
2469 2292 2532 2346 “’.
2568 2294 2844 2364 ~Abyssus
2889 2297 3090 2366 quippe
3148 2299 3285 2352 nihil
3343 2300 3493 2355 aliud
3553 2310 3638 2356 est

2059 2398 2224 2453 quam
2261 2384 2453 2453 ingens
2485 2385 2736 2454 quaedam
2769 2402 2926 2456 aquae
2958 2392 3140 2459 copia,
3176 2389 3338 2458 cujus
3365 2389 3490 2446 ﬁnis
3536 2392 3638 2446 ad.

2059 2476 2128 2530 iri
2161 2475 2373 2545 nequit.
2412 2475 2478 2529 Et
2510 2477 2732 2547 quidem
2773 2479 2829 2532 in
2880 2481 3070 2534 mundi
3113 2481 3455 2550 primordiis,
3493 2496 3637 2551 aqua

2062 2569 2222 2638 170
2255 2584 2421 2639 super
2460 2570 2775 2626 universam
2826 2573 3172 2641 superﬁciem
3225 2583 3389 2628 terrae
3427 2575 3637 2628 emine-

2058 2660 2171 2715 bat.
2192 2660 2271 2716 Ae
2299 2663 2478 2730 primo
2502 2661 2630 2717 fecit
2655 2663 2798 2718 Deus
2827 2664 3232 2720 ﬁrmamentum
3262 2667 3408 2735 quod
3435 2683 3632 2736 aquas,

2057 2770 2180 2824 quae
2211 2764 2343 2809 sunt
2369 2771 2536 2824 supra
2571 2757 2997 2823 ﬁrmamentum,
3031 2759 3102 2812 ab
3145 2760 3213 2814 iis
3256 2774 3377 2828 qua:
3409 2760 3514 2813 sub
3543 2760 3634 2812 lir-

2058 2855 2338 2902 mamento
2358 2858 2508 2914 sunt,
2538 2849 2750 2904 medias
2777 2850 3068 2905 divideret.
3107 2851 3320 2906 Etenim
3353 2851 3407 2903 in
3446 2848 3632 2920 abyssi

2059 2953 2326 3008 aquarum
2358 2939 2538 2993 medio
2578 2937 2674 2993 Dei
2704 2939 2864 3010 jussu
2909 2941 3314 2994 ﬁrmamentum
3363 2948 3634 2996 statutum

2058 3039 2162 3085 est.
2202 3027 2358 3084 Unde
2385 3029 2550 3082 etiam
2583 3029 2802 3084 dicente
2843 3031 2988 3094 Deo,
3025 3039 3085 3085 ut
3123 3031 3277 3084 ﬁeret
3320 3031 3636 3085 ﬁrmamen-

2060 3131 2201 3183 tum,
2253 3120 2360 3175 hoc
2393 3121 2598 3174 factum
2632 3129 2739 3175 est.
2771 3119 2974 3175 Verum
3005 3122 3138 3191 quid
3181 3125 3400 3177 tandem
3451 3136 3636 3176 causa:

2058 3210 2182 3274 fuit,
2218 3225 2320 3264 cur
2343 3209 2486 3265 Deus
2516 3225 2716 3282 aquam
2758 3226 2925 3280 supra
2960 3212 3364 3268 ﬁrmamentum
3397 3213 3636 3267 colloca-

2057 3301 2172 3356 rit?
2206 3300 2376 3356 Plane
2416 3301 2936 3357 vehementissimus
2985 3303 3122 3358 solis
3163 3311 3219 3358 et
3263 3302 3489 3356 aetheris
3538 3315 3633 3352 ar-

2056 3394 2176 3447 dor.
2210 3391 2467 3446 Proxime
2506 3392 2650 3445 enim
2698 3392 2803 3447 sub
2838 3393 3188 3448 ﬁrmamento
3221 3408 3498 3462 expansus
3547 3397 3635 3445 est

2053 3471 2224 3539 mlier
2261 3504 2274 3539 :
2313 3484 2396 3538 sol
2443 3498 2689 3551 quoque,
2729 3493 2783 3536 et
2830 3484 2981 3550 luna,
3031 3492 3087 3538 et
3131 3483 3384 3539 stellzein
3437 3482 3630 3536 firma-

369 3549 556 3595 mento
589 3546 766 3614 posita
831 3559 987 3604 sunt.
1057 3551 1238 3619 Quare
1285 3558 1394 3612 nisi
1475 3575 1616 3633 aqua
1695 3581 1934 3638 superne
1977 3577 2246 3633 collocata
2302 3546 2475 3638 esset,
2546 3589 2660 3643 pra:
2723 3575 2908 3630 calore
2967 3575 3161 3644 utique
3225 3575 3634 3630 ﬁrmamentum

367 3635 675 3690 exarsisset
704 3638 770 3691 ".

444 3722 579 3776 Εἶτα
607 3726 938 3795 προσέταξεν
967 3731 994 3782 6
1025 3730 1156 3795 Θεὸς
1185 3735 1518 3808 συναχθῆναι
1564 3741 1633 3796 τὰ
1667 3742 1836 3799 ὕδατα
1868 3751 1947 3812 εἰς

369 3818 698 3886 συναγωγὴν
737 3819 901 3888 μίανο
951 3821 1010 3874 τὸ
1036 3822 1092 3875 δὲ
1132 3826 1263 3895 μίαν
1309 3834 1630 3905 συναγωγὴν
1652 3837 1851 3905 λέγειν,
1885 3839 1946 3893 οὐ

365 3908 520 3978 δηλοῖ
572 3909 632 3962 τὸ
660 3909 717 3962 ἐν
757 3911 838 3964 ἐνὶ
891 3913 1042 3984 τόπῳ
1073 3918 1400 3990 συναχθῆναι
1457 3923 1597 3980 αὑτά
1621 3943 1636 3958 ·
1695 3928 1804 3983 ἰδοὺ
1840 3930 1949 4002 γὰρ

370 4001 512 4070 μετὰ
541 4000 714 4056 ταῦτά
743 4021 877 4074 φησι
905 4022 918 4035 ·
951 4008 1059 4061 Καὶ
1085 4009 1154 4063 τὰ
1178 4013 1537 4084 συστήματα
1571 4016 1690 4072 τῶν
1716 4000 1951 4074 ὑδάτων

364 4090 627 4145 ἐκάλεσε
653 4094 972 4162 θαλάσσας
997 4115 1010 4128 ·
1038 4099 1172 4153 ἀλλὰ
1193 4102 1253 4155 τὸ
1279 4104 1414 4174 ὁμοῦ
1439 4106 1562 4160 καθ’
1583 4109 1750 4164 ἑαυτὰ
1780 4128 1951 4181 κεχω-

368 4182 604 4255 ρισμένα
628 4186 728 4257 τῆς
747 4188 849 4258 γῆς
870 4189 1120 4256 γενέσθαι
1143 4193 1210 4246 τὰ
1243 4193 1430 4262 ὕδατα,
1450 4199 1478 4251 6
1507 4200 1661 4270 λόγος
1686 4202 1944 4274 ἐδήλωσε.

365 4279 730 4352 Συνήχοησαν
765 4282 943 4335 τοίνυν
974 4283 1043 4338 τὰ
1069 4285 1235 4340 ὕδατα
1272 4290 1352 4352 εἰς
1375 4291 1473 4354 τὰς
1505 4295 1824 4364 συναγωγὰς
1851 4296 1949 4350 αὐ-

445 4418 489 4449 "
523 4417 656 4474 Gen.
686 4435 724 4482 ι,
751 4420 804 4473 2.

2129 3745 2304 3802 Mure.
2338 3776 2408 3785 —
2435 3743 2573 3798 Tum
2612 3743 2786 3813 jussit
2832 3743 2976 3799 Deus
3012 3751 3069 3798 ut
3098 3755 3436 3815 cogerentur
3478 3765 3637 3820 aqua:

2059 3838 2116 3892 in
2173 3835 2486 3906 congeriem
2543 3848 2708 3887 unam
2747 3834 2808 3886 ".
2863 3834 3021 3899 Quod
3073 3843 3254 3888 autem
3316 3841 3634 3902 congeriem

2060 3943 2224 3982 unam
2251 3927 2390 3980 dicit
2419 3925 2727 3993 Scriptura,
2763 3940 2871 3978 non
2909 3925 3014 3979 hoc
3046 3926 3339 3996 signiﬁcat,
3373 3929 3429 3984 in
3464 3947 3630 3986 unum

2057 4017 2420 4085 eumdemque
2457 4016 2634 4068 locum
2684 4029 2780 4068 eas
2821 4015 3200 4084 conﬂuxisse;
3249 4019 3434 4074 statim
3485 4022 3632 4076 enim

2057 4111 2267 4174 subdit,
2292 4120 2340 4164 et
2370 4109 2701 4165 collectione:
2737 4125 2994 4180 aquarum
3031 4114 3314 4181 appellat-it
3337 4119 3512 4172 maria
3551 4119 3629 4174 ἐξ

2053 4204 2148 4260 sed
2196 4203 2384 4274 potius
2434 4215 2608 4271 aquas
2655 4201 2818 4254 simul
2867 4201 3056 4255 eodem
3109 4214 3390 4262 momento
3421 4223 3451 4263 a
3485 4216 3631 4264 terra

2055 4306 2298 4352 secretas
2336 4295 2530 4358 fuisse,
2560 4294 2739 4348 oratio
2763 4294 3028 4348 ostendit.
3058 4297 3228 4364 Aqua:
3257 4313 3386 4368 ergo
3417 4301 3470 4354 in
3499 4316 3631 4360 suas

917 4419 961 4452 "
999 4420 1164 4477 Basil.
1199 4424 1345 4483 hom.
1372 4427 1406 4481 2
1429 4427 1482 4482 in
1508 4426 1782 4497 chaem;
1824 4429 2011 4487 Sever.
2044 4428 2234 4484 Gabal.
2267 4435 2411 4482 orat.
2447 4426 2522 4480 De
2552 4426 2725 4495 opiﬁc.
2771 4427 2954 4479 mundi
3029 4428 3070 4458 ¹⁷
3102 4426 3234 4483 Gen.
3271 4445 3307 4493 ι,
3341 4429 3394 4484 9.

1665 4568 1904 4625 VARIA‘J
1943 4567 2360 4626 LEL'I'lONiLS.

451 4691 472 4729 ί
507 4693 732 4761 Reliqua
784 4692 897 4748 hinc
926 4697 1105 4750 omnia
1137 4698 1335 4754 desunt
1371 4703 1422 4755 in
1469 4705 1726 4760 omnibus
1780 4707 1892 4762 fere
1922 4705 2086 4761 codd.

2168 4707 2192 4745 ε
2220 4707 2355 4760 Cod.
2393 4706 2546 4758 nmlti
2577 4707 2915 4775 ἐφήπλωται.
2943 4705 3112 4761 Vetus
3159 4707 3384 4776 interpr.
3449 4710 3633 4778 posuit

370 4777 637 4845 expensus
682 4776 778 4842 est.
828 4763 1008 4845 liabet"
1033 4784 1158 4820 vero
1185 4772 1537 4838 subducitur;
1575 4777 1819 4845 adeoque
1843 4793 1967 4831 cum
1990 4777 2154 4833 editis
2179 4779 2460 4832 consensit
2491 4787 2542 4830 et
2578 4763 2701 4830 aliis
2743 4791 2878 4830 mss.
2914 4788 2966 4830 et
2997 4779 3230 4832 maxime
3261 4763 3384 4831 cod.
3521 4780 3630 4833 Ilil.

372 4834 429 4886 in
464 4849 572 4902 quo
620 4834 816 4903 legitur
839 4835 1181 4904 ὑρήπλωται.

1911 4931 2145 4987 ΝΟΤᾹ).

448 5013 558 5084 (64)
593 5014 833 5097 mancipi-
861 5016 966 5097 re}?
995 5016 1197 5080 ἡλίου.
1248 5019 1518 5097 Nimirum
1558 5022 1945 5097 vehementissi-

2064 5025 2368 5097 seripserat.
2419 5021 2720 5097 _Nonnullis
2771 5023 3009 5080 fortasse
3070 5027 3272 5081 mirum
3329 5026 3628 5097 videbitur,

375 5100 514 5142 mus,
549 5092 655 5137 etc.
696 5086 888 5140 Sancti
928 5087 1142 5150 Patres.
1177 5104 1298 5142 eum
1336 5094 1531 5142 coelum
1564 5102 1617 5143 et
1648 5093 1826 5144 sidera
1855 5095 1949 5147 de-

377 5154 734 5208 fmcatissimo
795 5157 918 5222 igne
971 5167 1224 5212 constare
1278 5161 1700 5222 arbitrarentur,
1737 5163 1951 5217 idcirco

374 5239 546 5300 aquas
578 5239 745 5292 supra
780 5226 1178 5300 ﬁrmamentum
1211 5232 1418 5296 positas
1449 5230 1730 5294 dixerunt,
1764 5240 1820 5284 ut
1854 5248 1948 5300 pe-

375 5295 975 5368 [eninisueco_nimius
1007 5297 1172 5350 ardor
1208 5295 1629 5368 temperaretur.
1679 5302 1768 5354 Sic
1801 5295 1950 5355 Basi-

373 5361 504 5430 lius,
545 5363 696 5440 hom.
727 5365 760 5417 5
788 5365 840 5418 in
870 5364 1150 5440 llexaem.,
1179 5369 1266 5420 ubi
1301 5361 1565 5436 quasdam
1592 5371 1950 5440 pliiEOSOpho-

375 5449 496 5508 rum
525 5436 836 5508 opiniones,
866 5451 991 5491 aera
1019 5438 1326 5508 eteltnnque
1351 5440 1524 5491 calida
1551 5436 1672 5495 esse
1698 5436 1951 5494 inﬁcian-

375 5503 531 5578 tiutu,
573 5506 840 5578 esplodit,
875 5515 989 5559 tum
1027 5507 1223 5560 deinde
1241 5503 1453 5560 'rel'ellit
1489 5509 1799 5577 Origenem,
1855 5514 1947 5578 qui

377 5573 465 5626 bis
506 5575 663 5646 aquis
707 5592 826 5644 quae
860 5592 1026 5644 super
1058 5580 1228 5630 caelos
1258 5587 1406 5639 sunt,
1450 5573 1727 5646 angelicas
1767 5573 1950 5633 Virtu-

376 5647 485 5708 tes,
513 5653 569 5696 ut
596 5645 950 5700 inferioribus
979 5647 1252 5717 principes
1280 5645 1628 5704 tenebrarum
1653 5650 1946 5720 signiﬁcari

2055 5093 2380 5168 Gregorium
2417 5094 2744 5168 Nysseuum,
2770 5097 3186 5168 sapientissimo
3215 5097 3385 5153 fratre
3409 5093 3635 5168 postlla;

2057 5163 2193 5225 bitu,
2241 5164 2555 5216 Adamanlii
2581 5163 3156 5221 delirium’admisisse
3191 5168 3245 5221 in
3284 5169 3377 5223 lib.
3409 5163 3468 5223 in
3491 5170 3630 5226 Hes.

2058 5233 2260 5287 Verum
2289 5235 2340 5286 in
2376 5233 2692 5302 praefatione
2712 5234 2930 5288 Petrum
2962 5236 3184 5290 fratrem
3215 5250 3634 5296 commonnerat

2056 5318 2115 5356 se
2139 5305 2315 5374 multa
2364 5305 2471 5374 hoc
2503 5306 2751 5374 inrepere
2786 5304 3089 5367 dicturum,
3144 5320 3253 5361 non
3289 5307 3630 5374 allirmantlo,

2056 5372 2149 5449 sed
2194 5373 2608 5449 exercitationis
2633 5372 2851 5449 '_causa.
2881 5375 3153 5449 (lictorum
3200 5377 3438 5449 Basilius
3468 5372 3633 5449 supe¥

2055 5443 2233 5496 riores
2263 5443 2385 5497 illas
2415 5445 2748 5518 aquas-nihil
2781 5446 2927 5518 aliud
2954 5461 3076 5499 esse
3108 5447 3203 5510 ait,
3237 5448 3342 5503 nisi
3375 5443 3632 5518 vapores,

2054 5515 2147 5581 qui
2189 5529 2250 5565 ex
2291 5514 2455 5588 mari”
2483 5514 2788 5588 fluviisque
2822 5516 3137 5588 trahuntur,
3199 5518 3366 5585 inque
3418 5514 3632 5588 pluvias

2056 5589 2366 5659 vertuntur.
2421 5581 2621 5636 Eodem
2670 5581 3196 5659 inodoSeverianuS
3244 5581 3631 5659 Gabalitanus,

2055 5651 2255 5720 aliique
2284 5650 2593 5722 disputant,
2637 5669 2775 5723 quos
2803 5653 3000 5711 Noster
3028 5668 3254 5714 secutus
3286 5666 3398 5718 est.
