4014 6202
379 249 487 314 903
1557 253 1624 310 'S.
1663 239 1986 312 IOANN‘IS
2030 239 2464 310 ‘DAMASCEN‘I
3561 249 3676 315 9οι

377 367 668 442 congeries
715 372 920 421 coactae
968 372 1119 430 sunt,
1175 371 1229 418 et
1278 362 1530 434 apparuit
1564 362 1737 416 arida.
1781 360 1958 429 Atque

2083 358 2185 424 τῶν,
2214 361 2306 412 καὶ
2330 361 2487 430 ὤφθη
2514 360 2544 429 ἡ
2577 359 2749 431 ξηρά·
2793 359 3192 433 ἐντεῦθεν
3229 361 3286 415 σί
3325 362 3422 416 δύο
3455 361 3675 417 θαλασο

379 463 514 518 hinc
560 459 671 514 duo
713 458 806 512 illa
839 455 1011 510 maria
1046 454 1189 508 facta
1244 463 1396 518 sunt,
1449 454 1653 523 quibus
1690 451 1965 522 Aigyptus

2083 467 2184 516 nt,
2215 452 2268 502 αἱ
2302 450 2400 520 τὴν
2433 450 2710 518 Αἴγυπτον
2740 452 3096 522 περιέχουσαι
3117 468 3132 482 ⁶
3188 452 3336 523 μέση
3371 453 3481 524 γὰρ
3516 453 3675 529 αὕτη

379 553 642 621 utrinque
676 547 900 602 alluitur
928 545 1132 615 (media
1158 547 1305 601 enim
1337 545 1453 598 hate
1479 544 1623 596 inter
1649 543 1760 596 duo
1794 541 1965 595 maria

2083 543 2174 596 τῶν
2206 543 2299 596 δύο
2337 546 2513 595 κεῖται
2562 543 2867 597 θαλασσῶν.
2928 543 3291 615 Συνὴχθησαν
3334 545 3363 585 h
3422 545 3676 617 διάτκορα

388 643 494 698 sita
525 639 630 708 εει)
669 639 872 708 quibus
906 636 1106 703 multa,
1147 645 1202 691 ct
1241 635 1469 690 diversa
1503 649 1727 703 aequora
1752 631 1964 688 consti—

383 741 640 798 tuuntur,
675 738 1028 799 montesque,
1083 736 1140 784 et
1192 729 1412 792 insulae,
1465 735 1521 781 et
1563 725 1962 796 promontoria,

376 833 435 880 et
472 832 684 894 portus,
718 822 969 890 variique
1000 820 1184 879 sinus.
1214 829 1267 873 et
1321 819 1532 881 littora,
1579 827 1634 873 et
1665 818 1800 888 ripae
1829 831 1966 870 con-

381 917 653 970 tinentur.
698 912 878 966 Littus
905 912 1054 966 enim
1085 910 1297 965 dicitur
1324 910 1472 979 quod
1509 922 1804 963 arenosum
1832 915 1916 962 est
1950 924 1964 961 :

379 1005 522 1074 ripa,
553 1002 700 1074 quod
731 1015 1014 1063 saxosum,
1051 1014 1114 1053 ac
1137 999 1250 1069 jam
1277 999 1404 1054 inde
1435 1016 1464 1054 a
1491 1000 1812 1055 continente
1843 1012 1969 1068 pro-

381 1097 611 1152 fundum
646 1097 753 1149 est.
786 1092 1147 1147 Consimilem
1197 1093 1251 1146 in
1301 1096 1526 1147 modum
1562 1090 1630 1144 ad
1661 1097 1846 1144 ortum
1891 1089 1969 1144 si-

382 1197 497 1242 tum
530 1194 616 1240 est
647 1183 783 1238 illud
815 1197 968 1237 mare
992 1183 1140 1252 quod
1169 1183 1420 1236 Indicum
1455 1180 1684 1240 dicitur,
1749 1193 1968 1234 necnon

383 1279 606 1334 boreale
630 1317 644 1339 ,
695 1275 845 1345 quod
891 1274 1156 1343 Caspium
1195 1274 1523 1344 appellatur.
1559 1270 1706 1337 Quin
1738 1268 1970 1341 paludes

383 1383 606 1439 quoque
643 1366 773 1420 hinc
806 1365 1052 1418 collectae
1081 1371 1232 1417 sunt.

456 1459 702 1515 Oceanus
754 1465 950 1510 terram
997 1453 1230 1524 undique
1280 1453 1512 1522 cingens.
1545 1451 1828 1506 'Salsitatis
1847 1451 1969 1520 ejus

382 1568 568 1608 causa.
605 1580 674 1590 --
705 1549 800 1603 Est
830 1555 1012 1602 autem
1048 1559 1289 1600 oceanus
1335 1546 1481 1598 velut
1521 1547 1701 1599 amnis
1741 1544 1971 1614 quidam

383 1652 588 1698 terram
625 1640 943 1694 universam
975 1637 1206 1707 cingens
1237 1635 1328 1692 (de
1363 1651 1474 1705 quo
1511 1636 1646 1690 ntihi
1683 1634 1969 1704 Scriptura

2070 634 2304 702 πελάγη,
2339 633 2432 686 καὶ
2458 633 2584 704 ὅρη,
2622 634 2713 686 καὶ
2753 635 2972 704 νήσους,
3003 634 3099 686 καὶ
3128 634 3410 703 ἀγκῶνας,
3445 636 3543 689 καὶ
3579 635 3673 690 λι-

2072 726 2241 796 μένας
2286 725 2530 796 ἔχουσαι,
2559 725 2654 780 καὶ
2683 726 2913 789 κόλπους
2948 725 3241 796 διαφόρους
3272 729 3675 802 περιέχουσαμ

2069 817 2352 886 αἰγιαλούς
2382 835 2462 882 τε,
2512 819 2607 871 καὶ
2657 818 2866 882 ἀκτάς·
2895 817 3144 886 αἰγιαλὸς
3176 819 3278 885 μὲν
3307 819 3419 890 γὰρ
3451 823 3479 873 ὁ
3504 822 3674 891 ψαμ-

2074 907 2258 978 μώδης
2284 908 2502 976 λέγεται
2523 925 2537 940 ’
2565 909 2706 980 ἀκτὴ
2735 909 2791 962 δὲ
2821 912 2855 981 ή
2893 909 3179 982 πετρώδης
3211 912 3305 964 καὶ
3330 913 3671 985 ἀγχιϐαθὴς,

2071 1001 2277 1064 εὐθέως
2327 1005 2387 1056 ὲν
2441 1005 2508 1073 τῇ
2545 1004 2687 1073 ἀρχῇ
2725 1003 2889 1072 βάθος
2940 1004 3160 1074 ἔχουσα.
3210 1005 3444 1074 Ὁμοίως
3494 1009 3593 1059 καὶ
3629 1011 3668 1079 ἡ

2070 1093 2215 1147 κατά
2248 1094 2348 1164 τὴν
2387 1093 2676 1164 ἀνατολὴν,
2701 1095 2823 1164 ἥτις
2847 1094 3068 1164 λέγεται
3116 1097 3311 1168 Ἰνδική
3336 1114 3351 1128 ·
3379 1100 3476 1151 καὶ
3509 1101 3542 1169 ἡ
3575 1099 3674 1169 βο-

2073 1185 2246 1255 ρεινὴ,
2277 1187 2400 1255 ἥτις
2432 1185 2650 1254 λέγεται
2683 1187 2942 1239 Κασπία·
2966 1189 3061 1241 καὶ
3091 1190 3147 1242 αἱ
3177 1189 3367 1259 λίμναι
3393 1191 3450 1244 δὲ
3475 1193 3675 1246 ἐντεῦ-

2072 1277 2164 1331 θεν
2191 1279 2562 1351 συνήχθησαν.

2145 1451 2333 1508 Ἔστιν
2367 1447 2460 1508 οὖν
2503 1453 2534 1506 ὁ
2585 1453 2684 1523 μὲν
2714 1451 2986 1521 ὠκεανὸς,
3016 1449 3130 1507 οἷόν
3157 1473 3240 1518 τις
3277 1457 3524 1525 ποταμὸς
3561 1477 3668 1512 xu-

2074 1547 2218 1601 κλῶν
2248 1549 2426 1600 πᾶσαν
2456 1545 2556 1618 τὴν
2594 1547 2720 1618 γῆν,
2751 1546 2880 1618 περὶ
2912 1541 2972 1600 οὗ
3003 1547 3290 1617 εἰρηκέναι
3317 1565 3409 1618 μοι
3442 1549 3596 1602 δοκεῖ
3633 1555 3667 1622 ἡ

2077 1641 2196 1694 θεία
2215 1639 2441 1711 Γραφὴ,
2474 1641 2556 1694 ὅτι
2595 1640 2870 1708 Ποταμός
2889 1638 3276 1707 ἐκπορεύεται
3308 1642 3377 1694 ἐκ
3411 1642 3519 1695 τοῦ
3552 1659 3670 1695 πα-

383 1736 568 1789 divina
624 1733 809 1786 locuta
839 1730 1084 1792 videtur,
1134 1743 1260 1782 cum
1313 1728 1431 1782 ait:
1465 1726 1687 1782 Flavius
1741 1728 1973 1796 egredie-

2083 1733 2378 1799 οαδείσου,
2437 1733 2666 1803 πότιμον
2702 1734 2718 1772 i
2752 1732 2847 1785 καὶ
2873 1730 3047 1799 γλυκὺ
3099 1730 3248 1803 ὕδωρ
3299 1732 3456 1804 ἔχων.
3496 1728 3670 1798 Οὗτος

386 1825 546 1878 batur
593 1839 620 1876 e
669 1819 922 1885 paradiso
948 1820 1013 1889 Η³)
1041 1817 1259 1872 dulcem
1315 1826 1371 1871 et
1417 1817 1722 1887 ipotabilem
1770 1831 1970 1886 aquam

388 1915 622 1970 habens.
654 1911 756 1966 llic
789 1911 996 1980 cuique
1031 1909 1166 1963 mari
1191 1923 1390 1978 aquam
1421 1908 1827 1974 subministrat,
1849 1923 1975 1978 qua:

386 2006 611 2078 quidem
646 2002 1052 2058 diuturniorem
1089 2002 1148 2055 in
1180 2001 1262 2055 eis
1306 2015 1517 2054 moram
1556 2000 1823 2066 trahens,
1870 2001 1975 2054 im-

387 2107 648 2174 motaque
694 2095 1046 2156 consistens,
1089 2107 1278 2145 amara
1317 2091 1584 2157 eﬂieitur;
1633 2092 1750 2147 sole
1804 2092 1976 2146 nimi-

386 2205 534 2255 rum,
574 2202 641 2242 ac
673 2186 1006 2256 siphonibus
1039 2185 1091 2239 id
1125 2184 1273 2254 quod
1329 2184 1386 2237 in
1437 2199 1503 2238 ea
1543 2183 1973 2238 subtilissimum

385 2289 476 2336 est
529 2294 750 2348 semper
799 2277 1154 2333 elicientibus
1187 2295 1201 2329 :
1235 2277 1384 2331 unde
1433 2277 1604 2331 etiam
1664 2276 1977 2331 conﬂantur

389 2372 586 2437 nubes,
616 2379 671 2426 et
695 2371 904 2427 imbres
936 2369 1274 2435 formantur,
1305 2369 1662 2425 duicescente
1691 2385 1790 2439 per
1813 2385 1977 2425 esco-

388 2463 654 2520 lationem
686 2477 851 2534 aqua.

466 2554 718 2608 Paradisi
745 2563 980 2624 quatuor
1008 2554 1257 2623 ﬂumina.
1295 2551 1546 2605 Fontium
1579 2569 1718 2622 aqua
1753 2570 1782 2608 e
1815 2556 1975 2609 mari.

400 2647 660 2703 Thermw.
694 2677 762 2688 -—
798 2647 898 2702 Hie
927 2649 1158 2717 insuper
1187 2647 1242 2700 in
1272 2654 1510 2716 quatuor
1535 2647 1830 2716 principia,
1861 2647 1979 2702 sive

390 2750 635 2813 quatuor
665 2738 897 2793 ﬂumina
928 2738 1219 2802 dividitur,
1248 2752 1483 2806 quorum
1523 2738 1618 2791 uni
1655 2753 1855 2793 nomen
1893 2747 1980 2793 est

395 2832 605 2888 Phison
634 2831 749 2902 (hic
781 2838 866 2886 est
891 2829 1109 2899 Ganges
1135 2827 1302 2882 India:
1330 2828 1552 2898 ﬂuvius)
1579 2845 1595 2894 ;
1634 2830 1791 2884 alteri
1825 2829 1977 2885 Geon

389 2922 578 2992 (Nilus
608 2918 699 2974 hic
730 2927 836 2984 est,
861 2920 957 2989 qui
985 2919 1053 2973 ab
1091 2917 1370 2988 Ethiopia
1408 2919 1464 2972 in
1497 2917 1798 2990 Egyptum
1835 2921 1977 2974 dila-

392 3011 602 3084 bitur);
630 3011 1057 3082 tertio,'l‘igris:
1091 3022 1312 3082 quarto,
1342 3011 1671 3081 Euphrates.
1704 3012 1844 3066 Sunt
1875 3029 1978 3068 au-

394 3111 504 3159 tem
535 3111 591 3158 et
622 3102 1017 3175 quamplurimi
1052 3101 1146 3156 alii
1173 3103 1349 3168 ﬂuvii,
1379 3102 1474 3172 qui
1503 3103 1704 3172 partim
1728 3105 1782 3157 in
1819 3105 1972 3174 171

394 3207 547 3248 mare
597 3209 719 3248 sese
755 3183 1074 3260 eﬂ‘undunt,
1127 3196 1324 3262 partim
1375 3195 1432 3248 in
1483 3204 1628 3249 terra
1676 3196 1978 3252 absumun-

393 3293 508 3340 tur.
539 3287 659 3351 Quo
696 3287 755 3340 ﬂt
807 3297 867 3342 ut
913 3295 1061 3340 terra
1103 3287 1350 3356 undique
1383 3298 1608 3357 pertusa
1647 3296 1701 3342 et
1744 3289 1978 3343 cunicu-

396 3377 515 3431 losa
575 3376 670 3440 sit,
720 3391 785 3431 ac
845 3377 995 3430 velut
1050 3390 1218 3430 venas
1271 3378 1538 3445 quasdam
1602 3378 1839 3450 habeatn
1883 3395 1979 3449 per

396 3481 560 3537 quas,
585 3467 892 3537 exceptis—a
925 3466 1063 3520 mari
1099 3468 1276 3537 aquis,
1318 3467 1495 3522 fontes
1539 3470 1762 3524 emittit.
1803 3473 1878 3526 lta
1919 3474 1980 3526 lit

401 3565 479 3625 ut,
531 3573 632 3628 pro
667 3568 829 3614 terra:
867 3558 1137 3629 qualitate
1189 3557 1424 3614 fontium
1472 3574 1638 3630 aqua,
1677 3563 1783 3616 alia
1817 3574 1984 3633 atque

397 3647 503 3699 alia
539 3647 791 3702 exsistat.
829 3645 935 3702 Per
963 3655 1164 3702 terram
1197 3649 1342 3702 enim
1381 3664 1522 3718 aqua
1553 3651 1764 3706 marina
1799 3661 1979 3708 trans-

396 3739 614 3794 eolatur
644 3751 698 3794 et
737 3739 1058 3807 defaecatur,
1091 3741 1285 3810 sicque
1353 3740 1532 3796 dulcis
1581 3744 1782 3798 evadit.
1821 3747 1978 3811 Quod

399 3833 447 3886 si
478 3831 637 3887 locus
683 3831 828 3886 unde
858 3829 984 3886 l‘ons
1015 3840 1258 3895 emanat,
1295 3846 1519 3888 amarus
1549 3841 1645 3887 aut
1678 3836 1860 3892 salsus
1884 3852 1979 3891 ex-

400 3921 627 3985 stiterit,
661 3920 786 3975 talis
819 3920 1008 3990 utique
1035 3929 1090 3976 et
1120 3936 1260 3990 aqua
1292 3932 1612 3993 prorumpet
1643 3925 1710 3977 ‘°.
1735 3925 1979 3980 Plerum-

399 4025 505 4081 que
561 4022 745 4066 autem
795 4012 1018 4077 accidit,
1073 4021 1132 4066 ut
1168 4027 1309 4083 aqua
1362 4015 1615 4084 angustis
1646 4017 1979 4086 quibusdam

401 4103 541 4159 locis
573 4104 873 4159 interclusa
907 4114 1072 4174 atque
1114 4118 1458 4174 compressa,
1484 4108 1536 4160 vi
1567 4121 1867 4177 erumpens
1899 4110 1984 4164 in-

401 4195 676 4262 calescat;
729 4195 967 4267 hincque
1027 4205 1224 4266 suapte
1279 4208 1476 4274 sponte
1527 4200 1773 4257 calentes
1824 4217 1982 4272 aqua:

404 4296 716 4356 en‘ergunt.

473 4377 656 4434 Pisces
691 4389 741 4434 et
777 4397 919 4436 aves.
948 4396 1018 4420 --'
1055 4382 1249 4439 Divino
1279 4384 1464 4454 itaque
1504 4384 1667 4452 jussu
1711 4393 1972 4441 excavata
2008 4405 2052 4460 ι)

2074 1828 2302 1898 χορηγεῖ
2333 1826 2394 1880 τδ
2421 1825 2567 1897 ὓδωρ
2595 1827 2716 1887 ταῖς
2745 1823 3043 1888 θαλάσσαις
3071 1864 3086 1889 ,
3127 1823 3268 1894 ὅπερ
3301 1827 3359 1878 ἐν
3405 1829 3525 1889 ταῖς
3565 1827 3670 1880 θα-

2074 1916 2304 1980 λάσσαις
2341 1915 2610 1987 χρονίζον,
2644 1917 2739 1969 καὶ
2778 1917 2949 1974 ἑστὼς
2982 1913 3262 1986 ἀκίνητον,
3302 1915 3499 1985 πικρὸν
3523 1917 3672 1984 γίνε-

2075 2025 2189 2070 ται,
2224 2009 2320 2062 τοῦ
2351 2006 2502 2078 ἡλίου
2535 2007 2622 2060 ἀεὶ
2650 2005 2711 2060 τὸ
2759 2004 3090 2075 λεπτότερον
3141 2005 3503 2076 ἁνιμωμένου,
3561 2009 3666 2062 καὶ

2076 2101 2184 2154 τῶν
2220 2099 2502 2172 σιφώνωνο
2530 2099 2654 2153 ὅθεν
2689 2098 2782 2152 καὶ
2814 2097 2884 2150 τὰ
2910 2097 3043 2168 νέφη
3073 2099 3426 2160 συνίστανται,
3462 2098 3555 2150 καὶ
3597 2100 3654 2151 οἱ

2067 2190 2274 2260 ’ὄμϐροι
2319 2189 2593 2258 γίνονται,
2637 2189 2726 2243 διὰ
2764 2187 2869 2258 τῆς
2929 2186 3223 2258 διηθήσεως
3285 2186 3655 2257 γλυκαινομέ-

2077 2301 2168 2337 νου
2191 2282 2285 2336 τοῦ
2308 2283 2517 2344 ὓδατος,

2143 2543 2316 2614 Οὗτος
2343 2549 2435 2602 καὶ
2466 2547 2544 2613 είς
2589 2549 2860 2617 τέσσαρας
2902 2546 3098 2618 ἀρχὰς,
3147 2546 3370 2617 ﬁtnisi;
3387 2544 3668 2614 τέσσαρας

2079 2644 2360 2712 ποταμοὺς
2396 2641 2704 2714 διαιρεῖται.
2745 2642 2956 2709 Ὄνομα
2997 2638 3077 2708 τῷ
3135 2638 3215 2690 ἐνὶ
3268 2637 3472 2690 Φεισὼν
3526 2637 3667 2708 (66),

2079 2735 2328 2789 τουτέστι
2354 2735 2573 2803 Γάγγης
2605 2736 2633 2788 ὁ
2669 2731 2887 2793 Ἰνδικάς
2907 2748 2922 2762 ’
2960 2731 3055 2784 καὶ
3087 2731 3258 2800 ὄνομα
3304 2730 3383 2800 τῷ
3427 2729 3667 2799 δευτέρῳ

2078 2828 2228 2884 Γεὼν
2247 2846 2261 2860 ·
2287 2824 2442 2892 οὗτός
2471 2829 2622 2880 ἐστιν
2647 2827 2676 2880 ὁ
2697 2825 2908 2892 Νεῖλος,
2939 2823 3098 2878 eam
3131 2823 3418 2885 Αἰθιοπίας
3451 2824 3532 2886 είς
3566 2822 3668 2874 Αί-

2078 2938 2288 2990 γυπτον
2313 2921 2718 2992 κατερχόμενος
2737 2935 2752 2948 ·
2791 2917 2888 2970 καὶ
2915 2917 3086 2985 ὖνομα
3118 2915 3196 2984 τῷ
3237 2915 3408 2985 τρίτῳ
3437 2915 3664 2984 Τίγρις·

2080 3017 2174 3069 καὶ
2203 3015 2374 3084 ὄνομα
2411 3013 2490 3084 τῷ
2517 3014 2762 3082 τετάρτῳ
2784 3011 3101 3082 Εὐφράτης.
3134 3009 3257 3062 Εἰσὶ
3287 3009 3344 3062 δὲ
3369 3009 3464 3062 καὶ
3485 3008 3668 3080 ἕτεροι

2081 3107 2346 3171 πλεῖστοι,
2397 3106 2492 3161 καὶ
2524 3106 2772 3176 μέγιστοι
2816 3103 3076 3173 ποταμοὶ,
3109 3096 3185 3157 ὧν
3224 3103 3272 3154 oi
3305 3102 3406 3172 μὲν
3448 3102 3530 3163 εἰς
3562 3098 3669 3170 τὴν

2081 3201 2358 3254 θάλασσαν
2413 3197 2733 3261 κενοῦνται,
2770 3197 2820 3249 οἱ
2846 3195 2903 3250 δὲ
2943 3197 3001 3249 ἐν
3039 3197 3106 3267 τῇ
3156 3197 3226 3264 γῇ
3255 3193 3663 3257 ἀναλίσκονται.

2081 3293 2246 3348 Ὅθεν
2277 3294 2428 3347 πᾶσα
2452 3295 2486 3360 ἡ
2517 3293 2588 3361 γῆ
2607 3291 2897 3362 διάτρητός
2927 3291 3046 3342 ἐστι
3083 3288 3178 3341 καὶ
3211 3287 3503 3357 ὑπόνομος,
3553 3283 3669 3338 ὦσε

2080 3403 2188 3458 περ
2217 3385 2370 3449 τινὰς
2417 3385 2620 3456 φλέϐας
2681 3383 2898 3453 ἔχουσα,
2928 3381 2996 3434 δι’
3021 3374 3096 3434 ὧν
3141 3381 3204 3433 ὲκ
3240 3383 3338 3450 τῆς
3383 3379 3667 3448 θαλάσσης

2079 3479 2344 3550 δεχομένη
2381 3478 2451 3532 τὰ
2485 3477 2673 3541 ὕδατα,
2697 3475 2798 3538 τὰς
2828 3474 3012 3545 πηγὰς
3039 3474 3243 3544 ἀνίησι.
3277 3471 3422 3541 Πρὸς
3447 3465 3541 3523 οὖν
3563 3468 3668 3539 τὴν

2081 3569 2345 3639 ποιότητα
2379 3566 2479 3638 τῆς
2512 3567 2638 3637 γῆς,
2667 3567 2762 3622 καὶ
2793 3565 2855 3619 τὺ
2897 3565 3006 3619 τῶν
3033 3563 3228 3634 πηγῶν
3258 3561 3400 3634 ὕδωρ
3425 3561 3662 3630 γίνεται.

2080 3659 2356 3730 Διηθεῖται
2389 3660 2490 3729 μὲν
2537 3660 2669 3730 γὰρ,
2718 3659 2814 3711 καὶ
2859 3656 3154 3719 διΰλίζεται
3191 3653 3280 3707 διὰ
3319 3652 3416 3722 τῆς
3450 3651 3556 3723 γῆς
3600 3649 3668 3703 τὸ

2083 3751 2364 3804 θαλάττιον
2392 3749 2559 3822 ὕδωρ,
2590 3750 2685 3804 καὶ
2720 3748 2862 3802 οὕτω
2898 3745 3272 3816 γλυκαίνεται.
3315 3743 3379 3796 Εἰ
3422 3737 3478 3796 δὲ
3515 3743 3543 3794 ὀ
3568 3740 3668 3793 τό-

2081 3861 2202 3908 πος,
2232 3843 2352 3896 ὃθεν
2384 3843 2417 3913 ἡ
2456 3840 2610 3912 πηγὴ
2645 3839 2973 3901 ἀναδίδοται,
2997 3837 3150 3906 τύχοι
3191 3833 3385 3905 πικρὸς
3417 3832 3452 3901 ἢ
3486 3831 3668 3900 ἀλμυ·

2085 3933 2195 4003 ρδς,
2221 3932 2357 4003 πρὸς
2386 3932 2486 4003 τὴν
2514 3931 2621 4000 γῆν
2644 3931 2738 3984 καὶ
2767 3928 2830 3982 τὸ
2869 3928 3011 3996 ὕδωρ
3041 3927 3302 3993 ἀνάγεται
3327 3940 3341 3953 ·
3368 3919 3668 3988 στενοὺμε-

2081 4043 2172 4079 νον
2204 4024 2261 4078 δὲ
2289 4023 2550 4088 πολλάκις
2582 4022 2642 4076 τὸ
2675 4022 2842 4093 ὕδωρ,
2888 4022 2982 4074 καὶ
3013 4018 3102 4090 βίᾳ
3128 4014 3503 4089 ῥηγνύμενον,
3539 4010 3670 4078 θερ-

2085 4117 2367 4189 μαίνεταιο
2417 4116 2711 4170 κάντεῦθεν
2738 4117 2806 4172 τὰ
2852 4112 3094 4184 αὐτοφυῆ
3141 4107 3323 4180 θερμά
3368 4107 3665 4175 ἀνάγονται

2082 4211 2271 4264 ὕδατα.

2152 4386 2243 4456 Τῷ
2264 4380 2357 4439 οὖν
2383 4384 2512 4455 θείῳ
2532 4381 2916 4453 προστάγματι
2951 4377 3267 4449 κοιλώματα
3297 4379 3356 4430 ὲν
3385 4378 3537 4448 τῇγῇ
3570 4391 3667 4442 γε-

475 4554 520 4589 ¹³
557 4557 692 4612 Gen.
728 4573 766 4622 ι,
805 4557 891 4612 10.
972 4557 1014 4590 ¹⁹
1045 4557 1181 4613 Gen.
1214 4574 1274 4622 ιι,
1311 4558 1397 4613 10.
1476 4562 1520 4592 ²⁰
1557 4561 1724 4616 Basil.
1763 4563 1911 4616 hom.
1948 4563 1976 4616 4

2107 4564 2365 4620 licxaem.

1678 4714 1912 4770 VARIJ'J
1953 4716 2369 4774 LECTIONES.

474 4824 606 4903 illi.
646 4825 789 4903 29.27
842 4825 1148 4903 διέστησαν.
1348 4837 1504 4883 vetus
1559 4827 1808 4903 interpr.
1851 4841 1974 4903 sunt
2021 4833 2197 4887 divisi.
2260 4830 2400 4886 Edit.
2462 4833 2664 4889 Veron.
2715 4834 2848 4903 Reg.
2903 4831 3044 4887 5562
3100 4830 3222 4884 ὅθεν
3297 4830 3659 4898 συνέστησαν.

403 4895 558 4952 Colh.
590 4897 638 4962 1,
678 4897 800 4948 ὅθεν
831 4896 1080 4966 συνέστη.

1168 4916 1183 4938 ι
1222 4898 1420 4954 Noster
1450 4917 1464 4953 :
1500 4899 1744 4968 ποταμὸς
1769 4900 1825 4952 δὲ
1865 4902 1893 4952 ὁ
1916 4902 2089 4968 γλυκὺ
2131 4904 2276 4976 ὕδωρ
2304 4903 2444 4974 ἔχων
2477 4905 2628 4957 ἐστι·
2667 4921 2773 4960 nec
2799 4898 3031 4960 "absono
3083 4919 3270 4957 sensu.

1925 5052 2159 5111 NOTAE.

471 5149 586 5220 (65)
630 5145 956 5220 Ἐπεᾷθεη
985 5145 1151 5214 Atque
1185 5145 1304 5220 hinc
1341 5145 1446 5197 duo
1475 5146 1670 5198 maria.
1721 5145 1978 5216 (Egyptus

403 5216 660 5275 nimirum
699 5216 1096 5271 Meuliterraneo
1149 5218 1283 5268 mari
1311 5231 1505 5270 versus
1545 5225 1974 5285 septentrionem

403 5291 659 5360 pertinet,
688 5296 741 5342 et
774 5286 1292 5360 Erythraeoversus
1313 5286 1618 5360 meridiem.

473 5359 580 5430 (66)
626 5354 861 5430 Ὄνομαξ
878 5355 958 5420 τῷ
992 5356 1083 5409 ἑνὶ
1107 5354 1362 5430 φεισώᾳν.
1397 5355 1634 5421 Quorum
1663 5357 1752 5409 uni
1787 5373 1975 5430 nornen

400 5426 490 5484 est
512 5426 728 5483 Phison.
755 5427 960 5481 Phison
994 5436 1047 5480 et
1097 5426 1247 5480 Geou
1283 5427 1520 5494 Gangem
1561 5443 1685 5480 esse
1711 5437 1762 5480 et
1794 5426 1973 5480 Nilum

406 5509 662 5554 vetustus
691 5512 848 5552 error
893 5507 995 5560 est,
1049 5511 1211 5564 quem
1266 5498 1557 5551 translatio
1605 5496 1791 5549 Graeca
1853 5513 1975 5564 qum

405 5568 542 5622 LXX
586 5571 946 5637 lnlerpretum
981 5577 1345 5634 nuncupatur,
1383 5568 1699 5635 approbavit
1724 5566 1972 5619 det-emine

407 5653 468 5703 ιι,
506 5639 595 5704 18,
629 5639 717 5692 ubi
738 5636 848 5707 pro
885 5654 1050 5706 aquas
1087 5636 1301 5700 Sili/tor,
1329 5653 1422 5692 seu
1464 5654 1632 5706 «quas
1672 5637 1806 5704 Mli,
1839 5637 1981 5707 ὕδωρ

2083 5151 2254 5212 Γεών,
2285 5169 2451 5215 aquas
2483 5153 2643 5217 (Iron,
2671 5160 2994 5223 posuerunt.
3030 5149 3200 5223 Terra
3230 5148 3464 5212 Hevilat,
3496 5167 3665 5223 quam

2083 5223 2288 5276 Phison
2316 5226 2494 5280 alluit.
2532 5219 2686 5292 regio
2712 5232 2796 5278 est
2830 5224 3065 5293 Arabiae,
3098 5219 3239 5293 Gen.
3296 5235 3426 5293 xxv,
3465 5220 3549 5283 l9,
3611 5235 3672 5279 et

2083 5294 2254 5355 (thus,
2287 5295 2405 5347 sive
2432 5291 2734 5362 Ethiopia.
2765 5307 2926 5362 quam
2978 5291 3128 5344 Geon
3163 5291 3401 5362 circuire
3433 5293 3668 5358 dicitur,

2083 5364 2320 5417 Asiatica
2353 5373 2494 5428 erat,
2529 5361 2674 5418 sinui
2708 5361 2930 5418 Persico
2969 5362 3174 5427 vicina,
3203 5361 3365 5430 cujus
3409 5377 3536 5431 pars
3568 5363 3673 5415 bo-

2084 5434 2280 5503 diuque
2307 5432 2599 5488 Chusistan
2653 5435 2983 5503 appellatur,
3022 5447 3129 5503 non
3187 5431 3472 5503 Africana,
3498 5447 3672 5503 quam

2083 5499 2333 5570 pervadit
2382 5505 2555 5558 Nilus.
2591 5499 2895 5558 Permirum
2934 5512 3019 5557 est
3063 5499 3675 5567 Theodoretum,’l}eo-

2081 5575 2160 5628 uis
2186 5577 2407 5632 nomine
2444 5575 2645 5632 Jerem.
2677 5589 2738 5642 ιι,
2767 5574 2971 5631 idolum
2992 5574 3270 5644 quoddam
3299 5573 3672 5629 intellexisse.
