4014 6202
289 373 409 437 913

1353 378 1451 436 DE
1492 379 1668 438 FIDE
1710 379 2173 442 ORTIIODOXA
2209 381 2352 444 LIB.
2402 383 2483 442 Il.

3441 387 3546 450 9H

295 470 476 558 Ἐδὲμ
499 489 610 560 τὰρ
639 490 833 559 τρυφὴ
871 491 982 562 (72)
1015 493 1398 563 ἑρμηνεύεται.
1423 495 1512 549 Ἐν
1550 498 1615 566 τῇ
1647 497 1863 570 ἀνατολῇ

1987 499 2078 555 Dei
2109 489 2456 554 manibus'in
2495 498 2640 556 Eden
2673 502 2927 558 consitus
2960 510 3065 569 est,
3092 505 3386 574 voluptatis
3428 521 3545 560 om-

291 580 405 648 μὲν
454 580 636 650 πάσης
671 583 766 650 τῆς
812 583 913 652 γῆς
950 583 1279 655 ὑψηλότερος
1321 587 1570 656 κείμενος
1592 602 1604 615 ·
1637 587 1904 659 εὐκραὴς

286 670 379 733 δὲ,
407 673 501 724 καὶ
541 673 664 741 ἀέρι
703 672 1046 744 λεπτοτάτῳ,
1087 677 1179 728 καὶ
1212 677 1583 748 καθαρωτάτῳ
1608 680 1875 750 περιλαμ-

286 763 536 833 πόμενος
562 780 574 791 ·
607 767 794 832 φυτοῖς
838 765 1112 818 ἀειθαλέσι
1147 768 1351 838 κομῶν,
1389 768 1614 832 εὐωδίας
1639 770 1873 840 πλήρης,

287 853 478 920 φωτὸς
526 855 801 926 ἔμπλεως,
836 855 985 926 ὥρας
1031 858 1247 928 ἀπάσης
1302 859 1567 930 αίσϐητῆς
1617 862 1710 913 καὶ
1744 862 1874 914 κάλ-

282 944 424 1008 λους
480 945 828 1017 ὑπερϐαίνων
891 947 1174 1000 ἐπίνοιαν·
1224 949 1368 1002 θεῖον
1417 950 1582 1014 ὅντως
1637 952 1865 1022 χωρίον,

282 1037 390 1089 καὶ
414 1035 564 1100 ἄξιον
582 1036 675 1090 τοῦ
704 1039 826 1090 κατ’
851 1038 1032 1091 εἰκόνα
1069 1039 1203 1092 Θεοῦ
1232 1041 1552 1112 ἐνδιαίτημα
1572 1057 1586 1071 ·
1624 1044 1681 1095 ἐν
1718 1035 1761 1110 ᾧ
1785 1043 1866 1095 οὐ·

275 1125 382 1180 δὲν
407 1125 518 1180 τῶν
544 1127 757 1196 ἀλόγων
776 1128 1051 1199 ηὐλίζετο,
1083 1131 1243 1201 μόνος
1267 1131 1324 1185 δὲ
1357 1134 1384 1185 6
1410 1131 1718 1204 ἄνθρωπος,
1756 1132 1868 1186 τῶν

275 1216 450 1272 Θείων
471 1219 669 1289 χειρῶν
698 1221 758 1273 τὸ
786 1221 1240 1294 πλαστούργημα.

1979 591 2066 646 nis
2098 606 2161 646 ac
2201 592 3039 664 iucunditatispromptuarinm
3071 595 3242 662 (Edon
3283 597 3452 664 enim,
3496 598 3540 651 si

1978 682 2379 753 interpreteris,
2422 683 2646 738 deficias
2693 694 2852 738 sonat
2885 686 2975 755 ³⁸).
3025 686 3082 739 in
3140 684 3550 744 Orienteomsi

1976 778 2124 824 terra
2155 771 2444 826 sublimior
2481 774 2694 842 positus
2725 774 2844 837 fuit,
2881 776 3156 845 probeque
3187 785 3540 845 temperatus,

1976 877 2039 916 ac
2079 862 2448 917 subtilissima
2479 864 2886 934 put-issitnoque
2928 880 3052 918 aere
3081 866 3325 935 undique
3367 869 3545 921 collu-

1976 958 2207 1016 stratus,
2274 953 2478 1022 plantis
2536 968 2817 1023 nunquam
2867 968 2976 1007 non
3018 953 3229 1008 floridis
3282 970 3540 1017 vernans.

1975 1043 2307 1098 suavissimo
2339 1042 2510 1098 odore
2539 1051 2594 1098 ct
2633 1045 2838 1100 lumine
2870 1045 3084 1113 plenus,
3118 1045 3402 1114 elegantiae
3427 1061 3545 1100 om-

1974 1133 2082 1197 nis,
2112 1148 2233 1204 qua:
2259 1132 2477 1203 quidem
2504 1134 2559 1188 in
2590 1149 2812 1189 sensum
2840 1135 3018 1198 cadat,
3041 1146 3093 1188 et
3119 1136 3543 1204 pulchritudinis

1973 1227 2273 1298 cogitatum
2321 1242 2612 1297 superans,
2657 1226 2842 1282 divina
2891 1229 3048 1297 plane
3081 1229 3253 1296 regio,
3287 1229 3544 1299 dignum-

270 1325 396 1378 que
452 1327 563 1376 eo,
617 1315 711 1383 qui
770 1316 838 1368 ad
895 1315 991 1370 Dei
1050 1317 1342 1389 imaginem
1397 1320 1655 1376 conditus
1715 1329 1868 1387 erat,
1901 1320 2288 1378 domicilium:
2331 1322 2388 1378 in
2457 1337 2569 1392 quo
2619 1324 2829 1378 nullum
2881 1324 3110 1378 rationis
3175 1339 3373 1395 expers
3425 1329 3542 1382 ani-

269 1405 399 1458 mal
438 1407 801 1476 versabatur;
849 1411 943 1466 sed
986 1411 1138 1468 solus
1170 1415 1360 1480 homo,
1411 1430 1550 1484 opus
1598 1431 1860 1472 manuum
1906 1416 2023 1472 Dei.

371 1500 460 1552 Ἐν
488 1501 636 1570 μέσῳ
663 1501 718 1554 δὲ
751 1502 862 1572 (75)
899 1504 1090 1558 τούτου
1127 1504 1282 1571 ξύλον
1309 1507 1456 1578 ζωῆς
1493 1510 1521 1561 6
1555 1509 1686 1572 Θεὸς
1733 1509 1862 1578 ἐφύ-

267 1602 481 1642 τευσεν
505 1629 520 1655 ,
549 1591 642 1644 καὶ
698 1591 854 1656 ξύλον
902 1595 999 1664 τῆς
1038 1595 1312 1664 γνώσεως.
1335 1599 1409 1652 Τὸ
1452 1599 1549 1669 μὲν
1583 1599 1736 1665 ξύλον
1763 1599 1862 1670 τῆς

267 1677 566 1743 γνώσεως,
597 1681 906 1751 ἀπόπειράν
943 1701 1085 1747 τινα,
1121 1686 1216 1738 καὶ
1254 1686 1504 1758 δοκιμὴν,
1542 1690 1632 1741 καὶ
1657 1684 1863 1758 γύμνά-

265 1779 400 1816 σιον
423 1766 523 1835 τῆς
557 1767 653 1821 τοῦ
684 1768 974 1841 ἀνθρώπου
1007 1773 1251 1844 ὑπακοῆς
1295 1778 1389 1840 καὶ
1426 1780 1733 1850 παρακοῆς.
1775 1779 1864 1831 Διὸ

2033 1509 2142 1566 Cur
2172 1513 2405 1566 scientia;
2433 1511 2592 1565 arbor
2639 1511 2902 1579 plantam.
2929 1539 3000 1552 -ο
3035 1509 3092 1564 in
3147 1510 3327 1564 medio
3374 1525 3539 1580 porro

1963 1599 2150 1668 hujus,
2184 1608 2297 1655 tum
2343 1603 2486 1666 vitae,
2522 1609 2636 1654 tum
2667 1601 2914 1656 scientim
2950 1603 3178 1656 arbores
3214 1601 3356 1656 Deus
3382 1604 3538 1672 plan-

1963 1701 2173 1746 taverat
2203 1693 2246 1724 ³⁹
2268 1711 2281 1746 :
2306 1693 2550 1748 scientia:
2578 1692 2821 1762 quidem,
2841 1701 2897 1746 ut
2919 1707 2984 1746 eo
3012 1691 3334 1747 obcdientiee
3357 1701 3410 1746 et
3458 1694 3562 1746 inm.

1963 1783 2294 1837 ohedicntiae
2342 1783 2584 1838 hominis
2634 1783 2932 1852 periculum
2971 1783 3148 1846 fieret,
3203 1793 3255 1837 et
3308 1791 3538 1852 utraque

260 1856 378 1907 καὶ
409 1856 566 1922 ξύλον
611 1859 706 1912 τοῦ
741 1861 1036 1929 γινώσκειν
1082 1865 1246 1918 καλὸν
1278 1867 1372 1919 καὶ
1397 1868 1632 1939 πονηρὸν
1662 1870 1862 1940 κέκλη-

1968 1875 2238 1944 explorari
2295 1885 2350 1929 et
2402 1877 2646 1930 exerceri
2695 1886 2900 1946 posset.
2939 1873 3096 1930 Unde
3147 1876 3312 1929 etiam
3371 1877 3536 1930 arbor

261 1963 399 2010 ται,
432 1947 464 2018 ἢ
505 1951 587 2002 ὅτι
616 1949 847 2023 δύναμιν
889 1954 1060 2008 ἐδίδου
1096 1956 1405 2029 γνωστικὴν
1433 1961 1545 2022 τοῖς
1581 1961 1862 2032 μεταλαμ-

259 2036 508 2094 ϐἀνουσι
527 2082 542 2108 ,
566 2043 665 2112 τῆς
691 2044 899 2111 οίκείας
929 2046 1145 2116 φύσεως
1166 2065 1180 2080 ’
1231 2051 1368 2120 ὅπερ
1419 2051 1581 2105 καλὸν
1631 2053 1728 2124 μὲν
1751 2056 1862 2116 τοῖς

256 2130 527 2198 τελείοις,
546 2134 716 2189 κακὸν
752 2136 808 2189 δὲ
849 2140 961 2202 τοῖς
989 2140 1391 2212 ἁτελεστέροις,
1427 2145 1519 2196 καὶ
1550 2143 1648 2214 τὴν
1679 2144 1862 2212 ἔφεσιν

255 2223 610 2297 λιχνοτέροις
636 2225 678 2293 ι,
713 2228 903 2302 ὥσπερ
932 2233 1128 2303 στερεὰ
1154 2234 1330 2307 τροφὴ
1376 2239 1487 2300 τοῖς
1523 2237 1752 2301 ἁπαλοῖς
1783 2237 1862 2291 ἔτι

255 2316 374 2368 καὶ
401 2317 685 2386 δεομένοις
710 2321 1001 2388 γάλακτος.
1029 2323 1143 2376 Ούκ
1181 2325 1430 2379 ἐϐούλετο
1458 2326 1586 2398 γὰρ,
1609 2329 1637 2380 ὁ
1671 2328 1862 2392 κτίσας

253 2409 427 2477 ἡμᾶς
455 2409 591 2474 Θεὸς
642 2415 935 2484 μεριμνᾷν,
974 2416 1222 2488 καὶπερὶ
1268 2418 1438 2472 πολλὰ
1469 2419 1856 2490 τυρϐάζεσθαι,

251 2499 398 2552 οὐδὲ
427 2504 776 2570 φροντιστὰς,
823 2506 920 2558 καὶ
957 2508 1263 2579 προνοητὰς
1289 2509 1391 2579 τῆς
1433 2511 1566 2574 ἰδίας
1592 2511 1735 2582 ζωῆς
1766 2529 1856 2580 γε·

254 2588 466 2643 νέσΘαι
502 2608 516 2622 ·
545 2593 683 2663 ὅπερ
718 2595 782 2664 δὴ
829 2597 924 2650 καὶ
961 2599 1230 2652 πέπονθεν
1263 2600 1291 2652 6
1336 2599 1531 2670 Ἀδάμ.
1578 2602 1858 2673 Γευσάμε-

253 2697 366 2744 νος
396 2681 507 2753 γὰρ
526 2726 541 2749 ,
566 2683 706 2753 ἔγνω
736 2686 819 2739 ὅτι
864 2689 1070 2759 γυμνὸς
1103 2685 1170 2761 ἦν
1191 2733 1206 2756 ,
1245 2691 1339 2744 καὶ
1367 2691 1653 2762 περίζωμα
1682 2693 1858 2764 ἐαυτῷ

252 2777 665 2842 περιεποιεῖτο·
701 2777 874 2847 φύλλα
901 2780 1009 2852 γὰρ
1040 2783 1209 2852 συκῆς
1237 2781 1419 2837 λαϐὼν
1455 2784 1848 2854 περιεζώσατο.

252 2865 390 2934 Πρὸ
410 2867 467 2920 δὲ
506 2868 604 2938 τῆς
650 2869 892 2937 γεύσεως
923 2873 1138 2940 γυμνοί
1173 2871 1338 2940 ἦσαν
1360 2873 1706 2942 ἀμφότεροι,
1736 2875 1764 2926 ὃ
1795 2891 1854 2927 τε

268 2955 460 3024 Ἀδὰμ
495 2957 590 3008 καὶ
624 2959 657 3028 ἡ
694 2958 829 3025 Εὕα,
855 2959 975 3013 καί
1001 2963 1112 3015 οὐκ
1159 2962 1528 3030 ᾐσχύνοντο.
1569 2961 1855 3026 Τοιούτους

251 3045 328 3099 δὲ
356 3048 592 3113 ἀπαθεῖς
636 3050 885 3105 ἐϐούλετο
922 3048 1063 3106 εἶναι
1097 3055 1246 3123 ἡμᾶς
1285 3055 1313 3106 6
1366 3053 1498 3117 Θεός
1536 3070 1550 3083 ·
1583 3053 1854 3118 ἀπαθείας

255 3137 400 3209 γὰρ.
424 3141 604 3211 ἄκρας
632 3143 793 3198 τοῦτό
840 3145 990 3199 ἐστιν
1014 3160 1028 3174 ⁸
1064 3144 1143 3199 ἔτι
1179 3146 1236 3199 δὲ
1280 3145 1374 3200 καὶ
1409 3145 1768 3217 ἀμερίμνους,
1795 3145 1852 3201 ἓν

1967 1967 2208 2035 scientia:
2238 1967 2367 2022 boni
2406 1976 2459 2021 ct
2495 1968 2620 2021 mali
2670 1974 2987 2036 nuncupata
3035 1975 3149 2032 est;
3179 1967 3263 2021 vel
3290 1969 3419 2036 quia
3465 1968 3532 2021 iis

1964 2059 2057 2126 qui
2111 2074 2176 2113 ex
2219 2057 2310 2111 illa
2351 2057 2608 2123 edebant,
2645 2059 2788 2113 hanc
2821 2057 2930 2111 vim
2964 2057 3246 2121 afferebat,
3287 2059 3442 2127 1-75
3473 2068 3534 2112 ut

1963 2159 2217 2205 naturam
2247 2165 2404 2205 suam
2441 2158 2787 2230 perspectam
2843 2149 3136 2204 haberent.
3193 2150 3349 2215 Quod
3405 2152 3532 2219 qui-

1963 2243 2083 2298 dem
2129 2251 2188 2296 ut
2232 2241 2432 2296 adultis
2459 2248 2514 2293 et
2550 2239 2809 2310 perfectis
2837 2241 3037 2295 bonum
3066 2247 3218 2306 erat;
3255 2240 3330 2293 ita
3352 2240 3534 2294 minus

1963 2333 2246 2404 perfectis,
2315 2332 2681 2401 asidiorique,
2740 2345 2902 2400 quam
2937 2346 3037 2401 par
3066 2339 3234 2396 esset,
3290 2331 3530 2402 appetitu

1961 2424 2241 2495 praeditis,
2300 2439 2463 2494 grave
2515 2423 2918 2478 incommodum
2975 2424 3326 2489 accersebat;
3389 2423 3531 2478 haud

1959 2529 2121 2569 secus
2150 2528 2214 2567 ac
2253 2513 2466 2568 solidus
2511 2513 2669 2568 cibus
2703 2513 2772 2566 iis
2803 2512 2894 2582 qui
2929 2513 3131 2567 adhuc
3154 2521 3338 2568 tenera
3373 2522 3534 2568 aetate

1960 2613 2110 2670 sunt,
2143 2605 2391 2674 lacteque
2423 2620 2562 2675 opus
2613 2603 2817 2658 habent
2849 2605 2916 2659 “~.
2950 2603 3062 2659 Nec
3093 2605 3242 2659 enim
3272 2604 3414 2660 Deus
3434 2621 3533 2674 ge-

1957 2697 2106 2752 neris
2145 2697 2316 2751 nostri
2348 2704 2562 2759 auctor,
2608 2709 2708 2749 nos
2759 2695 3051 2759 sollicitos,
3085 2704 3138 2748 et
3181 2695 3332 2748 circa
3362 2695 3528 2748 multa

1957 2785 2230 2846 turbatos,
2257 2783 2381 2838 vita:
2425 2792 2628 2838 nostra:
2659 2783 2826 2838 anxie
2861 2783 3174 2852 prospicere
3204 2788 3369 2851 atque
3394 2796 3528 2836 con-

1957 2877 2138 2932 sulere
2165 2875 2418 2941 volebat;
2448 2875 2502 2930 id
2546 2876 2692 2945 quod
2723 2875 2940 2930 tandem
2984 2875 3194 2928 Adamo.
3223 2873 3440 2929 accidit.
3477 2871 3526 2928 is

1955 2967 2098 3022 enim
2139 2965 2428 3035 degustato
2470 2965 2686 3020 arboris
2727 2965 2932 3032 fructu,
2963 2963 3168 3018 nudum
3203 2979 3261 3019 se
3291 2977 3414 3018 esse
3445 2963 3528 3016 in-

1957 3057 2188 3123 tellexit,
2219 3071 2392 3125 eaque
2423 3055 2488 3111 de
2517 3071 2685 3111 causa
2717 3055 3117 3126 subligaculum
3148 3054 3253 3109 sibi
3299 3054 3528 3111 concin-

1956 3147 2128 3204 navit.
2187 3143 2434 3215 Sumptis
2466 3144 2610 3198 enim
2645 3143 2890 3198 ficulnea:
2926 3142 3093 3207 foliis,
3133 3157 3334 3212 corpus
3357 3157 3532 3198 suum.

378 3252 424 3284 ”
445 3252 613 3312 Basil.
645 3255 791 3312 hom.
823 3257 890 3315 de
919 3260 1106 3329 parad.
1141 3261 1184 3293 ³⁹
1211 3258 1345 3316 Gen.
1387 3276 1444 3328 ιι,
1479 3261 1532 3316 9.
1608 3261 1654 3293 ⁴⁰
1680 3259 1842 3333 Greg.
1879 3262 2013 3318 Naz.
2046 3267 2190 3316 orat.
2228 3259 2297 3316 58
2324 3259 2498 3327 etii;
2528 3258 2765 3315 Metltod.
2790 3273 2877 3329 ap.
2912 3256 3107 3329 Epiplt.
3150 3257 3338 3312 haeres.
3364 3257 3450 3312 64.

1542 3357 1774 3414 VARUS
1815 3357 2217 3414 LECTIONES.

347 3439 366 3520 ι
411 3440 549 3512 Reg.
578 3442 634 3508 8,
662 3452 716 3498 et
750 3442 910 3500 Colb.
937 3446 1046 3500 duo
1081 3445 1184 3516 τὴν.
1206 3446 1468 3518 αἴσθησιν.
1489 3447 1626 3518 hy.
1656 3447 1829 3502 Aliam
1875 3464 2075 3520 sequor
2110 3447 2420 3515 lectionem,
2451 3447 2572 3516 q‘itae
2601 3454 2739 3500 orat.
2787 3445 2854 3500 58
2883 3452 2934 3500 et
2974 3443 3044 3498 42
3069 3442 3226 3515 Grcg.
3261 3443 3389 3498 Νη.
3427 3446 3521 3499 ha-

1777 3582 2008 3640 NOTAE.

261 3669 596 3794 gromisisso
633 3670 1038 3726 enarrationem
1085 3671 1138 3724 in
1179 3686 1271 3726 sex
1325 3671 1444 3728 dies
1503 3674 1798 3729 creationis
1828 3692 1843 3728 :
1875 3681 1919 3740 ο
1951 3677 2152 3732 sitioue
2203 3676 2578 3740 Chrysostomi
2640 3675 2774 3730 satis
2832 3673 3129 3729 cohaerent.
3176 3673 3406 3744 Insuper
3468 3685 3521 3732 et

316 3752 590 3794 antanum
645 3749 841 3794 omnes
895 3749 1098 3794 norunt
1154 3743 1468 3794 Scrinturas
1498 3743 1842 3794 Alexandriae
1953 3748 2100 3794 liann
2156 3747 2402 3794 scientias.
2451 3745 2798 3794 cunaenitam
2851 3744 3118 3794 eiusmodi
3179 3743 3351 3794 fuisse
3397 3761 3521 3794 nro-

261 3511 455 3567 betur.

316 3752 590 3796 antanum
645 3749 841 3796 omnes
895 3749 1098 3795 norunt
1154 3743 1468 3810 Scripturas
1498 3743 1842 3797 Alexandriae

275 3817 695 3882 interpretatum
752 3827 912 3882 esse.
957 3811 1202 3867 Philonis
1259 3813 1404 3873 libri,
1444 3813 1496 3864 in
1539 3813 1752 3882 quibus
1781 3813 1848 3867 de

267 3881 533 3950 paradiso
567 3897 876 3935 sermonem
907 3881 1119 3947 habuit,
1154 3897 1258 3934 una
1289 3896 1414 3935 cum
1443 3880 1568 3937 aliis
1601 3880 1845 3951 ejusdem

266 3952 532 4021 operibus
559 3951 689 4021 cditi
731 3959 878 4021 sunt.

343 4020 456 4091 (ΤΞ)
496 4019 673 4086 Ἐ’δὲμ
703 4019 1078 4091 γὰρμτρυφή.
1130 4019 1292 4073 Edent
1341 4020 1501 4074 enim.
1542 4019 1635 4074 Sic
1682 4020 1846 4084 vulgo

262 4089 442 4144 (ἓνὲθεὶ
481 4090 734 4145 scribunt
776 4089 958 4159 Ἐδὲμ,
991 4107 1096 4142 non
1140 4090 1307 4156 Ἐδὲν,
1340 4091 1484 4158 quod
1523 4097 1704 4144 tamen
1755 4105 1846 4143 so-

267 4162 384 4213 lutn
422 4161 476 4213 in
530 4161 848 4226 roluptatem
891 4168 942 4214 et
982 4160 1201 4212 delicias
1233 4161 1463 4212 vertitur
1514 4159 1659 4212 Eden
1698 4160 1845 4228 regio

264 4231 379 4298 sita
429 4229 734 4298 eratiltaiud
783 4231 1030 4296 procula
1075 4229 1465 4298 Mesopotamia
1501 4239 1554 4283 et
1596 4230 1840 4298 Assyria.

269 4297 517 4362 Videsis,
550 4297 614 4351 ιγ
657 4297 790 4362 Reg.
845 4315 958 4363 xix,
992 4297 1281 4365 iiylsaiie
1320 4313 1539 4362 xxxv“,
1574 4298 1676 4366 l2;
1706 4297 1843 4353 Eze-

261 4368 467 4424 chielis
501 4383 670 4432 xxv”,
699 4368 790 4423 25.
957 4401 965 4410 υ

343 4439 456 4508 (Ἱῦ)
511 4439 611 4508 :Er
637 4437 806 4506 μέσῳ
831 4435 914 4488 δέ.
960 4434 1020 4489 1η
1057 4437 1223 4490 medio
1276 4452 1432 4505 porro
1461 4436 1595 4508 ejus.
1627 4435 1728 4502 Qui
1757 4435 1842 4488 lit-

267 4505 448 4578 teram
508 4505 807 4578 scripturae
839 4515 1178 4578 sequuntur,
1206 4515 1509 4578 agnoscunt
1544 4507 1688 4574 ligno
1720 4508 1841 4578 vita:

266 4577 498 4631 insitum
534 4575 704 4630 fuisse
729 4577 836 4629 vim
882 4577 1142 4630 humores
1187 4575 1504 4631 moderandi
1533 4614 1548 4638 ,
1575 4586 1629 4630 et
1659 4577 1842 4630 conci-

267 4647 474 4717 lianda:
494 4646 953 4717 immortalitatis.
990 4645 1064 4698 ita
1109 4645 1840 4717 Chrysostomus,Severia-

266 4732 396 4782 nus,
433 4715 838 4785 Tbeodoretus,
868 4715 1169 4785 i’rocOpius
1221 4713 1274 4770 et
1326 4716 1451 4778 alii,
1486 4716 1579 4784 qui
1619 4713 1840 4785 addunt

268 4786 478 4855 lignum
521 4784 624 4838 hoc
662 4801 989 4839 COIIt‘t-BSSlllll
1025 4783 1229 4838 homini
1272 4785 1462 4847 fuisse,
1498 4783 1838 4855 tttobedien-

268 4854 356 4910 tia:
407 4855 555 4910 illius
604 4856 886 4923 prannium
945 4855 1100 4908 foret.
1139 4855 1216 4908 Et
1247 4870 1356 4924 quo
1400 4854 1718 4908 confutatur
1748 4870 1839 4907 ve-

269 4933 450 4980 tustus
485 4933 700 4990 auctor,
732 4925 822 4992 qui
874 4925 1106 4977 asseruit
1154 4925 1361 4991 primos
1406 4924 1836 4993 parentessolis

267 4997 575 5081 aurisuante
603 5007 886 5081 peccaturi:
912 4995 1222 5081 victitasse:
1249 4992 1460 5081 futurus
1493 4992 1837 5081 eninifuiss‘e
1867 5022 1913 5081 υ

269 5063 512 5116 interitui
563 5064 856 5122 obnoxios.
886 5064 930 5118 si
974 5064 1285 5118 sensibilem
1334 5063 1516 5117 cibum
1564 5061 1831 5116 odissent.

269 5134 538 5198 Quocirca
571 5133 857 5187 Nemi-sius
886 5149 946 5186 ex
991 5131 1368 5196 Hebraeorum,
1403 5140 1457 5186 ut
1489 5131 1584 5195 ait,
1616 5140 1839 5186 senten-

269 5209 338 5256 tia
362 5203 545 5265 docet,
585 5203 861 5255 hominem
889 5206 962 5254 ita
991 5204 1273 5257 conditum
1305 5217 1428 5256 esse
1456 5216 1484 5254 a
1507 5200 1637 5262 Deo,
1665 5212 1721 5254 ut
1747 5215 1839 5254 nec

267 5272 423 5338 plane
460 5273 740 5335 mortalis,
779 5288 869 5325 nec
923 5273 1085 5334 etiam
1129 5270 1448 5324 immortalis
1495 5280 1670 5334 esset,
1716 5269 1839 5322 οὔτε

269 5342 461 5411 Θνητον
485 5342 953 5411 ὁμολογουμένως,
985 5340 1110 5394 οὔτε
1137 5341 1420 5411 ἀθάνατον,
1452 5341 1541 5394 sed
1565 5341 1617 5394 in
1644 5341 1843 5394 utrius-

266 5410 363 5482 que
393 5423 602 5465 natura:
633 5414 882 5482 confinio,
920 5420 975 5463 ut
1013 5412 1060 5465 si
1106 5410 1468 5482 a/fectiouibus
1516 5412 1750 5482 corporis
1794 5417 1844 5462 et

267 5481 392 5534 uitio
423 5499 478 5534 se
507 5481 816 5546 dedidisset,
838 5497 1115 5549 corporum
1149 5481 1461 5532 mutationes
1490 5481 1842 5545 experiretur;

267 5552 352 5604 sin
390 5560 564 5604 autem
603 5552 768 5604 animi
797 5548 937 5604 bona
961 5551 1186 5614 coleret,
1222 5548 1588 5602 traduceretur
1628 5550 1696 5602 ad
1736 5552 1836 5602 im-

269 5620 680 5684 mortalitatem;
711 5622 1041 5690 perrl'rgnum
1078 5620 1196 5672 vita:
1233 5621 1464 5679 scilicet,
1494 5621 1547 5690 in
1605 5635 1713 5689 quo
1751 5620 1837 5673 hic

269 5697 462 5760 auctor
485 5688 742 5745 eximiam
777 5688 1055 5760 ejusmodi
1077 5691 1330 5743 virtutem
1363 5688 1645 5744 exstitisse
1669 5704 1838 5757 agno-

269 5760 394 5814 scit.
423 5759 546 5815 liacc
585 5758 985 5831 aliaque'aﬂ‘crt
1017 5758 1327 5824 Neutcsius,
1357 5773 1476 5828 qua:
1521 5773 1644 5814 cum
1668 5774 1837 5828 expo-

1953 3748 2100 3813 ligno
2156 3747 2402 3800 scientia).
2451 3745 2798 3813 congcnitam
2832 3744 3118 3813 ejusmodi
3179 3743 3351 3798 fuisse
3397 3761 3522 3813 pro-

1953 3811 2235 3883 prietatem
2261 3811 2629 3883 conceditjrt
2669 3813 2761 3882 qui
2794 3812 2912 3883 ejus
2947 3811 3124 3883 fructu
3160 3811 3514 3883 vescerentur

1952 3882 2249 3952 perfectam
2295 3883 2422 3936 boni
2455 3882 3128 3952 maliqueperlectionem
3165 3882 3516 3934 obtinerent:

1947 3949 2066 4007 eam
2101 3967 2230 4006 vero
2258 3953 2468 4005 Adamo
2507 3949 2619 4004 non
2669 3949 2984 4011 obvenisse,
3013 3949 3108 4018 qui
3147 3958 3338 4003 contra
3384 3966 3519 4018 prat-

1948 4030 2168 4091 ceptum
2223 4021 2316 4091 Dei
2356 4028 2484 4074 ante
2518 4028 2722 4074 statum
2761 4025 2989 4091 tempus
3013 4019 3386 4091 cibnm‘hunc
3411 4035 3515 4091 co-

1949 4087 2209 4146 mederat.
2256 4089 2406 4144 Hanc
2461 4100 2641 4143 tamen
2700 4087 3156 4155 ronjcctationem
3207 4087 3517 4143 Methodius

1947 4161 2346 4230 improbavet‘at
2369 4161 2420 4212 in
2451 4158 2604 4230 libris
2637 4159 2897 4230 adversus
2919 4156 3228 4230 Origcncm,
3250 4166 3308 4210 ut
3337 4158 3518 4214 videre

1945 4227 2039 4285 est'
2077 4231 2218 4300 apud
2266 4228 2626 4300 Epiphanimn
2661 4269 2676 4293 ,
2707 4229 2900 4300 meres.
2945 4227 3033 4300 64.
3087 4228 3515 4300 Chrysostomus

1946 4296 2150 4368 itaque,
2183 4296 2332 4352 honr.
2364 4296 2428 4354 16
2462 4299 2515 4350 in
2548 4298 2684 4352 Gen.
2718 4314 2735 4362 ;
2768 4296 3171 4368 'l'ltcodoretus.
3203 4296 3400 4368 quiest.
3422 4299 3512 4363 27,

1944 4378 1998 4423 et
2027 4367 2116 4423 alii
2151 4369 2314 4437 vulgo
2345 4369 2544 4423 docent
2589 4369 2696 4422 hoc
2745 4381 2945 4437 nomen
2999 4367 3232 4425 inditum
3270 4383 3393 4422 esse
3426 4383 3514 4422 ar-

1944 4439 2086 4500 bori,
2112 4454 2218 4493 non
2255 4436 2399 4508 quod
2429 4438 2556 4508 boni
2587 4445 2640 4491 et
2667 4438 2793 4490 mali
2828 4436 3112 4508 scientiam
3148 4447 3331 4508 posset
3365 4439 3512 4508 inge-

1942 4525 2161 4571 nerarc,
2194 4505 2289 4564 sed
2323 4508 2450 4578 quia
2483 4507 2725 4560 futurum
2758 4513 2897 4578 erat,
2933 4515 2989 4559 ut
3025 4506 3116 4575 qui
3141 4505 3322 4578 fructu
3365 4505 3513 4578 illius

1944 4587 2281 4641 vesceretur,
2325 4573 2683 4647 cognosceret
2713 4574 2954 4647 tandem,
2977 4573 3140 4644 quam
3181 4573 3410 4647 distaret
3436 4576 3514 4630 fe-

1943 4648 2017 4702 lix
2052 4648 2383 4704 innocentiae
2403 4645 2594 4700 istatus
2631 4664 2659 4699 a
2706 4646 2942 4700 miseriis
2993 4656 3202 4698 natura:
3239 4645 3290 4697 in
3321 4659 3512 4711 pecca-

1941 4724 2054 4770 tum
2099 4716 2675 4787 lapsm.Disputarunt
2734 4717 2863 4787 olim
2905 4715 3064 4787 cujus
3117 4715 3334 4787 generis
3367 4723 3514 4768 esset

1940 4787 2030 4839 illa
2071 4783 2260 4851 arbor,
2290 4783 2696 4845 Theodoretus.
2737 4783 3062 4837 Theodorus
3111 4783 3510 4842 Antiochenus.

1939 4871 2034 4911 seu
2083 4857 2536 4926 Mopsuestenus,
2567 4864 2620 4926 et
2649 4863 2850 4926 auctor
2893 4854 3256 4926 umestionum
3296 4853 3512 4926 adtin-

1937 4920 2204 4991 tiocltum',
2237 4933 2428 4996 quaest.
2457 4925 2545 4984 49,
2577 4925 2735 4996 ficum
2781 4920 2948 4977 fuisse
2973 4923 3256 4996 definiunt.
3286 4920 3512 4996 Opinio-

1940 5011 2060 5048 nem
2095 4991 2352 5049 ltanc'sic
2384 4995 2626 5062 explodit
2678 4991 2956 5062 Nyssenus
3006 4994 3055 5044 in
3091 4991 3411 5062 Praefatioue
3455 4992 3508 5044 in

1941 5065 2099 5119 Cum.
2129 5065 2324 5119 cantic.
2345 5073 2404 5116 ut
2437 5061 2658 5118 sensum
2691 5061 3038 5130 aliegoricum
3061 5061 3342 5124 obtrudat,
3373 5075 3438 5114 ac
3466 5063 3510 5115 si

1944 5136 2242 5190 verisimile
2287 5149 2395 5188 non
2442 5135 2515 5187 sit
2550 5131 2822 5186 lmininem
2884 5140 3106 5199 propter
3157 5132 3305 5186 illius
3355 5147 3508 5185 esum

1946 5204 2119 5260 fuisse
2155 5204 2528 5272 adjudicatum
2587 5201 2746 5256 morti
2776 5239 2791 5260 ,
2824 5214 2959 5272 eum
3011 5200 3273 5272 Dominus
3328 5199 3507 5272 dicat,

1945 5290 2096 5328 omne
2138 5270 2274 5342 quod
2306 5274 2473 5326 intrat
2524 5273 2696 5342 inios,
2731 5287 2841 5342 nou
2880 5270 3509 5342 coinquinathominem,

1946 5353 2112 5415 atque
2137 5338 2393 5400 universa
2429 5357 2548 5412 qme
2578 5341 2716 5415 Deus
2748 5341 2894 5415 fecit,
2927 5338 3096 5393 fuiSsc
3125 5339 3278 5392 valde
3313 5340 3506 5415 bona”:

1950 5408 2218 5468 Maximus
2267 5408 2559 5482 utrumque
2604 5411 2809 5479 lignum
2849 5408 3078 5482 figurato
3104 5423 3270 5482 sensu
3313 5409 3507 5482 inte-Ili-

1951 5488 2053 5553 git,
2083 5490 2304 5553 propter
2331 5478 2677 5553 difﬁcultates
2717 5494 2836 5548 quae
2873 5495 2936 5532 ex
2996 5478 3508 5553 Scripturawttera

1945 5546 2206 5618 consequi
2241 5554 2510 5605 videntur.
2544 5546 2903 5609 t‘tostcr‘vero,
2923 5556 2999 5618 rut
3018 5546 3505 5618 diversas‘i’atrum

1945 5616 2247 5678 sententias
2285 5621 2571 5680 conciliet,
2601 5626 2708 5670 tam
2770 5617 3104 5686 paradisum,
3154 5631 3316 5685 quam
3365 5616 3507 5683 ligna

1948 5692 2214 5763 paradisi,
2249 5691 2549 5746 secundum
2583 5688 2834 5742 litteram.
2870 5695 2922 5740 et
2958 5687 3267 5741 secundum
3309 5686 3509 5758 allego-

1947 5764 2084 5817 riam
2133 5763 2544 5831 interpretatur.
