4014 6202
333 286 457 352 917

1402 299 1500 358 DE
1536 298 1715 359 FIDE
1754 298 2214 365 ORTHODOXA
2252 304 2396 366 LIB.
2440 306 2518 365 II.

3496 308 3602 372 918

329 403 423 463 εἰς
448 398 560 466 ἕξιν
601 400 725 454 τινὰ
761 401 859 471 τῆς
886 402 1144 475 τοιαύτης
1192 406 1515 477 ἐληλακέναι
1559 412 1793 485 θεωρίαις
1816 432 1830 445 .
1866 414 1905 467 οξ

2032 418 2232 471 bantur
2278 419 2365 483 li‘;
2417 417 2620 487 quippe
2654 430 2777 469 cum
2809 432 2873 471 ex
2908 417 3166 471 diuturna
3202 420 3603 478 exercitatione

327 489 482 561 καλὴ
505 489 563 543 δὲ
592 492 707 555 τοῖς
752 491 893 557 νέοις
920 494 1021 561 ἔτι,
1051 498 1145 549 καὶ
1188 497 1286 569 τὴν
1336 500 1523 570 ἔφεσιν
1572 502 1922 575 λιχνοτέροις,

324 583 433 647 οὓς
453 583 542 637 διὰ
571 584 631 638 τὸ
661 585 919 642 ἀϐέϐαιον
960 589 1059 659 τῆς
1109 592 1169 643 ὲν
1216 590 1294 664 τῷ
1338 594 1610 664 κρείττονι
1643 596 1922 666 διαμονῆς,

325 676 433 727 καὶ
465 675 637 747 μήπω
667 678 881 745 παγίως
916 680 1303 752 ὲνεδρασθῆναι
1326 686 1393 755 τῇ
1428 684 1522 738 τοῦ
1558 686 1721 756 μόνου
1755 686 1921 740 καλοῦ

327 764 659 837 προσεδρίᾳ,
694 768 729 839 ἡ
782 768 876 823 τοῦ
907 772 1109 825 οἰκείου
1160 775 1455 845 κηδεμονία
1500 777 1752 848 σώματος
1784 779 1923 851 πρὸς

324 854 537 929 ἑαυτὴν
569 857 875 929 ἀνθέλκειν,
920 864 1013 916 καὶ
1057 869 1333 938 περισπᾷν
1370 869 1635 937 πέφυκεν.

2024 507 2089 562 ad
2121 507 2352 577 hujusce
2373 506 2855 576 contemplationis
2883 505 3128 561 habitum
3154 510 3446 577 quemdam
3477 527 3597 581 perc

2021 596 2273 651 venerint
2304 614 2318 651 :
2353 596 2781 666 haudquaquam
2811 610 2945 650 vero
2980 596 3125 649 bona
3169 605 3250 652 cst
3285 598 3599 665 junioribus

2020 688 2233 750 adhuc,
2265 694 2321 741 et
2355 686 2586 741 avidiori
2611 727 2626 751 ,
2668 701 2829 759 quam
2864 702 2964 757 par
3010 687 3116 753 sit,
3169 688 3415 757 appetitu
3455 706 3600 759 prax-

2020 776 2150 832 ditis
2181 794 2195 842 ;
2229 791 2371 847 quos
2405 776 2669 831 nimirum
2693 816 2708 841 ,
2745 777 2876 847 quia
2907 793 3012 831 non
3052 778 3286 832 iirmiler
3322 779 3461 834 satis
3493 781 3603 832 bre-

2018 877 2141 923 rent
2182 868 2239 923 in
2282 884 2348 923 eo
2388 869 2533 939 quod
2570 870 2925 939 praestantius
2955 878 3076 939 cst,
3108 886 3213 927 nec
3254 880 3602 933 constanter,

325 947 517 1003 adhuc
552 950 606 1004 in
640 951 794 1006 unici
829 954 959 1009 boni
1011 958 1490 1030 contemplatione
1536 960 1700 1016 deﬁxi
1752 972 1879 1017 sunt
1906 1003 1920 1030 ,
1960 958 2215 1032 corporis
2249 961 2335 1016 sui
2376 974 2510 1016 cura
2552 960 2618 1016 ad
2653 977 2714 1018 se
2772 969 3098 1032 retorquere
3159 972 3215 1019 ct
3290 964 3606 1020 distrahere

320 1038 650 1094 consuevit.

407 1130 573 1185 Οὕτω
601 1128 825 1190 διπλοῦν
879 1136 1032 1210 οἶμαι
1085 1140 1177 1194 τὸν
1233 1140 1375 1195 θεῖον
1430 1142 1777 1215 παράδεισον,
1819 1146 1913 1199 καλ⁸

315 1215 552 1287 ἀληθῶς
590 1223 640 1275 oi
678 1221 927 1295 θεοφόροι
984 1230 1229 1301 Πατέρες
1280 1232 1623 1303 παρέδωκαν,
1652 1234 1707 1286 οἳ
1735 1252 1794 1287 τε
1820 1234 1912 1287 οὓ-

311 1324 462 1375 τως,
501 1312 557 1365 οἷ
606 1330 666 1366 τε
700 1316 924 1383 ἐκείνως
977 1320 1307 1389 διδάξαντες.
1354 1326 1586 1380 Δυνατδν
1627 1325 1684 1378 δὲ
1721 1328 1911 1397 νοῆσαι

314 1400 444 1452 πᾶν
472 1400 649 1468 ξύλον,
688 1403 788 1476 ripa
830 1407 897 1461 ἐκ
923 1408 1033 1462 τῶν
1071 1413 1390 1482 κτισμάτων
1428 1414 1527 1484 τῆς
1556 1413 1712 1479 θείας
1747 1416 1909 1470 δυνά-

316 1509 481 1561 μεως
514 1496 810 1567 γινομένην
858 1500 1176 1571 ἐπίγνωσιν,
1209 1503 1285 1570 ῶς
1316 1519 1482 1575 φησιν
1518 1509 1547 1561 ὁ
1574 1506 1716 1571 θεῖος
1744 1508 1907 1562 Ἀπό-

314 1585 557 1652 στολοςο
596 1589 673 1643 Τὰ
703 1590 814 1661 γὰρ
860 1593 1086 1661 ἀόρατα
1136 1597 1323 1651 αὐτοῦ
1367 1598 1484 1655 ἀπὸ
1517 1583 1908 1666 κτίσεως-’κό-

2083 1137 2249 1195 Wne
2278 1137 2480 1208 lignum
2500 1178 2515 1204 ,
2544 1136 2645 1192 Dei
2671 1154 2735 1192 ex
2764 1138 2955 1192 creatis
2981 1138 3235 1208 cognitio.
3255 1170 3316 1185 ι-
3341 1141 3422 1195 Ad
3450 1142 3599 1198 hunc

2011 1232 2273 1298 modum,
2306 1231 2584 1302 dupliCem
2623 1229 2794 1286 fuisse
2831 1231 3148 1301 paradisum
3186 1233 3405 1301 opinor,
3442 1251 3598 1292 verc-

2008 1340 2117 1395 que
2167 1321 2359 1379 Patres
2392 1323 2665 1379 divinitus
2710 1321 2875 1376 amati
2928 1322 3460 1390 tradiderunt;tam
3501 1328 3605 1396 qui

2009 1416 2133 1478 hoc,
2160 1428 2325 1485 quam
2356 1414 2450 1484 qui
2481 1413 2576 1469 illo
2605 1414 2769 1468 modo
2799 1414 3131 1468 docuerunt.
3159 1412 3485 1485 Quanquam
3514 1421 3597 1474 sic

2012 1508 2179 1562 etiam
2214 1506 2449 1576 intelligi
2486 1513 2673 1576 potest
2704 1520 2867 1560 omne
2893 1506 3100 1574 lignum
3123 1547 3136 1571 ,
3173 1505 3373 1562 divina:
3405 1510 3598 1579 utique

2013 1596 2275 1669 potentiae
2300 1612 2365 1652 ex
2401 1596 2569 1652 rebus
2598 1595 2836 1651 conditis
2876 1604 3034 1665 parta
3063 1596 3307 1666 cognitio
3334 1638 3349 1661 ,
3400 1614 3594 1669 quein-

311 1693 512 1745 σμου,
540 1679 665 1747 τοῖς
684 1682 975 1751 ποιήμασι
1006 1688 1304 1757 νοούμενα
1330 1688 1677 1759 καθορᾶται.
1708 1693 1905 1746 Πασῶν

2012 1686 2314 1741 admodum
2350 1685 2429 1741 ait
2479 1686 2816 1756 Apostolus:
2871 1684 3173 1739 Invisibilia
3213 1687 3355 1739 enim
3404 1690 3519 1757 ejus
3563 1706 3597 1742 α

308 1767 385 1822 δὲ
435 1769 546 1824 τῶν
599 1774 821 1829 ἐννοιῶν
866 1777 1101 1832 καὶτῶν
1142 1780 1389 1852 θεωριῶν
1442 1782 1727 1855 τούτων,ὴ
1780 1785 1902 1839 καθ’

310 1862 478 1931 ἡμᾶς
531 1862 839 1937 ὑψηλοτέρα
891 1872 1222 1942 πέφυκεν,ἠ
1287 1872 1390 1942 τῆς
1436 1873 1709 1945 ἡμετέρας
1762 1878 1906 1947 φημὶ

313 1955 646 2019 συστάσεως
677 1996 693 2021 ,
729 1957 805 2022 ῶς
860 1977 1025 2030 φησιν
1078 1964 1109 2015 ὁ
1163 1964 1306 2029 θεῖος
1355 1966 1519 2019 Δα6ίδ
1550 1983 1564 1996 ⁶
1618 1968 1927 2037 Ἐοαυμα-ι

310 2047 528 2116 στὼθη
582 2048 622 2116 ἠ
679 2047 905 2119 γνῶσίς
953 2068 1072 2108 σου
1127 2056 1198 2121 ἐξ
1231 2056 1411 2126 ἐμοῦ,
1443 2058 1763 2126 τουτέστιν,
1807 2062 1903 2114 Ἐκ

306 2138 427 2207 τῆς
472 2139 596 2212 (74)
647 2141 790 2212 ἐμῆς
848 2147 1214 2217 κατασκευῆς.
1272 2149 1608 2222 Ἐπισφαλὴς
1659 2152 1716 2206 δὲ
1765 2152 1905 2225 αὕτη

311 2231 407 2301 τῷ
455 2232 626 2305 Ἀδὰμ
660 2233 876 2308 ὑπῆρχε
905 2244 1161 2308 νεοπαγεί
1199 2240 1334 2307 ὄντι,
1356 2242 1422 2296 δι’
1454 2241 1520 2307 ἃς
1551 2244 1779 2316 εἴπομεν
1818 2248 1905 2300 ai-

311 2339 473 2388 τιας.

401 2591 473 2645 Ἦ
503 2591 663 2657 ξύλον
711 2594 812 2667 μὲν
851 2595 1032 2667 ζωῆς,
1067 2598 1163 2668 τὴν
1203 2601 1270 2653 ὲκ
1315 2600 1532 2655 πάντων
1572 2603 1682 2657 τῶν
1710 2604 1904 2675 αἰσθη-

318 2682 439 2738 ⁸τῶν
471 2685 834 2758 ὲγγινομένην
873 2688 1152 2760 θειοτέραν
1191 2689 1432 2759 ἔννοιαν,
1458 2693 1551 2748 καὶ
1582 2693 1680 2765 τὴν
1710 2693 1777 2747 δι’
1807 2694 1906 2748 αὑ-

316 2775 438 2830 τῶν
466 2777 561 2830 ἐπὶ
582 2776 675 2833 τὸν
702 2778 956 2835 ἁπάντων
978 2783 1361 2853 γενεσιουργόν
1391 2799 1450 2835 τε
1474 2823 1489 2846 ,
1514 2784 1607 2837 καὶ
1639 2784 1902 2856 δημιουρ-

319 2868 424 2937 γδν
462 2870 638 2924 αἴτιον
666 2871 963 2943 ἀναγωγήν
986 2890 1000 2904 ο
1026 2875 1165 2945 ὅπερ
1194 2877 1284 2928 καὶ
1312 2876 1421 2928 πᾶν
1445 2875 1601 2940 ξύλον
1626 2876 1902 2946 ὠνόμασε,

317 2960 388 3014 ’τὸ
422 2960 632 3031 πλῆρες
652 2962 747 3016 καὶ
779 2963 1104 3033 ἀδιαίρετον,
1128 2967 1296 3036 μονήν
1320 2984 1379 3020 τε
1406 2966 1501 3019 τοῦ
1524 2968 1689 3020 καλοῦ
1720 2969 1903 3039 φέρων

319 3051 427 3123 τὴν
453 3051 692 3123 μέθεξιν,
725 3053 882 3135 ξύλον
919 3056 976 3108 δὲ
1028 3034 1283 3124 γνώσεως
1316 3059 1486 3112 καλοῦ
1502 3061 1598 3113 καὶ
1636 3034 1896 3129 πονηροῦ,
1931 3034 1975 3093 C

317 3142 425 3214 τὴν
452 3142 720 3215 αἰσθητὴν
754 3146 847 3198 καὶ
890 3147 1141 3216 ὲνήδονον
1188 3148 1392 3218 βρῶσιν
1410 3188 1425 3213 ,
1453 3149 1552 3222 τὴν
1574 3190 1589 3214 ,
1618 3149 1695 3219 τῷ
1722 3150 1899 3205 δοκεῖν

324 3234 426 3304 μὲν
459 3236 887 3305 γλυκαίνουσαν,
931 3238 1010 3309 τῷ
1049 3240 1164 3293 ὄντι
1218 3239 1276 3293 δὲ
1327 3242 1387 3294 ὲν
1427 3242 1686 3313 μετουσίᾳ
1712 3242 1899 3296 κακῶν

319 3327 412 3381 τὸν
437 3328 738 3400 μετέχοντα
764 3330 1134 3390 καθιστῶσαν.
1163 3333 1316 3400 Φησὶ
1345 3335 1456 3401 γὰρ
1490 3336 1523 3388 ό
1554 3334 1697 3402 Θεός
1717 3350 1733 3365 ⁸
1765 3334 1899 3391 Ἀπὸ

319 3420 551 3485 παντὸς
609 3420 799 3487 ξύλου
854 3423 960 3478 τοῦ
1012 3424 1085 3479 ἐν
1145 3424 1225 3492 τῷ
1279 3414 1621 3495 παραδείσῳ
1669 3426 1901 3495 βρώσει

318 3511 517 3583 ρατῇο
542 3513 642 3569 Διὰ
679 3514 922 3582 πάντων,
955 3502 1259 3588 οἶμαι,τῶν
1293 3519 1611 3588 κτισμάτων
1660 3518 1749 3571 ἐπ’
1798 3518 1899 3591 ἐμὲ

318 3606 410 3659 τὸν
442 3606 675 3677 ποιητὴν
708 3607 1127 3680 ἀναὸιϐἁσθητι,
1178 3608 1352 3678 λέγων
1374 3648 1391 3674 ,
1423 3610 1519 3664 καὶ
1559 3610 1657 3664 ἕνα
1685 3610 1899 3683 καρπὸν

319 3695 384 3749 ἐκ
416 3696 636 3749 πάντων
662 3697 948 3768 κάρπωσαι
969 3737 984 3763 ,
1014 3699 1114 3769 ἐμὲ
1145 3699 1247 3771 τὴν
1272 3698 1444 3763 ὅντως
1497 3698 1647 3771 ζωήν
1674 3716 1691 3732 ο
1721 3701 1898 3755 πάντα

322 3803 403 3840 σοι
434 3784 581 3858 ζωὴν
632 3788 1174 3861 καρποφορείτωσαν,
1202 3792 1297 3844 καὶ
1336 3790 1435 3861 τὴν
1481 3789 1622 3862 ἐμὴν
1655 3791 1894 3862 μέθεξιν,

320 3877 478 3932 ποιοῦ
528 3881 628 3949 τῆς
665 3881 874 3944 οἰκείας
908 3881 1194 3951 ὑπάρξεως
1252 3881 1530 3937 σύστασιν.
1577 3875 1736 3938 Οὕτω
1786 3882 1896 3954 γὰρ

317 3968 419 4043 ἔσῃ
443 3968 735 4034 ἀθάνατος.
787 3972 932 4027 Ἀπὸ
958 3971 1027 4025 δὲ
1070 3972 1176 4026 τοῦ
1213 3971 1407 4036 ξύλου
1435 3973 1543 4027 τοῦ
1579 3973 1899 4043 γινώσκειν

315 4058 511 4117 καλὸν
534 4060 633 4114 καὶ
687 4062 972 4130 πονηρὸν.
1008 4066 1080 4119 οὐ
1121 4063 1385 4133 φάγεσθε
1429 4065 1534 4119 ἀπ’
1571 4065 1784 4138 cgita").
1815 4059 1900 4137 ⁷ῌ

312 4150 368 4203 δ’
390 4150 471 4206 ἂν
495 4152 685 4222 ἡμέρᾳ
734 4154 963 4224 φάγητε
1012 4155 1112 4210 ἀπ’
1147 4156 1366 4222 αὐτοῦ,
1392 4155 1626 4222 θανάτῳ
1669 4159 1895 4213 ἀποθα-

313 4244 541 4299 νεῖσθε.
574 4245 829 4309 Φυσικῶς
864 4247 975 4317 γὰρ
1024 4249 1059 4319 ἡ
1106 4248 1341 4319 αἰσθητὴ
1392 4248 1598 4320 βρῶσις
1649 4249 1744 4303 τοῦ
1794 4250 1896 4303 ὐπ-

2005 1785 2253 1831 creatura
2288 1775 2505 1841 mundi,
2536 1793 2629 1847 per
2655 1794 2717 1832 ea
2761 1792 2879 1847 qua:
2925 1776 3070 1846 facta
3112 1787 3276 1842 sunt,
3329 1778 3594 1834 intellecta

2005 1869 2408 1936 conspiciuntur
2437 1866 2508 1922 ⁵⁸.
2541 1866 2801 1922 Omnium
2843 1881 3010 1937 porro
3049 1867 3452 1938 cogitatidnum
3490 1870 3598 1923 ba-

2007 1974 2130 2012 rum
2164 1966 2333 2029 atque
2365 1958 2898 2029 contemplationum
2941 1960 3293 2028 pmstantior
3338 1960 3433 2015 illa
3466 1968 3555 2016 est
3578 2002 3592 2027 ,

2007 2064 2130 2120 qua:
2158 2050 2214 2105 in
2245 2051 2465 2115 nostri,
2497 2051 2613 2106 sive
2648 2050 3075 2120 compositionis
3114 2060 3321 2104 nostra:
3343 2092 3356 2114 ,
3400 2052 3591 2107 consi-

2006 2142 2293 2196 deratione
2329 2149 2606 2204 versatur,
2640 2148 2699 2195 ut
2727 2141 2946 2195 divinus
2973 2138 3143 2194 David
3179 2141 3255 2195 ait
3281 2160 3294 2195 :
3320 2140 3598 2195 Hirabitis

2007 2233 2151 2304 facta
2200 2240 2280 2287 est
2329 2232 2552 2286 scientia
2585 2240 2677 2285 tua
2707 2246 2772 2285 ea:
2818 2247 2898 2285 me
2926 2230 2996 2297 ⁸⁸,
3051 2231 3155 2286 hoc
3202 2239 3323 2297 est,
3379 2244 3445 2286 ex
3487 2232 3591 2287 mei

2008 2333 2315 2382 structura.
2380 2323 2655 2379 Caeterum
2711 2322 2987 2391 eiusmodi
3044 2322 3292 2393 cognitio
3343 2321 3592 2385 Adamo,

2008 2431 2205 2472 recens
2251 2416 2480 2471 condito
2534 2426 2600 2471 ac
2645 2424 2875 2479 tenero,
2928 2416 3004 2472 ob
3039 2414 3139 2472 bas
3179 2431 3319 2486 quas
3350 2416 3594 2471 dixitnus

2009 2507 2258 2564 rationes
2279 2551 2293 2576 ,
2333 2508 2582 2579 periculo
2615 2523 2726 2564 non
2762 2507 2986 2564 carebat
3017 2504 3087 2562 ".

2076 2599 2310 2671 Lignum
2333 2602 2454 2657 vius
2478 2602 2672 2656 iterum
2695 2641 2710 2664 ,
2742 2616 2805 2654 ac
2832 2601 3108 2656 sententia:
3135 2599 3277 2654 boni.
3308 2598 3588 2654 Sensibilia

2006 2690 2151 2745 cibus
2180 2692 2343 2745 morti
2375 2691 2567 2756 amnis.
2592 2719 2661 2733 -—
2682 2690 2829 2756 Quin
2860 2704 2959 2759 per
2994 2689 3200 2759 lignum
3226 2687 3353 2741 vita:
3381 2686 3587 2740 intelli-

2006 2797 2135 2853 gere
2158 2783 2325 2837 etiam
2358 2782 2525 2850 licet,
2556 2779 2892 2836 diviniorem
2924 2779 3075 2834 illam
3109 2777 3544 2846 speculationem
3570 2815 3585 2836 ,

2007 2891 2129 2947 qua!
2161 2892 2227 2932 ex
2260 2878 2428 2933 rebus
2467 2874 2828 2932 sensibilibns
2868 2873 3139 2937 nascitur,
3181 2878 3348 2940 atque
3386 2881 3587 2923 ascen-

2011 2982 2133 3025 sum
2165 2968 2356 3034 illum,
2395 2982 2505 3037 quo
2550 2982 2649 3037 per
2696 2981 2792 3021 cas
2840 2966 2909 3020 ad
2963 2964 3211 3019 omnium
3261 2969 3583 3031 parentem,

2008 3059 2353 3115 conditorem
2391 3069 2447 3115 et
2480 3066 2763 3114 auctorem
2813 3058 3207 3127 assurgimus:
3255 3053 3402 3125 quod
3456 3052 3584 3122 qui-

2007 3153 2131 3209 dem
2162 3154 2327 3209 etiam
2358 3168 2521 3210 omne
2551 3154 2759 3227 lignum
2790 3150 3167 3222 nuncupavit,
3192 3148 3296 3204 hoc
3325 3155 3442 3212 est,
3468 3146 3583 3217 ple—

2008 3261 2139 3300 num
2167 3259 2232 3302 ac
2260 3244 2557 3301 indivisum
2581 3285 2597 3310 ,
2627 3246 2914 3316 solamque
2940 3242 3068 3298 boni
3096 3239 3581 3311 participationem

2008 3339 2211 3393 ferens.
2246 3335 2352 3392 Per
2382 3337 2591 3407 lignum
2621 3345 2805 3391 autem
2834 3333 3083 3390 scientia:
3129 3332 3261 3387 boni
3312 3340 3367 3385 et
3413 3329 3581 3395 mali,

2006 3430 2191 3485 cibum
2245 3428 2562 3485 sensibilem
2602 3435 2657 3482 et
2703 3425 3125 3489 delectabilem,
3158 3424 3289 3495 qui.
3327 3421 3581 3493 quamvis
3676 3418 3677 3421 “

2007 3520 2299 3576 suavitatis
2342 3520 2583 3591 speciem
2629 3533 2745 3588 pra:
2793 3532 2856 3575 se
2912 3517 3086 3583 ferat,
3136 3530 3328 3572 revera
3398 3523 3579 3568 tamen

2004 3627 2132 3670 eum
2186 3626 2215 3665 a
2266 3627 2378 3682 quo
2430 3610 2759 3681 percipitur,
2808 3610 2865 3663 in
2912 3608 3055 3664 mala
3118 3607 3372 3677 coniicit.
3429 3605 3580 3659 Dixit

2005 3720 2230 3774 namque
2260 3703 2400 3758 Dens
2424 3718 2443 3756 :
2469 3701 2553 3756 Ex
2580 3704 2721 3755 omni
2752 3701 2915 3771 ligno,
2942 3699 3082 3769 quod
3112 3710 3188 3753 est
3220 3701 3272 3752 in
3299 3698 3577 3767 paradiso,

2004 3795 2257 3851 vescendo
2282 3794 2520 3848 comede:
2547 3792 2595 3824 "
2623 3811 2637 3848 :
2667 3792 2828 3861 quasi
2866 3791 3050 3855 dicat,
3082 3790 3141 3843 ni
3173 3788 3358 3851 fallor,
3395 3788 3484 3842 fac
3518 3796 3580 3841 ut

2003 3904 2104 3960 per
2130 3894 2419 3943 creaturas
2445 3898 2643 3940 omnes
2677 3883 2746 3938 ad
2780 3897 2867 3938 me
2897 3880 3242 3937 conditorem
3275 3893 3541 3948 assurgas
3561 3917 3579 3939 .

2003 3993 2282 4050 unumque
2304 3992 2369 4033 ex
2391 3976 2648 4033 omnibus
2671 3975 2912 4030 fructum
2934 3974 3219 4043 decerpas,
3242 3984 3327 4026 me
3348 3969 3577 4033 scilicet,

2002 4071 2097 4142 qui
2124 4084 2253 4125 vera
2296 4068 2407 4123 vita
2441 4082 2586 4124 sum.
2622 4065 2700 4121 Da
2727 4079 2986 4136 operam,
3017 4070 3077 4119 ut
3105 4062 3295 4119 omnia
3326 4062 3448 4117 vita:
3479 4060 3579 4116 tibi

2002 4161 2243 4217 fructum
2274 4158 2500 4215 ferant:
2536 4164 2705 4228 atque
2737 4155 2791 4210 id
2833 4169 2966 4226 age,
3018 4163 3076 4209 ut
3125 4154 3237 4209 mei
3286 4151 3579 4223 participa-

1999 4256 2150 4309 tione
2185 4253 2241 4308 in
2271 4266 2457 4307 rerum
2488 4258 2687 4306 natura
2714 4249 3008 4304 consistas.
3042 4244 3156 4301 liae
3187 4246 3332 4302 enim
3366 4246 3578 4301 ratione

313 4336 679 4406 εκρεὺσαντός
727 4338 876 4392 ἐστιν
923 4338 1333 4410 ἀναπλήρωσις,
1366 4340 1457 4393 καὶ
1485 4341 1566 4403 είς
1605 4340 1893 4412 ἀφεδρῶνα

2010 4342 2335 4399 immortalis
2369 4341 2520 4397 eris:
2554 4341 2631 4396 De
2663 4341 2806 4411 ligno
2854 4347 3032 4393 autem
3066 4338 3301 4393 scientia
3346 4337 3468 4392 boni
3525 4343 3577 4390 et

313 4429 505 4497 χωρεῖ,
552 4427 648 4481 καὶ
700 4426 905 4499 φθοράν
934 4442 950 4457 ο
978 4428 1073 4484 καὶ
1124 4419 1406 4500 ἀμήχανον
1451 4420 1729 4502 ἄφθαρτον
1778 4432 1893 4486 διοι-

316 4517 522 4588 μένειν,
546 4517 639 4572 τὸν
672 4517 775 4588 τῆς
818 4517 1090 4589 αἰσθητῆςΔ
1123 4517 1385 4591 βρώσεως
1416 4518 1483 4574 ὲν
1507 4520 1774 4592 μετουσίᾳ
1802 4537 1891 4589 γι·

312 4610 561 4680 νόμενον.
628 4622 699 4689 ν

1925 4394 1971 4453 Ι)

1998 4434 2130 4488 mali
2161 4450 2223 4489 ne
2250 4431 2539 4489 comedetis
2563 4446 2628 4485 ea:
2658 4447 2739 4485 eo.
2775 4428 3096 4496 Quacunque
3126 4429 3263 4483 enim
3294 4427 3380 4482 die
3432 4442 3576 4480 σοικ-

1993 4526 2212 4582 ederitis
2227 4541 2293 4581 ex
2321 4541 2404 4592 eo,
2437 4535 2605 4580 morte
2635 4522 2931 4579 moriemini
2961 4521 3030 4577 ⁸³.
3057 4518 3130 4591 Ea
3161 4520 3309 4575 enim
3337 4525 3419 4573 est
3449 4531 3575 4573 sen-

1993 4617 2176 4671 sibilis
2207 4616 2318 4671 cibi
2348 4622 2548 4669 uatura
2571 4655 2587 4681 ,
2623 4624 2683 4668 ut
2717 4613 2770 4668 id
2797 4611 2949 4685 quod
2975 4610 3294 4669 subeilluxit
3328 4608 3573 4678 repleat,

312 4707 483 4776 atque
536 4700 592 4754 in
648 4714 932 4756 secessum
980 4706 1035 4755 et
1083 4699 1505 4771 corruptionem
1559 4699 1738 4756 abeat.
1785 4698 1895 4757 Nec
1934 4702 2306 4776 ﬁeripotest,
2339 4714 2401 4761 ut
2435 4706 2801 4775 incorruptus
2850 4712 3106 4769 maneat,
3171 4700 3271 4772 qui
3324 4697 3572 4757 sensibili

311 4793 441 4848 cibo
460 4774 741 4848 vescitur.

798 4883 1050 4938 ΚΕΦΑΛ.
1104 4881 1182 4937 IB'
1213 4880 1362 4955 [κεῖν
1367 4882 1425 4955 1..

839 4975 979 5044 Περὶ
1021 4975 1360 5045 ἀνθρωπου.

376 5068 539 5122 Οὕτω
568 5067 669 5139 μὲν
689 5061 784 5122 οὖν
832 5066 933 5139 τὴν
992 5069 1192 5140 νοητὴν
1224 5068 1415 5123 οὐσίαν
1466 5067 1812 5139 ὑπεστήσατο
1861 5070 1890 5121 ὁ

2487 4882 2647 4952 ι77
2687 4880 2921 4938 CAPUT
2960 4848 3081 4935 xu.

2599 4973 2673 5028 Dc
2711 4974 2951 5029 homine.
3296 5018 3307 5023 υ

2065 5064 2183 5123 Hoc
2237 5072 2403 5138 pacto
2454 5064 2647 5134 itaque
2680 5060 2828 5119 Deus
2860 5061 3263 5132 intelligentem
3307 5062 3570 5118 substan-

304 5157 439 5223 Θεός
462 5175 478 5191 ο
511 5158 779 5229 ἀγγέλους
826 5159 991 5229 φημὶ,
1042 5161 1137 5213 καὶ
1164 5159 1346 5215 πάντα
1392 5159 1461 5214 τὰ
1492 5160 1617 5212 κατ’
1660 5154 1889 5233 οὐρανὸν

2010 5158 2167 5223 liam,
2211 5167 2346 5230 puta
2371 5158 2599 5228 angelos
2622 5200 2636 5216 .
2669 5154 3044 5226 cmlestesque
3094 5170 3288 5212 omnes
3342 5154 3571 5210 ordines

375 5303 419 5386 "°_
454 5314 617 5386 Greg.
648 5314 782 5372 Νη.
816 5325 956 5372 orat.
1017 5315 1089 5370 ‘58
1127 5322 1181 5386 et
1196 5313 1309 5386 ΑΩ.
1374 5313 1417 5347 ”
1449 5312 1602 5367 Rom.
1658 5328 1697 5376 ι,
1733 5311 1821 5366 10.

2010 5309 2138 5367 Psal.
2188 5327 2457 5380 cxxxvm,
2494 5312 2548 5367 6.
2608 5312 2650 5344 ³¹
2682 5309 2905 5365 Maximi
2954 5310 3008 5364 in
3048 5310 3249 5380 Script.
3310 5325 3432 5381 pag.
3481 5309 3566 5364 10.

306 5383 354 5416 ⁸³
386 5383 724 5451 Gen.ti,i6.
816 5388 865 5419 ⁸³
901 5386 1130 5449 Gennr,
1161 5384 1246 5437 i7.

380 5549 490 5621 (Ἡ)
531 5547 812 5621 Τωτέοήτι
848 5548 916 5621 ἐκ
938 5547 1073 5621 τῆς,
1099 5547 1213 5606 Hoc
1241 5557 1318 5621 est
1354 5563 1422 5621 ea;
1434 5563 1554 5621 mea
1580 5554 1871 5621 structura.

310 5616 404 5675 Sic
426 5616 1035 5688 Basilius,'l‘hcologus.
1053 5619 1377 5673 Anastasius
1409 5616 1457 5688 llr
1473 5616 1872 5688 Antiocheam,

1821 5424 2051 5507 sem.

1982 5555 2057 5599 est
2083 5548 2303 5600 scientia
2340 5556 2433 5598 tua
2458 5560 2521 5599 es
2548 5560 2650 5607 me,
2681 5544 2961 5612 accipiunt
2994 5559 3008 5595 :
3044 5551 3097 5595 at
3132 5542 3314 5610 potior
3332 5549 3416 5612 est
3441 5555 3568 5598 scn-

1983 5631 2080 5670 sus
2116 5633 2180 5670 ex
2226 5613 2771 5670 llcbrzcozﬂirabilis
2808 5614 2951 5680 facta
2981 5621 3056 5667 est
3085 5612 3305 5665 scientia
3340 5622 3430 5664 tua
3455 5627 3565 5681 pra:

306 5697 360 5745 et
386 5689 476 5744 alii
509 5689 679 5745 verba
704 5689 816 5744 haec
850 5683 1325 5759 psalmicxxmu,
1345 5689 1376 5741 ti
1401 5706 1412 5740 :
1434 5686 1696 5741 Mirabilis
1730 5685 1874 5754 facta
1985 5701 2093 5740 me:
2120 5686 2171 5740 id
2202 5696 2306 5751 est,
2336 5686 2539 5757 ingenii
2579 5684 2684 5738 mei
2714 5700 2945 5738 acumen
2988 5684 3143 5751 longe
3170 5683 3402 5737 excedit.
