  <div class='ocr_page' id='page_1' title='image "/cluster/home/n/w/nwhite01/storage/ocr_20150623/94/hvd.32044073502098/467.png"; bbox 0 0 4014 6202; ppageno 0'>
   <div class='ocr_carea' id='block_1_1' title="bbox 372 287 3653 360">
    <p class='ocr_par' dir='ltr' id='par_1_1' title="bbox 372 287 3653 360">
     <span class='ocr_line' id='line_1_1' title="bbox 372 287 3653 360; baseline -0.004 -2"><span class='ocrx_word' id='word_1_1' title='bbox 372 290 481 360; x_wconf 70' lang='lat'><strong>923</strong></span> <span class='ocrx_word' id='word_1_2' title='bbox 1568 289 1628 347; x_wconf 87' lang='lat' dir='ltr'><strong>s.</strong></span> <span class='ocrx_word' id='word_1_3' title='bbox 1665 287 1985 351; x_wconf 72' lang='lat' dir='ltr'><strong>JOANNIS</strong></span> <span class='ocrx_word' id='word_1_4' title='bbox 2023 289 2472 352; x_wconf 63' lang='lat' dir='ltr'><strong>DAMASCEXI-</strong></span> <span class='ocrx_word' id='word_1_5' title='bbox 3536 293 3653 360; x_wconf 65' lang='lat'><strong>924</strong></span> 
     </span>
    </p>
   </div>
   <div class='ocr_carea' id='block_1_2' title="bbox 372 402 1971 482">
    <p class='ocr_par' dir='ltr' id='par_1_2' title="bbox 372 402 1924 474">
     <span class='ocr_line' id='line_1_2' title="bbox 372 402 1924 474; baseline 0 -16"><span class='ocrx_word' id='word_1_6' title='bbox 372 402 466 459; x_wconf 96' lang='lat' dir='ltr'><strong>lud</strong></span> <span class='ocrx_word' id='word_1_7' title='bbox 500 411 560 458; x_wconf 94' lang='lat' dir='ltr'><strong>ut</strong></span> <span class='ocrx_word' id='word_1_8' title='bbox 593 409 947 472; x_wconf 74' lang='lat' dir='ltr'><strong>permaneat,</strong></span> <span class='ocrx_word' id='word_1_9' title='bbox 981 418 1220 474; x_wconf 89' lang='lat' dir='ltr'><strong>eumque</strong></span> <span class='ocrx_word' id='word_1_10' title='bbox 1252 403 1479 467; x_wconf 89' lang='lat' dir='ltr'><strong>laudet,</strong></span> <span class='ocrx_word' id='word_1_11' title='bbox 1527 405 1690 472; x_wconf 86' lang='lat' dir='ltr'><strong>cujus</strong></span> <span class='ocrx_word' id='word_1_12' title='bbox 1738 406 1924 460; x_wconf 79' lang='lat' dir='ltr'><strong>beneﬁ</strong></span> 
     </span>
    </p>
   </div>
   <div class='ocr_carea' id='block_1_3' title="bbox 2093 402 3648 482">
    <p class='ocr_par' dir='ltr' id='par_1_3' title="bbox 2093 406 3648 482">
     <span class='ocr_line' id='line_1_3' title="bbox 2093 406 3648 482; baseline 0.006 -25"><span class='ocrx_word' id='word_1_13' title='bbox 2093 423 2247 472; x_wconf 82' lang='grc' dir='ltr'>ιενον,</span> <span class='ocrx_word' id='word_1_14' title='bbox 2290 406 2566 460; x_wconf 76' lang='grc' dir='ltr'><strong>τουτέστιν</strong></span> <span class='ocrx_word' id='word_1_15' title='bbox 2617 408 2676 459; x_wconf 80' lang='grc' dir='ltr'>ὲν</span> <span class='ocrx_word' id='word_1_16' title='bbox 2717 407 2794 478; x_wconf 84' lang='grc' dir='ltr'><strong>τῷ</strong></span> <span class='ocrx_word' id='word_1_17' title='bbox 2841 409 3074 480; x_wconf 80' lang='grc' dir='ltr'><strong>παρόντι</strong></span> <span class='ocrx_word' id='word_1_18' title='bbox 3115 407 3238 479; x_wconf 76' lang='grc' dir='ltr'>βίῳ,</span> <span class='ocrx_word' id='word_1_19' title='bbox 3270 410 3364 466; x_wconf 77' lang='grc' dir='ltr'>καὶ</span> <span class='ocrx_word' id='word_1_20' title='bbox 3393 408 3648 482; x_wconf 74' lang='grc' dir='ltr'>ἀλλαχοῦ</span> 
     </span>
    </p>
   </div>
   <div class='ocr_carea' id='block_1_4' title="bbox 371 492 1971 574">
    <p class='ocr_par' dir='ltr' id='par_1_4' title="bbox 371 492 1961 566">
     <span class='ocr_line' id='line_1_4' title="bbox 371 492 1961 566; baseline 0.001 -16"><span class='ocrx_word' id='word_1_21' title='bbox 371 495 477 550; x_wconf 83' lang='lat' dir='ltr'><strong>ciis</strong></span> <span class='ocrx_word' id='word_1_22' title='bbox 511 500 746 548; x_wconf 88' lang='lat' dir='ltr'><strong>ornatus</strong></span> <span class='ocrx_word' id='word_1_23' title='bbox 793 492 942 560; x_wconf 81' lang='lat' dir='ltr'><strong>fuit;</strong></span> <span class='ocrx_word' id='word_1_24' title='bbox 997 494 1145 559; x_wconf 87' lang='lat' dir='ltr'><strong>hoc,</strong></span> <span class='ocrx_word' id='word_1_25' title='bbox 1189 503 1248 548; x_wconf 93' lang='lat' dir='ltr'><strong>ut</strong></span> <span class='ocrx_word' id='word_1_26' title='bbox 1277 496 1547 565; x_wconf 79' lang='lat' dir='ltr'><strong>patiatur,</strong></span> <span class='ocrx_word' id='word_1_27' title='bbox 1596 504 1651 548; x_wconf 91' lang='lat' dir='ltr'><strong>et</strong></span> <span class='ocrx_word' id='word_1_28' title='bbox 1699 497 1961 566; x_wconf 83' lang='lat' dir='ltr'><strong>patiendo</strong></span> 
     </span>
    </p>
   </div>
   <div class='ocr_carea' id='block_1_5' title="bbox 2093 492 3658 574">
    <p class='ocr_par' dir='ltr' id='par_1_5' title="bbox 2093 496 3658 574">
     <span class='ocr_line' id='line_1_5' title="bbox 2093 496 3658 574; baseline 0.006 -26"><span class='ocrx_word' id='word_1_29' title='bbox 2093 497 2482 568; x_wconf 79' lang='grc' dir='ltr'>εθιστάμενον,</span> <span class='ocrx_word' id='word_1_30' title='bbox 2529 496 2829 568; x_wconf 76' lang='grc' dir='ltr'><strong>[τουτέστιν</strong></span> <span class='ocrx_word' id='word_1_31' title='bbox 2854 499 2901 571; x_wconf 74' lang='grc' dir='ltr'><strong>τ]</strong></span> <span class='ocrx_word' id='word_1_32' title='bbox 2968 503 3027 552; x_wconf 79' lang='grc' dir='ltr'>ἐν</span> <span class='ocrx_word' id='word_1_33' title='bbox 3067 500 3144 570; x_wconf 80' lang='grc' dir='ltr'>τῷ</span> <span class='ocrx_word' id='word_1_34' title='bbox 3169 501 3328 554; x_wconf 83' lang='grc' dir='ltr'><strong>αἰῶνι</strong></span> <span class='ocrx_word' id='word_1_35' title='bbox 3380 501 3462 571; x_wconf 87' lang='grc' dir='ltr'>τῷ</span> <span class='ocrx_word' id='word_1_36' title='bbox 3513 504 3658 574; x_wconf 77' lang='grc' dir='ltr'><strong>μὲλ-</strong></span> 
     </span>
    </p>
   </div>
   <div class='ocr_carea' id='block_1_6' title="bbox 373 585 1971 664">
    <p class='ocr_par' dir='ltr' id='par_1_6' title="bbox 373 587 1957 656">
     <span class='ocr_line' id='line_1_6' title="bbox 373 587 1957 656; baseline 0.001 -16"><span class='ocrx_word' id='word_1_37' title='bbox 373 587 760 650; x_wconf 89' lang='lat' dir='ltr'><strong>admoneatur,</strong></span> <span class='ocrx_word' id='word_1_38' title='bbox 785 601 1025 656; x_wconf 86' lang='lat' dir='ltr'><strong>cumque</strong></span> <span class='ocrx_word' id='word_1_39' title='bbox 1054 587 1458 656; x_wconf 72' lang='lat' dir='ltr'><strong>magnitudinis</strong></span> <span class='ocrx_word' id='word_1_40' title='bbox 1485 601 1654 642; x_wconf 86' lang='lat' dir='ltr'><strong>causa</strong></span> <span class='ocrx_word' id='word_1_41' title='bbox 1690 602 1751 642; x_wconf 81' lang='lat' dir='ltr'><strong>se</strong></span> <span class='ocrx_word' id='word_1_42' title='bbox 1777 590 1957 642; x_wconf 80' lang='lat' dir='ltr'><strong>extol-</strong></span> 
     </span>
    </p>
   </div>
   <div class='ocr_carea' id='block_1_7' title="bbox 2093 585 3664 664">
    <p class='ocr_par' dir='ltr' id='par_1_7' title="bbox 2093 587 3664 664">
     <span class='ocr_line' id='line_1_7' title="bbox 2093 587 3664 664; baseline 0.006 -26"><span class='ocrx_word' id='word_1_43' title='bbox 2093 602 2241 639; x_wconf 80' lang='grc' dir='ltr'>οντι·</span> <span class='ocrx_word' id='word_1_44' title='bbox 2295 587 2394 642; x_wconf 76' lang='grc' dir='ltr'><strong>καὶ</strong></span> <span class='ocrx_word' id='word_1_45' title='bbox 2452 589 2625 658; x_wconf 80' lang='grc' dir='ltr'><strong>πέρας</strong></span> <span class='ocrx_word' id='word_1_46' title='bbox 2670 590 2767 642; x_wconf 74' lang='grc' dir='ltr'><strong>τού</strong></span> <span class='ocrx_word' id='word_1_47' title='bbox 2825 591 3158 663; x_wconf 76' lang='grc' dir='ltr'><strong>μυστηρίου,</strong></span> <span class='ocrx_word' id='word_1_48' title='bbox 3198 595 3268 662; x_wconf 82' lang='grc' dir='ltr'><strong>τῇ</strong></span> <span class='ocrx_word' id='word_1_49' title='bbox 3317 595 3459 664; x_wconf 69' lang='grc' dir='ltr'>πρὸς</span> <span class='ocrx_word' id='word_1_50' title='bbox 3514 593 3664 647; x_wconf 78' lang='grc' dir='ltr'>Θεὸν</span> 
     </span>
    </p>
   </div>
   <div class='ocr_carea' id='block_1_8' title="bbox 375 676 1971 754">
    <p class='ocr_par' dir='ltr' id='par_1_8' title="bbox 375 678 1960 745">
     <span class='ocr_line' id='line_1_8' title="bbox 375 678 1960 745; baseline -0.001 -11"><span class='ocrx_word' id='word_1_51' title='bbox 375 678 472 741; x_wconf 86' lang='lat' dir='ltr'><strong>iit,</strong></span> <span class='ocrx_word' id='word_1_52' title='bbox 505 679 871 734; x_wconf 77' lang='lat' dir='ltr'><strong>emendetur:</strong></span> <span class='ocrx_word' id='word_1_53' title='bbox 909 678 1114 731; x_wconf 85' lang='lat' dir='ltr'><strong>animal</strong></span> <span class='ocrx_word' id='word_1_54' title='bbox 1147 678 1269 741; x_wconf 89' lang='lat' dir='ltr'><strong>hic,</strong></span> <span class='ocrx_word' id='word_1_55' title='bbox 1304 678 1421 731; x_wconf 79' lang='lat' dir='ltr'><strong>sive</strong></span> <span class='ocrx_word' id='word_1_56' title='bbox 1451 678 1506 730; x_wconf 89' lang='lat' dir='ltr'><strong>in</strong></span> <span class='ocrx_word' id='word_1_57' title='bbox 1536 678 1792 745; x_wconf 55' lang='lat' dir='ltr'><strong>praesenti</strong></span> <span class='ocrx_word' id='word_1_58' title='bbox 1827 680 1960 742; x_wconf 83' lang='lat' dir='ltr'><strong>vita,</strong></span> 
     </span>
    </p>
   </div>
   <div class='ocr_carea' id='block_1_9' title="bbox 2093 676 3664 754">
    <p class='ocr_par' dir='ltr' id='par_1_9' title="bbox 2093 676 3664 754">
     <span class='ocr_line' id='line_1_9' title="bbox 2093 676 3664 754; baseline 0.007 -26"><span class='ocrx_word' id='word_1_59' title='bbox 2093 676 2244 730; x_wconf 85' lang='grc' dir='ltr'>εύσει</span> <span class='ocrx_word' id='word_1_60' title='bbox 2269 677 2595 748; x_wconf 88' lang='grc' dir='ltr'><strong>θεούμενον⁹</strong></span> <span class='ocrx_word' id='word_1_61' title='bbox 2641 679 2935 750; x_wconf 87' lang='grc' dir='ltr'>θεούμενον</span> <span class='ocrx_word' id='word_1_62' title='bbox 2976 683 3054 744; x_wconf 80' lang='grc' dir='ltr'>δὲ,</span> <span class='ocrx_word' id='word_1_63' title='bbox 3100 686 3302 754; x_wconf 80' lang='grc' dir='ltr'>μετοχῇ</span> <span class='ocrx_word' id='word_1_64' title='bbox 3339 685 3441 754; x_wconf 79' lang='grc' dir='ltr'>τῆς</span> <span class='ocrx_word' id='word_1_65' title='bbox 3495 685 3664 748; x_wconf 85' lang='grc' dir='ltr'>θείας</span> 
     </span>
    </p>
   </div>
   <div class='ocr_carea' id='block_1_10' title="bbox 374 767 1971 845">
    <p class='ocr_par' dir='ltr' id='par_1_10' title="bbox 374 768 1958 838">
     <span class='ocr_line' id='line_1_10' title="bbox 374 768 1958 838; baseline -0.001 -14"><span class='ocrx_word' id='word_1_66' title='bbox 374 777 530 826; x_wconf 92' lang='lat' dir='ltr'><strong>certo</strong></span> <span class='ocrx_word' id='word_1_67' title='bbox 565 768 804 823; x_wconf 89' lang='lat' dir='ltr'><strong>consilio</strong></span> <span class='ocrx_word' id='word_1_68' title='bbox 839 768 1247 838; x_wconf 75' lang='lat' dir='ltr'><strong>gubernatum;</strong></span> <span class='ocrx_word' id='word_1_69' title='bbox 1293 777 1458 837; x_wconf 86' lang='lat' dir='ltr'><strong>atque</strong></span> <span class='ocrx_word' id='word_1_70' title='bbox 1499 769 1610 822; x_wconf 91' lang='lat' dir='ltr'><strong>alio</strong></span> <span class='ocrx_word' id='word_1_71' title='bbox 1634 807 1650 832; x_wconf 93' lang='lat'><strong>,</strong></span> <span class='ocrx_word' id='word_1_72' title='bbox 1698 769 1800 822; x_wconf 87' lang='lat' dir='ltr'><strong>hoc</strong></span> <span class='ocrx_word' id='word_1_73' title='bbox 1834 779 1921 824; x_wconf 91' lang='lat' dir='ltr'><strong>est</strong></span> <span class='ocrx_word' id='word_1_74' title='bbox 1944 810 1958 832; x_wconf 93' lang='lat'><strong>,</strong></span> 
     </span>
    </p>
   </div>
   <div class='ocr_carea' id='block_1_11' title="bbox 2093 767 3668 845">
    <p class='ocr_par' dir='ltr' id='par_1_11' title="bbox 2093 767 3668 845">
     <span class='ocr_line' id='line_1_11' title="bbox 2093 767 3668 845; baseline 0.006 -27"><span class='ocrx_word' id='word_1_75' title='bbox 2093 767 2407 838; x_wconf 64' lang='grc' dir='ltr'>ὶλάμψεως,</span> <span class='ocrx_word' id='word_1_76' title='bbox 2436 769 2531 823; x_wconf 80' lang='grc' dir='ltr'>καὶ</span> <span class='ocrx_word' id='word_1_77' title='bbox 2554 770 2656 825; x_wconf 80' lang='grc' dir='ltr'>οὐκ</span> <span class='ocrx_word' id='word_1_78' title='bbox 2689 772 2769 833; x_wconf 73' lang='grc' dir='ltr'>εἰς</span> <span class='ocrx_word' id='word_1_79' title='bbox 2809 771 2908 843; x_wconf 73' lang='grc' dir='ltr'>τὴν</span> <span class='ocrx_word' id='word_1_80' title='bbox 2945 771 3098 826; x_wconf 80' lang='grc' dir='ltr'>θείαν</span> <span class='ocrx_word' id='word_1_81' title='bbox 3125 773 3532 845; x_wconf 74' lang='grc' dir='ltr'>μεθιστάμενον</span> <span class='ocrx_word' id='word_1_82' title='bbox 3567 777 3668 828; x_wconf 79' lang='grc' dir='ltr'>ούο</span> 
     </span>
    </p>
   </div>
   <div class='ocr_carea' id='block_1_12' title="bbox 375 859 2205 930">
    <p class='ocr_par' dir='ltr' id='par_1_12' title="bbox 375 859 2205 930">
     <span class='ocr_line' id='line_1_12' title="bbox 375 859 2205 930; baseline -0.001 -15"><span class='ocrx_word' id='word_1_83' title='bbox 375 860 446 915; x_wconf 92' lang='lat' dir='ltr'><strong>ad</strong></span> <span class='ocrx_word' id='word_1_84' title='bbox 505 859 758 915; x_wconf 74' lang='lat' dir='ltr'><strong>futurum</strong></span> <span class='ocrx_word' id='word_1_85' title='bbox 812 875 990 914; x_wconf 66' lang='lat' dir='ltr'><strong>aevum</strong></span> <span class='ocrx_word' id='word_1_86' title='bbox 1042 859 1336 929; x_wconf 77' lang='lat' dir='ltr'><strong>migrans;</strong></span> <span class='ocrx_word' id='word_1_87' title='bbox 1387 859 1648 928; x_wconf 85' lang='lat' dir='ltr'><strong>quodque</strong></span> <span class='ocrx_word' id='word_1_88' title='bbox 1709 860 1964 930; x_wconf 77' lang='lat' dir='ltr'><strong>mysterii</strong></span> <span class='ocrx_word' id='word_1_89' title='bbox 2063 861 2205 914; x_wconf 78' lang='grc' dir='ltr'>σίαν.</span> 
     </span>
    </p>
   </div>
   <div class='ocr_carea' id='block_1_13' title="bbox 378 950 3665 1036">
    <p class='ocr_par' dir='ltr' id='par_1_13' title="bbox 378 950 3665 1036">
     <span class='ocr_line' id='line_1_13' title="bbox 378 950 3665 1036; baseline 0.001 -28"><span class='ocrx_word' id='word_1_90' title='bbox 378 952 506 1009; x_wconf 83' lang='lat' dir='ltr'><strong>linis</strong></span> <span class='ocrx_word' id='word_1_91' title='bbox 539 961 661 1016; x_wconf 90' lang='lat' dir='ltr'><strong>est,</strong></span> <span class='ocrx_word' id='word_1_92' title='bbox 696 967 793 1020; x_wconf 89' lang='lat' dir='ltr'><strong>per</strong></span> <span class='ocrx_word' id='word_1_93' title='bbox 826 953 1030 1008; x_wconf 91' lang='lat' dir='ltr'><strong>mentis</strong></span> <span class='ocrx_word' id='word_1_94' title='bbox 1063 950 1129 1005; x_wconf 88' lang='lat' dir='ltr'><strong>ad</strong></span> <span class='ocrx_word' id='word_1_95' title='bbox 1175 950 1347 1006; x_wconf 88' lang='lat' dir='ltr'><strong>Deum</strong></span> <span class='ocrx_word' id='word_1_96' title='bbox 1394 950 1824 1007; x_wconf 82' lang='lat' dir='ltr'><strong>conversionem</strong></span> <span class='ocrx_word' id='word_1_97' title='bbox 1877 950 2173 1006; x_wconf 74' lang='lat' dir='ltr'><strong>divinitate</strong></span> <span class='ocrx_word' id='word_1_98' title='bbox 2205 951 2500 1036; x_wconf 52' lang='lat' dir='ltr'><strong>dotaLum;</strong></span> <span class='ocrx_word' id='word_1_99' title='bbox 2535 967 2649 1008; x_wconf 89' lang='lat' dir='ltr'><strong>non</strong></span> <span class='ocrx_word' id='word_1_100' title='bbox 2710 960 2773 1008; x_wconf 91' lang='lat' dir='ltr'><strong>ut</strong></span> <span class='ocrx_word' id='word_1_101' title='bbox 2833 953 2887 1008; x_wconf 92' lang='lat' dir='ltr'><strong>in</strong></span> <span class='ocrx_word' id='word_1_102' title='bbox 2955 953 3204 1010; x_wconf 83' lang='lat' dir='ltr'><strong>divinam</strong></span> <span class='ocrx_word' id='word_1_103' title='bbox 3268 955 3665 1014; x_wconf 70' lang='lat' dir='ltr'><strong>substantiam</strong></span> 
     </span>
    </p>
   </div>
   <div class='ocr_carea' id='block_1_14' title="bbox 377 1044 1963 1117">
    <p class='ocr_par' dir='ltr' id='par_1_14' title="bbox 377 1044 1963 1117">
     <span class='ocr_line' id='line_1_14' title="bbox 377 1044 1963 1117; baseline 0 -18"><span class='ocrx_word' id='word_1_104' title='bbox 377 1047 606 1117; x_wconf 79' lang='lat' dir='ltr'><strong>migret,</strong></span> <span class='ocrx_word' id='word_1_105' title='bbox 633 1045 729 1101; x_wconf 87' lang='lat' dir='ltr'><strong>sed</strong></span> <span class='ocrx_word' id='word_1_106' title='bbox 754 1053 816 1099; x_wconf 95' lang='lat' dir='ltr'><strong>ut</strong></span> <span class='ocrx_word' id='word_1_107' title='bbox 843 1044 1086 1099; x_wconf 81' lang='lat' dir='ltr'><strong>divinam</strong></span> <span class='ocrx_word' id='word_1_108' title='bbox 1117 1045 1547 1100; x_wconf 87' lang='lat' dir='ltr'><strong>illustrationem</strong></span> <span class='ocrx_word' id='word_1_109' title='bbox 1581 1045 1874 1116; x_wconf 90' lang='lat' dir='ltr'><strong>participet</strong></span> <span class='ocrx_word' id='word_1_110' title='bbox 1897 1045 1963 1099; x_wconf 82' lang='grc'><strong>⁸⁸.</strong></span> 
     </span>
    </p>
   </div>
   <div class='ocr_carea' id='block_1_15' title="bbox 449 1139 1962 1210">
    <p class='ocr_par' dir='ltr' id='par_1_15' title="bbox 449 1139 1962 1210">
     <span class='ocr_line' id='line_1_15' title="bbox 449 1139 1962 1210; baseline -0.001 -16"><span class='ocrx_word' id='word_1_111' title='bbox 449 1144 620 1194; x_wconf 80' lang='lat' dir='ltr'><strong>Homo</strong></span> <span class='ocrx_word' id='word_1_112' title='bbox 649 1148 704 1193; x_wconf 91' lang='lat' dir='ltr'><strong>ut</strong></span> <span class='ocrx_word' id='word_1_113' title='bbox 733 1149 944 1193; x_wconf 86' lang='lat' dir='ltr'><strong>creatus</strong></span> <span class='ocrx_word' id='word_1_114' title='bbox 965 1177 981 1203; x_wconf 92' lang='lat'><strong>,</strong></span> <span class='ocrx_word' id='word_1_115' title='bbox 1008 1139 1419 1210; x_wconf 72' lang='grc' dir='ltr'>ἀναμάρτητος.</span> <span class='ocrx_word' id='word_1_116' title='bbox 1445 1139 1672 1193; x_wconf 84' lang='lat' dir='ltr'><strong>Arbitrii</strong></span> <span class='ocrx_word' id='word_1_117' title='bbox 1720 1139 1962 1203; x_wconf 81' lang='lat' dir='ltr'><strong>libertas,</strong></span> 
     </span>
    </p>
   </div>
   <div class='ocr_carea' id='block_1_16' title="bbox 378 1229 1971 1309">
    <p class='ocr_par' dir='ltr' id='par_1_16' title="bbox 378 1230 1970 1300">
     <span class='ocr_line' id='line_1_16' title="bbox 378 1230 1970 1300; baseline -0.001 -15"><span class='ocrx_word' id='word_1_118' title='bbox 378 1261 448 1271; x_wconf 91' lang='lat'><strong>-—</strong></span> <span class='ocrx_word' id='word_1_119' title='bbox 470 1231 614 1297; x_wconf 87' lang='lat' dir='ltr'><strong>Quin</strong></span> <span class='ocrx_word' id='word_1_120' title='bbox 643 1232 809 1286; x_wconf 89' lang='lat' dir='ltr'><strong>etiam</strong></span> <span class='ocrx_word' id='word_1_121' title='bbox 845 1231 988 1286; x_wconf 89' lang='lat' dir='ltr'><strong>Deus</strong></span> <span class='ocrx_word' id='word_1_122' title='bbox 1017 1230 1173 1284; x_wconf 91' lang='lat' dir='ltr'><strong>illum</strong></span> <span class='ocrx_word' id='word_1_123' title='bbox 1205 1239 1408 1285; x_wconf 88' lang='lat' dir='ltr'><strong>natura</strong></span> <span class='ocrx_word' id='word_1_124' title='bbox 1444 1245 1475 1284; x_wconf 89' lang='lat' dir='ltr'><strong>a</strong></span> <span class='ocrx_word' id='word_1_125' title='bbox 1507 1238 1741 1300; x_wconf 88' lang='lat' dir='ltr'><strong>peccato</strong></span> <span class='ocrx_word' id='word_1_126' title='bbox 1771 1230 1970 1284; x_wconf 83' lang='lat' dir='ltr'><strong>immu—</strong></span> 
     </span>
    </p>
   </div>
   <div class='ocr_carea' id='block_1_17' title="bbox 2093 1229 3667 1309">
    <p class='ocr_par' dir='ltr' id='par_1_17' title="bbox 2093 1229 3667 1309">
     <span class='ocr_line' id='line_1_17' title="bbox 2093 1229 3667 1309; baseline 0.013 -27"><span class='ocrx_word' id='word_1_127' title='bbox 2093 1248 2158 1283; x_wconf 74' lang='lat' dir='ltr'><strong>re:</strong></span> <span class='ocrx_word' id='word_1_128' title='bbox 2181 1229 2549 1294; x_wconf 77' lang='grc' dir='ltr'>αὐτεξούσιον.</span> <span class='ocrx_word' id='word_1_129' title='bbox 2605 1229 3020 1300; x_wconf 82' lang='grc' dir='ltr'>’Δναμάρτητον</span> <span class='ocrx_word' id='word_1_130' title='bbox 3050 1231 3109 1285; x_wconf 81' lang='grc' dir='ltr'><strong>δέ</strong></span> <span class='ocrx_word' id='word_1_131' title='bbox 3141 1250 3308 1303; x_wconf 82' lang='grc' dir='ltr'>φημι,</span> <span class='ocrx_word' id='word_1_132' title='bbox 3330 1233 3432 1305; x_wconf 72' lang='grc' dir='ltr'><strong>οὐχ</strong></span> <span class='ocrx_word' id='word_1_133' title='bbox 3473 1237 3557 1300; x_wconf 79' lang='grc' dir='ltr'><strong>ὡς</strong></span> <span class='ocrx_word' id='word_1_134' title='bbox 3587 1237 3667 1309; x_wconf 80' lang='grc' dir='ltr'>μὴ</span> 
     </span>
    </p>
   </div>
   <div class='ocr_carea' id='block_1_18' title="bbox 380 1320 1971 1400">
    <p class='ocr_par' dir='ltr' id='par_1_18' title="bbox 380 1320 1969 1392">
     <span class='ocr_line' id='line_1_18' title="bbox 380 1320 1969 1392; baseline -0.003 -14"><span class='ocrx_word' id='word_1_135' title='bbox 380 1339 504 1379; x_wconf 89' lang='lat' dir='ltr'><strong>nem</strong></span> <span class='ocrx_word' id='word_1_136' title='bbox 532 1323 780 1389; x_wconf 90' lang='lat' dir='ltr'><strong>creavit,</strong></span> <span class='ocrx_word' id='word_1_137' title='bbox 810 1323 1110 1392; x_wconf 69' lang='lat' dir='ltr'><strong>liberaeque</strong></span> <span class='ocrx_word' id='word_1_138' title='bbox 1137 1322 1465 1377; x_wconf 82' lang='lat' dir='ltr'><strong>voluntatis.</strong></span> <span class='ocrx_word' id='word_1_139' title='bbox 1498 1320 1805 1376; x_wconf 88' lang='lat' dir='ltr'><strong>Immunem</strong></span> <span class='ocrx_word' id='word_1_140' title='bbox 1829 1361 1846 1384; x_wconf 92' lang='lat'><strong>,</strong></span> <span class='ocrx_word' id='word_1_141' title='bbox 1884 1321 1969 1374; x_wconf 87' lang='lat' dir='ltr'><strong>in-</strong></span> 
     </span>
    </p>
   </div>
   <div class='ocr_carea' id='block_1_19' title="bbox 2093 1320 3669 1400">
    <p class='ocr_par' dir='ltr' id='par_1_19' title="bbox 2093 1321 3669 1400">
     <span class='ocr_line' id='line_1_19' title="bbox 2093 1321 3669 1400; baseline 0.006 -27"><span class='ocrx_word' id='word_1_142' title='bbox 2093 1321 2456 1391; x_wconf 79' lang='grc' dir='ltr'>,πιδεχόμενον</span> <span class='ocrx_word' id='word_1_143' title='bbox 2483 1321 2759 1392; x_wconf 74' lang='grc' dir='ltr'>ἁμαρτίαν</span> <span class='ocrx_word' id='word_1_144' title='bbox 2781 1337 2796 1351; x_wconf 75' lang='grc' dir='ltr'><strong>ο</strong></span> <span class='ocrx_word' id='word_1_145' title='bbox 2836 1321 3000 1392; x_wconf 87' lang='grc' dir='ltr'>μόνον</span> <span class='ocrx_word' id='word_1_146' title='bbox 3037 1323 3149 1394; x_wconf 75' lang='grc' dir='ltr'><strong>γὰρ</strong></span> <span class='ocrx_word' id='word_1_147' title='bbox 3187 1324 3249 1376; x_wconf 82' lang='grc' dir='ltr'>τὸ</span> <span class='ocrx_word' id='word_1_148' title='bbox 3279 1325 3440 1378; x_wconf 88' lang='grc' dir='ltr'>Θεῖον</span> <span class='ocrx_word' id='word_1_149' title='bbox 3472 1327 3669 1400; x_wconf 75' lang='grc' dir='ltr'>ἁμαρο</span> 
     </span>
    </p>
   </div>
   <div class='ocr_carea' id='block_1_20' title="bbox 379 1412 1971 1489">
    <p class='ocr_par' dir='ltr' id='par_1_20' title="bbox 379 1412 1971 1485">
     <span class='ocr_line' id='line_1_20' title="bbox 379 1412 1971 1485; baseline -0.004 -16"><span class='ocrx_word' id='word_1_150' title='bbox 379 1430 547 1485; x_wconf 91' lang='lat' dir='ltr'><strong>quam</strong></span> <span class='ocrx_word' id='word_1_151' title='bbox 571 1456 586 1480; x_wconf 97' lang='lat'><strong>,</strong></span> <span class='ocrx_word' id='word_1_152' title='bbox 617 1429 647 1467; x_wconf 89' lang='lat' dir='ltr'><strong>a</strong></span> <span class='ocrx_word' id='word_1_153' title='bbox 680 1424 935 1485; x_wconf 89' lang='lat' dir='ltr'><strong>peccato,</strong></span> <span class='ocrx_word' id='word_1_154' title='bbox 963 1430 1073 1470; x_wconf 94' lang='lat' dir='ltr'><strong>non</strong></span> <span class='ocrx_word' id='word_1_155' title='bbox 1113 1413 1262 1484; x_wconf 89' lang='lat' dir='ltr'><strong>quod</strong></span> <span class='ocrx_word' id='word_1_156' title='bbox 1288 1413 1506 1484; x_wconf 89' lang='lat' dir='ltr'><strong>peccati</strong></span> <span class='ocrx_word' id='word_1_157' title='bbox 1540 1412 1769 1468; x_wconf 90' lang='lat' dir='ltr'><strong>minime</strong></span> <span class='ocrx_word' id='word_1_158' title='bbox 1799 1426 1971 1480; x_wconf 81' lang='lat' dir='ltr'><strong>capax</strong></span> 
     </span>
    </p>
   </div>
   <div class='ocr_carea' id='block_1_21' title="bbox 2093 1412 3668 1489">
    <p class='ocr_par' dir='ltr' id='par_1_21' title="bbox 2093 1412 3668 1489">
     <span class='ocr_line' id='line_1_21' title="bbox 2093 1412 3668 1489; baseline 0.001 -24"><span class='ocrx_word' id='word_1_159' title='bbox 2093 1412 2191 1476; x_wconf 76' lang='grc' dir='ltr'>ςίας</span> <span class='ocrx_word' id='word_1_160' title='bbox 2223 1414 2372 1465; x_wconf 72' lang='grc' dir='ltr'>ἐστὶν</span> <span class='ocrx_word' id='word_1_161' title='bbox 2394 1413 2744 1466; x_wconf 78' lang='grc' dir='ltr'><strong>ἀνεπίδεκτον</strong></span> <span class='ocrx_word' id='word_1_162' title='bbox 2768 1429 2784 1442; x_wconf 83' lang='grc'><em>’</em></span> <span class='ocrx_word' id='word_1_163' title='bbox 2825 1412 2942 1468; x_wconf 82' lang='grc' dir='ltr'>ἀλλ’</span> <span class='ocrx_word' id='word_1_164' title='bbox 2976 1413 3077 1484; x_wconf 81' lang='grc' dir='ltr'>οὐχ</span> <span class='ocrx_word' id='word_1_165' title='bbox 3129 1414 3207 1478; x_wconf 83' lang='grc' dir='ltr'>ὡς</span> <span class='ocrx_word' id='word_1_166' title='bbox 3251 1416 3312 1469; x_wconf 84' lang='grc' dir='ltr'>ὲν</span> <span class='ocrx_word' id='word_1_167' title='bbox 3345 1421 3412 1489; x_wconf 79' lang='grc' dir='ltr'><strong>τῇ</strong></span> <span class='ocrx_word' id='word_1_168' title='bbox 3453 1418 3477 1446; x_wconf 84' lang='grc'><strong>⁸</strong></span> <span class='ocrx_word' id='word_1_169' title='bbox 3503 1420 3668 1487; x_wconf 73' lang='grc' dir='ltr'>φύσει</span> 
     </span>
    </p>
   </div>
   <div class='ocr_carea' id='block_1_22' title="bbox 381 1501 1971 1578">
    <p class='ocr_par' dir='ltr' id='par_1_22' title="bbox 381 1503 1971 1576">
     <span class='ocr_line' id='line_1_22' title="bbox 381 1503 1971 1576; baseline -0.003 -15"><span class='ocrx_word' id='word_1_170' title='bbox 381 1516 530 1562; x_wconf 84' lang='lat' dir='ltr'><strong>esset</strong></span> <span class='ocrx_word' id='word_1_171' title='bbox 567 1505 771 1575; x_wconf 90' lang='lat' dir='ltr'><strong>(nemo</strong></span> <span class='ocrx_word' id='word_1_172' title='bbox 803 1507 949 1560; x_wconf 88' lang='lat' dir='ltr'><strong>enim</strong></span> <span class='ocrx_word' id='word_1_173' title='bbox 980 1514 1181 1576; x_wconf 60' lang='lat' dir='ltr'><strong>praeter</strong></span> <span class='ocrx_word' id='word_1_174' title='bbox 1213 1506 1385 1560; x_wconf 89' lang='lat' dir='ltr'><strong>Deum</strong></span> <span class='ocrx_word' id='word_1_175' title='bbox 1414 1514 1534 1571; x_wconf 90' lang='lat' dir='ltr'><strong>est,</strong></span> <span class='ocrx_word' id='word_1_176' title='bbox 1571 1503 1663 1574; x_wconf 92' lang='lat' dir='ltr'><strong>qui</strong></span> <span class='ocrx_word' id='word_1_177' title='bbox 1697 1518 1809 1557; x_wconf 95' lang='lat' dir='ltr'><strong>non</strong></span> <span class='ocrx_word' id='word_1_178' title='bbox 1841 1517 1971 1574; x_wconf 88' lang='lat' dir='ltr'><strong>pec-</strong></span> 
     </span>
    </p>
   </div>
   <div class='ocr_carea' id='block_1_23' title="bbox 2093 1501 3665 1578">
    <p class='ocr_par' dir='ltr' id='par_1_23' title="bbox 2093 1501 3665 1578">
     <span class='ocr_line' id='line_1_23' title="bbox 2093 1501 3665 1578; baseline 0.003 -23"><span class='ocrx_word' id='word_1_179' title='bbox 2093 1503 2138 1555; x_wconf 78' lang='grc' dir='ltr'>εδ</span> <span class='ocrx_word' id='word_1_180' title='bbox 2177 1503 2515 1573; x_wconf 80' lang='grc' dir='ltr'><strong>ἁμαρτάνειν</strong></span> <span class='ocrx_word' id='word_1_181' title='bbox 2537 1501 2750 1573; x_wconf 78' lang='grc' dir='ltr'>ἔχοντα,</span> <span class='ocrx_word' id='word_1_182' title='bbox 2793 1504 2852 1556; x_wconf 79' lang='grc' dir='ltr'>ἐν</span> <span class='ocrx_word' id='word_1_183' title='bbox 2880 1506 2948 1575; x_wconf 80' lang='grc' dir='ltr'>τῇ</span> <span class='ocrx_word' id='word_1_184' title='bbox 2973 1505 3294 1576; x_wconf 82' lang='grc' dir='ltr'>προαιρέσει</span> <span class='ocrx_word' id='word_1_185' title='bbox 3320 1507 3381 1560; x_wconf 83' lang='grc' dir='ltr'><strong>δὲ</strong></span> <span class='ocrx_word' id='word_1_186' title='bbox 3413 1508 3622 1578; x_wconf 75' lang='grc' dir='ltr'>μᾶλλον</span> <span class='ocrx_word' id='word_1_187' title='bbox 3649 1527 3665 1542; x_wconf 78' lang='grc' dir='ltr'><strong>ο</strong></span> 
     </span>
    </p>
   </div>
   <div class='ocr_carea' id='block_1_24' title="bbox 382 1593 1971 1670">
    <p class='ocr_par' dir='ltr' id='par_1_24' title="bbox 382 1596 1971 1668">
     <span class='ocr_line' id='line_1_24' title="bbox 382 1596 1971 1668; baseline -0.003 -16"><span class='ocrx_word' id='word_1_188' title='bbox 382 1613 516 1653; x_wconf 79' lang='lat' dir='ltr'><strong>care</strong></span> <span class='ocrx_word' id='word_1_189' title='bbox 550 1599 768 1668; x_wconf 74' lang='lat' dir='ltr'><strong>queat),</strong></span> <span class='ocrx_word' id='word_1_190' title='bbox 813 1596 908 1652; x_wconf 83' lang='lat' dir='ltr'><strong>sed</strong></span> <span class='ocrx_word' id='word_1_191' title='bbox 934 1597 1079 1668; x_wconf 88' lang='lat' dir='ltr'><strong>quod</strong></span> <span class='ocrx_word' id='word_1_192' title='bbox 1109 1598 1321 1668; x_wconf 82' lang='lat' dir='ltr'><strong>peccati</strong></span> <span class='ocrx_word' id='word_1_193' title='bbox 1350 1597 1836 1668; x_wconf 85' lang='lat' dir='ltr'><strong>perpetrationem,</strong></span> <span class='ocrx_word' id='word_1_194' title='bbox 1865 1609 1971 1649; x_wconf 94' lang='lat' dir='ltr'><strong>non</strong></span> 
     </span>
    </p>
   </div>
   <div class='ocr_carea' id='block_1_25' title="bbox 2093 1593 3668 1670">
    <p class='ocr_par' dir='ltr' id='par_1_25' title="bbox 2093 1593 3668 1670">
     <span class='ocr_line' id='line_1_25' title="bbox 2093 1593 3668 1670; baseline 0.004 -23"><span class='ocrx_word' id='word_1_195' title='bbox 2093 1595 2198 1664; x_wconf 59' lang='grc' dir='ltr'>ἤτοι</span> <span class='ocrx_word' id='word_1_196' title='bbox 2219 1593 2466 1658; x_wconf 74' lang='grc' dir='ltr'><strong>ἐξουσίαν</strong></span> <span class='ocrx_word' id='word_1_197' title='bbox 2509 1593 2701 1663; x_wconf 77' lang='grc' dir='ltr'>ἔχοντα</span> <span class='ocrx_word' id='word_1_198' title='bbox 2734 1593 2939 1664; x_wconf 79' lang='grc' dir='ltr'>μένειν,</span> <span class='ocrx_word' id='word_1_199' title='bbox 3002 1596 3093 1651; x_wconf 73' lang='grc' dir='ltr'>καὶ</span> <span class='ocrx_word' id='word_1_200' title='bbox 3121 1597 3464 1666; x_wconf 83' lang='grc' dir='ltr'>προκόπτειν</span> <span class='ocrx_word' id='word_1_201' title='bbox 3503 1600 3566 1653; x_wconf 78' lang='grc' dir='ltr'>ὲν</span> <span class='ocrx_word' id='word_1_202' title='bbox 3588 1602 3668 1670; x_wconf 81' lang='grc' dir='ltr'><strong>τῷ</strong></span> 
     </span>
    </p>
   </div>
   <div class='ocr_carea' id='block_1_26' title="bbox 385 1685 1971 1758">
    <p class='ocr_par' dir='ltr' id='par_1_26' title="bbox 385 1688 1971 1755">
     <span class='ocr_line' id='line_1_26' title="bbox 385 1688 1971 1755; baseline -0.001 -12"><span class='ocrx_word' id='word_1_203' title='bbox 385 1689 440 1743; x_wconf 91' lang='lat' dir='ltr'><strong>in</strong></span> <span class='ocrx_word' id='word_1_204' title='bbox 477 1698 673 1744; x_wconf 91' lang='lat' dir='ltr'><strong>natura</strong></span> <span class='ocrx_word' id='word_1_205' title='bbox 695 1729 712 1755; x_wconf 89' lang='lat'><strong>,</strong></span> <span class='ocrx_word' id='word_1_206' title='bbox 747 1689 844 1744; x_wconf 89' lang='lat' dir='ltr'><strong>sed</strong></span> <span class='ocrx_word' id='word_1_207' title='bbox 872 1689 927 1742; x_wconf 93' lang='lat' dir='ltr'><strong>in</strong></span> <span class='ocrx_word' id='word_1_208' title='bbox 963 1689 1269 1746; x_wconf 78' lang='lat' dir='ltr'><strong>voluntatis</strong></span> <span class='ocrx_word' id='word_1_209' title='bbox 1301 1690 1575 1745; x_wconf 88' lang='lat' dir='ltr'><strong>electione</strong></span> <span class='ocrx_word' id='word_1_210' title='bbox 1625 1688 1971 1743; x_wconf 88' lang='lat' dir='ltr'><strong>admissurus</strong></span> 
     </span>
    </p>
   </div>
   <div class='ocr_carea' id='block_1_27' title="bbox 2093 1685 3668 1758">
    <p class='ocr_par' dir='ltr' id='par_1_27' title="bbox 2093 1685 3668 1758">
     <span class='ocr_line' id='line_1_27' title="bbox 2093 1685 3668 1758; baseline 0.003 -18"><span class='ocrx_word' id='word_1_211' title='bbox 2093 1687 2290 1758; x_wconf 77' lang='grc' dir='ltr'>Ιιγαθῷ,</span> <span class='ocrx_word' id='word_1_212' title='bbox 2321 1690 2389 1758; x_wconf 82' lang='grc' dir='ltr'><strong>τῇ</strong></span> <span class='ocrx_word' id='word_1_213' title='bbox 2417 1685 2537 1756; x_wconf 78' lang='grc' dir='ltr'>θεία</span> <span class='ocrx_word' id='word_1_214' title='bbox 2575 1685 3008 1757; x_wconf 74' lang='grc' dir='ltr'>συνεργούμενον</span> <span class='ocrx_word' id='word_1_215' title='bbox 3046 1687 3234 1758; x_wconf 81' lang='grc' dir='ltr'>χάριτι</span> <span class='ocrx_word' id='word_1_216' title='bbox 3271 1689 3541 1755; x_wconf 82' lang='grc' dir='ltr'>ὡσαύτως</span> <span class='ocrx_word' id='word_1_217' title='bbox 3570 1694 3668 1746; x_wconf 76' lang='grc' dir='ltr'>καὶ</span> 
     </span>
    </p>
   </div>
   <div class='ocr_carea' id='block_1_28' title="bbox 2155 1137 3668 1217">
    <p class='ocr_par' dir='ltr' id='par_1_28' title="bbox 2155 1137 3668 1217">
     <span class='ocr_line' id='line_1_28' title="bbox 2155 1137 3668 1217; baseline 0.004 -25"><span class='ocrx_word' id='word_1_218' title='bbox 2155 1137 2410 1208; x_wconf 81' lang='grc' dir='ltr'>Ἐποίησε</span> <span class='ocrx_word' id='word_1_219' title='bbox 2442 1138 2500 1193; x_wconf 77' lang='grc' dir='ltr'><strong>δὲ</strong></span> <span class='ocrx_word' id='word_1_220' title='bbox 2527 1137 2691 1192; x_wconf 80' lang='grc' dir='ltr'>αὑτὸν</span> <span class='ocrx_word' id='word_1_221' title='bbox 2721 1138 2882 1208; x_wconf 81' lang='grc' dir='ltr'>φύσει</span> <span class='ocrx_word' id='word_1_222' title='bbox 2905 1139 3320 1212; x_wconf 74' lang='grc' dir='ltr'>ἀναμάρτητον,</span> <span class='ocrx_word' id='word_1_223' title='bbox 3365 1145 3465 1197; x_wconf 76' lang='grc' dir='ltr'>καὶ</span> <span class='ocrx_word' id='word_1_224' title='bbox 3493 1144 3630 1217; x_wconf 78' lang='grc' dir='ltr'>θελή</span> <span class='ocrx_word' id='word_1_225' title='bbox 3652 1177 3668 1187; x_wconf 90' lang='grc'><strong>-</strong></span> 
     </span>
    </p>
   </div>
   <div class='ocr_carea' id='block_1_29' title="bbox 382 1748 1971 1852">
    <p class='ocr_par' dir='ltr' id='par_1_29' title="bbox 382 1778 1971 1852">
     <span class='ocr_line' id='line_1_29' title="bbox 382 1778 1971 1852; baseline -0.001 -18"><span class='ocrx_word' id='word_1_226' title='bbox 382 1788 574 1847; x_wconf 81' lang='lat' dir='ltr'><strong>esset;</strong></span> <span class='ocrx_word' id='word_1_227' title='bbox 622 1780 674 1835; x_wconf 93' lang='lat' dir='ltr'><strong>id</strong></span> <span class='ocrx_word' id='word_1_228' title='bbox 704 1788 790 1835; x_wconf 87' lang='lat' dir='ltr'><strong>est</strong></span> <span class='ocrx_word' id='word_1_229' title='bbox 811 1819 826 1841; x_wconf 88' lang='lat'><strong>,</strong></span> <span class='ocrx_word' id='word_1_230' title='bbox 859 1795 985 1834; x_wconf 90' lang='lat' dir='ltr'><strong>cum</strong></span> <span class='ocrx_word' id='word_1_231' title='bbox 1017 1778 1219 1835; x_wconf 71' lang='lat' dir='ltr'><strong>divinae</strong></span> <span class='ocrx_word' id='word_1_232' title='bbox 1258 1781 1452 1852; x_wconf 79' lang='lat' dir='ltr'><strong>gratiae</strong></span> <span class='ocrx_word' id='word_1_233' title='bbox 1494 1779 1816 1850; x_wconf 85' lang='lat' dir='ltr'><strong>adjumento</strong></span> <span class='ocrx_word' id='word_1_234' title='bbox 1842 1795 1971 1850; x_wconf 91' lang='lat' dir='ltr'><strong>per-</strong></span> 
     </span>
    </p>
   </div>
   <div class='ocr_carea' id='block_1_30' title="bbox 2093 1748 3662 1852">
    <p class='ocr_par' dir='ltr' id='par_1_30' title="bbox 2093 1748 3662 1852">
     <span class='ocr_line' id='line_1_30' title="bbox 2093 1748 3662 1852; baseline 0.003 -20"><span class='ocrx_word' id='word_1_235' title='bbox 2093 1748 2389 1851; x_wconf 58' lang='grc' dir='ltr'>τρέπεσθαῖ</span> <span class='ocrx_word' id='word_1_236' title='bbox 2417 1781 2482 1832; x_wconf 83' lang='grc' dir='ltr'>ὲκ</span> <span class='ocrx_word' id='word_1_237' title='bbox 2505 1748 2600 1832; x_wconf 74' lang='grc' dir='ltr'><strong>τοῦ</strong></span> <span class='ocrx_word' id='word_1_238' title='bbox 2649 1748 2860 1842; x_wconf 44' lang='grc' dir='ltr'>καλοὶ.</span> <span class='ocrx_word' id='word_1_239' title='bbox 2889 1779 2985 1831; x_wconf 76' lang='grc' dir='ltr'>καὶ</span> <span class='ocrx_word' id='word_1_240' title='bbox 3023 1748 3082 1832; x_wconf 56' lang='grc' dir='ltr'><strong>εὖ</strong></span> <span class='ocrx_word' id='word_1_241' title='bbox 3098 1748 3178 1851; x_wconf 72' lang='grc' dir='ltr'>τῷ</span> <span class='ocrx_word' id='word_1_242' title='bbox 3200 1781 3358 1852; x_wconf 86' lang='grc' dir='ltr'>κακῷ</span> <span class='ocrx_word' id='word_1_243' title='bbox 3386 1748 3662 1851; x_wconf 75' lang='grc' dir='ltr'>γίνεσθαι,</span> 
     </span>
    </p>
   </div>
   <div class='ocr_carea' id='block_1_31' title="bbox 384 1871 1972 1942">
    <p class='ocr_par' dir='ltr' id='par_1_31' title="bbox 384 1871 1972 1942">
     <span class='ocr_line' id='line_1_31' title="bbox 384 1871 1972 1942; baseline -0.001 -15"><span class='ocrx_word' id='word_1_244' title='bbox 384 1887 641 1928; x_wconf 88' lang='lat' dir='ltr'><strong>severare</strong></span> <span class='ocrx_word' id='word_1_245' title='bbox 666 1878 724 1926; x_wconf 90' lang='lat' dir='ltr'><strong>et</strong></span> <span class='ocrx_word' id='word_1_246' title='bbox 751 1873 808 1926; x_wconf 91' lang='lat' dir='ltr'><strong>in</strong></span> <span class='ocrx_word' id='word_1_247' title='bbox 836 1872 983 1927; x_wconf 93' lang='lat' dir='ltr'><strong>bono</strong></span> <span class='ocrx_word' id='word_1_248' title='bbox 1008 1871 1281 1942; x_wconf 84' lang='lat' dir='ltr'><strong>prolicere</strong></span> <span class='ocrx_word' id='word_1_249' title='bbox 1305 1882 1533 1942; x_wconf 90' lang='lat' dir='ltr'><strong>posset,</strong></span> <span class='ocrx_word' id='word_1_250' title='bbox 1558 1887 1623 1927; x_wconf 92' lang='lat' dir='ltr'><strong>ac</strong></span> <span class='ocrx_word' id='word_1_251' title='bbox 1650 1887 1847 1926; x_wconf 87' lang='lat' dir='ltr'><strong>rursus</strong></span> <span class='ocrx_word' id='word_1_252' title='bbox 1874 1886 1972 1940; x_wconf 90' lang='lat' dir='ltr'><strong>per</strong></span> 
     </span>
    </p>
   </div>
   <div class='ocr_carea' id='block_1_32' title="bbox 383 1961 1970 2032">
    <p class='ocr_par' dir='ltr' id='par_1_32' title="bbox 383 1961 1970 2032">
     <span class='ocr_line' id='line_1_32' title="bbox 383 1961 1970 2032; baseline 0 -16"><span class='ocrx_word' id='word_1_253' title='bbox 383 1961 602 2016; x_wconf 84' lang='lat' dir='ltr'><strong>arbitrii</strong></span> <span class='ocrx_word' id='word_1_254' title='bbox 633 1961 947 2017; x_wconf 88' lang='lat' dir='ltr'><strong>libertatem</strong></span> <span class='ocrx_word' id='word_1_255' title='bbox 978 1976 1010 2016; x_wconf 86' lang='lat' dir='ltr'><strong>a</strong></span> <span class='ocrx_word' id='word_1_256' title='bbox 1036 1963 1247 2018; x_wconf 87' lang='lat' dir='ltr'><strong>virtute</strong></span> <span class='ocrx_word' id='word_1_257' title='bbox 1274 1962 1536 2018; x_wconf 91' lang='lat' dir='ltr'><strong>recedere</strong></span> <span class='ocrx_word' id='word_1_258' title='bbox 1556 2004 1570 2027; x_wconf 94' lang='lat'><strong>,</strong></span> <span class='ocrx_word' id='word_1_259' title='bbox 1605 1962 1812 2032; x_wconf 89' lang='lat' dir='ltr'><strong>Deique</strong></span> <span class='ocrx_word' id='word_1_260' title='bbox 1843 1975 1970 2031; x_wconf 84' lang='lat' dir='ltr'><strong>per-</strong></span> 
     </span>
    </p>
   </div>
   <div class='ocr_carea' id='block_1_33' title="bbox 386 2051 1966 2124">
    <p class='ocr_par' dir='ltr' id='par_1_33' title="bbox 386 2051 1966 2124">
     <span class='ocr_line' id='line_1_33' title="bbox 386 2051 1966 2124; baseline 0.003 -20"><span class='ocrx_word' id='word_1_261' title='bbox 386 2051 656 2109; x_wconf 90' lang='lat' dir='ltr'><strong>missione</strong></span> <span class='ocrx_word' id='word_1_262' title='bbox 690 2053 744 2107; x_wconf 93' lang='lat' dir='ltr'><strong>in</strong></span> <span class='ocrx_word' id='word_1_263' title='bbox 780 2053 974 2108; x_wconf 81' lang='lat' dir='ltr'><strong>vitium</strong></span> <span class='ocrx_word' id='word_1_264' title='bbox 1018 2053 1156 2110; x_wconf 85' lang='lat' dir='ltr'><strong>labi.</strong></span> <span class='ocrx_word' id='word_1_265' title='bbox 1192 2053 1352 2109; x_wconf 82' lang='lat' dir='ltr'><strong>Haud</strong></span> <span class='ocrx_word' id='word_1_266' title='bbox 1384 2055 1531 2110; x_wconf 88' lang='lat' dir='ltr'><strong>enim</strong></span> <span class='ocrx_word' id='word_1_267' title='bbox 1567 2055 1966 2124; x_wconf 75' lang='lat' dir='ltr'><strong>virtuti‘depu-</strong></span> 
     </span>
    </p>
   </div>
   <div class='ocr_carea' id='block_1_34' title="bbox 386 2143 1580 2218">
    <p class='ocr_par' dir='ltr' id='par_1_34' title="bbox 386 2143 1580 2218">
     <span class='ocr_line' id='line_1_34' title="bbox 386 2143 1580 2218; baseline 0.006 -21"><span class='ocrx_word' id='word_1_268' title='bbox 386 2143 651 2208; x_wconf 88' lang='lat' dir='ltr'><strong>tandum,</strong></span> <span class='ocrx_word' id='word_1_269' title='bbox 685 2143 835 2218; x_wconf 90' lang='lat' dir='ltr'><strong>quod</strong></span> <span class='ocrx_word' id='word_1_270' title='bbox 871 2145 1066 2202; x_wconf 86' lang='lat' dir='ltr'><strong>invitis</strong></span> <span class='ocrx_word' id='word_1_271' title='bbox 1097 2146 1263 2201; x_wconf 92' lang='lat' dir='ltr'><strong>nobis</strong></span> <span class='ocrx_word' id='word_1_272' title='bbox 1299 2148 1481 2216; x_wconf 89' lang='lat' dir='ltr'><strong>agitur</strong></span> <span class='ocrx_word' id='word_1_273' title='bbox 1509 2148 1580 2204; x_wconf 83' lang='grc'><strong>⁵⁷.</strong></span> 
     </span>
    </p>
   </div>
   <div class='ocr_carea' id='block_1_35' title="bbox 457 2253 1971 2325">
    <p class='ocr_par' dir='ltr' id='par_1_35' title="bbox 457 2253 1971 2325">
     <span class='ocr_line' id='line_1_35' title="bbox 457 2253 1971 2325; baseline 0.003 -17"><span class='ocrx_word' id='word_1_274' title='bbox 457 2255 535 2309; x_wconf 90' lang='lat' dir='ltr'><strong>De</strong></span> <span class='ocrx_word' id='word_1_275' title='bbox 563 2257 858 2310; x_wconf 87' lang='lat' dir='ltr'><strong>anima.-—-</strong></span> <span class='ocrx_word' id='word_1_276' title='bbox 881 2253 1004 2310; x_wconf 76' lang='lat' dir='ltr'><strong>1am</strong></span> <span class='ocrx_word' id='word_1_277' title='bbox 1037 2272 1170 2313; x_wconf 89' lang='lat' dir='ltr'><strong>vero</strong></span> <span class='ocrx_word' id='word_1_278' title='bbox 1203 2257 1391 2312; x_wconf 88' lang='lat' dir='ltr'><strong>anima</strong></span> <span class='ocrx_word' id='word_1_279' title='bbox 1432 2265 1520 2314; x_wconf 90' lang='lat' dir='ltr'><strong>est</strong></span> <span class='ocrx_word' id='word_1_280' title='bbox 1559 2258 1793 2325; x_wconf 84' lang='lat' dir='ltr'><strong>vivens,</strong></span> <span class='ocrx_word' id='word_1_281' title='bbox 1833 2257 1971 2312; x_wconf 89' lang='lat' dir='ltr'><strong>sim-</strong></span> 
     </span>
    </p>
   </div>
   <div class='ocr_carea' id='block_1_36' title="bbox 385 2343 1972 2419">
    <p class='ocr_par' dir='ltr' id='par_1_36' title="bbox 385 2343 1972 2419">
     <span class='ocr_line' id='line_1_36' title="bbox 385 2343 1972 2419; baseline 0.005 -21"><span class='ocrx_word' id='word_1_282' title='bbox 385 2345 550 2416; x_wconf 76' lang='lat' dir='ltr'><strong>plex,</strong></span> <span class='ocrx_word' id='word_1_283' title='bbox 602 2355 658 2400; x_wconf 91' lang='lat' dir='ltr'><strong>et</strong></span> <span class='ocrx_word' id='word_1_284' title='bbox 708 2343 1039 2416; x_wconf 89' lang='lat' dir='ltr'><strong>incorporea</strong></span> <span class='ocrx_word' id='word_1_285' title='bbox 1093 2347 1258 2419; x_wconf 74' lang='lat'><strong>179</strong></span> <span class='ocrx_word' id='word_1_286' title='bbox 1305 2347 1620 2404; x_wconf 89' lang='lat' dir='ltr'><strong>substantia</strong></span> <span class='ocrx_word' id='word_1_287' title='bbox 1648 2387 1665 2414; x_wconf 94' lang='lat'><strong>,</strong></span> <span class='ocrx_word' id='word_1_288' title='bbox 1714 2349 1972 2418; x_wconf 88' lang='lat' dir='ltr'><strong>corporis</strong></span> 
     </span>
    </p>
   </div>
   <div class='ocr_carea' id='block_1_37' title="bbox 387 2435 1972 2510">
    <p class='ocr_par' dir='ltr' id='par_1_37' title="bbox 387 2435 1972 2510">
     <span class='ocr_line' id='line_1_37' title="bbox 387 2435 1972 2510; baseline 0.003 -20"><span class='ocrx_word' id='word_1_289' title='bbox 387 2435 677 2491; x_wconf 87' lang='lat' dir='ltr'><strong>oculorum</strong></span> <span class='ocrx_word' id='word_1_290' title='bbox 707 2443 909 2507; x_wconf 86' lang='lat' dir='ltr'><strong>suapte</strong></span> <span class='ocrx_word' id='word_1_291' title='bbox 937 2449 1143 2493; x_wconf 89' lang='lat' dir='ltr'><strong>natura</strong></span> <span class='ocrx_word' id='word_1_292' title='bbox 1177 2454 1403 2495; x_wconf 86' lang='lat' dir='ltr'><strong>sensum</strong></span> <span class='ocrx_word' id='word_1_293' title='bbox 1450 2438 1705 2510; x_wconf 76' lang='lat' dir='ltr'><strong>fugiens,</strong></span> <span class='ocrx_word' id='word_1_294' title='bbox 1741 2440 1972 2494; x_wconf 90' lang='lat' dir='ltr'><strong>immor-</strong></span> 
     </span>
    </p>
   </div>
   <div class='ocr_carea' id='block_1_38' title="bbox 386 2528 1974 2602">
    <p class='ocr_par' dir='ltr' id='par_1_38' title="bbox 386 2528 1974 2602">
     <span class='ocr_line' id='line_1_38' title="bbox 386 2528 1974 2602; baseline 0.001 -20"><span class='ocrx_word' id='word_1_295' title='bbox 386 2529 549 2593; x_wconf 88' lang='lat' dir='ltr'><strong>talis,</strong></span> <span class='ocrx_word' id='word_1_296' title='bbox 586 2528 826 2584; x_wconf 84' lang='lat' dir='ltr'><strong>rationis</strong></span> <span class='ocrx_word' id='word_1_297' title='bbox 871 2539 928 2586; x_wconf 90' lang='lat' dir='ltr'><strong>et</strong></span> <span class='ocrx_word' id='word_1_298' title='bbox 975 2529 1357 2601; x_wconf 66' lang='lat' dir='ltr'><strong>intelligentiae</strong></span> <span class='ocrx_word' id='word_1_299' title='bbox 1391 2533 1709 2602; x_wconf 87' lang='lat' dir='ltr'><strong>particeps,</strong></span> <span class='ocrx_word' id='word_1_300' title='bbox 1751 2530 1974 2602; x_wconf 84' lang='lat' dir='ltr'><strong>organis</strong></span> 
     </span>
    </p>
   </div>
   <div class='ocr_carea' id='block_1_39' title="bbox 387 2619 1974 2693">
    <p class='ocr_par' dir='ltr' id='par_1_39' title="bbox 387 2619 1974 2693">
     <span class='ocr_line' id='line_1_39' title="bbox 387 2619 1974 2693; baseline 0.001 -19"><span class='ocrx_word' id='word_1_301' title='bbox 387 2619 668 2676; x_wconf 81' lang='lat' dir='ltr'><strong>instructo</strong></span> <span class='ocrx_word' id='word_1_302' title='bbox 694 2628 858 2677; x_wconf 72' lang='lat' dir='ltr'><strong>utens</strong></span> <span class='ocrx_word' id='word_1_303' title='bbox 880 2635 1143 2693; x_wconf 90' lang='lat' dir='ltr'><strong>corpore.</strong></span> <span class='ocrx_word' id='word_1_304' title='bbox 1169 2622 1262 2678; x_wconf 89' lang='lat' dir='ltr'><strong>cui</strong></span> <span class='ocrx_word' id='word_1_305' title='bbox 1294 2623 1464 2677; x_wconf 90' lang='lat' dir='ltr'><strong>vitam</strong></span> <span class='ocrx_word' id='word_1_306' title='bbox 1487 2663 1503 2688; x_wconf 95' lang='lat'><strong>,</strong></span> <span class='ocrx_word' id='word_1_307' title='bbox 1525 2622 1938 2686; x_wconf 80' lang='lat' dir='ltr'><strong>incrementum</strong></span> <span class='ocrx_word' id='word_1_308' title='bbox 1957 2662 1974 2686; x_wconf 92' lang='lat'><strong>,</strong></span> 
     </span>
    </p>
   </div>
   <div class='ocr_carea' id='block_1_40' title="bbox 389 2713 1972 2785">
    <p class='ocr_par' dir='ltr' id='par_1_40' title="bbox 389 2713 1972 2785">
     <span class='ocr_line' id='line_1_40' title="bbox 389 2713 1972 2785; baseline 0 -18"><span class='ocrx_word' id='word_1_309' title='bbox 389 2727 651 2776; x_wconf 83' lang='lat' dir='ltr'><strong>sensum,</strong></span> <span class='ocrx_word' id='word_1_310' title='bbox 683 2721 739 2767; x_wconf 89' lang='lat' dir='ltr'><strong>et</strong></span> <span class='ocrx_word' id='word_1_311' title='bbox 773 2713 1040 2785; x_wconf 81' lang='lat' dir='ltr'><strong>gignendi</strong></span> <span class='ocrx_word' id='word_1_312' title='bbox 1073 2715 1186 2769; x_wconf 87' lang='lat' dir='ltr'><strong>vim</strong></span> <span class='ocrx_word' id='word_1_313' title='bbox 1217 2714 1428 2769; x_wconf 85' lang='lat' dir='ltr'><strong>tribuat</strong></span> <span class='ocrx_word' id='word_1_314' title='bbox 1459 2715 1530 2783; x_wconf 80' lang='lat'><strong>&quot;,</strong></span> <span class='ocrx_word' id='word_1_315' title='bbox 1579 2730 1690 2769; x_wconf 87' lang='lat' dir='ltr'><strong>non</strong></span> <span class='ocrx_word' id='word_1_316' title='bbox 1735 2714 1898 2768; x_wconf 82' lang='lat' dir='ltr'><strong>aliam</strong></span> <span class='ocrx_word' id='word_1_317' title='bbox 1939 2728 1972 2767; x_wconf 89' lang='lat' dir='ltr'><strong>a</strong></span> 
     </span>
    </p>
   </div>
   <div class='ocr_carea' id='block_1_41' title="bbox 389 2804 1975 2876">
    <p class='ocr_par' dir='ltr' id='par_1_41' title="bbox 389 2804 1975 2876">
     <span class='ocr_line' id='line_1_41' title="bbox 389 2804 1975 2876; baseline -0.001 -16"><span class='ocrx_word' id='word_1_318' title='bbox 389 2819 449 2860; x_wconf 85' lang='lat' dir='ltr'><strong>se</strong></span> <span class='ocrx_word' id='word_1_319' title='bbox 471 2804 778 2874; x_wconf 77' lang='lat' dir='ltr'><strong>seiunctam</strong></span> <span class='ocrx_word' id='word_1_320' title='bbox 829 2814 1069 2862; x_wconf 87' lang='lat' dir='ltr'><strong>mentem</strong></span> <span class='ocrx_word' id='word_1_321' title='bbox 1118 2806 1333 2861; x_wconf 87' lang='lat' dir='ltr'><strong>habens</strong></span> <span class='ocrx_word' id='word_1_322' title='bbox 1369 2807 1568 2874; x_wconf 87' lang='lat' dir='ltr'><strong>(mens</strong></span> <span class='ocrx_word' id='word_1_323' title='bbox 1595 2806 1804 2876; x_wconf 86' lang='lat' dir='ltr'><strong>quippe</strong></span> <span class='ocrx_word' id='word_1_324' title='bbox 1837 2804 1975 2859; x_wconf 88' lang='lat' dir='ltr'><strong>nihil</strong></span> 
     </span>
    </p>
   </div>
   <div class='ocr_carea' id='block_1_42' title="bbox 391 2893 1975 2967">
    <p class='ocr_par' dir='ltr' id='par_1_42' title="bbox 391 2893 1975 2967">
     <span class='ocr_line' id='line_1_42' title="bbox 391 2893 1975 2967; baseline 0 -19"><span class='ocrx_word' id='word_1_325' title='bbox 391 2894 542 2948; x_wconf 82' lang='lat' dir='ltr'><strong>aliud</strong></span> <span class='ocrx_word' id='word_1_326' title='bbox 593 2904 680 2950; x_wconf 88' lang='lat' dir='ltr'><strong>est</strong></span> <span class='ocrx_word' id='word_1_327' title='bbox 729 2909 897 2966; x_wconf 87' lang='lat' dir='ltr'><strong>quam</strong></span> <span class='ocrx_word' id='word_1_328' title='bbox 951 2895 1329 2951; x_wconf 85' lang='lat' dir='ltr'><strong>subtilissima</strong></span> <span class='ocrx_word' id='word_1_329' title='bbox 1383 2895 1562 2967; x_wconf 89' lang='lat' dir='ltr'><strong>ipsius</strong></span> <span class='ocrx_word' id='word_1_330' title='bbox 1611 2910 1781 2966; x_wconf 89' lang='lat' dir='ltr'><strong>pars:</strong></span> <span class='ocrx_word' id='word_1_331' title='bbox 1827 2893 1975 2964; x_wconf 89' lang='lat' dir='ltr'><strong>quod</strong></span> 
     </span>
    </p>
   </div>
   <div class='ocr_carea' id='block_1_43' title="bbox 390 2987 1976 3058">
    <p class='ocr_par' dir='ltr' id='par_1_43' title="bbox 390 2987 1976 3058">
     <span class='ocr_line' id='line_1_43' title="bbox 390 2987 1976 3058; baseline -0.003 -16"><span class='ocrx_word' id='word_1_332' title='bbox 390 2988 538 3042; x_wconf 89' lang='lat' dir='ltr'><strong>enim</strong></span> <span class='ocrx_word' id='word_1_333' title='bbox 569 2987 750 3044; x_wconf 86' lang='lat' dir='ltr'><strong>oculis</strong></span> <span class='ocrx_word' id='word_1_334' title='bbox 783 2987 836 3042; x_wconf 94' lang='lat' dir='ltr'><strong>in</strong></span> <span class='ocrx_word' id='word_1_335' title='bbox 871 3002 1143 3058; x_wconf 90' lang='lat' dir='ltr'><strong>corpore,</strong></span> <span class='ocrx_word' id='word_1_336' title='bbox 1177 2987 1282 3044; x_wconf 88' lang='lat' dir='ltr'><strong>hoc</strong></span> <span class='ocrx_word' id='word_1_337' title='bbox 1313 3003 1471 3044; x_wconf 88' lang='lat' dir='ltr'><strong>mens</strong></span> <span class='ocrx_word' id='word_1_338' title='bbox 1512 2987 1568 3042; x_wconf 90' lang='lat' dir='ltr'><strong>in</strong></span> <span class='ocrx_word' id='word_1_339' title='bbox 1616 2987 1803 3042; x_wconf 88' lang='lat' dir='ltr'><strong>anima</strong></span> <span class='ocrx_word' id='word_1_340' title='bbox 1847 2989 1976 3051; x_wconf 88' lang='lat' dir='ltr'><strong>est)</strong></span> 
     </span>
    </p>
   </div>
   <div class='ocr_carea' id='block_1_44' title="bbox 393 3077 1978 3152">
    <p class='ocr_par' dir='ltr' id='par_1_44' title="bbox 393 3077 1978 3152">
     <span class='ocr_line' id='line_1_44' title="bbox 393 3077 1978 3152; baseline 0.001 -21"><span class='ocrx_word' id='word_1_341' title='bbox 393 3079 608 3135; x_wconf 89' lang='lat' dir='ltr'><strong>arbitrii</strong></span> <span class='ocrx_word' id='word_1_342' title='bbox 636 3079 924 3146; x_wconf 85' lang='lat' dir='ltr'><strong>libertate,</strong></span> <span class='ocrx_word' id='word_1_343' title='bbox 957 3080 1326 3152; x_wconf 90' lang='lat' dir='ltr'><strong>volendique,</strong></span> <span class='ocrx_word' id='word_1_344' title='bbox 1369 3087 1426 3136; x_wconf 90' lang='lat' dir='ltr'><strong>et</strong></span> <span class='ocrx_word' id='word_1_345' title='bbox 1470 3079 1669 3151; x_wconf 87' lang='lat' dir='ltr'><strong>agendi</strong></span> <span class='ocrx_word' id='word_1_346' title='bbox 1712 3077 1978 3133; x_wconf 76' lang='lat' dir='ltr'><strong>facultate</strong></span> 
     </span>
    </p>
   </div>
   <div class='ocr_carea' id='block_1_45' title="bbox 486 3255 1408 3326">
    <p class='ocr_par' dir='ltr' id='par_1_45' title="bbox 486 3255 1408 3326">
     <span class='ocr_line' id='line_1_45' title="bbox 486 3255 1408 3326; baseline 0 -15"><span class='ocrx_word' id='word_1_347' title='bbox 486 3255 532 3286; x_wconf 81' lang='grc'><strong>⁵⁸</strong></span> <span class='ocrx_word' id='word_1_348' title='bbox 565 3255 728 3326; x_wconf 84' lang='lat' dir='ltr'><strong>Greg.</strong></span> <span class='ocrx_word' id='word_1_349' title='bbox 761 3255 895 3311; x_wconf 84' lang='lat' dir='ltr'><strong>Naz.</strong></span> <span class='ocrx_word' id='word_1_350' title='bbox 930 3267 1076 3314; x_wconf 88' lang='lat' dir='ltr'><strong>orat.</strong></span> <span class='ocrx_word' id='word_1_351' title='bbox 1104 3257 1174 3313; x_wconf 79' lang='lat'><strong>38</strong></span> <span class='ocrx_word' id='word_1_352' title='bbox 1206 3264 1262 3314; x_wconf 92' lang='lat' dir='ltr'><strong>et</strong></span> <span class='ocrx_word' id='word_1_353' title='bbox 1317 3258 1408 3311; x_wconf 64' lang='lat'><strong>4‘3.</strong></span> 
     </span>
    </p>
   </div>
   <div class='ocr_carea' id='block_1_46' title="bbox 2078 1869 3664 1944">
    <p class='ocr_par' dir='ltr' id='par_1_46' title="bbox 2078 1869 3664 1944">
     <span class='ocr_line' id='line_1_46' title="bbox 2078 1869 3664 1944; baseline 0.001 -18"><span class='ocrx_word' id='word_1_354' title='bbox 2078 1872 2171 1926; x_wconf 80' lang='grc' dir='ltr'><strong>τού</strong></span> <span class='ocrx_word' id='word_1_355' title='bbox 2195 1872 2330 1926; x_wconf 77' lang='grc' dir='ltr'>Θεοῦ</span> <span class='ocrx_word' id='word_1_356' title='bbox 2384 1869 2846 1944; x_wconf 78' lang='grc' dir='ltr'>παραχωροῦντος</span> <span class='ocrx_word' id='word_1_357' title='bbox 2887 1869 2980 1923; x_wconf 69' lang='grc' dir='ltr'>διὰ</span> <span class='ocrx_word' id='word_1_358' title='bbox 3026 1869 3090 1924; x_wconf 78' lang='grc' dir='ltr'>τὸ</span> <span class='ocrx_word' id='word_1_359' title='bbox 3120 1871 3489 1938; x_wconf 75' lang='grc' dir='ltr'>αὐτεξούσιον.</span> <span class='ocrx_word' id='word_1_360' title='bbox 3540 1877 3664 1930; x_wconf 85' lang='grc' dir='ltr'><strong>Οὐκ</strong></span> 
     </span>
    </p>
   </div>
   <div class='ocr_carea' id='block_1_47' title="bbox 2079 1961 2930 2036">
    <p class='ocr_par' dir='ltr' id='par_1_47' title="bbox 2079 1961 2930 2036">
     <span class='ocr_line' id='line_1_47' title="bbox 2079 1961 2930 2036; baseline -0.004 -17"><span class='ocrx_word' id='word_1_361' title='bbox 2079 1965 2248 2036; x_wconf 82' lang='grc' dir='ltr'>ἀρετὴ</span> <span class='ocrx_word' id='word_1_362' title='bbox 2277 1965 2383 2036; x_wconf 79' lang='grc' dir='ltr'>γὰρ</span> <span class='ocrx_word' id='word_1_363' title='bbox 2411 1963 2473 2016; x_wconf 79' lang='grc' dir='ltr'>τὸ</span> <span class='ocrx_word' id='word_1_364' title='bbox 2501 1963 2595 2034; x_wconf 76' lang='grc' dir='ltr'>βία</span> <span class='ocrx_word' id='word_1_365' title='bbox 2624 1961 2930 2033; x_wconf 85' lang='grc' dir='ltr'>γινόμενον.</span> 
     </span>
    </p>
   </div>
   <div class='ocr_carea' id='block_1_48' title="bbox 2149 2251 3668 2327">
    <p class='ocr_par' dir='ltr' id='par_1_48' title="bbox 2149 2251 3668 2327">
     <span class='ocr_line' id='line_1_48' title="bbox 2149 2251 3668 2327; baseline 0.005 -22"><span class='ocrx_word' id='word_1_366' title='bbox 2149 2251 2311 2324; x_wconf 66' lang='grc' dir='ltr'><strong>Ψυχὴ</strong></span> <span class='ocrx_word' id='word_1_367' title='bbox 2333 2252 2516 2307; x_wconf 83' lang='grc' dir='ltr'>τοίνυν</span> <span class='ocrx_word' id='word_1_368' title='bbox 2545 2252 2658 2323; x_wconf 85' lang='grc'><strong>(78)</strong></span> <span class='ocrx_word' id='word_1_369' title='bbox 2718 2253 2888 2318; x_wconf 73' lang='grc' dir='ltr'>ἐστὶν,</span> <span class='ocrx_word' id='word_1_370' title='bbox 2950 2254 3109 2308; x_wconf 85' lang='grc' dir='ltr'>ούσία</span> <span class='ocrx_word' id='word_1_371' title='bbox 3144 2253 3316 2322; x_wconf 80' lang='grc' dir='ltr'>ζῶσα,</span> <span class='ocrx_word' id='word_1_372' title='bbox 3370 2255 3520 2327; x_wconf 79' lang='grc' dir='ltr'>ἁπλῆ</span> <span class='ocrx_word' id='word_1_373' title='bbox 3562 2258 3668 2312; x_wconf 67' lang='grc' dir='ltr'>καὶ</span> 
     </span>
    </p>
   </div>
   <div class='ocr_carea' id='block_1_49' title="bbox 2079 2337 3666 2416">
    <p class='ocr_par' dir='ltr' id='par_1_49' title="bbox 2079 2337 3666 2416">
     <span class='ocr_line' id='line_1_49' title="bbox 2079 2337 3666 2416; baseline 0.001 -18"><span class='ocrx_word' id='word_1_374' title='bbox 2079 2342 2391 2414; x_wconf 83' lang='grc' dir='ltr'>ἀσώματος,</span> <span class='ocrx_word' id='word_1_375' title='bbox 2431 2348 2769 2415; x_wconf 84' lang='grc' dir='ltr'>σωματικοῖς</span> <span class='ocrx_word' id='word_1_376' title='bbox 2791 2337 3096 2415; x_wconf 73' lang='grc' dir='ltr'>ὀφθαλμοῖς</span> <span class='ocrx_word' id='word_1_377' title='bbox 3135 2346 3258 2401; x_wconf 83' lang='grc' dir='ltr'>κατ’</span> <span class='ocrx_word' id='word_1_378' title='bbox 3296 2347 3507 2401; x_wconf 77' lang='grc' dir='ltr'>οἰκείαν</span> <span class='ocrx_word' id='word_1_379' title='bbox 3559 2347 3666 2416; x_wconf 77' lang='grc' dir='ltr'>φύ-</span> 
     </span>
    </p>
   </div>
   <div class='ocr_carea' id='block_1_50' title="bbox 2081 2435 3672 2510">
    <p class='ocr_par' dir='ltr' id='par_1_50' title="bbox 2081 2435 3672 2510">
     <span class='ocr_line' id='line_1_50' title="bbox 2081 2435 3672 2510; baseline 0.003 -21"><span class='ocrx_word' id='word_1_380' title='bbox 2081 2451 2167 2489; x_wconf 83' lang='grc' dir='ltr'><strong>σιν</strong></span> <span class='ocrx_word' id='word_1_381' title='bbox 2191 2435 2446 2506; x_wconf 82' lang='grc' dir='ltr'>ἀόρατος,</span> <span class='ocrx_word' id='word_1_382' title='bbox 2473 2435 2759 2501; x_wconf 83' lang='grc' dir='ltr'>ἀθάνατος,</span> <span class='ocrx_word' id='word_1_383' title='bbox 2780 2437 2972 2508; x_wconf 84' lang='grc' dir='ltr'>λογική</span> <span class='ocrx_word' id='word_1_384' title='bbox 2998 2453 3058 2490; x_wconf 90' lang='grc' dir='ltr'><strong>τε</strong></span> <span class='ocrx_word' id='word_1_385' title='bbox 3081 2438 3177 2491; x_wconf 81' lang='grc' dir='ltr'>καὶ</span> <span class='ocrx_word' id='word_1_386' title='bbox 3194 2439 3382 2509; x_wconf 81' lang='grc' dir='ltr'>νοερὰ,</span> <span class='ocrx_word' id='word_1_387' title='bbox 3407 2439 3672 2510; x_wconf 77' lang='grc' dir='ltr'>ἀσχημά-</span> 
     </span>
    </p>
   </div>
   <div class='ocr_carea' id='block_1_51' title="bbox 2079 2525 3674 2602">
    <p class='ocr_par' dir='ltr' id='par_1_51' title="bbox 2079 2525 3674 2602">
     <span class='ocr_line' id='line_1_51' title="bbox 2079 2525 3674 2602; baseline 0.002 -22"><span class='ocrx_word' id='word_1_388' title='bbox 2079 2543 2281 2591; x_wconf 84' lang='grc' dir='ltr'>τιστος,</span> <span class='ocrx_word' id='word_1_389' title='bbox 2335 2525 2616 2598; x_wconf 83' lang='grc' dir='ltr'>ὀργανικῷ</span> <span class='ocrx_word' id='word_1_390' title='bbox 2681 2528 2997 2599; x_wconf 82' lang='grc' dir='ltr'>κεχρημένη</span> <span class='ocrx_word' id='word_1_391' title='bbox 3051 2525 3288 2598; x_wconf 83' lang='grc' dir='ltr'>σώματι,</span> <span class='ocrx_word' id='word_1_392' title='bbox 3341 2528 3438 2582; x_wconf 68' lang='grc' dir='ltr'>καὶ</span> <span class='ocrx_word' id='word_1_393' title='bbox 3490 2530 3674 2602; x_wconf 82' lang='grc' dir='ltr'>τούτῳ</span> 
     </span>
    </p>
   </div>
   <div class='ocr_carea' id='block_1_52' title="bbox 2083 2617 3672 2692">
    <p class='ocr_par' dir='ltr' id='par_1_52' title="bbox 2083 2617 3672 2692">
     <span class='ocr_line' id='line_1_52' title="bbox 2083 2617 3672 2692; baseline 0.001 -20"><span class='ocrx_word' id='word_1_394' title='bbox 2083 2617 2253 2689; x_wconf 77' lang='grc' dir='ltr'>ζωῆς,</span> <span class='ocrx_word' id='word_1_395' title='bbox 2278 2617 2563 2690; x_wconf 81' lang='grc' dir='ltr'>αὐξήσεώς</span> <span class='ocrx_word' id='word_1_396' title='bbox 2619 2637 2699 2682; x_wconf 77' lang='grc' dir='ltr'><strong>τε,</strong></span> <span class='ocrx_word' id='word_1_397' title='bbox 2731 2621 2826 2672; x_wconf 70' lang='grc' dir='ltr'>καὶ</span> <span class='ocrx_word' id='word_1_398' title='bbox 2869 2618 3202 2692; x_wconf 77' lang='grc' dir='ltr'>αἰσθήσεως,</span> <span class='ocrx_word' id='word_1_399' title='bbox 3231 2621 3329 2674; x_wconf 68' lang='grc' dir='ltr'>καὶ</span> <span class='ocrx_word' id='word_1_400' title='bbox 3356 2622 3672 2691; x_wconf 76' lang='grc' dir='ltr'>γεννήσεως</span> 
     </span>
    </p>
   </div>
   <div class='ocr_carea' id='block_1_53' title="bbox 2083 2707 3674 2780">
    <p class='ocr_par' dir='ltr' id='par_1_53' title="bbox 2083 2707 3674 2780">
     <span class='ocr_line' id='line_1_53' title="bbox 2083 2707 3674 2780; baseline 0.001 -19"><span class='ocrx_word' id='word_1_401' title='bbox 2083 2726 2157 2761; x_wconf 85' lang='grc' dir='ltr'><strong>πα</strong></span> <span class='ocrx_word' id='word_1_402' title='bbox 2169 2709 2416 2779; x_wconf 81' lang='grc' dir='ltr'>ρεκτικὴ,</span> <span class='ocrx_word' id='word_1_403' title='bbox 2449 2708 2550 2778; x_wconf 83' lang='grc' dir='ltr'><strong>οὐχ</strong></span> <span class='ocrx_word' id='word_1_404' title='bbox 2580 2709 2768 2779; x_wconf 72' lang='grc' dir='ltr'>ἕτερον</span> <span class='ocrx_word' id='word_1_405' title='bbox 2798 2707 2996 2778; x_wconf 73' lang='grc' dir='ltr'>ἔχουσα</span> <span class='ocrx_word' id='word_1_406' title='bbox 3030 2709 3144 2779; x_wconf 77' lang='lat'><strong>(79)</strong></span> <span class='ocrx_word' id='word_1_407' title='bbox 3171 2709 3304 2780; x_wconf 79' lang='grc' dir='ltr'>παρ’</span> <span class='ocrx_word' id='word_1_408' title='bbox 3329 2709 3539 2779; x_wconf 73' lang='grc' dir='ltr'>ἑαυτὴν</span> <span class='ocrx_word' id='word_1_409' title='bbox 3573 2711 3674 2763; x_wconf 78' lang='grc' dir='ltr'><strong>τὸν</strong></span> 
     </span>
    </p>
   </div>
   <div class='ocr_carea' id='block_1_54' title="bbox 2081 2799 3677 2873">
    <p class='ocr_par' dir='ltr' id='par_1_54' title="bbox 2081 2799 3677 2873">
     <span class='ocr_line' id='line_1_54' title="bbox 2081 2799 3677 2873; baseline 0 -21"><span class='ocrx_word' id='word_1_410' title='bbox 2081 2801 2229 2862; x_wconf 83' lang='grc' dir='ltr'>νοῦν,</span> <span class='ocrx_word' id='word_1_411' title='bbox 2279 2799 2417 2854; x_wconf 79' lang='grc' dir='ltr'>ἀλλὰ</span> <span class='ocrx_word' id='word_1_412' title='bbox 2456 2800 2624 2870; x_wconf 87' lang='grc' dir='ltr'>μέρος</span> <span class='ocrx_word' id='word_1_413' title='bbox 2678 2800 2848 2870; x_wconf 80' lang='grc' dir='ltr'>αὐτῆς</span> <span class='ocrx_word' id='word_1_414' title='bbox 2893 2803 2956 2853; x_wconf 81' lang='grc' dir='ltr'>τὸ</span> <span class='ocrx_word' id='word_1_415' title='bbox 2994 2799 3386 2870; x_wconf 80' lang='grc' dir='ltr'>καθαρώτατον</span> <span class='ocrx_word' id='word_1_416' title='bbox 3409 2817 3423 2831; x_wconf 87' lang='grc'>·</span> <span class='ocrx_word' id='word_1_417' title='bbox 3473 2801 3677 2873; x_wconf 81' lang='grc' dir='ltr'>ὥσπερ</span> 
     </span>
    </p>
   </div>
   <div class='ocr_carea' id='block_1_55' title="bbox 2083 2889 3677 2963">
    <p class='ocr_par' dir='ltr' id='par_1_55' title="bbox 2083 2889 3677 2963">
     <span class='ocr_line' id='line_1_55' title="bbox 2083 2889 3677 2963; baseline 0.002 -20"><span class='ocrx_word' id='word_1_418' title='bbox 2083 2893 2190 2960; x_wconf 78' lang='grc' dir='ltr'><strong>γὰρ</strong></span> <span class='ocrx_word' id='word_1_419' title='bbox 2221 2889 2496 2961; x_wconf 76' lang='grc' dir='ltr'>ὀφθαλμὸς</span> <span class='ocrx_word' id='word_1_420' title='bbox 2521 2893 2580 2943; x_wconf 81' lang='grc' dir='ltr'>ὲν</span> <span class='ocrx_word' id='word_1_421' title='bbox 2611 2889 2850 2963; x_wconf 81' lang='grc' dir='ltr'>σώματι,</span> <span class='ocrx_word' id='word_1_422' title='bbox 2876 2889 3050 2956; x_wconf 70' lang='grc' dir='ltr'>οὕτως</span> <span class='ocrx_word' id='word_1_423' title='bbox 3080 2892 3140 2945; x_wconf 81' lang='grc' dir='ltr'>ὲν</span> <span class='ocrx_word' id='word_1_424' title='bbox 3167 2892 3314 2963; x_wconf 78' lang='grc' dir='ltr'>ψυχῇ</span> <span class='ocrx_word' id='word_1_425' title='bbox 3343 2891 3471 2956; x_wconf 75' lang='grc' dir='ltr'>νοῦς</span> <span class='ocrx_word' id='word_1_426' title='bbox 3489 2907 3504 2922; x_wconf 83' lang='grc'><strong>⁸</strong></span> <span class='ocrx_word' id='word_1_427' title='bbox 3535 2893 3677 2947; x_wconf 75' lang='grc' dir='ltr'>αύτ-</span> 
     </span>
    </p>
   </div>
   <div class='ocr_carea' id='block_1_56' title="bbox 2084 2983 3678 3057">
    <p class='ocr_par' dir='ltr' id='par_1_56' title="bbox 2084 2983 3678 3057">
     <span class='ocr_line' id='line_1_56' title="bbox 2084 2983 3678 3057; baseline 0.001 -21"><span class='ocrx_word' id='word_1_428' title='bbox 2084 2983 2346 3049; x_wconf 71' lang='grc' dir='ltr'>εξούειος,</span> <span class='ocrx_word' id='word_1_429' title='bbox 2405 2983 2664 3056; x_wconf 83' lang='grc' dir='ltr'>θελητική</span> <span class='ocrx_word' id='word_1_430' title='bbox 2721 3001 2802 3049; x_wconf 89' lang='grc' dir='ltr'><strong>τε,</strong></span> <span class='ocrx_word' id='word_1_431' title='bbox 2868 2983 2966 3038; x_wconf 74' lang='grc' dir='ltr'>καὶ</span> <span class='ocrx_word' id='word_1_432' title='bbox 3038 2985 3392 3055; x_wconf 78' lang='grc' dir='ltr'>ὲνεργητικὴ,</span> <span class='ocrx_word' id='word_1_433' title='bbox 3437 2985 3678 3057; x_wconf 72' lang='grc' dir='ltr'>τρεπτῆ,</span> 
     </span>
    </p>
   </div>
   <div class='ocr_carea' id='block_1_57' title="bbox 2083 3074 3679 3146">
    <p class='ocr_par' dir='ltr' id='par_1_57' title="bbox 2083 3074 3679 3146">
     <span class='ocr_line' id='line_1_57' title="bbox 2083 3074 3679 3146; baseline 0.002 -19"><span class='ocrx_word' id='word_1_434' title='bbox 2083 3076 2206 3146; x_wconf 74' lang='grc' dir='ltr'>ἦτοι</span> <span class='ocrx_word' id='word_1_435' title='bbox 2253 3074 2657 3146; x_wconf 83' lang='grc' dir='ltr'>ὲθελότρεπτος,</span> <span class='ocrx_word' id='word_1_436' title='bbox 2718 3075 2801 3128; x_wconf 79' lang='grc' dir='ltr'>ὅτι</span> <span class='ocrx_word' id='word_1_437' title='bbox 2832 3076 2929 3129; x_wconf 72' lang='grc' dir='ltr'>καὶ</span> <span class='ocrx_word' id='word_1_438' title='bbox 2972 3077 3188 3146; x_wconf 85' lang='grc' dir='ltr'>κτιστή.</span> <span class='ocrx_word' id='word_1_439' title='bbox 3247 3077 3436 3132; x_wconf 80' lang='grc' dir='ltr'>Πάντα</span> <span class='ocrx_word' id='word_1_440' title='bbox 3494 3076 3679 3130; x_wconf 75' lang='grc' dir='ltr'>ταῦτα</span> 
     </span>
    </p>
   </div>
   <div class='ocr_carea' id='block_1_58' title="bbox 1509 3251 3516 3326">
    <p class='ocr_par' dir='ltr' id='par_1_58' title="bbox 1509 3251 3516 3326">
     <span class='ocr_line' id='line_1_58' title="bbox 1509 3251 3516 3326; baseline 0.002 -16"><span class='ocrx_word' id='word_1_441' title='bbox 1509 3258 1555 3290; x_wconf 79' lang='grc'>⁸⁷</span> <span class='ocrx_word' id='word_1_442' title='bbox 1611 3257 1817 3312; x_wconf 84' lang='lat' dir='ltr'><strong>Athan.</strong></span> <span class='ocrx_word' id='word_1_443' title='bbox 1851 3254 1948 3310; x_wconf 90' lang='lat' dir='ltr'><strong>lib.</strong></span> <span class='ocrx_word' id='word_1_444' title='bbox 1980 3253 2054 3308; x_wconf 89' lang='lat' dir='ltr'><strong>De</strong></span> <span class='ocrx_word' id='word_1_445' title='bbox 2084 3251 2227 3311; x_wconf 84' lang='lat' dir='ltr'><strong>inab.</strong></span> <span class='ocrx_word' id='word_1_446' title='bbox 2271 3259 2442 3308; x_wconf 89' lang='lat' dir='ltr'><strong>contr.</strong></span> <span class='ocrx_word' id='word_1_447' title='bbox 2470 3253 2643 3321; x_wconf 79' lang='lat' dir='ltr'><strong>Apoll.</strong></span> <span class='ocrx_word' id='word_1_448' title='bbox 2720 3255 2766 3288; x_wconf 80' lang='grc'><strong>³³</strong></span> <span class='ocrx_word' id='word_1_449' title='bbox 2793 3253 3014 3312; x_wconf 78' lang='lat' dir='ltr'><strong>Maxim.</strong></span> <span class='ocrx_word' id='word_1_450' title='bbox 3042 3269 3183 3326; x_wconf 87' lang='lat' dir='ltr'><strong>opus</strong></span> <span class='ocrx_word' id='word_1_451' title='bbox 3207 3257 3286 3314; x_wconf 83' lang='lat' dir='ltr'><strong>De</strong></span> <span class='ocrx_word' id='word_1_452' title='bbox 3313 3259 3516 3316; x_wconf 84' lang='lat' dir='ltr'><strong>anima.</strong></span> 
     </span>
    </p>
   </div>
   <div class='ocr_carea' id='block_1_59' title="bbox 1723 3409 2406 3468">
    <p class='ocr_par' dir='ltr' id='par_1_59' title="bbox 1723 3409 2406 3468">
     <span class='ocr_line' id='line_1_59' title="bbox 1723 3409 2406 3468; baseline 0.004 -3"><span class='ocrx_word' id='word_1_453' title='bbox 1723 3409 1962 3467; x_wconf 67' lang='lat' dir='ltr'><strong>VARUS</strong></span> <span class='ocrx_word' id='word_1_454' title='bbox 2000 3409 2406 3468; x_wconf 77' lang='lat' dir='ltr'><strong>LECTIONES.</strong></span> 
     </span>
    </p>
   </div>
   <div class='ocr_carea' id='block_1_60' title="bbox 472 3543 3286 3623">
    <p class='ocr_par' dir='ltr' id='par_1_60' title="bbox 472 3543 3286 3623">
     <span class='ocr_line' id='line_1_60' title="bbox 472 3543 3286 3623; baseline 0.002 -23"><span class='ocrx_word' id='word_1_455' title='bbox 472 3553 499 3586; x_wconf 76' lang='grc' dir='ltr'>ι·</span> <span class='ocrx_word' id='word_1_456' title='bbox 530 3544 609 3600; x_wconf 91' lang='lat' dir='ltr'><strong>lta</strong></span> <span class='ocrx_word' id='word_1_457' title='bbox 645 3543 784 3616; x_wconf 82' lang='lat' dir='ltr'><strong>Reg.</strong></span> <span class='ocrx_word' id='word_1_458' title='bbox 816 3543 981 3610; x_wconf 70' lang='lat' dir='ltr'><strong>545i,</strong></span> <span class='ocrx_word' id='word_1_459' title='bbox 1013 3553 1069 3601; x_wconf 90' lang='lat' dir='ltr'><strong>et</strong></span> <span class='ocrx_word' id='word_1_460' title='bbox 1104 3544 1343 3616; x_wconf 89' lang='lat' dir='ltr'><strong>postulat</strong></span> <span class='ocrx_word' id='word_1_461' title='bbox 1376 3546 1572 3602; x_wconf 90' lang='lat' dir='ltr'><strong>oratio.</strong></span> <span class='ocrx_word' id='word_1_462' title='bbox 1649 3558 1672 3585; x_wconf 70' lang='grc' dir='ltr'><strong>ε</strong></span> <span class='ocrx_word' id='word_1_463' title='bbox 1705 3545 1798 3601; x_wconf 87' lang='lat' dir='ltr'><strong>Sic</strong></span> <span class='ocrx_word' id='word_1_464' title='bbox 1836 3547 1972 3617; x_wconf 77' lang='lat' dir='ltr'><strong>Reg.</strong></span> <span class='ocrx_word' id='word_1_465' title='bbox 2005 3547 2147 3602; x_wconf 74' lang='lat'><strong>5562</strong></span> <span class='ocrx_word' id='word_1_466' title='bbox 2172 3556 2228 3604; x_wconf 89' lang='lat' dir='ltr'><strong>et</strong></span> <span class='ocrx_word' id='word_1_467' title='bbox 2250 3549 2412 3605; x_wconf 61' lang='grc'><strong>5451.</strong></span> <span class='ocrx_word' id='word_1_468' title='bbox 2445 3547 2592 3604; x_wconf 84' lang='lat' dir='ltr'><strong>Edit.</strong></span> <span class='ocrx_word' id='word_1_469' title='bbox 2625 3556 2679 3604; x_wconf 89' lang='lat' dir='ltr'><strong>et</strong></span> <span class='ocrx_word' id='word_1_470' title='bbox 2706 3548 2799 3604; x_wconf 89' lang='lat' dir='ltr'><strong>alii</strong></span> <span class='ocrx_word' id='word_1_471' title='bbox 2827 3549 2942 3604; x_wconf 81' lang='grc' dir='ltr'>ἀλλ’</span> <span class='ocrx_word' id='word_1_472' title='bbox 2973 3550 3076 3604; x_wconf 83' lang='grc' dir='ltr'>οὐκ</span> <span class='ocrx_word' id='word_1_473' title='bbox 3114 3552 3172 3605; x_wconf 81' lang='grc' dir='ltr'>ὲν</span> <span class='ocrx_word' id='word_1_474' title='bbox 3199 3553 3286 3623; x_wconf 77' lang='grc' dir='ltr'><strong>τῇ.</strong></span> 
     </span>
    </p>
   </div>
   <div class='ocr_carea' id='block_1_61' title="bbox 1928 3679 2192 3737">
    <p class='ocr_par' dir='ltr' id='par_1_61' title="bbox 1928 3679 2192 3737">
     <span class='ocr_line' id='line_1_61' title="bbox 1928 3679 2192 3737; baseline 0.004 -2"><span class='ocrx_word' id='word_1_475' title='bbox 1928 3679 2192 3737; x_wconf 68' lang='lat' dir='ltr'><strong>NOTAE.-</strong></span> 
     </span>
    </p>
   </div>
   <div class='ocr_carea' id='block_1_62' title="bbox 469 3792 3681 3864">
    <p class='ocr_par' dir='ltr' id='par_1_62' title="bbox 469 3792 3681 3864">
     <span class='ocr_line' id='line_1_62' title="bbox 469 3792 3681 3864; baseline 0.002 -18"><span class='ocrx_word' id='word_1_476' title='bbox 469 3793 608 3864; x_wconf 72' lang='lat'><strong>(7§).</strong></span> <span class='ocrx_word' id='word_1_477' title='bbox 646 3792 824 3862; x_wconf 79' lang='grc' dir='ltr'><strong>Ψυχὴ</strong></span> <span class='ocrx_word' id='word_1_478' title='bbox 862 3792 1094 3847; x_wconf 78' lang='grc' dir='ltr'>τοίνυν.</span> <span class='ocrx_word' id='word_1_479' title='bbox 1125 3792 1253 3846; x_wconf 76' lang='lat' dir='ltr'><strong>1am</strong></span> <span class='ocrx_word' id='word_1_480' title='bbox 1287 3809 1429 3864; x_wconf 80' lang='lat' dir='ltr'><strong>vero</strong></span> <span class='ocrx_word' id='word_1_481' title='bbox 1453 3793 1634 3847; x_wconf 89' lang='lat' dir='ltr'><strong>anima</strong></span> <span class='ocrx_word' id='word_1_482' title='bbox 1671 3803 1750 3849; x_wconf 87' lang='lat' dir='ltr'><strong>est</strong></span> <span class='ocrx_word' id='word_1_483' title='bbox 1779 3795 1979 3859; x_wconf 78' lang='lat' dir='ltr'><strong>vivens,</strong></span> <span class='ocrx_word' id='word_1_484' title='bbox 2010 3796 2052 3854; x_wconf 88' lang='lat' dir='ltr'><strong>C</strong></span> <span class='ocrx_word' id='word_1_485' title='bbox 2085 3795 2224 3864; x_wconf 86' lang='lat' dir='ltr'><strong>phos</strong></span> <span class='ocrx_word' id='word_1_486' title='bbox 2255 3795 2395 3850; x_wconf 89' lang='lat' dir='ltr'><strong>alios</strong></span> <span class='ocrx_word' id='word_1_487' title='bbox 2449 3794 2726 3859; x_wconf 89' lang='lat' dir='ltr'><strong>docuisse,</strong></span> <span class='ocrx_word' id='word_1_488' title='bbox 2775 3795 2926 3850; x_wconf 83' lang='lat' dir='ltr'><strong>aliud</strong></span> <span class='ocrx_word' id='word_1_489' title='bbox 2981 3797 3220 3852; x_wconf 86' lang='lat' dir='ltr'><strong>animam</strong></span> <span class='ocrx_word' id='word_1_490' title='bbox 3259 3813 3394 3861; x_wconf 89' lang='lat' dir='ltr'><strong>esse,</strong></span> <span class='ocrx_word' id='word_1_491' title='bbox 3423 3808 3475 3852; x_wconf 91' lang='lat' dir='ltr'><strong>et</strong></span> <span class='ocrx_word' id='word_1_492' title='bbox 3521 3797 3681 3854; x_wconf 81' lang='lat' dir='ltr'><strong>aliud</strong></span> 
     </span>
    </p>
   </div>
   <div class='ocr_carea' id='block_1_63' title="bbox 397 3862 1983 3920">
    <p class='ocr_par' dir='ltr' id='par_1_63' title="bbox 397 3862 1983 3920">
     <span class='ocr_line' id='line_1_63' title="bbox 397 3862 1983 3920; baseline -0.001 0"><span class='ocrx_word' id='word_1_493' title='bbox 397 3873 506 3920; x_wconf 87' lang='lat' dir='ltr'><strong>etc.</strong></span> <span class='ocrx_word' id='word_1_494' title='bbox 536 3862 732 3918; x_wconf 87' lang='lat' dir='ltr'><strong>Patres</strong></span> <span class='ocrx_word' id='word_1_495' title='bbox 781 3878 926 3920; x_wconf 68' lang='lat' dir='ltr'><strong>reare</strong></span> <span class='ocrx_word' id='word_1_496' title='bbox 969 3865 1219 3918; x_wconf 91' lang='lat' dir='ltr'><strong>tulerunt</strong></span> <span class='ocrx_word' id='word_1_497' title='bbox 1283 3863 1353 3919; x_wconf 89' lang='lat' dir='ltr'><strong>ab</strong></span> <span class='ocrx_word' id='word_1_498' title='bbox 1406 3863 1701 3920; x_wconf 81' lang='lat' dir='ltr'><strong>Aristotele</strong></span> <span class='ocrx_word' id='word_1_499' title='bbox 1741 3865 1983 3920; x_wconf 90' lang='lat' dir='ltr'><strong>animam</strong></span> 
     </span>
    </p>
   </div>
   <div class='ocr_carea' id='block_1_64' title="bbox 399 3933 1986 4006">
    <p class='ocr_par' dir='ltr' id='par_1_64' title="bbox 399 3933 1986 4006">
     <span class='ocr_line' id='line_1_64' title="bbox 399 3933 1986 4006; baseline 0 -20"><span class='ocrx_word' id='word_1_500' title='bbox 399 3934 624 4006; x_wconf 72' lang='lat' dir='ltr'><strong>deliniri</strong></span> <span class='ocrx_word' id='word_1_501' title='bbox 661 3933 1004 4003; x_wconf 73' lang='grc' dir='ltr'>ἐντελέχειαν</span> <span class='ocrx_word' id='word_1_502' title='bbox 1047 3933 1277 4004; x_wconf 84' lang='grc' dir='ltr'>πρώτην</span> <span class='ocrx_word' id='word_1_503' title='bbox 1331 3933 1582 4006; x_wconf 85' lang='grc' dir='ltr'>σώματος</span> <span class='ocrx_word' id='word_1_504' title='bbox 1635 3933 1865 4005; x_wconf 81' lang='grc' dir='ltr'>φυσικοῦ</span> <span class='ocrx_word' id='word_1_505' title='bbox 1895 3935 1986 4004; x_wconf 89' lang='grc' dir='ltr'>όρ-</span> 
     </span>
    </p>
   </div>
   <div class='ocr_carea' id='block_1_65' title="bbox 397 4002 1982 4075">
    <p class='ocr_par' dir='ltr' id='par_1_65' title="bbox 397 4002 1982 4075">
     <span class='ocr_line' id='line_1_65' title="bbox 397 4002 1982 4075; baseline 0.001 -18"><span class='ocrx_word' id='word_1_506' title='bbox 397 4002 648 4074; x_wconf 85' lang='grc' dir='ltr'>γανικοῦ,</span> <span class='ocrx_word' id='word_1_507' title='bbox 675 4002 878 4075; x_wconf 12' lang='lat' dir='ltr'><strong>iactum</strong></span> <span class='ocrx_word' id='word_1_508' title='bbox 906 4005 1133 4072; x_wconf 81' lang='lat' dir='ltr'><strong>primunt</strong></span> <span class='ocrx_word' id='word_1_509' title='bbox 1174 4002 1657 4075; x_wconf 49' lang='lat' dir='ltr'><strong>co&#39;rporis&#39;organis</strong></span> <span class='ocrx_word' id='word_1_510' title='bbox 1709 4002 1982 4069; x_wconf 70' lang='lat' dir='ltr'><strong>instructi,</strong></span> 
     </span>
    </p>
   </div>
   <div class='ocr_carea' id='block_1_66' title="bbox 402 4074 1987 4145">
    <p class='ocr_par' dir='ltr' id='par_1_66' title="bbox 402 4074 1987 4145">
     <span class='ocr_line' id='line_1_66' title="bbox 402 4074 1987 4145; baseline 0.001 -17"><span class='ocrx_word' id='word_1_511' title='bbox 402 4089 468 4128; x_wconf 81' lang='lat' dir='ltr'><strong>ac.</strong></span> <span class='ocrx_word' id='word_1_512' title='bbox 498 4075 542 4128; x_wconf 89' lang='lat' dir='ltr'><strong>si</strong></span> <span class='ocrx_word' id='word_1_513' title='bbox 574 4090 639 4128; x_wconf 78' lang='lat' dir='ltr'><strong>ex</strong></span> <span class='ocrx_word' id='word_1_514' title='bbox 673 4074 778 4145; x_wconf 84' lang='lat' dir='ltr'><strong>hac</strong></span> <span class='ocrx_word' id='word_1_515' title='bbox 816 4075 1135 4145; x_wconf 79' lang='lat' dir='ltr'><strong>deﬁnitione</strong></span> <span class='ocrx_word' id='word_1_516' title='bbox 1158 4074 1535 4145; x_wconf 78' lang='lat' dir='ltr'><strong>subsequatur</strong></span> <span class='ocrx_word' id='word_1_517' title='bbox 1565 4077 1804 4129; x_wconf 88' lang='lat' dir='ltr'><strong>animam</strong></span> <span class='ocrx_word' id='word_1_518' title='bbox 1836 4076 1891 4130; x_wconf 91' lang='lat' dir='ltr'><strong>in</strong></span> <span class='ocrx_word' id='word_1_519' title='bbox 1911 4091 1987 4145; x_wconf 89' lang='lat' dir='ltr'><strong>se</strong></span> 
     </span>
    </p>
   </div>
   <div class='ocr_carea' id='block_1_67' title="bbox 403 4143 1988 4215">
    <p class='ocr_par' dir='ltr' id='par_1_67' title="bbox 403 4143 1988 4215">
     <span class='ocr_line' id='line_1_67' title="bbox 403 4143 1988 4215; baseline 0 -17"><span class='ocrx_word' id='word_1_520' title='bbox 403 4159 513 4215; x_wconf 85' lang='lat' dir='ltr'><strong>non</strong></span> <span class='ocrx_word' id='word_1_521' title='bbox 555 4143 889 4215; x_wconf 58' lang='lat' dir='ltr'><strong>consistere,</strong></span> <span class='ocrx_word' id='word_1_522' title='bbox 937 4144 1034 4200; x_wconf 91' lang='lat' dir='ltr'><strong>sed</strong></span> <span class='ocrx_word' id='word_1_523' title='bbox 1085 4159 1210 4199; x_wconf 90' lang='lat' dir='ltr'><strong>cum</strong></span> <span class='ocrx_word' id='word_1_524' title='bbox 1267 4143 1505 4215; x_wconf 68' lang='lat' dir='ltr'><strong>corpore</strong></span> <span class='ocrx_word' id='word_1_525' title='bbox 1553 4145 1783 4201; x_wconf 88' lang='lat' dir='ltr'><strong>dissolvi</strong></span> <span class='ocrx_word' id='word_1_526' title='bbox 1813 4153 1868 4199; x_wconf 90' lang='lat' dir='ltr'><strong>et</strong></span> <span class='ocrx_word' id='word_1_527' title='bbox 1905 4144 1988 4199; x_wconf 89' lang='lat' dir='ltr'><strong>in-</strong></span> 
     </span>
    </p>
   </div>
   <div class='ocr_carea' id='block_1_68' title="bbox 403 4211 1987 4283">
    <p class='ocr_par' dir='ltr' id='par_1_68' title="bbox 403 4211 1987 4283">
     <span class='ocr_line' id='line_1_68' title="bbox 403 4211 1987 4283; baseline 0.002 -17"><span class='ocrx_word' id='word_1_528' title='bbox 403 4213 592 4268; x_wconf 85' lang='lat' dir='ltr'><strong>terire.</strong></span> <span class='ocrx_word' id='word_1_529' title='bbox 635 4211 848 4268; x_wconf 88' lang='lat' dir='ltr'><strong>Tullius</strong></span> <span class='ocrx_word' id='word_1_530' title='bbox 889 4229 1039 4278; x_wconf 86' lang='lat' dir='ltr'><strong>vero,</strong></span> <span class='ocrx_word' id='word_1_531' title='bbox 1072 4215 1216 4269; x_wconf 73' lang='lat' dir='ltr'><strong>libri</strong></span> <span class='ocrx_word' id='word_1_532' title='bbox 1261 4211 1417 4268; x_wconf 75' lang='lat' dir='ltr'><strong>Tusc.</strong></span> <span class='ocrx_word' id='word_1_533' title='bbox 1469 4225 1684 4283; x_wconf 78' lang='lat' dir='ltr'><strong>quwst.,</strong></span> <span class='ocrx_word' id='word_1_534' title='bbox 1735 4215 1987 4269; x_wconf 83' lang='lat' dir='ltr'><strong>Philoso-</strong></span> 
     </span>
    </p>
   </div>
   <div class='ocr_carea' id='block_1_69' title="bbox 403 4283 1986 4364">
    <p class='ocr_par' dir='ltr' id='par_1_69' title="bbox 403 4283 1986 4364">
     <span class='ocr_line' id='line_1_69' title="bbox 403 4283 1986 4364; baseline 0.002 -28"><span class='ocrx_word' id='word_1_535' title='bbox 403 4283 497 4364; x_wconf 88' lang='lat' dir='ltr'><strong>phi</strong></span> <span class='ocrx_word' id='word_1_536' title='bbox 548 4291 806 4364; x_wconf 40' lang='lat' dir='ltr'><strong>mentem.</strong></span> <span class='ocrx_word' id='word_1_537' title='bbox 844 4283 927 4364; x_wconf 75' lang='lat' dir='ltr'><strong>sic</strong></span> <span class='ocrx_word' id='word_1_538' title='bbox 977 4285 1252 4364; x_wconf 34' lang='lat' dir='ltr'><strong>espliclat,</strong></span> <span class='ocrx_word' id='word_1_539' title='bbox 1279 4293 1338 4338; x_wconf 85' lang='lat' dir='ltr'><strong>ut</strong></span> <span class='ocrx_word' id='word_1_540' title='bbox 1372 4299 1438 4364; x_wconf 84' lang='lat' dir='ltr'><strong>ea_</strong></span> <span class='ocrx_word' id='word_1_541' title='bbox 1484 4285 1621 4364; x_wconf 82' lang='lat' dir='ltr'><strong>nihil</strong></span> <span class='ocrx_word' id='word_1_542' title='bbox 1650 4286 1986 4364; x_wconf 85' lang='lat' dir='ltr'><strong>_anit_noru_m</strong></span> 
     </span>
    </p>
   </div>
   <div class='ocr_carea' id='block_1_70' title="bbox 405 4352 1980 4425">
    <p class='ocr_par' dir='ltr' id='par_1_70' title="bbox 405 4352 1980 4425">
     <span class='ocr_line' id='line_1_70' title="bbox 405 4352 1980 4425; baseline 0.001 -19"><span class='ocrx_word' id='word_1_543' title='bbox 405 4352 810 4425; x_wconf 77' lang='lat' dir='ltr'><strong>immortalitati</strong></span> <span class='ocrx_word' id='word_1_544' title='bbox 832 4353 1048 4425; x_wconf 76' lang='lat' dir='ltr'><strong>detrahi</strong></span> <span class='ocrx_word' id='word_1_545' title='bbox 1079 4355 1332 4408; x_wconf 84' lang='lat' dir='ltr'><strong>videatur</strong></span> <span class='ocrx_word' id='word_1_546' title='bbox 1360 4373 1373 4408; x_wconf 90' lang='lat'>:</span> <span class='ocrx_word' id='word_1_547' title='bbox 1405 4355 1738 4420; x_wconf 78' lang='lat' dir='ltr'><strong>Aristoteles,</strong></span> <span class='ocrx_word' id='word_1_548' title='bbox 1779 4357 1980 4425; x_wconf 88' lang='lat' dir='ltr'><strong>inquit,</strong></span> 
     </span>
    </p>
   </div>
   <div class='ocr_carea' id='block_1_71' title="bbox 407 4422 1983 4494">
    <p class='ocr_par' dir='ltr' id='par_1_71' title="bbox 407 4422 1983 4494">
     <span class='ocr_line' id='line_1_71' title="bbox 407 4422 1983 4494; baseline 0.001 -16"><span class='ocrx_word' id='word_1_549' title='bbox 407 4424 559 4494; x_wconf 84' lang='lat' dir='ltr'><strong>longe</strong></span> <span class='ocrx_word' id='word_1_550' title='bbox 593 4422 832 4478; x_wconf 88' lang='lat' dir='ltr'><strong>omnibus</strong></span> <span class='ocrx_word' id='word_1_551' title='bbox 862 4423 1175 4494; x_wconf 81' lang='lat' dir='ltr'><strong>(Platonem</strong></span> <span class='ocrx_word' id='word_1_552' title='bbox 1221 4441 1424 4494; x_wconf 82' lang='lat' dir='ltr'><strong>semper</strong></span> <span class='ocrx_word' id='word_1_553' title='bbox 1449 4427 1688 4494; x_wconf 76' lang='lat' dir='ltr'><strong>excipio)</strong></span> <span class='ocrx_word' id='word_1_554' title='bbox 1719 4422 1983 4494; x_wconf 78' lang='lat' dir='ltr'><strong>prwstans</strong></span> 
     </span>
    </p>
   </div>
   <div class='ocr_carea' id='block_1_72' title="bbox 404 4493 1990 4565">
    <p class='ocr_par' dir='ltr' id='par_1_72' title="bbox 404 4493 1990 4565">
     <span class='ocr_line' id='line_1_72' title="bbox 404 4493 1990 4565; baseline 0.001 -17"><span class='ocrx_word' id='word_1_555' title='bbox 404 4493 690 4565; x_wconf 80' lang='lat' dir='ltr'><strong>etingenio</strong></span> <span class='ocrx_word' id='word_1_556' title='bbox 747 4502 799 4548; x_wconf 90' lang='lat' dir='ltr'><strong>et</strong></span> <span class='ocrx_word' id='word_1_557' title='bbox 846 4493 1170 4565; x_wconf 77' lang='lat' dir='ltr'><strong>diligentia,</strong></span> <span class='ocrx_word' id='word_1_558' title='bbox 1210 4493 1337 4548; x_wconf 84' lang='lat' dir='ltr'><strong>cum</strong></span> <span class='ocrx_word' id='word_1_559' title='bbox 1381 4493 1612 4565; x_wconf 81' lang='lat' dir='ltr'><strong>quatuor</strong></span> <span class='ocrx_word' id='word_1_560' title='bbox 1640 4493 1738 4550; x_wconf 85' lang='lat' dir='ltr'><strong>illa</strong></span> <span class='ocrx_word' id='word_1_561' title='bbox 1799 4511 1990 4565; x_wconf 87' lang='lat' dir='ltr'><strong>genera</strong></span> 
     </span>
    </p>
   </div>
   <div class='ocr_carea' id='block_1_73' title="bbox 404 4563 1989 4634">
    <p class='ocr_par' dir='ltr' id='par_1_73' title="bbox 404 4563 1989 4634">
     <span class='ocr_line' id='line_1_73' title="bbox 404 4563 1989 4634; baseline 0.002 -18"><span class='ocrx_word' id='word_1_562' title='bbox 404 4563 787 4634; x_wconf 82' lang='lat' dir='ltr'><strong>principiorum</strong></span> <span class='ocrx_word' id='word_1_563' title='bbox 834 4563 968 4618; x_wconf 81' lang='lat' dir='ltr'><strong>esset</strong></span> <span class='ocrx_word' id='word_1_564' title='bbox 1000 4564 1328 4632; x_wconf 72' lang='lat' dir='ltr'><strong>complexus,</strong></span> <span class='ocrx_word' id='word_1_565' title='bbox 1363 4563 1400 4618; x_wconf 63' lang='grc' dir='ltr'>ε’</span> <span class='ocrx_word' id='word_1_566' title='bbox 1417 4563 1606 4634; x_wconf 87' lang='lat' dir='ltr'><strong>quibus</strong></span> <span class='ocrx_word' id='word_1_567' title='bbox 1652 4563 1832 4622; x_wconf 80' lang='lat' dir='ltr'><strong>omnia</strong></span> <span class='ocrx_word' id='word_1_568' title='bbox 1879 4567 1989 4620; x_wconf 88' lang='lat' dir='ltr'><strong>ori-</strong></span> 
     </span>
    </p>
   </div>
   <div class='ocr_carea' id='block_1_74' title="bbox 407 4635 1990 4716">
    <p class='ocr_par' dir='ltr' id='par_1_74' title="bbox 407 4635 1990 4716">
     <span class='ocr_line' id='line_1_74' title="bbox 407 4635 1990 4716; baseline 0.001 -28"><span class='ocrx_word' id='word_1_569' title='bbox 407 4644 612 4716; x_wconf 70' lang='lat' dir='ltr'><strong>rentur,</strong></span> <span class='ocrx_word' id='word_1_570' title='bbox 657 4637 897 4716; x_wconf 42' lang='lat' dir='ltr'><strong>quinta‘m</strong></span> <span class='ocrx_word' id='word_1_571' title='bbox 941 4635 1227 4716; x_wconf 76' lang='lat' dir='ltr'><strong>quamdam</strong></span> <span class='ocrx_word' id='word_1_572' title='bbox 1270 4643 1731 4716; x_wconf 41' lang='lat' dir='ltr'><strong>naturam-censet</strong></span> <span class='ocrx_word' id='word_1_573' title='bbox 1757 4651 1891 4716; x_wconf 66' lang='lat' dir='ltr'><strong>esse,</strong></span> <span class='ocrx_word' id='word_1_574' title='bbox 1923 4651 1990 4691; x_wconf 80' lang='lat' dir='ltr'><strong>ea:</strong></span> 
     </span>
    </p>
   </div>
   <div class='ocr_carea' id='block_1_75' title="bbox 405 4704 1986 4774">
    <p class='ocr_par' dir='ltr' id='par_1_75' title="bbox 405 4704 1986 4774">
     <span class='ocr_line' id='line_1_75' title="bbox 405 4704 1986 4774; baseline 0.003 -17"><span class='ocrx_word' id='word_1_575' title='bbox 405 4721 511 4774; x_wconf 89' lang='lat' dir='ltr'><strong>qua</strong></span> <span class='ocrx_word' id='word_1_576' title='bbox 539 4705 609 4758; x_wconf 91' lang='lat' dir='ltr'><strong>sit</strong></span> <span class='ocrx_word' id='word_1_577' title='bbox 636 4704 800 4760; x_wconf 86' lang='lat' dir='ltr'><strong>mens.</strong></span> <span class='ocrx_word' id='word_1_578' title='bbox 829 4704 1076 4774; x_wconf 81' lang='lat' dir='ltr'><strong>Cogitare</strong></span> <span class='ocrx_word' id='word_1_579' title='bbox 1103 4705 1266 4768; x_wconf 88' lang='lat' dir='ltr'><strong>enim,</strong></span> <span class='ocrx_word' id='word_1_580' title='bbox 1296 4714 1344 4760; x_wconf 86' lang='lat' dir='ltr'><strong>et</strong></span> <span class='ocrx_word' id='word_1_581' title='bbox 1362 4705 1653 4774; x_wconf 81' lang='lat' dir='ltr'><strong>providere,</strong></span> <span class='ocrx_word' id='word_1_582' title='bbox 1683 4717 1733 4762; x_wconf 89' lang='lat' dir='ltr'><strong>et</strong></span> <span class='ocrx_word' id='word_1_583' title='bbox 1761 4706 1986 4770; x_wconf 58' lang='lat' dir='ltr'><strong>discere,</strong></span> 
     </span>
    </p>
   </div>
   <div class='ocr_carea' id='block_1_76' title="bbox 407 4774 1990 4844">
    <p class='ocr_par' dir='ltr' id='par_1_76' title="bbox 407 4774 1990 4844">
     <span class='ocr_line' id='line_1_76' title="bbox 407 4774 1990 4844; baseline 0.003 -17"><span class='ocrx_word' id='word_1_584' title='bbox 407 4785 457 4827; x_wconf 90' lang='lat' dir='ltr'><strong>et</strong></span> <span class='ocrx_word' id='word_1_585' title='bbox 508 4774 713 4843; x_wconf 86' lang='lat' dir='ltr'><strong>docere,</strong></span> <span class='ocrx_word' id='word_1_586' title='bbox 753 4785 804 4830; x_wconf 85' lang='lat' dir='ltr'><strong>et</strong></span> <span class='ocrx_word' id='word_1_587' title='bbox 851 4775 1079 4830; x_wconf 82' lang='lat' dir='ltr'><strong>invenire</strong></span> <span class='ocrx_word' id='word_1_588' title='bbox 1127 4775 1355 4844; x_wconf 86' lang='lat' dir='ltr'><strong>aliquid,</strong></span> <span class='ocrx_word' id='word_1_589' title='bbox 1411 4776 1572 4831; x_wconf 87' lang='lat' dir='ltr'><strong>etiam</strong></span> <span class='ocrx_word' id='word_1_590' title='bbox 1626 4778 1795 4831; x_wconf 91' lang='lat' dir='ltr'><strong>multa</strong></span> <span class='ocrx_word' id='word_1_591' title='bbox 1852 4778 1990 4844; x_wconf 85' lang='lat' dir='ltr'><strong>alia,</strong></span> 
     </span>
    </p>
   </div>
   <div class='ocr_carea' id='block_1_77' title="bbox 412 4845 1989 4916">
    <p class='ocr_par' dir='ltr' id='par_1_77' title="bbox 412 4845 1989 4916">
     <span class='ocr_line' id='line_1_77' title="bbox 412 4845 1989 4916; baseline 0.004 -20"><span class='ocrx_word' id='word_1_592' title='bbox 412 4845 732 4909; x_wconf 83' lang='lat' dir='ltr'><strong>meminisse,</strong></span> <span class='ocrx_word' id='word_1_593' title='bbox 769 4861 973 4909; x_wconf 88' lang='lat' dir='ltr'><strong>amare,</strong></span> <span class='ocrx_word' id='word_1_594' title='bbox 1017 4846 1161 4916; x_wconf 86' lang='lat' dir='ltr'><strong>angi,</strong></span> <span class='ocrx_word' id='word_1_595' title='bbox 1208 4845 1406 4912; x_wconf 78' lang='lat' dir='ltr'><strong>ltetari;</strong></span> <span class='ocrx_word' id='word_1_596' title='bbox 1446 4849 1557 4901; x_wconf 76' lang='lat' dir='ltr'><strong>[nec</strong></span> <span class='ocrx_word' id='word_1_597' title='bbox 1592 4857 1644 4903; x_wconf 90' lang='lat' dir='ltr'><strong>et</strong></span> <span class='ocrx_word' id='word_1_598' title='bbox 1676 4847 1878 4902; x_wconf 87' lang='lat' dir='ltr'><strong>simitia</strong></span> <span class='ocrx_word' id='word_1_599' title='bbox 1899 4863 1989 4902; x_wconf 88' lang='lat' dir='ltr'><strong>eo-</strong></span> 
     </span>
    </p>
   </div>
   <div class='ocr_carea' id='block_1_78' title="bbox 412 4915 1988 4988">
    <p class='ocr_par' dir='ltr' id='par_1_78' title="bbox 412 4915 1988 4988">
     <span class='ocr_line' id='line_1_78' title="bbox 412 4915 1988 4988; baseline 0.004 -22"><span class='ocrx_word' id='word_1_600' title='bbox 412 4930 529 4988; x_wconf 66' lang='lat' dir='ltr'><strong>rum</strong></span> <span class='ocrx_word' id='word_1_601' title='bbox 567 4916 621 4969; x_wconf 89' lang='lat' dir='ltr'><strong>in</strong></span> <span class='ocrx_word' id='word_1_602' title='bbox 647 4915 836 4970; x_wconf 84' lang='lat' dir='ltr'><strong>horum</strong></span> <span class='ocrx_word' id='word_1_603' title='bbox 863 4915 1103 4988; x_wconf 71' lang='lat' dir='ltr'><strong>quatuor</strong></span> <span class='ocrx_word' id='word_1_604' title='bbox 1130 4932 1377 4986; x_wconf 87' lang='lat' dir='ltr'><strong>generum</strong></span> <span class='ocrx_word' id='word_1_605' title='bbox 1425 4917 1572 4972; x_wconf 87' lang='lat' dir='ltr'><strong>nullo</strong></span> <span class='ocrx_word' id='word_1_606' title='bbox 1619 4919 1786 4973; x_wconf 85' lang='lat' dir='ltr'><strong>inesse</strong></span> <span class='ocrx_word' id='word_1_607' title='bbox 1813 4927 1988 4988; x_wconf 83' lang='lat' dir='ltr'><strong>putat.</strong></span> 
     </span>
    </p>
   </div>
   <div class='ocr_carea' id='block_1_79' title="bbox 414 4984 1988 5057">
    <p class='ocr_par' dir='ltr' id='par_1_79' title="bbox 414 4984 1988 5057">
     <span class='ocr_line' id='line_1_79' title="bbox 414 4984 1988 5057; baseline 0.003 -20"><span class='ocrx_word' id='word_1_608' title='bbox 414 4984 672 5051; x_wconf 84' lang='lat' dir='ltr'><strong>Quintum</strong></span> <span class='ocrx_word' id='word_1_609' title='bbox 697 4984 1098 5057; x_wconf 25' lang='lat' dir='ltr'><strong>genusgadhibet</strong></span> <span class='ocrx_word' id='word_1_610' title='bbox 1127 4984 1322 5042; x_wconf 69' lang='lat' dir='ltr'><strong>uacans</strong></span> <span class='ocrx_word' id='word_1_611' title='bbox 1352 4988 1582 5052; x_wconf 85' lang='lat' dir='ltr'><strong>nomine,</strong></span> <span class='ocrx_word' id='word_1_612' title='bbox 1627 4997 1678 5042; x_wconf 89' lang='lat' dir='ltr'><strong>et</strong></span> <span class='ocrx_word' id='word_1_613' title='bbox 1708 4989 1785 5044; x_wconf 88' lang='lat' dir='ltr'><strong>sic</strong></span> <span class='ocrx_word' id='word_1_614' title='bbox 1813 4984 1988 5057; x_wconf 81' lang='lat' dir='ltr'><strong>ipsum</strong></span> 
     </span>
    </p>
   </div>
   <div class='ocr_carea' id='block_1_80' title="bbox 414 5004 1992 5127">
    <p class='ocr_par' dir='ltr' id='par_1_80' title="bbox 414 5004 1992 5127">
     <span class='ocr_line' id='line_1_80' title="bbox 414 5004 1988 5057; baseline 0.003 -20"><span class='ocrx_word' id='word_1_615' title='bbox 414 5004 672 5051; x_wconf 74' lang='grc' dir='ltr'>υυιηιιιηι</span> <span class='ocrx_word' id='word_1_616' title='bbox 729 5004 859 5041; x_wconf 86' lang='lat' dir='ltr'><strong>euus</strong></span> <span class='ocrx_word' id='word_1_617' title='bbox 887 5004 1098 5040; x_wconf 83' lang='lat' dir='ltr'><strong>aamuet</strong></span> <span class='ocrx_word' id='word_1_618' title='bbox 1127 5004 1322 5042; x_wconf 81' lang='lat' dir='ltr'><strong>vacans</strong></span> <span class='ocrx_word' id='word_1_619' title='bbox 1352 5004 1582 5052; x_wconf 78' lang='lat' dir='ltr'><strong>nomine,</strong></span> <span class='ocrx_word' id='word_1_620' title='bbox 1627 5004 1678 5042; x_wconf 83' lang='lat' dir='ltr'><strong>et</strong></span> <span class='ocrx_word' id='word_1_621' title='bbox 1708 5005 1785 5044; x_wconf 75' lang='lat' dir='ltr'><strong>sic</strong></span> <span class='ocrx_word' id='word_1_622' title='bbox 1817 5004 1988 5057; x_wconf 73' lang='lat' dir='ltr'><strong>ipsum</strong></span> 
     </span>
     <span class='ocr_line' id='line_1_81' title="bbox 414 5004 1992 5127; baseline 0.001 -19"><span class='ocrx_word' id='word_1_623' title='bbox 414 5057 651 5108; x_wconf 87' lang='lat' dir='ltr'><strong>animum</strong></span> <span class='ocrx_word' id='word_1_624' title='bbox 697 5004 1042 5127; x_wconf 56' lang='lat' dir='ltr'><strong>gvreléxstav</strong></span> <span class='ocrx_word' id='word_1_625' title='bbox 1072 5074 1200 5112; x_wconf 87' lang='lat' dir='ltr'><strong>novo</strong></span> <span class='ocrx_word' id='word_1_626' title='bbox 1257 5059 1488 5126; x_wconf 84' lang='lat' dir='ltr'><strong>appellat</strong></span> <span class='ocrx_word' id='word_1_627' title='bbox 1539 5059 1768 5123; x_wconf 82' lang='lat' dir='ltr'><strong>nomine,</strong></span> <span class='ocrx_word' id='word_1_628' title='bbox 1833 5059 1992 5124; x_wconf 86' lang='lat' dir='ltr'><strong>quasi</strong></span> 
     </span>
    </p>
   </div>
   <div class='ocr_carea' id='block_1_81' title="bbox 2088 3865 3682 3936">
    <p class='ocr_par' dir='ltr' id='par_1_81' title="bbox 2088 3865 3682 3936">
     <span class='ocr_line' id='line_1_82' title="bbox 2088 3865 3682 3936; baseline 0.004 -19"><span class='ocrx_word' id='word_1_629' title='bbox 2088 3873 2334 3936; x_wconf 85' lang='lat' dir='ltr'><strong>mentem,</strong></span> <span class='ocrx_word' id='word_1_630' title='bbox 2363 3872 2424 3919; x_wconf 92' lang='lat' dir='ltr'><strong>ut</strong></span> <span class='ocrx_word' id='word_1_631' title='bbox 2447 3865 2614 3921; x_wconf 90' lang='lat' dir='ltr'><strong>homo</strong></span> <span class='ocrx_word' id='word_1_632' title='bbox 2659 3880 2914 3936; x_wconf 91' lang='lat' dir='ltr'><strong>corpore,</strong></span> <span class='ocrx_word' id='word_1_633' title='bbox 2949 3867 3130 3920; x_wconf 89' lang='lat' dir='ltr'><strong>anima</strong></span> <span class='ocrx_word' id='word_1_634' title='bbox 3179 3868 3198 3935; x_wconf 90' lang='lat'>(</span> <span class='ocrx_word' id='word_1_635' title='bbox 3217 3869 3488 3923; x_wconf 82' lang='lat' dir='ltr'><strong>sentiente</strong></span> <span class='ocrx_word' id='word_1_636' title='bbox 3521 3869 3682 3923; x_wconf 87' lang='lat' dir='ltr'><strong>scili-</strong></span> 
     </span>
    </p>
   </div>
   <div class='ocr_carea' id='block_1_82' title="bbox 2086 3935 3680 4004">
    <p class='ocr_par' dir='ltr' id='par_1_82' title="bbox 2086 3935 3680 4004">
     <span class='ocr_line' id='line_1_83' title="bbox 2086 3935 3680 4004; baseline 0.004 -17"><span class='ocrx_word' id='word_1_637' title='bbox 2086 3935 2217 4004; x_wconf 91' lang='lat' dir='ltr'><strong>cet)</strong></span> <span class='ocrx_word' id='word_1_638' title='bbox 2272 3945 2328 3990; x_wconf 89' lang='lat' dir='ltr'><strong>et</strong></span> <span class='ocrx_word' id='word_1_639' title='bbox 2377 3943 2582 4001; x_wconf 86' lang='lat' dir='ltr'><strong>mente,</strong></span> <span class='ocrx_word' id='word_1_640' title='bbox 2627 3951 2728 3991; x_wconf 89' lang='lat' dir='ltr'><strong>ceu</strong></span> <span class='ocrx_word' id='word_1_641' title='bbox 2763 3935 2949 3992; x_wconf 83' lang='lat' dir='ltr'><strong>tribus</strong></span> <span class='ocrx_word' id='word_1_642' title='bbox 2995 3936 3322 3994; x_wconf 88' lang='lat' dir='ltr'><strong>substantiis</strong></span> <span class='ocrx_word' id='word_1_643' title='bbox 3369 3948 3680 3994; x_wconf 85' lang='lat' dir='ltr'><strong>constaret.</strong></span> 
     </span>
    </p>
   </div>
   <div class='ocr_carea' id='block_1_83' title="bbox 2089 4003 3680 4074">
    <p class='ocr_par' dir='ltr' id='par_1_83' title="bbox 2089 4003 3680 4074">
     <span class='ocr_line' id='line_1_84' title="bbox 2089 4003 3680 4074; baseline 0.003 -17"><span class='ocrx_word' id='word_1_644' title='bbox 2089 4003 2206 4059; x_wconf 80' lang='lat' dir='ltr'><strong>Hos</strong></span> <span class='ocrx_word' id='word_1_645' title='bbox 2260 4013 2472 4060; x_wconf 86' lang='lat' dir='ltr'><strong>secutus</strong></span> <span class='ocrx_word' id='word_1_646' title='bbox 2501 4016 2578 4060; x_wconf 84' lang='lat' dir='ltr'><strong>est</strong></span> <span class='ocrx_word' id='word_1_647' title='bbox 2630 4007 2997 4074; x_wconf 85' lang='lat' dir='ltr'><strong>Apollinarius</strong></span> <span class='ocrx_word' id='word_1_648' title='bbox 3054 4005 3412 4073; x_wconf 80' lang='lat' dir='ltr'><strong>Laodicenus,</strong></span> <span class='ocrx_word' id='word_1_649' title='bbox 3469 4009 3680 4074; x_wconf 89' lang='lat' dir='ltr'><strong>inquit,</strong></span> 
     </span>
    </p>
   </div>
   <div class='ocr_carea' id='block_1_84' title="bbox 2086 4075 3681 4148">
    <p class='ocr_par' dir='ltr' id='par_1_84' title="bbox 2086 4075 3681 4148">
     <span class='ocr_line' id='line_1_85' title="bbox 2086 4075 3681 4148; baseline 0.003 -21"><span class='ocrx_word' id='word_1_650' title='bbox 2086 4077 2181 4148; x_wconf 72' lang='grc' dir='ltr'><strong>καὶ</strong></span> <span class='ocrx_word' id='word_1_651' title='bbox 2213 4075 2374 4130; x_wconf 77' lang='grc' dir='ltr'>τοῦτο</span> <span class='ocrx_word' id='word_1_652' title='bbox 2396 4075 2725 4148; x_wconf 75' lang='grc' dir='ltr'>πηξάμενος</span> <span class='ocrx_word' id='word_1_653' title='bbox 2749 4076 2810 4148; x_wconf 81' lang='grc' dir='ltr'>τὸ</span> <span class='ocrx_word' id='word_1_654' title='bbox 2839 4076 3090 4148; x_wconf 78' lang='grc' dir='ltr'>θεμέλιον</span> <span class='ocrx_word' id='word_1_655' title='bbox 3113 4077 3214 4147; x_wconf 83' lang='grc' dir='ltr'>τῆς</span> <span class='ocrx_word' id='word_1_656' title='bbox 3237 4078 3447 4141; x_wconf 78' lang='grc' dir='ltr'>οἰκείας</span> <span class='ocrx_word' id='word_1_657' title='bbox 3491 4075 3681 4148; x_wconf 77' lang='grc' dir='ltr'>δόξης,</span> 
     </span>
    </p>
   </div>
   <div class='ocr_carea' id='block_1_85' title="bbox 2087 4144 3684 4219">
    <p class='ocr_par' dir='ltr' id='par_1_85' title="bbox 2087 4144 3684 4219">
     <span class='ocr_line' id='line_1_86' title="bbox 2087 4144 3684 4219; baseline 0.003 -21"><span class='ocrx_word' id='word_1_658' title='bbox 2087 4144 2286 4219; x_wconf 81' lang='lat' dir='ltr'><strong>hocque</strong></span> <span class='ocrx_word' id='word_1_659' title='bbox 2321 4144 2585 4214; x_wconf 74' lang='lat' dir='ltr'><strong>opinibnis</strong></span> <span class='ocrx_word' id='word_1_660' title='bbox 2612 4162 2724 4219; x_wconf 77' lang='lat' dir='ltr'><strong>sua:</strong></span> <span class='ocrx_word' id='word_1_661' title='bbox 2755 4144 2917 4216; x_wconf 54' lang='lat' dir='ltr'><strong>jacto&#39;</strong></span> <span class='ocrx_word' id='word_1_662' title='bbox 2947 4144 3312 4219; x_wconf 75' lang='lat' dir='ltr'><strong>fundamento,</strong></span> <span class='ocrx_word' id='word_1_663' title='bbox 3350 4149 3556 4219; x_wconf 83' lang='lat' dir='ltr'><strong>reliqua</strong></span> <span class='ocrx_word' id='word_1_664' title='bbox 3578 4144 3684 4204; x_wconf 79' lang='lat' dir='ltr'><strong>do-</strong></span> 
     </span>
    </p>
   </div>
   <div class='ocr_carea' id='block_1_86' title="bbox 2126 4217 3678 4282">
    <p class='ocr_par' dir='ltr' id='par_1_86' title="bbox 2126 4217 3678 4282">
     <span class='ocr_line' id='line_1_87' title="bbox 2126 4217 3678 4282; baseline 0.003 -13"><span class='ocrx_word' id='word_1_665' title='bbox 2126 4217 2257 4270; x_wconf 86' lang='lat' dir='ltr'><strong>mati</strong></span> <span class='ocrx_word' id='word_1_666' title='bbox 2307 4232 2401 4269; x_wconf 85' lang='lat' dir='ltr'><strong>suo</strong></span> <span class='ocrx_word' id='word_1_667' title='bbox 2432 4217 2795 4270; x_wconf 81' lang='lat' dir='ltr'><strong>convenientia</strong></span> <span class='ocrx_word' id='word_1_668' title='bbox 2842 4217 3114 4282; x_wconf 75' lang='lat' dir='ltr'><strong>astruxit,</strong></span> <span class='ocrx_word' id='word_1_669' title='bbox 3182 4218 3235 4273; x_wconf 91' lang='lat' dir='ltr'><strong>id</strong></span> <span class='ocrx_word' id='word_1_670' title='bbox 3280 4226 3384 4282; x_wconf 91' lang='lat' dir='ltr'><strong>est,</strong></span> <span class='ocrx_word' id='word_1_671' title='bbox 3424 4217 3678 4281; x_wconf 80' lang='lat' dir='ltr'><strong>mentem</strong></span> 
     </span>
    </p>
   </div>
   <div class='ocr_carea' id='block_1_87' title="bbox 2129 4286 3682 4358">
    <p class='ocr_par' dir='ltr' id='par_1_87' title="bbox 2129 4286 3682 4358">
     <span class='ocr_line' id='line_1_88' title="bbox 2129 4286 3682 4358; baseline 0.002 -17"><span class='ocrx_word' id='word_1_672' title='bbox 2129 4300 2383 4358; x_wconf 77' lang='lat' dir='ltr'><strong>umanam</strong></span> <span class='ocrx_word' id='word_1_673' title='bbox 2407 4287 2876 4358; x_wconf 85' lang='lat' dir='ltr'><strong>Christoademit,</strong></span> <span class='ocrx_word' id='word_1_674' title='bbox 2911 4288 3072 4358; x_wconf 85' lang='lat' dir='ltr'><strong>cujus</strong></span> <span class='ocrx_word' id='word_1_675' title='bbox 3102 4289 3250 4358; x_wconf 88' lang='lat' dir='ltr'><strong>vices</strong></span> <span class='ocrx_word' id='word_1_676' title='bbox 3267 4286 3510 4344; x_wconf 73' lang='lat' dir='ltr'><strong>Verbum</strong></span> <span class='ocrx_word' id='word_1_677' title='bbox 3540 4289 3682 4345; x_wconf 89' lang='lat' dir='ltr'><strong>sub-</strong></span> 
     </span>
    </p>
   </div>
   <div class='ocr_carea' id='block_1_88' title="bbox 2089 4355 3680 4421">
    <p class='ocr_par' dir='ltr' id='par_1_88' title="bbox 2089 4355 3680 4421">
     <span class='ocr_line' id='line_1_89' title="bbox 2089 4355 3680 4421; baseline 0.003 -10"><span class='ocrx_word' id='word_1_678' title='bbox 2089 4357 2216 4411; x_wconf 89' lang='lat' dir='ltr'><strong>iret.</strong></span> <span class='ocrx_word' id='word_1_679' title='bbox 2259 4355 2448 4412; x_wconf 85' lang='lat' dir='ltr'><strong>Patres</strong></span> <span class='ocrx_word' id='word_1_680' title='bbox 2496 4371 2630 4413; x_wconf 87' lang='lat' dir='ltr'><strong>vero</strong></span> <span class='ocrx_word' id='word_1_681' title='bbox 2672 4357 2776 4411; x_wconf 87' lang='lat' dir='ltr'><strong>hoc</strong></span> <span class='ocrx_word' id='word_1_682' title='bbox 2817 4355 3116 4421; x_wconf 73' lang='lat' dir='ltr'><strong>inculcant,</strong></span> <span class='ocrx_word' id='word_1_683' title='bbox 3161 4357 3278 4413; x_wconf 82' lang='lat' dir='ltr'><strong>ﬁeri</strong></span> <span class='ocrx_word' id='word_1_684' title='bbox 3342 4375 3453 4413; x_wconf 93' lang='lat' dir='ltr'><strong>non</strong></span> <span class='ocrx_word' id='word_1_685' title='bbox 3504 4373 3680 4421; x_wconf 83' lang='lat' dir='ltr'><strong>posse</strong></span> 
     </span>
    </p>
   </div>
   <div class='ocr_carea' id='block_1_89' title="bbox 2091 4426 3688 4500">
    <p class='ocr_par' dir='ltr' id='par_1_89' title="bbox 2091 4426 3688 4500">
     <span class='ocr_line' id='line_1_90' title="bbox 2091 4426 3688 4500; baseline 0.003 -21"><span class='ocrx_word' id='word_1_686' title='bbox 2091 4436 2150 4480; x_wconf 93' lang='lat' dir='ltr'><strong>ut</strong></span> <span class='ocrx_word' id='word_1_687' title='bbox 2184 4426 2355 4500; x_wconf 78' lang='lat' dir='ltr'><strong>homo</strong></span> <span class='ocrx_word' id='word_1_688' title='bbox 2404 4436 2839 4500; x_wconf 32' lang='lat' dir='ltr'><strong>mentehcareat,</strong></span> <span class='ocrx_word' id='word_1_689' title='bbox 2893 4429 3095 4500; x_wconf 82' lang='lat' dir='ltr'><strong>quippe</strong></span> <span class='ocrx_word' id='word_1_690' title='bbox 3129 4443 3236 4499; x_wconf 91' lang='lat' dir='ltr'><strong>qua</strong></span> <span class='ocrx_word' id='word_1_691' title='bbox 3286 4429 3465 4484; x_wconf 90' lang='lat' dir='ltr'><strong>solum</strong></span> <span class='ocrx_word' id='word_1_692' title='bbox 3506 4426 3688 4486; x_wconf 83' lang='lat' dir='ltr'><strong>habet</strong></span> 
     </span>
    </p>
   </div>
   <div class='ocr_carea' id='block_1_90' title="bbox 2093 4495 3680 4567">
    <p class='ocr_par' dir='ltr' id='par_1_90' title="bbox 2093 4495 3680 4567">
     <span class='ocr_line' id='line_1_91' title="bbox 2093 4495 3680 4567; baseline 0.004 -18"><span class='ocrx_word' id='word_1_693' title='bbox 2093 4505 2152 4550; x_wconf 89' lang='lat' dir='ltr'><strong>ut</strong></span> <span class='ocrx_word' id='word_1_694' title='bbox 2183 4495 2348 4567; x_wconf 81' lang='lat' dir='ltr'><strong>homo</strong></span> <span class='ocrx_word' id='word_1_695' title='bbox 2387 4497 2482 4552; x_wconf 92' lang='lat' dir='ltr'><strong>sit.</strong></span> <span class='ocrx_word' id='word_1_696' title='bbox 2540 4495 2755 4567; x_wconf 78' lang='lat' dir='ltr'><strong>Alioqui</strong></span> <span class='ocrx_word' id='word_1_697' title='bbox 2804 4495 3007 4567; x_wconf 70' lang='lat' dir='ltr'><strong>species</strong></span> <span class='ocrx_word' id='word_1_698' title='bbox 3030 4495 3324 4553; x_wconf 64' lang='lat' dir='ltr'><strong>&#39;duntaaat</strong></span> <span class='ocrx_word' id='word_1_699' title='bbox 3362 4500 3598 4554; x_wconf 81' lang='lat' dir='ltr'><strong>humana</strong></span> <span class='ocrx_word' id='word_1_700' title='bbox 3625 4511 3680 4555; x_wconf 85' lang='lat' dir='ltr'><strong>et</strong></span> 
     </span>
    </p>
   </div>
   <div class='ocr_carea' id='block_1_91' title="bbox 2092 4565 3680 4638">
    <p class='ocr_par' dir='ltr' id='par_1_91' title="bbox 2092 4565 3680 4638">
     <span class='ocr_line' id='line_1_92' title="bbox 2092 4565 3680 4638; baseline 0.002 -18"><span class='ocrx_word' id='word_1_701' title='bbox 2092 4567 2245 4638; x_wconf 72' lang='lat' dir='ltr'><strong>larva</strong></span> <span class='ocrx_word' id='word_1_702' title='bbox 2272 4565 2391 4630; x_wconf 87' lang='lat' dir='ltr'><strong>erit,</strong></span> <span class='ocrx_word' id='word_1_703' title='bbox 2441 4567 2624 4636; x_wconf 86' lang='lat' dir='ltr'><strong>inquit</strong></span> <span class='ocrx_word' id='word_1_704' title='bbox 2662 4565 2995 4638; x_wconf 56' lang='lat' dir='ltr'><strong>Theol&#39;ogus,</strong></span> <span class='ocrx_word' id='word_1_705' title='bbox 3047 4569 3264 4638; x_wconf 75' lang='lat' dir='ltr'><strong>epist.i</strong></span> <span class='ocrx_word' id='word_1_706' title='bbox 3321 4567 3390 4624; x_wconf 89' lang='lat' dir='ltr'><strong>ad</strong></span> <span class='ocrx_word' id='word_1_707' title='bbox 3420 4569 3680 4636; x_wconf 79' lang='lat' dir='ltr'><strong>Cledon.,</strong></span> 
     </span>
    </p>
   </div>
   <div class='ocr_carea' id='block_1_92' title="bbox 2092 4636 3678 4708">
    <p class='ocr_par' dir='ltr' id='par_1_92' title="bbox 2092 4636 3678 4708">
     <span class='ocr_line' id='line_1_93' title="bbox 2092 4636 3678 4708; baseline 0.002 -17"><span class='ocrx_word' id='word_1_708' title='bbox 2092 4637 2274 4691; x_wconf 87' lang='lat' dir='ltr'><strong>anima</strong></span> <span class='ocrx_word' id='word_1_709' title='bbox 2300 4644 2477 4708; x_wconf 79' lang='lat' dir='ltr'><strong>autem</strong></span> <span class='ocrx_word' id='word_1_710' title='bbox 2508 4639 2647 4706; x_wconf 85' lang='lat' dir='ltr'><strong>equi,</strong></span> <span class='ocrx_word' id='word_1_711' title='bbox 2693 4647 2786 4692; x_wconf 90' lang='lat' dir='ltr'><strong>aut</strong></span> <span class='ocrx_word' id='word_1_712' title='bbox 2827 4636 2993 4703; x_wconf 79' lang='lat' dir='ltr'><strong>bovis,</strong></span> <span class='ocrx_word' id='word_1_713' title='bbox 3025 4636 3118 4692; x_wconf 80' lang='lat' dir='ltr'><strong>aut</strong></span> <span class='ocrx_word' id='word_1_714' title='bbox 3170 4639 3402 4708; x_wconf 73' lang='lat' dir='ltr'><strong>cujusvis</strong></span> <span class='ocrx_word' id='word_1_715' title='bbox 3427 4639 3678 4705; x_wconf 79' lang='lat' dir='ltr'><strong>alterius,</strong></span> 
     </span>
    </p>
   </div>
   <div class='ocr_carea' id='block_1_93' title="bbox 2089 4706 3680 4778">
    <p class='ocr_par' dir='ltr' id='par_1_93' title="bbox 2089 4706 3680 4778">
     <span class='ocr_line' id='line_1_94' title="bbox 2089 4706 3680 4778; baseline 0.001 -16"><span class='ocrx_word' id='word_1_716' title='bbox 2089 4708 2228 4778; x_wconf 90' lang='lat' dir='ltr'><strong>quod</strong></span> <span class='ocrx_word' id='word_1_717' title='bbox 2253 4706 2605 4778; x_wconf 85' lang='lat' dir='ltr'><strong>intelligentia</strong></span> <span class='ocrx_word' id='word_1_718' title='bbox 2631 4716 2834 4778; x_wconf 71' lang='lat' dir='ltr'><strong>careat.</strong></span> <span class='ocrx_word' id='word_1_719' title='bbox 2875 4708 2958 4762; x_wconf 81' lang='lat' dir='ltr'><strong>Ad</strong></span> <span class='ocrx_word' id='word_1_720' title='bbox 2990 4710 3106 4764; x_wconf 63' lang='lat' dir='ltr'><strong>haec</strong></span> <span class='ocrx_word' id='word_1_721' title='bbox 3127 4706 3267 4778; x_wconf 76' lang='lat' dir='ltr'><strong>quia</strong></span> <span class='ocrx_word' id='word_1_722' title='bbox 3301 4709 3535 4765; x_wconf 82' lang='lat' dir='ltr'><strong>Pholius</strong></span> <span class='ocrx_word' id='word_1_723' title='bbox 3563 4710 3680 4763; x_wconf 76' lang='lat' dir='ltr'><strong>Ma-</strong></span> 
     </span>
    </p>
   </div>
   <div class='ocr_carea' id='block_1_94' title="bbox 2093 4775 3678 4835">
    <p class='ocr_par' dir='ltr' id='par_1_94' title="bbox 2093 4775 3678 4835">
     <span class='ocr_line' id='line_1_95' title="bbox 2093 4775 3678 4835; baseline 0.001 -3"><span class='ocrx_word' id='word_1_724' title='bbox 2093 4775 2349 4833; x_wconf 82' lang='lat' dir='ltr'><strong>nichaico</strong></span> <span class='ocrx_word' id='word_1_725' title='bbox 2403 4775 2620 4832; x_wconf 81' lang='lat' dir='ltr'><strong>necnon</strong></span> <span class='ocrx_word' id='word_1_726' title='bbox 2684 4775 3073 4834; x_wconf 78' lang='lat' dir='ltr'><strong>Massalianico</strong></span> <span class='ocrx_word' id='word_1_727' title='bbox 3132 4775 3324 4835; x_wconf 84' lang='lat' dir='ltr'><strong>errore</strong></span> <span class='ocrx_word' id='word_1_728' title='bbox 3395 4778 3678 4835; x_wconf 79' lang='lat' dir='ltr'><strong>eﬂutierat</strong></span> 
     </span>
    </p>
   </div>
   <div class='ocr_carea' id='block_1_95' title="bbox 2091 4846 3675 4921">
    <p class='ocr_par' dir='ltr' id='par_1_95' title="bbox 2091 4846 3675 4921">
     <span class='ocr_line' id='line_1_96' title="bbox 2091 4846 3675 4921; baseline 0.001 -19"><span class='ocrx_word' id='word_1_729' title='bbox 2091 4847 2242 4921; x_wconf 78' lang='lat' dir='ltr'><strong>duas</strong></span> <span class='ocrx_word' id='word_1_730' title='bbox 2265 4847 2322 4901; x_wconf 96' lang='lat' dir='ltr'><strong>in</strong></span> <span class='ocrx_word' id='word_1_731' title='bbox 2354 4846 2575 4921; x_wconf 81' lang='lat' dir='ltr'><strong>homine</strong></span> <span class='ocrx_word' id='word_1_732' title='bbox 2619 4848 2834 4921; x_wconf 82' lang='lat' dir='ltr'><strong>animas</strong></span> <span class='ocrx_word' id='word_1_733' title='bbox 2874 4863 3020 4921; x_wconf 85' lang='lat' dir='ltr'><strong>esse,</strong></span> <span class='ocrx_word' id='word_1_734' title='bbox 3068 4856 3265 4921; x_wconf 83' lang='lat' dir='ltr'><strong>octava</strong></span> <span class='ocrx_word' id='word_1_735' title='bbox 3300 4851 3547 4921; x_wconf 85' lang='lat' dir='ltr'><strong>synodus</strong></span> <span class='ocrx_word' id='word_1_736' title='bbox 3572 4850 3675 4904; x_wconf 86' lang='lat' dir='ltr'><strong>de-</strong></span> 
     </span>
    </p>
   </div>
   <div class='ocr_carea' id='block_1_96' title="bbox 2096 4917 3676 4990">
    <p class='ocr_par' dir='ltr' id='par_1_96' title="bbox 2096 4917 3676 4990">
     <span class='ocr_line' id='line_1_97' title="bbox 2096 4917 3676 4990; baseline 0.002 -18"><span class='ocrx_word' id='word_1_737' title='bbox 2096 4919 2274 4972; x_wconf 86' lang='lat' dir='ltr'><strong>tlnivit</strong></span> <span class='ocrx_word' id='word_1_738' title='bbox 2307 4917 2528 4990; x_wconf 79' lang='lat' dir='ltr'><strong>unicam</strong></span> <span class='ocrx_word' id='word_1_739' title='bbox 2573 4931 2715 4990; x_wconf 82' lang='lat' dir='ltr'><strong>esse</strong></span> <span class='ocrx_word' id='word_1_740' title='bbox 2740 4918 2979 4990; x_wconf 82' lang='lat' dir='ltr'><strong>hominis</strong></span> <span class='ocrx_word' id='word_1_741' title='bbox 3007 4918 3272 4990; x_wconf 72' lang='lat' dir='ltr'><strong>animam,</strong></span> <span class='ocrx_word' id='word_1_742' title='bbox 3312 4917 3420 4990; x_wconf 77' lang='lat' dir='ltr'><strong>qua</strong></span> <span class='ocrx_word' id='word_1_743' title='bbox 3480 4934 3676 4990; x_wconf 86' lang='lat' dir='ltr'><strong>nempe</strong></span> 
     </span>
    </p>
   </div>
   <div class='ocr_carea' id='block_1_97' title="bbox 2094 4987 3670 5060">
    <p class='ocr_par' dir='ltr' id='par_1_97' title="bbox 2094 4987 3670 5060">
     <span class='ocr_line' id='line_1_98' title="bbox 2094 4987 3670 5060; baseline 0.002 -20"><span class='ocrx_word' id='word_1_744' title='bbox 2094 4990 2294 5060; x_wconf 77' lang='lat' dir='ltr'><strong>vigeat,</strong></span> <span class='ocrx_word' id='word_1_745' title='bbox 2327 4988 2534 5060; x_wconf 83' lang='lat' dir='ltr'><strong>sentiat</strong></span> <span class='ocrx_word' id='word_1_746' title='bbox 2593 4996 2647 5042; x_wconf 92' lang='lat' dir='ltr'><strong>et</strong></span> <span class='ocrx_word' id='word_1_747' title='bbox 2704 4988 2996 5060; x_wconf 82' lang='lat' dir='ltr'><strong>intelligat.</strong></span> <span class='ocrx_word' id='word_1_748' title='bbox 3028 4987 3424 5060; x_wconf 52' lang='lat' dir='ltr'><strong>Nyssenus&#39;De</strong></span> <span class='ocrx_word' id='word_1_749' title='bbox 3455 4987 3670 5059; x_wconf 72' lang='lat' dir='ltr'><strong>opiﬁcio</strong></span> 
     </span>
    </p>
   </div>
   <div class='ocr_carea' id='block_1_98' title="bbox 2093 5058 3676 5115">
    <p class='ocr_par' dir='ltr' id='par_1_98' title="bbox 2093 5058 3676 5115">
     <span class='ocr_line' id='line_1_99' title="bbox 2093 5058 3676 5115; baseline 0.001 -4"><span class='ocrx_word' id='word_1_750' title='bbox 2093 5058 2235 5112; x_wconf 79' lang='lat' dir='ltr'><strong>hom.</strong></span> <span class='ocrx_word' id='word_1_751' title='bbox 2270 5058 2371 5113; x_wconf 89' lang='lat' dir='ltr'><strong>soli</strong></span> <span class='ocrx_word' id='word_1_752' title='bbox 2402 5058 2656 5111; x_wconf 59' lang='lat' dir='ltr'><strong>humanae</strong></span> <span class='ocrx_word' id='word_1_753' title='bbox 2686 5059 2855 5113; x_wconf 90' lang='lat' dir='ltr'><strong>menti</strong></span> <span class='ocrx_word' id='word_1_754' title='bbox 2887 5058 3141 5115; x_wconf 84' lang='lat' dir='ltr'><strong>concedit</strong></span> <span class='ocrx_word' id='word_1_755' title='bbox 3189 5070 3249 5114; x_wconf 92' lang='lat' dir='ltr'><strong>ut</strong></span> <span class='ocrx_word' id='word_1_756' title='bbox 3280 5061 3462 5114; x_wconf 89' lang='lat' dir='ltr'><strong>anima</strong></span> <span class='ocrx_word' id='word_1_757' title='bbox 3517 5058 3595 5113; x_wconf 87' lang='lat' dir='ltr'><strong>sit</strong></span> <span class='ocrx_word' id='word_1_758' title='bbox 3623 5069 3676 5114; x_wconf 91' lang='lat' dir='ltr'><strong>et</strong></span> 
     </span>
    </p>
   </div>
   <div class='ocr_carea' id='block_1_99' title="bbox 415 5127 3670 5200">
    <p class='ocr_par' dir='ltr' id='par_1_99' title="bbox 415 5127 3670 5200">
     <span class='ocr_line' id='line_1_100' title="bbox 415 5127 3670 5200; baseline 0.002 -24"><span class='ocrx_word' id='word_1_759' title='bbox 415 5127 780 5200; x_wconf 81' lang='lat' dir='ltr'><strong>continuatam</strong></span> <span class='ocrx_word' id='word_1_760' title='bbox 805 5127 1093 5200; x_wconf 74' lang='lat' dir='ltr'><strong>quamdam</strong></span> <span class='ocrx_word' id='word_1_761' title='bbox 1123 5129 1404 5200; x_wconf 85' lang='lat' dir='ltr'><strong>motionem</strong></span> <span class='ocrx_word' id='word_1_762' title='bbox 1435 5137 1794 5197; x_wconf 86' lang='lat' dir='ltr'><strong>etpercnnem.</strong></span> <span class='ocrx_word' id='word_1_763' title='bbox 1831 5127 1988 5194; x_wconf 86' lang='lat' dir='ltr'><strong>Quod</strong></span> <span class='ocrx_word' id='word_1_764' title='bbox 2021 5145 2064 5199; x_wconf 85' lang='grc' dir='ltr'>ι)</span> <span class='ocrx_word' id='word_1_765' title='bbox 2095 5130 2434 5196; x_wconf 89' lang='lat' dir='ltr'><strong>nominetur,</strong></span> <span class='ocrx_word' id='word_1_766' title='bbox 2485 5135 2720 5200; x_wconf 70' lang='lat' dir='ltr'><strong>caeteras</strong></span> <span class='ocrx_word' id='word_1_767' title='bbox 2774 5143 2884 5183; x_wconf 90' lang='lat' dir='ltr'><strong>non</strong></span> <span class='ocrx_word' id='word_1_768' title='bbox 2959 5129 3180 5200; x_wconf 90' lang='lat' dir='ltr'><strong>proprie</strong></span> <span class='ocrx_word' id='word_1_769' title='bbox 3241 5131 3347 5186; x_wconf 88' lang='lat' dir='ltr'><strong>dici</strong></span> <span class='ocrx_word' id='word_1_770' title='bbox 3411 5128 3670 5200; x_wconf 82' lang='lat' dir='ltr'><strong>animas:</strong></span> 
     </span>
    </p>
   </div>
   <div class='ocr_carea' id='block_1_100' title="bbox 416 5196 1986 5269">
    <p class='ocr_par' dir='ltr' id='par_1_100' title="bbox 416 5196 1986 5269">
     <span class='ocr_line' id='line_1_101' title="bbox 416 5196 1986 5269; baseline 0.003 -21"><span class='ocrx_word' id='word_1_771' title='bbox 416 5196 460 5269; x_wconf 61' lang='lat' dir='ltr'><strong>si</strong></span> <span class='ocrx_word' id='word_1_772' title='bbox 504 5211 692 5252; x_wconf 86' lang='lat' dir='ltr'><strong>verum</strong></span> <span class='ocrx_word' id='word_1_773' title='bbox 745 5196 833 5269; x_wconf 65' lang='lat' dir='ltr'><strong>est1</strong></span> <span class='ocrx_word' id='word_1_774' title='bbox 887 5197 992 5252; x_wconf 94' lang='lat' dir='ltr'><strong>hoc</strong></span> <span class='ocrx_word' id='word_1_775' title='bbox 1039 5196 1287 5269; x_wconf 84' lang='lat' dir='ltr'><strong>Platonis</strong></span> <span class='ocrx_word' id='word_1_776' title='bbox 1341 5196 1774 5269; x_wconf 82' lang='lat' dir='ltr'><strong>pronuntiatum,</strong></span> <span class='ocrx_word' id='word_1_777' title='bbox 1840 5199 1986 5269; x_wconf 93' lang='lat' dir='ltr'><strong>quod</strong></span> 
     </span>
    </p>
   </div>
   <div class='ocr_carea' id='block_1_101' title="bbox 417 5262 1989 5331">
    <p class='ocr_par' dir='ltr' id='par_1_101' title="bbox 417 5262 1989 5331">
     <span class='ocr_line' id='line_1_102' title="bbox 417 5262 1989 5331; baseline 0.003 -13"><span class='ocrx_word' id='word_1_778' title='bbox 417 5262 610 5322; x_wconf 75' lang='lat' dir='ltr'><strong>Patres</strong></span> <span class='ocrx_word' id='word_1_779' title='bbox 641 5269 776 5320; x_wconf 85' lang='lat' dir='ltr'><strong>tanti</strong></span> <span class='ocrx_word' id='word_1_780' title='bbox 813 5265 1083 5331; x_wconf 81' lang='lat' dir='ltr'><strong>fecerunt,</strong></span> <span class='ocrx_word' id='word_1_781' title='bbox 1114 5277 1172 5322; x_wconf 91' lang='lat' dir='ltr'><strong>ut</strong></span> <span class='ocrx_word' id='word_1_782' title='bbox 1201 5262 1666 5323; x_wconf 65' lang='lat' dir='ltr'><strong>inde&#39;animorum</strong></span> <span class='ocrx_word' id='word_1_783' title='bbox 1703 5262 1989 5323; x_wconf 78' lang='lat' dir='ltr'><strong>immorta-</strong></span> 
     </span>
    </p>
   </div>
   <div class='ocr_carea' id='block_1_102' title="bbox 418 5336 1987 5410">
    <p class='ocr_par' dir='ltr' id='par_1_102' title="bbox 418 5336 1987 5410">
     <span class='ocr_line' id='line_1_103' title="bbox 418 5336 1987 5410; baseline 0.003 -22"><span class='ocrx_word' id='word_1_784' title='bbox 418 5336 1000 5410; x_wconf 8' lang='lat' dir='ltr'><strong>iitateqmcolligerent,</strong></span> <span class='ocrx_word' id='word_1_785' title='bbox 1027 5353 1178 5392; x_wconf 89' lang='lat' dir='ltr'><strong>omne</strong></span> <span class='ocrx_word' id='word_1_786' title='bbox 1203 5339 1340 5410; x_wconf 85' lang='lat' dir='ltr'><strong>quod</strong></span> <span class='ocrx_word' id='word_1_787' title='bbox 1365 5341 1577 5407; x_wconf 85' lang='lat' dir='ltr'><strong>perenni</strong></span> <span class='ocrx_word' id='word_1_788' title='bbox 1615 5347 1758 5394; x_wconf 89' lang='lat' dir='ltr'><strong>motu</strong></span> <span class='ocrx_word' id='word_1_789' title='bbox 1788 5341 1987 5410; x_wconf 89' lang='lat' dir='ltr'><strong>agitur,</strong></span> 
     </span>
    </p>
   </div>
   <div class='ocr_carea' id='block_1_103' title="bbox 415 5405 1990 5476">
    <p class='ocr_par' dir='ltr' id='par_1_103' title="bbox 415 5405 1990 5476">
     <span class='ocr_line' id='line_1_104' title="bbox 415 5405 1990 5476; baseline 0.004 -18"><span class='ocrx_word' id='word_1_790' title='bbox 415 5405 659 5476; x_wconf 80' lang='lat' dir='ltr'><strong>interimi</strong></span> <span class='ocrx_word' id='word_1_791' title='bbox 688 5405 807 5462; x_wconf 81' lang='lat' dir='ltr'><strong>non</strong></span> <span class='ocrx_word' id='word_1_792' title='bbox 827 5407 1037 5462; x_wconf 84' lang='lat' dir='ltr'><strong>subesse</strong></span> <span class='ocrx_word' id='word_1_793' title='bbox 1057 5447 1070 5470; x_wconf 88' lang='lat'><strong>,</strong></span> <span class='ocrx_word' id='word_1_794' title='bbox 1093 5423 1183 5475; x_wconf 93' lang='lat' dir='ltr'><strong>en,</strong></span> <span class='ocrx_word' id='word_1_795' title='bbox 1217 5405 1481 5463; x_wconf 83' lang='lat' dir='ltr'><strong>Cicerone</strong></span> <span class='ocrx_word' id='word_1_796' title='bbox 1505 5417 1664 5476; x_wconf 90' lang='lat' dir='ltr'><strong>teste,</strong></span> <span class='ocrx_word' id='word_1_797' title='bbox 1719 5405 1990 5465; x_wconf 79' lang='lat' dir='ltr'><strong>Aristote-</strong></span> 
     </span>
    </p>
   </div>
   <div class='ocr_carea' id='block_1_104' title="bbox 417 5474 1990 5548">
    <p class='ocr_par' dir='ltr' id='par_1_104' title="bbox 417 5474 1990 5548">
     <span class='ocr_line' id='line_1_105' title="bbox 417 5474 1990 5548; baseline 0.004 -20"><span class='ocrx_word' id='word_1_798' title='bbox 417 5474 505 5548; x_wconf 81' lang='lat' dir='ltr'><strong>lcs</strong></span> <span class='ocrx_word' id='word_1_799' title='bbox 557 5477 933 5548; x_wconf 83' lang='lat' dir='ltr'><strong>continuatam</strong></span> <span class='ocrx_word' id='word_1_800' title='bbox 989 5487 1044 5533; x_wconf 90' lang='lat' dir='ltr'><strong>et</strong></span> <span class='ocrx_word' id='word_1_801' title='bbox 1105 5474 1401 5548; x_wconf 83' lang='lat' dir='ltr'><strong>perennem</strong></span> <span class='ocrx_word' id='word_1_802' title='bbox 1447 5474 1750 5536; x_wconf 88' lang='lat' dir='ltr'><strong>motionem</strong></span> <span class='ocrx_word' id='word_1_803' title='bbox 1803 5480 1990 5535; x_wconf 89' lang='lat' dir='ltr'><strong>animo</strong></span> 
     </span>
    </p>
   </div>
   <div class='ocr_carea' id='block_1_105' title="bbox 419 5545 1541 5619">
    <p class='ocr_par' dir='ltr' id='par_1_105' title="bbox 419 5545 1541 5619">
     <span class='ocr_line' id='line_1_106' title="bbox 419 5545 1541 5619; baseline 0.006 -23"><span class='ocrx_word' id='word_1_804' title='bbox 419 5545 631 5619; x_wconf 59' lang='lat' dir='ltr'><strong>tribuit,</strong></span> <span class='ocrx_word' id='word_1_805' title='bbox 658 5561 724 5601; x_wconf 87' lang='lat' dir='ltr'><strong>eo</strong></span> <span class='ocrx_word' id='word_1_806' title='bbox 746 5549 892 5619; x_wconf 83' lang='lat' dir='ltr'><strong>quod</strong></span> <span class='ocrx_word' id='word_1_807' title='bbox 916 5548 987 5604; x_wconf 89' lang='lat' dir='ltr'><strong>sit</strong></span> <span class='ocrx_word' id='word_1_808' title='bbox 1012 5545 1339 5619; x_wconf 71' lang='grc' dir='ltr'>ἐντελέχεια,</span> <span class='ocrx_word' id='word_1_809' title='bbox 1371 5558 1541 5619; x_wconf 74' lang='lat' dir='ltr'><strong>actus.</strong></span> 
     </span>
    </p>
   </div>
   <div class='ocr_carea' id='block_1_106' title="bbox 491 5613 1991 5687">
    <p class='ocr_par' dir='ltr' id='par_1_106' title="bbox 491 5613 1991 5687">
     <span class='ocr_line' id='line_1_107' title="bbox 491 5613 1991 5687; baseline 0.005 -20"><span class='ocrx_word' id='word_1_810' title='bbox 491 5613 624 5683; x_wconf 88' lang='lat'><strong>(79).</strong></span> <span class='ocrx_word' id='word_1_811' title='bbox 659 5613 782 5687; x_wconf 57' lang='lat' dir='ltr'><strong>ubi</strong></span> <span class='ocrx_word' id='word_1_812' title='bbox 844 5617 1049 5686; x_wconf 77' lang='grc' dir='ltr'>ἕτερον</span> <span class='ocrx_word' id='word_1_813' title='bbox 1079 5613 1336 5687; x_wconf 34' lang='lat' dir='ltr'><strong>exonera;</strong></span> <span class='ocrx_word' id='word_1_814' title='bbox 1367 5617 1488 5672; x_wconf 87' lang='lat' dir='ltr'><strong>Non</strong></span> <span class='ocrx_word' id='word_1_815' title='bbox 1526 5619 1690 5674; x_wconf 87' lang='lat' dir='ltr'><strong>aliam</strong></span> <span class='ocrx_word' id='word_1_816' title='bbox 1721 5637 1753 5674; x_wconf 92' lang='lat' dir='ltr'><strong>a</strong></span> <span class='ocrx_word' id='word_1_817' title='bbox 1779 5637 1852 5684; x_wconf 87' lang='lat' dir='ltr'><strong>se,</strong></span> <span class='ocrx_word' id='word_1_818' title='bbox 1885 5631 1991 5674; x_wconf 89' lang='lat' dir='ltr'><strong>etc.</strong></span> 
     </span>
    </p>
   </div>
   <div class='ocr_carea' id='block_1_107' title="bbox 421 5683 1974 5760">
    <p class='ocr_par' dir='ltr' id='par_1_107' title="bbox 421 5683 1974 5760">
     <span class='ocr_line' id='line_1_108' title="bbox 421 5683 1974 5760; baseline 0.003 -21"><span class='ocrx_word' id='word_1_819' title='bbox 421 5683 888 5756; x_wconf 47' lang='lat' dir='ltr'><strong>Nemcsius,&#39;i:ap.</strong></span> <span class='ocrx_word' id='word_1_820' title='bbox 926 5683 975 5753; x_wconf 77' lang='grc' dir='ltr'>Ῑ,</span> <span class='ocrx_word' id='word_1_821' title='bbox 1014 5683 1267 5742; x_wconf 62' lang='grc' dir='ltr'>οὒέιῖῐνιιι</span> <span class='ocrx_word' id='word_1_822' title='bbox 1319 5685 1593 5743; x_wconf 85' lang='lat' dir='ltr'><strong>Plotinum</strong></span> <span class='ocrx_word' id='word_1_823' title='bbox 1643 5699 1697 5742; x_wconf 82' lang='lat' dir='ltr'><strong>ct</strong></span> <span class='ocrx_word' id='word_1_824' title='bbox 1730 5683 1974 5760; x_wconf 71' lang='lat' dir='ltr'><strong>philoso-</strong></span> 
     </span>
    </p>
   </div>
   <div class='ocr_carea' id='block_1_108' title="bbox 2095 5197 3670 5256">
    <p class='ocr_par' dir='ltr' id='par_1_108' title="bbox 2095 5197 3670 5256">
     <span class='ocr_line' id='line_1_109' title="bbox 2095 5197 3670 5256; baseline -0.001 -4"><span class='ocrx_word' id='word_1_825' title='bbox 2095 5209 2334 5253; x_wconf 87' lang='lat' dir='ltr'><strong>mentem</strong></span> <span class='ocrx_word' id='word_1_826' title='bbox 2373 5211 2502 5252; x_wconf 83' lang='lat' dir='ltr'><strong>vero</strong></span> <span class='ocrx_word' id='word_1_827' title='bbox 2535 5197 2604 5252; x_wconf 89' lang='lat' dir='ltr'><strong>ab</strong></span> <span class='ocrx_word' id='word_1_828' title='bbox 2634 5199 2816 5251; x_wconf 84' lang='lat' dir='ltr'><strong>anima</strong></span> <span class='ocrx_word' id='word_1_829' title='bbox 2843 5197 3264 5256; x_wconf 58' lang='lat' dir='ltr'><strong>ratione&#39;utente</strong></span> <span class='ocrx_word' id='word_1_830' title='bbox 3293 5216 3399 5254; x_wconf 91' lang='lat' dir='ltr'><strong>non</strong></span> <span class='ocrx_word' id='word_1_831' title='bbox 3435 5199 3670 5254; x_wconf 87' lang='lat' dir='ltr'><strong>secerni.</strong></span> 
     </span>
    </p>
   </div>
   <div class='ocr_carea' id='block_1_109' title="bbox 2093 5265 3673 5331">
    <p class='ocr_par' dir='ltr' id='par_1_109' title="bbox 2093 5265 3673 5331">
     <span class='ocr_line' id='line_1_110' title="bbox 2093 5265 3673 5331; baseline 0 -9"><span class='ocrx_word' id='word_1_832' title='bbox 2093 5267 2362 5323; x_wconf 77' lang='lat' dir='ltr'><strong>Maximus</strong></span> <span class='ocrx_word' id='word_1_833' title='bbox 2404 5268 2496 5323; x_wconf 91' lang='lat' dir='ltr'><strong>lib.</strong></span> <span class='ocrx_word' id='word_1_834' title='bbox 2521 5265 2600 5320; x_wconf 89' lang='lat' dir='ltr'><strong>De</strong></span> <span class='ocrx_word' id='word_1_835' title='bbox 2629 5267 2828 5331; x_wconf 87' lang='lat' dir='ltr'><strong>anima,</strong></span> <span class='ocrx_word' id='word_1_836' title='bbox 2878 5277 3117 5323; x_wconf 83' lang='lat' dir='ltr'><strong>mentem</strong></span> <span class='ocrx_word' id='word_1_837' title='bbox 3156 5286 3282 5325; x_wconf 92' lang='lat' dir='ltr'><strong>cum</strong></span> <span class='ocrx_word' id='word_1_838' title='bbox 3334 5269 3673 5324; x_wconf 86' lang='lat' dir='ltr'><strong>Damasceno</strong></span> 
     </span>
    </p>
   </div>
   <div class='ocr_carea' id='block_1_110' title="bbox 2094 5337 3672 5411">
    <p class='ocr_par' dir='ltr' id='par_1_110' title="bbox 2094 5337 3672 5411">
     <span class='ocr_line' id='line_1_111' title="bbox 2094 5337 3672 5411; baseline -0.003 -16"><span class='ocrx_word' id='word_1_839' title='bbox 2094 5347 2253 5395; x_wconf 83' lang='lat' dir='ltr'><strong>vocat</strong></span> <span class='ocrx_word' id='word_1_840' title='bbox 2278 5338 2621 5405; x_wconf 87' lang='lat' dir='ltr'><strong>purissimam</strong></span> <span class='ocrx_word' id='word_1_841' title='bbox 2649 5337 2842 5392; x_wconf 79' lang='lat' dir='ltr'><strong>anima:</strong></span> <span class='ocrx_word' id='word_1_842' title='bbox 2871 5349 3098 5405; x_wconf 86' lang='lat' dir='ltr'><strong>partem,</strong></span> <span class='ocrx_word' id='word_1_843' title='bbox 3144 5341 3314 5411; x_wconf 84' lang='grc' dir='ltr'>μέρος</span> <span class='ocrx_word' id='word_1_844' title='bbox 3346 5338 3672 5411; x_wconf 65' lang='grc' dir='ltr'>καθαρὼτατ</span> 
     </span>
    </p>
   </div>
   <div class='ocr_carea' id='block_1_111' title="bbox 2092 5408 3670 5478">
    <p class='ocr_par' dir='ltr' id='par_1_111' title="bbox 2092 5408 3670 5478">
     <span class='ocr_line' id='line_1_112' title="bbox 2092 5408 3670 5478; baseline 0 -16"><span class='ocrx_word' id='word_1_845' title='bbox 2092 5427 2202 5474; x_wconf 89' lang='grc' dir='ltr'>τον,</span> <span class='ocrx_word' id='word_1_846' title='bbox 2237 5419 2356 5478; x_wconf 79' lang='lat' dir='ltr'><strong>qua:</strong></span> <span class='ocrx_word' id='word_1_847' title='bbox 2401 5423 2501 5464; x_wconf 85' lang='lat' dir='ltr'><strong>non</strong></span> <span class='ocrx_word' id='word_1_848' title='bbox 2540 5411 2866 5464; x_wconf 67' lang='lat' dir='ltr'><strong>extrinsecus</strong></span> <span class='ocrx_word' id='word_1_849' title='bbox 2920 5411 3112 5464; x_wconf 76' lang='lat' dir='ltr'><strong>anima:</strong></span> <span class='ocrx_word' id='word_1_850' title='bbox 3147 5408 3445 5475; x_wconf 71' lang='lat' dir='ltr'><strong>adveniat,</strong></span> <span class='ocrx_word' id='word_1_851' title='bbox 3499 5408 3670 5463; x_wconf 77' lang='lat' dir='ltr'><strong>veluti</strong></span> 
     </span>
    </p>
   </div>
   <div class='ocr_carea' id='block_1_112' title="bbox 2097 5478 3669 5546">
    <p class='ocr_par' dir='ltr' id='par_1_112' title="bbox 2097 5478 3669 5546">
     <span class='ocr_line' id='line_1_113' title="bbox 2097 5478 3669 5546; baseline -0.001 -12"><span class='ocrx_word' id='word_1_852' title='bbox 2097 5493 2290 5546; x_wconf 90' lang='lat' dir='ltr'><strong>nempe</strong></span> <span class='ocrx_word' id='word_1_853' title='bbox 2336 5479 2685 5535; x_wconf 78' lang='lat' dir='ltr'><strong>Aristotelem</strong></span> <span class='ocrx_word' id='word_1_854' title='bbox 2721 5479 3070 5536; x_wconf 75' lang='lat' dir='ltr'><strong>existimasse</strong></span> <span class='ocrx_word' id='word_1_855' title='bbox 3127 5478 3412 5535; x_wconf 83' lang='lat' dir='ltr'><strong>Nemesius</strong></span> <span class='ocrx_word' id='word_1_856' title='bbox 3465 5480 3669 5546; x_wconf 84' lang='lat' dir='ltr'><strong>tradit;</strong></span> 
     </span>
    </p>
   </div>
   <div class='ocr_carea' id='block_1_113' title="bbox 2096 5549 3671 5630">
    <p class='ocr_par' dir='ltr' id='par_1_113' title="bbox 2096 5549 3671 5630">
     <span class='ocr_line' id='line_1_114' title="bbox 2096 5549 3671 5630; baseline 0 -27"><span class='ocrx_word' id='word_1_857' title='bbox 2096 5565 2159 5630; x_wconf 78' lang='lat' dir='ltr'><strong>ac</strong></span> <span class='ocrx_word' id='word_1_858' title='bbox 2200 5550 2246 5604; x_wconf 91' lang='lat' dir='ltr'><strong>si</strong></span> <span class='ocrx_word' id='word_1_859' title='bbox 2302 5550 2368 5604; x_wconf 87' lang='lat' dir='ltr'><strong>ad</strong></span> <span class='ocrx_word' id='word_1_860' title='bbox 2417 5550 2710 5630; x_wconf 61' lang='lat' dir='ltr'><strong>essentiam</strong></span> <span class='ocrx_word' id='word_1_861' title='bbox 2754 5549 2999 5630; x_wconf 32' lang='lat' dir='ltr'><strong>[hominis</strong></span> <span class='ocrx_word' id='word_1_862' title='bbox 3049 5565 3158 5630; x_wconf 79' lang='lat' dir='ltr'><strong>non</strong></span> <span class='ocrx_word' id='word_1_863' title='bbox 3214 5551 3526 5612; x_wconf 75' lang='lat' dir='ltr'><strong>co’nl’erret.</strong></span> <span class='ocrx_word' id='word_1_864' title='bbox 3575 5549 3671 5630; x_wconf 75' lang='lat' dir='ltr'><strong>sed</strong></span> 
     </span>
    </p>
   </div>
   <div class='ocr_carea' id='block_1_114' title="bbox 2105 5618 3668 5692">
    <p class='ocr_par' dir='ltr' id='par_1_114' title="bbox 2105 5618 3668 5692">
     <span class='ocr_line' id='line_1_115' title="bbox 2105 5618 3668 5692; baseline 0.001 -21"><span class='ocrx_word' id='word_1_865' title='bbox 2105 5622 2182 5692; x_wconf 78' lang='grc' dir='ltr'>εἰς</span> <span class='ocrx_word' id='word_1_866' title='bbox 2212 5619 2494 5692; x_wconf 81' lang='grc' dir='ltr'>προκοπὴν</span> <span class='ocrx_word' id='word_1_867' title='bbox 2540 5620 2640 5690; x_wconf 81' lang='grc' dir='ltr'>τῆς</span> <span class='ocrx_word' id='word_1_868' title='bbox 2666 5618 2944 5690; x_wconf 84' lang='grc' dir='ltr'>γνώσεως,</span> <span class='ocrx_word' id='word_1_869' title='bbox 3001 5621 3069 5675; x_wconf 87' lang='lat' dir='ltr'><strong>ad</strong></span> <span class='ocrx_word' id='word_1_870' title='bbox 3114 5635 3449 5692; x_wconf 79' lang='lat' dir='ltr'><strong>progressum</strong></span> <span class='ocrx_word' id='word_1_871' title='bbox 3490 5619 3668 5691; x_wconf 82' lang='lat' dir='ltr'><strong>cogni-</strong></span> 
     </span>
    </p>
   </div>
   <div class='ocr_carea' id='block_1_115' title="bbox 2091 5691 2266 5743">
    <p class='ocr_par' dir='ltr' id='par_1_115' title="bbox 2091 5691 2266 5743">
     <span class='ocr_line' id='line_1_116' title="bbox 2091 5691 2266 5743; baseline 0 0"><span class='ocrx_word' id='word_1_872' title='bbox 2091 5691 2266 5743; x_wconf 84' lang='lat' dir='ltr'><strong>tionis.</strong></span> 
     </span>
    </p>
   </div>
  </div>
