4014 6202
438 256 544 321 99.5

1486 260 1583 320 DE
1618 261 1797 322 FIDE
1837 263 2303 326 ORTHODOXA
2338 266 2483 325 LIB.
2527 268 2608 328 II.

3594 286 3699 355 9‘26

436 363 577 419 κατά
602 362 768 433 φύσιν
795 364 909 435 (80)
939 365 1005 419 ὲκ
1048 368 1143 437 τῆς
1178 368 1272 420 τοῦ
1318 369 1824 441 δημιουργήσαντος
1862 374 1981 445 χάρι

2124 374 2396 445 praedita:
2434 377 2749 446 mutabilis,
2809 382 2909 437 hoc
2946 393 3031 441 est
3079 388 3390 460 ejusmodi,
3434 410 3558 466 qua?
3605 412 3706 452 vo-

428 472 522 520 τος
547 456 822 526 εἰληφυῖα,
846 453 1020 529 ἑξῆς,
1057 459 1153 512 καὶ
1200 459 1261 513 τὸ
1305 456 1467 530 εἶναι,
1514 464 1608 517 καὶ
1654 465 1812 533 φύσει
1849 467 2017 530 οὕτως

429 544 571 605 εἶναι
606 548 848 621 εἴληφεν.

498 835 670 906 Marg.
713 826 991 906 Ὀσαχῶς
1022 836 1091 891 τὸ
1122 836 1463 908 ἀσώματον.
1488 869 1558 879 -
1608 841 1903 912 ’Δσώματα
1931 844 2009 909 δὲ,

426 929 522 982 καὶ
542 928 780 999 ἀόρατα,
839 928 934 982 καὶ
986 928 1396 1000 ἁσχημάτιστα,
1450 929 1592 985 κατά
1643 931 1738 986 δύο
1772 933 2009 1005 τρόπους

424 1020 678 1092 νοοῦμεν.
710 1021 793 1074 Τά
823 1022 944 1092 μὲν,
978 1020 1100 1076 κατ’
1134 1022 1348 1087 οὐσίαν,
1402 1022 1469 1077 τά
1513 1023 1589 1091 δὲ,
1622 1024 1765 1080 κατὰ
1795 1026 1958 1096 χάριν
1988 1044 2002 1058 ·

423 1116 520 1169 καὶ
550 1116 623 1169 τά
650 1114 751 1187 μὲν
800 1115 963 1185 φύσει
1013 1116 1164 1184 ὄντα,
1197 1118 1267 1172 τά
1311 1117 1391 1185 δὲ,
1433 1118 1570 1190 πρὸς
1607 1119 1704 1191 τὴν
1732 1120 1831 1190 τῆς
1875 1120 2007 1192 ῦλης

420 1206 710 1278 παχύτητα
728 1222 745 1239 ο
773 1207 868 1261 ἐπὶ
889 1208 1027 1261 Θεοῦ
1063 1209 1162 1278 μὲν
1191 1204 1284 1263 οὖν
1306 1207 1467 1280 φύσει
1488 1226 1503 1242 ο
1532 1211 1623 1264 ἐπὶ
1648 1211 1705 1265 δὲ
1733 1211 2004 1281 ἀγγέλων,

418 1301 516 1354 καὶ
536 1301 831 1371 δαιμόνων,
865 1301 959 1354 καὶ
988 1299 1199 1372 ψυχῶν,
1252 1301 1458 1373 χάριτι,
1489 1301 1586 1356 καὶ
1621 1301 1698 1365 ὡς
1725 1302 1860 1373 πρὸς
1904 1302 2004 1374 τὴν

416 1393 517 1463 τῆς
557 1392 692 1464 ὕλης
712 1392 1023 1464 παχύτητα,
1050 1392 1269 1462 λέγεται
1306 1392 1620 1463 ἀσώματον.

484 1574 656 1645 Σῶμά
672 1575 730 1629 δέ
750 1575 892 1639 ἔστι,
921 1575 984 1629 τδ
1014 1575 1526 1647 τριχῇδιαστατὸν,
1560 1577 1733 1647 ἦγουν
1769 1577 1830 1630 τὸ
1875 1576 1999 1649 ἔχον

2123 466 2356 525 luntatis
2393 472 2755 527 mutationem
2791 476 2980 531 subire
3006 490 3208 547 queat,
3239 494 3530 555 propterea
3558 489 3704 558 quod

2119 568 2306 614 creata
2340 562 2435 617 sit.
2468 562 2634 633 Atqui
2667 564 2782 620 lucc
2808 568 2992 621 omnia
3017 570 3299 636 Creatoris
3330 576 3599 632 beneﬁcio
3621 595 3707 634 se-

2119 650 2359 706 cundum
2392 663 2647 707 naturam
2692 669 2995 713 consecuta
3038 670 3160 728 est,
3206 678 3236 716 a
3283 680 3392 734 quo
3438 669 3702 724 nimirum

2117 745 2371 813 accepit,
2404 754 2461 800 ct
2495 755 2554 801 ut
2584 757 2771 813 esset,
2813 758 2867 804 et
2895 760 2954 804 ut
2985 752 3152 821 huius
3184 766 3394 811 natura:
3428 769 3596 814 esset.

2184 832 2557 904 lncorporeum
2572 849 2697 908 quo!
2714 841 2885 897 modis
2898 843 3517 918 dicitur.—lncorporea
3538 867 3704 921 porro

2113 932 2167 976 et
2214 924 2532 992 invisibilia,
2570 937 2623 983 et
2653 929 2840 1001 ﬁgura:
2866 938 3112 1004 expertia
3148 938 3367 995 duobus
3400 941 3577 997 modis
3616 942 3701 996 in-

2112 1015 2434 1086 telligimus.
2485 1019 2601 1074 Aiia
2654 1023 2802 1078 enim
2848 1038 3061 1081 suamet
3124 1030 3364 1083 essentia
3425 1031 3699 1100 ejusmodi

2112 1117 2261 1170 sunt,
2302 1109 2410 1162 alia
2439 1111 2636 1179 gratia.
2666 1112 2915 1183 Itemque
2942 1116 3048 1170 alia
3107 1126 3301 1189 suapte
3325 1129 3544 1189 natura,
3569 1123 3695 1191 alia,

2109 1196 2154 1251 si
2180 1212 2305 1252 cum
2335 1203 2580 1257 materiae
2596 1206 2853 1262 crassitie
2875 1218 3289 1279 comparentur.
3308 1211 3695 1283 incorporeum

2111 1288 2277 1357 igitdr
2324 1306 2467 1357 esse,
2517 1294 2624 1348 Deo
2660 1299 2916 1352 convenit
2943 1300 3242 1356 secundum
3276 1314 3564 1369 naturam;
3606 1321 3697 1361 an-

2107 1378 2242 1445 gelis
2293 1391 2500 1446 autem,
2535 1392 2589 1436 et
2622 1384 2987 1451 daemonibus,
3022 1396 3075 1441 et
3125 1391 3345 1458 animis,
3392 1394 3693 1449 secundum

2106 1466 2359 1535 gratiam,
2407 1468 2707 1541 habitaque
2745 1475 2959 1529 ratione
2995 1477 3059 1531 ad
3094 1479 3332 1533 materiae
3360 1482 3688 1537 crassitiem.

2178 1559 2252 1613 De
2301 1574 2537 1629 corpore.
2567 1594 2638 1605 -—
2665 1565 2734 1618 At
2784 1578 2916 1621 vero
2950 1578 3154 1638 corpus
3183 1579 3289 1633 est,
3332 1571 3385 1626 id
3413 1574 3561 1643 quod
3587 1576 3690 1628 tri-

415 1666 616 1737 μῆκος,
639 1668 736 1723 καὶ
774 1667 1003 1733 πλάτος,
1043 1668 1138 1723 καὶ
1178 1667 1366 1739 βάθος,
1404 1670 1524 1741 ἦτοι
1554 1670 1750 1741 πάχος.
1788 1672 1903 1725 Πᾶν
1930 1648 1981 1724 7δέ

2096 1648 2232 1717 'plici
2267 1650 2612 1709 dimensione
2644 1665 2899 1721 constat,
2936 1658 3038 1713 hoc
3086 1672 3189 1721 est,
3223 1664 3391 1732 quod,
3414 1675 3467 1719 et
3514 1668 3690 1735 longi-

2097 1740 2341 1773 tudinum
2383 1751 2432 1773 ne
2461 1743 2802 1773 1ηιιο..η1ι.υ..η
2856 1756 2901 1773 ,ιι
2929 1748 3350 1773 ......r....,s:.-.-_-_
3401 1756 3502 1773 -a,,-
3548 1771 3560 1773 _
3611 1764 3626 1773 .

412 1757 578 1827 σῶμα
605 1760 672 1811 ὲκ
697 1757 806 1811 τῶν
828 1756 1111 1829 τεσσάρων
1145 1757 1426 1830 στοιχείων
1459 1759 1808 1814 συνίσταται·
1836 1760 1907 1816 τὰ
1937 1761 1981 1815 δὲ

2097 1740 2363 1806 tudinem,
2382 1751 2435 1798 et
2460 1743 2824 1810 latitudinem,
2853 1756 2906 1802 et
2928 1748 3378 1820 profunditatem,
3397 1756 3510 1808 sive
3537 1764 3687 1812 cras-

408 1846 522 1903 τῶν
553 1848 709 1913 ζώων
736 1848 988 1920 σώματα,
1019 1852 1083 1903 ὲκ
1112 1850 1223 1903 τῶν
1238 1850 1523 1921 τεσσάρων
1545 1852 1755 1923 χυμῶν.

479 2116 602 2189 Χρὴ
658 2117 718 2171 δὲ
769 2117 968 2171 εἰδέναι
996 2117 1078 2171 ὅτι
1106 2116 1351 2188 τέσσαρά
1386 2117 1503 2170 ἐστι
1527 2135 1541 2149 ·
1580 2117 1675 2188 γῆ,
1720 2117 1859 2188 ξηρά
1898 2119 1992 2172 καὶ

394 2210 629 2282 ψυχρά’
657 2207 823 2280 ὕδωρ,
874 2207 1083 2281 ψυχρὸν
1123 2208 1219 2261 ml.
1275 2208 1472 2278 ὑγρόν·
1527 2208 1677 2279 ἀὴρ,
1701 2209 1866 2279 ὑγρὸς
1896 2209 1991 2263 καὶ

395 2300 612 2372 Θερμός
635 2317 650 2333 ο
676 2300 813 2373 πῦρ,
840 2299 1042 2372 θερμδν
1077 2300 1174 2354 καὶ
1211 2298 1397 2372 ξηρόν.
1438 2299 1674 2371 Ὁμοίως
1697 2300 1793 2353 καὶ
1823 2300 1991 2371 χυμοὶ

390 2392 690 2464 τέσσαρες,
745 2391 1138 2461 ἀναλογοῦσνιτες
1184 2392 1298 2456 τοῖς
1359 2389 1618 2461 τέσσαρσι
1668 2390 1985 2461 στοιχείοις·

394 2485 637 2556 μέλαινα
662 2484 814 2555 χολὴ,
850 2483 1193 2553 ἀναλογοῦσα
1215 2486 1282 2556 τῇ
1312 2485 1408 2555 γῇ.
1450 2483 1590 2554 ξηρὰ
1615 2483 1723 2555 γάρ
1751 2486 1867 2539 ἐστι
1891 2484 1987 2538 καὶ

392 2578 613 2649 ψυχρά·
643 2578 886 2649 φλέγμα,
949 2576 1248 2647 ἀναλογοῦν
1277 2574 1378 2649 [τῷ
1409 2577 1583 2641 ῦδατι,
1615 2578 1827 2650 ψυχρὸν
1877 2578 1986 2649 γάρ

389 2682 520 2723 εστι
556 2669 652 2722 καὶ
692 2670 895 2740 ὑγρόν·
960 2665 1124 2740 αἷμα,
1175 2668 1497 2740 ἀναλογοῦν]
1543 2668 1678 2741 (80⁶)
1717 2667 1795 2740 τῷ
1835 2670 1982 2740 άέρι,

392 2760 567 2832 ὑγρὸν
600 2761 709 2832 γάρ
764 2763 883 2815 ἐστι
933 2762 1026 2815 καὶ
1083 2760 1326 2831 θερμόν⁸
1369 2760 1535 2830 ξανθὴ
1593 2759 1745 2830 χολὴ,
1789 2760 1984 2814 ἀναλο-

388 2852 573 2922 γοῦσα
600 2852 680 2922 τῷ
713 2854 868 2924 πυρὶ,
899 2852 1081 2924 Θερμὴ
1126 2853 1235 2924 γάρ
1282 2854 1400 2906 ἐστι
1454 2853 1548 2905 καὶ
1592 2850 1755 2922 ξηρά.
1788 2852 1850 2904 Οἱ
1882 2850 1981 2921 μὲν

387 2940 493 3000 οῦν
530 2944 760 3016 καρποὶ,
797 2946 863 2997 ὲκ
890 2945 999 2999 τῶν
1054 2944 1337 3015 στοιχείων
1393 2943 1766 3005 συνίστανται,
1828 2941 1878 2993 οί
1922 2940 1980 2994 δὲ

388 3037 583 3109 χυμοὶ,
612 3039 677 3091 ὲκ
704 3037 814 3092 τῶν
838 3038 1099 3109 καρπῶν,
1151 3036 1221 3090 τὰ
1272 3036 1329 3089 δὲ
1380 3036 1489 3089 τῶν
1529 3034 1685 3100 ζώων
1727 3034 1974 3104 σώματα,
2005 3064 2046 3121 C

388 3130 462 3183 hac
483 3127 592 3182 τῶν
634 3127 847 3200 χυμῶν,
878 3128 975 3182 καὶ
1020 3129 1101 3191 είς
1148 3126 1291 3181 αύτά
1334 3124 1646 3181 ἀναλύεται.
1701 3126 1817 3180 Πᾶν
1868 3125 1975 3196 γὰρ

391 3217 803 3291 συντιθέμενον,
840 3220 921 3283 είς
946 3218 1089 3272 αύτά
1137 3216 1456 3274 ἀναλύεται.

460 3475 632 3548 Mat-3.
681 3477 811 3532 Ὅτι
837 3480 871 3533 ό
896 3477 1210 3546 ἅνθρωπος
1251 3479 1634 3535 κοινωνεῖκαί
1676 3481 1970 3552 ἀψύχοις,

390 3569 489 3623 καί
516 3569 782 3638 ἀλόγοις,
836 3570 937 3624 καὶ
973 3571 1261 3639 λογικοῖς.
1281 3603 1352 3612 -
1382 3573 1504 3644 Χρὴ
1533 3574 1847 3642 γινώσκειν,
1886 3577 1972 3630 ὃτι

395 3665 426 3719 ὁ
455 3660 762 3733 ἄνθρωπος,
790 3662 883 3715 καὶ
908 3663 1020 3725 τοῖς
1045 3661 1276 3733 ἀψύχοις
1304 3667 1571 3730 κοινωνεῖ,
1604 3667 1701 3719 καὶ
1737 3667 1839 3737 τῆς
1862 3667 1971 3721 τῶν

386 3750 600 3819 ἀλόγων
627 3752 846 3822 μετέχει
878 3750 1043 3821 ζωῆς,
1084 3752 1179 3806 καὶ
1207 3753 1306 3824 τῆς
1353 3753 1462 3807 τῶν
1505 3754 1739 3823 λογικῶν
1787 3756 1969 3825 μετεί-

386 3844 524 3915 ληφε
552 3845 808 3915 νοήσεως.
840 3846 1107 3899 Κοινωνεῖ
1126 3846 1253 3916 γὰρ,
1279 3847 1391 3909 τοῖς
1424 3847 1523 3916 μὲν
1546 3846 1797 3917 ἀψύχοις,
1823 3848 1968 3901 κατά

383 3934 449 3987 τὺ
476 3935 636 4005 σῶμα
673 3936 768 3991 καὶ
796 3935 893 4007 τὴν
924 3936 1034 3991 ἀπὸ
1059 3936 1165 3991 τῶν
1191 3936 1475 4008 τεσσάρων
1523 3940 1803 4008 στοιχείων
1829 3940 1967 4010 κρί-

388 4043 473 4081 σιν
492 4042 508 4058 ·
530 4030 643 4090 τοῖς
656 4027 714 4082 δὲ
745 4030 933 4097 φυτοῖς
966 4027 1110 4082 κατά
1158 4046 1217 4082 τε
1246 4028 1441 4095 ταῦτα,
1477 4028 1572 4082 καὶ
1610 4028 1709 4101 τὴν
1741 4030 1967 4099 Θρεπτι·-

386 4119 509 4192 κήν,
539 4121 635 4174 κα)⁵
664 4119 985 4192 αὐξητικὴν,
1016 4120 1111 4174 καὶ
1141 4119 1546 4192 σπερματικὴν,
1581 4119 1749 4190 ⁸ίγγουν
1774 4137 1966 4192 γεννη-

383 4214 544 4283 τικὴν
570 4212 832 4283 δύναμινο
860 4214 973 4276 τοῖς
1003 4212 1059 4265 δὲ
1094 4212 1312 4280 ἀλόγοις
1361 4210 1458 4264 καὶ
1501 4213 1559 4264 ὲν
1599 4211 1811 4275 τούτοις
1840 4211 1962 4283 μὲν,

384 4304 446 4369 ἐξ
483 4303 782 4375 ὲπιμέτρου
816 4304 872 4357 δὲ
897 4303 1040 4357 κατά
1096 4303 1197 4373 τὴν
1224 4302 1430 4373 ὄρεξιν,
1472 4302 1642 4373 ἤγουν
1671 4302 1843 4374 θυμὸν
1869 4304 1965 4357 καὶ

2096 1832 2276 1888 sitiem
2354 1834 2540 1891 habet.
2596 1838 2814 1909 Corpus
2874 1851 3057 1897 autem
3120 1858 3281 1899 omne
3334 1860 3401 1900 ex
3452 1858 3687 1917 quatuor

2094 1925 2379 1980 elementis
2393 1938 2740 1998 compactum
2761 1938 2847 1987 est
2875 1947 2889 1985 :
2920 1933 3286 1992 animantium
3307 1952 3434 1993 vero
3451 1953 3683 2009 corpora

2092 2028 2159 2068 ex
2190 2024 2428 2084 quatuor
2450 2017 2801 2076 humoribus.
3110 2088 3113 2089 ν

2162 2103 2426 2162 Humores
2453 2121 2682 2180 quatuor
2721 2113 2993 2170 elementis
3037 2116 3214 2186 afﬁnes
3248 2120 3358 2173 suis
3395 2122 3679 2191 qualitati-

2092 2192 2208 2248 bus.
2242 2225 2306 2235 -—
2338 2194 2404 2250 Et
2437 2200 2657 2268 quidem
2682 2202 2966 2261 sciendum
3010 2214 3118 2271 est,
3150 2217 3389 2277 quatuor
3409 2211 3680 2267 elementa

2088 2302 2242 2354 esse;
2279 2299 2482 2346 terram
2526 2294 2812 2361 nimirum,
2866 2313 2988 2368 qum
3045 2301 3191 2357 sicca
3224 2310 3279 2357 et
3329 2303 3523 2375 frigida
3554 2312 3677 2371 est;

2088 2394 2313 2448 aquam,
2348 2398 2471 2448 quae
2518 2385 2717 2456 frigida
2745 2396 2799 2442 et
2834 2389 3097 2458 humida;
3127 2406 3332 2458 aerem,
3365 2395 3458 2465 qui
3495 2394 3680 2449 humi-

2086 2472 2191 2527 dus
2239 2483 2290 2529 et
2331 2476 2583 2546 calidus;
2610 2479 2813 2551 ignem,
2866 2486 2959 2553 qui
3020 2485 3233 2541 calidus
3266 2494 3320 2542 et
3356 2486 3558 2542 siccus.
3594 2487 3675 2541 Ad

2084 2554 2338 2620 eumdem
2382 2567 2628 2633 modum,
2659 2579 2901 2639 quatuor
2947 2574 3209 2631 humores
3240 2577 3534 2640 exsistere,
3580 2579 3675 2646 qui

2083 2654 2372 2711 elementis
2403 2665 2644 2727 quatuor
2671 2661 2858 2715 nativa
2890 2664 3155 2733 qualitate
3174 2663 3523 2732 respondent.
3541 2666 3674 2719 Atra

2082 2745 2289 2816 quippe
2314 2748 2461 2813 bilis,
2499 2758 2691 2820 utpote
2716 2754 2864 2809 sicca
2895 2765 2951 2809 et
2990 2754 3214 2825 frigida,
3245 2763 3408 2810 terrae
3441 2770 3671 2826 respon-

2085 2832 2219 2887 det:
2258 2836 2480 2904 pituita,
2516 2853 2707 2908 aquae;
2761 2849 2845 2896 est
2884 2842 3029 2896 enim
3082 2842 3277 2915 frigida
3308 2851 3361 2897 et
3392 2843 3616 2899 humida
3653 2863 3669 2898 ι

2081 2924 2332 2991 sanguis,
2365 2926 2479 2980 aeri
2507 2943 2520 2991 ;
2552 2928 2773 2983 calidus
2810 2930 2955 2984 enim
2998 2938 3054 2984 et
3086 2931 3345 2989 humidus
3373 2941 3456 2988 est
3486 2952 3499 2987 :
3534 2932 3672 2988 ﬂava

2080 3010 2320 3083 denique
2352 3014 2504 3077 bilis,
2537 3016 2670 3085 igni,
2709 3029 2770 3071 ut
2801 3033 2922 3087 quae
2947 3020 3123 3075 calida
3149 3020 3221 3075 sit
3262 3030 3317 3076 et
3349 3022 3517 3077 sicca.
3548 3019 3668 3076 lam

2081 3100 2300 3158 fructus
2327 3118 2393 3158 ex
2426 3106 2717 3162 elementis
2757 3108 3071 3163 conﬂantur
3101 3130 3115 3165 :
3150 3110 3433 3177 humores,
3468 3129 3534 3168 ex
3557 3112 3669 3168 fru-

2079 3194 2260 3250 ctibus
2292 3213 2305 3249 :
2342 3196 2709 3252 animantium
2746 3214 2878 3255 vero
2912 3204 3172 3272 corpora,
3208 3218 3273 3258 ex
3299 3203 3663 3259 humoribus:

2077 3287 2321 3354 atquein
2354 3287 2544 3343 eadem
2573 3290 2689 3360 ipsa
2723 3292 3068 3348 relabuntur.
3120 3294 3400 3365 Quidquid
3421 3296 3565 3351 enim
3599 3312 3664 3352 ex

2077 3377 2355 3445 aliquibus
2384 3389 2705 3436 concretum
2740 3394 2846 3449 est,
2909 3384 3012 3441 hoc
3044 3386 3098 3440 in
3129 3385 3320 3441 eadem
3349 3387 3662 3445 resolvitur.

2145 3470 2548 3528 Commuuicare
2576 3474 2839 3529 hominem
2878 3492 2998 3530 cum
3031 3478 3185 3532 rebus
3221 3479 3476 3535 inanimis
3508 3496 3659 3534 cum-

2072 3581 2172 3635 que
2206 3565 2379 3620 brutis
2414 3569 2801 3634 animantibus,
2838 3580 2889 3625 et
2918 3587 3038 3624 cum
3070 3572 3279 3627 ratione
3311 3573 3571 3641 praeditis.
3598 3605 3664 3614 —

2072 3657 2211 3711 illud
2243 3659 2471 3728 insuper
2500 3674 2667 3714 nosse
2696 3670 2915 3731 oportet
2969 3663 3269 3727 hominem,
3317 3674 3370 3718 et
3393 3678 3515 3719 cum
3540 3665 3660 3719 ina-

2074 3749 2240 3803 nimis
2262 3750 2704 3813 communicare,
2741 3761 2795 3806 et
2819 3752 3107 3807 brutorum
3142 3754 3510 3808 animantium
3538 3752 3662 3809 vita:

2070 3840 2390 3911 participem
2417 3857 2560 3906 esse,
2584 3849 2637 3897 et
2669 3856 2793 3895 cum
2823 3842 2932 3897 illis
2966 3842 3227 3914 denique,
3279 3860 3401 3914 qua:
3446 3844 3661 3900 ratione

2070 3930 2296 4001 praedita
2328 3939 2479 3997 sunt,
2510 3932 2832 4002 intelligere.
2858 3931 2993 3987 Nam
3027 3949 3149 3988 cum
3186 3933 3350 3989 rebus
3381 3935 3659 4003 inanimis,

2068 4031 2182 4077 tum
2206 4022 2421 4078 ratione
2453 4024 2708 4094 corporis
2739 4024 3143 4092 communicat,
3190 4026 3352 4097 180
3387 4034 3501 4081 tum
3530 4029 3659 4098 quia
3758 4029 3765 4037 ’

2070 4132 2135 4171 ex
2167 4124 2410 4187 quatuor
2436 4116 2727 4173 elementis
2760 4125 3058 4173 concretus
3107 4128 3193 4174 est
3224 4135 3236 4171 :
3270 4133 3395 4174 cum
3429 4118 3656 4190 plantis,

2068 4217 2184 4263 tum
2218 4216 2443 4278 propter
2477 4210 2606 4274 ista,
2648 4216 2760 4262 tum
2795 4216 3032 4278 propter
3063 4225 3183 4265 eam
3218 4212 3325 4265 vim
3359 4226 3467 4281 qua
3498 4211 3651 4267 alun~

2067 4308 2176 4363 tur,
2212 4306 2540 4369 augescunt,
2597 4309 2652 4355 et
2710 4300 3011 4365 seminant,
3064 4300 3181 4357 sive
3225 4302 3457 4373 gignunt
3487 4320 3500 4355 :
3530 4320 3653 4360 cum

384 4396 701 4466 ὲτιιουμίαν,
717 4397 813 4451 καὶ
838 4395 980 4450 κατὰ
1012 4394 1112 4467 τὴν
1132 4393 1407 4467 αἴσθησιν,
1426 4394 1521 4448 καὶ
1550 4394 1694 4450 κατὰ
1718 4394 1818 4467 τὴν
1841 4396 1964 4450 καθ’

2093 4390 2270 4455 irutis,
2324 4402 2439 4445 tum
2479 4398 2747 4462 quantum
2780 4390 2848 4445 ad
2881 4391 2996 4445 haec
3024 4393 3230 4460 omnia,
3277 4404 3391 4449 tum
3431 4404 3653 4464 praeter-

382 4486 562 4559 ὁρμὴν
590 4486 827 4559 κίνησιν.

452 4734 745 4807 Λίσθήσεις
804 4738 903 4808 μὲν
965 4735 1064 4793 οῦν
1113 4742 1219 4794 είσι
1264 4740 1465 4803 πέντε,
1524 4738 1738 4810 ὅρασις,
1799 4739 1961 4811 ἀκοὴ,
2018 4760 2033 4771 ο

384 4828 672 4901 ὄσφρησις,
694 4830 901 4900 γεῦσις,
931 4832 1043 4906 ἁφή
1071 4849 1085 4863 ⁸
1126 4835 1224 4905 τῆς
1253 4833 1311 4889 δὲ
1351 4833 1474 4888 καθ’
1497 4831 1673 4907 ὁρμὴν
1690 4837 1957 4909 κινήσεώς

2074 4498 2136 4538 ea
2180 4493 2450 4553 quantum
2505 4482 2574 4538 ad
2631 4484 2961 4554 appetitum,
2996 4485 3101 4538 hoc
3133 4492 3241 4551 est,
3278 4484 3416 4539 iram
3464 4494 3521 4541 et
3559 4498 3671 4541 cu-'

2072 4575 2399 4644 piditatem;
2438 4568 2681 4646 itemque
2727 4590 2952 4632 sensum
2992 4585 3047 4632 et
3098 4584 3308 4631 motum
3366 4576 3649 4647 impulsio-

2071 4680 2181 4719 IIIS.

2146 4753 2357 4810 Sensus
2419 4769 2588 4824 porro
2622 4764 2753 4810 sunt
2781 4755 3051 4826 quinque,
3083 4756 3269 4821 visus,
3291 4758 3538 4826 auditus,
3574 4759 3654 4814 ol-

2066 4847 2265 4909 t'actus,
2302 4859 2521 4917 gustus,
2558 4853 2768 4903 tactus.
2808 4846 2888 4902 Ad
2946 4856 3157 4902 motum
3186 4847 3536 4919 impulsionis
3568 4850 3652 4907 vis

1895 4996 2125 5055 NOTAE.

454 5145 565 5215 (80)
594 5144 797 5223 ῌὰγτα
832 5144 1200 5223 ταῦτα-κατὰ
1214 5151 1621 5223 φύσιν-,ίΑιᾳιιε
1663 5154 1774 5208 haec
1787 5160 1965 5213 omnia

380 5209 652 5296 ςνὲαιὸνὶδ
682 5217 955 5296 beneﬁcio.
1008 5217 1106 5272 ilic
1149 5209 1366 5296 tandem
1409 5209 1569 5296 docet
1620 5226 1800 5279 omnia

386 5286 483 5339 bus
512 5296 733 5364 natura:
762 5294 974 5364 creatze
1007 5290 1427 5364 constantkDei
1479 5293 1627 5364 dono
1678 5304 1733 5347 et
1776 5286 1963 5364 gratia:

386 5356 584 5431 ascribi
619 5357 853 5431 debere;
882 5357 1084 5431 quippe
1122 5373 1244 5431 cum
1274 5358 1437 5431 Deus
1479 5362 1530 5414 in
1584 5356 1963 5431 praelinitioni-

386 5425 485 5478 bus
528 5426 753 5480 aeternis
799 5425 1067 5498 essentias
1106 5428 1350 5497 singulas
1386 5425 1654 5498 sapientia
1683 5442 1737 5488 et
1766 5440 1959 5491 volun-

385 5501 492 5575 tate
523 5510 636 5575 sua
657 5496 1105 5575 concinnaverit:
1140 5498 1284 5575 unde
1305 5496 1607 5575 subjuugit,
1642 5501 1960 5575 Incorporea

384 5566 759 5642 ιἰιιιιιὶδὶίζίίὶαΔ
801 5568 912 5619 alia
945 5583 1058 5621 esse
1104 5570 1222 5642 κατ’
1266 5566 1476 5642 ουσίαν,
1512 5566 1713 5641 ’δυαριε
1739 5566 1957 5642 natura,

310 5660 319 5667 -
383 5634 673 5708 alia‘xati
696 5637 878 5706 χάριν,
913 5653 1004 5705 per
1021 5638 1270 5705 gratiam.
1306 5634 1680 5708 lucorporeum
1725 5644 1831 5700 Deo
1872 5634 1957 5700 se;

382 5704 610 5761 cundum
654 5704 902 5763 naturam
945 5704 1254 5773 couvmire;
1294 5704 1494 5782 angelis
1524 5722 1717 5781 autem,
1757 5715 1953 5773 dwmo-

2075 5161 2249 5242 nibus,
2275 5170 2325 5217 et
2358 5163 2553 5245 animis
2601 5178 2702 5245 pe:
2740 5165 2994 5245 gratiam.
3029 5163 3189 5245 Quod
3245 5163 3565 5245 si‘angelus
3603 5176 3653 5218 et

2072 5232 2255 5285 anima
2309 5232 2534 5287 nonnisi
2581 5248 2612 5286 a
2663 5232 2756 5288 Dei
2787 5235 3072 5289 voluntate
3120 5234 3222 5288 hoc
3265 5233 3554 5290 obtinuere
3595 5244 3654 5289 ut

2072 5301 2296 5354 minime
2327 5302 2575 5371 corporei
2607 5312 2814 5369 essent,
2846 5320 2954 5357 non
3003 5304 3226 5358 aliunde
3263 5302 3505 5371 profecto
3554 5306 3653 5358 im-

2070 5372 2458 5425 mortalitatem
2499 5372 2810 5438 habuerint,
2841 5390 3005 5441 quam
3044 5374 3279 5429 subinde
3311 5372 3401 5425 Dei
3430 5372 3574 5426 dono
3598 5384 3647 5426 rt

2069 5441 2259 5507 gratiae
2307 5441 2498 5496 Patres
2556 5443 2834 5497 ascribere
2874 5459 2986 5497 non
3037 5444 3311 5497 dubitant.
3365 5442 3513 5497 Trita
3551 5446 3649 5495 hac

2067 5516 2313 5582 veterum
2357 5510 2887 5582 doctrinaPelagius
2922 5514 3287 5577 abutebatur,
3346 5521 3423 5575 ut,
3460 5528 3556 5579 pro
3584 5529 3647 5566 ea

2066 5595 2172 5646 qua
2206 5580 2717 5654 pollebatastutia,
2740 5580 2887 5637 solas
2937 5591 3145 5654 natura:
3183 5583 3339 5636 doles
3370 5582 3643 5654 intellige—

2066 5657 2181 5721 ret.
2206 5652 2428 5721 quando
2458 5648 2549 5704 Dei
2585 5652 2813 5721 gratiam
2840 5650 3087 5705 conﬁteri
3125 5652 3308 5721 iussus
3341 5660 3442 5706 est.

2137 5719 2270 5791 (80')
2312 5716 2538 5780 Uncinis
2578 5716 2790 5779 inclusa
2820 5722 3159 5792 supplentur.
3200 5716 3354 5777 Ευιτ.
