4014 6202
279 4935 304 4959 Ι

376 315 480 382 927

1536 319 1594 377 S.
1629 311 1948 376 JOANNIS
1986 313 2410 374 DAMASCENI

3537 306 3660 369 99.8

377 441 444 481 ea
481 432 715 496 spectat,
751 441 858 497 qua
893 442 922 482 e
949 427 1070 482 loco
1097 427 1169 483 ad
1193 428 1371 483 locum
1402 427 1726 498 migramus,
1759 435 1959 482 totum-

2082 445 2176 480 ;O"l.'t
2229 426 2289 479 τὸ
2346 426 2452 479 ἀπὸ
2483 425 2647 478 τόπου
2693 424 2770 487 εἰς
2803 421 2965 475 τόπον
3009 418 3392 490 μεταϐατικὸν,
3434 414 3543 470 καὶ·
3583 417 3661 470 τδ

382 531 488 585 que
515 530 718 586 corpus
756 531 1061 582 movemus,
1093 533 1200 587 qua
1241 518 1371 572 item
1405 532 1592 572 vocem
1632 517 1958 582 emittimus,

384 617 439 662 et
470 623 585 678 qua
623 609 979 677 reSpiramus.
1018 608 1144 665 llaac
1167 611 1341 676 enim,
1389 610 1471 663 vel
1501 609 1704 673 facere,
1731 609 1815 664 vel
1854 622 1958 663 non

387 697 572 752 facere
603 699 654 751 in
690 699 851 754 nobis
888 699 1056 754 situm
1083 708 1186 756 est.

456 787 744 844 Postremo
792 806 890 860 per
945 791 1239 856 rationem,
1297 790 1638 861 incorporeis
1671 789 1882 844 naturis
1910 797 1963 842 et

386 882 756 938 rationalibus
770 884 1084 953 cupulatur,
1104 883 1485 937 ratiocinando
1503 881 1779 944 videlicet,
1800 889 1964 950 atque

388 975 763 1046 intelligendo,
806 974 983 1044 deque
1011 973 1588 1044 singulisjudicando,
1613 978 1666 1028 et
1705 973 1961 1036 virtutes,

385 1064 634 1133 adeoque
651 1063 1080 1132 pietatem,_quze
1109 1064 1354 1118 omnium
1386 1063 1649 1117 virtutum
1682 1060 1962 1131 fastigium

387 1163 493 1220 est,
535 1155 912 1210 consectando
970 1174 983 1209 :
1025 1170 1134 1226 quo
1166 1154 1225 1210 fit
1285 1161 1343 1210 ut
1375 1153 1540 1208 homo
1585 1151 1824 1208 mundus
1857 1153 1962 1205 mi-

389 1262 492 1300 nor
521 1248 849 1316 appelletur.

463 1336 714 1404 Corporis
743 1338 1034 1406 aniquue
1066 1337 1304 1405 propria.
1331 1367 1402 1379 ——
1423 1334 1718 1390 Sciendum
1746 1349 1966 1404 quoque

395 1435 504 1491 est,
545 1428 872 1491 sectionem,
927 1426 1222 1482 fluxionem
1277 1434 1332 1482 et
1387 1425 1745 1480 mulationem
1790 1425 1965 1479 solius

391 1517 643 1587 corporis
696 1517 918 1588 propria
979 1533 1145 1594 esse:
1185 1516 1543 1571 mutationem
1604 1525 1787 1571 autem
1816 1516 1964 1570 illam

393 1607 670 1678 intelligo,
738 1623 861 1676 quae
914 1607 1220 1661 secundum
1283 1605 1607 1676 qualitatem
1671 1604 1964 1674 contingit,

394 1695 708 1764 eujusmodi
739 1703 823 1751 est
855 1694 1141 1750 calefactio
1193 1705 1248 1750 et
1289 1695 1628 1766 frigefactio,
1655 1695 1882 1765 aliaeque
1912 1695 1964 1747 id

2065 521 2343 589 κινητικὸν
2386 517 2508 573 ὅλου
2558 517 2651 573 τοῦ
2707 520 2992 589 σώματος,
3043 515 3103 567 τὸ
3152 510 3487 582 φωνητικὸν,
3551 508 3661 561 καὶ

2064 613 2489 667 ἀναπνευστικόν
2519 632 2534 646 ·
2585 610 2758 666 ταῦτα
2801 609 2907 680 γὰρ
2941 612 3000 662 ὲν
3025 608 3155 678 ἡμῖν
3177 605 3290 656 ἐστι
3314 602 3511 664 ποιεῖν,
3551 596 3660 651 καὶ

2068 707 2141 776 μὴ
2171 709 2361 758 ποιεῖν.

2135 798 2476 851 Συνάπτεται
2528 794 2616 848 διὰ
2666 795 2760 846 τοῦ
2791 789 3009 860 λογικοῦ
3030 791 3153 852 ταῖς
3180 786 3496 856 ἀσωμάτοις
3551 784 3657 836 καὶ

2066 886 2292 957 νοεραῖξ
2331 887 2548 957 φύσεσι,
2589 884 2960 955 λογιζόμενος,
2992 881 3088 934 καὶ
3122 879 3282 941 νοῶν,
3323 879 3418 930 καὶ
3437 874 3660 945 κρίνων

2063 978 2289 1043 ἕκαστα,
2315 977 2411 1031 καῖ
2442 975 2540 1039 τὰς
2561 974 2760 1046 ἀρετὰς
2794 969 3164 1044 μεταδιώκων,
3185 968 3279 1021 καὶ
3301 965 3410 1019 τῶν
3430 963 3658 1035 ἀρετῶν

2065 1068 2157 1122 τὸν
2190 1067 2474 1136 κολοφῶνα
2503 1067 2602 1138 τὴν
2644 1065 2927 1120 εὐσέϐειαν
2975 1063 3356 1132 ἀσπαζόμενος
3379 1077 3392 1090 ·
3431 1057 3515 1111 διδ
3547 1055 3656 1110 καὶ

2069 1159 2263 1232 μικρὸς
2277 1159 2479 1229 κόσμος
2505 1159 2651 1211 ἐστὶν
2679 1161 2706 1211 ὁ
2731 1158 3036 1228 ἄνθρωπος.

2134 1336 2256 1408 Χρὴ
2288 1336 2345 1388 δὲ
2399 1336 2623 1398 εἰδέναι,
2665 1335 2740 1399 ὡς
2787 1335 2895 1388 tam
2929 1333 3028 1403 μὲν
3052 1329 3149 1385 τοῦ
3190 1330 3444 1400 σώματος
3477 1331 3652 1399 μόνου

2064 1426 2229 1496 τομὴ.
2255 1426 2347 1477 καὶ
2378 1424 2585 1495 ῥεῦσις,
2637 1423 2732 1476 καὶ
2757 1421 3049 1492 μεταϐολή.
3093 1418 3386 1488 Μεταϐολὴ
3443 1418 3565 1488 μὲν,
3609 1421 3648 1488 ἡ

2068 1519 2208 1574 κατὰ
2241 1518 2520 1586 ποιότητα,
2550 1516 2718 1586 ἤγουν
2753 1513 3072 1586 θέρμανσιν,
3108 1513 3204 1566 καὶ
3243 1510 3426 1580 ψύξιν,
3455 1510 3552 1565 καὶ
3579 1510 3650 1562 τὰ

2065 1611 2304 1664 τοιαῦτα.
2350 1607 2564 1671 Ῥεῦσις
2613 1606 2693 1673 δὲ,
2732 1608 2766 1677 ἡ
2829 1609 2972 1660 κατὰ
3028 1604 3301 1659 κένωσιν·
3356 1601 3650 1657 κενοῦνται

2065 1705 2172 1775 γὰρ
2206 1704 2300 1756 καὶ
2331 1701 2490 1773 ξηρὰ,
2547 1701 2639 1754 καὶ
2687 1699 2850 1771 ὑγρὰ,
2883 1697 2979 1751 καὶ
3025 1696 3267 1766 πνεῦμα,
3325 1689 3400 1749 ὧν
3451 1694 3650 1765 χρῄζει

393 1787 611 1858 generis
648 1805 660 1839 :
699 1787 816 1856 pari
844 1787 1008 1842 modo
1041 1787 1336 1842 fluxionem
1361 1801 1478 1840 eam
1500 1801 1621 1855 qua:
1649 1787 1967 1842 evacuaudo

2082 1797 2167 1867 τῆς
2193 1793 2636 1866 ἀναπληρώσεως
2661 1813 2676 1829 ο
2735 1794 2875 1848 ὥστε
2932 1793 3141 1862 φυσικά
3181 1793 3287 1844 εἰσι
3323 1792 3487 1860 πάθη,
3517 1793 3552 1862 ἦ
3584 1809 3646 1844 τε

400 1877 460 1931 fit
493 1879 559 1932 δ’.
598 1877 948 1932 Evacuantur
973 1877 1119 1932 enim
1162 1878 1308 1933 sicca
1344 1885 1398 1932 et
1423 1877 1668 1942 humida,
1701 1891 1766 1930 ac
1809 1877 1968 1947 spiri-

395 1979 508 2032 tus,
571 1979 626 2024 et
684 1971 1028 2039 suppletione
1065 1987 1206 2041 opus
1244 1972 1484 2026 habent:
1519 1971 1664 2026 unde
1717 1971 1890 2027 fames
1917 1981 1970 2026 et

394 2060 520 2117 sitis
551 2061 830 2115 naturales
877 2060 1196 2116 affectiones
1225 2070 1374 2116 sunt.
1409 2060 1594 2116 Sectio
1624 2069 1706 2118 est
1738 2063 1971 2116 secretio

395 2154 686 2206 humorum
720 2153 786 2204 ab
813 2152 1074 2219 invicem,
1105 2161 1161 2208 et
1205 2152 1402 2207 divisio
1437 2152 1491 2206 in
1525 2152 1754 2208 formam
1785 2161 1836 2208 et
1860 2168 1973 2207 ma-

397 2247 590 2301 teriam
619 2247 686 2298 ⁸ο.

466 2337 682 2392 Rursus
736 2336 802 2389 ad
852 2336 1092 2390 animam
1145 2335 1372 2405 proprie
1431 2341 1681 2404 spectant
1711 2333 1886 2404 pietas
1920 2341 1975 2388 et

395 2425 792 2480 consideratio.
856 2425 1069 2479 Anima:
1123 2440 1251 2479 vero
1285 2433 1339 2479 et
1367 2423 1589 2494 corpori
1652 2437 1976 2478 communes

395 2525 525 2572 sunt
555 2516 787 2571 virtutes
821 2534 834 2571 :
874 2531 996 2570 cum
1031 2524 1212 2570 tamen
1244 2514 1310 2570 ad
1369 2515 1608 2569 animam
1645 2513 1974 2576 referantur,

397 2613 584 2678 utpote
611 2607 790 2662 anima
815 2607 1068 2676 corporis
1107 2623 1327 2677 operam
1363 2607 1694 2661 asciscente.

465 2697 622 2752 Ratio
668 2713 760 2765 per
822 2708 1072 2750 naturam
1137 2697 1353 2762 domina
1391 2697 1559 2764 partis
1620 2695 1974 2749 irrationalis.

394 2791 603 2844 Anima:
632 2788 766 2842 vires
799 2787 1000 2841 rationi
1044 2786 1377 2858 obsequentes
1408 2795 1456 2840 et
1484 2803 1586 2840 non
1617 2786 1976 2856 obsequentes.

396 2879 534 2935 lllud
591 2888 854 2950 praeterea
896 2879 1222 2942 notandum,
1261 2877 1407 2947 quod
1461 2877 1604 2932 ratio
1662 2893 1726 2932 ex
1781 2886 1978 2945 suapte

397 2981 595 3027 natura
624 2970 1024 3027 irrationabilis
1069 2969 1243 3040 partis
1275 2969 1497 3023 domina
1529 2969 1616 3022 sit.
1653 2966 1979 3021 Dividuntur

2071 1891 2250 1949 πεῖνα,
2282 1889 2375 1942 καὶ
2404 1891 2437 1958 ἡ
2461 1887 2608 1957 δίψα.
2633 1887 2788 1958 Τομὴ
2820 1886 2898 1952 δὲ,
2938 1887 2970 1956 ἡ
3000 1885 3107 1936 τῶν
3145 1883 3331 1953 χυμῶν
3352 1883 3449 1935 ἀπ’
3471 1882 3646 1951 ἀλλή-

2070 1983 2177 2034 λων
2210 1981 2568 2053 διαχώρησις,
2623 1980 2716 2033 καὶ
2764 1980 2792 2031 ὁ
2849 1979 2930 2041 εἰς
2975 1973 3115 2040 εἶδος
3155 1977 3244 2031 καὶ
3295 1975 3424 2044 ὕλην
3476 1991 3636 2043 μεριο

2075 2074 2230 2144 σμὸς.

2149 2338 2283 2392 Ἴδια
2337 2335 2394 2389 δὲ
2442 2334 2542 2404 τῆς
2598 2333 2775 2406 ψυχῆς
2813 2335 2848 2404 ἡ
2893 2332 3162 2399 εὐσέϐεια,
3193 2332 3289 2385 καὶ
3345 2333 3380 2402 ἠ
3435 2332 3644 2400 νόησις

2077 2427 2250 2485 Κοινὰ,
2281 2425 2338 2479 δὲ
2367 2425 2544 2495 ψυχῆς
2589 2425 2682 2478 καὶ
2738 2424 2988 2494 σώματος
3045 2424 3101 2477 αἱ
3162 2424 3376 2494 ἀρεταὶ,
3409 2421 3651 2492 ἐχουσῶν

2078 2519 2169 2572 καὶ
2205 2515 2414 2571 τούτων
2463 2517 2558 2570 ἐπὶ
2598 2515 2696 2586 τὴν
2735 2515 2914 2586 ψυχὴν
2964 2515 3265 2586 ἀναφορὰν,
3323 2509 3434 2567 οἷον
3471 2514 3652 2584 ψυχῆς

2077 2607 2510 2679 προσχρωμένης
2543 2607 2776 2677 σώματι.

2147 2699 2269 2769 Χρὴ
2289 2697 2606 2766 γινώσκειν,
2632 2699 2713 2752 ὅτι
2737 2697 2799 2749 τὸ
2831 2697 3049 2766 λογικὸν
3078 2697 3239 2765 φύσει
3265 2696 3530 2766 κατάρχει
3554 2695 3655 2747 τοῦ

2078 2792 2293 2860 ἀλόγου.
2327 2789 2673 2860 Διαιροῦνται
2703 2787 2809 2858 γὰρ
2840 2791 2896 2843 αἱ
2940 2788 3199 2858 δυνάμεις
3243 2789 3343 2855 τῆς
3367 2787 3545 2857 ψυχῆς
3572 2787 3657 2849 εις

2078 2882 2293 2949 λογικὸν
2322 2883 2416 2935 καὶ
2442 2882 2655 2950 ἄλογον.
2685 2879 2792 2934 Τοῦ
2841 2880 2897 2933 δὲ
2947 2880 3143 2948 ἀλόγου
3175 2879 3316 2950 μέρη
3373 2879 3484 2931 εἰσὶ
3522 2876 3656 2930 δύο·

2079 2975 2140 3027 τὸ
2177 2975 2275 3042 μὲν
2309 2973 2538 3042 ἀνήκοον
2562 2974 2677 3026 ἐστι
2719 2973 2880 3043 λόγῳ,
2911 2973 3078 3042 ἤγουν
3105 2972 3167 3025 οὒ
3196 2971 3442 3025 πείθεται
3465 2971 3614 3039 λόγῳ
3641 2986 3658 3001 ο

397 3063 602 3132 quippe
631 3063 830 3116 anima:
871 3060 1163 3116 facultates
1217 3060 1271 3124 in
1304 3076 1422 3115 cam
1451 3075 1572 3129 quae
1597 3060 1824 3114 rationis
1853 3075 1975 3129 par-

2082 3061 2212 3115 τὸδὲ
2239 3062 2508 3131 κατήκοον
2539 3065 2676 3126 ἐστι,
2716 3063 2810 3116 καὶ
2845 3062 3132 3124 ἐπιπειθὲς
3187 3060 3352 3132 λόγῳ.
3394 3061 3664 3131 ’Λνήκοον

399 3154 808 3222 ticeps,eteam
860 3168 980 3221 quae
1011 3152 1246 3207 rationis
1293 3167 1490 3221 expers
1535 3158 1640 3206 cst.
1675 3153 1751 3205 Ac
1782 3166 1979 3206 rursus

399 3243 491 3295 illa
540 3257 663 3310 qua:
724 3243 959 3297 rationis
1009 3253 1095 3296 est
1150 3256 1366 3308 expers,
1419 3242 1555 3296 duas
1581 3250 1764 3310 partes
1795 3241 1979 3306 habet,

398 3346 634 3400 quarum
699 3331 870 3384 altera
908 3330 1181 3384 rationem
1215 3346 1322 3382 non
1368 3329 1543 3392 audit,
1581 3330 1634 3382 id
1680 3339 1766 3383 est
1799 3329 1847 3385 ei
1873 3345 1980 3383 non

400 3420 750 3490 obsequitur;
789 3419 959 3474 altera
990 3419 1040 3473 ei
1090 3426 1244 3489 paret
1267 3427 1319 3472 et
1358 3419 1720 3487 obtemperat.
1785 3419 1971 3474 Ratio-

401 3512 489 3565 nis
530 3510 804 3566 dictamen
843 3517 897 3565 et
921 3510 1207 3579 imperimn
1268 3510 1478 3578 spernit
1507 3510 1688 3565 vitalis
1740 3511 1974 3567 facultas

401 3618 523 3674 qua:
573 3601 842 3672 pulsatrix
901 3601 1248 3672 appellatur,
1310 3600 1548 3670 itemque
1630 3601 1974 3667 scminatrix,

403 3708 496 3748 seu
529 3706 834 3763 generatis;
875 3700 1132 3760 vegetans
1182 3705 1422 3758 quoque,
1464 3706 1584 3759 quae
1614 3701 1668 3745 et
1697 3693 1776 3747 vis
1801 3693 1964 3747 altrix

403 3781 627 3846 dicitur,
661 3779 728 3833 ad
753 3795 916 3850 quam
973 3778 1300 3848 augescendi
1345 3777 1576 3834 facultas
1603 3789 1836 3851 spectat,
1861 3799 1980 3853 quae

403 3880 457 3927 et.
488 3886 719 3942 corpora
761 3870 984 3932 format,
1031 3877 1085 3923 et
1134 3868 1448 3922 concinnat.
1501 3869 1685 3941 Neque
1715 3874 1858 3926 enim
1901 3875 1980 3930 hic

408 3964 644 4026 ratione.
677 3962 771 4019 sed
822 3971 1020 4015 natura
1058 3969 1345 4030 reguntur.
1385 3961 1517 4016 Pars
1542 3971 1722 4018 autem
1753 3965 1842 4018 illa
1867 3983 1986 4036 qua:

2084 3153 2184 3223 μὲν
2217 3146 2328 3217 οὖν,
2361 3153 2456 3205 καὶ
2493 3152 2570 3224 μὴ
2599 3153 2918 3223 πειθόμενον
2957 3153 3121 3222 λόγῳ,
3157 3153 3274 3204 ἐστὶ
3306 3153 3367 3204 τὸ
3397 3148 3660 3213 ζωτικὸν,

2079 3245 2108 3296 ὃ
2159 3245 2253 3297 καὶ
2316 3245 2624 3314 σφυγμικδν
2678 3246 2950 3302 καλεῖται.
3007 3245 3102 3297 καὶ
3149 3245 3209 3296 τὸ
3254 3243 3662 3313 σπερματικὸν,

2079 3334 2248 3404 ἤγουν
2271 3336 2613 3403 γεννητικὸν,
2643 3335 2736 3387 καὶ
2793 3333 2852 3386 τὸ
2890 3333 3137 3402 φυτικὸν,
3173 3331 3200 3384 ὂ
3237 3331 3327 3384 καὶ
3361 3330 3665 3401 ορεπτιν.δν

2082 3425 2357 3478 καλεῖται’
2390 3424 2580 3478 τούτου
2633 3425 2690 3479 δέ
2756 3427 2873 3478 ἐστι
2902 3424 2995 3478 καὶ
3028 3425 3089 3476 τὸ
3114 3423 3426 3494 αὐξητικὸν,
3469 3422 3533 3474 τὸ
3561 3423 3669 3474 καὶ

2078 3513 2408 3568 διαπλάσσον
2431 3514 2499 3568 τὰ
2534 3513 2778 3585 σώματα.
2811 3507 2995 3568 Ταῦτα
3039 3515 3148 3585 γὰρ
3183 3515 3242 3567 οὐ
3279 3513 3425 3584 λόγῳ
3452 3513 3668 3583 κυϐερ-

2081 3604 2298 3668 νῶνται,
2335 3604 2468 3657 ἀλλὰ
2496 3607 2560 3675 τῇ
2585 3604 2745 3674 φύσει
2765 3621 2778 3635 ·
2809 3603 2873 3658 τὸ
2901 3605 2958 3657 δὲ
2979 3605 3250 3674 κατήκοον
3266 3606 3360 3658 καὶ
3376 3603 3666 3665 ἑπιπειθὲς

2080 3696 2241 3766 λόγῳ,
2273 3696 2558 3767 διαιρεῖται
2593 3699 2673 3761 εἰς
2705 3695 2884 3767 θυμὸν
2917 3698 3008 3751 καὶ
3040 3697 3361 3767 ἐπιθυμίαν.
3392 3695 3667 3749 Καλεῖτ-αι

2081 3787 2137 3840 δὲ
2162 3787 2358 3851 κοινῶς
2398 3788 2459 3840 τὸ
2489 3787 2680 3856 ἄλογον
2731 3787 2897 3859 μέρος
2933 3789 3036 3858 τῆς
3075 3787 3275 3858 ψυχῆς,
3332 3787 3668 3858 παθητικὸν,

2090 3879 2184 3931 καὶ
2211 3878 2512 3949 ὀρεκτικόν.
2541 3878 2661 3948 Χρὴ
2692 3878 2746 3930 δὲ
2771 3879 3082 3946 γινώσκειν,
3109 3879 3192 3932 ὅτι
3221 3879 3314 3931 τοῦ
3341 3877 3671 3940 ὲπιπειθοῧς

2093 3970 2236 4041 λόγῳ
2269 3971 2408 4036 ἐστὶ,
2447 3971 2541 4023 καὶ
2569 3971 2603 4041 ἡ
2630 3970 2752 4023 καθ’
2785 3971 2962 4041 ὁρμὴν
2985 3969 3218 4041 κίνησις.

407 4057 674 4110 rationem
707 4053 883 4120 audit,
914 4054 1074 4123 eique
1100 4053 1451 4122 obsequitur,
1501 4053 1556 4107 in
1585 4055 1720 4108 iram
1751 4064 1805 4110 et
1833 4059 2192 4128 cupiditatem
2229 4061 2602 4116 distribuitur.
2660 4060 2950 4115 Communi
3003 4069 3182 4116 autem
3255 4059 3475 4114 nomine
3535 4073 3672 4129 pars

411 4145 810 4217 irrationabilis
851 4152 1082 4198 vocatur
1116 4144 1228 4208 illa,
1261 4143 1316 4196 in
1361 4156 1464 4210 qua
1491 4143 1778 4212 passiones
1802 4154 1856 4199 et
1917 4150 2195 4218 appetitus
2249 4151 2552 4207 exsistunt.

408 4237 475 4291 ad
506 4249 626 4290 eam
667 4241 870 4304 partem
905 4250 1024 4304 qua:
1058 4234 1258 4288 rationi
1283 4233 1474 4289 subest
1502 4234 1796 4304 pertinere.

480 4330 550 4384 At
579 4344 709 4384 vero
770 4327 1004 4383 facultas
1058 4327 1240 4392 altrix,
1279 4341 1570 4396 generatis,
1604 4329 1823 4384 arteria
1863 4331 1983 4400 pul-
2015 4333 2062 4391 D

410 4424 605 4485 satrix,
663 4421 731 4475 ad
779 4421 926 4475 illam
986 4419 1182 4474 attinet
1230 4433 1352 4487 quze
1423 4419 1660 4474 rationis
1692 4421 1982 4490 imperium

411 4515 639 4584 respuit.
695 4511 963 4581 Vegctans
991 4517 1171 4562 autem
1210 4507 1469 4570 facultas,
1517 4510 1719 4564 dicitur
1747 4513 1836 4565 illa
1875 4529 1985 4582 qua

409 4608 733 4669 crescimus,
770 4611 823 4659 et
876 4602 1194 4672 gignimus:
1248 4599 1428 4655 vitalis
1490 4602 1731 4670 tandem,
1787 4618 1848 4658 ea
1878 4620 1986 4674 qua

409 4697 626 4752 arteriae
650 4703 963 4748 moventur.

483 4789 654 4841 Porro
713 4786 949 4840 facultas
1005 4781 1286 4836 nutriendi
1349 4783 1784 4853 quadripartitas
1845 4785 1988 4841 vires

410 4881 597 4938 habet.
628 4878 889 4932 nimirum
927 4875 1264 4940 attrahettdi,
1296 4890 1403 4945 qua
1443 4876 1599 4931 cibus
1636 4876 1978 4944 attrahitur;

417 4969 707 5033 retinendi,
771 4984 875 5038 qua
911 4967 1200 5031 retinetur,
1259 4982 1358 5019 nec
1414 4964 1710 5020 confestim
1758 4966 1984 5023 cxcerni

413 5060 653 5126 sinitur;
715 5057 1067 5122 immutandi,
1119 5071 1223 5127 qua
1279 5058 1596 5110 alimentum
1636 5056 1688 5110 in
1733 5057 1990 5112 humores

451 5212 728 5270 "Nemes.
771 5231 822 5270 c.
857 5214 881 5268 1
931 5213 1005 5270 De
1033 5216 1321 5270 natu/tom.
1429 5216 1474 5246 °°
1501 5215 1716 5270 Nemes.
1776 5215 1908 5270 ibid.

2637 4150 2792 4207 Scire
2844 4153 3073 4206 interest
3143 4151 3249 4204 vim
3320 4150 3671 4219 impulsivam

2167 4333 2184 4367 ί
2217 4330 2321 4383 Τοῦ
2352 4330 2409 4384 δὲ
2451 4331 2525 4403 μὴ
2554 4331 2876 4402 πειθομένου
2931 4332 3074 4403 λόγῳ
3101 4334 3215 4385 ἐστὶ
3252 4332 3312 4386 τὺ
3347 4332 3668 4404 Θρεπτικδν,

2085 4422 2179 4474 καὶ
2215 4423 2553 4493 γεννητικὸν,
2594 4423 2688 4475 καὶ
2737 4422 3046 4494 σφυγμικόν
3068 4440 3082 4454 ο
3112 4423 3355 4477 καλεῖται
3387 4425 3445 4478 δὲ
3479 4424 3667 4496 [φυτι-

2086 4511 2182 4564 κὸν
2214 4510 2264 4583 υ]
2324 4514 2420 4582 μὲν
2453 4513 2514 4565 τὸ
2559 4513 2852 4584 αὐξητικὸν
2901 4514 2994 4566 καὶ
3041 4513 3098 4567 τὸ
3135 4513 3448 4584 Θρεπτικδν,
3478 4517 3576 4569 καὶ
3606 4519 3673 4570 τὸ

2087 4603 2404 4674 γεννητικόν
2435 4621 2449 4636 ο
2483 4603 2712 4668 ζωτικὸν
2739 4605 2816 4673 δὲ,
2839 4605 2902 4659 τὸ
2927 4607 3264 4677 σφυγμικόν.

2162 4783 2269 4836 Τοῦ
2307 4782 2404 4854 μὲν
2433 4778 2526 4836 οὖν
2557 4781 2855 4854 Θρεπτικοῦ
2915 4781 3176 4854 δυνάμεις
3206 4784 3314 4836 εἰσὶ
3366 4784 3638 4854 τέσσαρες

2089 4873 2335 4938 ἑλκτικὴ,
2394 4874 2428 4943 ἡ
2455 4873 2689 4936 ἕλκουσα
2713 4874 2812 4945 τὴν
2842 4879 3049 4946 τροφήν
3069 4894 3082 4907 ·
3113 4875 3438 4948 καθεκτικὴ,
3469 4879 3503 4948 ἡ
3533 4895 3672 4932 κατ-

2093 4965 2290 5035 έχουσα
2317 4966 2414 5036 τὴν
2445 4965 2651 5036 τροφὴν
2696 4967 2791 5020 καὶ
2827 4967 2902 5037 μὴ
2944 4967 3090 5020 ἐῶσα
3148 4969 3318 5040 αὐτὴν
3348 4967 3552 5033 εὐθέως
3583 4972 3663 5022 ὲκ-

2096 5055 2383 5128 κριοῆναι·
2446 5056 2792 5128 ἀλλοιωτικὴ,
2839 5060 2872 5128 ἡ
2901 5057 3189 5112 ἀλλοιοῦσα
3215 5059 3314 5128 τὴν
3347 5059 3554 5130 τροφὴν
3593 5063 3640 5113 εἰ

2008 5217 2050 5248 ⁶¹
2084 5215 2302 5272 Nemea.
2328 5231 2451 5288 cap.
2484 5215 2574 5272 25.

1696 5366 1729 5422 ν
1742 5372 1781 5422 Α
1795 5367 1931 5421 ΝΛΞ
1970 5365 2258 5422 LECTION
2268 5367 2369 5421 ES.

502 5524 525 5560 ι
553 5525 680 5590 Qum
712 5529 1018 5593 sequuntur
1049 5537 1222 5592 usque
1251 5522 1318 5577 ad
1366 5524 1455 5577 As!
1483 5521 1541 5575 δὲ
1564 5518 1878 5590 γινώσκειν,
1910 5522 2102 5586 etc.,in
2136 5538 2268 5578 mss.
2301 5530 2355 5578 et
2381 5521 2546 5577 veteri
2577 5522 2930 5593 translatione
2969 5521 3319 5591 reperiuntur
3358 5520 3428 5593 ad
3464 5519 3666 5574 calcem

428 5603 550 5664 cap.
576 5589 648 5664 3‘2
678 5589 804 5664 mp};
829 5592 1024 5662 θυμοῦ,
1072 5589 1266 5664 αρ’ὶτςι,
1318 5595 1413 5648 scd
1451 5589 1704 5661 componi
1738 5608 1846 5646 non
1878 5601 2106 5662 possunt
2142 5607 2266 5649 cum
2299 5594 2366 5649 iis
2416 5609 2534 5663 quae
2565 5591 2631 5650 de
2670 5595 2750 5649 ira
2803 5589 3224 5664 prmuittuutur.
3306 5601 3330 5630 ιι
3358 5589 3472 5646 Vox
3534 5604 3666 5658 sup-

431 5661 626 5732 plenda
658 5679 722 5718 cx
755 5661 1002 5717 Nciucsio
1025 5678 1144 5731 cap.
1171 5662 1261 5713 22.
