4014 6202
338 221 447 284 933

1405 215 1502 275 DE
1532 212 1711 275 FIDE
1748 209 2210 272 ORTHODOXA
2242 206 2392 271 LIB.
2417 212 2500 270 II.

3509 206 3621 271 934

340 333 374 403 ἢ
416 330 734 399 νομίζοντες
768 324 1117 389 ἀδικεῖσθαι,
1171 323 1526 395 λυπούμεθα·
1567 324 1663 378 καὶ
1724 322 1935 391 γίνεται

2058 321 2109 374 ιὶι
2141 320 2331 390 aliquo
2360 320 2634 385 laedimur,
2687 326 2780 372 aut
2810 316 2933 371 laedi
2964 331 3073 373 nos
3107 314 3499 379 existimanus,
3534 316 3616 369 ira

338 421 459 475 τότε
496 419 691 490 μικτὸν
720 417 783 471 τὸ
823 417 993 481 πάθος
1024 416 1087 481 ἐξ
1107 416 1407 487 ἐπιθυμίας
1432 418 1528 494 καί
1554 414 1752 486 θυμοῦ.

411 595 542 667 Εἴδη
571 594 629 647 δὲ
652 593 743 647 τοῦ
772 592 951 663 Θυμοῦ
977 593 1107 665 τρία
1129 611 1142 625 ⁸
1170 594 1335 665 ὀργὴ,
1354 595 1479 666 ἥτις
1503 594 1751 649 καλεῖται
1772 592 1927 663 χολὴ,

343 687 437 740 καί
467 685 646 756 χόλος,
688 684 784 736 καὶ
838 684 1025 754 μῆνις,
1075 685 1172 737 καὶ
1228 686 1410 749 κότος.
1440 686 1624 756 Θυμὸς
1666 686 1765 757 μὲν
1820 685 1930 756 γὰρ

341 778 518 848 ἀρχὴν
546 777 644 829 καὶ
677 775 893 845 κίνησιν
935 774 1096 845 ἔχων,
1136 776 1297 847 ὀργὴ,
1323 778 1417 830 καὶ
1450 778 1601 847 χολὴ,
1634 778 1729 830 καὶ
1776 778 1931 848 χόλος

343 870 584 937 λέγεται.
620 868 801 937 Μῆνις
831 868 909 932 δέ,
960 866 1092 936 χολὴ
1141 867 1497 937 ἐπιμένουσα,
1525 868 1695 939 ἧγουν
1740 885 1931 939 μνησι-

345 962 547 1016 κακία⁶
581 960 803 1032 εἴρηται
843 960 900 1013 δὲ
934 961 1089 1032 παρὰ
1114 961 1176 1015 τὸ
1219 961 1424 1033 μένειν,
1469 960 1567 1013 καὶ
1610 964 1679 1033 τῇ
1738 962 1935 1035 μνήμῃ

346 1052 761 1127 παραδίδοσθαι.
795 1051 967 1115 Κότος
993 1052 1070 1119 δὲ,
1097 1053 1238 1125 ὀργὴ
1262 1052 1601 1125 ἐπιτηροῦσα
1622 1054 1825 1123 ’καιρὸν
1850 1055 1933 1118 εἰς

345 1143 621 1216 τιμωρίαν
648 1158 660 1172 ·
698 1142 920 1215 εἴρηται
948 1144 1008 1197 δὲ
1042 1134 1201 1209 οὗτος
1232 1145 1386 1217 παρὰ
1410 1143 1473 1198 τὸ
1507 1144 1741 1200 κεῖσθαι.

428 1494 587 1546 Ἔστι
630 1493 688 1547 δὲ
727 1495 756 1547 ό
787 1494 959 1565 θυμὸς
1005 1495 1069 1548 τὸ
1115 1496 1477 1567 δορυφορικὸν
1504 1496 1599 1549 τοῦ
1642 1495 1930 1566 λογισμοῦ,

2032 427 2453 467 commovemur
2487 431 2500 466 :
2535 426 2599 466 ac
2627 421 2758 466 tunc
2808 410 3013 465 mistus
3045 409 3101 463 iit
3131 410 3221 463 hic
3262 409 3496 463 atl‘cctus
3550 423 3617 463 cx

2036 503 2341 573 cupiditate
2366 515 2420 559 et
2452 505 2564 560 ira.

2105 594 2233 649 Tres
2264 596 2360 650 iraa
2388 597 2679 667 species.—-
2710 589 2847 649 Tres
2881 605 3047 661 porro
3081 590 3177 644 irae
3206 598 3335 645 sunt
3371 589 3620 662 species:

2033 688 2531 751 Excandescentia,
2597 700 2720 756 quae
2774 692 2830 740 et
2869 684 3023 755 χολὴ,
3094 691 3150 739 et
3186 683 3343 753 χολος
3375 684 3621 749 dieitur;

2036 779 2213 848 μῆνις,
2244 779 2469 842 item,et
2493 779 2669 841 κότος.
2710 776 2845 831 Nam
2874 792 3002 832 cum
3035 778 3115 832 ira
3150 776 3418 841 exoritur,
3445 790 3629 830 move-

2035 871 2197 941 rique
2232 870 2450 941 incipit,
2476 871 2608 927 bilis
2653 876 3031 941 nuncupatur.
3088 869 3251 939 μῆνις
3307 876 3495 924 autem
3542 876 3629 922 cst

2035 963 2165 1018 bilis
2199 963 2545 1028 diuturnior,
2603 963 2719 1019 sive
2766 970 3010 1032 acceptas
3069 961 3289 1031 injuriae
3338 960 3627 1015 memoria.

2036 1056 2195 1114 Unde
2229 1057 2398 1113 etiam
2430 1057 2534 1113 hoc
2563 1073 2767 1113 nomen
2795 1064 2959 1111 nacta
3014 1064 3100 1112 est
3128 1055 3238 1110 ἀπὸ
3267 1054 3364 1108 τοῦ
3422 1054 3627 1124 μένειν,

2034 1150 2086 1205 id
2105 1158 2189 1205 est
2219 1150 2364 1220 quod
2394 1157 2613 1206 maneat
2644 1156 2699 1205 et
2726 1149 3002 1205 memoriae
3029 1147 3303 1203 tradatur.
3332 1147 3508 1210 Κδτος
3543 1146 3634 1201 de-

2037 1240 2205 1310 nique
2236 1248 2321 1296 est
2341 1241 2425 1294 ira
2462 1238 2765 1294 ulciscendi
2790 1239 3147 1293 occasionem
3187 1237 3347 1307 183
3375 1245 3630 1306 captans.

2034 1332 2182 1388 unde
2208 1340 2263 1388 et
2283 1346 2482 1387 nomen
2508 1330 2797 1385 traxiteno
2817 1331 2913 1384 τοῦ
2934 1329 3168 1397 κεῖσθαι,
3199 1329 3254 1385 id
3276 1340 3383 1397 est,
3396 1344 3464 1385 eo
3484 1327 3631 1399 quod

2034 1424 2219 1479 anima
2257 1423 2498 1493 reposita
2525 1423 2620 1479 sit.

2091 1508 2207 1574 Ira,
2236 1511 2463 1565 rationis
2487 1510 2724 1575 satelles,
2754 1509 2945 1565 vindex
2968 1511 3508 1579 concupiscentiw.—
3537 1512 3635 1567 Est

352 1582 567 1646 ἔκδικος
604 1584 705 1654 τῆς
759 1584 1080 1656 ἐπιθυμίας.
1119 1586 1289 1640 Ὅταν
1338 1584 1446 1657 γὰρ
1503 1586 1933 1656 ἐπιθυμήσωμεν

2058 1616 2214 1671 porro
2240 1602 2325 1656 ira
2356 1602 2592 1659 rationis
2621 1602 2865 1668 satelles,
2898 1602 3096 1658 vindex
3124 1601 3467 1671 cupiditatis.
3494 1600 3633 1657 Nam

352 1674 699 1745 πράγματος,
746 1675 840 1727 καὶ
885 1674 1220 1746 κωλυθῶμεν
1258 1676 1364 1729 ὑπό
1401 1694 1567 1742 τινος,
1616 1677 1935 1749 θυμούμεθα

2058 1708 2175 1747 sum
2203 1693 2283 1749 rei
2346 1693 2588 1763 alicujus
2610 1692 2888 1749 desiderio
2916 1701 3191 1757 tenemur,
3253 1703 3418 1762 atque
3441 1693 3510 1749 ab
3537 1693 3639 1746 ali-

353 1764 479 1817 κατ’
517 1765 714 1833 αὑτοῦ,
736 1765 813 1829 ὡς
842 1766 1197 1835 ἀδικηθέντες
1218 1783 1232 1798 ο
1263 1769 1359 1821 τοῦ
1400 1768 1667 1839 λογισμοῦ
1692 1768 1937 1840 δηλονότι

355 1857 647 1929 κρίναντος
687 1858 839 1924 ἄξιον
893 1860 1325 1935 ἀγανακτήσεως
1371 1860 1433 1913 τὸ
1479 1859 1797 1930 γενόμενον,
1846 1861 1941 1915 ἐπὶ

354 1946 465 2000 τῶν
498 1948 877 2018 φυλαττόντων
908 1949 1053 2004 κατὰ
1080 1950 1242 2019 φύσιν
1266 1946 1365 2022 τῆν
1390 1950 1599 2005 οἰκείαν
1620 1950 1797 2016 τάξιν.

849 2127 1102 2179 ΚΕΦΑΛ.
1145 2127 1224 2178 IZ'
1268 2124 1445 2197 [AA'].

840 2214 982 2283 Περί
1012 2216 1452 2285 φανταστικοῦ.

426 2307 794 2362 Φανταστικόν
826 2310 943 2361 ἐστι
970 2307 1203 2378 δύναμις
1239 2310 1340 2379 τῆς
1375 2310 1572 2378 ἀλόγου
1606 2311 1805 2383 ψυχῆς,
1854 2310 1943 2364 διὰ

353 2402 467 2455 τῶν
496 2401 873 2473 αἰσθητηρίων
906 2401 1229 2472 ἐνεργοῦσα,
1256 2402 1379 2473 ἥτις
1410 2402 1632 2472 λέγεται
1663 2403 1939 2474 αἴσθησις.

354 2494 665 2548 Φανταστὸν
693 2494 769 2560 δὲ,
798 2494 893 2547 καὶ
934 2493 1216 2566 αἰσθητὸν,
1238 2494 1299 2547 τὸ
1329 2496 1396 2565 τῇ
1420 2497 1716 2566 φαντασίᾳ,
1740 2497 1835 2549 καὶ
1872 2497 1940 2567 τῇ

356 2585 615 2654 αἰσθήσει
643 2584 952 2636 ὑποπῖπτον
972 2598 987 2613 ο
1025 2584 1102 2647 ὡς
1136 2584 1329 2652 ὅρασις
1361 2583 1482 2653 μὲν,
1514 2586 1709 2656 αὑτὴή
1742 2586 1943 2656 ὀπτικὴ

358 2676 625 2746 δύναμις·
670 2674 867 2744 ὁρατὸν
897 2673 981 2737 δὲ,
1006 2674 1069 2726 τὸ
1104 2675 1416 2729 ὐποπῖπτον
1444 2679 1512 2747 τῇ
1557 2677 1768 2747 ὁράσει,
1798 2677 1943 2741 λίθος

359 2767 542 2838 τυχὸν,
571 2767 605 2837 ἡ
651 2780 705 2819 τι
744 2767 852 2820 τῶν
879 2765 1180 2821 ’τοιούτων.
1208 2767 1487 2821 Φαντασία
1526 2768 1583 2821 δέ
1625 2770 1744 2822 ἐστι
1773 2770 1944 2833 πάθος

358 2859 461 2930 τῆς
486 2859 683 2927 ἀλόγου
718 2858 915 2928 ψυχῆς,
945 2858 1051 2911 ὑπὸ
1101 2858 1410 2927 φανταστοῦ
1444 2877 1589 2923 τινος
1634 2860 1941 2929 γινόμενον.

360 2948 666 3020 Φάντασμά
699 2948 809 3023 (82)
845 2950 923 3014 δὲ,
950 2948 1126 3015 πάθος
1180 2949 1429 3004 διάκενον
1462 2952 1521 3005 ἐν
1568 2953 1681 3015 τοῖς
1727 2953 1945 3022 ἀλόγοις

360 3040 464 3111 τῆς
492 3040 673 3111 ψυχῆς
702 3040 798 3094 ἀπ’
826 3040 1038 3104 οὐδενὸς
1077 3041 1385 3111 φανταστοῦ
1414 3042 1720 3113 γινόμενον.
1738 3044 1944 3117 Ὄργα-

364 3146 457 3184 νον
484 3131 541 3183 δὲ
592 3128 687 3183 τοῦ
728 3130 1127 3201 φανταστικοῦ,
1163 3132 1198 3201 ἡ
1257 3131 1595 3203 ἐμπρόσθιος
1632 3132 1811 3187 κοιλία
1850 3132 1946 3186 τοῦ

366 3221 699 3293 ἐγκεφάλου.

863 3546 1120 3601 non.
1161 3548 1247 3600 ne
1289 3545 1466 3618 [AB'].

889 3638 1030 3706 Περὶ
1065 3637 1428 3707 αἰσθήσεως.

446 3730 709 3801 Δτσθησίς
729 3731 846 3783 ἐστι
866 3728 1099 3800 δύναμις
1119 3730 1219 3800 τῆς
1248 3730 1428 3800 ψυχῆς
1458 3729 1822 3802 ἀντιληπτικὴ
1847 3730 1956 3784 τῶν

376 3821 543 3887 ὑλῶν,
572 3822 744 3891 ἤγουν
775 3819 1173 3889 διαγνωστικὴ.
1199 3818 1538 3890 Αἰσθητήρια
1582 3819 1659 3882 δέ,
1688 3819 1758 3872 τὰ
1786 3820 1956 3889 ὄργα-

374 3927 465 3974 να,
492 3911 664 3981 ἤγουν
693 3909 761 3963 τὰ
790 3909 932 3980 μέλη
946 3908 1027 3962 ’δι’
1059 3902 1135 3962 ὧν
1178 3909 1548 3979 αἰσθανόμεθα
1574 3926 1588 3939 ο
1613 3909 1849 3979 αἰσθητὰ
1874 3910 1954 3974 δὲ,

378 4002 448 4055 τὰ
474 4003 543 4070 τῇ
575 3998 828 4071 αἰσθήσει
859 3998 1233 4053 ὑποπίπτοντα
1252 4015 1266 4029 ·
1292 4000 1607 4071 αἰσθητικὸν
1628 4001 1706 4068 δὲ,
1735 4001 1797 4054 τὸ
1818 4000 1958 4065 ζῶον

375 4098 442 4152 τὸ
488 4098 611 4168 ἔχον
658 4096 758 4166 τὴν
813 4096 1090 4166 αἴσθησιν.
1131 4094 1257 4148 Εἰσί
1320 4095 1377 4149 δὲ
1430 4096 1717 4167 αἰσθήσεις
1772 4096 1957 4163 πέντε,

380 4190 585 4261 ὁμοίως
612 4189 708 4244 καὶ
735 4188 1067 4258 αἰσθητήρια
1102 4187 1288 4242 πέντε.
1504 4173 1509 4177 ’

2042 1797 2157 1851 quo
2190 1782 2546 1850 cohibemur,
2579 1791 2713 1838 tunc
2747 1783 2907 1853 quasi
2939 1782 3143 1852 injuria
3162 1791 3412 1853 accepta,
3440 1783 3635 1838 adver-

2043 1890 2143 1931 sus
2195 1875 2349 1931 illum
2406 1876 2902 1944 excandescimus;
2955 1877 3169 1932 ratione
3212 1876 3467 1931 videlicet
3513 1890 3634 1931 eam

2047 1982 2165 2022 rem
2222 1965 2508 2023 iracundia
2534 1966 2752 2036 dignam
2774 1966 3075 2038 iudicante,
3108 1966 3162 2020 in
3210 1966 3316 2021 illis
3334 1966 3520 2034 utique
3541 1963 3634 2033 qui

2043 2056 2296 2115 ordinem
2352 2072 2515 2115 suum
2551 2065 2802 2121 tuentur,
2837 2064 2899 2114 ut
2930 2067 3142 2115 natura:
3188 2058 3329 2115 ratio
3372 2056 3633 2126 postulat.

2289 2156 2300 2165 ’
2662 2148 2815 2205 CAP.
2850 2147 3012 2203 XVII.

2538 2242 2616 2297 De
2659 2243 2707 2295 ei
2755 2241 3146 2310 imaginatrice.

2116 2339 2259 2403 Quid
2274 2340 2343 2393 sit
2357 2333 2863 2409 imaginatio.,—-Vis
2876 2334 3639 2404 imaginaudi,irrationabilis

2052 2426 2252 2483 animm
2270 2427 2441 2496 partis
2471 2426 2704 2480 facultas
2727 2431 2833 2487 est,
2855 2438 2954 2493 per
2973 2438 3238 2478 sensuum
3262 2439 3467 2495 organa
3509 2438 3638 2495 ope-

2046 2532 2177 2572 rans
2206 2536 2221 2585 ;
2253 2534 2377 2588 quae
2399 2525 2453 2575 et
2482 2532 2682 2575 sensus
2724 2516 2951 2571 dicitur.
2984 2517 3294 2571 Φανταστὸν
3345 2526 3550 2583 autem,
3587 2525 3641 2573 et

2044 2607 2306 2664 sensibile
2348 2607 2485 2664 illud
2544 2606 2873 2677 appellatur,
2918 2604 3066 2675 quod
3116 2605 3221 2661 sub
3253 2604 3361 2659 vim
3402 2605 3550 2659 illam
3586 2614 3641 2659 et

2044 2714 2272 2754 sensum
2300 2700 2471 2766 cadit,
2533 2715 2587 2754 v.
2636 2714 2721 2769 gr.
2772 2698 2928 2753 visus
2970 2698 3089 2767 ipsa
3119 2698 3204 2752 vis
3222 2706 3305 2752 est
3336 2696 3638 2763 cernendi;

2045 2789 2286 2851 visibile,
2320 2790 2467 2859 quod
2507 2790 2647 2846 visui
2678 2788 3015 2857 subjicitur;
3045 2795 3195 2858 puta,
3229 2787 3389 2856 lapis,
3421 2796 3515 2842 aut
3543 2789 3643 2842 ali-

2046 2881 2175 2951 quid
2218 2880 2555 2949 hujusmodi.
2586 2880 2912 2950 lmaginatio
2943 2895 3110 2949 porro
3139 2887 3227 2935 est
3257 2879 3477 2935 atiectio
3505 2880 3645 2933 irra-

1973 3012 2015 3070 Β
2049 2974 2329 3029 tionabilis
2368 2974 2562 3029 animae
2588 2987 2654 3028 ex
2701 2974 2886 3043 aliqua
2929 2988 3013 3036 re,
3047 2986 3170 3041 quae
3216 2972 3273 3027 in
3308 2971 3644 3042 imaginandi

2050 3070 2156 3123 vim
2177 3067 2363 3132 cadat,
2394 3078 2608 3124 exorta.
2650 3067 2989 3123 Phantasma
3010 3065 3272 3136 denique,
3307 3079 3405 3122 seu
3439 3065 3643 3132 visum,

2048 3171 2134 3216 cst
2190 3160 2371 3215 inanis
2415 3159 2633 3215 atiectio
2681 3158 2738 3213 in
2793 3166 2947 3228 parte
3003 3156 3202 3212 animae
3256 3155 3646 3217 irrationabili,

2050 3265 2213 3320 quam
2246 3250 2394 3305 nulla
2426 3265 2540 3315 res,
2572 3265 2694 3320 qum
2722 3248 3105 3317 imaginationi
3142 3247 3491 3317 subjiciatur,
3529 3245 3648 3302 eiii-

2050 3342 2181 3398 ciat.
2215 3340 2387 3397 Sedes
2414 3356 2581 3411 porro
2631 3341 2853 3397 virtutis
2899 3338 3243 3412 imaginandi
3282 3346 3371 3396 est
3408 3338 3649 3394 anterior

2056 3433 2265 3490 cerebri
2307 3434 2671 3491 ventriculus.

2650 3544 2803 3598 CAP.
2850 3543 3042 3599 XVIII.

2708 3636 2785 3690 De
2821 3652 2996 3689 sensu.

2130 3726 2344 3783 Sensus
2369 3735 2453 3782 est
2469 3741 2534 3781 ea
2577 3726 2777 3780 anima
2797 3726 2903 3791 vis,
2936 3739 3059 3795 quae
3076 3740 3167 3780 res
3186 3723 3498 3779 materiales
3523 3738 3649 3794 per-

2059 3819 2215 3889 cipit,
2246 3834 2343 3873 seu
2372 3817 2656 3887 dijudicat.
2695 3817 2953 3871 Senseria
2992 3823 3202 3881 autem,
3239 3828 3445 3885 organa
3496 3824 3648 3879 sunt,

2061 3912 2179 3967 sive
2205 3909 2457 3965 membra
2492 3922 2728 3979 quorum
2761 3906 3029 3962 beneficio
3068 3916 3122 3963 et
3147 3921 3313 3976 opera
3357 3907 3645 3962 sentimus.

2063 4002 2361 4058 Sensibilia
2391 4016 2546 4067 vero,
2587 4014 2651 4056 ea
2668 4013 2800 4069 quae
2825 3998 2930 4053 sub
2968 4013 3192 4054 sensum
3231 3998 3460 4052 cadunt.
3508 3997 3652 4053 Sen-

2063 4094 2231 4151 tiendi
2257 4109 2454 4165 capax,
2488 4093 2750 4163 denique,
2787 4091 2990 4145 animal
3020 4098 3105 4147 est
3136 4106 3300 4147 sensu
3343 4090 3648 4161 praeditum.

2068 4187 2284 4243 Sensus
2310 4195 2493 4241 autem
2539 4188 2782 4257 quinque
2821 4191 2970 4251 sunt,
3005 4181 3341 4254 totidemque
3390 4198 3655 4240 sensuum

2064 4294 2295 4350 organa.

458 4368 656 4440 Πρώτη
712 4368 1005 4438 οῐσθησις,
1060 4366 1271 4437 ὅρασις.
1321 4366 1662 4439 Δίσθητήρια
1715 4370 1807 4438 δέ,
1869 4371 1950 4425 κατ

2145 4372 2365 4427 Primus
2397 4384 2592 4427 sensus
2617 4377 2700 4425 est
2739 4369 2913 4425 visus.
2944 4365 3201 4423 Senseria
3232 4365 3371 4435 ejus,
3422 4379 3517 4420 seu
3560 4377 3657 4417 or-

380 4461 595 4529 ὕργανα
621 4459 722 4530 τῆς
767 4458 1032 4530 ὁράσεως,
1071 4458 1143 4512 τὰ
1187 4458 1249 4523 ἐξ
1288 4458 1593 4528 ἐγκεφάλου
1638 4458 1829 4532 νεῦρα,
1872 4462 1968 4515 καὶ

388 4554 442 4605 οἰ
473 4550 778 4622 ὀφθαλμοί·
814 4550 1133 4605 αἰσθάνεται
1164 4551 1222 4603 δὲ
1282 4552 1319 4621 ἡ
1368 4550 1514 4619 ὄψις,
1559 4552 1703 4606 κατὰ
1751 4553 1968 4624 πρῶτον

390 4646 491 4715 μὲν
520 4643 699 4711 λόγον,
752 4640 849 4695 τοῦ
903 4640 1228 4712 χρώματος·
1284 4641 1737 4709 συνδιαγινώσκει
1782 4642 1838 4696 δὲ
1887 4643 1966 4714 τῷ

388 4734 658 4807 χρώματι,
689 4734 783 4787 καὶ
810 4732 872 4786 τὸ
904 4733 1291 4806 κεχρωσμένον
1323 4734 1505 4805 σῶμα,
1541 4734 1638 4789 καί.
1684 4734 1746 4788 τὸ
1785 4734 1952 4805 μέγε-

459 4910 503 4939 ⁶⁶
534 4908 753 4965 Nemes.
786 4922 914 4978 cap.
946 4907 980 4962 6

2073 4477 2213 4534 gana
2257 4461 2551 4526 sentiendi,
2601 4461 2753 4515 nervi
2787 4468 2971 4515 sunte
3014 4458 3241 4513 cerebro
3298 4454 3549 4519 derivati,
3603 4464 3657 4508 et

2074 4553 2243 4609 oculi.
2276 4553 2355 4607 Ac
2391 4554 2546 4608 visus
2576 4552 2796 4621 quidem
2835 4550 3101 4621 primarie
3133 4549 3372 4604 colorem
3401 4544 3656 4617 percipit,

2076 4653 2130 4703 et
2171 4661 2279 4701 una
2323 4662 2448 4701 cum
2504 4646 2695 4700 colore
2756 4658 2960 4714 corpus
3011 4643 3320 4697 coloratum
3379 4638 3659 4709 dignoscit

2068 4739 2355 4810 ipsiusque
2386 4735 2842 4809 magnitudinem,
2885 4734 3138 4806 ﬁguram,
3192 4734 3376 4790 locum
3433 4732 3490 4786 in
3546 4742 3660 4799 quo

1899 5057 2129 5118 None.

465 5154 578 5226 (89.)
619 5155 967 5226 Φάντασμα.
1012 5153 1362 5226 Phantasma,
1392 5158 1501 5226 etc.
1529 5151 1802 5226 Accurata
1856 5168 1965 5205 non

394 5219 495 5289 cst,
517 5219 786 5295 expositio
811 5219 987 5293 caque
1008 5223 1277 5295 duntaxat
1298 5220 1523 5295 exponit
1554 5219 1965 5295 phantasmata,

394 5312 514 5365 qua:
544 5290 878 5355 amentibus,
900 5290 1419 5365 etamelancholids
1456 5290 1969 5365 dorttiientibiisque

396 5359 744 5433 contingunt,
774 5372 835 5416 ut
861 5363 1098 5430 explicat
1124 5361 1438 5415 Nemesius.
1479 5359 1609 5433 Alia
1623 5374 1767 5433 vero
1792 5362 1970 5428 phan-

398 5429 636 5489 tasmata
665 5429 953 5494 dicuntur,
990 5446 1113 5501 quae
1163 5444 1416 5501 rerum_a
1464 5429 1725 5501 sensibus
1779 5444 1969 5498 perce-

397 5513 628 5574 ptarumr
676 5503 943 5574 imagines
991 5498 1155 5563 sunt,
1199 5498 1278 5552 uti
1336 5498 1466 5574 dum
1521 5499 1796 5574 quispiam
1848 5515 1971 5574 _res,

310 5606 315 5609 -
398 5567 541 5641 quas
562 5573 689 5627 olim
722 5567 862 5641 vidit
891 5578 1379 5641 quantumcunque
1396 5567 1666 5641 dissitas,
1695 5569 1970 5641 imagina-

400 5638 548 5698 tione
579 5650 785 5697 versat.
821 5638 943 5696 llaec
995 5648 1178 5696 autem
1222 5640 1291 5694 ab
1319 5638 1579 5709 objectis,
1623 5652 1746 5710 qua:
1775 5639 1971 5709 imagi-

2078 5158 2302 5212 natione
2334 5159 2541 5228 percipi
2592 5167 2853 5227 possunt,
2901 5168 3045 5217 sumi
3097 5160 3469 5217 certissimum
3526 5170 3650 5218 est:

2075 5230 2188 5299 imo
2215 5230 2425 5297 absque
2454 5229 2732 5297 ejusmodi
2769 5230 3250 5299 phantasmatibus
3285 5234 3492 5286 nullam
3539 5234 3655 5287 ﬁeri

2076 5298 2508 5371 intellectiouem
2539 5308 2593 5353 et
2636 5301 3026 5368 cegitationem
3081 5304 3241 5356 docet
3287 5301 3659 5371 Philosophus

2078 5368 2173 5441 iih.
2205 5384 2263 5421 Ill
2295 5369 2371 5422 De
2411 5371 2617 5434 anima,
2648 5385 2770 5439 cap.
2811 5372 2862 5433 7,
2889 5373 2970 5423 th.
3008 5371 3075 5425 50
3122 5378 3177 5426 et
3220 5387 3371 5441 seqq.
3418 5368 3659 5440 Aliquod

2080 5439 2252 5507 igitur
2309 5441 2636 5508 phantasma
2687 5448 2793 5503 est,
2831 5442 2974 5509 quod
3020 5456 3107 5495 res
3137 5450 3199 5495 ut
3220 5439 3371 5496 .su'rrt
3411 5443 3659 5503 exhibet,

2079 5524 2257 5583 neque
2293 5524 2511 5583 semper
2530 5518 2616 5564 est
2644 5524 2880 5564 vacuum
2921 5510 3199 5578 quoddam
3223 5521 3278 5568 et
3298 5513 3483 5578 inane,
3510 5512 3656 5583 quod

2082 5579 2363 5649 ohjectum
2397 5579 2558 5634 aliter
2583 5593 2647 5637 ac
2679 5587 2762 5635 cst
2794 5588 3174 5651 repraesentet.
