3996 6212
415 284 519 342 955

1605 280 1664 341 S.
1698 273 2017 341 JOANNIS
2055 281 2480 347 DAMASCENI

3583 288 3702 348 Οἴη

413 402 520 459 est,
545 389 890 460 interiectum
943 391 1203 461 spatium,
1238 399 1292 446 et
1353 405 1641 445 numerum
1664 392 1743 455 67;
1796 400 2005 445 motum

2117 391 2204 455 θος
2234 392 2423 458 αὑτοῦ,
2456 393 2550 446 καὶ
2581 395 2638 446 τὸ
2667 395 2875 466 σχῆμα,
2911 396 3005 448 καὶ
3050 395 3142 449 τὸν
3180 396 3342 449 τόπον
3375 398 3504 450 ἔνθα
3549 403 3719 455 ἐστὶν

412 501 632 558 quoque
663 495 717 540 et
746 485 1024 556 quietem;
1062 500 1412 556 asperumnc,
1454 499 1521 539 an
1554 486 1680 539 have
1710 501 1725 550 ;
1764 485 2008 555 planum,

412 594 480 631 an
526 579 791 648 inaequale
821 593 835 642 ;
861 583 1083 630 acutum
1117 619 1133 642 ,
1171 591 1237 630 an
1296 576 1556 630 obtusum
1597 590 1612 639 ;
1646 588 1710 628 ac
1763 574 2006 644 denique

412 669 588 741 ipsius
620 684 938 739 compagem
976 676 1030 723 et
1057 667 1502 732 consistentiam,
1533 681 1661 719 num
1691 679 1867 735 aquea
1911 667 2008 733 sit,

412 774 480 811 an
532 766 734 824 terrea,
774 755 880 811 hoc
909 765 995 810 est
1022 753 1267 820 humida,
1297 764 1390 809 aut
1411 754 1581 810 sicca.

484 937 643 992 Solus
674 937 829 990 homo
851 945 901 988 et
943 937 1102 988 simia
1139 949 1290 988 aures
1328 951 1430 988 non
1461 942 1681 989 morem.
1717 965 1784 976 —-
1806 933 2011 988 Secun-

413 1028 517 1082 dus
549 1041 752 1083 sensus
811 1037 896 1082 est
941 1025 1188 1091 auditus,
1219 1039 1328 1095 quo
1364 1040 1531 1080 voces
1578 1039 1643 1079 ac
1679 1024 1800 1079 soni
1832 1024 2010 1094 perci-

412 1123 664 1191 piuntur.
694 1119 794 1174 l-lie
816 1129 998 1173 autem
1024 1133 1222 1174 sensus
1241 1118 1518 1189 dignoscit
1537 1132 1727 1172 eorum
1757 1131 2008 1180 acumen,

413 1219 466 1265 et
500 1209 848 1279 gravitatem,
894 1211 1210 1273 lasvitatem,
1245 1217 1301 1262 et
1332 1209 1706 1278 asperitatem,
1739 1216 1793 1261 et
1822 1207 2010 1260 altitu-

412 1304 623 1356 dinem.
655 1301 830 1370 Ipsius
882 1315 1088 1369 organa
1137 1310 1268 1358 sunt
1301 1302 1451 1354 nervi
1497 1300 1694 1354 molles
1719 1313 1750 1353 e
1781 1297 2009 1352 cerebro

411 1393 587 1458 ducti,
619 1401 784 1461 atque
827 1392 1042 1443 aurium
1083 1399 1386 1444 structura.
1445 1389 1620 1444 Porro
1647 1403 1712 1442 ex
1751 1388 2009 1442 omnibus

414 1482 806 1547 animantibus,
841 1479 996 1534 solus
1027 1479 1216 1546 homo,
1248 1487 1303 1534 et
1335 1478 1495 1534 simia
1527 1492 1693 1532 aures
1742 1491 1853 1530 non
1891 1489 2009 1529 me-

412 1585 563 1630 vent.

483 1664 700 1720 Tertius
719 1680 917 1721 sensus
946 1672 1032 1720 est
1058 1662 1294 1718 olfactus
1325 1680 1339 1729 ;
1371 1661 1466 1732 qui
1509 1661 1735 1730 quidem
1771 1660 2002 1716 naribus

2117 484 2209 537 καὶ
2237 484 2512 556 διάστημα
2554 487 2617 538 τὸ
2656 487 2884 556 μεταξὺ,
2916 487 3008 540 καὶ
3057 488 3150 542 τὸν
3189 488 3442 558 ἀριθμὸν,
3478 488 3708 560 κίνησίν

2113 592 2196 639 τε,
2220 577 2312 628 καὶ
2346 577 2563 640 στάσιν,
2598 579 2691 630 καὶ
2715 579 2777 630 τὸ
2797 579 2994 648 τραχὺ,
3029 580 3124 631 καὶ
3152 579 3313 643 λεῖον,
3347 580 3441 632 καὶ
3465 581 3706 650 ὁμαλὸν,

2113 669 2208 721 καὶ
2241 669 2548 740 ἀνώμαλον,
2588 673 2682 724 καὶ
2729 672 2788 724 τὸ
2835 671 2949 737 ὀξὺ,
2981 673 3075 726 καὶ
3109 672 3170 724 τὸ
3199 672 3405 743 ἀμϐλὺ,
3447 675 3544 728 καὶ
3595 676 3708 743 τὴν

2115 753 2397 815 σύστασιν,
2449 756 2558 808 εἴτε
2601 754 2875 826 ὑδατώδης
2925 757 3094 822 ἐστὶν,
3147 757 3180 827 ἦ
3227 756 3474 828 γεώδης,
3525 759 3710 830 ἡγουν

2116 844 2280 913 ὑγρὰ,
2304 844 2335 912 ἢ
2363 843 2524 915 ξηρά.

2182 936 2424 1006 Δευτέρα
2456 937 2711 1007 αἴσθησίς
2768 941 2917 990 ἐστιν
2951 939 3112 1007 ἀκοὴ.
3169 938 3279 990 τῶν
3330 939 3546 1006 φωνῶν,
3600 940 3710 991 καὶ

2109 1028 2219 1082 τῶν
2246 1028 2434 1097 ψόφων
2467 1025 2605 1083 οὖσα
2645 1030 2960 1102 αἰσθητικὴ.
3007 1029 3373 1096 Διαγινώσκει
3410 1031 3467 1083 δὲ
3512 1031 3710 1084 αὐτῶν

2109 1116 2207 1185 τὴν
2240 1115 2496 1187 ὀξύτητα,
2538 1119 2632 1172 καὶ⁹
2683 1120 2782 1188 τὴν
2815 1119 3121 1190 βαρύτητα,
3164 1119 3422 1190 λειότητά
3466 1137 3548 1185 τε,
3603 1123 3711 1174 καὶ

2115 1209 2366 1279 μέγεθος.
2395 1211 2640 1279 Ὄργανα
2669 1210 2725 1263 δὲ
2744 1212 2934 1281 αὐτῆς,
2968 1213 3034 1264 τὰ
3064 1207 3235 1280 νεῦρα
3268 1212 3362 1265 τοῦ
3389 1213 3710 1282 ἐγκεφάλου

2109 1299 2178 1352 τὰ
2232 1300 2469 1368 μαλακὰ,
2503 1302 2598 1354 καὶ
2628 1301 2737 1354 τῶν
2766 1301 2921 1354 ὢτων
2967 1305 3000 1372 ἡ
3051 1305 3366 1372 κατασκευή
3388 1320 3402 1332 ·
3443 1305 3606 1374 μόνος
3642 1306 3709 1360 δὲ

2109 1389 2394 1462 ἄνθρωπος
2421 1392 2518 1444 καὶ
2547 1392 2780 1464 πίθηκος
2813 1395 2874 1448 οὐ
2900 1391 3108 1448 κινοῦσι
3139 1397 3205 1448 τὰ
3229 1385 3368 1452 ῶτα.

2177 1664 2349 1737 Τρίτη
2387 1661 2663 1731 αἴσθησις,
2715 1657 3012 1730 ὅσᾳρησις·
3063 1661 3188 1730 ἥτις
3232 1660 3442 1728 γίνεται
3480 1659 3581 1731 μὲν
3610 1660 3703 1716 διὰ

417 1755 578 1828 184
617 1769 848 1826 vapores
891 1754 958 1808 ad
990 1753 1282 1808 cerebrum
1333 1751 1710 1807 deferentibus
1750 1749 2002 1817 edicitur,

2117 1756 2215 1810 τῶν
2245 1754 2407 1826 ῥινῶν
2441 1753 2888 1822 ἀναπεμπουσῶν
2911 1755 3036 1815 τοὺς
3053 1751 3262 1821 ἀτμοὺς
3292 1754 3385 1805 ἐπὶ
3416 1753 3507 1806 τὸν
3539 1755 3706 1822 ἐγκέ-

413 1858 469 1904 et
505 1848 574 1902 ad
622 1856 901 1902 extremas
935 1847 1272 1900 anteriorum
1323 1843 1536 1900 cerebri
1574 1843 2004 1898 ventriculorum

414 1948 589 1993 metas
625 1939 968 1992 terminatur.
1014 1934 1260 2004 Vaporcs
1293 1941 1476 1988 autem
1526 1933 1713 1999 sentit,
1741 1941 1797 1987 et
1827 1932 2006 2003 perci-

414 2030 493 2100 pit
530 2027 788 2083 olfactus.
843 2025 1119 2096 Vaporum
1161 2038 1326 2096 porro
1383 2025 1491 2078 hoc
1527 2023 2005 2093 generalissimum

413 2121 713 2178 discrimen
753 2128 858 2184 est,
883 2129 943 2173 ut
988 2118 1128 2174 alios
1163 2132 1383 2181 suaves,
1424 2117 1563 2171 alios
1604 2115 1826 2180 fetidos,
1869 2115 2006 2169 alios

413 2215 651 2283 denique
679 2226 780 2268 nec
806 2227 1026 2278 suaves,
1049 2225 1151 2265 nec
1178 2210 1437 2264 insuaves
1458 2224 1582 2264 esse
1611 2207 2003 2278 intelligamus.

414 2305 500 2362 Fit
532 2314 712 2360 autem
737 2305 874 2359 odor
901 2305 1110 2367 suavis,
1131 2316 1253 2358 cum
1277 2301 1538 2356 humores
1563 2299 1654 2370 qui
1683 2296 2006 2367 corporibus

414 2400 625 2460 insunt,
663 2397 832 2467 probe
860 2395 1067 2450 fuerint
1101 2397 1334 2450 excocti.
1365 2393 1523 2459 Quod
1555 2393 1603 2447 si
1653 2389 2007 2446 mediocriter

413 2493 686 2546 duntaxat
716 2491 858 2543 coeti
883 2491 1018 2556 sint,
1050 2486 1228 2542 media
1262 2501 1484 2558 quoque
1523 2485 1628 2538 erit
1653 2496 1844 2538 eorum
1886 2482 2004 2536 dis-

412 2585 640 2656 positio.
690 2583 784 2637 Sin
824 2595 1005 2636 autem
1071 2579 1212 2634 infra
1267 2577 1730 2638 mediocritatem,
1765 2584 1859 2628 aut
1896 2574 2006 2628 ulla

413 2677 640 2730 omnino
663 2675 846 2728 eoctio
883 2672 1183 2735 exstiterit,
1216 2669 1416 2726 fetidus
1441 2668 1578 2723 odor
1605 2665 1896 2720 amabitur.

483 2765 731 2831 Quartus
767 2778 964 2819 sensus
1011 2771 1096 2817 est
1127 2767 1343 2832 gustus,
1383 2773 1495 2828 quo
1550 2771 1778 2827 sapores
1835 2755 2008 2825 perci-

414 2857 664 2924 piuntur,
698 2857 814 2910 sive
851 2854 1185 2910 sentiuntur.
1221 2850 1396 2922 Hujus
1435 2865 1643 2920 organa
1705 2856 1859 2908 sunt,
1901 2849 2004 2900 lin-

415 2963 540 3015 gua,
577 2956 633 3002 et
675 2948 978 3016 praesertim
1011 2953 1256 3000 extrema
1284 2943 1458 3013 ipsius
1496 2957 1624 3012 pars
1658 2941 1774 2995 sive
1796 2940 2002 3009 cuspis,

413 3049 468 3095 et
507 3040 750 3109 palatum
771 3038 941 3109 (quod
961 3038 1209 3093 nonnulli
1230 3036 1421 3092 Graece
1438 3043 1635 3092 vocant
1656 3035 2002 3106 οὐρανίσκον,
2031 3063 2077 3126 C

413 3131 581 3186 veluti
615 3131 959 3192 caliculum)
1007 3131 1063 3183 in
1111 3129 1314 3199 quibus
1350 3127 1506 3182 nervi
1555 3127 1634 3180 illi
1692 3126 2002 3195 exporrecti

412 3226 567 3280 sunt,
597 3216 691 3284 qui
743 3231 772 3268 a
804 3216 1035 3270 cerebro
1069 3216 1418 3278 deferuntur,
1457 3215 1708 3282 partique
1743 3212 1823 3265 illi
1882 3212 2004 3264 ani-

417 3321 538 3370 mae,
571 3321 693 3374 quae
714 3307 1275 3375 principatumtenet,
1307 3306 1437 3374 quid
1461 3314 1780 3376 perceptum
1811 3305 2002 3369 fuerit,

413 3398 613 3467 quisve
639 3411 841 3450 sensus
867 3396 1167 3460 exstiterit,
1205 3395 1452 3449 referunt
1485 3395 1554 3450 “.
1600 3393 1721 3448 Jam
1749 3409 1882 3448 vero
1914 3410 2005 3448 sa-

415 3501 611 3558 porum
660 3487 981 3558 qualitates,
1028 3501 1151 3556 quae
1182 3486 1484 3555 gustabiles
1519 3485 1885 3555 appellantur,
1925 3487 2006 3540 lue

415 3586 544 3635 sunt
587 3578 842 3644 dulcedo,
887 3578 1216 3644 acrimonia,
1267 3576 1528 3642 aciditas,
1576 3579 1872 3642 acerbitas,
1909 3594 2007 3632 au-

415 3675 660 3732 steritas,
705 3671 1046 3736 amaritudo,
1079 3670 1322 3738 salscdo,
1350 3670 1648 3740 pinguedo,
1687 3672 2001 3725 viscositas.

415 3766 540 3820 Istae
569 3765 841 3836 siquidem
880 3765 1180 3835 qualitates
1239 3771 1403 3832 gustu
1437 3765 1864 3833 dignoscitutur.
1909 3763 2007 3817 Ast

413 3871 574 3928 aqua,
594 3854 950 3926 quantumfad
985 3854 1107 3911 illas
1133 3854 1450 3925 qualitates,
1477 3854 1696 3923 saporis
1716 3853 1896 3907 omnis
1913 3867 2008 3907 ex-

411 3963 541 4017 pers
563 3955 648 4002 est
675 3965 690 4001 :
719 3947 924 4001 nullam
961 3947 1109 3999 enim
1142 3945 1466 4014 qualitatum
1499 3944 1682 3999 habet.
1725 3943 2006 4000 Acerbitas

415 4045 595 4092 autem
640 4037 779 4092 nihil
828 4035 977 4092 aliud
1027 4046 1135 4101 est,
1193 4036 1302 4091 nisi
1338 4035 1606 4096 intensior
1657 4032 1909 4104 quaedam
1953 4039 2007 4088 et

417 4129 731 4185 redundans
763 4127 1056 4182 acerbitas.

488 4221 725 4284 Quintus
753 4233 951 4273 sensus
977 4227 1156 4271 tactus
1185 4224 1290 4278 est,
1325 4217 1418 4286 qui
1444 4216 1610 4270 etiam
1640 4217 1858 4272 cunctis
1886 4216 2006 4271 ani-

373 4377 392 4388 κ
419 4313 699 4366 mantihus
745 4310 1072 4364 communis
1116 4319 1200 4362 est
1259 4307 1328 4360 θ’.
1393 4307 1626 4362 Exsistit
1667 4317 1850 4363 autem
1892 4309 2005 4372 ille,

2110 1841 2307 1911 φαλον·
2345 1841 2664 1910 περαίνεται
2693 1839 2748 1892 δὲ
2775 1841 2853 1903 εἰς
2879 1839 2946 1893 τὰ
2967 1841 3183 1908 πέρατα
3212 1839 3319 1893 τῶν
3345 1841 3703 1913 ἐμπροσθίων

2111 1931 2329 1985 κοιλιῶν
2360 1932 2454 1984 τοῦ
2481 1931 2807 1999 ἐγκεφάλου.
2833 1931 2988 1983 Ἔστι
3022 1931 3080 1983 δὲ
3112 1929 3434 2002 αἰσθητικὴ,
3474 1932 3704 2000 ἀντιλη-

2108 2023 2277 2093 πτικὴ
2302 2023 2411 2076 τῶν
2439 2022 2629 2092 ἀτμῶν
2654 2037 2670 2054 ’
2695 2021 2806 2074 τῶν
2834 2021 2890 2076 δὲ
2920 2023 3115 2093 ἀτμῶν
3141 2023 3174 2092 ἡ
3209 2025 3539 2094 γενικωτὰτη
3573 2025 3704 2078 δια-

2108 2116 2251 2187 φορά
2279 2117 2428 2168 ἐστιν
2455 2114 2654 2168 εὐωδία
2678 2115 2774 2168 καὶ
2799 2114 3054 2177 δυσωδία,
3077 2115 3174 2167 καὶ
3191 2114 3252 2166 τὸ
3281 2115 3437 2183 μέσον
3455 2117 3690 2184 τούτων,

2107 2205 2136 2260 ὃ
2167 2207 2305 2277 μήτε
2333 2206 2534 2268 εὐῶδές
2562 2206 2698 2271 ἐστι,
2723 2207 2861 2276 μήτε
2889 2204 3384 2267 δυσῶδες.Γίνεται
3405 2206 3458 2258 δὲ
3488 2207 3694 2260 εὐωδία

2106 2299 2215 2352 τῶν
2243 2299 2427 2371 ὑγρῶν
2471 2297 2580 2352 τῶν
2617 2300 2675 2351 ἐν
2728 2300 2842 2360 τοῖς
2880 2296 3128 2368 σώμασιν
3171 2298 3418 2370 ἀκριϐῶς
3458 2299 3699 2367 πεφθέν-

2107 2408 2236 2445 των.
2267 2392 2469 2454 Μέσως
2497 2391 2556 2444 δὲ
2591 2391 2732 2460 μέση
2777 2389 3037 2453 διάθεσις.
3076 2391 3523 2464 Καταδεέστερον
3547 2393 3628 2462 δὲ,
3661 2391 3700 2464 ἢ

2110 2483 2248 2555 μηδὲ
2281 2485 2419 2548 ὅλως
2445 2484 2788 2554 πεφθέντων,
2814 2485 2848 2556 ἡ
2877 2482 3113 2537 δυσωδῐα
3138 2483 3374 2552 γίνεται.

2177 2759 2428 2828 Τετάρτη
2475 2754 2751 2826 αἴσθησις,
2789 2756 2821 2827 ἠ
2858 2751 3079 2824 γεῦσις·
3113 2753 3232 2806 ἔστι
3264 2751 3321 2806 δὲ
3353 2752 3466 2807 τῶν
3503 2754 3704 2825 χυμῶν

2107 2849 2496 2921 ἀντιληπτικὴ,
2526 2847 2694 2919 ἤγουν
2747 2847 3064 2916 αἰσθητικὴ.
3097 2847 3352 2917 Ὄργανα
3399 2847 3457 2898 δὲ
3500 2847 3702 2918 πυκνῆς,

2107 2945 2140 3015 η
2199 2941 2442 3011 γλῶσσα,
2500 2941 2595 2993 καὶ
2656 2938 2863 3010 ταύτης
2925 2937 3088 2991 πλέον
3139 2937 3200 2990 τὸ
3257 2937 3461 3007 ἄκρον,
3518 2941 3614 2992 καὶ
3663 2942 3702 3012 ἡ

2108 3033 2356 3105 ὑπερῷα,
2384 3033 2452 3104 ἢν
2490 3030 2718 3086 καλοῦσί
2769 3047 2913 3093 τινες
2959 3029 3321 3102 οὐρανίσκονο
3358 3031 3418 3084 ὲν
3465 3027 3546 3096 οἷς
3579 3033 3703 3085 ἐστι

2106 3128 2174 3180 τὰ
2203 3125 2263 3192 ἐξ
2310 3124 2618 3193 ἐγκεφάλου
2669 3121 2951 3193 φερόμενα
2999 3122 3191 3192 νεῦρα,
3234 3121 3696 3193 πεπλατυσμένα,

2109 3219 2203 3272 καὶ
2255 3215 2669 3285 ἀπαγγέλλοντα
2732 3213 2811 3284 τῷ
2862 3212 3180 3285 ἡγεμονικῷ
3227 3214 3327 3285 τὴν
3392 3215 3697 3286 γενομένην

2107 3307 2417 3376 ἀντίληψιν,
2451 3307 2620 3376 ἤγουν
2661 3303 2936 3375 αἴσθησιν.
2968 3305 3034 3356 Ai
3076 3304 3134 3356 δὲ
3180 3302 3512 3374 καλούμεναι
3564 3321 3696 3373 γευ-

2109 3398 2291 3451 στικαὶ
2319 3398 2606 3467 ποιότητες
2626 3395 2734 3448 τῶν
2762 3394 2979 3464 χυμῶν,
3004 3395 3143 3448 εἰσὶν
3173 3390 3361 3449 αὗται·
3391 3394 3694 3466 γλυκύτης,

2105 3489 2393 3560 δριμύτης,
2429 3487 2650 3557 ὀξύτης,
2691 3485 3057 3557 στρυφνότης,
3094 3486 3461 3558 αὐστηρότης,
3497 3487 3699 3556 πικρό-

2106 3597 2227 3651 της,
2249 3581 2586 3651 ἀλμυρότης,
2605 3579 2933 3649 λιπαρότης,
2969 3579 3319 3649 γλισχρότης.
3351 3578 3697 3649 Τούτωνςγὰρ

2108 3673 2310 3742 ἐστινὴ
2342 3671 2531 3740 γεῦσις
2564 3669 2964 3740 διαγνωστικὴ·
2999 3669 3060 3722 τὸ
3094 3669 3152 3723 δὲ
3181 3669 3328 3740 ὕδωρ
3358 3669 3546 3724 ἄποιόν
3577 3671 3694 3723 ἐστι

2108 3763 2249 3817 κατά
2277 3761 2481 3824 ταύτας
2529 3761 2630 3824 τὰς
2680 3761 2976 3833 ποιότητας
2999 3776 3014 3792 ⁸
3065 3761 3326 3831 οὐδεμίαν
3359 3761 3467 3832 γὰρ
3510 3761 3695 3815 αὐτῶν

2107 3855 2244 3926 ἔχει.
2282 3855 2347 3908 Ἠ
2392 3853 2451 3907 δὲ
2503 3854 2869 3924 στρυφνότης,
2913 3852 3169 3916 ἐπίτασις
3209 3853 3305 3906 καὶ
3351 3853 3694 3924 πλεονασμός

2107 3954 2223 4006 ἐστι
2253 3952 2352 4023 τῆς
2379 3950 2810 4021 αὐστηρότητος.

2182 4216 2416 4286 Πέμπτη
2443 4213 2698 4282 αἴσθησίς
2724 4214 2873 4266 ἐστιν
2903 4215 2936 4283 ἡ
2969 4212 3101 4284 ἁφὴ,
3127 4214 3249 4283 ἥτις
3279 4214 3374 4267 καὶ
3399 4215 3552 4286 κοινή
3574 4216 3691 4269 ἐστι

2109 4309 2328 4362 πάντων
2361 4307 2470 4359 τῶν
2515 4307 2705 4369 ζώων·
2741 4307 2862 4375 ἥτις
2896 4306 3108 4374 γίνεται
3144 4305 3207 4358 ἐκ
3239 4305 3334 4358 τοῦ
3384 4308 3693 4374 ἐγκεφάλου

418 4420 582 4475 opera
633 4418 926 4457 nervorum
960 4417 991 4456 e
1023 4401 1252 4455 cerebro
1303 4399 1357 4453 in
1417 4399 1734 4454 universum
1797 4414 2002 4469 corpus

2117 4398 2478 4470 πεμπομένων
2522 4397 2632 4450 τῶν
2684 4397 2892 4464 νεύρων
2938 4399 3018 4461 εἰς
3073 4397 3194 4452 ὅλον
3237 4398 3299 4452 τὸ
3351 4399 3534 4468 σῶμα.
3603 4401 3696 4452 Διὸ

418 4498 738 4553 cil'usorutn.
773 4494 850 4550 Ex
883 4510 993 4562 quo
1030 4491 1088 4544 lit
1135 4501 1192 4543 ut
1221 4498 1392 4543 totum
1421 4503 1646 4558 corpus,
1683 4499 1846 4558 atque
1863 4489 2001 4544 adeo

421 4589 629 4658 reliqua
677 4583 951 4642 sentiendi
986 4597 1214 4652 organa,
1267 4597 1488 4636 sensum
1522 4589 1704 4636 tactus
1743 4582 1998 4636 habeant.

2105 4492 2198 4547 καὶ
2254 4491 2373 4544 ὅλον
2432 4489 2492 4544 τὸ
2553 4488 2734 4558 σῶμα,
2793 4488 2929 4543 ἀλλὰ
2955 4489 3094 4558 ικαὶ
3125 4489 3234 4553 ari
3305 4487 3439 4542 ἄλλα
3506 4489 3696 4559 αἰσθη-

2103 4587 2290 4657 τήρια,
2325 4583 2424 4655 τὴν
2459 4583 2559 4653 τῆς
2583 4583 2730 4652 ἁφῆς
2754 4582 2971 4653 ἔχουσιν
3000 4584 3252 4651 αἰσθησιν
3273 4600 3288 4614 ο
3323 4582 3642 4636 ὑπόκεινται
3668 4583 3694 4622 δ

420 4677 605 4733 'l‘actui
638 4690 804 4746 porro
849 4674 1090 4728 subsunt
1135 4671 1376 4726 calidum
1439 4678 1494 4725 et
1526 4671 1807 4741 frigidum,
1842 4673 2005 4727 molle

2117 4679 2160 4731 is
2191 4679 2256 4747 τῇ
2298 4676 2408 4746 ἁφῇ
2434 4673 2494 4727 τὸ
2525 4673 2726 4744 θερμὸν
2754 4674 2851 4728 καὶ
2877 4673 3085 4745 ψυχρόν
3103 4691 3116 4703 ·
3143 4674 3205 4726 τό
3233 4690 3292 4726 τε
3324 4673 3570 4743 μαλακὸν
3600 4676 3696 4728 καὶ

419 4779 476 4823 ct
529 4769 752 4828 durum,
809 4775 997 4828 tenax,
1044 4761 1304 4831 rigidum,
1377 4776 1540 4833 grave
1591 4771 1648 4817 et
1692 4763 1826 4818 leve.
1879 4763 2006 4818 llaec

417 4857 563 4913 enim
607 4858 726 4912 solo
755 4861 899 4908 tactu
943 4861 1380 4923 cognoscuntur.
1437 4851 1577 4905 Sunt
1606 4860 1790 4912 autem
1839 4854 2012 4908 tactu't

418 4956 474 5003 et
489 4947 628 5002 visui
649 4944 985 5010 communia,
1011 4958 1266 5013 asperum
1294 4949 1349 4996 et
1385 4942 1552 5009 laeve;
1583 4944 1790 4998 siccum
1824 4953 1878 4999 et
1908 4945 2010 4999 hu-

421 5039 626 5094 midum
659 5057 671 5099 ;
709 5051 957 5092 crassum
989 5043 1046 5091 et
1087 5043 1272 5097 tenue,
1333 5049 1556 5089 sursum
1594 5050 1658 5088 ac
1708 5036 2003 5101 deorsum;

421 5133 574 5188 locus
607 5145 824 5200 quoque
857 5144 921 5183 ac
955 5126 1267 5197 magnitudo
1311 5125 1330 5196 (
1359 5126 1404 5180 si
1441 5125 1659 5195 quidem
1713 5135 1866 5182 tanta
1911 5128 2004 5195 sit,

2113 4766 2370 4835 σκληρὸν,
2403 4763 2497 4816 καὶ
2526 4762 2784 4833 γλισχρὸν
2813 4764 2909 4817 καὶ
2957 4765 3198 4835 κραυρδν
3223 4775 3272 4829 ο,
3321 4763 3462 4835 βαρύ
3505 4782 3566 4817 τε
3603 4766 3696 4817 καὶ

2115 4856 2351 4922 κοῦφον*
2412 4855 2499 4907 διὰ
2547 4854 2715 4925 μόνης
2765 4855 2874 4926 γὰρ
2927 4857 3068 4925 ἁφῆς
3107 4858 3285 4911 ταῦτα
3331 4856 3693 4928 γνωρίζεται·

2119 4948 2274 5001 κοινὰ
2305 4947 2362 5000 δὲ
2388 4946 2533 5018 ἁφῆς
2572 4949 2664 5001 καὶ
2683 4947 2880 5018 ὅψεως,
2906 4949 2966 5000 τό
2991 4966 3049 5002 τε
3090 4949 3288 5019 τραχὺ,
3317 4948 3413 5001 καὶ
3446 4949 3610 5012 λεῖον,
3640 4950 3698 5003 τό

2114 5056 2172 5092 τε
2205 5038 2367 5110 ξηρὸν
2391 5040 2486 5091 καὶ
2527 5039 2715 5108 ὑγρὸν,
2742 5041 2890 5110 παχύ
2918 5056 2974 5092 τε
3001 5043 3094 5092 καὶ
3115 5039 3336 5102 λεπτὸν,
3372 5039 3486 5092 ἄνω
3517 5057 3577 5092 τε
3605 5043 3700 5092 καὶ

2117 5131 2289 5194 κάτω,
2329 5131 2423 5184 καὶ
2453 5134 2481 5184 ό
2520 5133 2708 5196 τόπος,
2740 5133 2834 5186 καὶ
2860 5133 2920 5186 τὸ
2953 5132 3204 5202 μέγεθος,
3233 5133 3363 5186 ὅταν
3399 5131 3489 5202 εἴη
3518 5131 3699 5185 τοιοῦ-

491 5267 532 5297 ⁶⁷
576 5265 792 5321 Nemes.
821 5280 940 5334 cap.
978 5265 1065 5322 Ἠ.
1142 5262 1186 5295 ⁸⁸
1217 5262 1435 5318 Nemes.
1466 5279 1589 5334 cap.
1621 5263 1674 5318 9.
1751 5266 1794 5296 ⁶⁹
1825 5264 2042 5322 Nemes.
2102 5283 2226 5339 cap.
2275 5269 2327 5321 8.

1724 5426 1959 5482 V'ABIzE
2001 5428 2410 5485 LECTIONES.

497 5567 525 5607 ιι
561 5565 670 5637 Reg

740 5564 998 5642 εληοοιι).
1121 5565 1423 5642 ὑπόκειται.
1469 5573 1512 5642 ’ἐ
1552 5560 1709 5615 Edita
1743 5563 1837 5615 καὶ
1865 5562 2030 5642 ξηρὲν
2055 5565 2442 5642 κα“ι·κραῦρον.
2469 5564 2544 5618 Ita
2579 5563 2733 5642 Regii
2771 5567 2924 5642 multi
2951 5573 3004 5619 et
3035 5567 3278 5642 Colbert.
3313 5569 3468 5624 abest
3507 5567 3698 5642 ξηράν,

427 5636 482 5718 in
513 5633 661 5691 cod.‘
691 5637 751 5718 5ἶ
794 5639 922 5718 Ιιιι.Δ
953 5646 1008 5691 et
1034 5636 1217 5716 Regiis
1252 5635 1415 5718 aliis;
1469 5634 1712 5718 itemque
1757 5636 1900 5714 apud
1957 5633 2270 5689 Nemesiuin
2300 5653 2312 5686 :
2338 5633 2392 5689 et
2417 5645 2587 5717 recte.
2623 5633 2720 5718 llic
2743 5639 2894 5718 Enim
2927 5652 3109 5692 sermo
3139 5640 3309 5696 estde
3331 5633 3701 5710 qualitatibus

410 5706 501 5774 ‘is,
526 5721 648 5776 qua:
675 5709 791 5761 solo
819 5714 965 5760 tactu
995 5707 1408 5774 percipiuntur:
1435 5708 1513 5760 ait
1543 5706 1731 5756 siccum
1770 5711 1886 5759 visu
1919 5719 2138 5773 quoque
2173 5707 2548 5775 cognoscitur,
2587 5716 2646 5759 ut
2681 5705 2820 5760 infra
2859 5716 3098 5762 notatur.
