  <div class='ocr_page' id='page_1' title='image "/cluster/home/n/w/nwhite01/storage/ocr_20150623/94/hvd.32044073502098/478.png"; bbox 0 0 3996 6212; ppageno 0'>
   <div class='ocr_carea' id='block_1_1' title="bbox 374 220 485 290">
    <p class='ocr_par' dir='ltr' id='par_1_1' title="bbox 374 220 485 290">
     <span class='ocr_line' id='line_1_1' title="bbox 374 220 485 290; baseline -0.027 0"><span class='ocrx_word' id='word_1_1' title='bbox 374 220 485 290; x_wconf 74' lang='grc'><strong>945</strong></span> 
     </span>
    </p>
   </div>
   <div class='ocr_carea' id='block_1_2' title="bbox 1440 225 2571 293">
    <p class='ocr_par' dir='ltr' id='par_1_2' title="bbox 1440 225 2571 293">
     <span class='ocr_line' id='line_1_2' title="bbox 1440 225 2571 293; baseline 0.006 -7"><span class='ocrx_word' id='word_1_2' title='bbox 1440 225 1537 286; x_wconf 86' lang='lat' dir='ltr'><strong>DE</strong></span> <span class='ocrx_word' id='word_1_3' title='bbox 1580 227 1760 289; x_wconf 84' lang='lat' dir='ltr'><strong>FIDE</strong></span> <span class='ocrx_word' id='word_1_4' title='bbox 1798 228 2262 292; x_wconf 77' lang='lat' dir='ltr'><strong>ORTHODOXA</strong></span> <span class='ocrx_word' id='word_1_5' title='bbox 2306 232 2455 293; x_wconf 84' lang='lat' dir='ltr'><strong>LIB.</strong></span> <span class='ocrx_word' id='word_1_6' title='bbox 2492 233 2571 293; x_wconf 89' lang='lat' dir='ltr'><strong>II.</strong></span> 
     </span>
    </p>
   </div>
   <div class='ocr_carea' id='block_1_3' title="bbox 3536 208 3696 298">
    <p class='ocr_par' dir='ltr' id='par_1_3' title="bbox 3536 208 3696 298">
     <span class='ocr_line' id='line_1_3' title="bbox 3536 208 3696 298; baseline 0 -1"><span class='ocrx_word' id='word_1_7' title='bbox 3536 208 3646 298; x_wconf 71' lang='grc' dir='ltr'><strong>’ςιιδ</strong></span> <span class='ocrx_word' id='word_1_8' title='bbox 3693 279 3696 281; x_wconf 41' lang='grc' dir='ltr'>λ</span> 
     </span>
    </p>
   </div>
   <div class='ocr_carea' id='block_1_4' title="bbox 380 333 1969 411">
    <p class='ocr_par' dir='ltr' id='par_1_4' title="bbox 380 333 1968 404">
     <span class='ocr_line' id='line_1_4' title="bbox 380 333 1968 404; baseline 0.005 -18"><span class='ocrx_word' id='word_1_9' title='bbox 380 334 589 404; x_wconf 74' lang='grc' dir='ltr'><strong>λόμεθα</strong></span> <span class='ocrx_word' id='word_1_10' title='bbox 640 335 697 389; x_wconf 73' lang='grc' dir='ltr'><strong>δι</strong></span> <span class='ocrx_word' id='word_1_11' title='bbox 738 336 831 391; x_wconf 78' lang='grc' dir='ltr'><strong>καὶ</strong></span> <span class='ocrx_word' id='word_1_12' title='bbox 864 333 1183 404; x_wconf 83' lang='grc' dir='ltr'><strong>βασιλεῦσαι</strong></span> <span class='ocrx_word' id='word_1_13' title='bbox 1205 377 1218 400; x_wconf 92' lang='grc'><strong>,</strong></span> <span class='ocrx_word' id='word_1_14' title='bbox 1251 334 1344 388; x_wconf 78' lang='grc' dir='ltr'><strong>καὶ</strong></span> <span class='ocrx_word' id='word_1_15' title='bbox 1395 337 1554 390; x_wconf 82' lang='grc' dir='ltr'><strong>τοῦτο</strong></span> <span class='ocrx_word' id='word_1_16' title='bbox 1585 340 1687 393; x_wconf 82' lang='grc' dir='ltr'><strong>οὐκ</strong></span> <span class='ocrx_word' id='word_1_17' title='bbox 1716 338 1830 393; x_wconf 75' lang='grc' dir='ltr'><strong>ἐστι</strong></span> <span class='ocrx_word' id='word_1_18' title='bbox 1860 341 1968 394; x_wconf 83' lang='grc' dir='ltr'><strong>τῶν</strong></span> 
     </span>
    </p>
   </div>
   <div class='ocr_carea' id='block_1_5' title="bbox 2076 333 3669 411">
    <p class='ocr_par' dir='ltr' id='par_1_5' title="bbox 2076 340 3669 411">
     <span class='ocr_line' id='line_1_5' title="bbox 2076 340 3669 411; baseline 0.008 -18"><span class='ocrx_word' id='word_1_19' title='bbox 2076 340 2351 410; x_wconf 77' lang='lat' dir='ltr'><strong>quidpiam</strong></span> <span class='ocrx_word' id='word_1_20' title='bbox 2403 342 2725 411; x_wconf 88' lang='lat' dir='ltr'><strong>plerumque</strong></span> <span class='ocrx_word' id='word_1_21' title='bbox 2776 341 3051 400; x_wconf 87' lang='lat' dir='ltr'><strong>volumus.</strong></span> <span class='ocrx_word' id='word_1_22' title='bbox 3105 344 3374 402; x_wconf 82' lang='lat' dir='ltr'><strong>Volumus</strong></span> <span class='ocrx_word' id='word_1_23' title='bbox 3422 346 3550 401; x_wconf 90' lang='lat' dir='ltr'><strong>item</strong></span> <span class='ocrx_word' id='word_1_24' title='bbox 3610 344 3669 405; x_wconf 55' lang='lat' dir='ltr'><strong>ei</strong></span> 
     </span>
    </p>
   </div>
   <div class='ocr_carea' id='block_1_6' title="bbox 380 426 1969 499">
    <p class='ocr_par' dir='ltr' id='par_1_6' title="bbox 380 426 1969 499">
     <span class='ocr_line' id='line_1_6' title="bbox 380 426 1969 499; baseline 0.006 -22"><span class='ocrx_word' id='word_1_25' title='bbox 380 427 467 493; x_wconf 45' lang='grc' dir='ltr'><strong>ἐν</strong></span> <span class='ocrx_word' id='word_1_26' title='bbox 502 428 652 495; x_wconf 65' lang='grc' dir='ltr'><strong>ἡμῖν.</strong></span> <span class='ocrx_word' id='word_1_27' title='bbox 699 427 1015 496; x_wconf 83' lang='grc' dir='ltr'><strong>Βουλόμεθα</strong></span> <span class='ocrx_word' id='word_1_28' title='bbox 1041 427 1098 481; x_wconf 78' lang='grc' dir='ltr'><strong>δὲ</strong></span> <span class='ocrx_word' id='word_1_29' title='bbox 1127 426 1289 497; x_wconf 76' lang='grc' dir='ltr'><strong>τυχὸν</strong></span> <span class='ocrx_word' id='word_1_30' title='bbox 1336 428 1432 483; x_wconf 77' lang='grc' dir='ltr'><strong>καὶ</strong></span> <span class='ocrx_word' id='word_1_31' title='bbox 1466 429 1731 499; x_wconf 80' lang='grc' dir='ltr'><strong>μηδέποτε</strong></span> <span class='ocrx_word' id='word_1_32' title='bbox 1764 432 1969 485; x_wconf 72' lang='grc' dir='ltr'><strong>αποθα-</strong></span> 
     </span>
    </p>
   </div>
   <div class='ocr_carea' id='block_1_7' title="bbox 381 516 1733 577">
    <p class='ocr_par' dir='ltr' id='par_1_7' title="bbox 381 516 1733 577">
     <span class='ocr_line' id='line_1_7' title="bbox 381 516 1733 577; baseline 0.003 -7"><span class='ocrx_word' id='word_1_33' title='bbox 381 518 494 571; x_wconf 75' lang='grc' dir='ltr'><strong>νεῖν</strong></span> <span class='ocrx_word' id='word_1_34' title='bbox 511 531 523 545; x_wconf 79' lang='grc'><strong><em>⁸</em></strong></span> <span class='ocrx_word' id='word_1_35' title='bbox 548 517 708 577; x_wconf 76' lang='grc' dir='ltr'><strong>τοῦτο</strong></span> <span class='ocrx_word' id='word_1_36' title='bbox 733 516 843 570; x_wconf 85' lang='grc' dir='ltr'><strong>τῶν</strong></span> <span class='ocrx_word' id='word_1_37' title='bbox 872 516 1155 573; x_wconf 80' lang='grc' dir='ltr'><strong>ἀδυνάτων</strong></span> <span class='ocrx_word' id='word_1_38' title='bbox 1179 518 1347 572; x_wconf 74' lang='grc' dir='ltr'><strong>ὶστίν.</strong></span> <span class='ocrx_word' id='word_1_39' title='bbox 1728 534 1733 537; x_wconf 85' lang='lat'>‘</span> 
     </span>
    </p>
   </div>
   <div class='ocr_carea' id='block_1_8' title="bbox 456 695 1972 774">
    <p class='ocr_par' dir='ltr' id='par_1_8' title="bbox 456 695 1972 774">
     <span class='ocr_line' id='line_1_8' title="bbox 456 695 1972 774; baseline 0.007 -27"><span class='ocrx_word' id='word_1_40' title='bbox 456 695 615 748; x_wconf 85' lang='grc' dir='ltr'><strong>Ἐστι</strong></span> <span class='ocrx_word' id='word_1_41' title='bbox 644 695 701 749; x_wconf 77' lang='grc' dir='ltr'><strong>δὲ</strong></span> <span class='ocrx_word' id='word_1_42' title='bbox 724 697 769 767; x_wconf 66' lang='grc' dir='ltr'><strong>ἠη</strong></span> <span class='ocrx_word' id='word_1_43' title='bbox 789 696 1042 769; x_wconf 79' lang='grc' dir='ltr'><strong>βούλησις</strong></span> <span class='ocrx_word' id='word_1_44' title='bbox 1061 699 1161 754; x_wconf 72' lang='grc' dir='ltr'><strong>τοῦ</strong></span> <span class='ocrx_word' id='word_1_45' title='bbox 1187 702 1393 769; x_wconf 84' lang='grc' dir='ltr'><strong>τέλους,</strong></span> <span class='ocrx_word' id='word_1_46' title='bbox 1430 705 1494 758; x_wconf 90' lang='grc' dir='ltr'><strong>οὐ</strong></span> <span class='ocrx_word' id='word_1_47' title='bbox 1514 704 1625 759; x_wconf 78' lang='grc' dir='ltr'><strong>τῶν</strong></span> <span class='ocrx_word' id='word_1_48' title='bbox 1642 705 1778 774; x_wconf 77' lang='grc' dir='ltr'><strong>πρὸς</strong></span> <span class='ocrx_word' id='word_1_49' title='bbox 1801 705 1862 758; x_wconf 82' lang='grc' dir='ltr'><strong>τὸ</strong></span> <span class='ocrx_word' id='word_1_50' title='bbox 1885 705 1972 758; x_wconf 84' lang='grc' dir='ltr'><strong>τέ·-</strong></span> 
     </span>
    </p>
   </div>
   <div class='ocr_carea' id='block_1_9' title="bbox 383 782 1969 863">
    <p class='ocr_par' dir='ltr' id='par_1_9' title="bbox 383 782 1969 863">
     <span class='ocr_line' id='line_1_9' title="bbox 383 782 1969 863; baseline 0.006 -27"><span class='ocrx_word' id='word_1_51' title='bbox 383 784 491 846; x_wconf 83' lang='grc' dir='ltr'><strong>λος.</strong></span> <span class='ocrx_word' id='word_1_52' title='bbox 529 784 701 848; x_wconf 78' lang='grc' dir='ltr'>Τέλος</span> <span class='ocrx_word' id='word_1_53' title='bbox 725 787 826 855; x_wconf 77' lang='grc' dir='ltr'><strong>μὲν</strong></span> <span class='ocrx_word' id='word_1_54' title='bbox 849 782 944 841; x_wconf 83' lang='grc' dir='ltr'><strong>οὖν</strong></span> <span class='ocrx_word' id='word_1_55' title='bbox 972 790 1089 843; x_wconf 77' lang='grc' dir='ltr'><strong>ἐστι</strong></span> <span class='ocrx_word' id='word_1_56' title='bbox 1123 789 1184 842; x_wconf 81' lang='grc' dir='ltr'><strong>τὺ</strong></span> <span class='ocrx_word' id='word_1_57' title='bbox 1215 790 1496 863; x_wconf 80' lang='grc' dir='ltr'><strong>βουλητὸν,</strong></span> <span class='ocrx_word' id='word_1_58' title='bbox 1528 794 1604 857; x_wconf 79' lang='grc' dir='ltr'><strong>ὡς</strong></span> <span class='ocrx_word' id='word_1_59' title='bbox 1624 796 1687 847; x_wconf 82' lang='grc' dir='ltr'><strong>τὸ</strong></span> <span class='ocrx_word' id='word_1_60' title='bbox 1716 793 1969 863; x_wconf 80' lang='grc' dir='ltr'><strong>βασιλιῦ-</strong></span> 
     </span>
    </p>
   </div>
   <div class='ocr_carea' id='block_1_10' title="bbox 384 875 1968 955">
    <p class='ocr_par' dir='ltr' id='par_1_10' title="bbox 384 875 1968 955">
     <span class='ocr_line' id='line_1_10' title="bbox 384 875 1968 955; baseline 0.007 -28"><span class='ocrx_word' id='word_1_61' title='bbox 384 892 497 940; x_wconf 78' lang='grc' dir='ltr'><strong>σαι,</strong></span> <span class='ocrx_word' id='word_1_62' title='bbox 518 875 595 939; x_wconf 76' lang='grc' dir='ltr'><strong>ὡς</strong></span> <span class='ocrx_word' id='word_1_63' title='bbox 613 877 679 930; x_wconf 80' lang='grc' dir='ltr'><strong>τὸ</strong></span> <span class='ocrx_word' id='word_1_64' title='bbox 698 878 917 945; x_wconf 78' lang='grc' dir='ltr'><strong>ὐγιᾶναι</strong></span> <span class='ocrx_word' id='word_1_65' title='bbox 941 896 952 909; x_wconf 84' lang='lat'>&#39;</span> <span class='ocrx_word' id='word_1_66' title='bbox 986 882 1125 951; x_wconf 80' lang='grc' dir='ltr'><strong>πρὸς</strong></span> <span class='ocrx_word' id='word_1_67' title='bbox 1155 883 1216 935; x_wconf 82' lang='grc' dir='ltr'><strong>τὸ</strong></span> <span class='ocrx_word' id='word_1_68' title='bbox 1245 883 1398 947; x_wconf 80' lang='grc' dir='ltr'><strong>τέλος</strong></span> <span class='ocrx_word' id='word_1_69' title='bbox 1439 885 1518 951; x_wconf 80' lang='grc' dir='ltr'><strong>δὲ,</strong></span> <span class='ocrx_word' id='word_1_70' title='bbox 1558 885 1620 938; x_wconf 83' lang='grc' dir='ltr'><strong>τὸ</strong></span> <span class='ocrx_word' id='word_1_71' title='bbox 1660 885 1968 955; x_wconf 80' lang='grc' dir='ltr'><strong>βουλευτὺν,</strong></span> 
     </span>
    </p>
   </div>
   <div class='ocr_carea' id='block_1_11' title="bbox 382 964 1971 1047">
    <p class='ocr_par' dir='ltr' id='par_1_11' title="bbox 382 964 1971 1047">
     <span class='ocr_line' id='line_1_11' title="bbox 382 964 1971 1047; baseline 0.008 -29"><span class='ocrx_word' id='word_1_72' title='bbox 382 968 551 1034; x_wconf 70' lang='grc' dir='ltr'>ἧγουν</span> <span class='ocrx_word' id='word_1_73' title='bbox 578 969 608 1020; x_wconf 85' lang='grc' dir='ltr'>ὁ</span> <span class='ocrx_word' id='word_1_74' title='bbox 628 969 849 1040; x_wconf 75' lang='grc' dir='ltr'><strong>τρόπος,</strong></span> <span class='ocrx_word' id='word_1_75' title='bbox 873 970 942 1024; x_wconf 89' lang='grc' dir='ltr'><strong>δι’</strong></span> <span class='ocrx_word' id='word_1_76' title='bbox 970 964 1031 1024; x_wconf 75' lang='grc' dir='ltr'><strong>οὗ</strong></span> <span class='ocrx_word' id='word_1_77' title='bbox 1047 972 1336 1045; x_wconf 82' lang='grc' dir='ltr'>ὀφείλομεν</span> <span class='ocrx_word' id='word_1_78' title='bbox 1369 975 1607 1044; x_wconf 83' lang='grc' dir='ltr'><strong>ὐγιᾶναι,</strong></span> <span class='ocrx_word' id='word_1_79' title='bbox 1642 977 1677 1047; x_wconf 78' lang='grc' dir='ltr'><strong>ἢ</strong></span> <span class='ocrx_word' id='word_1_80' title='bbox 1720 976 1971 1046; x_wconf 79' lang='grc' dir='ltr'><strong>βασιλεῦ-</strong></span> 
     </span>
    </p>
   </div>
   <div class='ocr_carea' id='block_1_12' title="bbox 386 1053 1965 1141">
    <p class='ocr_par' dir='ltr' id='par_1_12' title="bbox 386 1053 1965 1141">
     <span class='ocr_line' id='line_1_12' title="bbox 386 1053 1965 1141; baseline 0.008 -31"><span class='ocrx_word' id='word_1_81' title='bbox 386 1074 515 1112; x_wconf 76' lang='grc' dir='ltr'><strong>σαιο</strong></span> <span class='ocrx_word' id='word_1_82' title='bbox 545 1053 668 1113; x_wconf 75' lang='grc' dir='ltr'><strong>εἶτα</strong></span> <span class='ocrx_word' id='word_1_83' title='bbox 700 1062 840 1141; x_wconf 65' lang='grc' dir='ltr'><strong>μετα</strong></span> <span class='ocrx_word' id='word_1_84' title='bbox 873 1062 975 1135; x_wconf 75' lang='grc' dir='ltr'><strong>τὴν</strong></span> <span class='ocrx_word' id='word_1_85' title='bbox 1013 1063 1291 1135; x_wconf 81' lang='grc' dir='ltr'><strong>βούλησιν,</strong></span> <span class='ocrx_word' id='word_1_86' title='bbox 1322 1065 1569 1138; x_wconf 80' lang='grc' dir='ltr'><strong>ζήτησις,</strong></span> <span class='ocrx_word' id='word_1_87' title='bbox 1619 1067 1715 1121; x_wconf 78' lang='grc' dir='ltr'><strong>καὶ</strong></span> <span class='ocrx_word' id='word_1_88' title='bbox 1744 1069 1965 1138; x_wconf 72' lang='grc' dir='ltr'><strong>σκέψιςο</strong></span> 
     </span>
    </p>
   </div>
   <div class='ocr_carea' id='block_1_13' title="bbox 384 1151 1962 1232">
    <p class='ocr_par' dir='ltr' id='par_1_13' title="bbox 384 1151 1962 1232">
     <span class='ocr_line' id='line_1_13' title="bbox 384 1151 1962 1232; baseline 0.006 -29"><span class='ocrx_word' id='word_1_89' title='bbox 384 1151 480 1204; x_wconf 79' lang='grc' dir='ltr'><strong>καὶ</strong></span> <span class='ocrx_word' id='word_1_90' title='bbox 511 1153 652 1218; x_wconf 80' lang='grc' dir='ltr'><strong>μετὰ</strong></span> <span class='ocrx_word' id='word_1_91' title='bbox 678 1153 871 1218; x_wconf 77' lang='grc' dir='ltr'><strong>ταῦτα,</strong></span> <span class='ocrx_word' id='word_1_92' title='bbox 896 1155 1074 1209; x_wconf 87' lang='grc' dir='ltr'><strong>είτῶν</strong></span> <span class='ocrx_word' id='word_1_93' title='bbox 1093 1157 1182 1225; x_wconf 70' lang='grc' dir='ltr'><strong>ἐφ’</strong></span> <span class='ocrx_word' id='word_1_94' title='bbox 1211 1158 1347 1228; x_wconf 75' lang='grc' dir='ltr'><strong>ἡμῖν</strong></span> <span class='ocrx_word' id='word_1_95' title='bbox 1366 1160 1503 1225; x_wconf 72' lang='grc' dir='ltr'><strong>ἐστι,</strong></span> <span class='ocrx_word' id='word_1_96' title='bbox 1535 1158 1743 1227; x_wconf 87' lang='grc' dir='ltr'><strong>γίνεται</strong></span> <span class='ocrx_word' id='word_1_97' title='bbox 1779 1160 1962 1232; x_wconf 73' lang='grc' dir='ltr'>βουλὴ,</span> 
     </span>
    </p>
   </div>
   <div class='ocr_carea' id='block_1_14' title="bbox 381 1244 1969 1327">
    <p class='ocr_par' dir='ltr' id='par_1_14' title="bbox 381 1244 1969 1327">
     <span class='ocr_line' id='line_1_14' title="bbox 381 1244 1969 1327; baseline 0.007 -31"><span class='ocrx_word' id='word_1_98' title='bbox 381 1244 553 1312; x_wconf 69' lang='grc' dir='ltr'><strong>ἤγουν</strong></span> <span class='ocrx_word' id='word_1_99' title='bbox 574 1244 874 1314; x_wconf 78' lang='grc' dir='ltr'><strong>βούλευσις.</strong></span> <span class='ocrx_word' id='word_1_100' title='bbox 897 1248 1070 1321; x_wconf 80' lang='grc' dir='ltr'>Βουλὴ</span> <span class='ocrx_word' id='word_1_101' title='bbox 1085 1250 1146 1304; x_wconf 78' lang='grc' dir='ltr'><strong>δέ</strong></span> <span class='ocrx_word' id='word_1_102' title='bbox 1172 1252 1319 1304; x_wconf 79' lang='grc' dir='ltr'><strong>ἐστιν</strong></span> <span class='ocrx_word' id='word_1_103' title='bbox 1335 1252 1515 1323; x_wconf 81' lang='grc' dir='ltr'><strong>ὄρεξις</strong></span> <span class='ocrx_word' id='word_1_104' title='bbox 1527 1252 1813 1325; x_wconf 77' lang='grc' dir='ltr'><strong>ζητητικὴ,</strong></span> <span class='ocrx_word' id='word_1_105' title='bbox 1840 1273 1907 1309; x_wconf 84' lang='grc' dir='ltr'><strong>πε</strong></span> <span class='ocrx_word' id='word_1_106' title='bbox 1916 1256 1969 1327; x_wconf 81' lang='lat' dir='ltr'><strong>pi.</strong></span> 
     </span>
    </p>
   </div>
   <div class='ocr_carea' id='block_1_15' title="bbox 380 1333 1966 1415">
    <p class='ocr_par' dir='ltr' id='par_1_15' title="bbox 380 1333 1966 1415">
     <span class='ocr_line' id='line_1_15' title="bbox 380 1333 1966 1415; baseline 0.008 -29"><span class='ocrx_word' id='word_1_107' title='bbox 380 1333 494 1386; x_wconf 84' lang='grc' dir='ltr'><strong>τῶν</strong></span> <span class='ocrx_word' id='word_1_108' title='bbox 546 1336 633 1404; x_wconf 67' lang='grc' dir='ltr'><strong>ἐφ’</strong></span> <span class='ocrx_word' id='word_1_109' title='bbox 678 1337 812 1407; x_wconf 75' lang='grc' dir='ltr'><strong>ἡμῖν</strong></span> <span class='ocrx_word' id='word_1_110' title='bbox 843 1339 1108 1409; x_wconf 77' lang='grc' dir='ltr'><strong>πρακτῶν</strong></span> <span class='ocrx_word' id='word_1_111' title='bbox 1142 1342 1403 1412; x_wconf 79' lang='grc' dir='ltr'><strong>γινομένη</strong></span> <span class='ocrx_word' id='word_1_112' title='bbox 1425 1358 1441 1374; x_wconf 76' lang='grc' dir='ltr'><strong><em>ο</em></strong></span> <span class='ocrx_word' id='word_1_113' title='bbox 1474 1341 1788 1412; x_wconf 80' lang='grc' dir='ltr'><strong>βουλεύεται</strong></span> <span class='ocrx_word' id='word_1_114' title='bbox 1835 1344 1966 1415; x_wconf 77' lang='grc' dir='ltr'><strong>γὰρ,</strong></span> 
     </span>
    </p>
   </div>
   <div class='ocr_carea' id='block_1_16' title="bbox 384 1425 1971 1506">
    <p class='ocr_par' dir='ltr' id='par_1_16' title="bbox 384 1425 1971 1506">
     <span class='ocr_line' id='line_1_16' title="bbox 384 1425 1971 1506; baseline 0.007 -29"><span class='ocrx_word' id='word_1_115' title='bbox 384 1426 436 1476; x_wconf 88' lang='grc' dir='ltr'><strong>εί</strong></span> <span class='ocrx_word' id='word_1_116' title='bbox 462 1425 669 1494; x_wconf 77' lang='grc' dir='ltr'><strong>ὀφείλει</strong></span> <span class='ocrx_word' id='word_1_117' title='bbox 703 1428 981 1497; x_wconf 78' lang='grc' dir='ltr'><strong>μετελθεῖν</strong></span> <span class='ocrx_word' id='word_1_118' title='bbox 998 1430 1062 1483; x_wconf 79' lang='grc' dir='ltr'><strong>τὸ</strong></span> <span class='ocrx_word' id='word_1_119' title='bbox 1092 1433 1346 1503; x_wconf 78' lang='grc' dir='ltr'><strong>πρᾶγμα,</strong></span> <span class='ocrx_word' id='word_1_120' title='bbox 1383 1433 1416 1504; x_wconf 82' lang='grc' dir='ltr'>ἢ</span> <span class='ocrx_word' id='word_1_121' title='bbox 1442 1434 1504 1487; x_wconf 81' lang='grc' dir='ltr'><strong>οὐ</strong></span> <span class='ocrx_word' id='word_1_122' title='bbox 1525 1448 1539 1463; x_wconf 88' lang='grc'><strong>·</strong></span> <span class='ocrx_word' id='word_1_123' title='bbox 1565 1429 1687 1488; x_wconf 77' lang='grc' dir='ltr'><strong>εἷτα</strong></span> <span class='ocrx_word' id='word_1_124' title='bbox 1710 1434 1886 1506; x_wconf 86' lang='grc' dir='ltr'><strong>κρίνει</strong></span> <span class='ocrx_word' id='word_1_125' title='bbox 1910 1435 1971 1488; x_wconf 80' lang='grc' dir='ltr'><strong>τὸ</strong></span> 
     </span>
    </p>
   </div>
   <div class='ocr_carea' id='block_1_17' title="bbox 384 1516 1970 1591">
    <p class='ocr_par' dir='ltr' id='par_1_17' title="bbox 384 1516 1970 1591">
     <span class='ocr_line' id='line_1_17' title="bbox 384 1516 1970 1591; baseline 0.006 -23"><span class='ocrx_word' id='word_1_126' title='bbox 384 1516 635 1584; x_wconf 80' lang='grc' dir='ltr'><strong>κρεῖττον</strong></span> <span class='ocrx_word' id='word_1_127' title='bbox 659 1559 675 1581; x_wconf 90' lang='grc'><strong>,</strong></span> <span class='ocrx_word' id='word_1_128' title='bbox 711 1518 806 1572; x_wconf 81' lang='grc' dir='ltr'><strong>καὶ</strong></span> <span class='ocrx_word' id='word_1_129' title='bbox 853 1517 1076 1587; x_wconf 76' lang='grc' dir='ltr'><strong>λέγεται</strong></span> <span class='ocrx_word' id='word_1_130' title='bbox 1110 1521 1293 1591; x_wconf 84' lang='grc' dir='ltr'><strong>κρίσις</strong></span> <span class='ocrx_word' id='word_1_131' title='bbox 1315 1538 1328 1551; x_wconf 73' lang='grc' dir='ltr'><strong>ο</strong></span> <span class='ocrx_word' id='word_1_132' title='bbox 1371 1519 1492 1576; x_wconf 76' lang='grc' dir='ltr'><strong>εἶτα</strong></span> <span class='ocrx_word' id='word_1_133' title='bbox 1529 1523 1845 1591; x_wconf 80' lang='grc' dir='ltr'><strong>διατίθεται,</strong></span> <span class='ocrx_word' id='word_1_134' title='bbox 1875 1526 1970 1578; x_wconf 69' lang='grc' dir='ltr'><strong>καὶ</strong></span> 
     </span>
    </p>
   </div>
   <div class='ocr_carea' id='block_1_18' title="bbox 383 1609 1964 1688">
    <p class='ocr_par' dir='ltr' id='par_1_18' title="bbox 383 1609 1964 1688">
     <span class='ocr_line' id='line_1_18' title="bbox 383 1609 1964 1688; baseline 0.005 -26"><span class='ocrx_word' id='word_1_135' title='bbox 383 1610 579 1680; x_wconf 77' lang='grc' dir='ltr'><strong>ἀγαπᾷ</strong></span> <span class='ocrx_word' id='word_1_136' title='bbox 607 1609 669 1663; x_wconf 78' lang='grc' dir='ltr'><strong>τὸ</strong></span> <span class='ocrx_word' id='word_1_137' title='bbox 691 1611 754 1664; x_wconf 86' lang='grc' dir='ltr'><strong>ὲκ</strong></span> <span class='ocrx_word' id='word_1_138' title='bbox 774 1611 879 1681; x_wconf 67' lang='grc' dir='ltr'><strong>τῆς»</strong></span> <span class='ocrx_word' id='word_1_139' title='bbox 901 1612 1099 1683; x_wconf 82' lang='grc' dir='ltr'><strong>βουλῆς</strong></span> <span class='ocrx_word' id='word_1_140' title='bbox 1119 1612 1329 1685; x_wconf 80' lang='grc' dir='ltr'><strong>κριθὲν,</strong></span> <span class='ocrx_word' id='word_1_141' title='bbox 1362 1616 1456 1669; x_wconf 73' lang='grc' dir='ltr'><strong>καὶ</strong></span> <span class='ocrx_word' id='word_1_142' title='bbox 1476 1616 1719 1670; x_wconf 79' lang='grc' dir='ltr'><strong>καλεῖται</strong></span> <span class='ocrx_word' id='word_1_143' title='bbox 1748 1616 1964 1688; x_wconf 79' lang='grc' dir='ltr'><strong>γνώμη.</strong></span> 
     </span>
    </p>
   </div>
   <div class='ocr_carea' id='block_1_19' title="bbox 398 1689 2045 1779">
    <p class='ocr_par' dir='ltr' id='par_1_19' title="bbox 398 1689 2045 1779">
     <span class='ocr_line' id='line_1_19' title="bbox 398 1689 2045 1779; baseline 0.007 -28"><span class='ocrx_word' id='word_1_144' title='bbox 398 1698 523 1752; x_wconf 75' lang='grc' dir='ltr'><strong>ἐὰν</strong></span> <span class='ocrx_word' id='word_1_145' title='bbox 553 1700 664 1771; x_wconf 81' lang='grc' dir='ltr'><strong>γὰρ</strong></span> <span class='ocrx_word' id='word_1_146' title='bbox 716 1702 904 1776; x_wconf 76' lang='grc' dir='ltr'><strong>κρίνῃ,</strong></span> <span class='ocrx_word' id='word_1_147' title='bbox 953 1704 1048 1757; x_wconf 73' lang='grc' dir='ltr'><strong>καὶ</strong></span> <span class='ocrx_word' id='word_1_148' title='bbox 1079 1704 1154 1775; x_wconf 80' lang='grc' dir='ltr'><strong>μὴ</strong></span> <span class='ocrx_word' id='word_1_149' title='bbox 1192 1705 1413 1777; x_wconf 81' lang='grc' dir='ltr'><strong>διατεθῇ</strong></span> <span class='ocrx_word' id='word_1_150' title='bbox 1477 1706 1613 1778; x_wconf 87' lang='grc' dir='ltr'><strong>πρὸς</strong></span> <span class='ocrx_word' id='word_1_151' title='bbox 1642 1707 1704 1760; x_wconf 82' lang='grc' dir='ltr'><strong>τὸ</strong></span> <span class='ocrx_word' id='word_1_152' title='bbox 1757 1709 1966 1779; x_wconf 79' lang='grc' dir='ltr'><strong>κριθὲν,</strong></span> <span class='ocrx_word' id='word_1_153' title='bbox 2005 1689 2045 1743; x_wconf 76' lang='grc' dir='ltr'><strong>Β</strong></span> 
     </span>
    </p>
   </div>
   <div class='ocr_carea' id='block_1_20' title="bbox 376 1782 1971 1871">
    <p class='ocr_par' dir='ltr' id='par_1_20' title="bbox 376 1782 1971 1871">
     <span class='ocr_line' id='line_1_20' title="bbox 376 1782 1971 1871; baseline 0.003 -28"><span class='ocrx_word' id='word_1_154' title='bbox 376 1782 553 1859; x_wconf 61' lang='grc' dir='ltr'><strong>ἤγουν</strong></span> <span class='ocrx_word' id='word_1_155' title='bbox 584 1792 848 1865; x_wconf 80' lang='grc' dir='ltr'><strong>ἀγαπήσῃ</strong></span> <span class='ocrx_word' id='word_1_156' title='bbox 880 1795 1033 1860; x_wconf 83' lang='grc' dir='ltr'><strong>αὐτὸ,</strong></span> <span class='ocrx_word' id='word_1_157' title='bbox 1061 1795 1125 1849; x_wconf 92' lang='grc' dir='ltr'><strong>οὐ</strong></span> <span class='ocrx_word' id='word_1_158' title='bbox 1160 1796 1380 1865; x_wconf 84' lang='grc' dir='ltr'><strong>λέγεται</strong></span> <span class='ocrx_word' id='word_1_159' title='bbox 1412 1797 1629 1870; x_wconf 79' lang='grc' dir='ltr'><strong>γνώμη.</strong></span> <span class='ocrx_word' id='word_1_160' title='bbox 1665 1796 1798 1853; x_wconf 65' lang='lat' dir='ltr'><strong>Elea,</strong></span> <span class='ocrx_word' id='word_1_161' title='bbox 1834 1800 1971 1871; x_wconf 82' lang='grc' dir='ltr'><strong>μετὰ</strong></span> 
     </span>
    </p>
   </div>
   <div class='ocr_carea' id='block_1_21' title="bbox 381 1883 1970 1962">
    <p class='ocr_par' dir='ltr' id='par_1_21' title="bbox 381 1883 1970 1962">
     <span class='ocr_line' id='line_1_21' title="bbox 381 1883 1970 1962; baseline 0.008 -27"><span class='ocrx_word' id='word_1_162' title='bbox 381 1883 481 1952; x_wconf 82' lang='grc' dir='ltr'><strong>τὴν</strong></span> <span class='ocrx_word' id='word_1_163' title='bbox 511 1883 776 1952; x_wconf 79' lang='grc' dir='ltr'><strong>διάθεσιν,</strong></span> <span class='ocrx_word' id='word_1_164' title='bbox 832 1886 1046 1955; x_wconf 85' lang='grc' dir='ltr'><strong>γίνεται</strong></span> <span class='ocrx_word' id='word_1_165' title='bbox 1097 1890 1444 1959; x_wconf 83' lang='grc' dir='ltr'><strong>προαίρεσις,</strong></span> <span class='ocrx_word' id='word_1_166' title='bbox 1477 1891 1647 1961; x_wconf 69' lang='grc' dir='ltr'><strong>ἤγουν</strong></span> <span class='ocrx_word' id='word_1_167' title='bbox 1705 1893 1970 1962; x_wconf 71' lang='grc' dir='ltr'><strong>ἑπιλογήο</strong></span> 
     </span>
    </p>
   </div>
   <div class='ocr_carea' id='block_1_22' title="bbox 2076 433 3661 504">
    <p class='ocr_par' dir='ltr' id='par_1_22' title="bbox 2076 433 3661 504">
     <span class='ocr_line' id='line_1_22' title="bbox 2076 433 3661 504; baseline 0.004 -19"><span class='ocrx_word' id='word_1_168' title='bbox 2076 442 2236 500; x_wconf 79' lang='lat' dir='ltr'><strong>reges</strong></span> <span class='ocrx_word' id='word_1_169' title='bbox 2276 447 2436 499; x_wconf 87' lang='lat' dir='ltr'><strong>esse;</strong></span> <span class='ocrx_word' id='word_1_170' title='bbox 2483 433 2630 504; x_wconf 92' lang='lat' dir='ltr'><strong>quod</strong></span> <span class='ocrx_word' id='word_1_171' title='bbox 2676 444 2856 489; x_wconf 88' lang='lat' dir='ltr'><strong>tamen</strong></span> <span class='ocrx_word' id='word_1_172' title='bbox 2918 436 2971 489; x_wconf 92' lang='lat' dir='ltr'><strong>in</strong></span> <span class='ocrx_word' id='word_1_173' title='bbox 3021 439 3182 493; x_wconf 90' lang='lat' dir='ltr'><strong>nobis</strong></span> <span class='ocrx_word' id='word_1_174' title='bbox 3211 441 3376 494; x_wconf 92' lang='lat' dir='ltr'><strong>situm</strong></span> <span class='ocrx_word' id='word_1_175' title='bbox 3415 455 3523 493; x_wconf 91' lang='lat' dir='ltr'><strong>non</strong></span> <span class='ocrx_word' id='word_1_176' title='bbox 3555 447 3661 493; x_wconf 84' lang='lat' dir='ltr'><strong>est.</strong></span> 
     </span>
    </p>
   </div>
   <div class='ocr_carea' id='block_1_23' title="bbox 2076 521 3667 602">
    <p class='ocr_par' dir='ltr' id='par_1_23' title="bbox 2076 521 3667 602">
     <span class='ocr_line' id='line_1_23' title="bbox 2076 521 3667 602; baseline 0.004 -27"><span class='ocrx_word' id='word_1_177' title='bbox 2076 521 2341 578; x_wconf 83' lang='lat' dir='ltr'><strong>Volumus</strong></span> <span class='ocrx_word' id='word_1_178' title='bbox 2364 538 2582 595; x_wconf 66' lang='lat' dir='ltr'><strong>quoilue</strong></span> <span class='ocrx_word' id='word_1_179' title='bbox 2606 525 2845 583; x_wconf 82' lang='lat' dir='ltr'><strong>fortasse</strong></span> <span class='ocrx_word' id='word_1_180' title='bbox 2868 544 3149 599; x_wconf 80' lang='lat' dir='ltr'><strong>nunquam</strong></span> <span class='ocrx_word' id='word_1_181' title='bbox 3182 532 3341 596; x_wconf 88' lang='lat' dir='ltr'><strong>mori,</strong></span> <span class='ocrx_word' id='word_1_182' title='bbox 3373 532 3517 602; x_wconf 88' lang='lat' dir='ltr'><strong>quod</strong></span> <span class='ocrx_word' id='word_1_183' title='bbox 3544 533 3667 601; x_wconf 81' lang='lat' dir='ltr'><strong>qui-</strong></span> 
     </span>
    </p>
   </div>
   <div class='ocr_carea' id='block_1_24' title="bbox 2074 615 2590 689">
    <p class='ocr_par' dir='ltr' id='par_1_24' title="bbox 2074 615 2590 689">
     <span class='ocr_line' id='line_1_24' title="bbox 2074 615 2590 689; baseline 0.006 -18"><span class='ocrx_word' id='word_1_184' title='bbox 2074 615 2200 671; x_wconf 85' lang='lat' dir='ltr'><strong>dem</strong></span> <span class='ocrx_word' id='word_1_185' title='bbox 2236 615 2353 671; x_wconf 89' lang='lat' dir='ltr'><strong>lleri</strong></span> <span class='ocrx_word' id='word_1_186' title='bbox 2381 620 2590 689; x_wconf 88' lang='lat' dir='ltr'><strong>nequit.</strong></span> 
     </span>
    </p>
   </div>
   <div class='ocr_carea' id='block_1_25' title="bbox 2150 704 3669 781">
    <p class='ocr_par' dir='ltr' id='par_1_25' title="bbox 2150 704 3669 781">
     <span class='ocr_line' id='line_1_25' title="bbox 2150 704 3669 781; baseline 0.006 -21"><span class='ocrx_word' id='word_1_187' title='bbox 2150 704 2362 762; x_wconf 82' lang='lat' dir='ltr'><strong>Volemli</strong></span> <span class='ocrx_word' id='word_1_188' title='bbox 2414 720 2566 765; x_wconf 80' lang='lat' dir='ltr'><strong>actus</strong></span> <span class='ocrx_word' id='word_1_189' title='bbox 2615 719 2691 765; x_wconf 81' lang='lat' dir='ltr'><strong>est</strong></span> <span class='ocrx_word' id='word_1_190' title='bbox 2723 712 2847 781; x_wconf 81' lang='lat' dir='ltr'><strong>ﬁnis</strong></span> <span class='ocrx_word' id='word_1_191' title='bbox 2873 752 2888 778; x_wconf 92' lang='lat'><strong>,</strong></span> <span class='ocrx_word' id='word_1_192' title='bbox 2926 710 3212 767; x_wconf 82' lang='lat' dir='ltr'><strong>voluntatis</strong></span> <span class='ocrx_word' id='word_1_193' title='bbox 3253 714 3565 781; x_wconf 78' lang='lat' dir='ltr'><strong>subjectum.</strong></span> <span class='ocrx_word' id='word_1_194' title='bbox 3601 748 3669 757; x_wconf 85' lang='lat'><strong>--</strong></span> 
     </span>
    </p>
   </div>
   <div class='ocr_carea' id='block_1_26' title="bbox 2075 794 3665 875">
    <p class='ocr_par' dir='ltr' id='par_1_26' title="bbox 2075 794 3665 875">
     <span class='ocr_line' id='line_1_26' title="bbox 2075 794 3665 875; baseline 0.006 -24"><span class='ocrx_word' id='word_1_195' title='bbox 2075 797 2342 856; x_wconf 79' lang='lat' dir='ltr'><strong>Voluntas</strong></span> <span class='ocrx_word' id='word_1_196' title='bbox 2380 802 2449 869; x_wconf 83' lang='grc'><strong>⁷⁵,</strong></span> <span class='ocrx_word' id='word_1_197' title='bbox 2478 817 2575 857; x_wconf 82' lang='lat' dir='ltr'><strong>seu</strong></span> <span class='ocrx_word' id='word_1_198' title='bbox 2624 803 2843 858; x_wconf 87' lang='lat' dir='ltr'><strong>volendi</strong></span> <span class='ocrx_word' id='word_1_199' title='bbox 2879 794 3039 858; x_wconf 82' lang='lat' dir='ltr'><strong>actus</strong></span> <span class='ocrx_word' id='word_1_200' title='bbox 3074 804 3233 858; x_wconf 86' lang='lat' dir='ltr'><strong>linem</strong></span> <span class='ocrx_word' id='word_1_201' title='bbox 3283 813 3520 875; x_wconf 83' lang='lat' dir='ltr'><strong>spectat,</strong></span> <span class='ocrx_word' id='word_1_202' title='bbox 3556 823 3665 860; x_wconf 88' lang='lat' dir='ltr'><strong>non</strong></span> 
     </span>
    </p>
   </div>
   <div class='ocr_carea' id='block_1_27' title="bbox 2073 893 3668 968">
    <p class='ocr_par' dir='ltr' id='par_1_27' title="bbox 2073 893 3668 968">
     <span class='ocr_line' id='line_1_27' title="bbox 2073 893 3668 968; baseline 0.002 -21"><span class='ocrx_word' id='word_1_203' title='bbox 2073 906 2137 947; x_wconf 86' lang='lat' dir='ltr'><strong>ea</strong></span> <span class='ocrx_word' id='word_1_204' title='bbox 2169 908 2291 963; x_wconf 77' lang='lat' dir='ltr'><strong>qua:</strong></span> <span class='ocrx_word' id='word_1_205' title='bbox 2314 903 2443 951; x_wconf 90' lang='lat' dir='ltr'><strong>sunt</strong></span> <span class='ocrx_word' id='word_1_206' title='bbox 2472 895 2540 949; x_wconf 91' lang='lat' dir='ltr'><strong>ad</strong></span> <span class='ocrx_word' id='word_1_207' title='bbox 2568 896 2752 951; x_wconf 87' lang='lat' dir='ltr'><strong>linem.</strong></span> <span class='ocrx_word' id='word_1_208' title='bbox 2790 895 2868 951; x_wconf 87' lang='lat' dir='ltr'><strong>Ae</strong></span> <span class='ocrx_word' id='word_1_209' title='bbox 2896 893 3019 952; x_wconf 80' lang='lat' dir='ltr'><strong>ﬁnis</strong></span> <span class='ocrx_word' id='word_1_210' title='bbox 3048 895 3271 967; x_wconf 85' lang='lat' dir='ltr'><strong>quidem</strong></span> <span class='ocrx_word' id='word_1_211' title='bbox 3300 903 3403 959; x_wconf 89' lang='lat' dir='ltr'><strong>est,</strong></span> <span class='ocrx_word' id='word_1_212' title='bbox 3434 895 3487 950; x_wconf 91' lang='lat' dir='ltr'><strong>id</strong></span> <span class='ocrx_word' id='word_1_213' title='bbox 3524 898 3668 968; x_wconf 90' lang='lat' dir='ltr'><strong>quod</strong></span> 
     </span>
    </p>
   </div>
   <div class='ocr_carea' id='block_1_28' title="bbox 2073 988 3668 1061">
    <p class='ocr_par' dir='ltr' id='par_1_28' title="bbox 2073 988 3668 1061">
     <span class='ocr_line' id='line_1_28' title="bbox 2073 988 3668 1061; baseline 0.004 -24"><span class='ocrx_word' id='word_1_214' title='bbox 2073 993 2231 1042; x_wconf 84' lang='lat' dir='ltr'><strong>actus</strong></span> <span class='ocrx_word' id='word_1_215' title='bbox 2268 988 2571 1045; x_wconf 89' lang='lat' dir='ltr'><strong>voluntatis</strong></span> <span class='ocrx_word' id='word_1_216' title='bbox 2602 989 2909 1059; x_wconf 82' lang='lat' dir='ltr'><strong>subjectum</strong></span> <span class='ocrx_word' id='word_1_217' title='bbox 2933 998 3037 1053; x_wconf 90' lang='lat' dir='ltr'><strong>est,</strong></span> <span class='ocrx_word' id='word_1_218' title='bbox 3060 1004 3113 1043; x_wconf 89' lang='lat' dir='ltr'><strong>v.</strong></span> <span class='ocrx_word' id='word_1_219' title='bbox 3139 1003 3221 1061; x_wconf 86' lang='lat' dir='ltr'><strong>gr.</strong></span> <span class='ocrx_word' id='word_1_220' title='bbox 3250 1003 3505 1060; x_wconf 89' lang='lat' dir='ltr'><strong>regnare,</strong></span> <span class='ocrx_word' id='word_1_221' title='bbox 3526 989 3668 1043; x_wconf 89' lang='lat' dir='ltr'><strong>bona</strong></span> 
     </span>
    </p>
   </div>
   <div class='ocr_carea' id='block_1_29' title="bbox 2071 1078 3667 1152">
    <p class='ocr_par' dir='ltr' id='par_1_29' title="bbox 2071 1078 3667 1152">
     <span class='ocr_line' id='line_1_29' title="bbox 2071 1078 3667 1152; baseline 0.003 -19"><span class='ocrx_word' id='word_1_222' title='bbox 2071 1078 2389 1135; x_wconf 79' lang='lat' dir='ltr'><strong>valetudine</strong></span> <span class='ocrx_word' id='word_1_223' title='bbox 2421 1097 2586 1138; x_wconf 85' lang='lat' dir='ltr'><strong>esse:</strong></span> <span class='ocrx_word' id='word_1_224' title='bbox 2623 1084 2690 1138; x_wconf 91' lang='lat' dir='ltr'><strong>ad</strong></span> <span class='ocrx_word' id='word_1_225' title='bbox 2739 1082 2899 1137; x_wconf 85' lang='lat' dir='ltr'><strong>linem</strong></span> <span class='ocrx_word' id='word_1_226' title='bbox 2942 1090 3149 1147; x_wconf 91' lang='lat' dir='ltr'><strong>autem,</strong></span> <span class='ocrx_word' id='word_1_227' title='bbox 3185 1081 3238 1137; x_wconf 89' lang='lat' dir='ltr'><strong>id</strong></span> <span class='ocrx_word' id='word_1_228' title='bbox 3280 1081 3348 1137; x_wconf 92' lang='lat' dir='ltr'><strong>de</strong></span> <span class='ocrx_word' id='word_1_229' title='bbox 3388 1098 3496 1152; x_wconf 92' lang='lat' dir='ltr'><strong>quo</strong></span> <span class='ocrx_word' id='word_1_230' title='bbox 3528 1096 3667 1137; x_wconf 85' lang='lat' dir='ltr'><strong>con-</strong></span> 
     </span>
    </p>
   </div>
   <div class='ocr_carea' id='block_1_30' title="bbox 2074 1167 3743 1245">
    <p class='ocr_par' dir='ltr' id='par_1_30' title="bbox 2074 1167 3743 1245">
     <span class='ocr_line' id='line_1_30' title="bbox 2074 1167 3743 1245; baseline 0.002 -20"><span class='ocrx_word' id='word_1_231' title='bbox 2074 1171 2352 1238; x_wconf 87' lang='lat' dir='ltr'><strong>sultatur,</strong></span> <span class='ocrx_word' id='word_1_232' title='bbox 2402 1182 2533 1243; x_wconf 88' lang='lat' dir='ltr'><strong>puta</strong></span> <span class='ocrx_word' id='word_1_233' title='bbox 2585 1175 2785 1232; x_wconf 89' lang='lat' dir='ltr'><strong>modus</strong></span> <span class='ocrx_word' id='word_1_234' title='bbox 2816 1175 3219 1245; x_wconf 69' lang='lat' dir='ltr'><strong>consequentiae</strong></span> <span class='ocrx_word' id='word_1_235' title='bbox 3264 1175 3546 1240; x_wconf 88' lang='lat' dir='ltr'><strong>sanitatis,</strong></span> <span class='ocrx_word' id='word_1_236' title='bbox 3582 1177 3668 1231; x_wconf 91' lang='lat' dir='ltr'><strong>vel</strong></span> <span class='ocrx_word' id='word_1_237' title='bbox 3736 1167 3743 1171; x_wconf 54' lang='grc'><strong>”</strong></span> 
     </span>
    </p>
   </div>
   <div class='ocr_carea' id='block_1_31' title="bbox 2075 1261 3672 1335">
    <p class='ocr_par' dir='ltr' id='par_1_31' title="bbox 2075 1261 3672 1335">
     <span class='ocr_line' id='line_1_31' title="bbox 2075 1261 3672 1335; baseline 0 -18"><span class='ocrx_word' id='word_1_238' title='bbox 2075 1262 2238 1331; x_wconf 65' lang='lat' dir='ltr'><strong>regiae</strong></span> <span class='ocrx_word' id='word_1_239' title='bbox 2263 1261 2551 1332; x_wconf 84' lang='lat' dir='ltr'><strong>dignitatis</strong></span> <span class='ocrx_word' id='word_1_240' title='bbox 2584 1267 2649 1319; x_wconf 81' lang='lat'><strong>&quot;.</strong></span> <span class='ocrx_word' id='word_1_241' title='bbox 2700 1264 3017 1320; x_wconf 84' lang='lat' dir='ltr'><strong>Voluntatis</strong></span> <span class='ocrx_word' id='word_1_242' title='bbox 3055 1271 3240 1319; x_wconf 85' lang='lat' dir='ltr'><strong>actum</strong></span> <span class='ocrx_word' id='word_1_243' title='bbox 3282 1265 3531 1335; x_wconf 85' lang='lat' dir='ltr'><strong>sequitur</strong></span> <span class='ocrx_word' id='word_1_244' title='bbox 3580 1264 3672 1317; x_wconf 82' lang='lat' dir='ltr'><strong>in-</strong></span> 
     </span>
    </p>
   </div>
   <div class='ocr_carea' id='block_1_32' title="bbox 2073 1352 3666 1425">
    <p class='ocr_par' dir='ltr' id='par_1_32' title="bbox 2073 1352 3666 1425">
     <span class='ocr_line' id='line_1_32' title="bbox 2073 1352 3666 1425; baseline 0.001 -20"><span class='ocrx_word' id='word_1_245' title='bbox 2073 1352 2300 1422; x_wconf 90' lang='lat' dir='ltr'><strong>quisitio</strong></span> <span class='ocrx_word' id='word_1_246' title='bbox 2326 1364 2378 1409; x_wconf 90' lang='lat' dir='ltr'><strong>et</strong></span> <span class='ocrx_word' id='word_1_247' title='bbox 2410 1356 2809 1411; x_wconf 86' lang='lat' dir='ltr'><strong>consideratio.</strong></span> <span class='ocrx_word' id='word_1_248' title='bbox 2845 1355 3050 1411; x_wconf 87' lang='lat' dir='ltr'><strong>Deinde</strong></span> <span class='ocrx_word' id='word_1_249' title='bbox 3086 1353 3128 1411; x_wconf 90' lang='lat' dir='ltr'><strong>si</strong></span> <span class='ocrx_word' id='word_1_250' title='bbox 3159 1354 3225 1410; x_wconf 91' lang='lat' dir='ltr'><strong>de</strong></span> <span class='ocrx_word' id='word_1_251' title='bbox 3252 1355 3418 1412; x_wconf 86' lang='lat' dir='ltr'><strong>rebus</strong></span> <span class='ocrx_word' id='word_1_252' title='bbox 3461 1369 3582 1425; x_wconf 70' lang='lat' dir='ltr'><strong>quae</strong></span> <span class='ocrx_word' id='word_1_253' title='bbox 3611 1353 3666 1407; x_wconf 91' lang='lat' dir='ltr'><strong>in</strong></span> 
     </span>
    </p>
   </div>
   <div class='ocr_carea' id='block_1_33' title="bbox 2074 1445 3664 1518">
    <p class='ocr_par' dir='ltr' id='par_1_33' title="bbox 2074 1445 3664 1518">
     <span class='ocr_line' id='line_1_33' title="bbox 2074 1445 3664 1518; baseline 0.001 -20"><span class='ocrx_word' id='word_1_254' title='bbox 2074 1454 2347 1517; x_wconf 83' lang='lat' dir='ltr'><strong>potestate</strong></span> <span class='ocrx_word' id='word_1_255' title='bbox 2396 1454 2587 1503; x_wconf 86' lang='lat' dir='ltr'><strong>nostra</strong></span> <span class='ocrx_word' id='word_1_256' title='bbox 2640 1456 2790 1513; x_wconf 89' lang='lat' dir='ltr'><strong>sunt,</strong></span> <span class='ocrx_word' id='word_1_257' title='bbox 2838 1448 3040 1518; x_wconf 86' lang='lat' dir='ltr'><strong>agitur,</strong></span> <span class='ocrx_word' id='word_1_258' title='bbox 3076 1445 3373 1502; x_wconf 87' lang='lat' dir='ltr'><strong>consilium</strong></span> <span class='ocrx_word' id='word_1_259' title='bbox 3427 1446 3664 1510; x_wconf 83' lang='lat' dir='ltr'><strong>exsistit,</strong></span> 
     </span>
    </p>
   </div>
   <div class='ocr_carea' id='block_1_34' title="bbox 2074 1536 3666 1608">
    <p class='ocr_par' dir='ltr' id='par_1_34' title="bbox 2074 1536 3666 1608">
     <span class='ocr_line' id='line_1_34' title="bbox 2074 1536 3666 1608; baseline -0.001 -16"><span class='ocrx_word' id='word_1_260' title='bbox 2074 1553 2171 1592; x_wconf 91' lang='lat' dir='ltr'><strong>seu</strong></span> <span class='ocrx_word' id='word_1_261' title='bbox 2209 1536 2567 1594; x_wconf 84' lang='lat' dir='ltr'><strong>deliberatio.</strong></span> <span class='ocrx_word' id='word_1_262' title='bbox 2606 1538 2706 1594; x_wconf 85' lang='lat' dir='ltr'><strong>Est</strong></span> <span class='ocrx_word' id='word_1_263' title='bbox 2738 1546 2922 1594; x_wconf 90' lang='lat' dir='ltr'><strong>autem</strong></span> <span class='ocrx_word' id='word_1_264' title='bbox 2951 1537 3244 1594; x_wconf 91' lang='lat' dir='ltr'><strong>consilium</strong></span> <span class='ocrx_word' id='word_1_265' title='bbox 3277 1536 3555 1608; x_wconf 87' lang='lat' dir='ltr'><strong>appetitus</strong></span> <span class='ocrx_word' id='word_1_266' title='bbox 3580 1536 3666 1591; x_wconf 92' lang='lat' dir='ltr'><strong>in-</strong></span> 
     </span>
    </p>
   </div>
   <div class='ocr_carea' id='block_1_35' title="bbox 2076 1628 3666 1702">
    <p class='ocr_par' dir='ltr' id='par_1_35' title="bbox 2076 1628 3666 1702">
     <span class='ocr_line' id='line_1_35' title="bbox 2076 1628 3666 1702; baseline 0.002 -20"><span class='ocrx_word' id='word_1_267' title='bbox 2076 1630 2306 1698; x_wconf 89' lang='lat' dir='ltr'><strong>quirens</strong></span> <span class='ocrx_word' id='word_1_268' title='bbox 2344 1628 2413 1684; x_wconf 92' lang='lat' dir='ltr'><strong>de</strong></span> <span class='ocrx_word' id='word_1_269' title='bbox 2442 1631 2612 1686; x_wconf 85' lang='lat' dir='ltr'><strong>rebus</strong></span> <span class='ocrx_word' id='word_1_270' title='bbox 2648 1630 2900 1702; x_wconf 82' lang='lat' dir='ltr'><strong>agendis,</strong></span> <span class='ocrx_word' id='word_1_271' title='bbox 2932 1644 3165 1701; x_wconf 87' lang='lat' dir='ltr'><strong>quarum</strong></span> <span class='ocrx_word' id='word_1_272' title='bbox 3212 1636 3461 1698; x_wconf 86' lang='lat' dir='ltr'><strong>potestas</strong></span> <span class='ocrx_word' id='word_1_273' title='bbox 3499 1644 3666 1700; x_wconf 86' lang='lat' dir='ltr'><strong>penes</strong></span> 
     </span>
    </p>
   </div>
   <div class='ocr_carea' id='block_1_36' title="bbox 2072 1722 3665 1794">
    <p class='ocr_par' dir='ltr' id='par_1_36' title="bbox 2072 1722 3665 1794">
     <span class='ocr_line' id='line_1_36' title="bbox 2072 1722 3665 1794; baseline 0 -19"><span class='ocrx_word' id='word_1_274' title='bbox 2072 1737 2173 1777; x_wconf 91' lang='lat' dir='ltr'><strong>nos</strong></span> <span class='ocrx_word' id='word_1_275' title='bbox 2199 1728 2304 1777; x_wconf 88' lang='lat' dir='ltr'><strong>est.</strong></span> <span class='ocrx_word' id='word_1_276' title='bbox 2335 1722 2615 1777; x_wconf 86' lang='lat' dir='ltr'><strong>Deliberat</strong></span> <span class='ocrx_word' id='word_1_277' title='bbox 2643 1724 2788 1777; x_wconf 91' lang='lat' dir='ltr'><strong>enim</strong></span> <span class='ocrx_word' id='word_1_278' title='bbox 2807 1722 3102 1794; x_wconf 89' lang='lat' dir='ltr'><strong>quispiam,</strong></span> <span class='ocrx_word' id='word_1_279' title='bbox 3125 1736 3257 1776; x_wconf 87' lang='lat' dir='ltr'><strong>num</strong></span> <span class='ocrx_word' id='word_1_280' title='bbox 3283 1736 3397 1777; x_wconf 92' lang='lat' dir='ltr'><strong>rem</strong></span> <span class='ocrx_word' id='word_1_281' title='bbox 3427 1722 3665 1793; x_wconf 85' lang='lat' dir='ltr'><strong>aliquam</strong></span> 
     </span>
    </p>
   </div>
   <div class='ocr_carea' id='block_1_37' title="bbox 2070 1812 3665 1888">
    <p class='ocr_par' dir='ltr' id='par_1_37' title="bbox 2070 1812 3665 1888">
     <span class='ocr_line' id='line_1_37' title="bbox 2070 1812 3665 1888; baseline -0.001 -21"><span class='ocrx_word' id='word_1_282' title='bbox 2070 1813 2292 1885; x_wconf 79' lang='lat' dir='ltr'><strong>aggredi</strong></span> <span class='ocrx_word' id='word_1_283' title='bbox 2328 1814 2545 1882; x_wconf 87' lang='lat' dir='ltr'><strong>debeat,</strong></span> <span class='ocrx_word' id='word_1_284' title='bbox 2576 1830 2750 1871; x_wconf 84' lang='lat' dir='ltr'><strong>necne</strong></span> <span class='ocrx_word' id='word_1_285' title='bbox 2806 1833 2819 1869; x_wconf 91' lang='lat'>:</span> <span class='ocrx_word' id='word_1_286' title='bbox 2854 1824 2968 1869; x_wconf 91' lang='lat' dir='ltr'><strong>tum</strong></span> <span class='ocrx_word' id='word_1_287' title='bbox 3004 1815 3056 1870; x_wconf 89' lang='lat' dir='ltr'><strong>id</strong></span> <span class='ocrx_word' id='word_1_288' title='bbox 3085 1813 3231 1888; x_wconf 86' lang='lat' dir='ltr'><strong>quod</strong></span> <span class='ocrx_word' id='word_1_289' title='bbox 3259 1812 3516 1869; x_wconf 89' lang='lat' dir='ltr'><strong>idoneum</strong></span> <span class='ocrx_word' id='word_1_290' title='bbox 3548 1828 3665 1867; x_wconf 88' lang='lat' dir='ltr'><strong>ma-</strong></span> 
     </span>
    </p>
   </div>
   <div class='ocr_carea' id='block_1_38' title="bbox 2072 1902 3662 1974">
    <p class='ocr_par' dir='ltr' id='par_1_38' title="bbox 2072 1902 3662 1974">
     <span class='ocr_line' id='line_1_38' title="bbox 2072 1902 3662 1974; baseline 0.001 -19"><span class='ocrx_word' id='word_1_291' title='bbox 2072 1902 2157 1971; x_wconf 78' lang='lat' dir='ltr'><strong>gis</strong></span> <span class='ocrx_word' id='word_1_292' title='bbox 2204 1902 2273 1956; x_wconf 92' lang='lat' dir='ltr'><strong>sit</strong></span> <span class='ocrx_word' id='word_1_293' title='bbox 2304 1902 2542 1972; x_wconf 88' lang='lat' dir='ltr'><strong>judicat,</strong></span> <span class='ocrx_word' id='word_1_294' title='bbox 2597 1912 2651 1958; x_wconf 88' lang='lat' dir='ltr'><strong>et</strong></span> <span class='ocrx_word' id='word_1_295' title='bbox 2685 1904 2953 1973; x_wconf 82' lang='lat' dir='ltr'><strong>judicium</strong></span> <span class='ocrx_word' id='word_1_296' title='bbox 3004 1904 3229 1959; x_wconf 90' lang='lat' dir='ltr'><strong>dicitur.</strong></span> <span class='ocrx_word' id='word_1_297' title='bbox 3283 1903 3482 1959; x_wconf 84' lang='lat' dir='ltr'><strong>Postea</strong></span> <span class='ocrx_word' id='word_1_298' title='bbox 3531 1919 3662 1974; x_wconf 79' lang='lat' dir='ltr'><strong>erga</strong></span> 
     </span>
    </p>
   </div>
   <div class='ocr_carea' id='block_1_39' title="bbox 370 1975 1969 2066">
    <p class='ocr_par' dir='ltr' id='par_1_39' title="bbox 370 1975 1969 2054">
     <span class='ocr_line' id='line_1_39' title="bbox 370 1975 1969 2054; baseline 0.008 -28"><span class='ocrx_word' id='word_1_299' title='bbox 370 1975 705 2045; x_wconf 71' lang='grc' dir='ltr'><strong>,προαίρεσις</strong></span> <span class='ocrx_word' id='word_1_300' title='bbox 738 1979 847 2047; x_wconf 83' lang='grc' dir='ltr'><strong>γάρ</strong></span> <span class='ocrx_word' id='word_1_301' title='bbox 896 1981 1037 2045; x_wconf 77' lang='grc' dir='ltr'><strong>ἐστι,</strong></span> <span class='ocrx_word' id='word_1_302' title='bbox 1070 1979 1166 2034; x_wconf 82' lang='grc' dir='ltr'><strong>δύο</strong></span> <span class='ocrx_word' id='word_1_303' title='bbox 1215 1983 1617 2051; x_wconf 84' lang='grc' dir='ltr'><strong>προκειμένων,</strong></span> <span class='ocrx_word' id='word_1_304' title='bbox 1650 1984 1713 2037; x_wconf 80' lang='grc' dir='ltr'><strong>τὸ</strong></span> <span class='ocrx_word' id='word_1_305' title='bbox 1757 1985 1857 2054; x_wconf 78' lang='grc' dir='ltr'><strong>μὲν</strong></span> <span class='ocrx_word' id='word_1_306' title='bbox 1889 1987 1969 2038; x_wconf 89' lang='grc' dir='ltr'><strong>αί-</strong></span> 
     </span>
    </p>
   </div>
   <div class='ocr_carea' id='block_1_40' title="bbox 2076 1975 3663 2066">
    <p class='ocr_par' dir='ltr' id='par_1_40' title="bbox 2076 1992 3663 2066">
     <span class='ocr_line' id='line_1_40' title="bbox 2076 1992 3663 2066; baseline 0 -20"><span class='ocrx_word' id='word_1_307' title='bbox 2076 1992 2215 2046; x_wconf 92' lang='lat' dir='ltr'><strong>illud</strong></span> <span class='ocrx_word' id='word_1_308' title='bbox 2243 1992 2502 2059; x_wconf 83' lang='lat' dir='ltr'><strong>afﬁcitur,</strong></span> <span class='ocrx_word' id='word_1_309' title='bbox 2534 2003 2586 2049; x_wconf 93' lang='lat' dir='ltr'><strong>et</strong></span> <span class='ocrx_word' id='word_1_310' title='bbox 2621 1994 2973 2064; x_wconf 84' lang='lat' dir='ltr'><strong>amplectitur</strong></span> <span class='ocrx_word' id='word_1_311' title='bbox 3009 1994 3156 2066; x_wconf 90' lang='lat' dir='ltr'><strong>quod</strong></span> <span class='ocrx_word' id='word_1_312' title='bbox 3188 1992 3480 2049; x_wconf 88' lang='lat' dir='ltr'><strong>consilium</strong></span> <span class='ocrx_word' id='word_1_313' title='bbox 3531 2008 3663 2047; x_wconf 87' lang='lat' dir='ltr'><strong>cen-</strong></span> 
     </span>
    </p>
   </div>
   <div class='ocr_carea' id='block_1_41' title="bbox 386 2065 1969 2157">
    <p class='ocr_par' dir='ltr' id='par_1_41' title="bbox 386 2065 1964 2147">
     <span class='ocr_line' id='line_1_41' title="bbox 386 2065 1964 2147; baseline 0.01 -30"><span class='ocrx_word' id='word_1_314' title='bbox 386 2065 622 2135; x_wconf 78' lang='grc' dir='ltr'><strong>ρεῖσθαι,</strong></span> <span class='ocrx_word' id='word_1_315' title='bbox 655 2068 750 2121; x_wconf 73' lang='grc' dir='ltr'><strong>καὶ</strong></span> <span class='ocrx_word' id='word_1_316' title='bbox 772 2068 1097 2138; x_wconf 72' lang='grc' dir='ltr'><strong>ἐκλέγεσθαι</strong></span> <span class='ocrx_word' id='word_1_317' title='bbox 1124 2072 1286 2127; x_wconf 81' lang='grc' dir='ltr'><strong>τοῦτο</strong></span> <span class='ocrx_word' id='word_1_318' title='bbox 1314 2074 1421 2145; x_wconf 87' lang='grc' dir='ltr'><strong>πρὸ</strong></span> <span class='ocrx_word' id='word_1_319' title='bbox 1453 2075 1550 2129; x_wconf 81' lang='grc' dir='ltr'><strong>τοῦ</strong></span> <span class='ocrx_word' id='word_1_320' title='bbox 1593 2076 1801 2147; x_wconf 76' lang='grc' dir='ltr'><strong>ἑτέρου.</strong></span> <span class='ocrx_word' id='word_1_321' title='bbox 1832 2074 1964 2132; x_wconf 76' lang='grc' dir='ltr'><strong>Εἶτα</strong></span> 
     </span>
    </p>
   </div>
   <div class='ocr_carea' id='block_1_42' title="bbox 2076 2065 3661 2157">
    <p class='ocr_par' dir='ltr' id='par_1_42' title="bbox 2076 2065 3661 2157">
     <span class='ocr_line' id='line_1_42' title="bbox 2076 2065 3661 2157; baseline -0.001 -20"><span class='ocrx_word' id='word_1_322' title='bbox 2076 2083 2186 2137; x_wconf 91' lang='lat' dir='ltr'><strong>suit</strong></span> <span class='ocrx_word' id='word_1_323' title='bbox 2211 2101 2224 2150; x_wconf 94' lang='lat'><strong>;</strong></span> <span class='ocrx_word' id='word_1_324' title='bbox 2268 2090 2323 2139; x_wconf 93' lang='lat' dir='ltr'><strong>et</strong></span> <span class='ocrx_word' id='word_1_325' title='bbox 2350 2091 2483 2140; x_wconf 91' lang='lat' dir='ltr'><strong>tunc</strong></span> <span class='ocrx_word' id='word_1_326' title='bbox 2510 2084 2726 2157; x_wconf 84' lang='grc' dir='ltr'><strong>γνώμη,</strong></span> <span class='ocrx_word' id='word_1_327' title='bbox 2755 2085 2807 2141; x_wconf 91' lang='lat' dir='ltr'><strong>id</strong></span> <span class='ocrx_word' id='word_1_328' title='bbox 2827 2094 2931 2153; x_wconf 89' lang='lat' dir='ltr'><strong>est,</strong></span> <span class='ocrx_word' id='word_1_329' title='bbox 2970 2065 3227 2141; x_wconf 78' lang='lat' dir='ltr'><strong>sententia</strong></span> <span class='ocrx_word' id='word_1_330' title='bbox 3254 2094 3500 2141; x_wconf 87' lang='lat' dir='ltr'><strong>vocatur.</strong></span> <span class='ocrx_word' id='word_1_331' title='bbox 3526 2082 3661 2137; x_wconf 81' lang='lat' dir='ltr'><strong>Nam</strong></span> 
     </span>
    </p>
   </div>
   <div class='ocr_carea' id='block_1_43' title="bbox 378 2154 1969 2250">
    <p class='ocr_par' dir='ltr' id='par_1_43' title="bbox 378 2154 1969 2237">
     <span class='ocr_line' id='line_1_43' title="bbox 378 2154 1969 2237; baseline 0.01 -30"><span class='ocrx_word' id='word_1_332' title='bbox 378 2155 530 2224; x_wconf 76' lang='grc' dir='ltr'><strong>ὁρμᾷ</strong></span> <span class='ocrx_word' id='word_1_333' title='bbox 552 2154 690 2225; x_wconf 81' lang='grc' dir='ltr'><strong>πρὸς</strong></span> <span class='ocrx_word' id='word_1_334' title='bbox 715 2157 817 2228; x_wconf 78' lang='grc' dir='ltr'><strong>τὴν</strong></span> <span class='ocrx_word' id='word_1_335' title='bbox 859 2160 1079 2230; x_wconf 80' lang='grc' dir='ltr'><strong>πρᾶξιν,</strong></span> <span class='ocrx_word' id='word_1_336' title='bbox 1121 2162 1214 2216; x_wconf 77' lang='grc' dir='ltr'><strong>καὶ</strong></span> <span class='ocrx_word' id='word_1_337' title='bbox 1264 2163 1480 2233; x_wconf 79' lang='grc' dir='ltr'><strong>λέγεται</strong></span> <span class='ocrx_word' id='word_1_338' title='bbox 1513 2167 1657 2237; x_wconf 75' lang='grc' dir='ltr'><strong>ὁρμή</strong></span> <span class='ocrx_word' id='word_1_339' title='bbox 1681 2185 1696 2199; x_wconf 90' lang='grc'><strong>·</strong></span> <span class='ocrx_word' id='word_1_340' title='bbox 1730 2162 1850 2222; x_wconf 74' lang='grc' dir='ltr'><strong>εἶτα</strong></span> <span class='ocrx_word' id='word_1_341' title='bbox 1879 2172 1969 2223; x_wconf 78' lang='grc' dir='ltr'><strong>κέ-</strong></span> 
     </span>
    </p>
   </div>
   <div class='ocr_carea' id='block_1_44' title="bbox 2076 2154 3659 2250">
    <p class='ocr_par' dir='ltr' id='par_1_44' title="bbox 2077 2154 3659 2250">
     <span class='ocr_line' id='line_1_44' title="bbox 2077 2154 3659 2250; baseline -0.003 -21"><span class='ocrx_word' id='word_1_342' title='bbox 2077 2175 2124 2229; x_wconf 86' lang='lat' dir='ltr'><strong>si</strong></span> <span class='ocrx_word' id='word_1_343' title='bbox 2163 2176 2237 2230; x_wconf 94' lang='lat' dir='ltr'><strong>ita</strong></span> <span class='ocrx_word' id='word_1_344' title='bbox 2266 2172 2600 2245; x_wconf 85' lang='lat' dir='ltr'><strong>judicet,ut</strong></span> <span class='ocrx_word' id='word_1_345' title='bbox 2629 2154 2809 2234; x_wconf 84' lang='lat' dir='ltr'><strong>tamen</strong></span> <span class='ocrx_word' id='word_1_346' title='bbox 2844 2194 2972 2250; x_wconf 87' lang='lat' dir='ltr'><strong>erga</strong></span> <span class='ocrx_word' id='word_1_347' title='bbox 3010 2179 3144 2234; x_wconf 91' lang='lat' dir='ltr'><strong>illud</strong></span> <span class='ocrx_word' id='word_1_348' title='bbox 3182 2178 3326 2249; x_wconf 89' lang='lat' dir='ltr'><strong>quod</strong></span> <span class='ocrx_word' id='word_1_349' title='bbox 3356 2176 3659 2248; x_wconf 82' lang='lat' dir='ltr'><strong>judicatum</strong></span> 
     </span>
    </p>
   </div>
   <div class='ocr_carea' id='block_1_45' title="bbox 374 2249 1969 2339">
    <p class='ocr_par' dir='ltr' id='par_1_45' title="bbox 374 2249 1969 2339">
     <span class='ocr_line' id='line_1_45' title="bbox 374 2249 1969 2339; baseline 0.004 -40"><span class='ocrx_word' id='word_1_350' title='bbox 374 2262 607 2339; x_wconf 46' lang='grc' dir='ltr'><strong>θέρηται,</strong></span> <span class='ocrx_word' id='word_1_351' title='bbox 635 2251 731 2304; x_wconf 83' lang='grc' dir='ltr'><strong>καὶ</strong></span> <span class='ocrx_word' id='word_1_352' title='bbox 759 2249 981 2320; x_wconf 83' lang='grc' dir='ltr'><strong>λέγεται</strong></span> <span class='ocrx_word' id='word_1_353' title='bbox 1018 2254 1215 2326; x_wconf 81' lang='grc' dir='ltr'><strong>χρῆσις</strong></span> <span class='ocrx_word' id='word_1_354' title='bbox 1242 2272 1256 2286; x_wconf 92' lang='grc'><strong>·</strong></span> <span class='ocrx_word' id='word_1_355' title='bbox 1290 2253 1410 2312; x_wconf 82' lang='grc' dir='ltr'><strong>εἶτα</strong></span> <span class='ocrx_word' id='word_1_356' title='bbox 1450 2258 1683 2313; x_wconf 84' lang='grc' dir='ltr'><strong>παύεται</strong></span> <span class='ocrx_word' id='word_1_357' title='bbox 1711 2262 1813 2332; x_wconf 82' lang='grc' dir='ltr'><strong>τῆς</strong></span> <span class='ocrx_word' id='word_1_358' title='bbox 1846 2262 1969 2331; x_wconf 82' lang='grc' dir='ltr'><strong>ὀρέ-</strong></span> 
     </span>
    </p>
   </div>
   <div class='ocr_carea' id='block_1_46' title="bbox 2076 2249 3661 2339">
    <p class='ocr_par' dir='ltr' id='par_1_46' title="bbox 2080 2249 3661 2339">
     <span class='ocr_line' id='line_1_46' title="bbox 2080 2249 3661 2339; baseline -0.001 -15"><span class='ocrx_word' id='word_1_359' title='bbox 2080 2275 2188 2332; x_wconf 83' lang='lat' dir='ltr'><strong>est,</strong></span> <span class='ocrx_word' id='word_1_360' title='bbox 2224 2284 2336 2325; x_wconf 88' lang='lat' dir='ltr'><strong>non</strong></span> <span class='ocrx_word' id='word_1_361' title='bbox 2377 2270 2686 2339; x_wconf 73' lang='lat' dir='ltr'><strong>adiciatur;</strong></span> <span class='ocrx_word' id='word_1_362' title='bbox 2736 2271 2841 2326; x_wconf 89' lang='lat' dir='ltr'><strong>hoc</strong></span> <span class='ocrx_word' id='word_1_363' title='bbox 2870 2249 2978 2337; x_wconf 79' lang='lat' dir='ltr'><strong>est,</strong></span> <span class='ocrx_word' id='word_1_364' title='bbox 3012 2271 3148 2327; x_wconf 90' lang='lat' dir='ltr'><strong>illud</strong></span> <span class='ocrx_word' id='word_1_365' title='bbox 3197 2270 3424 2326; x_wconf 91' lang='lat' dir='ltr'><strong>minime</strong></span> <span class='ocrx_word' id='word_1_366' title='bbox 3454 2267 3661 2338; x_wconf 83' lang='lat' dir='ltr'><strong>ample-</strong></span> 
     </span>
    </p>
   </div>
   <div class='ocr_carea' id='block_1_47' title="bbox 382 2336 1969 2428">
    <p class='ocr_par' dir='ltr' id='par_1_47' title="bbox 382 2336 1059 2416">
     <span class='ocr_line' id='line_1_47' title="bbox 382 2336 1059 2416; baseline 0.019 -28"><span class='ocrx_word' id='word_1_367' title='bbox 382 2336 522 2403; x_wconf 82' lang='grc' dir='ltr'><strong>ξευς</strong></span> <span class='ocrx_word' id='word_1_368' title='bbox 546 2342 686 2409; x_wconf 80' lang='grc' dir='ltr'><strong>μετὰ</strong></span> <span class='ocrx_word' id='word_1_369' title='bbox 713 2342 813 2413; x_wconf 84' lang='grc' dir='ltr'><strong>τὴν</strong></span> <span class='ocrx_word' id='word_1_370' title='bbox 842 2344 1059 2416; x_wconf 82' lang='grc' dir='ltr'><strong>χρῆσιν.</strong></span> 
     </span>
    </p>
   </div>
   <div class='ocr_carea' id='block_1_48' title="bbox 2076 2336 3657 2428">
    <p class='ocr_par' dir='ltr' id='par_1_48' title="bbox 2076 2360 3657 2428">
     <span class='ocr_line' id='line_1_48' title="bbox 2076 2360 3657 2428; baseline -0.003 -13"><span class='ocrx_word' id='word_1_371' title='bbox 2076 2367 2281 2428; x_wconf 88' lang='lat' dir='ltr'><strong>ctatur,</strong></span> <span class='ocrx_word' id='word_1_372' title='bbox 2320 2364 2591 2419; x_wconf 85' lang='lat' dir='ltr'><strong>sententia</strong></span> <span class='ocrx_word' id='word_1_373' title='bbox 2625 2378 2733 2419; x_wconf 90' lang='lat' dir='ltr'><strong>non</strong></span> <span class='ocrx_word' id='word_1_374' title='bbox 2766 2361 3125 2419; x_wconf 71' lang='lat' dir='ltr'><strong>diciturJam</strong></span> <span class='ocrx_word' id='word_1_375' title='bbox 3153 2377 3286 2418; x_wconf 90' lang='lat' dir='ltr'><strong>vero</strong></span> <span class='ocrx_word' id='word_1_376' title='bbox 3317 2360 3657 2415; x_wconf 76' lang='lat' dir='ltr'><strong>affectionem</strong></span> 
     </span>
    </p>
   </div>
   <div class='ocr_carea' id='block_1_49' title="bbox 379 2428 3655 2525">
    <p class='ocr_par' dir='ltr' id='par_1_49' title="bbox 379 2428 3655 2525">
     <span class='ocr_line' id='line_1_49' title="bbox 379 2428 3655 2525; baseline 0.008 -45"><span class='ocrx_word' id='word_1_377' title='bbox 379 2428 636 2496; x_wconf 84' lang='lat' dir='ltr'><strong>sequitur</strong></span> <span class='ocrx_word' id='word_1_378' title='bbox 661 2432 883 2525; x_wconf 83' lang='lat' dir='ltr'><strong>electio,</strong></span> <span class='ocrx_word' id='word_1_379' title='bbox 916 2434 1125 2506; x_wconf 82' lang='lat' dir='ltr'><strong>quippe</strong></span> <span class='ocrx_word' id='word_1_380' title='bbox 1163 2453 1284 2508; x_wconf 78' lang='lat' dir='ltr'><strong>quae</strong></span> <span class='ocrx_word' id='word_1_381' title='bbox 1321 2439 1459 2495; x_wconf 83' lang='lat' dir='ltr'><strong>nihil</strong></span> <span class='ocrx_word' id='word_1_382' title='bbox 1487 2450 1571 2495; x_wconf 84' lang='lat' dir='ltr'><strong>est</strong></span> <span class='ocrx_word' id='word_1_383' title='bbox 1597 2442 1749 2498; x_wconf 80' lang='lat' dir='ltr'><strong>aliud</strong></span> <span class='ocrx_word' id='word_1_384' title='bbox 1790 2444 1898 2500; x_wconf 83' lang='lat' dir='ltr'><strong>nisi</strong></span> <span class='ocrx_word' id='word_1_385' title='bbox 1928 2461 1959 2502; x_wconf 89' lang='lat' dir='ltr'><strong>e</strong></span> <span class='ocrx_word' id='word_1_386' title='bbox 1994 2446 2213 2507; x_wconf 84' lang='lat' dir='ltr'><strong>duabus</strong></span> <span class='ocrx_word' id='word_1_387' title='bbox 2243 2452 2410 2508; x_wconf 88' lang='lat' dir='ltr'><strong>rebus</strong></span> <span class='ocrx_word' id='word_1_388' title='bbox 2430 2468 2552 2525; x_wconf 68' lang='lat' dir='ltr'><strong>quae</strong></span> <span class='ocrx_word' id='word_1_389' title='bbox 2577 2460 2984 2525; x_wconf 90' lang='lat' dir='ltr'><strong>proponuntur,</strong></span> <span class='ocrx_word' id='word_1_390' title='bbox 3052 2452 3280 2509; x_wconf 81' lang='lat' dir='ltr'><strong>alterius</strong></span> <span class='ocrx_word' id='word_1_391' title='bbox 3333 2468 3443 2524; x_wconf 78' lang='lat' dir='ltr'><strong>prae</strong></span> <span class='ocrx_word' id='word_1_392' title='bbox 3489 2453 3655 2507; x_wconf 82' lang='lat' dir='ltr'><strong>altera</strong></span> 
     </span>
    </p>
   </div>
   <div class='ocr_carea' id='block_1_50' title="bbox 382 2524 3651 2617">
    <p class='ocr_par' dir='ltr' id='par_1_50' title="bbox 382 2524 3651 2617">
     <span class='ocr_line' id='line_1_50' title="bbox 382 2524 3651 2617; baseline 0.006 -40"><span class='ocrx_word' id='word_1_393' title='bbox 382 2527 686 2594; x_wconf 84' lang='lat' dir='ltr'><strong>susceptio.</strong></span> <span class='ocrx_word' id='word_1_394' title='bbox 732 2524 869 2583; x_wconf 87' lang='lat' dir='ltr'><strong>Dein</strong></span> <span class='ocrx_word' id='word_1_395' title='bbox 904 2528 974 2584; x_wconf 85' lang='lat' dir='ltr'><strong>ad</strong></span> <span class='ocrx_word' id='word_1_396' title='bbox 1010 2531 1285 2586; x_wconf 86' lang='lat' dir='ltr'><strong>actionem</strong></span> <span class='ocrx_word' id='word_1_397' title='bbox 1324 2536 1709 2607; x_wconf 66' lang='lat' dir='ltr'><strong>progreditur,</strong></span> <span class='ocrx_word' id='word_1_398' title='bbox 1764 2545 1819 2593; x_wconf 86' lang='lat' dir='ltr'><strong>et</strong></span> <span class='ocrx_word' id='word_1_399' title='bbox 1868 2538 1973 2594; x_wconf 85' lang='lat' dir='ltr'><strong>hoc</strong></span> <span class='ocrx_word' id='word_1_400' title='bbox 2008 2541 2217 2598; x_wconf 88' lang='lat' dir='ltr'><strong>dicitur</strong></span> <span class='ocrx_word' id='word_1_401' title='bbox 2240 2543 2522 2614; x_wconf 76' lang='lat' dir='ltr'><strong>impulsus.</strong></span> <span class='ocrx_word' id='word_1_402' title='bbox 2555 2524 2694 2602; x_wconf 76' lang='lat' dir='ltr'><strong>&#39;l‘um</strong></span> <span class='ocrx_word' id='word_1_403' title='bbox 2731 2546 2971 2603; x_wconf 73' lang='lat' dir='ltr'><strong>subinde</strong></span> <span class='ocrx_word' id='word_1_404' title='bbox 3030 2546 3227 2617; x_wconf 87' lang='lat' dir='ltr'><strong>adepto</strong></span> <span class='ocrx_word' id='word_1_405' title='bbox 3288 2544 3395 2601; x_wconf 85' lang='lat' dir='ltr'><strong>llnc</strong></span> <span class='ocrx_word' id='word_1_406' title='bbox 3460 2546 3651 2611; x_wconf 88' lang='lat' dir='ltr'><strong>utitur,</strong></span> 
     </span>
    </p>
   </div>
   <div class='ocr_carea' id='block_1_51' title="bbox 379 2622 2335 2705">
    <p class='ocr_par' dir='ltr' id='par_1_51' title="bbox 379 2622 2335 2705">
     <span class='ocr_line' id='line_1_51' title="bbox 379 2622 2335 2705; baseline 0.012 -38"><span class='ocrx_word' id='word_1_407' title='bbox 379 2623 439 2668; x_wconf 89' lang='lat' dir='ltr'><strong>et</strong></span> <span class='ocrx_word' id='word_1_408' title='bbox 465 2622 596 2670; x_wconf 79' lang='lat' dir='ltr'><strong>tunc</strong></span> <span class='ocrx_word' id='word_1_409' title='bbox 630 2634 759 2674; x_wconf 76' lang='lat' dir='ltr'><strong>usus</strong></span> <span class='ocrx_word' id='word_1_410' title='bbox 790 2622 1117 2691; x_wconf 81' lang='lat' dir='ltr'><strong>appellatur.</strong></span> <span class='ocrx_word' id='word_1_411' title='bbox 1154 2623 1285 2681; x_wconf 86' lang='lat' dir='ltr'><strong>Post</strong></span> <span class='ocrx_word' id='word_1_412' title='bbox 1310 2642 1465 2681; x_wconf 76' lang='lat' dir='ltr'><strong>usum</strong></span> <span class='ocrx_word' id='word_1_413' title='bbox 1495 2628 1732 2701; x_wconf 84' lang='lat' dir='ltr'><strong>denique</strong></span> <span class='ocrx_word' id='word_1_414' title='bbox 1778 2631 2054 2701; x_wconf 83' lang='lat' dir='ltr'><strong>appetitus</strong></span> <span class='ocrx_word' id='word_1_415' title='bbox 2077 2635 2335 2705; x_wconf 84' lang='lat' dir='ltr'><strong>quiescit.</strong></span> 
     </span>
    </p>
   </div>
   <div class='ocr_carea' id='block_1_52' title="bbox 464 2708 1969 2797">
    <p class='ocr_par' dir='ltr' id='par_1_52' title="bbox 464 2708 1965 2793">
     <span class='ocr_line' id='line_1_52' title="bbox 464 2708 1965 2793; baseline 0.013 -32"><span class='ocrx_word' id='word_1_416' title='bbox 464 2708 588 2762; x_wconf 76' lang='grc' dir='ltr'><strong>Ἐπὶ</strong></span> <span class='ocrx_word' id='word_1_417' title='bbox 611 2711 830 2780; x_wconf 69' lang='grc' dir='ltr'><strong>μὲνόὗν</strong></span> <span class='ocrx_word' id='word_1_418' title='bbox 860 2714 972 2769; x_wconf 85' lang='grc' dir='ltr'><strong>τῶν</strong></span> <span class='ocrx_word' id='word_1_419' title='bbox 1003 2716 1236 2786; x_wconf 80' lang='grc' dir='ltr'><strong>ἀλόγων,</strong></span> <span class='ocrx_word' id='word_1_420' title='bbox 1300 2720 1483 2790; x_wconf 76' lang='grc' dir='ltr'><strong>ὄρεξις</strong></span> <span class='ocrx_word' id='word_1_421' title='bbox 1524 2710 1743 2791; x_wconf 82' lang='grc' dir='ltr'><strong>γίνεταί</strong></span> <span class='ocrx_word' id='word_1_422' title='bbox 1799 2743 1965 2793; x_wconf 82' lang='grc' dir='ltr'><strong>τινος,</strong></span> 
     </span>
    </p>
   </div>
   <div class='ocr_carea' id='block_1_53' title="bbox 2076 2708 3652 2797">
    <p class='ocr_par' dir='ltr' id='par_1_53' title="bbox 2153 2727 3652 2797">
     <span class='ocr_line' id='line_1_53' title="bbox 2153 2727 3652 2797; baseline -0.003 -14"><span class='ocrx_word' id='word_1_423' title='bbox 2153 2728 2418 2786; x_wconf 79' lang='lat' dir='ltr'><strong>Voluntas</strong></span> <span class='ocrx_word' id='word_1_424' title='bbox 2466 2731 2521 2784; x_wconf 82' lang='lat' dir='ltr'><strong>in</strong></span> <span class='ocrx_word' id='word_1_425' title='bbox 2570 2730 2743 2786; x_wconf 81' lang='lat' dir='ltr'><strong>brutis</strong></span> <span class='ocrx_word' id='word_1_426' title='bbox 2794 2732 2965 2785; x_wconf 81' lang='lat' dir='ltr'><strong>nulla.</strong></span> <span class='ocrx_word' id='word_1_427' title='bbox 2998 2760 3062 2769; x_wconf 96' lang='lat'>—</span> <span class='ocrx_word' id='word_1_428' title='bbox 3092 2729 3265 2784; x_wconf 85' lang='lat' dir='ltr'><strong>Porro</strong></span> <span class='ocrx_word' id='word_1_429' title='bbox 3317 2727 3538 2797; x_wconf 80' lang='lat' dir='ltr'><strong>quidem</strong></span> <span class='ocrx_word' id='word_1_430' title='bbox 3600 2728 3652 2780; x_wconf 90' lang='lat' dir='ltr'><strong>in</strong></span> 
     </span>
    </p>
   </div>
   <div class='ocr_carea' id='block_1_54' title="bbox 378 2800 1969 2893">
    <p class='ocr_par' dir='ltr' id='par_1_54' title="bbox 378 2800 1969 2889">
     <span class='ocr_line' id='line_1_54' title="bbox 378 2800 1969 2889; baseline 0.013 -36"><span class='ocrx_word' id='word_1_431' title='bbox 378 2800 477 2863; x_wconf 69' lang='grc' dir='ltr'><strong>καὶ</strong></span> <span class='ocrx_word' id='word_1_432' title='bbox 527 2802 732 2867; x_wconf 66' lang='grc' dir='ltr'><strong>εὐθέως</strong></span> <span class='ocrx_word' id='word_1_433' title='bbox 761 2806 908 2879; x_wconf 73' lang='grc' dir='ltr'><strong>ὁρμὴ</strong></span> <span class='ocrx_word' id='word_1_434' title='bbox 963 2808 1101 2879; x_wconf 82' lang='grc' dir='ltr'><strong>πρὸς</strong></span> <span class='ocrx_word' id='word_1_435' title='bbox 1144 2810 1243 2882; x_wconf 84' lang='grc' dir='ltr'><strong>τὴν</strong></span> <span class='ocrx_word' id='word_1_436' title='bbox 1288 2812 1510 2883; x_wconf 82' lang='grc' dir='ltr'><strong>πρᾶξιν.</strong></span> <span class='ocrx_word' id='word_1_437' title='bbox 1573 2816 1804 2885; x_wconf 73' lang='grc' dir='ltr'><strong>’ἷᾹλογος</strong></span> <span class='ocrx_word' id='word_1_438' title='bbox 1858 2818 1969 2889; x_wconf 79' lang='grc' dir='ltr'><strong>γάρ</strong></span> 
     </span>
    </p>
   </div>
   <div class='ocr_carea' id='block_1_55' title="bbox 2076 2800 3652 2893">
    <p class='ocr_par' dir='ltr' id='par_1_55' title="bbox 2076 2820 3652 2893">
     <span class='ocr_line' id='line_1_55' title="bbox 2076 2820 3652 2893; baseline -0.005 -15"><span class='ocrx_word' id='word_1_439' title='bbox 2076 2822 2271 2888; x_wconf 85' lang='lat' dir='ltr'><strong>brutis,</strong></span> <span class='ocrx_word' id='word_1_440' title='bbox 2316 2823 2575 2893; x_wconf 87' lang='lat' dir='ltr'><strong>protinus</strong></span> <span class='ocrx_word' id='word_1_441' title='bbox 2607 2830 2666 2877; x_wconf 92' lang='lat' dir='ltr'><strong>ut</strong></span> <span class='ocrx_word' id='word_1_442' title='bbox 2696 2823 2775 2879; x_wconf 90' lang='lat' dir='ltr'><strong>rei</strong></span> <span class='ocrx_word' id='word_1_443' title='bbox 2809 2822 3046 2893; x_wconf 87' lang='lat' dir='ltr'><strong>alicujus</strong></span> <span class='ocrx_word' id='word_1_444' title='bbox 3079 2820 3354 2891; x_wconf 86' lang='lat' dir='ltr'><strong>appetitus</strong></span> <span class='ocrx_word' id='word_1_445' title='bbox 3385 2821 3652 2877; x_wconf 84' lang='lat' dir='ltr'><strong>nascitur.</strong></span> 
     </span>
    </p>
   </div>
   <div class='ocr_carea' id='block_1_56' title="bbox 380 2894 1969 2987">
    <p class='ocr_par' dir='ltr' id='par_1_56' title="bbox 380 2894 1967 2987">
     <span class='ocr_line' id='line_1_56' title="bbox 380 2894 1967 2987; baseline 0.012 -42"><span class='ocrx_word' id='word_1_446' title='bbox 380 2894 533 2947; x_wconf 74' lang='grc' dir='ltr'><strong>ἐστιν</strong></span> <span class='ocrx_word' id='word_1_447' title='bbox 616 2894 798 2987; x_wconf 70' lang='grc' dir='ltr'><strong>ὄρεξις</strong></span> <span class='ocrx_word' id='word_1_448' title='bbox 822 2898 933 2951; x_wconf 85' lang='grc' dir='ltr'><strong>τῶν</strong></span> <span class='ocrx_word' id='word_1_449' title='bbox 962 2898 1175 2969; x_wconf 79' lang='grc' dir='ltr'><strong>ἀλόγων</strong></span> <span class='ocrx_word' id='word_1_450' title='bbox 1193 2944 1208 2968; x_wconf 90' lang='grc'><strong>,</strong></span> <span class='ocrx_word' id='word_1_451' title='bbox 1233 2904 1328 2958; x_wconf 76' lang='grc' dir='ltr'><strong>καὶ</strong></span> <span class='ocrx_word' id='word_1_452' title='bbox 1355 2904 1581 2975; x_wconf 73' lang='grc' dir='ltr'><strong>ἄγονται</strong></span> <span class='ocrx_word' id='word_1_453' title='bbox 1606 2908 1713 2962; x_wconf 80' lang='grc' dir='ltr'><strong>ὐπὸ</strong></span> <span class='ocrx_word' id='word_1_454' title='bbox 1740 2909 1843 2981; x_wconf 84' lang='grc' dir='ltr'><strong>τῆς</strong></span> <span class='ocrx_word' id='word_1_455' title='bbox 1866 2928 1967 2979; x_wconf 80' lang='grc' dir='ltr'><strong>φυ-</strong></span> 
     </span>
    </p>
   </div>
   <div class='ocr_carea' id='block_1_57' title="bbox 2076 2894 3654 2987">
    <p class='ocr_par' dir='ltr' id='par_1_57' title="bbox 2076 2910 3654 2987">
     <span class='ocr_line' id='line_1_57' title="bbox 2076 2910 3654 2987; baseline -0.005 -17"><span class='ocrx_word' id='word_1_456' title='bbox 2076 2916 2344 2987; x_wconf 89' lang='lat' dir='ltr'><strong>impulsus</strong></span> <span class='ocrx_word' id='word_1_457' title='bbox 2381 2931 2600 2987; x_wconf 87' lang='lat' dir='ltr'><strong>quoque</strong></span> <span class='ocrx_word' id='word_1_458' title='bbox 2647 2916 2715 2971; x_wconf 91' lang='lat' dir='ltr'><strong>ad</strong></span> <span class='ocrx_word' id='word_1_459' title='bbox 2758 2916 3031 2971; x_wconf 84' lang='lat' dir='ltr'><strong>actionem</strong></span> <span class='ocrx_word' id='word_1_460' title='bbox 3064 2913 3301 2968; x_wconf 78' lang='lat' dir='ltr'><strong>exsistit.</strong></span> <span class='ocrx_word' id='word_1_461' title='bbox 3334 2910 3533 2965; x_wconf 87' lang='lat' dir='ltr'><strong>Eorum</strong></span> <span class='ocrx_word' id='word_1_462' title='bbox 3576 2910 3654 2964; x_wconf 88' lang='lat' dir='ltr'><strong>si-</strong></span> 
     </span>
    </p>
   </div>
   <div class='ocr_carea' id='block_1_58' title="bbox 376 2985 1969 3079">
    <p class='ocr_par' dir='ltr' id='par_1_58' title="bbox 376 2985 1969 3079">
     <span class='ocr_line' id='line_1_58' title="bbox 376 2985 1969 3079; baseline 0.012 -42"><span class='ocrx_word' id='word_1_463' title='bbox 376 2985 834 3079; x_wconf 17' lang='grc' dir='ltr'><strong>νσικῆςλόρεξεως·</strong></span> <span class='ocrx_word' id='word_1_464' title='bbox 868 2989 951 3043; x_wconf 83' lang='grc' dir='ltr'><strong>διὸ</strong></span> <span class='ocrx_word' id='word_1_465' title='bbox 997 2991 1120 3045; x_wconf 83' lang='grc' dir='ltr'><strong>οὐδὲ</strong></span> <span class='ocrx_word' id='word_1_466' title='bbox 1158 2992 1380 3065; x_wconf 76' lang='grc' dir='ltr'><strong>θέλησις</strong></span> <span class='ocrx_word' id='word_1_467' title='bbox 1410 2997 1629 3067; x_wconf 77' lang='grc' dir='ltr'><strong>λέγεται</strong></span> <span class='ocrx_word' id='word_1_468' title='bbox 1657 3002 1691 3070; x_wconf 76' lang='grc' dir='ltr'><strong>ἡ</strong></span> <span class='ocrx_word' id='word_1_469' title='bbox 1716 3000 1824 3054; x_wconf 82' lang='grc' dir='ltr'><strong>τῶν</strong></span> <span class='ocrx_word' id='word_1_470' title='bbox 1853 3001 1969 3055; x_wconf 80' lang='grc' dir='ltr'><strong>ἀλό-</strong></span> 
     </span>
    </p>
   </div>
   <div class='ocr_carea' id='block_1_59' title="bbox 2076 2985 3651 3079">
    <p class='ocr_par' dir='ltr' id='par_1_59' title="bbox 2076 2985 3651 3079">
     <span class='ocr_line' id='line_1_59' title="bbox 2076 2985 3651 3079; baseline -0.006 -16"><span class='ocrx_word' id='word_1_471' title='bbox 2076 2985 2295 3079; x_wconf 83' lang='lat' dir='ltr'><strong>quidem</strong></span> <span class='ocrx_word' id='word_1_472' title='bbox 2327 2985 2604 3079; x_wconf 84' lang='lat' dir='ltr'><strong>appetitus</strong></span> <span class='ocrx_word' id='word_1_473' title='bbox 2633 3006 3033 3062; x_wconf 87' lang='lat' dir='ltr'><strong>irrationabilis</strong></span> <span class='ocrx_word' id='word_1_474' title='bbox 3063 3015 3171 3068; x_wconf 88' lang='lat' dir='ltr'><strong>est,</strong></span> <span class='ocrx_word' id='word_1_475' title='bbox 3215 3004 3444 3074; x_wconf 87' lang='lat' dir='ltr'><strong>soloque</strong></span> <span class='ocrx_word' id='word_1_476' title='bbox 3489 3010 3651 3056; x_wconf 89' lang='lat' dir='ltr'><strong>natu-</strong></span> 
     </span>
    </p>
   </div>
   <div class='ocr_carea' id='block_1_60' title="bbox 382 3076 1969 3190">
    <p class='ocr_par' dir='ltr' id='par_1_60' title="bbox 382 3076 1965 3190">
     <span class='ocr_line' id='line_1_60' title="bbox 382 3076 1965 3190; baseline 0.011 -62"><span class='ocrx_word' id='word_1_477' title='bbox 382 3092 497 3190; x_wconf 45' lang='grc' dir='ltr'><strong>γιον</strong></span> <span class='ocrx_word' id='word_1_478' title='bbox 528 3076 731 3190; x_wconf 44' lang='grc' dir='ltr'><strong>ὄρεξις,</strong></span> <span class='ocrx_word' id='word_1_479' title='bbox 762 3079 885 3135; x_wconf 83' lang='grc' dir='ltr'><strong>οὐδὲ</strong></span> <span class='ocrx_word' id='word_1_480' title='bbox 916 3080 1190 3153; x_wconf 83' lang='grc' dir='ltr'><strong>βούλησις.</strong></span> <span class='ocrx_word' id='word_1_481' title='bbox 1219 3084 1453 3157; x_wconf 84' lang='grc' dir='ltr'><strong>Θέλησις</strong></span> <span class='ocrx_word' id='word_1_482' title='bbox 1480 3089 1593 3161; x_wconf 83' lang='grc' dir='ltr'><strong>γάρ</strong></span> <span class='ocrx_word' id='word_1_483' title='bbox 1624 3091 1744 3144; x_wconf 77' lang='grc' dir='ltr'><strong>ἐστι</strong></span> <span class='ocrx_word' id='word_1_484' title='bbox 1772 3091 1965 3163; x_wconf 80' lang='grc' dir='ltr'><strong>λογικὴ</strong></span> 
     </span>
    </p>
   </div>
   <div class='ocr_carea' id='block_1_61' title="bbox 2076 3076 3652 3190">
    <p class='ocr_par' dir='ltr' id='par_1_61' title="bbox 2076 3076 3652 3190">
     <span class='ocr_line' id='line_1_61' title="bbox 2076 3076 3652 3190; baseline -0.004 -35"><span class='ocrx_word' id='word_1_485' title='bbox 2076 3076 2177 3155; x_wconf 75' lang='lat' dir='ltr'><strong>rali</strong></span> <span class='ocrx_word' id='word_1_486' title='bbox 2221 3076 2465 3171; x_wconf 73' lang='lat' dir='ltr'><strong>appetitu</strong></span> <span class='ocrx_word' id='word_1_487' title='bbox 2518 3108 2779 3172; x_wconf 82' lang='lat' dir='ltr'><strong>aguntur.</strong></span> <span class='ocrx_word' id='word_1_488' title='bbox 2808 3100 2928 3167; x_wconf 84' lang='lat' dir='ltr'><strong>Quo</strong></span> <span class='ocrx_word' id='word_1_489' title='bbox 2959 3098 3016 3154; x_wconf 87' lang='lat' dir='ltr'><strong>lit</strong></span> <span class='ocrx_word' id='word_1_490' title='bbox 3052 3105 3111 3152; x_wconf 92' lang='lat' dir='ltr'><strong>ut</strong></span> <span class='ocrx_word' id='word_1_491' title='bbox 3147 3099 3439 3171; x_wconf 84' lang='lat' dir='ltr'><strong>brutorum</strong></span> <span class='ocrx_word' id='word_1_492' title='bbox 3489 3110 3652 3190; x_wconf 83' lang='lat' dir='ltr'><strong>appe-</strong></span> 
     </span>
    </p>
   </div>
   <div class='ocr_carea' id='block_1_62' title="bbox 382 3168 1969 3263">
    <p class='ocr_par' dir='ltr' id='par_1_62' title="bbox 382 3168 1966 3263">
     <span class='ocr_line' id='line_1_62' title="bbox 382 3168 1966 3263; baseline 0.011 -43"><span class='ocrx_word' id='word_1_493' title='bbox 382 3168 477 3221; x_wconf 79' lang='grc' dir='ltr'><strong>καὶ</strong></span> <span class='ocrx_word' id='word_1_494' title='bbox 509 3168 856 3263; x_wconf 80' lang='grc' dir='ltr'><strong>αὐτεξούσιος</strong></span> <span class='ocrx_word' id='word_1_495' title='bbox 882 3173 1085 3245; x_wconf 84' lang='grc' dir='ltr'><strong>φυσικὴ</strong></span> <span class='ocrx_word' id='word_1_496' title='bbox 1131 3174 1313 3246; x_wconf 73' lang='grc' dir='ltr'><strong>ὄρεξις</strong></span> <span class='ocrx_word' id='word_1_497' title='bbox 1332 3193 1347 3208; x_wconf 87' lang='grc'><strong>·</strong></span> <span class='ocrx_word' id='word_1_498' title='bbox 1378 3178 1475 3232; x_wconf 80' lang='grc' dir='ltr'><strong>ἐπὶ</strong></span> <span class='ocrx_word' id='word_1_499' title='bbox 1516 3179 1575 3233; x_wconf 73' lang='grc' dir='ltr'><strong>δὲ</strong></span> <span class='ocrx_word' id='word_1_500' title='bbox 1608 3180 1718 3235; x_wconf 84' lang='grc' dir='ltr'><strong>τῶν</strong></span> <span class='ocrx_word' id='word_1_501' title='bbox 1756 3181 1966 3253; x_wconf 82' lang='grc' dir='ltr'><strong>ἀνθρώ-</strong></span> 
     </span>
    </p>
   </div>
   <div class='ocr_carea' id='block_1_63' title="bbox 2076 3168 3649 3263">
    <p class='ocr_par' dir='ltr' id='par_1_63' title="bbox 2076 3168 3649 3263">
     <span class='ocr_line' id='line_1_63' title="bbox 2076 3168 3649 3263; baseline -0.005 -17"><span class='ocrx_word' id='word_1_502' title='bbox 2076 3190 2223 3257; x_wconf 85' lang='lat' dir='ltr'><strong>titus,</strong></span> <span class='ocrx_word' id='word_1_503' title='bbox 2258 3168 2371 3247; x_wconf 68' lang='lat' dir='ltr'><strong>nec</strong></span> <span class='ocrx_word' id='word_1_504' title='bbox 2404 3168 2663 3246; x_wconf 77' lang='lat' dir='ltr'><strong>voluntas</strong></span> <span class='ocrx_word' id='word_1_505' title='bbox 2715 3192 2790 3263; x_wconf 88' lang='lat' dir='ltr'><strong>(q.</strong></span> <span class='ocrx_word' id='word_1_506' title='bbox 2824 3190 2879 3245; x_wconf 94' lang='lat' dir='ltr'><strong>d.</strong></span> <span class='ocrx_word' id='word_1_507' title='bbox 2912 3189 3119 3255; x_wconf 85' lang='lat' dir='ltr'><strong>volitio)</strong></span> <span class='ocrx_word' id='word_1_508' title='bbox 3142 3232 3156 3256; x_wconf 94' lang='lat'><strong>,</strong></span> <span class='ocrx_word' id='word_1_509' title='bbox 3196 3204 3296 3244; x_wconf 87' lang='lat' dir='ltr'><strong>nec</strong></span> <span class='ocrx_word' id='word_1_510' title='bbox 3352 3168 3649 3243; x_wconf 84' lang='lat' dir='ltr'><strong>voluntatis</strong></span> 
     </span>
    </p>
   </div>
   <div class='ocr_carea' id='block_1_64' title="bbox 383 3256 1963 3343">
    <p class='ocr_par' dir='ltr' id='par_1_64' title="bbox 383 3256 1963 3343">
     <span class='ocr_line' id='line_1_64' title="bbox 383 3256 1963 3343; baseline 0.012 -36"><span class='ocrx_word' id='word_1_511' title='bbox 383 3273 502 3309; x_wconf 76' lang='grc' dir='ltr'><strong>πων</strong></span> <span class='ocrx_word' id='word_1_512' title='bbox 524 3256 757 3326; x_wconf 85' lang='grc' dir='ltr'><strong>λογικῶν</strong></span> <span class='ocrx_word' id='word_1_513' title='bbox 781 3259 973 3327; x_wconf 79' lang='grc' dir='ltr'><strong>ὄντων,</strong></span> <span class='ocrx_word' id='word_1_514' title='bbox 1000 3263 1193 3331; x_wconf 77' lang='grc' dir='ltr'><strong>ἄγεται</strong></span> <span class='ocrx_word' id='word_1_515' title='bbox 1230 3266 1433 3336; x_wconf 80' lang='grc' dir='ltr'><strong>μᾶλλον</strong></span> <span class='ocrx_word' id='word_1_516' title='bbox 1462 3269 1497 3338; x_wconf 85' lang='grc' dir='ltr'>ὴ</span> <span class='ocrx_word' id='word_1_517' title='bbox 1530 3271 1735 3342; x_wconf 81' lang='grc' dir='ltr'><strong>φυσικὴ</strong></span> <span class='ocrx_word' id='word_1_518' title='bbox 1764 3271 1963 3343; x_wconf 79' lang='grc' dir='ltr'><strong>ὄρεξις,</strong></span> 
     </span>
    </p>
   </div>
   <div class='ocr_carea' id='block_1_65' title="bbox 381 3345 1965 3431">
    <p class='ocr_par' dir='ltr' id='par_1_65' title="bbox 381 3345 1965 3431">
     <span class='ocr_line' id='line_1_65' title="bbox 381 3345 1965 3431; baseline 0.013 -33"><span class='ocrx_word' id='word_1_519' title='bbox 381 3345 528 3417; x_wconf 76' lang='grc' dir='ltr'><strong>ἥπερ</strong></span> <span class='ocrx_word' id='word_1_520' title='bbox 557 3349 699 3417; x_wconf 79' lang='grc' dir='ltr'><strong>ἄγει.</strong></span> <span class='ocrx_word' id='word_1_521' title='bbox 731 3350 1107 3418; x_wconf 81' lang='grc' dir='ltr'><strong>Δύτεξουσίως</strong></span> <span class='ocrx_word' id='word_1_522' title='bbox 1134 3356 1269 3427; x_wconf 78' lang='grc' dir='ltr'><strong>γὰρ,</strong></span> <span class='ocrx_word' id='word_1_523' title='bbox 1299 3358 1394 3413; x_wconf 83' lang='grc' dir='ltr'><strong>καὶ</strong></span> <span class='ocrx_word' id='word_1_524' title='bbox 1433 3364 1577 3429; x_wconf 84' lang='grc' dir='ltr'><strong>μετὰ</strong></span> <span class='ocrx_word' id='word_1_525' title='bbox 1606 3361 1768 3431; x_wconf 87' lang='grc' dir='ltr'>λόγου</span> <span class='ocrx_word' id='word_1_526' title='bbox 1797 3368 1965 3418; x_wconf 80' lang='grc' dir='ltr'><strong>κινεῖ-</strong></span> 
     </span>
    </p>
   </div>
   <div class='ocr_carea' id='block_1_66' title="bbox 380 3441 1966 3523">
    <p class='ocr_par' dir='ltr' id='par_1_66' title="bbox 380 3441 1966 3523">
     <span class='ocr_line' id='line_1_66' title="bbox 380 3441 1966 3523; baseline 0.011 -30"><span class='ocrx_word' id='word_1_527' title='bbox 380 3456 492 3503; x_wconf 87' lang='grc' dir='ltr'><strong>ται,</strong></span> <span class='ocrx_word' id='word_1_528' title='bbox 539 3441 729 3513; x_wconf 70' lang='grc' dir='ltr'><strong>ἐπειδὴ</strong></span> <span class='ocrx_word' id='word_1_529' title='bbox 761 3444 1190 3517; x_wconf 78' lang='grc' dir='ltr'><strong>συνεζευγμέναι</strong></span> <span class='ocrx_word' id='word_1_530' title='bbox 1244 3452 1385 3505; x_wconf 70' lang='lat' dir='ltr'><strong>eier</strong></span> <span class='ocrx_word' id='word_1_531' title='bbox 1422 3454 1479 3506; x_wconf 76' lang='grc' dir='ltr'><strong>αι</strong></span> <span class='ocrx_word' id='word_1_532' title='bbox 1524 3458 1828 3523; x_wconf 73' lang='grc' dir='ltr'><strong>γνωστικαὶ</strong></span> <span class='ocrx_word' id='word_1_533' title='bbox 1872 3459 1966 3513; x_wconf 64' lang='grc' dir='ltr'><strong>καῖ⁹</strong></span> 
     </span>
    </p>
   </div>
   <div class='ocr_carea' id='block_1_67' title="bbox 380 3533 1965 3620">
    <p class='ocr_par' dir='ltr' id='par_1_67' title="bbox 380 3533 1965 3620">
     <span class='ocr_line' id='line_1_67' title="bbox 380 3533 1965 3620; baseline 0.013 -37"><span class='ocrx_word' id='word_1_534' title='bbox 380 3533 612 3596; x_wconf 77' lang='grc' dir='ltr'><strong>ζωτικαὶ</strong></span> <span class='ocrx_word' id='word_1_535' title='bbox 636 3533 895 3606; x_wconf 81' lang='grc' dir='ltr'><strong>δυνάμεις</strong></span> <span class='ocrx_word' id='word_1_536' title='bbox 916 3539 976 3593; x_wconf 75' lang='grc' dir='ltr'><strong>ἐν</strong></span> <span class='ocrx_word' id='word_1_537' title='bbox 997 3540 1170 3611; x_wconf 78' lang='grc' dir='ltr'><strong>αὐτῷ’</strong></span> <span class='ocrx_word' id='word_1_538' title='bbox 1193 3542 1560 3610; x_wconf 75' lang='grc' dir='ltr'><strong>αὐτεξουσίως</strong></span> <span class='ocrx_word' id='word_1_539' title='bbox 1588 3542 1684 3601; x_wconf 77' lang='grc' dir='ltr'><strong>οὖν</strong></span> <span class='ocrx_word' id='word_1_540' title='bbox 1711 3548 1965 3620; x_wconf 75' lang='grc' dir='ltr'><strong>ὀρέγεται</strong></span> 
     </span>
    </p>
   </div>
   <div class='ocr_carea' id='block_1_68' title="bbox 378 3625 1962 3713">
    <p class='ocr_par' dir='ltr' id='par_1_68' title="bbox 378 3625 1962 3713">
     <span class='ocr_line' id='line_1_68' title="bbox 378 3625 1962 3713; baseline 0.012 -37"><span class='ocrx_word' id='word_1_541' title='bbox 378 3625 477 3699; x_wconf 81' lang='grc' dir='ltr'><strong>καὶ</strong></span> <span class='ocrx_word' id='word_1_542' title='bbox 519 3625 887 3691; x_wconf 74' lang='grc' dir='ltr'><strong>αὐτεξουσίως</strong></span> <span class='ocrx_word' id='word_1_543' title='bbox 942 3630 1214 3699; x_wconf 81' lang='grc' dir='ltr'><strong>βούλεται,</strong></span> <span class='ocrx_word' id='word_1_544' title='bbox 1254 3635 1348 3689; x_wconf 77' lang='grc' dir='ltr'><strong>καὶ</strong></span> <span class='ocrx_word' id='word_1_545' title='bbox 1378 3637 1743 3703; x_wconf 78' lang='grc' dir='ltr'><strong>αὐτεξουσίως</strong></span> <span class='ocrx_word' id='word_1_546' title='bbox 1786 3640 1962 3713; x_wconf 77' lang='grc' dir='ltr'><strong>ζητεῖ,</strong></span> 
     </span>
    </p>
   </div>
   <div class='ocr_carea' id='block_1_69' title="bbox 380 3713 1966 3795">
    <p class='ocr_par' dir='ltr' id='par_1_69' title="bbox 380 3713 1966 3795">
     <span class='ocr_line' id='line_1_69' title="bbox 380 3713 1966 3795; baseline 0.014 -31"><span class='ocrx_word' id='word_1_547' title='bbox 380 3713 477 3765; x_wconf 70' lang='grc' dir='ltr'><strong>κα)⁸</strong></span> <span class='ocrx_word' id='word_1_548' title='bbox 528 3714 827 3770; x_wconf 82' lang='grc' dir='ltr'><strong>σκέπτεται</strong></span> <span class='ocrx_word' id='word_1_549' title='bbox 852 3758 868 3783; x_wconf 90' lang='grc'><strong>,</strong></span> <span class='ocrx_word' id='word_1_550' title='bbox 906 3718 1002 3773; x_wconf 79' lang='grc' dir='ltr'><strong>καὶ</strong></span> <span class='ocrx_word' id='word_1_551' title='bbox 1035 3720 1400 3787; x_wconf 81' lang='grc' dir='ltr'><strong>αὐτεξουσίως</strong></span> <span class='ocrx_word' id='word_1_552' title='bbox 1454 3724 1808 3795; x_wconf 85' lang='grc' dir='ltr'><strong>βουλεύεται,</strong></span> <span class='ocrx_word' id='word_1_553' title='bbox 1870 3731 1966 3785; x_wconf 78' lang='grc' dir='ltr'><strong>καὶ</strong></span> 
     </span>
    </p>
   </div>
   <div class='ocr_carea' id='block_1_70' title="bbox 374 3804 1964 3886">
    <p class='ocr_par' dir='ltr' id='par_1_70' title="bbox 374 3804 1964 3886">
     <span class='ocr_line' id='line_1_70' title="bbox 374 3804 1964 3886; baseline 0.013 -30"><span class='ocrx_word' id='word_1_554' title='bbox 374 3804 749 3873; x_wconf 79' lang='grc' dir='ltr'><strong>αὐτεξουσίως</strong></span> <span class='ocrx_word' id='word_1_555' title='bbox 776 3808 977 3879; x_wconf 79' lang='grc' dir='ltr'><strong>κρίνει,</strong></span> <span class='ocrx_word' id='word_1_556' title='bbox 1020 3813 1115 3865; x_wconf 78' lang='grc' dir='ltr'><strong>καὶ</strong></span> <span class='ocrx_word' id='word_1_557' title='bbox 1138 3813 1503 3880; x_wconf 83' lang='grc' dir='ltr'><strong>αὐτεξουσίως</strong></span> <span class='ocrx_word' id='word_1_558' title='bbox 1524 3818 1847 3886; x_wconf 84' lang='grc' dir='ltr'><strong>διατίθεται,</strong></span> <span class='ocrx_word' id='word_1_559' title='bbox 1872 3822 1964 3876; x_wconf 78' lang='grc' dir='ltr'><strong>καὶ</strong></span> 
     </span>
    </p>
   </div>
   <div class='ocr_carea' id='block_1_71' title="bbox 379 3896 1962 3983">
    <p class='ocr_par' dir='ltr' id='par_1_71' title="bbox 379 3896 1962 3983">
     <span class='ocr_line' id='line_1_71' title="bbox 379 3896 1962 3983; baseline 0.013 -34"><span class='ocrx_word' id='word_1_560' title='bbox 379 3896 751 3963; x_wconf 81' lang='grc' dir='ltr'><strong>αὐτεξουσίως</strong></span> <span class='ocrx_word' id='word_1_561' title='bbox 805 3903 1173 3972; x_wconf 81' lang='grc' dir='ltr'><strong>προαιρεῖται.</strong></span> <span class='ocrx_word' id='word_1_562' title='bbox 1235 3906 1329 3959; x_wconf 79' lang='grc' dir='ltr'><strong>καὶ</strong></span> <span class='ocrx_word' id='word_1_563' title='bbox 1379 3908 1745 3973; x_wconf 76' lang='grc' dir='ltr'><strong>αὐτεξουσίως</strong></span> <span class='ocrx_word' id='word_1_564' title='bbox 1795 3913 1962 3983; x_wconf 81' lang='grc' dir='ltr'><strong>ὁρμᾷ,</strong></span> 
     </span>
    </p>
   </div>
   <div class='ocr_carea' id='block_1_72' title="bbox 379 3988 1960 4072">
    <p class='ocr_par' dir='ltr' id='par_1_72' title="bbox 379 3988 1960 4072">
     <span class='ocr_line' id='line_1_72' title="bbox 379 3988 1960 4072; baseline 0.012 -32"><span class='ocrx_word' id='word_1_565' title='bbox 379 3988 476 4041; x_wconf 81' lang='grc' dir='ltr'><strong>καὶ</strong></span> <span class='ocrx_word' id='word_1_566' title='bbox 502 3989 873 4057; x_wconf 84' lang='grc' dir='ltr'><strong>αὐτεξουσίως</strong></span> <span class='ocrx_word' id='word_1_567' title='bbox 902 3995 1134 4065; x_wconf 79' lang='grc' dir='ltr'><strong>πράττει</strong></span> <span class='ocrx_word' id='word_1_568' title='bbox 1157 3996 1250 4051; x_wconf 74' lang='grc' dir='ltr'><strong>ἐπὶ</strong></span> <span class='ocrx_word' id='word_1_569' title='bbox 1280 3997 1389 4053; x_wconf 87' lang='grc' dir='ltr'><strong>τῶν</strong></span> <span class='ocrx_word' id='word_1_570' title='bbox 1412 4000 1554 4055; x_wconf 82' lang='grc' dir='ltr'><strong>κατὰ</strong></span> <span class='ocrx_word' id='word_1_571' title='bbox 1575 4000 1739 4072; x_wconf 83' lang='grc' dir='ltr'><strong>φύσιν</strong></span> <span class='ocrx_word' id='word_1_572' title='bbox 1769 4004 1960 4059; x_wconf 77' lang='grc' dir='ltr'><strong>ὄντων.</strong></span> 
     </span>
    </p>
   </div>
   <div class='ocr_carea' id='block_1_73' title="bbox 450 4170 1964 4257">
    <p class='ocr_par' dir='ltr' id='par_1_73' title="bbox 450 4170 1964 4257">
     <span class='ocr_line' id='line_1_73' title="bbox 450 4170 1964 4257; baseline 0.011 -33"><span class='ocrx_word' id='word_1_573' title='bbox 450 4170 573 4243; x_wconf 77' lang='grc' dir='ltr'><strong>Χρὴ</strong></span> <span class='ocrx_word' id='word_1_574' title='bbox 600 4172 658 4226; x_wconf 84' lang='grc' dir='ltr'><strong>δὲ</strong></span> <span class='ocrx_word' id='word_1_575' title='bbox 679 4172 971 4241; x_wconf 82' lang='grc' dir='ltr'><strong>γινώσκειν</strong></span> <span class='ocrx_word' id='word_1_576' title='bbox 1001 4176 1137 4249; x_wconf 85' lang='grc'>(85),</span> <span class='ocrx_word' id='word_1_577' title='bbox 1164 4179 1248 4233; x_wconf 81' lang='grc' dir='ltr'><strong>ὅτι</strong></span> <span class='ocrx_word' id='word_1_578' title='bbox 1282 4180 1375 4235; x_wconf 74' lang='grc' dir='ltr'><strong>ἐπὶ</strong></span> <span class='ocrx_word' id='word_1_579' title='bbox 1407 4181 1544 4236; x_wconf 87' lang='grc' dir='ltr'><strong>Θεοῦ</strong></span> <span class='ocrx_word' id='word_1_580' title='bbox 1577 4182 1830 4256; x_wconf 84' lang='grc' dir='ltr'><strong>βούλησιν</strong></span> <span class='ocrx_word' id='word_1_581' title='bbox 1865 4187 1964 4257; x_wconf 81' lang='grc' dir='ltr'><strong>μὲν</strong></span> 
     </span>
    </p>
   </div>
   <div class='ocr_carea' id='block_1_74' title="bbox 377 4261 1966 4352">
    <p class='ocr_par' dir='ltr' id='par_1_74' title="bbox 377 4261 1966 4352">
     <span class='ocr_line' id='line_1_74' title="bbox 377 4261 1966 4352; baseline 0.013 -39"><span class='ocrx_word' id='word_1_582' title='bbox 377 4261 637 4332; x_wconf 81' lang='grc' dir='ltr'><strong>λέγομεν,</strong></span> <span class='ocrx_word' id='word_1_583' title='bbox 674 4265 996 4336; x_wconf 85' lang='grc' dir='ltr'><strong>προαίρεσιν</strong></span> <span class='ocrx_word' id='word_1_584' title='bbox 1021 4270 1078 4324; x_wconf 84' lang='grc' dir='ltr'>δὲ</span> <span class='ocrx_word' id='word_1_585' title='bbox 1102 4271 1309 4342; x_wconf 82' lang='grc' dir='ltr'><strong>κυρίως</strong></span> <span class='ocrx_word' id='word_1_586' title='bbox 1342 4274 1405 4326; x_wconf 92' lang='grc' dir='ltr'><strong>οὐ</strong></span> <span class='ocrx_word' id='word_1_587' title='bbox 1434 4274 1684 4347; x_wconf 77' lang='grc' dir='ltr'><strong>λέγομεν.</strong></span> <span class='ocrx_word' id='word_1_588' title='bbox 1730 4279 1807 4330; x_wconf 92' lang='grc' dir='ltr'><strong>Οὐ</strong></span> <span class='ocrx_word' id='word_1_589' title='bbox 1858 4280 1966 4352; x_wconf 83' lang='grc' dir='ltr'><strong>γὰρ</strong></span> 
     </span>
    </p>
   </div>
   <div class='ocr_carea' id='block_1_75' title="bbox 378 4352 1960 4437">
    <p class='ocr_par' dir='ltr' id='par_1_75' title="bbox 378 4352 1960 4437">
     <span class='ocr_line' id='line_1_75' title="bbox 378 4352 1960 4437; baseline 0.013 -32"><span class='ocrx_word' id='word_1_590' title='bbox 378 4352 698 4423; x_wconf 85' lang='grc' dir='ltr'><strong>βουλεύεται</strong></span> <span class='ocrx_word' id='word_1_591' title='bbox 751 4357 916 4423; x_wconf 74' lang='grc' dir='ltr'><strong>Θεόςο</strong></span> <span class='ocrx_word' id='word_1_592' title='bbox 945 4361 1169 4430; x_wconf 83' lang='grc' dir='ltr'><strong>ἀγνοίας</strong></span> <span class='ocrx_word' id='word_1_593' title='bbox 1201 4364 1312 4436; x_wconf 84' lang='grc' dir='ltr'><strong>γάρ</strong></span> <span class='ocrx_word' id='word_1_594' title='bbox 1344 4366 1461 4420; x_wconf 82' lang='grc' dir='ltr'><strong>ἐστι</strong></span> <span class='ocrx_word' id='word_1_595' title='bbox 1505 4368 1567 4421; x_wconf 84' lang='grc' dir='ltr'><strong>τὸ</strong></span> <span class='ocrx_word' id='word_1_596' title='bbox 1594 4368 1960 4437; x_wconf 82' lang='grc' dir='ltr'><strong>βουλεύεσθαι.</strong></span> 
     </span>
    </p>
   </div>
   <div class='ocr_carea' id='block_1_76' title="bbox 2067 3279 3651 3353">
    <p class='ocr_par' dir='ltr' id='par_1_76' title="bbox 2067 3279 3651 3353">
     <span class='ocr_line' id='line_1_76' title="bbox 2067 3279 3651 3353; baseline -0.005 -17"><span class='ocrx_word' id='word_1_597' title='bbox 2067 3292 2224 3338; x_wconf 90' lang='lat' dir='ltr'><strong>actus</strong></span> <span class='ocrx_word' id='word_1_598' title='bbox 2258 3282 2367 3338; x_wconf 91' lang='lat' dir='ltr'><strong>dici</strong></span> <span class='ocrx_word' id='word_1_599' title='bbox 2401 3282 2598 3353; x_wconf 88' lang='lat' dir='ltr'><strong>possit.</strong></span> <span class='ocrx_word' id='word_1_600' title='bbox 2632 3280 2770 3337; x_wconf 79' lang='lat' dir='ltr'><strong>Nam</strong></span> <span class='ocrx_word' id='word_1_601' title='bbox 2815 3282 3076 3336; x_wconf 87' lang='lat' dir='ltr'><strong>voluntas</strong></span> <span class='ocrx_word' id='word_1_602' title='bbox 3106 3286 3191 3335; x_wconf 88' lang='lat' dir='ltr'><strong>est</strong></span> <span class='ocrx_word' id='word_1_603' title='bbox 3225 3279 3501 3348; x_wconf 87' lang='lat' dir='ltr'><strong>appetitus</strong></span> <span class='ocrx_word' id='word_1_604' title='bbox 3550 3291 3651 3329; x_wconf 89' lang='lat' dir='ltr'><strong>na-</strong></span> 
     </span>
    </p>
   </div>
   <div class='ocr_carea' id='block_1_77' title="bbox 2066 3367 3733 3447">
    <p class='ocr_par' dir='ltr' id='par_1_77' title="bbox 2066 3367 3733 3447">
     <span class='ocr_line' id='line_1_77' title="bbox 2066 3367 3733 3447; baseline -0.004 -21"><span class='ocrx_word' id='word_1_605' title='bbox 2066 3373 2285 3437; x_wconf 91' lang='lat' dir='ltr'><strong>turalis,</strong></span> <span class='ocrx_word' id='word_1_606' title='bbox 2321 3372 2672 3427; x_wconf 85' lang='lat' dir='ltr'><strong>rationabilis</strong></span> <span class='ocrx_word' id='word_1_607' title='bbox 2702 3378 2756 3427; x_wconf 92' lang='lat' dir='ltr'><strong>et</strong></span> <span class='ocrx_word' id='word_1_608' title='bbox 2793 3371 2954 3428; x_wconf 85' lang='lat' dir='ltr'><strong>liber.</strong></span> <span class='ocrx_word' id='word_1_609' title='bbox 2986 3371 3057 3424; x_wconf 81' lang='lat' dir='ltr'><strong>At</strong></span> <span class='ocrx_word' id='word_1_610' title='bbox 3084 3370 3139 3423; x_wconf 90' lang='lat' dir='ltr'><strong>in</strong></span> <span class='ocrx_word' id='word_1_611' title='bbox 3186 3367 3528 3433; x_wconf 88' lang='lat' dir='ltr'><strong>hominibus,</strong></span> <span class='ocrx_word' id='word_1_612' title='bbox 3569 3376 3653 3420; x_wconf 85' lang='lat' dir='ltr'><strong>ut-</strong></span> <span class='ocrx_word' id='word_1_613' title='bbox 3730 3444 3733 3447; x_wconf 17' lang='grc' dir='ltr'><strong>γ</strong></span> 
     </span>
    </p>
   </div>
   <div class='ocr_carea' id='block_1_78' title="bbox 2066 3458 3741 3534">
    <p class='ocr_par' dir='ltr' id='par_1_78' title="bbox 2066 3458 3741 3534">
     <span class='ocr_line' id='line_1_78' title="bbox 2066 3458 3741 3534; baseline -0.004 -17"><span class='ocrx_word' id='word_1_614' title='bbox 2066 3474 2193 3533; x_wconf 91' lang='lat' dir='ltr'><strong>pote</strong></span> <span class='ocrx_word' id='word_1_615' title='bbox 2215 3463 2429 3519; x_wconf 89' lang='lat' dir='ltr'><strong>ratione</strong></span> <span class='ocrx_word' id='word_1_616' title='bbox 2455 3462 2723 3534; x_wconf 62' lang='lat' dir='ltr'><strong>praeditis,</strong></span> <span class='ocrx_word' id='word_1_617' title='bbox 2770 3461 3042 3518; x_wconf 85' lang='lat' dir='ltr'><strong>naturalis</strong></span> <span class='ocrx_word' id='word_1_618' title='bbox 3074 3460 3370 3533; x_wconf 86' lang='lat' dir='ltr'><strong>appetitus,</strong></span> <span class='ocrx_word' id='word_1_619' title='bbox 3408 3474 3513 3513; x_wconf 91' lang='lat' dir='ltr'><strong>non</strong></span> <span class='ocrx_word' id='word_1_620' title='bbox 3540 3465 3651 3511; x_wconf 91' lang='lat' dir='ltr'><strong>tam</strong></span> <span class='ocrx_word' id='word_1_621' title='bbox 3736 3458 3741 3467; x_wconf 80' lang='lat'><strong>‘</strong></span> 
     </span>
    </p>
   </div>
   <div class='ocr_carea' id='block_1_79' title="bbox 2066 3550 3650 3625">
    <p class='ocr_par' dir='ltr' id='par_1_79' title="bbox 2066 3550 3650 3625">
     <span class='ocr_line' id='line_1_79' title="bbox 2066 3550 3650 3625; baseline -0.007 -16"><span class='ocrx_word' id='word_1_622' title='bbox 2066 3554 2241 3620; x_wconf 88' lang='lat' dir='ltr'><strong>ducit,</strong></span> <span class='ocrx_word' id='word_1_623' title='bbox 2273 3569 2439 3625; x_wconf 91' lang='lat' dir='ltr'><strong>quam</strong></span> <span class='ocrx_word' id='word_1_624' title='bbox 2492 3553 2751 3619; x_wconf 90' lang='lat' dir='ltr'><strong>ducitur;</strong></span> <span class='ocrx_word' id='word_1_625' title='bbox 2805 3553 3008 3623; x_wconf 89' lang='lat' dir='ltr'><strong>quippe</strong></span> <span class='ocrx_word' id='word_1_626' title='bbox 3056 3552 3150 3621; x_wconf 91' lang='lat' dir='ltr'><strong>qui</strong></span> <span class='ocrx_word' id='word_1_627' title='bbox 3203 3550 3374 3604; x_wconf 89' lang='lat' dir='ltr'><strong>libere</strong></span> <span class='ocrx_word' id='word_1_628' title='bbox 3424 3557 3480 3603; x_wconf 92' lang='lat' dir='ltr'><strong>et</strong></span> <span class='ocrx_word' id='word_1_629' title='bbox 3527 3562 3650 3601; x_wconf 91' lang='lat' dir='ltr'><strong>cum</strong></span> 
     </span>
    </p>
   </div>
   <div class='ocr_carea' id='block_1_80' title="bbox 2067 3639 3652 3713">
    <p class='ocr_par' dir='ltr' id='par_1_80' title="bbox 2067 3639 3652 3713">
     <span class='ocr_line' id='line_1_80' title="bbox 2067 3639 3652 3713; baseline -0.007 -11"><span class='ocrx_word' id='word_1_630' title='bbox 2067 3649 2281 3703; x_wconf 87' lang='lat' dir='ltr'><strong>ratione</strong></span> <span class='ocrx_word' id='word_1_631' title='bbox 2316 3655 2571 3702; x_wconf 86' lang='lat' dir='ltr'><strong>movetur</strong></span> <span class='ocrx_word' id='word_1_632' title='bbox 2597 3685 2612 3709; x_wconf 88' lang='lat'><strong>,</strong></span> <span class='ocrx_word' id='word_1_633' title='bbox 2662 3645 2793 3713; x_wconf 81' lang='lat' dir='ltr'><strong>quia</strong></span> <span class='ocrx_word' id='word_1_634' title='bbox 2830 3644 3133 3698; x_wconf 80' lang='lat' dir='ltr'><strong>&#39;iacultates</strong></span> <span class='ocrx_word' id='word_1_635' title='bbox 3171 3639 3540 3711; x_wconf 81' lang='lat' dir='ltr'><strong>cognoscendi</strong></span> <span class='ocrx_word' id='word_1_636' title='bbox 3597 3646 3652 3691; x_wconf 92' lang='lat' dir='ltr'><strong>et</strong></span> 
     </span>
    </p>
   </div>
   <div class='ocr_carea' id='block_1_81' title="bbox 2068 3730 3653 3805">
    <p class='ocr_par' dir='ltr' id='par_1_81' title="bbox 2068 3730 3653 3805">
     <span class='ocr_line' id='line_1_81' title="bbox 2068 3730 3653 3805; baseline -0.003 -15"><span class='ocrx_word' id='word_1_637' title='bbox 2068 3738 2282 3794; x_wconf 75' lang='lat' dir='ltr'><strong>vivendi</strong></span> <span class='ocrx_word' id='word_1_638' title='bbox 2344 3738 2399 3791; x_wconf 90' lang='lat' dir='ltr'><strong>in</strong></span> <span class='ocrx_word' id='word_1_639' title='bbox 2459 3737 2682 3791; x_wconf 88' lang='lat' dir='ltr'><strong>homine</strong></span> <span class='ocrx_word' id='word_1_640' title='bbox 2734 3734 3047 3805; x_wconf 73' lang='lat' dir='ltr'><strong>conjuncta:</strong></span> <span class='ocrx_word' id='word_1_641' title='bbox 3093 3742 3257 3797; x_wconf 81' lang='lat' dir='ltr'><strong>sunt;</strong></span> <span class='ocrx_word' id='word_1_642' title='bbox 3306 3747 3369 3787; x_wconf 89' lang='lat' dir='ltr'><strong>ac</strong></span> <span class='ocrx_word' id='word_1_643' title='bbox 3424 3730 3653 3801; x_wconf 89' lang='lat' dir='ltr'><strong>proinde</strong></span> 
     </span>
    </p>
   </div>
   <div class='ocr_carea' id='block_1_82' title="bbox 2067 3822 3650 3898">
    <p class='ocr_par' dir='ltr' id='par_1_82' title="bbox 2067 3822 3650 3898">
     <span class='ocr_line' id='line_1_82' title="bbox 2067 3822 3650 3898; baseline -0.004 -15"><span class='ocrx_word' id='word_1_644' title='bbox 2067 3829 2237 3883; x_wconf 91' lang='lat' dir='ltr'><strong>libere</strong></span> <span class='ocrx_word' id='word_1_645' title='bbox 2285 3827 2518 3898; x_wconf 89' lang='lat' dir='ltr'><strong>appetit,</strong></span> <span class='ocrx_word' id='word_1_646' title='bbox 2560 3828 2699 3890; x_wconf 91' lang='lat' dir='ltr'><strong>vult,</strong></span> <span class='ocrx_word' id='word_1_647' title='bbox 2750 3826 3007 3894; x_wconf 88' lang='lat' dir='ltr'><strong>inquirit,</strong></span> <span class='ocrx_word' id='word_1_648' title='bbox 3044 3823 3402 3889; x_wconf 84' lang='lat' dir='ltr'><strong>considerat,</strong></span> <span class='ocrx_word' id='word_1_649' title='bbox 3441 3822 3650 3877; x_wconf 87' lang='lat' dir='ltr'><strong>delibe-</strong></span> 
     </span>
    </p>
   </div>
   <div class='ocr_carea' id='block_1_83' title="bbox 2067 3916 3652 3990">
    <p class='ocr_par' dir='ltr' id='par_1_83' title="bbox 2067 3916 3652 3990">
     <span class='ocr_line' id='line_1_83' title="bbox 2067 3916 3652 3990; baseline -0.005 -16"><span class='ocrx_word' id='word_1_650' title='bbox 2067 3928 2175 3984; x_wconf 86' lang='lat' dir='ltr'><strong>rat,</strong></span> <span class='ocrx_word' id='word_1_651' title='bbox 2221 3918 2456 3990; x_wconf 87' lang='lat' dir='ltr'><strong>judicat,</strong></span> <span class='ocrx_word' id='word_1_652' title='bbox 2491 3918 2742 3981; x_wconf 71' lang='lat' dir='ltr'><strong>adicitur,</strong></span> <span class='ocrx_word' id='word_1_653' title='bbox 2779 3917 2953 3988; x_wconf 78' lang='lat' dir='ltr'><strong>eligit,</strong></span> <span class='ocrx_word' id='word_1_654' title='bbox 2987 3916 3053 3971; x_wconf 90' lang='lat' dir='ltr'><strong>ad</strong></span> <span class='ocrx_word' id='word_1_655' title='bbox 3092 3917 3362 3987; x_wconf 81' lang='lat' dir='ltr'><strong>agendum</strong></span> <span class='ocrx_word' id='word_1_656' title='bbox 3400 3930 3652 3986; x_wconf 88' lang='lat' dir='ltr'><strong>prorum-</strong></span> 
     </span>
    </p>
   </div>
   <div class='ocr_carea' id='block_1_84' title="bbox 2066 4009 3651 4082">
    <p class='ocr_par' dir='ltr' id='par_1_84' title="bbox 2066 4009 3651 4082">
     <span class='ocr_line' id='line_1_84' title="bbox 2066 4009 3651 4082; baseline -0.003 -17"><span class='ocrx_word' id='word_1_657' title='bbox 2066 4011 2166 4082; x_wconf 87' lang='lat' dir='ltr'><strong>pit.</strong></span> <span class='ocrx_word' id='word_1_658' title='bbox 2190 4010 2415 4081; x_wconf 83' lang='lat' dir='ltr'><strong>agitque</strong></span> <span class='ocrx_word' id='word_1_659' title='bbox 2439 4009 2495 4064; x_wconf 87' lang='lat' dir='ltr'><strong>in</strong></span> <span class='ocrx_word' id='word_1_660' title='bbox 2522 4010 2635 4066; x_wconf 91' lang='lat' dir='ltr'><strong>illis</strong></span> <span class='ocrx_word' id='word_1_661' title='bbox 2674 4009 2839 4065; x_wconf 90' lang='lat' dir='ltr'><strong>rebus</strong></span> <span class='ocrx_word' id='word_1_662' title='bbox 2874 4024 2997 4080; x_wconf 77' lang='lat' dir='ltr'><strong>quae</strong></span> <span class='ocrx_word' id='word_1_663' title='bbox 3024 4020 3235 4064; x_wconf 74' lang='lat' dir='ltr'><strong>natura:</strong></span> <span class='ocrx_word' id='word_1_664' title='bbox 3263 4013 3651 4064; x_wconf 81' lang='lat' dir='ltr'><strong>consentaneae</strong></span> 
     </span>
    </p>
   </div>
   <div class='ocr_carea' id='block_1_85' title="bbox 2068 4109 2219 4159">
    <p class='ocr_par' dir='ltr' id='par_1_85' title="bbox 2068 4109 2219 4159">
     <span class='ocr_line' id='line_1_85' title="bbox 2068 4109 2219 4159; baseline -0.026 0"><span class='ocrx_word' id='word_1_665' title='bbox 2068 4109 2219 4159; x_wconf 88' lang='lat' dir='ltr'><strong>sunt.</strong></span> 
     </span>
    </p>
   </div>
   <div class='ocr_carea' id='block_1_86' title="bbox 2140 4186 3648 4257">
    <p class='ocr_par' dir='ltr' id='par_1_86' title="bbox 2140 4186 3648 4257">
     <span class='ocr_line' id='line_1_86' title="bbox 2140 4186 3648 4257; baseline -0.001 -10"><span class='ocrx_word' id='word_1_666' title='bbox 2140 4193 2218 4248; x_wconf 86' lang='lat' dir='ltr'><strong>De</strong></span> <span class='ocrx_word' id='word_1_667' title='bbox 2246 4193 2516 4249; x_wconf 76' lang='lat' dir='ltr'><strong>voluntate</strong></span> <span class='ocrx_word' id='word_1_668' title='bbox 2572 4193 2688 4248; x_wconf 89' lang='lat' dir='ltr'><strong>Dei.</strong></span> <span class='ocrx_word' id='word_1_669' title='bbox 2729 4186 2788 4245; x_wconf 76' lang='lat' dir='ltr'><strong><em>In</em></strong></span> <span class='ocrx_word' id='word_1_670' title='bbox 2843 4191 2953 4247; x_wconf 88' lang='lat' dir='ltr'><strong>Deo</strong></span> <span class='ocrx_word' id='word_1_671' title='bbox 2985 4190 3251 4257; x_wconf 68' lang='lat' dir='ltr'><strong>voluntas,</strong></span> <span class='ocrx_word' id='word_1_672' title='bbox 3302 4209 3405 4247; x_wconf 83' lang='lat' dir='ltr'><strong>non</strong></span> <span class='ocrx_word' id='word_1_673' title='bbox 3451 4190 3648 4247; x_wconf 81' lang='lat' dir='ltr'><strong>delibe—</strong></span> 
     </span>
    </p>
   </div>
   <div class='ocr_carea' id='block_1_87' title="bbox 2068 4283 3649 4356">
    <p class='ocr_par' dir='ltr' id='par_1_87' title="bbox 2068 4283 3649 4356">
     <span class='ocr_line' id='line_1_87' title="bbox 2068 4283 3649 4356; baseline -0.002 -16"><span class='ocrx_word' id='word_1_674' title='bbox 2068 4287 2230 4341; x_wconf 83' lang='lat' dir='ltr'><strong>ratio.</strong></span> <span class='ocrx_word' id='word_1_675' title='bbox 2265 4314 2337 4327; x_wconf 91' lang='lat'><strong><em>—-</em></strong></span> <span class='ocrx_word' id='word_1_676' title='bbox 2370 4284 2508 4340; x_wconf 88' lang='lat' dir='ltr'><strong>Illud</strong></span> <span class='ocrx_word' id='word_1_677' title='bbox 2539 4300 2671 4341; x_wconf 86' lang='lat' dir='ltr'><strong>vero</strong></span> <span class='ocrx_word' id='word_1_678' title='bbox 2708 4283 3080 4356; x_wconf 84' lang='lat' dir='ltr'><strong>ignorandum</strong></span> <span class='ocrx_word' id='word_1_679' title='bbox 3121 4299 3230 4339; x_wconf 91' lang='lat' dir='ltr'><strong>non</strong></span> <span class='ocrx_word' id='word_1_680' title='bbox 3261 4292 3379 4350; x_wconf 84' lang='lat' dir='ltr'><strong>est,</strong></span> <span class='ocrx_word' id='word_1_681' title='bbox 3412 4284 3559 4356; x_wconf 89' lang='lat' dir='ltr'><strong>quod</strong></span> <span class='ocrx_word' id='word_1_682' title='bbox 3596 4285 3649 4337; x_wconf 90' lang='lat' dir='ltr'><strong>in</strong></span> 
     </span>
    </p>
   </div>
   <div class='ocr_carea' id='block_1_88' title="bbox 2068 4375 3649 4446">
    <p class='ocr_par' dir='ltr' id='par_1_88' title="bbox 2068 4375 3649 4446">
     <span class='ocr_line' id='line_1_88' title="bbox 2068 4375 3649 4446; baseline -0.002 -16"><span class='ocrx_word' id='word_1_683' title='bbox 2068 4376 2180 4433; x_wconf 91' lang='lat' dir='ltr'><strong>Deo</strong></span> <span class='ocrx_word' id='word_1_684' title='bbox 2213 4376 2433 4431; x_wconf 88' lang='lat' dir='ltr'><strong>volendi</strong></span> <span class='ocrx_word' id='word_1_685' title='bbox 2484 4376 2708 4446; x_wconf 83' lang='lat' dir='ltr'><strong>quidem</strong></span> <span class='ocrx_word' id='word_1_686' title='bbox 2763 4382 2949 4431; x_wconf 90' lang='lat' dir='ltr'><strong>actum</strong></span> <span class='ocrx_word' id='word_1_687' title='bbox 3005 4375 3241 4431; x_wconf 86' lang='lat' dir='ltr'><strong>dicimus</strong></span> <span class='ocrx_word' id='word_1_688' title='bbox 3268 4416 3282 4441; x_wconf 92' lang='lat'><strong>,</strong></span> <span class='ocrx_word' id='word_1_689' title='bbox 3318 4391 3427 4430; x_wconf 90' lang='lat' dir='ltr'><strong>non</strong></span> <span class='ocrx_word' id='word_1_690' title='bbox 3467 4382 3649 4429; x_wconf 90' lang='lat' dir='ltr'><strong>autem</strong></span> 
     </span>
    </p>
   </div>
   <div class='ocr_carea' id='block_1_89' title="bbox 379 4445 1969 4539">
    <p class='ocr_par' dir='ltr' id='par_1_89' title="bbox 379 4445 1965 4539">
     <span class='ocr_line' id='line_1_89' title="bbox 379 4445 1965 4539; baseline 0.013 -42"><span class='ocrx_word' id='word_1_691' title='bbox 379 4445 518 4539; x_wconf 64' lang='lat' dir='ltr'><strong>liepl</strong></span> <span class='ocrx_word' id='word_1_692' title='bbox 555 4448 663 4539; x_wconf 85' lang='grc' dir='ltr'><strong>γὰρ</strong></span> <span class='ocrx_word' id='word_1_693' title='bbox 705 4450 800 4503; x_wconf 85' lang='grc' dir='ltr'><strong>τοῦ</strong></span> <span class='ocrx_word' id='word_1_694' title='bbox 831 4453 1251 4524; x_wconf 73' lang='grc' dir='ltr'><strong>γινωσκομένου</strong></span> <span class='ocrx_word' id='word_1_695' title='bbox 1298 4458 1477 4522; x_wconf 75' lang='grc' dir='ltr'><strong>οὐδεὶς</strong></span> <span class='ocrx_word' id='word_1_696' title='bbox 1526 4460 1860 4531; x_wconf 81' lang='grc' dir='ltr'><strong>βουλεύεται.</strong></span> <span class='ocrx_word' id='word_1_697' title='bbox 1903 4466 1965 4518; x_wconf 77' lang='lat' dir='ltr'><strong>Et</strong></span> 
     </span>
    </p>
   </div>
   <div class='ocr_carea' id='block_1_90' title="bbox 2076 4445 3652 4539">
    <p class='ocr_par' dir='ltr' id='par_1_90' title="bbox 2076 4445 3652 4536">
     <span class='ocr_line' id='line_1_90' title="bbox 2076 4445 3652 4536; baseline -0.001 -15"><span class='ocrx_word' id='word_1_698' title='bbox 2076 4467 2394 4521; x_wconf 86' lang='lat' dir='ltr'><strong>electionem</strong></span> <span class='ocrx_word' id='word_1_699' title='bbox 2445 4445 2609 4536; x_wconf 69' lang='lat'><strong>189</strong></span> <span class='ocrx_word' id='word_1_700' title='bbox 2660 4466 2880 4536; x_wconf 88' lang='lat' dir='ltr'><strong>proprie</strong></span> <span class='ocrx_word' id='word_1_701' title='bbox 2926 4476 3222 4536; x_wconf 85' lang='lat' dir='ltr'><strong>sumptam.</strong></span> <span class='ocrx_word' id='word_1_702' title='bbox 3273 4465 3417 4522; x_wconf 84' lang='lat' dir='ltr'><strong>Deus</strong></span> <span class='ocrx_word' id='word_1_703' title='bbox 3449 4466 3652 4535; x_wconf 89' lang='lat' dir='ltr'><strong>quippe</strong></span> 
     </span>
    </p>
   </div>
   <div class='ocr_carea' id='block_1_91' title="bbox 378 4536 1969 4628">
    <p class='ocr_par' dir='ltr' id='par_1_91' title="bbox 378 4536 1965 4623">
     <span class='ocr_line' id='line_1_91' title="bbox 378 4536 1965 4623; baseline 0.013 -34"><span class='ocrx_word' id='word_1_704' title='bbox 378 4536 435 4589; x_wconf 73' lang='grc' dir='ltr'><strong>δὲ</strong></span> <span class='ocrx_word' id='word_1_705' title='bbox 468 4537 631 4610; x_wconf 82' lang='grc' dir='ltr'><strong>βουλὴ</strong></span> <span class='ocrx_word' id='word_1_706' title='bbox 681 4541 927 4611; x_wconf 82' lang='grc' dir='ltr'><strong>ἀγνοίας,</strong></span> <span class='ocrx_word' id='word_1_707' title='bbox 993 4545 1212 4611; x_wconf 83' lang='grc' dir='ltr'><strong>πάντως</strong></span> <span class='ocrx_word' id='word_1_708' title='bbox 1253 4551 1345 4602; x_wconf 75' lang='grc' dir='ltr'><strong>καὶ</strong></span> <span class='ocrx_word' id='word_1_709' title='bbox 1374 4551 1770 4623; x_wconf 84' lang='grc' dir='ltr'><strong>ἡπροαίρεσις.</strong></span> <span class='ocrx_word' id='word_1_710' title='bbox 1816 4555 1874 4609; x_wconf 87' lang='lat'><strong>&#39;0</strong></span> <span class='ocrx_word' id='word_1_711' title='bbox 1909 4556 1965 4611; x_wconf 79' lang='grc' dir='ltr'><strong>δὲ</strong></span> 
     </span>
    </p>
   </div>
   <div class='ocr_carea' id='block_1_92' title="bbox 2076 4536 3648 4628">
    <p class='ocr_par' dir='ltr' id='par_1_92' title="bbox 2076 4557 3648 4628">
     <span class='ocr_line' id='line_1_92' title="bbox 2076 4557 3648 4628; baseline -0.001 -15"><span class='ocrx_word' id='word_1_712' title='bbox 2076 4574 2183 4613; x_wconf 93' lang='lat' dir='ltr'><strong>non</strong></span> <span class='ocrx_word' id='word_1_713' title='bbox 2216 4558 2490 4613; x_wconf 86' lang='lat' dir='ltr'><strong>deliberat</strong></span> <span class='ocrx_word' id='word_1_714' title='bbox 2521 4575 2534 4611; x_wconf 91' lang='lat'><strong>:</strong></span> <span class='ocrx_word' id='word_1_715' title='bbox 2563 4558 2692 4628; x_wconf 90' lang='lat' dir='ltr'><strong>quia</strong></span> <span class='ocrx_word' id='word_1_716' title='bbox 2721 4557 3026 4628; x_wconf 83' lang='lat' dir='ltr'><strong>ignorantis</strong></span> <span class='ocrx_word' id='word_1_717' title='bbox 3057 4565 3140 4613; x_wconf 87' lang='lat' dir='ltr'><strong>est</strong></span> <span class='ocrx_word' id='word_1_718' title='bbox 3170 4559 3462 4614; x_wconf 90' lang='lat' dir='ltr'><strong>consilium</strong></span> <span class='ocrx_word' id='word_1_719' title='bbox 3490 4558 3648 4612; x_wconf 87' lang='lat' dir='ltr'><strong>inire.</strong></span> 
     </span>
    </p>
   </div>
   <div class='ocr_carea' id='block_1_93' title="bbox 378 4629 1680 4719">
    <p class='ocr_par' dir='ltr' id='par_1_93' title="bbox 378 4629 1680 4719">
     <span class='ocr_line' id='line_1_93' title="bbox 378 4629 1680 4719; baseline 0.013 -37"><span class='ocrx_word' id='word_1_720' title='bbox 378 4629 512 4693; x_wconf 81' lang='grc' dir='ltr'><strong>Θεὸς</strong></span> <span class='ocrx_word' id='word_1_721' title='bbox 541 4632 719 4687; x_wconf 77' lang='grc' dir='ltr'><strong>πάντα</strong></span> <span class='ocrx_word' id='word_1_722' title='bbox 757 4634 917 4701; x_wconf 70' lang='grc' dir='ltr'><strong>εἰδὼς</strong></span> <span class='ocrx_word' id='word_1_723' title='bbox 936 4636 1143 4704; x_wconf 80' lang='grc' dir='ltr'><strong>ἁπλῶς,</strong></span> <span class='ocrx_word' id='word_1_724' title='bbox 1179 4641 1241 4692; x_wconf 92' lang='grc' dir='ltr'><strong>οὐ</strong></span> <span class='ocrx_word' id='word_1_725' title='bbox 1286 4640 1597 4719; x_wconf 84' lang='grc' dir='ltr'><strong>βουλεύεται</strong></span> <span class='ocrx_word' id='word_1_726' title='bbox 1632 4644 1680 4701; x_wconf 64' lang='grc' dir='ltr'><strong>ι.</strong></span> 
     </span>
    </p>
   </div>
   <div class='ocr_carea' id='block_1_94' title="bbox 2072 4647 3652 4722">
    <p class='ocr_par' dir='ltr' id='par_1_94' title="bbox 2072 4647 3652 4722">
     <span class='ocr_line' id='line_1_94' title="bbox 2072 4647 3652 4722; baseline -0.002 -18"><span class='ocrx_word' id='word_1_727' title='bbox 2072 4648 2245 4704; x_wconf 84' lang='lat' dir='ltr'><strong>Nemo</strong></span> <span class='ocrx_word' id='word_1_728' title='bbox 2272 4649 2419 4703; x_wconf 92' lang='lat' dir='ltr'><strong>enim</strong></span> <span class='ocrx_word' id='word_1_729' title='bbox 2454 4647 2525 4704; x_wconf 90' lang='lat' dir='ltr'><strong>de</strong></span> <span class='ocrx_word' id='word_1_730' title='bbox 2553 4664 2618 4703; x_wconf 88' lang='lat' dir='ltr'><strong>eo</strong></span> <span class='ocrx_word' id='word_1_731' title='bbox 2649 4647 3062 4717; x_wconf 88' lang='lat' dir='ltr'><strong>deliberaverit,</strong></span> <span class='ocrx_word' id='word_1_732' title='bbox 3102 4649 3251 4720; x_wconf 91' lang='lat' dir='ltr'><strong>quod</strong></span> <span class='ocrx_word' id='word_1_733' title='bbox 3306 4651 3652 4722; x_wconf 84' lang='lat' dir='ltr'><strong>exploratum</strong></span> 
     </span>
    </p>
   </div>
   <div class='ocr_carea' id='block_1_95' title="bbox 380 4724 3654 4815">
    <p class='ocr_par' dir='ltr' id='par_1_95' title="bbox 380 4724 3654 4815">
     <span class='ocr_line' id='line_1_95' title="bbox 380 4724 3654 4815; baseline 0.008 -36"><span class='ocrx_word' id='word_1_734' title='bbox 380 4724 566 4780; x_wconf 86' lang='lat' dir='ltr'><strong>habet.</strong></span> <span class='ocrx_word' id='word_1_735' title='bbox 615 4726 773 4793; x_wconf 81' lang='lat' dir='ltr'><strong>Quod</strong></span> <span class='ocrx_word' id='word_1_736' title='bbox 830 4730 877 4784; x_wconf 88' lang='lat' dir='ltr'><strong>si</strong></span> <span class='ocrx_word' id='word_1_737' title='bbox 946 4731 1272 4790; x_wconf 90' lang='lat' dir='ltr'><strong>deliberatio</strong></span> <span class='ocrx_word' id='word_1_738' title='bbox 1318 4751 1427 4790; x_wconf 93' lang='lat' dir='ltr'><strong>non</strong></span> <span class='ocrx_word' id='word_1_739' title='bbox 1485 4739 1591 4794; x_wconf 89' lang='lat' dir='ltr'><strong>nisi</strong></span> <span class='ocrx_word' id='word_1_740' title='bbox 1648 4740 1957 4811; x_wconf 82' lang='lat' dir='ltr'><strong>ignorantis</strong></span> <span class='ocrx_word' id='word_1_741' title='bbox 1990 4750 2097 4810; x_wconf 90' lang='lat' dir='ltr'><strong>est,</strong></span> <span class='ocrx_word' id='word_1_742' title='bbox 2132 4744 2323 4815; x_wconf 90' lang='lat' dir='ltr'><strong>procul</strong></span> <span class='ocrx_word' id='word_1_743' title='bbox 2354 4744 2399 4775; x_wconf 86' lang='lat'>&quot;</span> <span class='ocrx_word' id='word_1_744' title='bbox 2464 4742 2632 4799; x_wconf 88' lang='lat' dir='ltr'><strong>dubio</strong></span> <span class='ocrx_word' id='word_1_745' title='bbox 2682 4757 2784 4799; x_wconf 89' lang='lat' dir='ltr'><strong>nec</strong></span> <span class='ocrx_word' id='word_1_746' title='bbox 2830 4744 3044 4801; x_wconf 77' lang='lat' dir='ltr'><strong>electio.</strong></span> <span class='ocrx_word' id='word_1_747' title='bbox 3098 4746 3282 4813; x_wconf 85' lang='lat' dir='ltr'><strong>Quare</strong></span> <span class='ocrx_word' id='word_1_748' title='bbox 3332 4762 3457 4801; x_wconf 91' lang='lat' dir='ltr'><strong>cum</strong></span> <span class='ocrx_word' id='word_1_749' title='bbox 3513 4747 3654 4804; x_wconf 86' lang='lat' dir='ltr'><strong>Deus</strong></span> 
     </span>
    </p>
   </div>
   <div class='ocr_carea' id='block_1_96' title="bbox 378 4815 2156 4894">
    <p class='ocr_par' dir='ltr' id='par_1_96' title="bbox 378 4815 2156 4894">
     <span class='ocr_line' id='line_1_96' title="bbox 378 4815 2156 4894; baseline 0.014 -26"><span class='ocrx_word' id='word_1_750' title='bbox 378 4815 702 4887; x_wconf 86' lang='lat' dir='ltr'><strong>simpliciter</strong></span> <span class='ocrx_word' id='word_1_751' title='bbox 736 4821 922 4876; x_wconf 88' lang='lat' dir='ltr'><strong>omnia</strong></span> <span class='ocrx_word' id='word_1_752' title='bbox 966 4825 1134 4893; x_wconf 91' lang='lat' dir='ltr'><strong>norit,</strong></span> <span class='ocrx_word' id='word_1_753' title='bbox 1174 4828 1230 4881; x_wconf 91' lang='lat' dir='ltr'><strong>in</strong></span> <span class='ocrx_word' id='word_1_754' title='bbox 1278 4843 1403 4884; x_wconf 89' lang='lat' dir='ltr'><strong>eum</strong></span> <span class='ocrx_word' id='word_1_755' title='bbox 1451 4846 1561 4887; x_wconf 92' lang='lat' dir='ltr'><strong>non</strong></span> <span class='ocrx_word' id='word_1_756' title='bbox 1618 4833 1768 4889; x_wconf 86' lang='lat' dir='ltr'><strong>cadit</strong></span> <span class='ocrx_word' id='word_1_757' title='bbox 1810 4834 2156 4894; x_wconf 82' lang='lat' dir='ltr'><strong>deliberatio.</strong></span> 
     </span>
    </p>
   </div>
   <div class='ocr_carea' id='block_1_97' title="bbox 448 4975 3639 5083">
    <p class='ocr_par' dir='ltr' id='par_1_97' title="bbox 448 4975 3639 5083">
     <span class='ocr_line' id='line_1_97' title="bbox 448 4975 3639 5083; baseline 0.006 -47"><span class='ocrx_word' id='word_1_758' title='bbox 448 4975 964 5083; x_wconf 38' lang='lat' dir='ltr'><strong>rimtfntationem</strong></span> <span class='ocrx_word' id='word_1_759' title='bbox 986 4993 1147 5043; x_wconf 80' lang='lat' dir='ltr'><strong>vocat</strong></span> <span class='ocrx_word' id='word_1_760' title='bbox 1173 4985 1233 5042; x_wconf 86' lang='lat' dir='ltr'><strong>S.</strong></span> <span class='ocrx_word' id='word_1_761' title='bbox 1262 4987 1522 5048; x_wconf 83' lang='lat' dir='ltr'><strong>Thomas.</strong></span> <span class='ocrx_word' id='word_1_762' title='bbox 1597 4993 1642 5025; x_wconf 85' lang='lat'><strong>&quot;‘</strong></span> <span class='ocrx_word' id='word_1_763' title='bbox 1671 4992 1816 5051; x_wconf 75' lang='lat' dir='ltr'><strong>Max.</strong></span> <span class='ocrx_word' id='word_1_764' title='bbox 1840 4996 1989 5053; x_wconf 80' lang='lat' dir='ltr'><strong>Dial.</strong></span> <span class='ocrx_word' id='word_1_765' title='bbox 2022 5013 2143 5053; x_wconf 80' lang='lat' dir='ltr'><strong>cum</strong></span> <span class='ocrx_word' id='word_1_766' title='bbox 2168 4999 2365 5083; x_wconf 59' lang='lat' dir='ltr'><strong>Pyrrh.</strong></span> <span class='ocrx_word' id='word_1_767' title='bbox 2394 5008 2449 5056; x_wconf 87' lang='lat' dir='ltr'><strong>et</strong></span> <span class='ocrx_word' id='word_1_768' title='bbox 2474 4999 2639 5071; x_wconf 81' lang='lat' dir='ltr'><strong>epist.</strong></span> <span class='ocrx_word' id='word_1_769' title='bbox 2667 5001 2721 5069; x_wconf 78' lang='grc'><strong>1,</strong></span> <span class='ocrx_word' id='word_1_770' title='bbox 2742 4999 2823 5054; x_wconf 80' lang='lat' dir='ltr'><strong>Ad</strong></span> <span class='ocrx_word' id='word_1_771' title='bbox 2853 5000 3054 5056; x_wconf 63' lang='lat' dir='ltr'><strong>alaris.</strong></span> <span class='ocrx_word' id='word_1_772' title='bbox 3124 5003 3169 5037; x_wconf 72' lang='grc' dir='ltr'><strong>’τ</strong></span> <span class='ocrx_word' id='word_1_773' title='bbox 3208 5001 3348 5056; x_wconf 81' lang='lat' dir='ltr'><strong>Max.</strong></span> <span class='ocrx_word' id='word_1_774' title='bbox 3379 5003 3541 5073; x_wconf 81' lang='lat' dir='ltr'><strong>epist.</strong></span> <span class='ocrx_word' id='word_1_775' title='bbox 3587 5004 3639 5067; x_wconf 84' lang='lat' dir='ltr'><strong>l,</strong></span> 
     </span>
    </p>
   </div>
   <div class='ocr_carea' id='block_1_98' title="bbox 383 5044 699 5105">
    <p class='ocr_par' dir='ltr' id='par_1_98' title="bbox 383 5044 699 5105">
     <span class='ocr_line' id='line_1_98' title="bbox 383 5044 699 5105; baseline 0.013 -4"><span class='ocrx_word' id='word_1_776' title='bbox 383 5044 464 5101; x_wconf 76' lang='lat' dir='ltr'><strong>Ad</strong></span> <span class='ocrx_word' id='word_1_777' title='bbox 495 5045 699 5105; x_wconf 73' lang='lat' dir='ltr'><strong>Harin.</strong></span> 
     </span>
    </p>
   </div>
   <div class='ocr_carea' id='block_1_99' title="bbox 1686 5151 2357 5211">
    <p class='ocr_par' dir='ltr' id='par_1_99' title="bbox 1686 5151 2357 5211">
     <span class='ocr_line' id='line_1_99' title="bbox 1686 5151 2357 5211; baseline 0.006 -4"><span class='ocrx_word' id='word_1_778' title='bbox 1686 5151 1919 5210; x_wconf 60' lang='lat' dir='ltr'><strong>VARIIE</strong></span> <span class='ocrx_word' id='word_1_779' title='bbox 1954 5154 2357 5211; x_wconf 72' lang='lat' dir='ltr'><strong>LECTIONES.</strong></span> 
     </span>
    </p>
   </div>
   <div class='ocr_carea' id='block_1_100' title="bbox 452 5225 3649 5315">
    <p class='ocr_par' dir='ltr' id='par_1_100' title="bbox 452 5225 3649 5315">
     <span class='ocr_line' id='line_1_100' title="bbox 452 5225 3649 5315; baseline 0.008 -34"><span class='ocrx_word' id='word_1_780' title='bbox 452 5225 645 5315; x_wconf 47' lang='lat' dir='ltr'><strong>560d.</strong></span> <span class='ocrx_word' id='word_1_781' title='bbox 671 5228 728 5283; x_wconf 83' lang='lat' dir='ltr'><strong>S.</strong></span> <span class='ocrx_word' id='word_1_782' title='bbox 760 5228 871 5287; x_wconf 79' lang='lat' dir='ltr'><strong>llil.</strong></span> <span class='ocrx_word' id='word_1_783' title='bbox 891 5234 1079 5315; x_wconf 39' lang='lat' dir='ltr'><strong>et.alii_</strong></span> <span class='ocrx_word' id='word_1_784' title='bbox 1099 5236 1283 5315; x_wconf 74' lang='lat' dir='ltr'><strong>multi,</strong></span> <span class='ocrx_word' id='word_1_785' title='bbox 1318 5241 1350 5292; x_wconf 81' lang='grc' dir='ltr'>ὁ</span> <span class='ocrx_word' id='word_1_786' title='bbox 1383 5239 1441 5293; x_wconf 81' lang='grc' dir='ltr'><strong>δὲ</strong></span> <span class='ocrx_word' id='word_1_787' title='bbox 1461 5240 1807 5315; x_wconf 16' lang='grc' dir='ltr'><strong>Θεὸςῃπάντα</strong></span> <span class='ocrx_word' id='word_1_788' title='bbox 1832 5244 1988 5310; x_wconf 73' lang='grc' dir='ltr'><strong>εἰδὼς</strong></span> <span class='ocrx_word' id='word_1_789' title='bbox 2015 5244 2202 5309; x_wconf 84' lang='grc' dir='ltr'><strong>ἁπλῶς</strong></span> <span class='ocrx_word' id='word_1_790' title='bbox 2227 5244 2497 5315; x_wconf 76' lang='grc' dir='ltr'><strong>βούλεται.</strong></span> <span class='ocrx_word' id='word_1_791' title='bbox 2530 5244 2767 5315; x_wconf 76' lang='lat' dir='ltr'><strong>Elegans</strong></span> <span class='ocrx_word' id='word_1_792' title='bbox 2795 5245 2945 5303; x_wconf 80' lang='lat' dir='ltr'><strong>enim</strong></span> <span class='ocrx_word' id='word_1_793' title='bbox 2999 5261 3200 5304; x_wconf 83' lang='lat' dir='ltr'><strong>sensus</strong></span> <span class='ocrx_word' id='word_1_794' title='bbox 3231 5247 3320 5304; x_wconf 82' lang='lat' dir='ltr'><strong>ille</strong></span> <span class='ocrx_word' id='word_1_795' title='bbox 3340 5258 3427 5306; x_wconf 88' lang='lat' dir='ltr'><strong>est</strong></span> <span class='ocrx_word' id='word_1_796' title='bbox 3459 5266 3473 5303; x_wconf 91' lang='lat'><strong>:</strong></span> <span class='ocrx_word' id='word_1_797' title='bbox 3509 5248 3649 5305; x_wconf 81' lang='lat' dir='ltr'><strong>Deus</strong></span> 
     </span>
    </p>
   </div>
   <div class='ocr_carea' id='block_1_101' title="bbox 380 5305 2686 5383">
    <p class='ocr_par' dir='ltr' id='par_1_101' title="bbox 380 5305 2686 5383">
     <span class='ocr_line' id='line_1_101' title="bbox 380 5305 2686 5383; baseline 0.009 -34"><span class='ocrx_word' id='word_1_798' title='bbox 380 5305 470 5364; x_wconf 72' lang='lat' dir='ltr'><strong>qui</strong></span> <span class='ocrx_word' id='word_1_799' title='bbox 500 5305 682 5353; x_wconf 75' lang='lat' dir='ltr'><strong>omnia</strong></span> <span class='ocrx_word' id='word_1_800' title='bbox 728 5305 1003 5371; x_wconf 73' lang='lat' dir='ltr'><strong>prospicit,</strong></span> <span class='ocrx_word' id='word_1_801' title='bbox 1032 5305 1341 5375; x_wconf 75' lang='lat' dir='ltr'><strong>simpliciter</strong></span> <span class='ocrx_word' id='word_1_802' title='bbox 1375 5320 1424 5363; x_wconf 81' lang='lat' dir='ltr'><strong>et</strong></span> <span class='ocrx_word' id='word_1_803' title='bbox 1460 5312 1702 5367; x_wconf 74' lang='lat' dir='ltr'><strong>absolute</strong></span> <span class='ocrx_word' id='word_1_804' title='bbox 1732 5315 1866 5380; x_wconf 75' lang='lat' dir='ltr'><strong>vult,</strong></span> <span class='ocrx_word' id='word_1_805' title='bbox 1890 5316 1944 5370; x_wconf 90' lang='lat' dir='ltr'><strong>id</strong></span> <span class='ocrx_word' id='word_1_806' title='bbox 1968 5305 2080 5383; x_wconf 75' lang='lat' dir='ltr'><strong>est,</strong></span> <span class='ocrx_word' id='word_1_807' title='bbox 2107 5305 2238 5372; x_wconf 70' lang='lat' dir='ltr'><strong>sine</strong></span> <span class='ocrx_word' id='word_1_808' title='bbox 2252 5305 2686 5371; x_wconf 63' lang='lat' dir='ltr'><strong>consultatione.</strong></span> 
     </span>
    </p>
   </div>
   <div class='ocr_carea' id='block_1_102' title="bbox 1888 5405 2121 5464">
    <p class='ocr_par' dir='ltr' id='par_1_102' title="bbox 1888 5405 2121 5464">
     <span class='ocr_line' id='line_1_102' title="bbox 1888 5405 2121 5464; baseline -0.004 -3"><span class='ocrx_word' id='word_1_809' title='bbox 1888 5405 2096 5464; x_wconf 66' lang='lat' dir='ltr'><strong>NOTAE</strong></span> <span class='ocrx_word' id='word_1_810' title='bbox 2108 5446 2121 5460; x_wconf 94' lang='lat'><strong>.</strong></span> 
     </span>
    </p>
   </div>
   <div class='ocr_carea' id='block_1_103' title="bbox 455 5479 1954 5563">
    <p class='ocr_par' dir='ltr' id='par_1_103' title="bbox 455 5479 1954 5563">
     <span class='ocr_line' id='line_1_103' title="bbox 455 5479 1954 5563; baseline 0.015 -31"><span class='ocrx_word' id='word_1_811' title='bbox 455 5479 568 5563; x_wconf 65' lang='grc' dir='ltr'><strong>(εξ)</strong></span> <span class='ocrx_word' id='word_1_812' title='bbox 612 5482 734 5552; x_wconf 77' lang='grc' dir='ltr'><strong>Χρὴ</strong></span> <span class='ocrx_word' id='word_1_813' title='bbox 766 5483 834 5537; x_wconf 80' lang='grc' dir='ltr'><strong>δὲ</strong></span> <span class='ocrx_word' id='word_1_814' title='bbox 866 5486 1226 5563; x_wconf 37' lang='grc' dir='ltr'><strong>γινώσκειν.-</strong></span> <span class='ocrx_word' id='word_1_815' title='bbox 1270 5488 1439 5545; x_wconf 82' lang='lat' dir='ltr'><strong>Nosse</strong></span> <span class='ocrx_word' id='word_1_816' title='bbox 1485 5504 1686 5562; x_wconf 87' lang='lat' dir='ltr'><strong>oportet</strong></span> <span class='ocrx_word' id='word_1_817' title='bbox 1725 5497 1778 5550; x_wconf 84' lang='lat' dir='ltr'><strong>in</strong></span> <span class='ocrx_word' id='word_1_818' title='bbox 1827 5497 1954 5563; x_wconf 82' lang='lat' dir='ltr'><strong>Deo,</strong></span> 
     </span>
    </p>
   </div>
   <div class='ocr_carea' id='block_1_104' title="bbox 382 5556 1957 5635">
    <p class='ocr_par' dir='ltr' id='par_1_104' title="bbox 382 5556 1957 5635">
     <span class='ocr_line' id='line_1_104' title="bbox 382 5556 1957 5635; baseline 0.014 -33"><span class='ocrx_word' id='word_1_819' title='bbox 382 5559 488 5635; x_wconf 58' lang='lat' dir='ltr'><strong>etc.</strong></span> <span class='ocrx_word' id='word_1_820' title='bbox 518 5556 688 5635; x_wconf 51' lang='lat' dir='ltr'><strong>l‘fcgat</strong></span> <span class='ocrx_word' id='word_1_821' title='bbox 713 5556 1055 5635; x_wconf 69' lang='grc' dir='ltr'><strong>προαίρεσιν,</strong></span> <span class='ocrx_word' id='word_1_822' title='bbox 1083 5559 1229 5628; x_wconf 87' lang='lat' dir='ltr'><strong>quod</strong></span> <span class='ocrx_word' id='word_1_823' title='bbox 1264 5556 1590 5620; x_wconf 77' lang='lat' dir='ltr'><strong>electionem</strong></span> <span class='ocrx_word' id='word_1_824' title='bbox 1631 5568 1861 5635; x_wconf 83' lang='lat' dir='ltr'><strong>dixeris,</strong></span> <span class='ocrx_word' id='word_1_825' title='bbox 1904 5556 1957 5624; x_wconf 81' lang='lat' dir='ltr'><strong>in</strong></span> 
     </span>
    </p>
   </div>
   <div class='ocr_carea' id='block_1_105' title="bbox 385 5618 1960 5703">
    <p class='ocr_par' dir='ltr' id='par_1_105' title="bbox 385 5618 1960 5703">
     <span class='ocr_line' id='line_1_105' title="bbox 385 5618 1960 5703; baseline 0.015 -30"><span class='ocrx_word' id='word_1_826' title='bbox 385 5618 497 5695; x_wconf 79' lang='lat' dir='ltr'><strong>Deo</strong></span> <span class='ocrx_word' id='word_1_827' title='bbox 542 5618 722 5680; x_wconf 75' lang='lat' dir='ltr'><strong>locum</strong></span> <span class='ocrx_word' id='word_1_828' title='bbox 756 5618 1003 5695; x_wconf 55' lang='lat' dir='ltr'><strong>&#39;hab&#39;erc,</strong></span> <span class='ocrx_word' id='word_1_829' title='bbox 1030 5618 1142 5684; x_wconf 63' lang='lat'><strong>.101.</strong></span> <span class='ocrx_word' id='word_1_830' title='bbox 1173 5646 1293 5688; x_wconf 85' lang='lat' dir='ltr'><strong>eam</strong></span> <span class='ocrx_word' id='word_1_831' title='bbox 1333 5649 1444 5703; x_wconf 88' lang='lat' dir='ltr'><strong>qua</strong></span> <span class='ocrx_word' id='word_1_832' title='bbox 1473 5618 1774 5694; x_wconf 70' lang='lat' dir='ltr'><strong>secundum</strong></span> <span class='ocrx_word' id='word_1_833' title='bbox 1794 5618 1960 5696; x_wconf 59' lang='lat' dir='ltr'><strong>Sibi;</strong></span> 
     </span>
    </p>
   </div>
   <div class='ocr_carea' id='block_1_106' title="bbox 2069 5496 3645 5571">
    <p class='ocr_par' dir='ltr' id='par_1_106' title="bbox 2069 5496 3645 5571">
     <span class='ocr_line' id='line_1_106' title="bbox 2069 5496 3645 5571; baseline 0.003 -20"><span class='ocrx_word' id='word_1_834' title='bbox 2069 5498 2236 5552; x_wconf 87' lang='lat' dir='ltr'><strong>trium</strong></span> <span class='ocrx_word' id='word_1_835' title='bbox 2270 5496 2572 5571; x_wconf 71' lang='lat' dir='ltr'><strong>voluntatis</strong></span> <span class='ocrx_word' id='word_1_836' title='bbox 2603 5511 2717 5571; x_wconf 74' lang='lat' dir='ltr'><strong>sua:</strong></span> <span class='ocrx_word' id='word_1_837' title='bbox 2754 5500 2941 5571; x_wconf 84' lang='lat' dir='ltr'><strong>omnia</strong></span> <span class='ocrx_word' id='word_1_838' title='bbox 2975 5503 3222 5555; x_wconf 83' lang='lat' dir='ltr'><strong>suaviter</strong></span> <span class='ocrx_word' id='word_1_839' title='bbox 3275 5500 3645 5571; x_wconf 88' lang='lat' dir='ltr'><strong>disponendo,</strong></span> 
     </span>
    </p>
   </div>
   <div class='ocr_carea' id='block_1_107' title="bbox 2070 5568 3652 5642">
    <p class='ocr_par' dir='ltr' id='par_1_107' title="bbox 2070 5568 3652 5642">
     <span class='ocr_line' id='line_1_107' title="bbox 2070 5568 3652 5642; baseline 0.003 -18"><span class='ocrx_word' id='word_1_840' title='bbox 2070 5583 2376 5642; x_wconf 56' lang='lat' dir='ltr'><strong>unumpra‘.</strong></span> <span class='ocrx_word' id='word_1_841' title='bbox 2405 5569 2518 5642; x_wconf 78' lang='lat' dir='ltr'><strong>alio</strong></span> <span class='ocrx_word' id='word_1_842' title='bbox 2539 5568 2911 5637; x_wconf 86' lang='lat' dir='ltr'><strong>amplectitur,</strong></span> <span class='ocrx_word' id='word_1_843' title='bbox 2934 5571 3028 5624; x_wconf 87' lang='lat' dir='ltr'><strong>sed</strong></span> <span class='ocrx_word' id='word_1_844' title='bbox 3055 5587 3175 5642; x_wconf 78' lang='lat' dir='ltr'><strong>qua:</strong></span> <span class='ocrx_word' id='word_1_845' title='bbox 3205 5588 3270 5625; x_wconf 77' lang='lat' dir='ltr'><strong>ex</strong></span> <span class='ocrx_word' id='word_1_846' title='bbox 3296 5568 3652 5642; x_wconf 78' lang='lat' dir='ltr'><strong>inquisitione</strong></span> 
     </span>
    </p>
   </div>
   <div class='ocr_carea' id='block_1_108' title="bbox 2067 5638 3651 5715">
    <p class='ocr_par' dir='ltr' id='par_1_108' title="bbox 2067 5638 3651 5715">
     <span class='ocr_line' id='line_1_108' title="bbox 2067 5638 3651 5715; baseline 0.002 -20"><span class='ocrx_word' id='word_1_847' title='bbox 2067 5648 2121 5695; x_wconf 89' lang='lat' dir='ltr'><strong>et</strong></span> <span class='ocrx_word' id='word_1_848' title='bbox 2150 5638 2552 5697; x_wconf 77' lang='lat' dir='ltr'><strong>deliberatione</strong></span> <span class='ocrx_word' id='word_1_849' title='bbox 2583 5645 2977 5710; x_wconf 83' lang='lat' dir='ltr'><strong>consequatur,</strong></span> <span class='ocrx_word' id='word_1_850' title='bbox 3012 5638 3087 5697; x_wconf 80' lang='lat' dir='ltr'><strong>ne</strong></span> <span class='ocrx_word' id='word_1_851' title='bbox 3114 5640 3258 5697; x_wconf 90' lang='lat' dir='ltr'><strong>Deus</strong></span> <span class='ocrx_word' id='word_1_852' title='bbox 3289 5643 3343 5698; x_wconf 91' lang='lat' dir='ltr'><strong>in</strong></span> <span class='ocrx_word' id='word_1_853' title='bbox 3373 5638 3651 5715; x_wconf 63' lang='lat' dir='ltr'><strong>&#39;ambiguo</strong></span> 
     </span>
    </p>
   </div>
  </div>
