3996 6212
238 282 406 350 ⁷Βῦ3

1365 285 1462 345 DE
1500 285 1682 357 FIDE
1717 286 2183 349 ORTIIODOXA
2222 287 2370 349 LIB.
2410 290 2492 349 II.

3460 287 3566 354 954

295 396 653 466 νομιζόμενον
683 393 740 447 δὲ
762 391 1041 458 ἀκούσιον,
1072 391 1130 445 ὲν
1163 389 1359 463 πράξει
1388 393 1495 447 τινί
1525 396 1670 460 ἐστι,
1694 393 1875 448 πολλοὶ

1981 397 2105 451 dam
2148 403 2388 467 positum
2440 404 2551 463 est,
2589 406 2644 453 ct
2693 398 2829 455 illud
2862 405 3010 480 quod
3052 402 3420 459 voluntarium
3453 415 3564 455 non

294 488 353 541 δι
394 502 557 553 τινες,
600 485 700 539 καὶ
745 484 808 537 τὸ
850 482 1023 546 ὅντως
1061 483 1319 537 ἀκούσιον
1344 523 1360 548 ,
1409 485 1471 537 οὐ
1520 486 1682 555 μόνον
1710 489 1769 541 ὲν
1799 487 1880 556 τῷ

295 579 533 647 πάσχειν
557 618 572 642 ,
603 575 741 638 ἀλλὰ
775 576 871 629 καὶ
933 575 993 627 ὲν
1042 574 1123 646 τῷ
1172 575 1436 647 πράττειν
1480 578 1757 643 τίθενται,
1798 580 1885 632 δεῖ

294 670 353 723 δὲ
386 668 609 732 εἰδέναι,
641 667 724 720 ὅτι
770 664 971 736 πρᾶξίς
1008 667 1157 721 ἐστιν
1200 667 1457 738 ἐνέργεια
1500 668 1715 740 λογική.
1748 671 1883 734 Ταῖς

293 761 355 815 δὲ
382 758 650 830 πράξεσιν
691 758 883 811 ἕπεται
915 756 1138 821 ἔπαινος
1160 797 1176 824 ,
1219 758 1252 829 ἢ
1287 757 1453 828 ψόγος
1479 776 1493 792 ·
1547 762 1641 815 καὶ
1684 762 1741 814 αἰ
1778 761 1882 832 μὲν

296 851 483 905 αὐτῶν
509 851 630 920 μεθ’
660 848 877 920 ἡδονῆς,
915 850 974 903 αί
1021 850 1079 904 δὲ
1121 849 1260 920 μετὰ
1292 850 1471 921 λύπης
1500 852 1836 923 πράττονται
1860 870 1876 886 ο

298 942 399 995 καὶ
425 943 481 995 ai
510 941 609 1011 μὲν
633 947 660 976 ο
693 939 879 994 αὐτῶν
907 941 1047 995 εἰσιν
1082 942 1304 1011 αίρεταί
1340 940 1420 1013 τῷ
1465 944 1781 1013 πράττοντι,
1821 947 1879 999 αί

294 1032 356 1085 δὲ
389 1030 624 1099 φευκταί
649 1046 663 1060 ·
691 1029 805 1084 τῶν
830 1029 890 1085 δὲ
924 1029 1181 1103 αίριτῶν,
1207 1032 1263 1085 αἰ
1296 1030 1396 1102 μὲν
1436 1032 1530 1136 ac}
1554 1034 1792 1105 αίρεταὶ,
1822 1037 1879 1089 αἰ

294 1122 358 1175 δὲ
404 1121 548 1175 κατά
602 1137 727 1175 τινα
775 1121 986 1191 χρόνον.
1035 1121 1266 1193 ὀμοίως
1314 1124 1412 1178 καὶ
1450 1121 1562 1179 τῶν
1605 1124 1875 1194 φευκτῶν.

295 1212 414 1266 Καὶ
466 1211 630 1265 πάλιν
658 1251 674 1278 ,
723 1210 782 1264 αἰ
816 1210 919 1281 μὲν
954 1212 1065 1264 τῶν
1115 1211 1372 1283 πράξεων
1426 1211 1702 1268 ὲλιοῦνται
1725 1254 1740 1279 ,
1781 1215 1880 1269 καὶ

299 1302 639 1373 συγγνώμης·
680 1300 960 1368 ἀξιοῦνται
987 1343 1002 1369 ,
1042 1303 1099 1355 αί
1142 1301 1202 1355 δὲ
1236 1302 1556 1373 μισοῦνται,
1588 1304 1684 1357 καὶ
1716 1304 1879 1359 κολά-

294 1392 506 1457 ζονται.
538 1392 631 1463 Τῷ
671 1391 773 1462 μὶν
823 1386 917 1446 οῦν
950 1392 1185 1463 ἑκουσίῳ
1243 1393 1465 1455 πάντως
1521 1392 1881 1447 ἐπακολουθεῖ

296 1485 541 1547 επαινος.
581 1485 614 1556 ἢ
652 1484 845 1555 ψόγος.
879 1484 978 1538 και
1003 1484 1066 1537 τὸ
1118 1481 1238 1553 μεθ’
1263 1483 1462 1554 ἡδονῆς
1511 1484 1873 1556 πράττεσθαι,

299 1577 397 1631 καὶ
418 1576 481 1628 τὺ
507 1574 734 1645 αίρετὰς
806 1571 950 1631 εἶναι
975 1574 1076 1638 τὰς
1107 1574 1339 1644 πράξεις
1369 1576 1481 1638 τοῖς
1520 1574 1875 1646 πράττουσιν,

298 1668 330 1737 ἢ
360 1668 472 1732 ἀεὶ,
499 1668 533 1739 ἢ
559 1668 703 1735 τότε,
750 1669 841 1722 ὅτι
870 1667 1227 1738 πράττονται.
1256 1666 1347 1737 Τῷ
1390 1667 1449 1720 δὲ
1491 1667 1733 1740 ἀκουσίῳ
1751 1709 1769 1738 ,
1814 1670 1878 1725 τὸ

1985 502 2108 543 esse
2145 499 2426 553 censetur,
2456 489 2511 543 in
2545 492 2781 561 quadam
2823 493 2988 548 etiam
3019 495 3238 549 actione
3275 492 3563 558 consistit;

1986 579 2144 635 multi
2171 595 2305 636 vero
2336 580 2470 636 illud
2503 596 2728 651 quoque
2771 583 2921 655 quod
2962 600 3157 655 reapse
3186 599 3297 638 non
3339 593 3423 639 est
3468 598 3565 637 vo-

1983 670 2303 737 luntarium,
2346 688 2456 728 non
2497 673 2552 727 in
2603 675 2864 756 patiendo
2898 676 3102 739 solum,
3151 675 3247 730 sed
3292 675 3457 729 etiam
3508 676 3563 729 in

1983 763 2195 832 agendo
2223 765 2569 819 constituunt
2606 784 2619 819 :
2656 768 2883 821 omnino
2930 768 3076 823 scire
3113 775 3354 837 oportet,
3389 766 3564 823 actio-

1981 869 2108 910 nem
2148 869 2271 911 esse
2299 856 2677 925 operationem
2713 871 2840 911 cum
2873 858 3091 912 ratione
3121 856 3349 912 editam.
3383 855 3567 909 Actio-

1982 959 2083 1001 nes
2126 959 2293 1016 porro
2347 946 2468 1002 laus
2527 947 2781 1017 sequitur
2837 956 2933 1001 aut
2983 949 3351 1019 vituperium;
3398 956 3566 1017 atque

1982 1035 2229 1091 actiones
2265 1036 2419 1105 ipsae,
2453 1038 2652 1106 partim
2684 1053 2810 1092 cum
2838 1037 3144 1107 voluptate,
3186 1038 3384 1107 partim
3436 1053 3562 1092 cum

1981 1138 2220 1181 maerore
2276 1126 2449 1195 tlunt;
2508 1128 2820 1199 partimque
2881 1127 3012 1183 item
3071 1128 3249 1198 agenti
3302 1137 3563 1197 acceptm,

1980 1215 2183 1285 partim
2227 1216 2420 1272 invisae
2469 1227 2600 1274 sunt
2631 1233 2648 1273 :
2680 1218 2931 1288 quinimo
2963 1233 3029 1274 ex
3057 1217 3126 1273 iis
3155 1234 3277 1289 quae
3324 1226 3566 1290 acceptae

1980 1314 2133 1372 sunt,
2178 1307 2299 1363 alia:
2340 1323 2558 1380 semper
2586 1309 2852 1373 arrident,
2888 1309 3010 1365 alite
3051 1310 3383 1380 quandoque
3418 1310 3564 1365 dun-

1981 1406 2132 1453 taxat
2163 1416 2178 1455 :
2216 1398 2269 1454 id
2301 1402 2448 1470 quod
2484 1400 2551 1456 de
2586 1400 2697 1455 illis
2725 1401 2890 1457 etiam
2922 1415 3046 1472 quae
3090 1409 3222 1457 sunt
3270 1401 3563 1473 fugiendae,

1978 1490 2142 1546 debet
2194 1491 2447 1562 intelligi.
2509 1488 2729 1548 llursus
2780 1493 3061 1548 actionum
3122 1493 3244 1548 aliae
3291 1492 3563 1563 ejusmodi

1979 1588 2131 1647 sunt,
2180 1583 2235 1637 in
2271 1582 2473 1652 quibus
2500 1585 2673 1639 veniae
2716 1595 2771 1640 et
2806 1584 3198 1640 misericordia:
3254 1585 3408 1640 locus
3451 1586 3561 1651 sit;

1979 1673 2103 1727 alia:
2144 1657 2273 1728 odio
2305 1681 2459 1738 sunt,
2507 1682 2564 1730 et
2614 1675 2889 1745 supplicio
2926 1673 3305 1729 vindicantur.
3338 1673 3403 1727 Et
3438 1675 3563 1745 qui—

298 1760 669 1830 συγγνώμης,
723 1760 757 1831 ἢ
828 1759 1013 1825 ιλέους
1071 1759 1398 1825 ἀξιοῦσθαι,
1463 1760 1560 1815 και
1607 1761 1670 1814 τδ
1706 1739 1878 1833 μετὰ

1981 1761 2107 1818 dem
2140 1764 2290 1833 quod
2334 1739 2731 1821 voluntarium’
2758 1775 2866 1833 est,
2914 1766 3144 1823 omnino
3183 1765 3267 1821 vel
3323 1739 3561 1831 laudem,

296 1851 475 1921 λύπης
524 1851 900 1922 πράττεσθαι,
946 1851 1042 1906 καὶ
1070 1852 1131 1905 τὸ
1158 1852 1233 1923 μὴ
1266 1847 1407 1905 εἶναι
1446 1851 1703 1921 αἱρετὰς,
1742 1856 1877 1924 μηδὲ

293 1940 365 1995 δι’
416 1941 617 1998 ἑαυτοῦ
669 1940 845 1996 τελεῖν
891 1941 954 1995 τὸ
1015 1942 1395 2013 πραττόμενον
1418 1979 1435 2008 ,
1489 1942 1539 1995 εί
1610 1944 1707 1996 καὶ
1756 1941 1878 2015 βιόν-

297 2033 468 2097 (atro.

1981 1856 2071 1913 vel
2099 1857 2434 1928 vituperium
2466 1866 2730 1923 meretur,
2767 1857 3056 1930 agiturque
3086 1873 3211 1914 cum
3239 1858 3521 1927 voluptate
3548 1876 3558 1909 :

1983 1948 2215 2019 insuper
2262 1949 2533 2015 actiones,
2579 1950 2692 2005 illis
2715 1951 2809 2020 qui
2846 1950 3165 2022 agunt,vel
3199 1963 3415 2018 semper
3468 1962 3563 2001 ac-

1984 2045 2165 2108 cepta
2211 2047 2364 2106 sunt,
2395 2041 2483 2097 vel
2521 2049 2640 2096 tum
2687 2041 2882 2099 saltem
2918 2040 3138 2112 quando
3170 2040 3328 2094 ﬁunt.
3356 2039 3563 2095 Contra

292 2122 351 2177 id
386 2122 535 2194 quod
571 2123 943 2181 voluntarium
988 2138 1099 2178 non
1136 2131 1248 2190 est,
1292 2130 1387 2178 aut
1418 2123 1604 2189 venia,
1633 2131 1730 2177 aut
1773 2124 2135 2183 miseratione
2169 2127 2401 2200 dignum
2440 2137 2548 2195 est,
2614 2146 2718 2186 nec
2785 2131 2907 2187 sine
2981 2144 3220 2185 mmrore
3273 2137 3556 2199 patratur:

292 2229 557 2289 praeterea
585 2219 769 2290 agenti
798 2226 1025 2290 accepta
1056 2232 1169 2274 non
1190 2226 1280 2275 est
1308 2218 1473 2286 actio,
1508 2225 1697 2291 utpote
1717 2234 1881 2292 quam
1920 2236 2031 2278 non
2061 2238 2091 2279 a
2126 2225 2311 2295 seipso
2350 2225 2619 2297 perﬁciat,
2664 2227 2882 2284 tametsi
2924 2242 3022 2298 per
3052 2226 3160 2283 vim
3198 2225 3265 2280 ab
3327 2238 3393 2280 eo
3465 2239 3563 2278 cx-

293 2320 642 2383 torqueatur.

363 2403 475 2461 Τοῦ
505 2403 562 2456 δὲ
585 2402 840 2460 ἀκουσίου
877 2403 937 2457 τὸ
977 2402 1078 2473 μέν
1116 2403 1233 2456 ἔστι
1294 2401 1437 2458 κατὰ
1468 2401 1613 2474 βίαν,
1638 2402 1701 2457 τὸ
1724 2405 1781 2458 δὲ
1805 2403 1877 2458 δι’

238 2528 247 2533 τ
288 2502 555 2568 ἄγνοιαν*
608 2494 752 2549 κατὰ
786 2493 909 2565 βίαν
955 2493 1091 2565 μὲν,
1133 2494 1263 2548 ὅταν
1299 2495 1334 2565 ἡ
1395 2493 1655 2565 ποιητικὴ
1704 2494 1872 2566 ἀρχὴ,

288 2594 465 2663 ἦγουν
499 2586 648 2642 αἰτία
667 2626 685 2653 ,
726 2583 926 2652 ἔξωθέν
956 2585 1106 2638 ἐστιν
1133 2623 1148 2651 ,
1189 2585 1358 2656 ἤγουν
1388 2586 1517 2639 ὅταν
1563 2584 1653 2655 ὑφ’
1684 2586 1875 2657 ἐτέρου

290 2679 637 2755 βιαζὼμεθα,
674 2676 798 2749 μηδ’
820 2676 956 2740 ὅλως
1000 2675 1337 2747 πειθόμενοι,
1382 2676 1519 2748 μηδὲ
1552 2675 1878 2747 συμϐαλλώ-

290 2776 444 2848 μεθα
471 2774 590 2829 κατ’
610 2770 819 2826 οἰκείαν
848 2771 1047 2842 ὁρμὴν,
1071 2769 1206 2842 μηδὲ
1233 2769 1372 2834 ὅλως
1402 2770 1873 2842 συμπράττωμεν,

285 2868 324 2938 ἢ
357 2867 427 2920 δι’
468 2863 677 2918 ἑαυτῶν
713 2862 774 2916 τὸ
815 2861 1036 2932 βιασθὲν
1061 2861 1304 2933 ποιῶμεν
1327 2877 1341 2893 ·
1380 2861 1410 2914 δ
1440 2860 1536 2915 καὶ
1567 2858 1877 2934 ὁριζόμενοι

284 2975 478 3029 φαμεν
502 2974 517 2988 ·
563 2953 821 3009 ἀκούσιόν
861 2954 1035 3018 ἐστιν,
1082 2945 1145 3006 οῦ
1177 2953 1212 3023 ὴ
1252 2952 1397 3023 ἀρχὴ
1436 2950 1661 3017 ἔξωθεν,
1709 2951 1878 3023 μηδὲν

284 3045 744 3119 συμϐαλλομένου
792 3043 912 3099 κατ’
938 3041 1149 3097 οἰκείαν
1177 3043 1356 3115 ὁρμὴν
1401 3042 1499 3096 τοῦ
1532 3042 1872 3111 βιασθέντος.

296 3136 507 3213 Ἀρχὴν
552 3135 609 3189 δὲ
645 3132 826 3212 φαμὲν
851 3175 867 3200 ,
916 3131 1015 3203 τὴν
1046 3130 1339 3203 ποιητικὴν
1366 3131 1567 3186 αἰτίαν.
1606 3131 1679 3185 Τὸ
1704 3131 1762 3184 δὲ
1808 3128 1879 3184 δι’

2054 2399 2173 2456 Non
2197 2402 2555 2457 voluntarium
2570 2418 2664 2471 per
2678 2403 2800 2470 vim,
2824 2418 2917 2471 per
2933 2404 3564 2473 ignorantiam—Porro

1975 2506 2089 2547 non
2100 2490 2495 2558 voluntarium,
2515 2493 2597 2547 vel
2615 2508 2712 2564 per
2726 2491 2834 2547 vim
2854 2492 2936 2560 ﬁt,
2954 2492 3039 2547 vel
3059 2508 3156 2562 per
3172 2493 3560 2563 ignorantiam.

1974 2578 2080 2637 Per
2092 2581 2199 2637 vim
2213 2582 2457 2652 quidem,
2476 2582 2605 2638 dum
2622 2582 2950 2653 principium
2967 2598 3223 2652 operans,
3242 2591 3565 2641 extraneum

1975 2681 2095 2741 est;
2122 2681 2183 2729 ut
2210 2689 2339 2729 cum
2388 2675 2458 2730 ab
2491 2674 2624 2741 alio,
2652 2674 2793 2729 nihil
2827 2675 2951 2744 ejus
2982 2675 3340 2730 suasionibus
3368 2675 3562 2741 illecti,

1972 2777 2076 2833 per
2110 2762 2219 2817 vim
2260 2764 2578 2835 adigimur:
2615 2780 2718 2821 nec
2766 2779 2869 2820 nos
2911 2772 3170 2819 conatum
3222 2764 3418 2830 ullum,
3467 2774 3565 2820 aut

1974 2853 2260 2925 quidpiam
2288 2854 2591 2924 adjumenti
2626 2854 2930 2920 all‘erimus,
2966 2863 3025 2909 ut
3055 2870 3153 2927 per
3187 2856 3470 2925 nosipsos,
3508 2854 3564 2909 id

1974 2943 2125 3015 quod
2160 2943 2213 3000 vi
2241 2946 2594 3014 exprimitur,
2626 2944 2899 3001 faciamus
2917 2946 2985 3000 ⁸⁸.
3019 2944 3133 3001 lloc
3164 2954 3351 3001 autem
3388 2962 3565 3017 genus

1976 3036 2058 3090 sic
2116 3034 2452 3092 deﬁnimus:
2485 3052 2595 3091 non
2651 3037 3025 3092 voluntarium
3070 3037 3208 3093 illud
3245 3045 3353 3103 est,
3402 3038 3564 3109 cujus

1976 3125 2313 3198 principium
2348 3127 2697 3184 extrinsecus
2741 3135 2848 3193 est,
2889 3127 3030 3181 nihil
3062 3136 3261 3198 suapte
3306 3135 3459 3182 motu
3494 3128 3565 3183 ad

282 3232 515 3298 ἄγνοιαν
554 3224 813 3281 ἀκούσιον
870 3223 1041 3292 ἐστὶν,
1073 3222 1204 3276 ὅταν
1238 3221 1315 3293 μὴ
1354 3221 1511 3275 αὐτοὶ
1549 3222 1879 3294 παρέχωμεν

1982 3220 2253 3273 actionem
2293 3216 2612 3274 conferente
2660 3219 2779 3287 illo,
2832 3218 2993 3289 192
3039 3220 3129 3274 cui
3178 3219 3263 3275 vis
3312 3218 3562 3275 affertur.

280 3322 474 3377 αἰτίαν
518 3318 619 3389 τῆς
662 3316 908 3386 ἀγνοίας,
956 3313 1071 3368 ἀλλ’
1118 3313 1262 3367 οὕτω
1296 3314 1503 3384 συμϐῇ.
1539 3313 1605 3367 Εἰ
1631 3314 1740 3385 γὰρ
1773 3331 1872 3385 με·

281 3413 439 3467 θύων
478 3427 564 3474 τις
606 3408 767 3479 φόνον
808 3406 1046 3475 ποιήσει,
1077 3403 1290 3472 ἀγνοῶν
1321 3405 1421 3474 μὲν
1462 3404 1775 3473 ἐφόνευσεν,
1809 3404 1872 3457 οῦ

284 3503 403 3575 μὴν
426 3499 697 3563 ἀκουσίως
723 3513 738 3528 ·
790 3497 891 3567 τὴν
930 3494 1040 3570 γὰρ
1085 3494 1269 3549 αἰτίαν
1295 3494 1397 3564 τῆς
1425 3494 1673 3563 ἀγνοίας,
1706 3494 1876 3565 ἤγουν

278 3594 393 3665 τὴν
420 3589 632 3663 μέθην,
665 3588 829 3650 αὐτὸς
867 3585 1129 3656 ἔπραξεν.
1170 3584 1235 3637 Ei
1279 3583 1335 3637 δέ
1381 3599 1467 3647 τις
1511 3584 1571 3638 ὲν
1607 3583 1687 3654 τῷ
1744 3600 1873 3637 συν-

280 3683 415 3754 ήθει
468 3680 621 3752 τόπῳ
674 3676 911 3745 τοξεύων
935 3716 951 3744 ,
1020 3673 1112 3728 τὸν
1184 3673 1399 3746 πατέρα
1448 3673 1722 3744 παριόντα
1774 3675 1876 3728 ἁπ-

282 3777 522 3839 ἐκτεινε,
553 3772 620 3826 δι’
642 3770 866 3840 ἄγνοιαν
887 3767 1107 3838 λέγεται
1141 3764 1414 3829 ἀκουσίως
1448 3763 1609 3827 τοῦτο
1637 3781 1872 3836 πεποιη-

282 3866 473 3924 κέναι.

1974 3310 2081 3367 Ροι·
2114 3310 2452 3382 principium
2487 3319 2693 3379 autem,
2738 3327 2967 3369 causam
3014 3311 3340 3368 uincientem
3390 3309 3566 3381 signi-

1976 3400 2227 3457 ﬁcamus.
2254 3402 2325 3457 At
2353 3417 2483 3458 vero
2512 3416 2624 3457 non
2665 3403 3039 3458 voluntarium
3079 3402 3140 3458 iit
3165 3417 3265 3474 per
3298 3402 3565 3473 ignoran-

1972 3494 2131 3561 tiam,
2172 3509 2300 3550 cum
2338 3510 2444 3551 nos
2479 3495 2805 3566 ignorantiae
2834 3510 3060 3552 causam
3094 3510 3205 3551 non
3233 3495 3564 3566 praebemus,

1978 3584 2075 3641 sed
2128 3599 2266 3642 casu
2314 3600 2406 3642 res
2440 3587 2521 3641 ita
2569 3586 2863 3659 contingit.
2916 3586 3133 3644 Etenim
3187 3587 3235 3642 si
3285 3587 3565 3658 quispiam

1971 3677 2164 3735 ebrius
2189 3678 2392 3734 caedem
2426 3680 2783 3749 perpetrarit,
2815 3681 3029 3737 inscius
3053 3681 3278 3751 quidem
3314 3696 3436 3736 eam
3466 3680 3567 3733 ad-

1972 3768 2145 3835 misit,
2178 3777 2234 3824 at
2264 3785 2373 3824 non
2406 3784 2640 3839 prorsus
2674 3772 2846 3826 invite
2877 3772 2946 3825 ⁸³.
2981 3771 3310 3841 ignorantiae
3359 3770 3567 3840 quippe

1971 3874 2221 3926 causam,
2273 3861 2597 3917 ebrietatem
2655 3860 2892 3921 scilicet.
2948 3861 3068 3932 ipse
3114 3860 3429 3915 accersivit.
3468 3856 3566 3913 Sin

284 3956 565 4029 quispiam
589 3953 644 4009 in
670 3967 792 4009 eum
832 3965 992 4023 quem
1028 3956 1393 4005 consueverat
1418 3946 1601 4004 locum
1635 3949 1867 4018 sagittas
1897 3951 2147 4021 mittens,
2179 3960 2604 4025 praetereuntem
2639 3961 2853 4025 patrem
2921 3952 3237 4025 peremerit,
3271 3953 3342 4008 ob
3392 3951 3559 4008 insci—

248 4052 422 4110 tiam
452 4047 667 4108 facinus
692 4044 798 4099 hoc
820 4042 990 4105 invite
1020 4048 1274 4115 patrasse
1304 4039 1528 4096 dicitur.

362 4136 470 4190 Τοῦ
511 4130 606 4191 οῦν
654 4132 914 4189 ἀκουσίου
975 4130 1156 4186 διττοῦ
1204 4130 1359 4193 ὖντος
1379 4169 1396 4195 ,
1454 4129 1550 4185 τοῦ
1587 4129 1687 4201 μὲν
1722 4130 1863 4185 κατὰ

277 4232 453 4303 βίαν,
490 4227 583 4281 τοῦ
618 4227 676 4281 δὲ
725 4225 793 4279 δι’
822 4225 1048 4295 ἄγνοιαν
1072 4261 1088 4288 ,
1134 4223 1199 4277 τὸ
1231 4223 1483 4277 ἑκούσιον
1531 4224 1867 4294 ἀμφοτέροις

274 4322 615 4381 ἀντίκειται.
653 4317 814 4371 Ἔστι
838 4316 948 4387 γὰρ
984 4314 1255 4377 ἑκοῦσιον,
1285 4313 1349 4366 τὸ
1380 4314 1519 4385 μήτε
1552 4312 1695 4369 κατὰ
1723 4313 1867 4385 βίαν,

280 4414 433 4487 μήτε
461 4413 527 4466 δι’
573 4410 797 4480 ἄγνοιαν
834 4407 1143 4478 γινόμενον.
1185 4406 1468 4460 Ἐκοὺσιον
1493 4406 1675 4461 τοίνυν
1697 4407 1869 4471 ἐστὶν,

275 4497 355 4562 οὗ
390 4506 425 4575 ἡ
465 4502 646 4575 ἀρχὴ,
677 4500 961 4554 τουτέστιν
1004 4500 1037 4569 ἡ
1071 4497 1258 4560 αίτία,
1288 4498 1348 4550 ὲν
1390 4496 1572 4567 ἑαυτῷ
1611 4496 1780 4551 εἰδότι
1803 4497 1875 4550 τὰ

276 4598 418 4654 καθ’
463 4598 711 4658 ἕκαστα,
746 4592 814 4648 δι’
856 4584 969 4660 ὧν,
1020 4591 1116 4644 καὶ
1155 4592 1214 4644 ὲν
1260 4584 1345 4656 οἷς
1397 4591 1431 4662 ὴ
1466 4590 1684 4662 πρᾶξις.
1734 4588 1874 4645 Καθ’

276 4693 500 4747 ἕκαστα
544 4688 603 4743 δέ
651 4690 799 4745 ἐστιν
824 4725 842 4752 ,
884 4683 921 4741 ἃ
962 4683 1213 4745 καλεῖται
1261 4682 1413 4753 παρὰ
1465 4686 1579 4747 τοίς
1609 4682 1869 4755 ῥήτορσιν

281 4779 661 4854 περιστατικὰ
721 4778 926 4850 μόριαο
981 4769 1095 4828 οἷον
1120 4817 1134 4841 ,
1180 4774 1300 4839 τίς,
1350 4776 1520 4846 ἡγουν
1559 4776 1588 4828 ὁ
1621 4775 1841 4845 πράξας
1865 4790 1882 4806 ο

278 4872 435 4937 τίνα,
464 4873 632 4949 ἠγουν
653 4870 744 4924 τὸν
773 4867 1035 4923 παθόντα’
1066 4864 1142 4929 τί,
1167 4866 1338 4941 ἤγουν
1358 4864 1491 4920 αὐτὸ
1514 4865 1577 4918 τὸ
1602 4866 1873 4937 πραχθὲν,

270 4964 452 5035 ¹«τυχὸν
481 4963 775 5033 ἐφόνευσε⁶
825 4959 969 5024 τίνι,
1003 4962 1174 5032 ἧγουν
1222 4956 1475 5029 όργάνῳο
1512 4955 1617 5013 ποῦ
1643 5000 1659 5023 ,
1711 4958 1881 5027 ἥγουν

281 5060 445 5131 τόπῳ
466 5076 482 5091 ·
521 5058 675 5123 πότε,
720 5057 889 5126 ἧτουν
927 5055 987 5109 ὲν
1018 5055 1158 5124 ποίῳ
1196 5053 1413 5123 χρόνῳ·
1442 5050 1580 5115 πῶς,
1620 5052 1650 5104 ὁ
1676 5050 1880 5121 τρόπος

283 5153 394 5224 τῆς
420 5152 707 5222 πράξεωςο
738 5149 828 5204 διὰ
864 5148 939 5215 τί,
965 5148 1133 5221 ἠγουν
1176 5146 1266 5200 διὰ
1298 5144 1462 5197 ποίαν
1496 5142 1699 5197 αἰτίαν.

2048 4125 2639 4183 Voluntarium.-—Non
2655 4128 3027 4184 voluntarium
3047 4129 3213 4200 igitur
3225 4130 3420 4201 duplex
3438 4146 3564 4187 cum

1974 4217 2070 4282 sit,
2122 4217 2355 4273 alterum
2379 4227 2607 4289 propter
2629 4220 2764 4286 vim,
2786 4219 3018 4275 alterum
3050 4229 3276 4290 propter
3307 4223 3565 4293 ignoran-

1976 4312 2130 4379 tiam,
2160 4312 2381 4380 utrique
2408 4312 2786 4367 voluntarium
2809 4312 3126 4384 opponitur.
3146 4311 3281 4369 illud
3298 4316 3443 4369 enim
3469 4330 3563 4371 vo-

1976 4405 2280 4484 luntarium
2297 4414 2403 4473 est,
2419 4406 2565 4476 quod
2586 4422 2687 4462 nec
2704 4422 2801 4476 per
2814 4408 2946 4471 vim,
2964 4422 3065 4462 nec
3086 4408 3561 4478 perignorantiam

1978 4498 2214 4557 edicitur
2244 4498 2315 4553 ⁸⁸.
2347 4498 2719 4565 Quamobrem
2745 4498 3117 4553 voluntarium
3149 4498 3374 4567 dicitur,
3402 4500 3562 4570 cujus

1978 4587 2333 4658 principium,
2364 4588 2700 4655 sive'causa,
2728 4587 2785 4641 in
2816 4587 2940 4657 ipso
2968 4595 3053 4642 est
3077 4587 3171 4657 qui
3194 4586 3325 4658 agit,
3361 4596 3419 4641 ut
3446 4587 3565 4657 ipse

1972 4685 2174 4736 noscat
2202 4679 2386 4734 omnia
2438 4677 2761 4749 singulatim
2786 4719 2802 4743 ,
2846 4691 2943 4747 per
2982 4692 3104 4748 quae
3151 4679 3298 4733 actio
3328 4677 3560 4747 geritur,

1974 4772 2109 4828 etin
2154 4771 2358 4842 quibus
2402 4778 2695 4827 versatur:
2737 4786 2861 4840 qua:
2887 4770 3111 4840 quidem
3159 4768 3393 4839 singula,
3434 4767 3563 4824 rhe-

1974 4873 2124 4917 tores
2151 4862 2611 4918 circumstantias
2631 4863 2945 4933 appellant;
2973 4869 3127 4932 puta,
3149 4860 3296 4930 quis,
3320 4860 3424 4916 hoc
3450 4867 3559 4927 est,

1976 4953 2069 5009 ille
2098 4953 2196 5024 qui
2225 4953 2360 5010 fecit
2392 4972 2408 5010 :
2444 4968 2630 5024 quem,
2674 4969 2771 5009 seu
2822 4968 2950 5009 eum
2988 4953 3084 5024 qui
3116 4967 3413 5023 perpessus
3438 4959 3558 5017 est;

1981 5046 2139 5117 quid,
2171 5047 2224 5102 id
2257 5055 2367 5115 est,
2400 5046 2508 5102 hoc
2557 5046 2703 5117 quod
2740 5046 2945 5101 factum
2992 5054 3099 5111 est,
3128 5040 3337 5115 ‘utputa
3390 5045 3559 5099 inter-

1984 5139 2154 5208 fecit;
2191 5155 2323 5211 quo,
2374 5139 2586 5197 scilicet
2640 5139 3049 5205 instrumento;
3106 5136 3221 5202 ubi,
3279 5137 3396 5193 sive
3448 5149 3559 5205 quo

285 5249 352 5307 in
382 5246 536 5312 loco;
584 5242 825 5313 quando,
876 5240 930 5297 id
967 5248 1054 5296 est
1112 5250 1218 5306 Quo
1263 5246 1545 5307 tempore;
1578 5234 1881 5306 quomodo,
1921 5248 2100 5304 quove
2146 5242 2313 5305 pacto
2359 5230 2496 5289 illud
2551 5232 2700 5303 egit;
2735 5244 2933 5303 quare,
2981 5243 3078 5288 seu
3151 5244 3261 5301 qua
3344 5228 3557 5285 illectus

286 5351 481 5394 causa.

370 5449 412 5482 “
433 5446 655 5507 Nemes.
677 5465 728 5505 c.
754 5447 844 5506 50.
920 5447 966 5479 ⁸⁸
995 5445 1216 5505 Nemcs.
1252 5457 1303 5501 c.
1329 5442 1421 5497 5t.
1496 5440 1541 5473 ⁸⁸
1568 5438 1787 5496 Nemes.
1812 5455 1861 5495 c.
1883 5437 1974 5494 52.
2016 5500 2025 5508 ,

1560 5570 1795 5627 ἾΑΒΙίΕ
1838 5567 2243 5628 LECTIONES.

373 5699 399 5729 ο
432 5689 575 5766 Είιὶι.
602 5689 732 5761 γὰρ,
757 5689 812 5747 in
846 5696 1077 5760 utroque
1106 5692 1242 5749 loco.
1268 5688 1396 5746 Mss.
1427 5698 1479 5746 et
1508 5687 1727 5745 Nemee.
1748 5686 1881 5757 μέν.
