3996 6212
2252 99 2281 109 ..Δ

516 229 623 295 959
1670 223 1729 283 S.
1762 220 2084 284 JOANNIS
2116 217 2546 281 DAMASCENI
3704 202 3833 268 960

514 343 625 399 sita
657 342 807 401 sunt,
838 350 959 407 qua
1002 336 1238 393 liberum
1290 335 1454 394 nobis
1499 345 1584 393 est
1633 335 1847 405 facere,
1875 337 1959 392 vel
1991 350 2092 390 non

2257 329 2425 397 ,ἐγετο
2471 323 2849 397 πράττεσθαι,
2886 320 2986 391 τῆς
3044 317 3302 392 πράξεως
3347 316 3451 372 οὐκ
3492 318 3685 387 οὔσης
3736 318 3835 388 ἐφ’

517 429 736 493 facere;
768 426 871 483 hoc
899 436 1003 493 est,
1038 442 1102 483 ea
1130 426 1316 482 omnia
1346 442 1472 497 quae
1493 426 1642 483 ultro
1663 435 1718 483 et
1744 434 1943 497 sponte
1974 424 2094 494 agi-

2256 418 2331 470 ιῖν
2351 433 2365 447 ο
2398 415 2495 469 καὶ
2526 413 2739 476 ἁπλῶς,
2765 408 2848 475 οἷς
2891 411 3087 463 ἕπεται
3128 408 3300 477 ψόγος
3340 407 3376 479 ἢ
3406 407 3673 472 ἔπαινος,
3728 410 3834 459 καὶ

517 536 642 576 mus
667 521 869 589 (neque
895 518 1042 573 enim
1073 532 1135 572 ca
1172 525 1369 589 sponte
1404 532 1435 570 a
1480 517 1643 572 nobis
1676 517 1795 572 ﬁeri
1843 515 2095 572 diceren—

2256 508 2281 557 ›’
2306 502 2386 570 οἷς
2417 508 2533 559 ἐστι
2568 503 2855 574 προτροπὴ
2884 502 2979 555 καὶ
3004 501 3190 570 νόμος.
3209 498 3434 589 κυρίως
3458 499 3516 552 δὲ
3545 500 3642 568 ἐφ’
3682 501 3834 569 ἡμῖν

516 620 626 675 tur,
653 584 698 665 si
726 584 872 664 actio
901 608 957 663 in
984 616 1176 663 nostro
1191 584 1423 662 arbitrio
1452 606 1677 661 minime
1702 607 1878 677 posita
1903 604 2091 673 esset):

2249 617 2316 652 ττι
2346 596 2416 650 τὰ
2446 595 2703 666 ψυχικὰιι
2744 595 2946 659 πάντα,
2985 592 3082 645 καὶ
3111 590 3241 679 περὶ
3266 584 3343 645 ὤν
3373 590 3789 661 βουλευόμεθα
3814 610 3827 623 ·

517 717 629 756 uno
658 699 847 763 verbo,
872 713 935 754 ea
965 699 1152 755 omnia
1180 714 1327 769 quae,
1371 699 1459 753 vel
1492 697 1729 761 laudem,
1764 698 1851 752 vel
1880 696 2095 765 vitupe-

2270 691 2329 744 δὲ
2365 688 2531 758 βουλὴ
2574 688 2689 742 τῶν
2718 685 2917 755 ἐπίσης
2948 682 3319 753 ἐνδεχομένων
3348 682 3523 736 ἐστίν.
3568 682 3831 751 ἐπεσης

515 789 785 845 rationem
845 787 1125 854 all‘erunt,
1177 794 1232 843 et
1269 786 1341 840 ob
1387 799 1513 856 quae
1565 785 1713 854 leges
1760 792 1815 839 et
1861 782 2093 839 consilia

2252 823 2255 833 .
2289 781 2641 853 ἐνδεχόμενόν
2687 782 2858 845 ἐστιν,
2899 778 2927 829 ὃ
2972 777 3110 830 αὐτό
3138 794 3199 829 τε
3233 776 3546 847 δυνάμεθα,
3598 776 3717 830 καὶ
3766 780 3830 832 τὸ

517 882 742 935 dantur.
774 878 1004 949 Proprie
1052 886 1236 933 autem
1275 877 1331 931 in
1381 883 1579 932 nostra
1620 883 1895 947 potestate
1944 880 2095 933 sunt,

2252 874 2582 943 ρτικείμενον
2612 871 2760 940 αὐτῴ
2786 887 2800 901 ·
2828 870 3071 923 ποιεῖται
3113 868 3171 921 δὲ
3211 867 3407 920 τούτου
3436 868 3540 938 τὴν
3586 868 3830 939 αἵρεσιν

515 985 861 1041 quascunque
910 969 978 1023 ad
1035 955 1276 1023 animam
1328 968 1633 1038 pertinent,
1682 973 1740 1022 et
1782 965 1851 1021 de
1897 965 2093 1035 quibus

2256 965 2383 1030 νοῦς
2411 966 2439 1019 ὁ
2480 963 2752 1035 ἡμέτερος
2771 978 2783 989 ·
2824 960 2937 1015 xal‘
2965 951 3124 1022 οὗτός
3151 960 3304 1012 ἐστιν
3341 959 3488 1029 ἀρχὴ
3518 959 3825 1029 πράξεως,

516 1063 925 1117 consultamus.
961 1059 1269 1115 Consilium
1306 1074 1472 1129 porro
1520 1058 1671 1114 circa
1709 1072 1774 1112 ea
1823 1065 2094 1120 versatur,

2250 1058 2385 1112 αῦτα
2415 1056 2597 1109 τοίνυν
2645 1054 2765 1107 ἐστὶ
2787 1051 2856 1107 τὰ
2887 1053 2972 1120 ἐφ’
3008 1052 3162 1122 ἡμῖν,
3214 1049 3288 1103 τὰ
3344 1050 3551 1120 ἐπίσης
3591 1050 3828 1119 ἐνδεχό-

514 1168 638 1222 quae
665 1166 918 1221 peraeque
956 1150 1012 1204 in
1042 1157 1335 1218 utramque
1378 1154 1590 1217 partem
1621 1151 1943 1217 contingere
1972 1161 2092 1217 pos-

2251 1166 2376 1204 εναο
2416 1143 2529 1202 οἷον
2563 1147 2627 1200 τὸ
2655 1146 2933 1200 κινεῖσθαι
2961 1145 3057 1198 καὶ
3083 1144 3148 1197 τὸ
3181 1144 3258 1214 μὴ
3293 1143 3595 1208 κινεῖσθαι,
3629 1144 3829 1214 ὁρμᾷν

518 1250 669 1296 sunt.
720 1239 981 1308 Persequc
1014 1246 1197 1293 autem
1232 1237 1562 1307 contingens
1610 1236 1748 1291 illud
1792 1245 1899 1302 est,
1953 1236 2096 1307 quod

2251 1241 2297 1294 ιὶ
2333 1241 2408 1311 μὴ
2434 1240 2634 1311 ὁρμᾷν,
2673 1235 2968 1309 ὀρέγεσθαι
2992 1233 3102 1289 τῶν
3140 1235 3217 1305 μὴ
3242 1233 3570 1302 ἀναγκαίων
3600 1234 3711 1286 καὶ
3749 1235 3829 1303 μὴ

514 1341 574 1387 et
618 1332 799 1402 ipsum
853 1343 1176 1400 possumus,
1211 1336 1268 1386 et
1305 1328 1456 1400 quod
1498 1328 1552 1384 ei
1603 1328 1900 1398 opponitur
1932 1346 1948 1381 :
1978 1326 2092 1397 ejus

2250 1328 2514 1398 ιέγεσθαι,
2544 1326 2843 1398 ψεύδεσθαι
2872 1324 2968 1379 καὶ
3000 1325 3077 1395 μὴ
3104 1323 3425 1394 ψεύδεσθαι,
3462 1323 3681 1376 διδόναι
3722 1324 3828 1377 καὶ

518 1438 651 1480 vero
672 1422 870 1478 electio
901 1435 1072 1491 penes
1101 1429 1337 1476 mentem
1369 1427 1616 1476 nostram
1648 1426 1734 1475 est
1759 1438 1774 1487 ;
1804 1418 1919 1473 hinc
1954 1418 2096 1473 enim

2240 1420 2282 1491 ,ἡ
2342 1420 2567 1484 διδόναι,
2618 1418 2838 1489 χαίρειν
2889 1415 2976 1485 ἐφ’
3029 1410 3113 1478 οἷς
3176 1414 3258 1467 δεῖ
3288 1414 3383 1468 καὶ
3444 1415 3524 1485 μὴ
3580 1416 3818 1485 χαίρειν

519 1512 753 1569 actionis
784 1511 1121 1581 principium
1159 1518 1266 1567 est.
1314 1509 1373 1566 ln
1416 1511 1576 1567 nobis
1624 1510 1795 1581 igitur
1843 1509 1961 1565 haec
1995 1509 2097 1564 sita

2241 1512 2428 1582 μοίως,
2465 1511 2563 1564 καὶ
2585 1510 2670 1579 ἐφ’
2704 1506 2788 1573 οἷς
2826 1509 2889 1562 οὐ
2919 1509 3019 1575 δεῖ,
3056 1508 3152 1562 καὶ
3181 1508 3284 1561 ὅσα
3332 1506 3591 1575 τοιαῦτα,
3626 1510 3695 1561 ιν
3726 1503 3819 1571 οἷς

521 1611 673 1668 sunt,
705 1618 829 1673 qua:
879 1602 1150 1657 alterutro
1182 1603 1346 1658 modo
1375 1611 1608 1672 possunt
1654 1602 1898 1664 evenire,
1929 1601 2099 1667 velut,

2242 1621 2323 1658 στι
2355 1602 2425 1657 τὰ
2448 1604 2550 1675 τῆς
2584 1602 2809 1674 ἀρετῆς,
2841 1599 2939 1654 καὶ
2973 1599 3043 1654 τὰ
3076 1600 3178 1669 τῆς
3209 1602 3415 1663 κακίας
3455 1600 3622 1672 ἔργα.
3660 1600 3820 1653 Ted-

520 1694 753 1760 moveri,
782 1700 839 1748 et
870 1707 980 1747 non
1015 1693 1264 1760 moveri;
1320 1693 1566 1757 incitari,
1604 1702 1659 1749 et
1708 1708 1819 1749 non
1853 1694 2097 1761 incitari;

2245 1713 2310 1749 ων
2341 1696 2448 1766 γάρ
2482 1695 2654 1764 ἐσμεν
2684 1690 3049 1759 αὐτεξούσιοι.
3088 1691 3214 1744 Τῶν
3242 1691 3298 1745 δὲ
3332 1692 3544 1761 ἐπίσης
3591 1692 3823 1761 ινδεχο-

520 1793 777 1854 appetere
818 1799 943 1854 quae
988 1785 1299 1841 necessaria
1350 1801 1462 1840 non
1522 1791 1674 1850 sunt,
1714 1795 1769 1840 et
1804 1799 1912 1839 non
1944 1799 2098 1855 appe-

2242 1787 2389 1840 ιένων
2434 1785 2543 1838 εἰσὶ
2569 1786 2664 1838 καὶ
2691 1784 2749 1838 ai
2784 1783 2972 1853 τέχναι
2998 1798 3015 1814 ⁸
3047 1784 3134 1852 ἐφ’
3160 1784 3295 1853 ἡμῖν
3320 1784 3435 1855 γάρ
3459 1785 3583 1836 ἐστι
3616 1783 3820 1854 μετελ-

521 1885 676 1941 tere;
707 1874 949 1940 mentiri,
978 1882 1034 1930 et
1066 1890 1174 1930 non
1202 1875 1460 1943 mentiri;
1494 1876 1764 1939 tribuere,
1787 1884 1842 1930 et
1864 1890 1977 1930 non
2008 1875 2099 1929 tri-

1895 1890 1977 1930 lOll
2008 1875 2109 1929 lri-
2209 1878 2327 1932 θεῖν
2356 1877 2427 1948 ἣν
2460 1876 2528 1931 ἂν
2556 1876 2899 1947 θελήσωμεν,
2926 1875 3023 1930 καὶ
3057 1873 3133 1945 μὴ
3170 1875 3473 1945 μετελθεῖν.

520 1966 722 2033 buere;
750 1966 993 2037 gaudere
1016 1954 1153 2022 dum
1175 1967 1453 2032 convenit,
1479 1974 1535 2023 et
1550 1966 1803 2023 similiter
1831 1982 1944 2021 non
1973 1967 2237 2038 gaudere,
2271 1978 2328 2025 et
2358 1968 2450 2024 ubi
2483 1983 2596 2024 non
2627 1967 2911 2033 convenit,
2979 1974 3297 2036 ceteraque
3360 1966 3667 2034 ejusmodi,
3755 1966 3819 2021 in

522 2057 725 2127 quibus
759 2058 983 2113 virtutis
1012 2066 1067 2114 et
1107 2056 1224 2113 vitii
1269 2073 1500 2115 munera
1530 2067 1845 2115 versantur.
1891 2057 2100 2114 Horum
2126 2061 2273 2116 enim
2328 2076 2498 2132 penes
2536 2074 2641 2115 nos
2664 2060 2837 2115 libera
2866 2067 2953 2115 est
3014 2066 3285 2129 potestas.
3320 2057 3463 2114 Inter
3527 2073 3594 2114 ea
3670 2073 3822 2129 qua:

523 2163 780 2218 peraeque
810 2147 866 2202 in
896 2156 1190 2219 utramque
1230 2156 1440 2220 partem
1489 2151 1815 2220 contingere
1860 2160 2116 2223 possunt,
2156 2159 2308 2210 artes
2342 2152 2729 2210 numerantur.
2772 2149 2944 2208 Penes
2968 2164 3089 2207 nos
3108 2150 3269 2207 enim.
3288 2159 3372 2207 est
3425 2165 3520 2207 eas
3578 2150 3817 2217 colere,

522 2246 579 2296 et
607 2254 717 2294 non
747 2239 953 2296 colere.

595 2327 1017 2385 Observandum
1048 2340 1232 2388 autem
1256 2340 1363 2400 est,
1402 2347 1596 2390 eorum
1631 2348 1756 2404 quae
1794 2333 1898 2391 sub
1932 2334 2109 2390 actio-

2277 2331 2404 2403 Χρὴ
2431 2329 2488 2384 δὲ
2522 2328 2840 2398 γινώσκειν,
2875 2327 2954 2391 ὡς
2990 2330 3025 2399 ἡ
3078 2328 3179 2399 μὲν
3218 2329 3436 2399 αἵρεσις
3483 2328 3597 2382 τῶν
3646 2345 3804 2399 πραο

524 2433 651 2472 ncm
687 2416 912 2485 cadunt,
937 2419 1259 2475 electionem
1289 2420 1513 2492 quidem
1550 2437 1768 2492 semper
1806 2423 1863 2478 in
1915 2432 2102 2479 nostra

2237 2420 2358 2477 πῶν
2379 2431 2407 2461 ν
2434 2421 2523 2477 ἀεὶ
2557 2422 2644 2489 ἐφ’
2676 2420 2813 2489 ἡμῖν
2854 2419 3007 2472 δστιν
3028 2436 3044 2450 ι
3081 2419 3116 2489 ἡ
3161 2419 3221 2471 δὲ
3275 2418 3487 2489 πρᾶξις
3540 2420 3815 2486 πολλάκις

526 2510 798 2572 potestate
844 2518 969 2559 esse
995 2522 1011 2560 :
1040 2504 1299 2562 caeterum
1347 2509 1619 2565 actionem
1666 2524 1812 2581 sape
1856 2510 2104 2583 impediri

2206 2513 2500 2580 κωλύεται,
2529 2512 2674 2569 κατὰ
2692 2529 2818 2567 τινα
2848 2515 3056 2584 τρόπον
3089 2511 3191 2581 τῆς
3220 2511 3373 2574 Θείας
3406 2512 3694 2582 προνοίας.

526 2605 680 2651 certa
711 2595 945 2665 quadam
973 2596 1344 2653 Providentia:
1380 2600 1595 2656 ratione
1620 2600 1688 2656 ”.
3154 2622 3157 2625 '

1117 2685 1268 2745 CAP.
1303 2685 1518 2747 XXVII.
2685 2683 2695 2735 λ

2685 2683 2941 2737 ΚΕΦΑΛ.
2985 2682 3091 2735 KZ'
3128 2680 3314 2754 [MA'].

598 2777 774 2841 Ouum
803 2775 867 2832 ob
897 2792 1117 2833 causam
1142 2778 1309 2835 libera
1341 2780 1569 2837 arbitrio
1594 2782 1812 2852 praditi
1842 2783 2033 2839 simus.

2236 2776 2355 2848 Ἰερὶ
2383 2775 2511 2843 τοῦ,
2538 2774 2639 2830 διὰ
2664 2774 2849 2831 ποίαν
2884 2776 3087 2830 αἰτίαν
3125 2774 3518 2839 αὐτεξούσια
3562 2780 3814 2847 γεγόνα-

599 2932 816 2997 Creata,
848 2942 1035 3004 suapte
1067 2944 1264 2990 natura
1295 2936 1599 2993 mutabilia.
1628 2936 1872 2995 Libertas
1898 2939 2109 2995 arbitrii

2283 2940 2469 3012 Φαμὲν
2498 2939 2682 2993 τοίνυν
2721 2862 3052 3009 εὐθέωέιῗῐῖ)
3089 2936 3294 3006 λογικῷ
3349 2939 3812 3011 συνεισέρχεσθαι

530 3025 731 3078 rationi
768 3041 997 3080 annexa.
1035 3023 1209 3081 Nulla
1235 3027 1291 3081 in
1322 3027 1493 3083 brutis
1516 3029 1733 3084 arbitrii
1765 3029 2004 3086 libertas.
2039 3059 2108 3073 -—-

2237 3029 2281 3083 τὸ
2310 3029 2658 3094 αὐτεξούσιον
2680 3043 2728 3096 ι,
2760 3029 2857 3082 καὶ
2898 3030 3012 3092 τοῖς
3062 3029 3348 3098 γεννητοῖς
3381 3030 3815 3097 συμπεφυκέναι

527 3115 901 3181 Quamobrem
938 3131 1049 3172 una
1083 3132 1210 3173 cum
1247 3119 1481 3186 ratione,
1530 3119 1746 3176 arbitrii
1785 3136 2005 3192 quoque
2040 3122 2105 3177 li-

2236 3121 2528 3194 ιεταῦολὴν
2580 3122 2679 3177 καὶ
2729 3122 2961 3194 τροπήν.
3015 3120 3132 3174 Πᾶν
3188 3119 3300 3191 γὰρ
3339 3121 3651 3191 γεννητὸν,
3718 3129 3814 3176 καὶ

528 3205 797 3260 bertatem
832 3208 1094 3264 accedere
1121 3208 1360 3266 dicimus
1396 3208 1486 3281 [ac
1516 3212 1717 3266 creatis
1738 3212 1905 3267 rebus
1935 3223 2106 3268 muta-

2235 3214 2450 3285 :9emdv
2476 3215 2645 3270 ἐστιν.
2676 3206 2780 3268 Ὧν
2817 3214 2926 3284 γὰρ
2961 3215 2995 3285 ἠ
3032 3212 3176 3284 ἀρχὴ
3222 3211 3323 3281 τῆς
3372 3213 3651 3279 γενέσεως
3704 3215 3813 3268 ἀπὸ

529 3295 736 3346 tionem
771 3295 1000 3349 omnino
1037 3298 1388 3366 congenitam
1430 3298 1602 3371 esse].
1651 3300 1929 3370 Quidquid
1968 3303 2107 3358 enim

2232 3305 2424 3373 ιροπῆς
2455 3300 2682 3373 ἤρξατο,
2716 3301 2933 3374 ἀνάγκη
2960 3300 3134 3357 ταῦτα
3158 3299 3377 3371 τρεπτὰ
3406 3296 3573 3357 εἶναι.
3607 3303 3810 3374 Τροπή

529 3389 774 3434 creatum
813 3389 919 3445 est,
977 3386 1271 3439 mutationi
1324 3402 1545 3458 quoque
1599 3389 1893 3458 subjicitur
1919 3391 1986 3444 “.
2029 3390 2107 3447 Si-

2232 3391 2271 3444 ié
2294 3392 2433 3456 ἐστι,
2471 3392 2534 3446 τὺ
2569 3395 2634 3447 ὲκ
2672 3393 2745 3465 μὴ
2775 3393 2947 3449 ὄντων
2988 3395 3071 3456 είς
3123 3391 3185 3447 τὸ
3229 3387 3372 3447 εἶναι
3421 3394 3810 3465 παραχθῆναι,

530 3471 753 3543 quidem
811 3488 1047 3543 quorum
1109 3477 1395 3548 generatio
1441 3495 1473 3534 a
1536 3482 1840 3538 mutatione
1899 3483 2108 3540 initium

2234 3482 2316 3534 ιαὶ
2340 3482 2401 3535 τὸ
2433 3481 2494 3547 ἐξ
2522 3483 2898 3555 ὑποκειμένης
2928 3481 3063 3555 ὕλης
3106 3482 3296 3554 ἕτερόν
3326 3500 3381 3537 τι
3416 3484 3711 3553 γενέσθαι.
3736 3486 3812 3538 Τὰ

530 3565 708 3632 duxit,
749 3579 814 3621 ea
850 3582 1072 3638 quoque
1125 3570 1410 3626 mutabilia
1443 3587 1567 3629 esse
1593 3576 1971 3635 necessarium
2006 3585 2108 3633 est.

2232 3574 2321 3627 λὲν
2350 3570 2444 3628 οὖν
2474 3576 2659 3648 ἄψυχα
2686 3577 2784 3630 καὶ
2817 3576 2990 3644 ἄλογα
3023 3576 3321 3647 τρέπονται
3362 3577 3507 3630 κατὰ
3530 3578 3637 3642 τὰς
3678 3595 3810 3649 1:90—

531 3654 628 3710 Est
657 3664 839 3712 autem
870 3658 1125 3725 mutatio,
1159 3674 1285 3715 cum
1314 3662 1446 3732 quid
1473 3678 1538 3718 ex
1563 3664 1736 3721 nihilo
1762 3666 2106 3737 producitur,

2227 3667 2517 3737 ειρημένας
2570 3667 2895 3740 σωματικὰς
2941 3666 3292 3734 ἀλλοιώσεις,
3344 3669 3415 3722 τὰ
3471 3668 3530 3722 δὲ
3585 3670 3805 3740 λογικὰ,

531 3753 698 3817 atque
734 3763 799 3805 ex
828 3747 1077 3819 subjecta
1108 3752 1340 3807 materia
1371 3754 1654 3826 quidpiam
1687 3756 1834 3817 aliud
1860 3757 2109 3815 efﬁcitur.

2229 3758 2365 3813 κατὰ
2426 3761 2769 3832 προαίρεσιν.
2816 3760 2925 3815 Τοῦ
2978 3760 3087 3831 γὰρ
3143 3759 3364 3828 λογικοῦ
3423 3762 3485 3813 τὸ
3532 3762 3639 3830 μέν
3695 3766 3807 3816 ἐστι

528 3836 599 3892 Et
646 3838 865 3909 quidem
910 3855 974 3895 ea
1009 3856 1131 3913 quae
1177 3843 1358 3899 anima
1406 3853 1621 3915 carent,
1672 3847 1917 3921 itemque
1953 3850 2106 3905 bruta

2232 3846 2574 3918 iampnctxbv,
2606 3848 2667 3902 τὸ
2705 3849 2762 3903 δὲ
2807 3848 3136 3921 πρακτικόν.
3177 3850 3527 3919 θεωρητικὸν
3587 3852 3719 3921 μὲν,
3754 3853 3810 3904 τὸ

529 3930 833 3986 animantia
860 3931 1018 4001 juxta
1062 3948 1362 4006 corporeus
1412 3937 1555 4005 illos,
1599 3954 1739 4009 quos
1787 3942 2107 3997 memoravi-

2226 3938 2516 3992 κατανοοῦν
2548 3939 2624 4007 ᾡς
2658 3939 2773 4011 ἔχει
2824 3939 2894 3994 τὰ
2928 3941 3088 3995 ὄντα·
3125 3941 3435 4012 πρακτικὸν
3464 3942 3544 4008 δὲ,
3585 3944 3649 3996 τὸ
3682 3946 3804 4014 βου-

531 4035 679 4088 mus,
714 4022 908 4080 modos
938 4023 1308 4083 immutantur
1338 4046 1352 4085 :
1385 4029 1737 4086 rationabilia
1766 4042 1969 4099 autem,
2026 4048 2109 4091 ra-

2224 4030 2487 4096 λευτικὸν,
2507 4031 2571 4086 τδ
2597 4032 2780 4103 ὁρίζον
2803 4035 2919 4097 τοῖς
2944 4035 3212 4105 πρακτοῖς
3237 4042 3266 4081 γ
3289 4034 3383 4087 τὸν
3405 4035 3570 4104 ὀρθὸν
3616 4036 3802 4104 λόγον·

530 4113 682 4168 tione
703 4114 992 4170 electionis
1019 4133 1032 4171 :
1059 4132 1185 4172 nam
1221 4116 1456 4177 facultas
1495 4121 1784 4178 rationalis
1819 4125 2021 4193 partim
2058 4125 2108 4180 in

2225 4123 2314 4176 καὶ
2342 4122 2572 4177 καλοῦσι
2600 4123 2663 4177 τὸ
2694 4125 2790 4196 μὲν
2815 4123 3169 4196 Θεωρητικὸν,
3205 4125 3352 4191 νοῦν,
3386 4126 3447 4179 τὸ
3475 4127 3531 4179 δὲ
3568 4144 3803 4197 πρακτι-

531 4205 1019 4274 contemplatione,
1064 4209 1267 4278 partim
1316 4210 1374 4264 in
1426 4204 1644 4269 actione
1673 4223 1948 4270 versatur.
1984 4216 2109 4281 Qua!

2224 4213 2333 4280 κδν,
2368 4212 2559 4282 λόγον’
2598 4215 2691 4269 καὶ
2730 4214 2791 4269 τὸ
2842 4214 2944 4286 μὲν
2977 4215 3335 4287 Θεωρητικὸν,
3388 4217 3610 4285 σοφίαν,
3642 4220 3713 4273 τὸ
3749 4220 3802 4273 δὲ

534 4295 590 4348 in
620 4298 1086 4367 contemplatione
1122 4299 1408 4366 consistit,
1434 4317 1524 4357 res
1552 4311 1611 4357 ut
1638 4317 1697 4361 se
1724 4303 1947 4371 habent,
1976 4319 2112 4360 con-

2228 4305 2546 4374 πρακτικδν,
2576 4305 2861 4376 φρόνησιν.
2906 4307 3022 4369 Πᾶς
3070 4304 3164 4360 οὖν
3197 4309 3226 4360 ὁ
3268 4306 3696 4379 βουλευόμενος,
3738 4310 3806 4373 ὡς

532 4383 760 4441 siderat.
793 4385 887 4441 llla
915 4404 1048 4444 vero
1074 4389 1128 4445 in
1160 4390 1378 4446 actione
1404 4394 1582 4462 posita
1613 4402 1719 4459 est,
1747 4411 1868 4466 qua:
1898 4399 2110 4453 consul-

2227 4396 2303 4449 ἐπ’
2344 4395 2494 4466 αὐτῷ
2525 4397 2625 4465 τῆς
2655 4397 2927 4467 αἱρέσεως
2970 4396 3140 4468 οὔσης
3174 4397 3285 4452 τῶν
3324 4399 3646 4469 πρακτέων,
3682 4402 3805 4471 βου-

530 4484 633 4543 tat,
663 4486 718 4533 et
747 4478 914 4537 rebus
951 4481 1179 4551 agendis
1232 4491 1439 4538 rectam
1474 4485 1742 4540 rationem
1782 4490 2108 4558 praescribit.

2225 4486 2458 4554 λεύεται,
2497 4489 2585 4541 ἵνα
2631 4488 2693 4541 τὸ
2731 4487 3034 4559 προκριθὲν
3093 4489 3156 4541 ὲκ
3187 4488 3288 4558 τῆς
3337 4489 3535 4560 βουλῆς
3586 4491 3803 4562 ἕληται,

531 4568 701 4639 Atqui
752 4577 966 4640 partem
1038 4571 1185 4626 illam
1246 4588 1370 4643 quae
1423 4577 1873 4647 contemplationi
1932 4590 2109 4650 vacat,

2225 4582 2315 4635 καὶ
2344 4580 2601 4650 ἑλόμενος
2635 4580 2853 4654 πράξῃ’
2889 4583 2938 4635 εί
2982 4581 3039 4634 δὲ
3063 4580 3244 4649 τοῦτο,
3276 4582 3338 4646 ἐξ
3380 4583 3635 4654 ἀνάγκης
3666 4602 3803 4657 παρ·

531 4666 772 4715 mentem
799 4670 1155 4731 nuncupant;
1184 4677 1306 4734 quae
1348 4679 1480 4721 vero
1539 4668 1766 4734 actioni,
1819 4672 2109 4731 rationem.

2224 4673 2519 4742 υνρίσταται
2549 4674 2627 4745 τῷ
2656 4674 2863 4745 λογικῷ
2904 4674 2967 4728 τὸ
3016 4674 3369 4740 αὐτεξούσιον
3401 4692 3416 4706 ·
3453 4676 3488 4746 ἢ
3549 4678 3664 4748 γὰρ
3713 4679 3802 4731 οὐκ

530 4750 610 4804 Ac
663 4765 880 4818 rursus,
946 4752 1097 4808 illam
1149 4755 1499 4825 sapientiam,
1555 4758 1716 4814 istam
1766 4762 2108 4831 prudentiam

2221 4763 2375 4817 ἔσται
2404 4763 2645 4833 λογικὸν,
2678 4766 2711 4837 ἢ
2744 4767 2965 4834 λογικὸν
2998 4766 3079 4833 ὃν,
3114 4766 3309 4837 κύριον
3338 4766 3494 4821 ἔσται
3527 4770 3799 4841 πράξεων,

530 4840 834 4909 appellant.
885 4840 1161 4908 Quocirca
1216 4845 1475 4918 quisquis
1527 4851 1828 4918 consultat,
1886 4856 2108 4925 perinde

2219 4855 2317 4910 καὶ
2347 4856 2718 4924 αὐτεξούσιον.
2739 4859 2904 4913 Ὅθεν
2938 4859 3032 4913 καὶ
3063 4860 3132 4915 τὰ
3161 4858 3333 4928 ἄλογα
3365 4860 3466 4913 οὐκ
3496 4840 3641 4915 εἰσιν
3671 4863 3796 4916 αὐτ-

532 4930 834 4999 consultat,
876 4941 1135 5003 tanquam
1162 4950 1346 4993 rerum
1380 4938 1715 5008 agendarum
1735 4958 1904 5013 penes
1931 4947 2110 5018 ipsum

2224 4947 2477 5014 εξούσια·
2503 4949 2731 5018 ἄγονται
2751 4951 2864 5022 γὰρ
2894 4951 3097 5021 μᾶλλον
3144 4951 3251 5005 ὑπὸ
3275 4952 3377 5023 τῆς
3393 4951 3637 5021 φύσεως,
3665 4956 3798 5025 ἥπερ

535 5026 781 5088 potestas
820 5021 917 5089 sit,
951 5030 1012 5076 ut
1060 5021 1222 5093 195
1264 5024 1414 5094 quod
1440 5041 1510 5081 ex
1546 5030 1956 5090 consultatione
1998 5050 2113 5092 me-

2218 5039 2413 5108 ᾶγουσι
2436 5056 2452 5074 ο
2503 5040 2588 5094 διὸ
2638 5042 2761 5095 οὐδὲ
2820 5021 3169 5112 ἀντιλέγουσι
3218 5045 3285 5115 τῇ
3337 5021 3551 5115 Ὕφυσικῇ
3603 5021 3796 5114 ὀρέξει,

538 5111 645 5167 lius
702 5112 882 5170 visum
941 5111 1134 5178 fuerit,
1187 5114 1294 5171 hoc
1343 5116 1545 5187 eligat;
1580 5126 1637 5175 et
1692 5136 1817 5179 eum
1869 5125 2116 5197 elegerit,

2220 5127 2337 5182 ἀλλ’
2359 5129 2479 5197 ἅμα
2519 5130 2792 5203 ὀρεχθῶσί
2816 5148 2986 5201 τινος,
3018 5111 3234 5203 όρμῶσι
3436 5111 3550 5203 τὴν*
3578 5111 3795 5204 πρᾶξιν.

613 5290 657 5322 ⁸ο
679 5288 897 5347 Nemes.
931 5305 981 5348 c.
1013 5292 1106 5348 37.
1181 5295 1223 5326 ’ί
1256 5294 1481 5353 Nemes.
1501 5314 1551 5355 c.
1581 5301 1673 5357 41.

1029 5292 1106 5348 57.
1181 5295 1223 5326 ’ί
1256 5294 1551 5355 Nemes.c.
1581 5301 1673 5357 41.
2603 5352 2607 5359 -

1812 5387 2050 5443 νΑιιιιΕ
2091 5389 2501 5449 LECTIONES.

608 5471 1020 5562 τίᾲῇςῆις
1050 5476 1246 5562 ψυχῆς.
1274 5478 1469 5562 Melius
1502 5480 1727 5562 ψυχικὰ,
1750 5496 1871 5562 qua}
1910 5490 2105 5562 contra
2133 5487 2362 5552 φυσικὰ,
2391 5494 2552 5542 antea
2579 5488 2857 5562 distinxit.
2934 5502 2961 5529 ν
2982 5491 3199 5562 Nemes.
3238 5490 3551 5562 πρακτέων.
3630 5489 3795 5562 ξΗειζο

541 5544 1211 5672 ξυῆνὲῧγίἒὲὣωῢεῆεὶιιξ
1240 5566 1304 5604 cx
1336 5544 1612 5617 Nemesin;
1649 5544 1723 5607 ut'
1767 5544 1903 5607 ratio
1940 5544 2245 5626 assignetur
2310 5544 2412 5613 cur
2448 5544 2703 5618 creatura
2755 5544 3233 5633 rationeipraedita
3273 5544 3431 5620 liberi
3461 5561 3532 5615 sit
3563 5559 3790 5618 arbitrii.

749 5630 765 5669 ι
948 5658 960 5671 .
996 5633 1311 5687 πρακτεοις.
3436 5650 3441 5655 ’
