3996 6212
235 377 341 443 961
1275 376 1582 449 DENFIDE
1621 375 2081 437 ORTHODOXA
2115 377 2262 437 LIB.
2307 376 2388 437 Π.
3408 382 3513 448 962

242 488 303 539 ὐ
330 490 385 543 δὲ
405 486 715 559 ἄνθρωπος,
752 485 968 554 λογικὸς
1008 484 1104 549 ὢν,
1136 486 1257 552 ἄγει
1296 485 1500 554 μᾶλλον
1520 483 1617 555 τὴν
1638 484 1802 553 φύσιν

1930 490 2290 553 exsequatur.
2331 482 2487 548 Quod
2517 497 2641 537 cum
2674 484 2749 539 ita
2789 485 2882 553 sit,
2912 486 3123 544 arbitrii
3162 492 3388 549 libertas
3419 512 3509 549 ra-

229 584 379 652 ὴπερ
405 581 603 647 ἄγεται
626 595 637 607 '
682 578 764 631 διὸ
792 578 888 631 καὶ
928 577 1284 646 ὀρεγόμενος,
1320 577 1481 647 εἴπερ
1511 576 1709 638 ἐθέλοι,
1736 577 1809 641 ἐξ·

1926 573 2063 628 tioni
2106 575 2316 628 adnexa
2368 573 2445 629 sit
2490 588 2718 633 necesse
2747 583 2851 629 est.
2885 579 2991 630 Aut
3031 580 3176 632 enim
3226 584 3513 640 rationalis

224 673 423 725 ουσίαν
465 670 582 741 ἔχει
614 668 967 739 ἀναχαιτίσαι
1007 668 1108 738 τὴν
1135 668 1341 739 ἥρεξιν,
1372 669 1404 738 ἢ
1454 667 1809 737 ἀκολουθῆσαι

1925 682 2034 720 non
2062 666 2169 721 erit
2196 667 2384 734 homo,
2407 674 2505 720 aut
2538 667 2584 721 si
2611 668 2924 734 rationalis,
2960 669 3243 725 actionum
3285 688 3510 729 suarum

222 764 395 834 αὐτῇ.
427 762 591 816 Ὅθεν
640 759 710 813 τὰ
749 759 850 827 μὲν
900 757 1096 826 ἄλογα,
1146 758 1269 811 οὐδὲ
1314 758 1655 820 ἐπαινεῖται,
1699 756 1809 808 οὑδέ

1923 758 2183 813 dominus
2226 759 2353 814 erit.
2394 756 2552 813 Unde
2582 760 2747 812 etiam
2802 759 2964 815 bruta
3010 762 3223 816 arbitrii
3255 765 3513 820 libertate

223 856 465 924 ψέγεται
488 869 501 882 ·
531 854 562 905 ὁ
590 851 647 909 δὲ
676 850 988 922 ἄνθρωπος,
1019 849 1116 904 καὶ
1150 850 1481 912 ἐπαινεῖται,
1527 847 1625 901 καὶ⁵
1657 846 1809 915 ψέγε-

1921 857 2132 904 carent.
2164 850 2208 902 A
2240 857 2437 903 natura
2462 849 2607 904 enim
2635 858 2874 919 aguntur
2896 853 3091 923 magis,
3121 866 3284 924 quam
3320 868 3509 928 agant:

223 963 323 1001 ται
350 956 395 999 ι,
1922 954 1985 995 ac
1999 941 2228 1011 proinde
2257 955 2357 996 nec
2383 940 2619 995 naturali
2645 942 2865 1012 quidem
2893 946 3158 1013 appetitui
3181 959 3509 1019 repugnant,

223 1044 325 1100 sed
355 1039 764 1112 quamprimum
795 1035 1004 1106 aliquid
1038 1034 1423 1106 appetiverint,
1457 1034 1514 1088 in
1544 1034 1821 1088 actionem
1860 1043 2050 1089 ruunt.
2107 1032 2285 1090 Homo
2327 1042 2543 1100 contra,
2594 1048 2719 1089 cum
2765 1035 2839 1091 sit
2912 1038 3145 1095 rationis
3212 1043 3509 1115 particeps,

222 1148 487 1191 naturam
525 1134 707 1204 potius
760 1130 936 1190 ducit.
973 1146 1139 1200 quam
1176 1129 1247 1185 ab
1296 1145 1359 1185 ea
1408 1130 1663 1185 ducatur.
1697 1127 1823 1194 Quo
1876 1129 1959 1193 Iit,
1994 1137 2053 1183 ut
2082 1130 2248 1185 etiam
2296 1145 2422 1196 cum
2477 1130 2685 1201 aliquid
2762 1133 2987 1203 appetit,
3038 1135 3123 1189 vel
3207 1138 3511 1207 appetitum

220 1229 599 1299 comprimere
626 1234 819 1296 queat,
863 1227 909 1281 si
947 1226 1105 1291 velit,
1154 1226 1239 1279 vel
1264 1226 1343 1280 illi
1388 1227 1639 1297 obsequi.
1677 1225 1837 1293 Quod
1876 1226 2041 1281 etiam
2068 1226 2125 1281 in
2158 1239 2329 1281 causa
2369 1235 2455 1282 est
2496 1241 2599 1282 cur
2624 1226 2783 1283 bruta
2808 1228 3108 1285 animantia
3138 1246 3238 1289 nec
3280 1235 3511 1290 lauden-

220 1328 341 1385 tur,
378 1334 481 1374 nec
516 1319 941 1388 vituperentur;
980 1319 1144 1373 homo
1175 1328 1370 1374 contra
1409 1330 1463 1375 et
1490 1321 1651 1378 laude
1700 1320 1991 1385 aﬂiciatur,
2022 1327 2078 1375 et
2104 1320 2398 1391 vituperio.

301 1413 425 1485 Χρὴ
454 1414 772 1482 γινώσκειν,
800 1415 885 1468 ὅτι
909 1414 958 1466 ol
979 1413 1223 1481 ἄγγελοι,
1255 1414 1465 1484 λογικοὶ
1491 1418 1665 1483 ὄντες,
1691 1417 1809 1471 αὐτ-

2001 1416 2191 1486 Angeli
2229 1415 2404 1480 liberi,
2435 1424 2487 1470 et
2530 1418 2833 1482 mutabiles,
2868 1434 2973 1489 qua
3015 1422 3199 1474 creati.
3228 1452 3295 1460 —
3321 1423 3511 1479 Scien-

219 1506 469 1572 εξούσιοι
500 1506 830 1576 ὑπάρχουσι,
892 1506 989 1558 καὶ
1036 1505 1112 1569 ὡς
1164 1508 1398 1573 κτιστοὶ,
1430 1510 1526 1561 καὶ
1570 1508 1815 1579 τρεπτοί.

222 1599 346 1652 Καὶ
378 1597 583 1663 ἔδειξεν
615 1600 644 1650 ὁ
691 1597 792 1667 μὲν
834 1596 1105 1661 διάϐολος,
1156 1597 1364 1665 ἀγαθὸς
1410 1599 1517 1651 ὑπὸ
1560 1599 1659 1652 τοῦ
1707 1604 1816 1671 Δη-

226 1688 503 1760 μιουργοῦ
557 1688 872 1759 γενόμενος,
929 1688 1298 1753 αὐτεξουσίως
1346 1678 1410 1743 δὲ
1455 1691 1557 1761 τῆς
1612 1693 1817 1756 κακίας

219 1782 464 1853 εὑρετὴς
493 1780 770 1849 γεγονὼς,
804 1781 901 1834 καὶ
938 1783 997 1836 αἱ
1027 1782 1125 1835 σὺν
1162 1782 1314 1852 αὑτῴ
1338 1782 1451 1853 (93)
1491 1784 1813 1856 ἀποστατή-

222 1889 399 1927 σασαι
427 1884 455 1912 ι
494 1871 781 1943 δυνάμεις,
809 1872 978 1942 ἧγουν
1036 1873 1088 1925 ol
1141 1872 1420 1943 δαίμονες,
1453 1875 1522 1928 τὰ
1558 1876 1615 1929 δὲ
1650 1876 1816 1930 λοιπὰ

219 1962 492 2032 τάγματα
519 1960 632 2014 τῶν
655 1956 928 2029 ἀγγέλων,
961 1961 1019 2015 ἐν
1045 1960 1121 2031 τῷ
1152 1960 1344 2032 ἀγαθῷ
1363 1962 1743 2034 διαμείναντα.

708 2263 962 2320 non.
1006 2266 1121 2321 KH’
1161 2266 1345 2342 [ne].

645 2382 785 2450 Περὶ
815 2381 935 2437 τῶν
965 2385 1075 2438 οὐκ
1103 2384 1198 2453 ἐφ’
1228 2384 1394 2455 ἡμῖν.

297 2497 425 2552 Τῶν
469 2498 526 2552 δὲ
564 2497 665 2551 οὐκ
703 2500 792 2568 ἐφ’
846 2501 1003 2571 ἡμῖν,
1042 2501 1112 2555 τὰ
1162 2501 1262 2572 μὲν
1305 2503 1371 2555 ὲκ
1414 2502 1522 2557 τῶν
1564 2502 1647 2571 ἐφ’
1682 2505 1813 2575 ἡμῖν

219 2590 342 2661 ἔχει
380 2591 479 2653 τὰς
510 2590 710 2660 ἀρχὰς,
742 2590 861 2660 ἦτοι
894 2592 993 2656 τὰς
1021 2593 1226 2658 αἰτίας,
1255 2592 1538 2646 τουτέστιν
1567 2595 1624 2648 αἱ
1651 2595 1813 2665 ἀμοι-

1926 1505 2056 1560 dum
2110 1513 2218 1570 est,
2258 1505 2508 1575 angelos,
2543 1514 2732 1578 utpote
2770 1510 2983 1564 ratione
3026 1511 3308 1580 przeditos,
3351 1514 3508 1569 liberi

1925 1594 2141 1650 arbitrii
2195 1609 2341 1662 esse,
2392 1610 2456 1649 ac
2507 1610 2615 1666 qua
2676 1598 2892 1654 ratione
2929 1600 3096 1654 creati
3145 1609 3293 1665 sunt,
3327 1612 3506 1656 muta-

1924 1686 2060 1741 tioni
2101 1702 2325 1757 quoque
2357 1686 2625 1744 obnoxios
2681 1704 2828 1743 esse.
2882 1690 3051 1758 quue
3101 1690 3313 1761 liquido
3348 1707 3507 1749 mon-

1920 1777 2120 1832 stravit
2149 1778 2429 1841 diabolus,
2471 1778 2586 1848 qui,
2621 1794 2747 1835 cum
2797 1794 2828 1834 a
2868 1780 3131 1837 Creatore
3162 1782 3340 1839 bonus
3372 1800 3507 1840 con-

1917 1871 2068 1924 ditus
2103 1878 2273 1935 esset,
2308 1869 2481 1925 libera
2512 1878 2787 1941 potestate
2816 1872 2946 1925 mali
2979 1860 3236 1928 inventor
3267 1878 3505 1939 exstitit.

1920 1959 2269 2030 virtutesque
2304 1961 2532 2031 insuper
2562 1961 2687 2029 illae,
2719 1977 2842 2033 quae
2870 1978 2977 2017 una
3012 1979 3136 2020 cum
3175 1965 3296 2035 ipso
3328 1982 3357 2020 a
3397 1969 3508 2023 Deo

1918 2054 2261 2122 defecerunt,
2315 2066 2447 2125 puta
2484 2056 2786 2121 daemones,
2847 2073 2971 2113 cum
3024 2060 3231 2131 reliqua
3280 2062 3505 2134 angelo-

1919 2160 2038 2201 rum
2078 2149 2293 2218 agmina
2338 2149 2393 2203 in
2426 2148 2570 2204 bono
2605 2150 2974 2220 perstiterint.

2495 2278 2653 2335 CAP.
2696 2278 2936 2335 XXVIII.

1985 2386 2066 2442 De
2086 2386 2153 2442 iis
2182 2402 2300 2457 qua:
2325 2388 2381 2441 in
2427 2396 2615 2442 nostra
2642 2396 2904 2456 potestate
2934 2390 3115 2459 posita
3144 2407 3249 2445 non
3282 2401 3430 2447 sunt.
3500 2416 3501 2419 η

1986 2500 2031 2552 Α
2065 2498 2170 2554 Deo
2203 2499 2319 2553 solo
2364 2500 2589 2569 pendent
2663 2516 2781 2571 qua:
2816 2503 3095 2570 potestatis
3148 2513 3344 2559 nostra!
3400 2522 3503 2560 non

1916 2589 2383 2646 sunt.—Eorum
2447 2600 2653 2657 autem,
2713 2608 2836 2663 qua:
2904 2593 2959 2647 in
3024 2601 3216 2650 nostro
3271 2597 3506 2652 arbitria

218 2684 323 2737 σαὶ
354 2682 467 2735 τῶν
491 2682 745 2753 πράξεων
778 2683 961 2755 ἡμῶν,
998 2684 1060 2739 ὲν
1099 2702 1162 2738 τε
1219 2684 1300 2756 τῷ
1334 2686 1593 2758 παρόντι,
1632 2688 1727 2742 καὶ
1754 2690 1809 2742 ὲν

1920 2681 2143 2737 minime
2190 2682 2298 2736 sita
2346 2690 2500 2747 sunt,
2551 2680 2657 2735 alia
2697 2682 2867 2737 exiis
2916 2697 3039 2752 quae
3073 2684 3289 2738 arbitrii
3323 2688 3501 2741 nostri

216 2773 306 2844 τῷ
342 2774 595 2844 μέλλοντι
641 2774 830 2841 αἰῶνι,
868 2775 939 2829 τὰ
970 2775 1028 2829 δὲ
1080 2776 1245 2831 λοιπὰ
1294 2777 1474 2832 πάντα
1515 2778 1617 2849 τῆς
1661 2779 1809 2845 Θείας

1920 2781 2085 2837 sunt,
2135 2772 2407 2844 originem
2448 2789 2545 2830 seu
2593 2787 2821 2830 causam
2870 2772 3095 2840 habent,
3137 2775 3329 2845 quales
3368 2785 3500 2830 sunt

219 2865 429 2935 βουλῆς
472 2865 793 2937 ἐξήρτηται.
833 2866 901 2921 Ἦ
939 2866 1040 2938 μὲν
1070 2868 1181 2940 γὰρ
1214 2869 1431 2937 γένεσις
1461 2869 1705 2937 πάντων,
1747 2872 1809 2925 ὲκ

1920 2864 2196 2919 actionum
2256 2874 2575 2920 nostrarum
2634 2864 3054 2929 retributiones,
3091 2875 3205 2920 tum
3266 2866 3321 2919 in
3356 2880 3498 2936 prte-

216 2959 321 3012 τοῦ
369 2958 525 3020 Θεοῦ,
573 2960 607 3030 ἡ
639 2959 697 3013 δὲ
741 2959 938 3030 φθορὰ,
992 2959 1081 3014 διὰ
1119 2960 1221 3032 τὴν
1271 2960 1552 3032 ἡμετέραν
1608 2962 1809 3017 κακίαν

1920 2954 2080 3017 senti.
2111 2962 2229 3009 tum
2260 2955 2317 3010 in
2343 2954 2541 3011 futuro
2568 2969 2687 3010 aevo
2717 2973 2732 3010 :
2788 2955 2894 3009 alia
2922 2968 3056 3011 vero
3088 2956 3275 3010 omnia
3304 2970 3371 3011 es
3403 2956 3500 3012 Dei

220 3051 531 3123 ιπεισήχθη
563 3052 702 3123 πρὸς
734 3051 1011 3122 τιμωρίαν
1056 3052 1157 3105 καὶ
1194 3051 1498 3122 ὠφέλειαν
1530 3052 1664 3118 Θεὸς
1700 3054 1809 3127 γὰρ

1920 3044 2199 3101 voluntate
2244 3044 2508 3116 pendent.
2559 3041 2776 3100 Etenim
2834 3059 3022 3100 rerum
3058 3044 3305 3105 omnium
3343 3054 3501 3103 ortos

218 3142 459 3197 θάνατον
495 3144 595 3197 οὐκ
641 3142 925 3213 ἐποίησεν,
958 3142 1084 3196 οὐδὲ
1126 3143 1393 3214 τέρπεται
1440 3144 1529 3198 ιπ’
1563 3144 1809 3219 ἀπωλείᾳ

1920 3148 1946 3188 a
1986 3132 2100 3191 Deo
2127 3142 2251 3203 est;
2304 3143 2361 3189 at
2397 3134 2686 3205 corruptio
2717 3134 2792 3189 ob
2835 3141 3085 3190 nostram
3133 3135 3398 3191 malitiam
3431 3138 3501 3193 ad

218 3232 450 3298 ζώντων
470 3251 484 3263 ·
520 3234 589 3287 δι’
616 3232 911 3305 ἀνθρώπου
956 3234 1016 3288 δὲ
1061 3234 1269 3305 μᾶλλον
1297 3238 1327 3289 ὁ
1368 3235 1621 3305 θάνατος,
1648 3253 1812 3292 τουτ-

219 3325 346 3379 έστι
370 3324 472 3395 τῆς
517 3323 691 3395 Ἀδὰμ
729 3323 1123 3396 παραϐάσεως,
1157 3325 1362 3396 ὁμοίως
1386 3326 1484 3380 καὶ
1533 3328 1591 3381 al
1626 3326 1814 3382 λοιπαὶ

216 3415 513 3488 τιμωρίαι.
537 3414 620 3469 Τὰ
647 3415 705 3469 δὲ
734 3415 899 3470 λοιπὰ
928 3416 1109 3471 πάντα
1142 3417 1221 3488 τῷ
1247 3417 1365 3489 Θεῷ
1386 3418 1707 3475 ἀναθετέον.
1737 3420 1813 3474 Ἤ

219 3525 283 3562 τε
316 3507 430 3580 γὰρ
461 3508 680 3577 γένεσις
743 3508 905 3579 ἡμῶν
935 3507 1041 3579 τῆς
1082 3507 1485 3582 δημιουργικῆς
1510 3510 1681 3567 αὐτοῦ
1715 3512 1810 3567 δυ-

218 3600 447 3671 νάμεώς
475 3604 624 3655 ἐστι’
654 3600 751 3654 καὶ
778 3601 813 3672 ἡ
859 3600 1114 3673 διαμονὴ,
1140 3603 1243 3673 τῆς
1283 3606 1616 3675 συνεκτικῇς
1644 3603 1811 3659 δυνά-

224 3709 377 3761 μεως
407 3690 574 3747 αὐτοῦ
595 3707 611 3723 ⁶
655 3692 753 3747 καὶ
790 3693 824 3763 ἡ
848 3690 1207 3764 κυϐέρνησις,
1242 3693 1340 3746 καὶ
1385 3696 1658 3765 σωτηρία,
1708 3696 1813 3765 τῆς

220 3782 601 3853 προνοητικῆς
649 3782 816 3835 αὐτοῦ
864 3782 1151 3852 δυνάμεως
1174 3798 1192 3815 ο
1230 3782 1326 3836 καὶ
1369 3784 1404 3853 ἠ
1446 3784 1557 3838 τῶν
1585 3784 1813 3854 ἀγαθῶν

219 3873 417 3926 αίωνία
448 3871 776 3937 ἀπόλαυσις,
819 3872 920 3943 τῆς
952 3870 1302 3942 ἀγαθότητος
1331 3871 1522 3938 αὐτοῦ,
1565 3873 1682 3935 τοῖς
1711 3889 1814 3941 φυ-

219 3964 487 4017 λάσσουσι
542 3963 605 4017 τὸ
663 3963 809 4017 κατὰ
860 3961 1047 4032 φύσιν,
1074 3962 1161 4032 ἐφ’
1200 3955 1247 4031 ᾧ
1291 3962 1388 4017 καὶ
1433 3961 1809 4033 ὲπλάσθημεν.

233 4052 457 4123 Ἐπειδὴ
487 4052 545 4106 δέ
579 4070 729 4117 τινες
774 4052 1121 4121 ἀντιλέγουσι
1175 4054 1244 4125 τῇ
1274 4052 1529 4124 προνοίᾳ,
1562 4051 1812 4121 εἴπωμεν

219 4143 413 4198 λοιπὸν
444 4144 603 4213 ὀλίγα
629 4143 659 4183 δ
689 4143 786 4198 καὶ
814 4143 948 4213 περὶ
977 4142 1262 4214 προνοίας.

1837 3200 1883 3262 c
1912 3235 2163 3285 nostram
2188 3200 3150 3294 pmnamsimul—etutilitatemlnvecta
3164 3227 3289 3283 fuit.
3354 3228 3501 3285 Deus

1911 3316 2115 3387 quippe
2152 3325 2377 3372 mortem
2429 3332 2534 3371 non
2580 3314 2729 3385 fecit,
2775 3331 2870 3370 nec
2907 3316 3203 3372 delectatur
3231 3319 3287 3372 in
3321 3322 3504 3390 perdi-

1912 3408 2051 3463 tione
2087 3408 2369 3463 viventium
2396 3408 2441 3441 "
2477 3423 2492 3461 :
2525 3408 2659 3478 quin
2715 3406 2903 3477 potius
2958 3423 3058 3478 per
3111 3408 3416 3479 hominem,
3445 3412 3499 3467 id

1907 3510 1993 3556 est
2042 3514 2139 3571 per
2182 3500 2381 3556 Adami
2435 3498 2962 3571 transgressionem,
2995 3514 3169 3567 mors,
3196 3508 3253 3557 et
3285 3502 3499 3573 reliqua

1909 3593 2039 3649 item
2075 3592 2351 3664 supplicia
2405 3591 2615 3647 inﬂicta
2651 3599 2804 3649 sunt.
2836 3592 3048 3647 Cetera
3091 3600 3277 3649 autem
3312 3594 3501 3649 omnia

1906 3683 1963 3738 in
1996 3682 2166 3737 Deum
2216 3681 2415 3738 referri
2453 3681 2677 3736 debent.
2732 3679 2870 3734 Nam
2902 3688 2959 3735 et
2995 3691 3157 3737 ortus
3208 3689 3401 3739 noster
3426 3684 3498 3737 ad

1906 3774 2234 3830 creatricem
2267 3772 2391 3843 ejus
2435 3770 2737 3842 potentiam
2793 3776 3051 3839 spectat;
3112 3771 3494 3835 incolumitas,

1906 3864 1973 3919 ad
2008 3863 2515 3928 conservatricem;
2561 3861 2891 3931 gubernatio
2920 3869 2975 3915 et
3004 3861 3179 3927 salus,
3218 3862 3288 3916 ad
3318 3862 3496 3917 virtu-

1906 3964 2014 4011 tem
2043 3954 2304 4011 omnibus
2331 3951 2697 4023 providendi;
2728 3951 2847 4022 ipsa
2865 3952 3103 4022 denique
3125 3954 3490 4024 sempiterno-

1906 4063 2029 4103 rum
2078 4048 2199 4117 ipsa
2230 4046 2505 4102 bonorum
2564 4043 2869 4114 possessio,
2904 4059 3029 4114 quae
3090 4045 3219 4101 illos
3274 4055 3486 4108 manet,

1905 4140 2003 4211 qui
2068 4138 2127 4193 id
2181 4136 2331 4209 quod
2381 4142 2594 4191 natura
2645 4144 3082 4192 consentaneum
3148 4146 3235 4194 est
3286 4138 3486 4208 (cujus

220 4253 423 4309 nempe
450 4252 621 4294 causa
687 4237 894 4293 conditi
949 4236 1180 4307 sumus)
1222 4243 1436 4294 sartum
1492 4241 1810 4305 tectumque
1848 4231 2241 4299 custodierint,
2274 4230 2455 4301 ipsius
2503 4226 2738 4283 bonitati
2792 4227 3121 4285 ascribenda
3181 4236 3288 4286 est.
3340 4229 3491 4296 Quo-

218 4331 373 4387 niam
404 4345 535 4387 vero
560 4331 810 4388 nonnulli
836 4330 1245 4388 Providentiam
1276 4338 1502 4402 negant,
1531 4344 1632 4401 age
1656 4344 1805 4391 nunc
1843 4328 1913 4386 de
1937 4342 2002 4385 ea
2035 4327 2377 4385 disseramus
2406 4324 2622 4396 paucis.

294 4510 343 4541 ⁹¹
386 4464 588 4579 Sapit,
616 4508 685 4564 i3

1488 4626 1492 4630 .
1520 4568 1759 4627 VARIA'I
1782 4567 2194 4627 LECTIONES.

298 4666 480 4739 {Haec
528 4668 603 4739 in
619 4666 816 4739 ﬁngit.
858 4663 1435 4739 et_guibus_dam_‘mss.
1464 4662 1680 4719 omissa
1717 4669 1868 4720 sunt.
1947 4672 1975 4702 ι
2014 4660 2182 4716 Basil.
2210 4662 2613 4736 enuntiasset.
2649 4663 2782 4723 Mss.
2809 4664 3195 4720 ἀποστατικαί.
3274 4665 3302 4707 δ
3338 4665 3490 4739 Regii

218 4736 281 4808 9,
311 4734 465 4793 Coll).
518 4736 571 4804 1,
613 4735 669 4791 S.
705 4735 811 4791 Hil.
831 4742 887 4791 et
910 4731 1065 4791 nem.
1096 4732 1237 4787 είπω
1256 4731 1434 4802 ὀλίγα.

1727 4905 1963 4965 NOTAE.

294 5004 410 5075 (93)
446 5004 558 5059 Kal
589 5008 649 5059 al
676 5000 794 5060 οὖν
824 5001 1007 5075 αὐτῷ.
1048 5002 1316 5075 Yirtutesq

218 5072 543 5144 virtutibus
581 5091 704 5144 qua:
747 5089 775 5128 a
821 5074 937 5129 Deo
979 5072 1340 5144 deiecerunt,
1383 5072 1801 5142 intelligendum

217 5146 461 5222 arbitror
501 5142 842 5222 Nemesium“.
878 5159 1046 5214 quem
1102 5144 1192 5198 hic
1229 5142 1432 5197 Noster
1470 5145 1806 5222 passimges-

219 5216 471 5285 scripsit.
510 5216 599 5269 ubi
629 5217 750 5269 ait:
799 5214 1032 5267 Rursum
1068 5222 1385 5267 naturarum
1420 5228 1538 5282 quia
1578 5214 1803 5285 materia

218 5284 435 5347 ment,
465 5285 577 5338 illa!
626 5300 742 5353 qua:
784 5287 926 5337 circa
975 5295 1173 5337 terram
1226 5291 1527 5345 versantur,
1577 5298 1697 5335 cum
1739 5284 1803 5337 ab

218 5356 527 5410 societatem
551 5372 710 5424 quant
741 5355 931 5408 habent
962 5370 1079 5407 cum
1114 5353 1434 5424 hominibus,
1460 5353 1611 5407 rebus
1640 5369 1805 5424 agen-

218 5428 307 5479 dis
337 5422 709 5494 applicantur,
758 5424 960 5495 μᾶλλόν
1002 5426 1121 5495 ἐστι
1176 5423 1284 5495 τῶν
1320 5422 1518 5495 ἄλλων
1544 5422 1800 5495 τρεπταί,

217 5492 429 5550 (ceteris
474 5505 596 5549 sunt
626 5492 1013 5549 mutabiliores.
1070 5493 1203 5547 Nam
1237 5492 1306 5547 de
1344 5493 1554 5547 sanctis
1585 5492 1808 5562 angelis

219 5566 555 5634 subiungit:
594 5565 725 5632 Quae
778 5581 898 5618 vero
944 5573 1155 5617 natura:
1201 5578 1314 5616 sua:
1353 5562 1690 5634 excellentia,
1735 5562 1805 5615 ad

221 5632 400 5689 Deum
421 5632 676 5704 propensa
700 5635 874 5689 studio
901 5635 1116 5702 propius
1147 5635 1426 5696 accedunt,
1442 5632 1805 5704 ejusquecou-

220 5702 569 5783 templa’tione
596 5706 775 5775 felices
808 5715 951 5783 sunt,
981 5721 1045 5757 ac
1084 5704 1138 5756 in
1168 5705 1394 5783 seipsas,
1414 5704 1521 5756 into
1552 5702 1608 5756 in
1632 5702 1802 5783 Deum

218 5772 399 5830 solum
443 5772 741 5844 converse,
778 5792 810 5829 a
858 5775 1011 5832 rebus
1053 5772 1270 5845 agendis
1309 5783 1360 5829 et
1400 5788 1432 5828 a
1481 5774 1706 5828 materia
1749 5787 1803 5827 se

1318 5017 1393 5076 ue
1417 5003 1551 5076 illa.
1582 5012 1699 5076 etc._
1724 5000 1803 5057 De
1832 5006 1879 5062 ι)
1907 4999 2267 5076 subducenda,
2301 5002 2735 5076 contemplationi
2774 5003 2980 5076 Deoque
3017 5023 3072 5062 se
3112 5007 3378 5072 dedidere,
3413 5011 3496 5065 hoe

1908 5071 2273 5145 inmutabiles
2298 5082 2533 5129 manent.
2562 5071 2765 5145 Liberte
2792 5071 3000 5145 quidem
3031 5078 3317 5132 voluntatis
3345 5091 3490 5145 sunt,

1908 5157 2016 5210 qua
2068 5142 2275 5218 ratione
2321 5152 2571 5218 utuntur,
2622 5144 2683 5195 οὑ
2721 5142 2824 5214 μὲν
2877 5148 3214 5218 τρεπόμεναι
3260 5148 3349 5202 διὰ
3393 5142 3495 5214 τὰς
3604 5179 3621 5191 ο

1908 5212 2319 5282 προειρημένας
2347 5212 2552 5277 αίτίας,
2573 5229 2690 5282 non
2723 5212 2928 5270 Vtamen'
2955 5212 3232 5271 mutantur
3256 5218 3318 5273 ob
3365 5212 3496 5273 cau;

1907 5281 1998 5334 sas
2028 5297 2161 5357 quas
2192 5281 2539 5357 adduximus.
2568 5281 2820 5357 Denique
2864 5293 3226 5357 utrorumque
3268 5291 3495 5357 angelo-

1910 5366 2032 5404 rum
2089 5352 2390 5406 discrimen
2430 5352 2919 5426 consimili'modo
2952 5352 3213 5426 explicat,
3258 5352 3496 5412 dicendo

1909 5435 2020 5474 non
2060 5435 2257 5493 omnes
2301 5423 2528 5491 angelos
2555 5424 2841 5478 mutabilis
2868 5441 2992 5481 esse
3022 5423 3368 5493 'voluntatis,
3397 5430 3492 5483 sed

1909 5504 2009 5544 eos
2034 5491 2233 5567 soltun,
2270 5493 2363 5567 qui
2395 5493 2495 5561 τῆς
2528 5493 2664 5563 πρὸς
2691 5493 2760 5546 τὰ
2793 5496 2906 5549 ἄνω
2959 5496 3053 5548 καὶ
3092 5497 3181 5549 τὸν
3217 5491 3496 5567 Θεδνσχέ·

1908 5575 2046 5622 σεως
2077 5561 2712 5647 ἀποχωρήσαντες,ςοκηι
2748 5579 3081 5647 Propensum
3106 5582 3239 5647 erga
3269 5584 3352 5621 res
3398 5561 3492 5647 iu-

1903 5644 2097 5696 pernas
2134 5628 2399 5699 Deumque
2440 5632 2675 5685 studium
2707 5628 3017 5703 objecerint,
3056 5628 3323 5706 ῥέψᾶντες
3355 5636 3493 5707 πρὸς

1902 5700 1974 5752 τὰ
2018 5699 2190 5775 uacui,
2227 5702 2295 5753 ad
2335 5702 2595 5770 inferiora
2643 5704 2897 5775 vergentia
2936 5722 3112 5763 rerum
3160 5716 3491 5763 terrenarum

1907 5770 2152 5838 cupidine
2180 5783 2450 5829 arserunt.
