3858 6196
177 238 272 301 96')

1224 232 1322 291 DE
1359 229 1536 291 FIDE
1574 228 2033 290 ORTHODOXA
2068 229 2211 288 LIB.
2256 228 2336 287 II.

3308 231 3414 294 970

175 346 249 399 λει
275 347 479 408 πάντας
511 344 771 413 σωθῆναι,
797 343 890 396 καὶ
909 340 1007 411 τῆς
1036 342 1317 413 βασιλείας
1338 341 1506 396 αὑτοῦ
1531 344 1738 410 τυχεῖν.

1854 339 2048 396 —lloc
2089 340 2278 396 itidem
2332 352 2498 395 nosse
2549 346 2783 409 Oportet,
2833 335 3005 395 Deum
3060 340 3322 410 primaria
3365 353 3416 396 ιιι

174 439 243 492 Οὐ
277 438 385 507 γὰρ
418 436 515 489 ἐπὶ
536 436 594 489 τὸ
626 435 852 488 κολάσαι
882 433 1121 489 ἔπλασεν
1150 436 1319 504 ἡμᾶς,
1360 434 1497 488 ἀλλὰ
1526 434 1659 505 πρὸς
1680 433 1741 485 τὸ

173 530 459 598 μετασχεῖν
478 528 577 595 τῆς
596 526 931 596 ἁγαθότητος
952 524 1138 586 αὐτοῦ,
1170 524 1247 586 ὡς
1279 524 1502 592 ἀγαθός.
1537 524 1741 592 Ἀμαρ-

169 619 425 682 τάνοντας
448 617 506 671 δὲ
528 617 674 671 θέλει
706 616 1053 680 κολάξεσθαι,
1084 615 1160 679 ὼς
1190 615 1420 677 δίκαιος.

234 892 467 961 Λέγεται
497 884 612 959 οὖν,
643 890 706 944 τὸ
744 891 843 961 μὲν
869 882 1110 960 πρῶτον,
1144 886 1561 958 προηγούμενον
1586 885 1741 955 θέλη·

170 1002 262 1054 μα,
292 981 389 1035 καὶ
430 980 674 1044 εὐδοκία,
704 980 762 1045 ἐξ
806 978 967 1033 αὐτοῦ
1001 977 1089 1030 δν·
1124 977 1186 1030 τὸ
1219 977 1278 1030 δὲ
1307 975 1561 1047 δεύτερον
1611 976 1742 1029 ἐπό-

168 1090 322 1144 μενον
356 1072 593 1142 θέλημα,
631 1071 726 1122 καὶ
761 1067 1181 1139 παραχώρησις,
1228 1067 1287 1133 ἐξ
1333 1066 1614 1137 ἡμετέρας
1650 1068 1740 1119 αι·-

160 1164 298 1226 τίας.
327 1164 443 1217 Καὶ
480 1162 620 1231 αὕτη
667 1160 838 1227 διττήο
876 1160 910 1230 ἡ
961 1159 1059 1229 μὲν
1102 1158 1442 1229 οἰκονομικὴ,
1488 1158 1581 1211 καὶ
1611 1176 1740 1211 παι-

159 1254 386 1325 δευτικὴ
433 1254 574 1324 πρὸς
624 1252 920 1323 σωτηρίαν,
968 1253 1003 1322 ἡ
1047 1250 1105 1303 δὲ
1160 1249 1550 1320 ἀπογνωστικὴ
1599 1249 1741 1321 πρὸς

161 1346 373 1400 τελείαν
406 1346 652 1409 κόλασιν,
678 1344 755 1408 ὠς
804 1345 1132 1415 εἰρήκαμεν.
1168 1342 1355 1396 Ταῦτα
1401 1342 1458 1395 δὲ
1500 1343 1591 1395 ἐπὶ
1630 1341 1741 1395 τῶν

162 1438 260 1490 οὐκ
285 1437 374 1506 ἐφ’
410 1438 544 1507 ἡμῖν
574 1435 622 1491 ιι.

1848 430 2213 485 antecedente
2255 430 2542 484 voluntate
2584 430 2723 484 velle
2758 444 2952 484 omnes
2977 432 3159 486 salvos
3190 447 3335 495 esse,
3367 442 3420 482 ιιι
3456 494 3475 505 qv

1846 522 2000 591 regni
2046 522 2136 576 sui
2187 529 2475 591 compotes
2526 520 2639 575 lieri
2673 520 2716 574 ⁸.
2748 520 2869 573 Νοιι
2906 521 3050 575 enim
3082 537 3182 576 nos
3226 531 3285 575 ut
3314 538 3415 593 pu-

1847 613 2015 679 niret,
2050 613 2338 679 condidit;
2378 613 2476 668 sed
2516 614 2645 682 quia
2691 612 2873 668 bonus
2930 625 3035 678 est,
3085 613 3153 667 ad
3210 615 3314 667 hoc
3366 627 3423 667 ut

1846 703 2112 759 bonitatis
2145 719 2259 759 suae
2294 703 2592 774 participes
2623 718 2894 759 essemus.
2921 701 3224 759 Peccantes
3256 714 3421 772 porro
3456 750 3461 753 _

1848 795 2033 863 puniri
2064 796 2203 862 vult,
2236 796 2362 865 quia
2387 796 2574 865 justus
2613 802 2716 850 est.

1921 886 2211 942 Permissio
2244 886 2459 956 duplex.
2482 915 2553 926 —
2574 886 2764 956 Itaque
2799 887 2977 957 prima
3010 887 3103 941 illa
3138 886 3419 947 voluntas.

1848 981 2180 1036 antecedens
2238 980 2445 1035 dicitur
2496 988 2552 1035 et
2596 980 3031 1049 beneplacitum,
3083 982 3244 1051 cujus
3306 982 3425 1051 ipse

1848 1084 2017 1127 causa
2050 1070 2162 1126 sit:
2190 1071 2433 1127 secunda
2461 1080 2668 1136 autem,
2698 1087 3044 1143 consequens
3086 1074 3342 1129 voluntas
3371 1084 3426 1128 et

1850 1163 2170 1233 permissio,
2208 1179 2272 1219 ex
2308 1172 2497 1220 nostra
2543 1180 2710 1219 causa
2737 1173 2920 1220 ortum
2966 1164 3213 1232 habens;
3247 1182 3426 1236 eaque

1850 1253 2055 1323 duplex
2080 1269 2096 1307 :
2120 1254 2298 1308 altera
2323 1254 2741 1325 dispensatione
2786 1255 3021 1324 quadam
3060 1256 3115 1309 ﬁt
3145 1265 3198 1309 et
3231 1259 3299 1309 ad
3335 1273 3427 1311 sa-

1850 1345 2015 1400 lutem
2072 1347 2274 1412 erudit,
2345 1347 2521 1401 altera
2557 1360 2587 1399 a
2611 1347 3000 1415 reprobatione
3033 1347 3423 1416 proﬁciscitur,

1849 1438 1917 1491 ad
1956 1437 2284 1501 absolutam,
2330 1446 2388 1490 ιιι
2424 1438 2690 1503 diximus,
2720 1452 2940 1509 pinnam
2984 1442 3294 1508 pertinens.
3325 1445 3424 1495 At-

1849 1544 1957 1598 que
2016 1531 2129 1584 bazc
2184 1530 2238 1583 in
2299 1529 2412 1584 illis
2462 1544 2587 1599 quae
2640 1530 2696 1583 in
2752 1538 2942 1585 nostra
2991 1540 3261 1600 potestate
3315 1548 3424 1588 non

1851 1628 2004 1673 sunt.

231 1715 352 1769 Τῶν
392 1715 453 1769 δὲ
506 1715 592 1785 ἐφ’
626 1716 779 1784 ἡμῖν,
822 1714 891 1767 τὰ
930 1714 1029 1783 μὲν
1077 1715 1259 1783 ἀγαθὰ
1309 1715 1738 1785 προηγουμένως

1914 1709 2055 1764 Deus
2080 1711 2228 1765 nullo
2260 1710 2413 1764 modo
2441 1712 2587 1764 mala
2622 1711 2751 1777 vult,
2784 1712 2875 1765 sed
2901 1713 3019 1780 ﬁeri
3042 1716 3326 1781 permittit.
3352 1748 3419 1758 -—

167 1807 326 1871 ϐέλει,
351 1806 446 1859 καὶ
477 1805 707 1860 εὐδοκεῖ.
744 1805 825 1857 Τὰ
862 1805 919 1857 δὲ
950 1805 1183 1876 πονηρὰ,
1227 1806 1321 1858 καὶ
1350 1804 1520 1868 ὅντως
1565 1806 1734 1872 κακὰ,

170 1896 286 1949 οὔτε
311 1896 779 1966 προηγουμένως,
813 1894 937 1948 οὗτε
980 1896 1263 1966 ἑπομένως
1323 1896 1497 1949 Θέλει’
1553 1913 1737 1967 παρα-

172 1989 330 2058 χωρεῖ
354 1986 413 2038 δὲ
461 1985 542 2056 τῷ
577 1984 928 2055 αὑτεξουσίῳ.
966 1984 1038 2037 Τὸ
1082 1986 1191 2056 γὰρ
1237 1987 1379 2039 κατὰ
1422 1986 1545 2055 βίαν
1592 1987 1739 2055 γινό-

178 2095 344 2148 μενον,
366 2078 427 2131 οὐ
445 2077 685 2144 λογικὸν,
707 2076 829 2129 οὐδὲ
862 2077 1054 2147 ἀρετή.
1095 2074 1113 2113 1
1144 2078 1368 2147 Προνοεί
1393 2077 1421 2128 ὁ
1459 2076 1592 2141 Θεὸς
1624 2077 1734 2130 πά-

178 2185 265 2237 σης
290 2168 391 2237 τῆς
419 2167 670 2232 κτίσεως,
709 2166 803 2219 καὶ
840 2165 928 2219 διὰ
967 2166 1150 2238 πάσης
1181 2168 1280 2237 τῆς
1319 2168 1549 2231 κτίσεως
1580 2168 1737 2237 εὐερ-

177 2261 362 2327 γετεῖν,
407 2260 503 2313 καὶ
542 2258 832 2323 παιδεύων,
859 2258 953 2313 καὶ
980 2258 1047 2311 δι’
1082 2258 1260 2313 αὐτῶν
1308 2259 1570 2325 πολλάκις
1621 2258 1735 2315 τῶν

177 2351 451 2422 δαιμόνων,
474 2352 552 2416 ὡς
578 2351 673 2405 ἐπὶ
704 2350 797 2404 τοῦ
832 2350 975 2415 Ἰὼϐ,
1002 2351 1098 2405 καὶ
1124 2352 1233 2405 τῶν
1259 2352 1481 2424 χοίρων.

1842 1801 2047 1856 Eorum
2080 1817 2210 1856 vero
2238 1817 2359 1872 qua:
2393 1802 2449 1856 in
2488 1804 2649 1858 nobis
2686 1803 2787 1857 sita
2822 1812 2968 1870 sunt,
3020 1804 3162 1858 bona
3200 1806 3420 1875 quidem

1843 1895 2106 1965 primario
2152 1893 2300 1949 Deus
2342 1896 2482 1959 vult,
2512 1904 2568 1949 et
2613 1895 2920 1950 secundum
2976 1896 3418 1965 beneplacitum;

1843 1985 1988 2040 mala
2016 1993 2197 2040 autem
2226 2000 2352 2055 qua:
2395 2000 2585 2041 revera
2622 1987 2767 2039 mala
2820 1997 2971 2050 sunt,
3011 2002 3192 2057 neque
3221 1987 3424 2056 prima-

1842 2078 1947 2144 rio,
1981 2092 2160 2147 neque
2194 2087 2602 2147 consequenter
2641 2079 2781 2141 vult,
2824 2080 2919 2135 sed
2966 2079 3144 2134 libero
3184 2078 3421 2133 arbitrio

1844 2171 2133 2242 permittit.
2169 2172 2305 2226 Nam
2338 2173 2485 2242 quod
2519 2173 2570 2226 vi
2619 2171 2873 2235 clIicilur,
2907 2187 3008 2228 nec
3055 2171 3255 2226 rationi
3289 2186 3424 2225 con-

1846 2261 2013 2329 venit,
2050 2277 2153 2318 nec
2194 2263 2419 2319 virtutis
2468 2279 2671 2323 nomen
2709 2264 2964 2320 obtinere
3013 2272 3217 2334 potest.
3276 2262 3420 2317 Deus

1840 2354 2049 2411 creatis
2087 2355 2347 2411 omnibus
2402 2357 2677 2427 providet,
2716 2365 2772 2411 et
2814 2373 2910 2427 per
2961 2355 3146 2410 omnia
3192 2363 3419 2417 creata,

182 2454 305 2500 utet
355 2447 472 2518 ipsa
519 2448 843 2518 plerumque
878 2446 1188 2502 daemonum
1236 2462 1401 2520 opera
1452 2447 1639 2520 (velut
1676 2447 1730 2503 in
1754 2444 1858 2504 Job
1898 2455 1953 2518 et
1989 2447 2176 2519 porcis
2206 2447 2227 2479 '
2278 2448 2496 2520 liquet)
2544 2449 2831 2505 beneﬁciis
2890 2448 3091 2505 alIiciat
3170 2457 3226 2503 et
3296 2463 3427 2505 eru-

183 2537 300 2591 dial.

665 2630 913 2685 ΚΕΦΑΛ.
954 2631 1012 2684 A'
1055 2629 1231 2702 [MA'].

373 2723 513 2791 Περὶ
553 2720 945 2790 προγνώσεως
971 2720 1072 2775 καί
1100 2721 1489 2791 προορισμοῦ.

242 2815 356 2887 Χρὴ
378 2813 668 2883 γινώσκειν
696 2810 832 2884 (96),
860 2812 937 2897 ᾡς
969 2812 1149 2866 πάντα
1179 2812 1278 2882 μὲν
1310 2813 1677 2883 προγινώσκει
1708 2814 1736 2867 ὸ

245 2991 269 3025 ⁸
301 2989 320 3042 l
366 2987 509 3045 Tim.
552 3005 614 3057 ιι,
646 2992 697 3045 4.
772 2991 793 3022 ‘
828 2989 1023 3046 Matth.
1068 3006 1187 3056 vni,
1223 2991 1291 3045 30
1322 3004 1483 3060 seqq.

2447 2630 2600 2684 CAP.
2650 2629 2814 2687 XXX.

2122 2725 2194 2778 De
2223 2725 2563 2793 prwscientia
2585 2734 2632 2778 et
2656 2723 3140 2791 prwdcstinationc.

1922 2816 2057 2869 Deus
2103 2818 2285 2870 omnia
2325 2817 2561 2885 pra'scit,
2594 2817 2686 2871 sed
2719 2833 2821 2870 non
2852 2816 3031 2870 omnia
3076 2814 3418 2884 mminit.—

1429 3125 1664 3181 VARUS
1701 3121 2105 3181 LECTIONES.

247 3217 272 3258 ι
303 3220 514 3278 Desunt
536 3222 653 3276 haec
678 3221 732 3277 in
762 3218 824 3274 N.
852 3230 906 3276 et
942 3217 1008 3274 Β.
1039 3218 1201 3274 2950.

1287 3216 1304 3255 ι
1336 3218 1465 3274 Haec
1492 3217 1692 3274 desunt
1722 3218 1778 3272 in
1806 3225 1999 3273 nostro
2027 3215 2153 3271 cod.
2185 3230 2362 3287 usque
2396 3214 2463 3269 ad
2495 3216 2654 3273 tinem
2688 3216 2911 3288 capitis.

1668 3371 1899 3427 NOTAE).

187 3468 429 3542 Cyrillum
483 3468 776 3542 Alexandr.
806 3468 912 3542 lib.
954 3468 1030 3523 De
1059 3469 1369 3524 adoratione
1402 3470 1457 3522 in
1508 3466 1725 3542 spiritu.
1756 3471 1799 3528 C.
1834 3464 2231 3542 tatisjforsitan
2272 3480 2563 3542 usurpare,
2591 3475 2650 3518 ut
2685 3476 2869 3542 nostra
2917 3467 3167 3542 (aquatur
3197 3469 3415 3538 affectu,

186 3535 437 3605 Quocirca
486 3554 554 3594 ne
588 3539 1003 3611 Angustinianas
1049 3542 1116 3595 de
1159 3540 1579 3611 divinadgratia
1632 3535 1729 3611 do-

186 3611 359 3664 ctrina:
393 3618 631 3680 systema
664 3607 768 3665 ιῖοε
789 3611 970 3678 capite
1010 3625 1265 3663 mancum
1291 3608 1619 3680 quibusdam
1652 3607 1733 3660 vi-

183 3678 678 3740 deretur,'sauctus
716 3682 953 3749 Prosper
985 3689 1043 3749 et
1081 3688 1275 3733 auctor
1303 3678 1426 3734 libri
1468 3678 1543 3732 De
1569 3694 1730 3749 voca-

183 3751 304 3804 tione
335 3750 592 3820 gentium,
622 3751 816 3804 bonam
853 3747 994 3803 lianc
1028 3748 1119 3804 Dei
1164 3750 1497 3806 voluntatem
1542 3747 1730 3802 defen-

180 3820 399 3873 dendam
430 3828 815 3888 susceperunt.

241 3890 350 3958 (96)
382 3887 508 3955 Χρὴ
540 3884 875 3956 γιόρώσκειν.
910 3888 1055 3943 Scire
1090 3898 1310 3957 oportet.
1348 3888 1547 3943 Eodem
1572 3884 1732 3958 modo

172 3956 397 4013 sanctus
431 3959 698 4015 Maximus
722 3959 775 4012 in
806 3960 1097 4013 collatione
1124 3956 1249 4014 eum
1282 3958 1593 4013 Theodosio
1618 3956 1733 4010 Caco

170 4029 419 4089 sariensi,
465 4043 521 4081 ιι.
572 4028 625 4087 2,
672 4036 726 4083 et
761 4030 814 4082 in
854 4027 972 4081 Vita
1020 4045 1141 4097 sua,
1175 4046 1231 4083 ιι.
1267 4029 1321 4091 8,
1368 4030 1563 4098 legitur
1606 4041 1734 4095 pro-

166 4102 490 4161 nuntiasse,
560 4098 958 4166 praescieutiam
996 4114 1118 4154 esse
1173 4114 1355 4153 rerum
1396 4113 1519 4168 quae
1577 4104 1732 4166 pote-

161 4171 325 4223 statis
366 4174 572 4221 nostra:
623 4176 792 4232 sunt,
824 4182 1139 4224 sermonum
1176 4176 1325 4238 puta,
1362 4177 1416 4222 et
1466 4181 1729 4235 operum:

163 4238 587 4307 praiinitionem
646 4253 808 4300 vero,
844 4253 1031 4292 earum
1086 4237 1207 4307 qua:
1250 4237 1362 4291 Deo
1409 4237 1735 4305 disponente

157 4309 512 4361 extrinsecus
540 4308 818 4370 accidunt,
850 4308 1057 4362 scilicet
1078 4322 1331 4369 casuum,
1360 4308 1731 4375 praemiorum,

158 4378 591 4446 suppliciorum,
618 4385 749 4439 etc.,
786 4393 908 4444 quae
935 4377 1157 4446 quidem
1181 4377 1511 4446 explicatius
1534 4375 1734 4430 Noster

155 4446 331 4500 tradit
362 4450 416 4499 in
452 4446 675 4511 Dialogo
706 4459 873 4500 contr.
904 4446 1140 4500 Manich.
1173 4447 1400 4515 fuseque
1428 4453 1734 4515 tractantur

154 4516 211 4569 in
239 4516 482 4586 lmmilia
507 4517 561 4568 in
585 4514 941 4586 Chananteam
969 4526 1017 4570 et
1060 4514 1417 4582 publicanum,
1448 4531 1610 4586 quam
1637 4514 1735 4586 sa-

153 4588 330 4639 vilius
361 4585 557 4656 edidit,
592 4592 631 4637 t.
675 4586 709 4639 V
745 4585 982 4654 Operam
1016 4587 1390 4656 Clirysostomi
1420 4597 1474 4641 et
1518 4585 1733 4656 placitis

151 4655 626 4727 Cbryspstomicis
664 4658 920 4710 refertam
959 4654 1231 4726 agnoscit.
1272 4655 1394 4727 Uno
1426 4655 1602 4727 verbo
1632 4654 1734 4708 Pa-

152 4722 284 4781 tres'
314 4722 517 4784 Graeci,
567 4740 688 4778 cum
742 4722 1020 4780 caverent'
1063 4742 1131 4780 ne
1175 4726 1359 4779 divina
1416 4726 1730 4780 futurorum

152 4794 698 4876 ooggitiojlinmana:
728 4796 965 4876 libertati
1009 4797 1203 4876 nociva
1239 4805 1546 4876 putaretur,
1574 4797 1733 4865 juxta
1765 4819 1810 4876 υ

151 4879 217 4918 ac
257 4863 518 4919 Gnostici
548 4873 605 4918 et
640 4866 921 4920 Manichazi
959 4863 1304 4929 asserebant,
1341 4866 1445 4920 hoc
1479 4863 1734 4935 frequen-

153 4943 239 4988 ter
281 4935 676 4998 inculcarunt,
718 4938 965 4992 actiones
1022 4936 1303 4990 hominum
1365 4936 1567 4991 liberas
1625 4948 1735 4989 non

152 5005 285 5059 ideo
322 5004 468 5069 tieri,
497 5005 629 5074 quia
673 5009 890 5061 noverit
930 5008 1095 5066 Deus.
1133 5008 1228 5061 sed
1261 5021 1388 5061 esse
1425 5021 1454 5059 a
1499 5006 1608 5059 Deo
1636 5018 1734 5058 co-

152 5076 526 5143 gnitas,quia
576 5074 773 5131 futurae
823 5084 998 5131 erant.
1027 5076 1195 5130 Deum
1221 5077 1421 5146 quippe
1465 5076 1732 5129 malarum

149 5147 449 5215 actionum
488 5159 716 5215 causam
754 5162 862 5202 n01
896 5162 1040 5201 esse.
1075 5146 1167 5199 Sic
1205 5149 1335 5200 olim
1382 5146 1735 5215 disputabant

145 5212 448 5286 Justinus;
485 5214 713 5286 Martyr,
768 5216 985 5286 Apolog.
1022 5217 1082 5286 l7;
1134 5215 1419 5286 Tatianus,
1472 5212 1733 5286 Drat._ad

150 5284 699 5366 tirecqnorigenes,
747 5288 841 5366 lib.
870 5303 896 5366 ,ι
930 5284 985 5340 in
1036 5285 1211 5366 Epist_.
1262 5284 1734 5366 aii-limmncujus

144 5355 307 5409 dicta
364 5355 602 5410 Basilius
642 5364 697 5410 et
756 5357 1133 5411 Nazianzenus
1189 5359 1244 5411 in
1292 5356 1589 5409 Philocalia
1634 5369 1736 5409 sua

146 5425 347 5479 locum
374 5425 581 5479 habere
611 5426 922 5489 voluerunt,
962 5441 1083 5495 cap.
1121 5426 1211 5481 26.
1244 5426 1451 5481 Omitto
1485 5424 1738 5481 Theodo-

144 5505 377 5567 return,
432 5494 489 5549 in
537 5508 660 5567 cap.
697 5512 824 5550 xxrv
871 5494 1065 5567 Ezecli.
1124 5497 1489 5567 Hieronymus
1524 5498 1581 5567 in
1638 5496 1742 5561 hoc

143 5565 413 5636 ejusdem
460 5565 736 5636 propheta:
762 5578 946 5636 caput,
984 5566 1139 5635 juxta
1169 5565 1483 5623 Griecorum
1516 5566 1739 5636 Patrum

143 5634 686 5706 interpretationem
727 5634 1003 5700 observat,
1040 5636 1207 5692 Deum
1237 5652 1426 5694 vocem
1474 5635 1743 5707 ambigui-

499 5728 770 5790 ΡΑτιιοι..
799 5729 912 5791 Gn.
949 5728 1154 5790 XCIV.

1835 3545 1891 3589 ut
1929 3535 2156 3589 liberum
2198 3536 2425 3589 hominis
2460 3546 2697 3590 servetur
2737 3535 3045 3602 arbitrium,
3083 3554 3147 3591 ne
3175 3535 3414 3605 capra?

1833 3606 2055 3677 scientia
2091 3606 2229 3673 ejus,
2273 3608 2429 3675 quasi
2459 3608 2790 3677 necessitate,
2828 3609 2907 3661 rei
2943 3608 3118 3675 facere
3158 3610 3307 3677 quid,
3337 3612 3416 3666 vel

1834 3692 1937 3728 non
1980 3676 2160 3744 facere
2213 3688 2452 3745 cogatur.
2520 3675 2642 3746 Non
2697 3691 2763 3729 ea:
2810 3693 2870 3729 eo
2901 3679 3039 3746 quod
3101 3675 3238 3732 Deus
3278 3683 3413 3733 sciat

1833 3746 2033 3798 idcirco
2069 3744 2310 3813 futurum
2364 3755 2464 3807 est,
2495 3744 2582 3798 sed
2621 3747 2750 3813 quia
2807 3744 3049 3813 futurum
3112 3758 3211 3809 est,
3276 3748 3413 3804 Deus

1836 3817 1998 3879 novit,
2032 3818 2185 3885 quasi
2213 3816 2355 3885 scius
2394 3816 2719 3885 futurorum.
2773 3815 2830 3885 ld
2868 3818 3010 3882 quod
3044 3825 3171 3869 ante
3196 3816 3415 3872 diterat

1836 3885 1891 3939 in
1931 3882 2054 3952 cap.
2082 3901 2229 3939 xxvii
2260 3884 2527 3938 Jereiniae.
2563 3882 2818 3951 Legenda
2854 3900 2982 3939 vero
3018 3885 3073 3938 in
3112 3886 3306 3953 primis
3328 3900 3413 3941 est

1835 3955 2081 4023 ejusdem
2114 3969 2179 4008 ea
2208 3954 2273 4007 de
2308 3969 2365 4005 re
2398 3953 2630 4021 epistola
2673 3955 2739 4006 ad
2778 3952 3091 4007 Paulinum.
3115 3952 3246 4008 Hoc
3276 3972 3413 4023 prte-

1836 4022 2029 4079 stitnto
2061 4024 2353 4094 principio,
2390 4022 2634 4091 ipsorum
2662 4022 2730 4075 de
2763 4024 3249 4094 praedestinatioue
3277 4022 3409 4080 sen-

1837 4097 2003 4149 tentia
2047 4092 2152 4148 alia
2192 4108 2301 4146 non
2344 4102 2464 4147 erat
2495 4095 2564 4146 ab
2596 4106 2658 4145 ea
2704 4108 2869 4163 quam
2921 4092 3159 4163 Prosper
3198 4096 3412 4152 sincere

1836 4164 2005 4218 refert
2034 4164 2262 4233 epistola
2290 4164 2355 4216 ad
2387 4163 2788 4232 Augustinum:
2822 4162 3142 4218 Retractatis
3170 4166 3409 4227 priorum

1834 4236 2112 4288 doctorum
2144 4236 2241 4286 hac
2273 4233 2336 4287 de
2378 4250 2433 4287 re
2471 4234 2829 4299 opinionibus,
2874 4235 3075 4304 inquit,
3125 4250 3252 4304 pene
3290 4254 3407 4290 om-

1836 4307 1980 4358 nium
2011 4320 2111 4371 par
2146 4305 2428 4361 invenitur,
2464 4320 2673 4375 unaque
2711 4306 3002 4375 sententia,
3035 4322 3138 4375 qua
3173 4311 3408 4375 proposi-

1838 4384 1945 4427 tum
1970 4384 2017 4427 et
2047 4375 2559 4440 prrcdeslinationem
2584 4373 2678 4427 Dei
2702 4374 2989 4429 secundum
3015 4373 3405 4443 p‘rwscientiam

1837 4454 2157 4511 receperunt,
2179 4455 2237 4497 ut
2265 4445 2326 4499 ob
2358 4448 2454 4498 hoc
2477 4445 2609 4498 Deus
2636 4461 2764 4499 vasa
2800 4446 3013 4498 honoris
3045 4454 3095 4499 et
3125 4463 3251 4499 vasa
3281 4464 3407 4501 con-

1837 4517 2067 4569 tumelia:
2105 4516 2309 4583 fecerit,
2359 4517 2484 4585 quia
2521 4517 2676 4583 linem
2706 4517 2864 4568 unius
2912 4516 3166 4585 cujusque
3213 4519 3407 4582 prteri-

1835 4585 1994 4651 derit,
2029 4596 2076 4639 et
2108 4586 2203 4639 sub
2234 4587 2344 4652 ipso
2375 4587 2563 4655 gratia:
2616 4586 2909 4655 adjutorio,
2952 4588 3006 4639 in
3036 4602 3141 4655 qua
3188 4586 3404 4655 futurus

1835 4667 1989 4721 esset,
2030 4657 2295 4710 uoluntate
2329 4667 2380 4709 et
2438 4656 2647 4726 actione
2701 4657 3023 4724 prreviderit.
3054 4657 3129 4709 lta
3179 4658 3402 4726 quidem

1836 4734 2046 4797 veteres
2070 4727 2147 4797 i_l_li
2180 4741 2278 4795 pro
2311 4727 2561 4780 libertate
2594 4725 2835 4797 hominis
2865 4725 3406 4797 vindicandadispu-

1837 4796 2043 4877 tabant.
2080 4795 2302 4877 linquo
2346 4810 2475 4877 vero
2510 4795 3145 4877 ilicologicis_ejusmodi
3168 4795 3404 4877 placitis

1834 4864 2113 4935 Pelagiani
2145 4863 2303 4919 abusi
2352 4874 2500 4929 sunt,
2532 4874 2589 4919 ut
2618 4863 3019 4935 concluderent
3062 4863 3292 4935 gratiam
3333 4870 3404 4921 ob

1834 4934 2052 4998 merita,
2111 4935 2276 4989 etiam
2333 4938 2660 5005 praecognita
2718 4935 2861 4997 dari,
2920 4934 3099 4988 Latini
3148 4936 3402 4993 doctores

1804 5006 2009 5060 'satius
2055 5005 2356 5069 duxerunt,
2393 5005 2532 5058 bona
2571 5018 2738 5073 opera
2790 5005 2992 5060 divina:
3044 5006 3401 5075 praelinitioni

1834 5076 2129 5141 ascribere,
2160 5076 2304 5143 mala
2338 5090 2464 5129 vero
2499 5076 2743 5144 prmsciri
2774 5076 3043 5129 duntaxat
3074 5079 3399 5141 concedere.

1834 5144 2173 5217 Sententiam
2223 5147 2384 5217 lianc,
2435 5146 2664 5200 dimissa
2719 5147 2937 5214 priore,
2980 5148 3401 5217 armplexusrest

1834 5215 2197 5283 Augustinus,
2224 5216 2323 5268 lioc
2352 5216 2594 5284 Apostoli
2629 5217 2946 5270 testimonio
2970 5215 3152 5271 victus
3181 5234 3193 5269 :
3222 5235 3241 5269 ι
3268 5216 3398 5284 Quis

1835 5294 1883 5340 te
1909 5286 2160 5357 discernit
2178 5286 2210 5357 ξ
2230 5302 2248 5335 ι
2285 5284 2417 5357 Cum
2432 5284 2538 5357 hac
2566 5285 2632 5338 de
2655 5301 2709 5338 re
2735 5286 2890 5340 aliter
2915 5301 3172 5354 saperem,
3199 5287 3397 5357 inquit.

1833 5370 1992 5425 quant
2014 5355 2143 5407 mihi
2172 5354 2311 5407 Deus
2343 5356 2396 5407 in
2421 5356 2517 5406 hac
2546 5357 2833 5424 quastione
2862 5357 3134 5418 soluenda,
3174 5354 3293 5410 cum
3329 5357 3397 5411 ad

1835 5424 2135 5494 episcopum
2163 5424 2567 5489 Simplicianum
2613 5427 2912 5492 scriberem,
2952 5427 3217 5481 ret'elarit.
3252 5429 3398 5483 Inte-

1837 5500 1949 5567 rim,
1989 5506 2145 5567 vetus
2198 5496 2388 5565 Opinio
2439 5496 2518 5567 in,
2547 5495 2771 5567 Oriente
2817 5500 3221 5567 perseveravit,
3274 5511 3399 5554 cum

1840 5566 2021 5646 nullas
2047 5566 2165 5646 illic
2196 5567 2412 5646 radices
2435 5565 2642 5646 egisset
2676 5565 2999 5646 Pelagianus
3021 5583 3212 5633 error,
3243 5570 3401 5636 cujus

1842 5636 1912 5692 de
1950 5636 2135 5692 divina
2161 5637 2335 5707 gratia
2373 5634 2549 5707 capita
2581 5634 2754 5691 Grmci
2795 5634 2904 5691 non
2937 5646 3232 5703 noverunt,
3264 5634 3403 5693 tam-

2897 5727 2966 5791 31
