3996 6212
352 393 467 459 9⁸17

1421 388 1519 447 DE
1552 386 1727 448 FIDE
1756 385 2219 448 ORTHODOXA
2249 387 2395 446 LIB.
2422 387 2504 447 ῘΙ.

3501 391 3611 454 91⁵8

342 505 429 576 τῷ
450 502 696 573 αίσθητῷ
722 519 733 533 ·
764 501 824 554 έν
854 501 953 571 μὲν
978 498 1088 569 γάρ
1111 497 1189 569 τῷ
1230 498 1473 571 αἰσθητῷ
1503 500 1596 553 ἐπὶ
1615 499 1719 569 γῆς
1747 509 1774 537 υ
1811 515 1916 552 σω-

2040 512 2181 567 [uam
2205 513 2472 569 corporeo
2492 500 2820 557 collocarat:
2842 501 3109 573 siquidem
3137 502 3189 557 in
3215 517 3499 573 corporeo,
3516 506 3609 573 qui

350 593 602 666 μτικῶς
657 589 1035 661 διαιτώμενος,
1066 588 1318 659 ψυχικῶς
1361 592 1474 653 τοῖς
1524 589 1780 657 ἀγγέλοις
1804 605 1934 641 συν-

348 684 739 756 ανεστρέφετο,
800 680 952 743 θείας
980 680 1244 752 γεωργῶν
1284 680 1515 743 ἑννοίας,
1571 680 1666 733 καὶ
1706 679 1936 742 ταύταις

351 775 687 849 τρεφόμενος
711 790 727 804 ·
755 770 961 843 γυμνὸς
982 773 1049 841 τῇ
1078 770 1361 841 ἁπλότητι,
1385 770 1477 823 καὶ
1494 770 1604 840 ζωῇ
1628 771 1693 840 τῇ
1714 770 1927 839 ἀτέχνῳ

352 868 491 939 πρὸς
516 866 676 936 μόνον
696 864 788 918 τὸν
813 862 1159 933 Δημιουργδν
1178 861 1273 915 διὰ
1320 861 1430 915 τῶν
1459 860 1779 929 κτισμάτων
1804 862 1937 916 ἀνα-

351 958 608 1028 γόμενος,
629 955 728 1010 καὶ
766 957 830 1024 τῇ
856 954 1023 1009 αὐτοῦ
1049 953 1255 1026 θεωρίᾳ
1280 950 1671 1024 ὲνηδυνόμενός
1704 966 1789 1018 τε,
1840 950 1935 1006 καὶ

353 1047 791 1119 εὐφραινόμενος
821 1061 865 1100 α.

439 1136 661 1209 Ἐπειδὴ
684 1136 867 1190 τοίνυν
902 1135 1067 1190 αὑτὸν
1098 1135 1431 1206 αὑτεξουσίῳ
1474 1136 1743 1208 θελήματι
1779 1152 1934 1205 φυσι-

353 1230 469 1293 κῶς
493 1228 898 1299 κατεκόσμησε,
932 1226 1116 1281 δίδωσι
1146 1228 1310 1298 νόμον
1342 1227 1512 1299 αὐτῷ,
1536 1229 1612 1300 μὴ
1634 1226 1934 1297 γεύσασθαι

352 1319 453 1373 τοῦ
483 1318 643 1386 ξύλου
683 1318 783 1387 τῆς
820 1316 1099 1385 γνώσεως.
1144 1317 1283 1387 Περὶ
1309 1312 1370 1371 οῦ
1436 1316 1594 1382 ξύλου
1642 1317 1935 1387 αὑταρκῶς

352 1412 419 1465 ὲν
431 1410 512 1481 τῷ
538 1410 667 1480 περὶ
691 1407 1029 1479 παραδείσου
1066 1406 1368 1477 κεφαλαίῳ,
1412 1407 1555 1460 κατά
1580 1421 1644 1474 γε
1674 1408 1773 1478 τὴν
1795 1408 1934 1476 ἡμε-

353 1501 530 1572 τέραν
553 1500 858 1571 εἰρήκαμεν
880 1498 1132 1568 δύναμιν.
1165 1497 1383 1568 Ταύτην
1417 1497 1517 1568 τὴν
1541 1497 1760 1568 ἐντολὴν
1786 1498 1935 1570 αὺτῷ

352 1591 595 1652 δίδωσιν,
618 1588 1108 1657 ιπαγγειλάμενος,
1161 1587 1237 1651 ὡς
1286 1589 1336 1641 εί
1373 1588 1474 1657 μὲν
1496 1587 1722 1659 φυλάξοι
1752 1588 1812 1642 τὸ
1837 1589 1935 1659 τῆς

354 1681 537 1749 ψυχῆς
585 1678 823 1749 ἀξίωμα,
886 1676 964 1749 τῷ
1005 1677 1151 1749 λόγῳ
1208 1677 1307 1748 τὴν
1348 1679 1507 1749 νίκην
1570 1679 1765 1743 διδοὺς,
1814 1679 1935 1730 ὲπι-

367 1769 659 1839 γινώσκων
720 1768 814 1823 τὸν
836 1768 1120 1834 κτίσαντα,
1173 1768 1270 1822 καὶ
1325 1769 1520 1823 τούτου
1554 1760 1843 1840 φυλάττων
1872 1770 1934 1822 τὸ

2037 590 2093 644 in
2124 598 2267 645 terra
2295 600 2434 660 erat,
2488 600 2754 664 quantum
2790 593 2857 649 ad
2888 604 3087 663 cerpus
3116 592 3340 663 degens,
3392 595 3613 663 spirita-

2037 678 2161 734 liter
2198 696 2323 735 cum
2362 684 2571 753 angelis
2603 684 2952 749 versabatur,
2992 684 3207 740 divinas
3238 686 3605 754 cogitationes

2036 771 2315 835 excolcns.
2348 774 2552 843 quibus
2567 775 2852 831 alebatur:
2882 775 3063 831 nudus
3090 776 3160 831 ob
3182 775 3617 845 simplicitatem,

2034 862 2315 934 vitamque
2364 866 2592 921 minime
2621 866 2879 932 fucatam,
2918 874 3083 937 atque
3110 866 3176 920 ad
3237 866 3414 923 solum
3457 880 3615 920 creas

2034 958 2207 1006 torem
2234 967 2331 1022 per
2353 968 2441 1009 res
2474 954 2545 1008 ab
2566 968 2632 1009 eo
2655 954 2908 1010 conditas
2928 969 3244 1025 assurgens,
3277 955 3451 1023 ipsius
3481 969 3617 1009 con-

2034 1041 2405 1110 templationis
2433 1042 2711 1112 voluptate
2734 1043 3137 1113 iucundissime
3163 1042 3472 1098 fruebatur.

2108 1132 2352 1189 Hominis
2375 1135 2429 1188 in
2460 1135 2716 1203 paradiso
2760 1144 2931 1190 status
2960 1144 3010 1190 et
3039 1137 3217 1191 ruina.
3246 1166 3317 1177 —
3347 1134 3614 1202 Quoniam

2036 1224 2219 1296 itaque
2246 1225 2391 1281 Deus
2420 1242 2567 1294 eum,
2599 1236 2867 1297 quantum
2898 1227 2966 1282 ad
2994 1237 3246 1282 naturam
3277 1226 3351 1280 ita
3381 1241 3617 1282 exorna-

2036 1328 2209 1384 verat,
2242 1325 2301 1371 ut
2349 1318 2522 1374 libera
2559 1319 2841 1374 voluntate
2892 1319 3153 1391 praeditus
3183 1328 3351 1385 esset,
3400 1318 3543 1373 hanc
3566 1318 3616 1373 ei

2035 1407 2207 1476 legem
2231 1408 2436 1470 sanxit,
2463 1424 2531 1464 ne
2558 1408 2627 1464 de
2663 1408 2913 1465 scientia:
2944 1410 3090 1479 ligno
3122 1415 3403 1476 gustaret:
3425 1408 3490 1464 de
3509 1423 3618 1478 quo

2036 1497 2261 1566 quidem
2319 1496 2472 1568 ligno
2501 1498 2556 1552 in
2600 1498 2780 1569 capite
2846 1499 2914 1552 de
2946 1498 3204 1568 paradiso
3254 1513 3351 1568 pro
3394 1498 3617 1552 modulo

2036 1597 2225 1642 nostro
2254 1589 2388 1643 satis
2424 1588 2699 1643 diximus:
2732 1590 2834 1643 hoc
2866 1602 3031 1658 porro
3055 1588 3370 1643 mandatum
3403 1588 3452 1643 ei
3476 1603 3618 1658 pra:-

2037 1679 2330 1736 scribendo
2360 1679 2638 1749 pollicitus
2665 1689 2753 1735 est
2776 1680 2909 1745 fore,
2930 1689 2989 1735 ut
3010 1680 3057 1733 si
3083 1682 3277 1735 anlma:
3295 1679 3614 1749 dignitatem

2037 1773 2112 1826 ita
2160 1771 2509 1835 custodisset,
2545 1779 2605 1825 ut
2635 1771 2917 1826 victoriam
2953 1771 3157 1825 rationi
3192 1771 3538 1832 conciliaret,
3563 1778 3625 1825 et

359 1862 716 1934 πρόσταγμα,
746 1861 847 1930 τῆς
873 1860 1044 1915 ἀϊδίου
1083 1860 1299 1931 μεθέξει
1352 1862 1778 1933 μακαριότητος,
1832 1865 1926 1916 καὶ

2040 1864 2218 1933 agnito
2245 1862 2533 1928 Creatore,
2556 1870 2885 1934 praeceptum
2908 1862 3030 1933 ejus
3059 1863 3399 1929 observaret,
3416 1871 3616 1917 :eterna

358 1952 590 2023 ζήσεται
618 1954 699 2015 είς
735 1951 829 2005 τὸν
855 1952 1048 2016 αἰῶνα,
1082 1952 1346 2023 κρείττων
1364 1953 1595 2008 θανάτου
1618 1956 1929 2026 γενόμενος’

361 2042 412 2096 εί
443 2041 501 2095 δέ
524 2059 586 2111 γε
611 2043 706 2097 καὶ
742 2042 842 2114 τὴν
866 2043 1048 2114 ψυχὴν
1079 2044 1340 2111 ὑποτάξει
1386 2044 1465 2115 τῷ
1494 2044 1731 2116 σώματι,
1758 2046 1851 2099 καὶ
1868 2045 1937 2099 τὰ

360 2132 457 2187 τοῦ
491 2132 744 2203 σώματος
774 2135 1109 2206 προτιμήσει
1135 2135 1367 2207 τερπνὰ,
1402 2135 1501 2207 τὴν
1532 2138 1741 2191 οἰκείαν
1769 2136 1938 2209 τιμὴν

359 2224 663 2293 ἀγνοήσας,
697 2224 794 2277 καὶ
821 2226 933 2287 τοῖς
968 2225 1222 2296 ἀνοήτοις
1255 2227 1653 2297 παρεικασθεὶς
1691 2229 1933 2299 κτήνεσι,

359 2310 459 2365 τοῦ
490 2311 855 2383 πεποιηκότος
888 2313 987 2383 τὴν
1013 2313 1245 2384 ζεύγλην
1272 2315 1727 2387 ἀποσεισάμενος,
1759 2316 1937 2371 καὶτὸ

360 2401 510 2455 θεῖον
531 2401 697 2456 αὑτοῦ
731 2402 978 2473 παριδὼν
1004 2403 1307 2476 ἐπίταγμα,
1348 2404 1564 2475 θανάτῳ
1596 2405 1746 2459 ἔσται
1772 2407 1939 2461 ὑπεύ-

362 2493 546 2557 θυνος,
577 2493 670 2548 καὶ
696 2492 892 2565 φθορᾷ,
935 2494 1033 2550 καὶ
1064 2494 1213 2567 πόνῳ
1266 2494 1804 2569 καθυποϐληθήσεται
1846 2498 1939 2553 τὸν

360 2582 717 2651 ταλαίπωρον
742 2584 919 2640 ἕλκων
951 2584 1088 2655 βίον.
1131 2586 1207 2639 Οὐ
1241 2586 1349 2658 γὰρ
1373 2582 1451 2658 ἦν
1483 2588 1754 2653 λυσιτελὲς
1778 2590 1935 2644 ἀπεί-

367 2693 567 2745 ραστον
604 2674 685 2729 ἔτι
719 2677 1076 2747 τυγχάνοντα,
1102 2677 1198 2731 καὶ
1226 2677 1486 2749 ἀδόκιμον
1518 2690 1567 2745 P,
1590 2680 1693 2750 τῆς
1720 2681 1937 2753 ἀφθαρ-

368 2765 494 2828 σίας
529 2768 736 2837 τυχεῖν,
786 2766 874 2821 ίνα
913 2766 989 2838 μὴ
1013 2768 1094 2831 είς
1134 2766 1308 2837 τῦφον
1350 2769 1572 2843 ἐμπέσῃ
1623 2770 1719 2825 καὶ
1762 2774 1937 2843 κρῖμα

363 2853 463 2907 τοῦ
510 2855 761 2910 διαϐόλου
781 2872 797 2887 ο
855 2859 1066 2924 ἐκεῖνος
1096 2859 1206 2930 γάρ
1253 2859 1341 2914 διά
1364 2861 1425 2915 τὸ
1467 2860 1768 2933 ἄφθαρτον,
1796 2864 1937 2936 μετά

363 2946 467 3017 τὴν
514 2948 580 3000 ὲκ
629 2948 1001 3020 προαιρέσεως
1052 2949 1349 3020 ἔκπτωσιν,
1409 2953 1513 3025 τὴν
1564 2954 1624 3009 έν
1667 2954 1746 3026 τῷ
1782 2955 1938 3027 κακῷ

365 3038 783 3110 ἀμεταμέλητον
802 3039 951 3111 laxe,
981 3042 1076 3096 καὶ
1092 3042 1362 3115 ἄτρεπτον
1378 3045 1684 3116 παγιότητα
1705 3064 1720 3078 ·
1748 3046 1935 3119 ὥσπερ

367 3123 436 3181 αὖ
470 3129 633 3184 πάλιν
649 3130 744 3185 καὶ
770 3131 821 3184 οί
853 3130 1102 3201 ἀγγελοι,
1136 3134 1275 3205 μετά
1310 3136 1410 3207 τὴν
1458 3138 1523 3192 ἐκ
1560 3137 1935 3210 προαιρέσεως

2034 1954 2374 2011 beatitudine
2417 1953 2713 2019 frueretur,
2748 1964 3037 2024 morteque
3063 1953 3315 2024 superior
3358 1952 3629 2017 evadens,

2032 2048 2090 2102 in
2118 2061 2282 2103 omne
2316 2060 2490 2101 aevum
2522 2046 2729 2102 viveret
2762 2063 2779 2100 :
2818 2046 2903 2102 sin
2937 2054 3120 2100 autem
3156 2046 3421 2099 honorem
3454 2058 3631 2098 suum.

2036 2137 2219 2191 minus
2240 2137 2573 2206 intelligens,
2627 2151 2693 2190 ae
2727 2135 2992 2206 iumentis
3028 2134 3420 2205 insipientibus
3464 2148 3616 2188 com-

2036 2233 2261 2295 paratus
2284 2226 2349 2291 ¹⁶,
2378 2237 2610 2281 excusso
2627 2224 2941 2279 Conditoris
2975 2222 3127 2294 jugo,
3157 2221 3618 2291 sanctissimeque

2037 2315 2411 2386 ipsiusedieto
2450 2316 2719 2387 neglecto,
2746 2315 2989 2370 animum
3061 2314 3285 2384 corpori
3338 2313 3615 2369 subderet.

2037 2408 2398 2477 corporisque
2419 2408 2729 2477 voluptates
2774 2404 3021 2475 potiores
3070 2404 3317 2469 haberet,
3370 2404 3536 2457 morti
3564 2411 3629 2456 et;

2038 2498 2382 2569 corruptioni
2449 2498 2604 2553 ﬁeret
2661 2496 2974 2562 olmoxius,
3027 2495 3393 2566 miseramque
3450 2493 3617 2549 vitam

2038 2589 2284 2655 trahens,
2311 2588 2600 2645 laborandi
2620 2587 2933 2645 necessitati
2956 2586 3325 2657 subjiceretur
3345 2586 3410 2639 ⁸⁵.
3435 2584 3624 2656 Neque

2038 2680 2184 2736 enim
2235 2682 2312 2735 illi
2349 2688 2556 2738 tentato
2586 2680 2864 2746 nondum,
2896 2693 2998 2735 nec
3026 2679 3314 2749 explorato
3342 2677 3622 2731 immorta-

2038 2772 2246 2828 litatem
2277 2771 2510 2843 adipisci
2544 2770 2912 2834 conducebat,
2944 2784 3015 2825 ne
3043 2769 3101 2823 in
3152 2766 3495 2838 superbiam.
3533 2768 3621 2821 in-

2038 2877 2145 2935 que
2177 2862 2381 2919 diaboli
2406 2861 2672 2933 judicium
2720 2860 3009 2916 incideret.
3039 2859 3174 2913 Nam
3210 2856 3619 2919 immortalitas.
3668 2878 3671 2881 ·

2038 2953 2257 3026 quaille
2294 2953 2560 3024 praeditus
2593 2936 2734 3019 erat,
2774 2950 2981 3017 eﬂ‘ecit,
3011 2957 3073 3005 ut
3118 2956 3416 3020 postquam
3444 2948 3629 3003 libera.

2038 3045 2323 3099 voluntate
2381 3045 2572 3115 lapsus
2619 3050 2747 3109 est,
2789 3040 3185 3097 immutabilem
3234 3038 3517 3109 deinceps.
3567 3046 3629 3092 et

2041 3134 2376 3206 paenitentia:
2401 3143 2680 3205 expertem
2712 3132 2768 3188 in
2799 3131 2943 3186 malo
2967 3130 3279 3187 ﬁrmitatem
3328 3127 3621 3192 habuerit;

366 3219 468 3289 τῆς
494 3221 698 3294 ἀρετῆς
727 3222 980 3294 έκλογὴν,
1020 3224 1121 3293 τὴν
1147 3226 1207 3280 έν
1237 3224 1315 3299 τῷ
1345 3226 1496 3300 καλῷ
1522 3227 1611 3284 διά
1643 3229 1743 3302 τῆς
1770 3229 1929 3302 χάρι-

2040 3226 2500 3298 quemadmodum
2560 3240 2755 3281 rursus
2813 3222 2989 3294 angeli
3050 3229 3176 3293 post
3256 3219 3632 3277 voluntariam

366 3327 460 3375 τος
481 3312 880 3387 ἀμετακίνητον
912 3314 1143 3388 ίδρυσιν.

443 3585 592 3640 Ἔδει
631 3588 810 3643 τοίνυν
838 3590 1103 3661 πρότερον
1160 3590 1559 3663 δοκιμασθέντα
1586 3594 1679 3649 τδν
1729 3594 1941 3667 ἀνθρω·

372 3692 471 3730 πον
493 3692 508 3708 ·
530 3676 672 3747 ἀνὴρ
698 3677 808 3748 γάρ
841 3679 1195 3751 ἀπείραστος,
1220 3683 1501 3754 ἀδόκιμος,
1534 3685 1752 3749 οὐδενὸς
1775 3686 1938 3755 λόγου

369 3767 521 3834 ἀξιος
546 3778 605 3819 (ι’
641 3770 737 3823 καὶ
757 3771 825 3841 τῇ
850 3771 1020 3843 πείρᾳ
1066 3772 1155 3827 διά
1187 3773 1287 3843 τῆς
1318 3776 1604 3846 τηρήσεως
1646 3776 1749 3846 τῆς
1798 3778 1940 3831 ἐντο-

370 3856 469 3928 λῆς
494 3859 876 3926 τελειωθέντα,
902 3861 1046 3916 οῦτω
1088 3862 1188 3935 τὴν
1224 3864 1556 3936 ἀφθαρσίαν,
1611 3868 1813 3938 ἀρετῆς
1848 3884 1939 3921 κο-

374 3950 635 4020 μίσασθαι
659 3951 911 4008 έπαθλον.
966 3954 1146 4019 Μέσος
1175 3956 1285 4027 γὰρ
1312 3956 1447 4011 Θεοῦ
1502 3958 1600 4013 καὶ
1626 3958 1759 4029 ῦλης
1784 3960 1939 4029 γενόο

374 4056 556 4109 μενος,
582 4041 674 4095 διὰ
705 4042 805 4114 μὲν
827 4043 927 4114 τῆς
955 4047 1239 4116 τηρήσεως
1267 4048 1367 4119 τῆς
1391 4048 1637 4119 ἐντολῆς,
1676 4051 1815 4121 μετά
1838 4051 1938 4123 τὴν

370 4131 691 4205 ἀπαλλαγὴν
717 4133 816 4203 τῆς
844 4133 982 4205 πρὸς
1001 4135 1071 4189 τά
1100 4136 1229 4191 ὄντα
1249 4139 1483 4210 φυσικῆς
1508 4141 1769 4209 σχέσεως,
1802 4142 1939 4196 ένω-

371 4220 485 4287 θεὶς
513 4223 590 4293 τῷ
618 4224 736 4295 Θεῷ
757 4224 877 4279 καθ’
906 4224 1042 4291 ἕξιν,
1076 4227 1174 4298 τὴν
1190 4230 1318 4299 περὶ⁹
1350 4228 1411 4282 τὸ
1442 4230 1606 4284 καλὸν
1634 4232 1939 4303 παγιότητα

371 4313 671 4383 λαμϐάνειν
708 4316 1110 4389 ἀμετακίνητον
1135 4318 1328 4388 ῑμελλε
1350 4335 1365 4351 ο
1397 4320 1485 4374 διά
1506 4321 1564 4375 δὲ
1602 4322 1703 4393 τῆς
1761 4340 1939 4393 παρα·

370 4403 589 4469 ϐάσεως
645 4407 785 4478 πρὸς
830 4410 930 4479 τήν
987 4408 1122 4480 ὓλην
1175 4410 1379 4481 μᾶλλον
1418 4412 1684 4484 κινηθεὶς,
1711 4415 1806 4469 καὶ
1838 4417 1939 4487 τῆς

372 4496 538 4550 αὐτοῦ
606 4498 805 4565 αίτίας,
834 4499 929 4555 τοῦ
955 4502 1090 4556 Θεοῦ
1124 4503 1288 4575 φημὶ,
1313 4504 1636 4571 ἀποσπάσας
1664 4507 1756 4560 τὸν
1792 4507 1936 4574 νοῦν,

371 4589 440 4658 τῇ
473 4588 649 4660 φθορᾷ
677 4592 1173 4661 προσοικειοῦσθαι,
1218 4596 1311 4651 καὶ⁸
1349 4596 1593 4669 παθητὸς
1638 4600 1763 4654 ἀντὶ
1790 4600 1941 4654 ἀπα-

373 4675 523 4743 θοῦς,
559 4681 655 4735 καὶ
676 4681 868 4755 θνητὸς
910 4685 1033 4739 ἀντὶ
1085 4686 1355 4742 ἀθανάτου
1392 4689 1661 4759 γίνεσθαι,
1696 4692 1790 4745 καὶ
1815 4709 1941 4747 συν-

370 4767 639 4841 δυασμοῦ,
680 4774 776 4827 καὶ
827 4776 1061 4846 ῥευστῆς
1108 4780 1416 4851 γεννήσεως
1467 4783 1800 4849 ἐπιδέεσθαι,
1847 4787 1942 4839 καὶ

371 4862 440 4931 τῇ
466 4861 651 4931 ἐφέσει
680 4866 783 4935 τῆς
821 4864 987 4938 ζωῆς,
1023 4869 1131 4923 τῶν
1158 4871 1259 4941 μὲν
1282 4873 1473 4942 ήδέων,
1514 4875 1591 4939 ὼς
1625 4875 1785 4946 δῆθεν
1807 4876 1938 4930 ταύ-

2039 3316 2259 3373 virtutis
2291 3315 2614 3372 electionem
2655 3312 2842 3371 divina
2883 3312 3059 3383 gratia
3097 3311 3155 3366 in
3204 3311 3353 3367 bono
3402 3310 3477 3363 ita
3526 3307 3620 3362 ﬁxi

2039 3406 2378 3478 stabilitique
2405 3412 2557 3474 sunt,
2593 3410 2654 3460 ut
2674 3404 2744 3461 ab
2770 3418 2837 3460 eo
2874 3401 3191 3460 nullatenus
3221 3400 3337 3472 jam
3359 3398 3620 3455 dimoveri

2038 3505 2261 3569 queant.

2109 3589 2348 3659 Injuncti
2367 3588 2574 3643 Adamn
2592 3589 2838 3659 pracepti
2867 3604 3052 3642 causa.
3074 3615 3143 3627 —
3161 3583 3312 3655 Opus
3327 3591 3447 3639 erat
3461 3582 3627 3652 igitus

2039 3690 2098 3737 ut
2123 3681 2286 3737 homo
2306 3681 2539 3751 primum
2561 3681 2958 3751 exploraretur,
2975 3678 3103 3748 quia
3127 3677 3215 3731 vir
3232 3690 3341 3730 non
3365 3675 3624 3745 probatus

2039 3788 2139 3829 nec
2165 3781 2427 3836 tentatus,
2462 3772 2668 3827 nullius
2704 3771 2863 3840 pretii
2884 3778 2968 3827 est
3017 3771 3105 3835 ⁸⁶;
3143 3781 3356 3838 suoque
3402 3764 3622 3835 experi-

2042 3872 2230 3919 mento
2274 3877 2370 3933 per
2413 3862 2669 3931 pracepti
2709 3859 3145 3915 observationem
3186 3854 3463 3927 perfectus
3492 3868 3625 3908 eva-

2039 3954 2194 4017 dens,
2226 3952 2307 4009 sic
2338 3952 2555 4007 demum
2596 3965 2697 4020 pro
2732 3949 2952 4005 virtutis
2987 3946 3209 4018 praemio
3242 3941 3624 3999 immortalita-

2038 4053 2145 4101 tem
2177 4048 2623 4111 consequeretur.
2666 4037 2802 4092 Nam
2834 4052 2959 4092 eum
3015 4035 3185 4091 Deum
3245 4032 3407 4098 inter,
3457 4038 3624 4093 mate—

2038 4135 2286 4203 riamque
2326 4131 2502 4187 media
2535 4122 3030 4201 quadam'ratione
3074 4125 3405 4181 constitutus
3454 4132 3633 4184 esset,

2038 4230 2114 4283 ita
2135 4235 2484 4299 comparatus
2504 4233 2643 4290 erat,
2667 4235 2746 4290 ut,
2765 4224 2811 4281 si
2835 4223 3054 4294 quidem
3076 4221 3333 4276 mandato
3349 4218 3637 4290 paruisset

2039 4320 2227 4375 relicta
2260 4318 2496 4373 naturali
2545 4332 2643 4373 sua
2676 4331 2803 4389 erga
2830 4331 2919 4371 res
2952 4321 3165 4371 creatas
3193 4308 3621 4370 necessitudine,

2039 4412 2149 4467 Deo
2193 4410 2503 4466 arctissima
2534 4408 2817 4464 affectione
2853 4406 3161 4477 copulatus,
3196 4402 3528 4458 immobilem
3568 4400 3639 4453 itL

2040 4503 2187 4558 bono
2216 4502 2526 4555 ﬁrmitatem
2570 4506 2893 4568 accepturus
2926 4505 3070 4552 esset
3101 4514 3115 4548 :
3147 4495 3235 4551 sin
3288 4500 3494 4553 autem,
3541 4490 3625 4543 di-

2045 4592 2168 4647 vina
2190 4591 2308 4663 lege
2343 4591 2560 4656 violata,
2596 4590 2652 4646 in
2684 4605 2772 4645 res
2820 4588 3059 4643 materia:
3108 4586 3398 4641 immersas
3441 4580 3627 4650 prola-

2039 4699 2194 4755 psus,
2224 4692 2462 4739 mentem
2486 4696 2516 4737 a
2543 4682 2654 4737 Deo
2683 4688 2907 4736 auctore
2936 4694 3036 4735 suo
3053 4675 3432 4736 abstraxisset,
3461 4670 3643 4740 201

2037 4775 2444 4845 corruptionem
2509 4773 2614 4829 sibi
2667 4777 2998 4835 accerseret,
3061 4767 3347 4835 factusque
3390 4775 3487 4832 pro
3519 4759 3623 4813 im—

2037 4866 2281 4938 passibili
2322 4864 2623 4936 passibilis,
2650 4873 2703 4918 et
2732 4877 2831 4933 pro
2856 4859 3152 4917 immortali
3189 4854 3457 4918 mortalis,
3485 4865 3620 4907 con-

371 4966 474 5021 την
494 4954 889 5021 συνιστώντων,
930 4958 1250 5031 ἀντέχεσθαι
1269 4978 1283 4994 ·
1330 4964 1465 5031 πρὸς
1495 4964 1552 5017 δὲ
1583 4966 1710 5029 τοὺς
1731 4964 1936 5019 τούτων

2040 4957 2186 5030 iugio
2211 4958 2467 5028 ﬂuxaque
2491 4954 2841 5027 generatione
2863 4968 3000 5023 opus
3028 4951 3253 5006 haberet
3277 4964 3292 5012 ;
3315 4960 3423 5017 quo
3450 4943 3620 5002 ﬁeret,

374 5044 863 5116 προμηθουμένους
886 5048 985 5120 τὴν
1009 5051 1266 5122 στέρησιν
1297 5054 1469 5119 ἀδεῶς
1496 5056 1900 5126 ἀπεχθάνεσθαι
1918 5074 1933 5088 ·

374 5132 470 5219 καὶ
497 5133 597 5205 τὴν
621 5134 723 5205 μέν
768 5136 956 5207 ἔφεσιν
1009 5139 1074 5194 ὲκ
1097 5140 1235 5195 Θεοῦ
1265 5144 1403 5214 πρὸς
1452 5145 1552 5217 τὴν
1584 5146 1738 5219 ὓλην,
1771 5148 1864 5202 τὸν
1883 5147 1941 5202 δὲ

373 5218 566 5292 θυμὸν,
596 5224 663 5278 ὲκ
698 5223 793 5278 τοῦ
831 5228 932 5299 τῆς
958 5229 1234 5301 σωτηρίας
1266 5231 1436 5296 ὅντως
1465 5234 1661 5307 ἐχθροῦ
1693 5235 1933 5307 μεταφέο

2041 5057 2099 5105 ut
2127 5050 2198 5105 ob
2236 5052 2362 5104 vitae
2392 5047 2745 5111 desiderium,
2803 5042 3144 5099 delectabilia
3202 5038 3442 5109 quidem,
3477 5034 3623 5089 velut

2040 5156 2160 5197 eam
2206 5140 2413 5197 tuentia
2448 5139 2873 5210 amplexaretur,
2912 5149 3008 5191 eos
3036 5146 3167 5189 vero
3222 5129 3314 5201 qui
3346 5128 3462 5182 haec
3516 5123 3620 5180 sibi

2040 5234 2254 5305 eripere
2308 5231 2609 5297 studerent,
2674 5227 2940 5301 pertinaci
2991 5224 3119 5282 odio
3153 5221 3377 5277 haberet
3413 5235 3428 5286 ;
3460 5224 3631 5287 atque-

446 5394 490 5427 “
519 5393 879 5467 Psal.xt.vnt,
926 5400 1012 5457 15.
1094 5403 1136 5436 ¹⁵
1170 5403 1187 5459 l
1217 5402 1358 5461 Tim.
1390 5406 1549 5472 m,8.
1632 5408 1674 5440 ¹⁶
1715 5409 1899 5466 Eccle.
1958 5426 2147 5476 xxxiv,
2186 5413 2273 5467 il.

1645 5562 1881 5619 VARUS
1922 5562 2331 5620 LECTIONES.

443 5698 469 5728 "
504 5688 647 5771 ιτζιηι.
681 5693 883 5771 Ῡετοιι.
918 5697 1095 5771 agent
1126 5698 1247 5767 γῆς.
1298 5706 1351 5771 _°
1376 5697 1572 5771 Noster
1593 5699 2010 5771 σεμνυνόμενος.
2089 5710 2116 5750 ρ
2143 5699 2208 5771 ιι.
2236 5699 2271 5753 2
2292 5696 2685 5771 ἀδοκίμαστον.
2764 5707 2789 5747 σι
2812 5672 3169 5753 l‘arentliesis
3204 5694 3306 5751 ista
3369 5692 3523 5749 abest
3562 5687 3619 5741 in

370 5763 633 5822 omnibus
677 5765 847 5825 ferme
877 5763 1196 5837 codicibus,
1216 5774 1270 5825 et
1296 5768 1351 5826 in
1382 5763 1841 5830 translationibus
1877 5763 2179 5842 Burgundii
2206 5779 2259 5826 et
2291 5763 2473 5825 Fabri;
