3996 6212
364 361 472 425 989

1395 372 1492 431 DE
1524 376 1700 435 FIDE
1729 378 2189 437 ORTHODOXA
2231 379 2373 437 LIB.
2408 378 2525 439 III.

3500 385 3610 448 900

358 474 456 528 καὶ
477 472 901 545 ἀνθρωπότητος
956 478 1096 551 αὕτη
1148 482 1522 537 συντέθειται’
1571 486 1693 541 οὔτε
1737 490 1845 561 μὴν
1887 494 1937 543 ἐν

2046 499 2245 546 natura
2273 492 2327 545 in
2363 491 2728 563 compositam
2758 505 2955 547 versus
2980 498 3065 548 est
3092 494 3156 548 δ’.
3192 495 3268 549 lta
3300 512 3402 553 nec
3429 494 3578 552 Patri
3601 538 3616 560 .

360 566 577 635 θεότητί
608 568 837 621 ἐστικαὶ
884 570 1266 643 άνθρωπότητι
1287 593 1299 605 ο
1344 576 1467 629 οὔτε
1491 578 1546 630 δὲ
1585 579 1718 643 Θεὸς
1739 581 1937 652 ὀνομα-

362 656 645 727 σθήσεται,
671 658 791 712 οὐδὲ
812 658 1119 731 ἅνθρωπος,
1155 663 1291 717 ἀλλὰ
1332 667 1565 735 Χριστὸς
1608 670 1769 737 μόνον
1794 687 1807 700 ·
1843 672 1937 724 καὶ

358 748 510 801 ἔσται
536 749 616 815 τὸ,
647 750 905 818 Χριστὸς,
954 752 1015 804 οὐ
1059 753 1158 822 τῆς
1209 755 1562 821 ὑποστάσεως
1586 756 1776 828 ὄνομα,
1803 760 1940 813 ἀλλὰ

357 839 458 908 τῆς
486 841 619 908 μιᾶς
649 841 772 895 κατ’
806 841 1003 905 αὐτοὺς
1034 843 1267 913 φύσεως.

2042 585 2202 651 cujus
2236 584 2468 654 simplex
2526 593 2721 638 natura
2772 592 2889 648 est,
2940 585 3435 644 consubstantialis
3486 592 3617 653 erit,

2044 690 2143 729 nec
2175 676 2375 741 matri,
2411 676 2619 746 quippe
2649 691 2770 745 quae
2798 692 2864 730 ex
2908 676 3111 731 deitate
3165 685 3218 731 et
3270 677 3620 734 humanitate

2045 769 2353 836 composita
2380 783 2490 822 non
2520 775 2603 822 est
2628 786 2641 834 ;
2680 783 2781 822 nec
2814 768 2942 822 item
2973 769 3026 821 iu
3058 768 3257 822 deitate
3282 777 3336 823 et
3365 770 3618 823 humaui—

2046 863 2155 910 tate
2188 858 2328 921 erit,
2367 873 2471 913 nec
2503 857 2648 913 Deus
2679 858 3116 927 nuncupabitnr,
3151 874 3253 912 nec
3288 858 3453 911 homo
3475 898 3489 921 ,
3522 857 3620 913 sed

356 934 611 988 Christus
635 935 937 991 duntaxat:
971 938 1187 1008 eritque
1218 940 1422 995 Christi
1448 942 1796 1011 vocabulum,
1822 959 1933 1000 non
1970 962 2220 1018 personte
2255 952 2433 1022 ipsius
2462 967 2664 1007 nomen
2687 993 2702 1017 ,
2735 954 2830 1009 sed
2859 955 3046 1021 unius,
3077 964 3137 1010 ut
3204 955 3286 1008 illi
3355 960 3617 1018 censent,

357 1037 597 1083 naturae.

437 1122 631 1195 Ἡμεῖς
650 1124 728 1190 δὲ,
764 1126 1022 1181 συνθέτου
1058 1128 1272 1197 φύσεως
1295 1130 1387 1184 τὸν
1408 1132 1644 1202 Χριστὸν
1681 1134 1940 1204 δογματί-

356 1212 548 1286 ζομεν,
581 1216 702 1270 οὐδὲ
730 1217 791 1282 ἐξ
812 1218 1015 1290 ἑτέρων
1038 1220 1225 1290 ἕτερον
1258 1223 1303 1287 ί,
1335 1224 1525 1294 ὥσπερ
1544 1226 1610 1277 ἐκ
1638 1225 1817 1295 ψυχῆς
1846 1226 1941 1277 καὶ

358 1307 611 1379 σώματος
640 1309 947 1381 ἄνθρωπον,
974 1312 1006 1382 ἢ
1039 1312 1117 1377 ὡς
1139 1316 1203 1367 ὲκ
1225 1316 1509 1386 τεσσάρων
1540 1319 1819 1388 στοιχείων
1842 1318 1940 1370 σῶι

357 1416 456 1467 μα,
492 1397 613 1451 ἀλλ’
656 1400 716 1464 ἐξ
759 1400 965 1469 ἐτέρων
992 1404 1067 1473 (8)
1095 1404 1165 1457 τὰ
1195 1406 1336 1459 αὑτά
1367 1405 1380 1455 1'
1410 1421 1427 1438 ο
1458 1408 1522 1460 ἐκ
1547 1408 1802 1477 θεότητος
1826 1410 1936 1481 γάρ

354 1491 451 1542 καὶ
482 1489 901 1563 άνθρωπότητος
940 1494 1071 1549 Θεὸν
1110 1497 1337 1561 τέλειον,
1372 1498 1462 1550 τὸν
1513 1500 1699 1569 αὐτὸν,
1732 1500 1828 1553 καὶ
1852 1497 1934 1553 εἷο

346 1592 467 1642 ναι,
499 1580 595 1633 καὶ
616 1580 889 1649 λέγεσθαι,
921 1585 986 1637 ἐκ
1007 1584 1103 1638 δύο
1123 1603 1205 1651 τε,
1246 1588 1342 1640 καὶ
1366 1589 1426 1641 ὲν
1457 1588 1576 1642 δυσὶ
1603 1589 1831 1657 φύσεσιν
1858 1590 1933 1662 (9)

354 1670 749 1742 ὁμολογοῦμεν.
790 1674 862 1728 Τὸ
880 1674 956 1740 δὲ,
988 1677 1246 1746 Χριστός,
1278 1679 1448 1749 ὄνομα
1465 1681 1565 1750 τῆς
1587 1682 1938 1745 ὑποστάσεως

354 1758 612 1831 λέγομεν,
648 1764 709 1816 ού
762 1766 1114 1836 μονοτρόπως
1150 1768 1468 1839 λεγόμενον,
1508 1770 1645 1825 ἀλλὰ
1693 1772 1803 1825 τῶν
1841 1772 1936 1824 δύο

355 1850 579 1919 φύσεων
636 1854 885 1924 ὑπάρχον
951 1860 1306 1927 σημαντικόν.
1347 1862 1521 1925 Αὐτὸς
1583 1862 1692 1931 γὰρ
1744 1864 1935 1916 ἑαυτὸν

354 1942 543 2013 ἔχρισε
564 1959 578 1973 ⁸
608 1944 777 2017 χρίων
808 1946 907 2016 μὲν
938 1948 1015 2012 ὡς
1044 1948 1177 2012 Θεὸς
1204 1951 1267 2003 τὸ
1303 1952 1464 2021 σῶμα
1496 1956 1563 2024 τῇ
1597 1953 1810 2023 θεότητι
1840 1956 1935 2008 αὑ·
1965 1941 2008 1995 Β

353 2034 471 2101 τοῦ,
516 2036 806 2107 χριόμενος
851 2039 930 2104 δὲ,
987 2041 1064 2105 ὡς
1092 2043 1415 2115 ἄνθρωπος·
1467 2047 1632 2110 αὐτὸς
1658 2049 1768 2120 γάρ
1819 2051 1936 2104 ἐστι

353 2126 512 2181 τοῦτο
541 2130 785 2184 κάκεῖνο.
832 2132 1032 2203 Χρίσις
1059 2134 1116 2187 δὲ
1145 2138 1178 2206 ἡ
1231 2136 1423 2207 θεότης
1448 2141 1548 2210 τῆς
1582 2140 1940 2212 άνθρωπότη-

353 2236 466 2283 τος.
504 2221 703 2295 Είγὰρ
765 2226 894 2294 μιᾶς
946 2226 1162 2295 φύσεως
1213 2229 1465 2284 συνθέτου
1510 2230 1586 2284 ὢν
1623 2234 1936 2304 ὁΧριστὸς,

353 2313 636 2381 ὀμοούσιός
689 2316 805 2369 ἐστι
860 2317 940 2388 τῷ
968 2319 1163 2389 Πατρὶ,
1206 2322 1358 2374 ἔσται
1406 2322 1515 2393 ἄρα
1559 2325 1652 2377 καὶ
1685 2327 1713 2378 ό
1746 2327 1939 2397 Πατὴρ

358 2402 635 2472 σύνθετος,
668 2408 761 2462 καὶ
788 2411 853 2480 τῇ
888 2411 1052 2481 σαρκὶ
1087 2414 1372 2482 όμοούσιος
1394 2456 1408 2482 ,
1444 2416 1580 2488 ὅπερ
1599 2418 1816 2484 ἄτοπον,
1838 2420 1933 2471 καὶ

353 2495 537 2567 πάσης
576 2498 927 2571 βλασφημίας
953 2502 1245 2559 ἀνάπλεον.

424 2769 551 2834 Πῶς
575 2770 633 2824 δὲ
660 2771 755 2824 καὶ
787 2771 885 2842 μία
912 2772 1076 2842 φύσις
1098 2773 1208 2827 τῶν
1234 2776 1493 2828 ἐναντίων
1515 2776 1790 2830 ούσιωδῶν
1819 2778 1934 2830 δια-

2108 1135 2217 1191 Nos
2256 1152 2385 1191 vero
2420 1138 2705 1194 Christum
2736 1137 3160 1207 haudquaquam
3194 1139 3358 1195 unius
3394 1155 3617 1213 compo-

2038 1228 2159 1283 sitae
2186 1238 2400 1284 natura:
2425 1245 2548 1286 esse
2576 1231 2959 1301 prmdicamus,
2988 1246 3164 1300 neque
3189 1248 3254 1287 ex
3284 1234 3407 1289 aliis
3431 1236 3578 1291 aliud
3599 1279 3614 1301 ,

2037 1321 2499 1389 quemadmodum
2529 1338 2594 1377 ex
2623 1323 2808 1377 anima
2840 1332 2893 1377 et
2922 1337 3154 1393 corpore
3180 1324 3456 1381 hominem
3481 1368 3495 1391 ,
3526 1343 3619 1383 aut

2037 1422 2105 1461 ex
2143 1417 2384 1477 quatuor
2413 1410 2701 1465 elementis
2723 1450 2737 1473 ,
2770 1425 3010 1479 corpus;
3043 1427 3231 1465 verum
3269 1428 3335 1467 ex
3378 1414 3616 1470 diversis

2037 1501 2228 1555 eadem
2262 1500 2329 1554 “.
2364 1501 2647 1570 Siquidem
2679 1516 2744 1555 ex
2781 1500 2985 1556 deitate
3012 1511 3065 1554 et
3098 1502 3441 1559 humanitate
3471 1522 3619 1560 eum-

2036 1592 2159 1646 dem
2195 1591 2363 1647 Deum
2406 1592 2743 1662 perfectum,
2780 1603 2835 1648 et
2869 1593 3147 1648 hominem
3185 1595 3489 1664 perfectum
3518 1638 3531 1659 ,
3565 1612 3619 1653 et

2034 1698 2192 1748 esse,
2223 1692 2279 1739 et
2307 1686 2451 1750 dici,
2487 1693 2657 1754 atque
2686 1701 2753 1739 ex
2785 1685 2997 1739 duabus
3018 1724 3033 1747 .
3068 1693 3121 1739 et
3164 1687 3216 1739 in
3259 1687 3473 1743 duabus
3510 1703 3611 1741 na-

2036 1776 2181 1831 turis
2226 1792 2351 1833 esse
2399 1777 2751 1832 conﬁtemur.
2801 1775 3012 1831 Christi
3067 1792 3233 1847 porro
3284 1779 3615 1833 vocabulum

2036 1881 2285 1937 persona:
2313 1883 2438 1924 esse
2468 1868 2710 1923 dicimus
2731 1906 2746 1931 ,
2780 1867 2927 1937 quod
2962 1882 3070 1921 non
3104 1869 3363 1924 unimode
3389 1869 3613 1934 dicitur,

2036 1958 2129 2011 sed
2157 1957 2433 2027 duplicem
2463 1968 2715 2011 naturam
2744 1957 3039 2027 significat.
3074 1957 3194 2027 Ipse
3227 1959 3499 2027 siquidem
3530 1976 3617 2016 se-

2036 2048 2218 2117 ipsum
2252 2048 2442 2111 unxit,
2475 2063 2678 2118 corpus
2707 2048 2963 2103 videlicet
2997 2063 3155 2103 suum
3187 2049 3477 2106 divinitate
3511 2068 3613 2105 sua

2035 2141 2322 2211 ungenda,
2355 2149 2617 2210 tanquam
2650 2140 2835 2205 Deus,
2891 2151 3093 2195 unctus
3142 2148 3357 2205 autem,
3409 2148 3469 2195 ut
3521 2142 3617 2194 ho-

2036 2246 2162 2295 mo;
2193 2232 2642 2301 quandoquidem
2676 2233 2826 2301 ipse,
2857 2232 3041 2286 ethoc
3062 2272 3077 2295 ,
3114 2240 3169 2287 et
3199 2231 3334 2285 illud
3367 2241 3472 2287 est.
3506 2230 3616 2285 Un-

2034 2326 2146 2379 ctio
2185 2337 2355 2392 porro
2396 2324 2759 2378 humanitatis
2799 2329 2886 2377 est
2923 2322 3205 2378 divinitas.
3246 2321 3536 2377 Enimvero
3568 2322 3615 2378 si

2038 2415 2297 2470 Christus
2330 2428 2436 2469 una
2476 2421 2690 2468 tantum
2732 2414 3039 2482 composita
3076 2423 3273 2467 natura
3315 2412 3613 2483 prazditus,

2039 2507 2187 2562 Patri
2219 2506 2716 2563 consubstantialis
2748 2513 2866 2569 est,
2898 2507 3005 2560 erit
3036 2514 3092 2561 et
3135 2504 3300 2560 Pater
3340 2508 3618 2577 composi-

2034 2606 2126 2653 tus
2148 2639 2162 2663 ,
2196 2607 2253 2653 et
2286 2598 2441 2653 carni
2472 2596 2970 2653 consubstantialis
2998 2614 3011 2661 ;
3047 2597 3193 2666 quod
3228 2597 3377 2652 dictu
3412 2598 3608 2653 absur-

2033 2690 2162 2744 dum
2194 2697 2313 2753 est,
2347 2699 2403 2743 et
2434 2688 2582 2742 omni
2620 2688 2900 2757 impietate
2928 2687 3151 2757 plenum
3182 2687 3247 2741 “.

2101 2782 2185 2835 Ad
2217 2784 2369 2844 haec,
2402 2795 2643 2849 quonam
2687 2789 2852 2848 pacto
2900 2794 3011 2833 una
3063 2777 3370 2847 eademque
3416 2787 3617 2833 natura

353 2860 537 2931 φορῶν
584 2861 807 2932 δεκτικὴ
862 2864 1185 2933 γενήσεται;
1240 2864 1362 2927 Πῶς
1400 2868 1507 2935 γὰρ
1557 2866 1782 2919 δυνατὸν
1834 2868 1936 2937 τὴν

2043 2872 2484 2928 substantialium
2535 2870 2973 2925 differentiarum
3024 2875 3217 2923 mutuo
3258 2870 3617 2939 pugnantium

352 2952 521 3022 αὐτὴν
550 2951 713 3020 φύσιν
745 2953 887 3005 κατὰ
913 2953 1108 3007 ταύτὸν
1133 2955 1358 3024 κτιστὴν
1376 2951 1512 3008 εἶναι
1536 2957 1630 3009 καὶ
1652 2957 1931 3021 ἄκτιστον,

352 3044 555 3115 θνητὴν
594 3044 689 3099 καὶ
742 3044 1035 3113 ἀθάνατον,
1088 3048 1471 3117 περιγραπτὴν
1496 3048 1591 3102 καὶ
1624 3049 1933 3119 ἀπερίγρα-

348 3150 482 3189 πτον
506 3152 521 3199 ;

417 3229 479 3282 Ei
509 3227 564 3280 δὲ
593 3229 723 3299 μιᾶς
761 3228 1015 3296 λέγοντες
1062 3229 1153 3285 τὸν
1182 3230 1417 3300 Χριστὸν
1472 3231 1707 3300 φύσεως,
1743 3232 1925 3304 ἁπλῆν

344 3320 551 3389 ταύτην
576 3320 805 3383 εἴποιεν,
841 3321 873 3390 ἢ
910 3320 1117 3389 γυμνὸν
1143 3321 1307 3374 αὐτὸν
1339 3321 1472 3374 Θεὸν
1502 3323 1921 3392 ὁμολογήσουσι,

346 3405 443 3460 καὶ
470 3408 773 3476 φαντασίαν
801 3408 1135 3474 είσάξουσιν,
1166 3409 1267 3461 οὐκ
1298 3410 1736 3483 ὲνανθρώπησιν,
1771 3413 1804 3485 ἢ
1832 3413 1925 3483 ψι-

2023 2978 2196 3031 capax
2230 2962 2336 3017 erit
2357 2962 2380 3014 ’ί
2401 2961 2505 3026 Qui
2536 2961 2683 3014 enim
2720 2960 2835 3014 fieri
2874 2966 3075 3028 potest,
3099 2968 3157 3011 ut
3185 2959 3375 3013 eadem
3417 2966 3617 3013 natura

2028 3053 2190 3112 simul
2216 3092 2230 3115 ,
2264 3058 2317 3106 et
2348 3059 2533 3105 creata
2563 3050 2634 3106 sit
2659 3089 2673 3111 ,
2705 3059 2759 3104 et
2790 3050 3033 3104 increata
3064 3064 3078 3112 ;
3113 3048 3362 3103 mortalis
3382 3088 3397 3113 ,
3425 3057 3481 3104 et
3516 3050 3621 3103 im-

2030 3142 2285 3198 mortalis
2309 3159 2324 3207 ;
2359 3139 2785 3208 circumscripta
2808 3180 2837 3203 ,λ
2862 3145 2914 3192 et
2951 3136 3433 3208 incircumscripta
3458 3138 3481 3191 ?

2099 3231 2487 3300 Monophysitw
2517 3228 2789 3285 Christum
2828 3241 3052 3296 utraque
3105 3236 3301 3280 natura
3330 3227 3621 3297 perfectum

2032 3323 2295 3392 fatentur.
2328 3351 2397 3362 --
2425 3322 2581 3387 Quod
2618 3320 2663 3375 si
2695 3322 2863 3374 etiam
2891 3319 3174 3375 Christum
3216 3328 3426 3374 naturae
3457 3319 3621 3374 unius

2040 3429 2167 3470 esse
2195 3413 2481 3479 dicentes,
2513 3412 2821 3478 simplicem
2860 3408 3007 3465 hanc
3036 3425 3163 3465 esse
3202 3420 3491 3476 asserunt,
3528 3418 3623 3465 aut

414 3585 463 3619 δ’
484 3584 628 3641 Max.
648 3584 821 3656 Epist.
849 3584 917 3639 ad
945 3584 1109 3641 Joan.
1142 3586 1311 3641 cubic.
1347 3602 1401 3656 p.
1423 3586 1548 3642 279.
1624 3588 1671 3620 ”
1692 3588 1769 3642 ω.
1795 3588 1929 3644 ibid.
1962 3605 2017 3660 p.
2040 3589 2167 3644 286.
2243 3589 2290 3621 “
2310 3588 2503 3659 Eulog.
2524 3588 2668 3660 apud
2698 3586 2840 3641 Max.
2876 3597 2915 3642 t.
2958 3587 3023 3654 ll,
3046 3603 3101 3657 p.
3132 3588 3260 3643 145.

1624 3744 1711 3800 VA
1724 3746 1860 3801 RIE
1900 3746 2303 3803 LECTIONES.

423 3838 437 3876 i
476 3834 609 3906 Reg.
647 3834 763 3906 5_et
794 3834 951 3889 Colb.
976 3834 1011 3888 2
1038 3835 1224 3906 ἔτερόν
1249 3854 1326 3889 τι.
1356 3836 1446 3890 Sic
1476 3843 1634 3891 vetns
1667 3838 1897 3905 interpr.
1948 3837 2101 3890 aliud
2120 3840 2267 3906 quid.
2348 3836 2360 3887 i
2404 3836 2541 3906 Reg.
2588 3836 2622 3890 '5
2648 3832 2857 3906 ταῦτα.
2900 3833 3098 3906 Ἐιὼοιῇ
3136 3835 3269 3899 illa;
3314 3834 3396 3906 sic
3452 3835 3621 3906 Masi-

346 3921 488 3970 mus,
521 3903 613 3958 lih.
658 3903 735 3959 De
768 3906 979 3960 vocibus
1014 3908 1069 3960 in
1096 3903 1337 3960 Ecclesia
1368 3909 1608 3975 receptis,
1636 3906 1713 3959 ait
1761 3903 2043 3961 Christum
2092 3903 2217 3962 eSse
2260 3906 2352 3960 δύο
2384 3903 2575 3975 φύσεις
2598 3942 2613 3970 ,
2641 3905 2723 3957 ὃτι
2764 3904 2839 3975 μὴ
2894 3904 2961 3957 ἐκ
3009 3904 3215 3958 τούτων
3274 3905 3434 3975 μόνον
3486 3904 3622 3959 ἁλλά

346 3976 442 4029 καὶ
464 3975 658 4029 ταῦτα.

1853 4061 2092 4119 NOTA'J.

423 4154 499 4225 (8)
553 4151 717 4210 Ἀλλ’
736 4155 805 4218 ἐξ
824 4153 1145 4225 ἐτέρωνᾼτὰ
1171 4152 1475 4225 αὐτά-δώ
1513 4170 1577 4207 ea:
1599 4154 1817 4209 diversis
1844 4174 1935 4210 ea-

351 4223 491 4281 dem.
522 4225 601 4279 lta
635 4225 696 4279 S.
736 4225 1005 4278 Maximus
1034 4223 1295 4295 dixerat:
1333 4223 1484 4277 Duas
1511 4234 1734 4278 naturas
1768 4228 1935 4295 conﬁ-

351 4304 542 4359 temur,
581 4295 745 4348 Deum
778 4303 827 4348 et
851 4295 1119 4365 hominem
1144 4293 1328 4365 illum,
1361 4310 1473 4365 esse
1507 4295 1789 4358 credendo,
1840 4293 1931 4365 qui

349 4383 456 4419 non
494 4366 668 4418 solum
705 4380 770 4419 ex
808 4364 926 4417 istis
957 4364 1047 4423 sit,
1073 4364 1210 4415 άλλά
1247 4364 1342 4415 καὶ
1383 4364 1581 4427 ταῦτα,
1608 4368 1699 4418 sed
1728 4375 1777 4419 et
1823 4364 1933 4419 ha'c

349 4438 491 4503 ipsa.
526 4433 580 4488 Id
606 4435 751 4504 quod
777 4442 905 4488 ante
946 4440 1389 4504 propugnaverat
1434 4434 1699 4501 Eulogius
1748 4452 1813 4491 ex
1846 4437 1931 4490 his

348 4502 542 4592 Cyrilli
578 4502 968 4592 verbislepist.
1009 4502 1507 4592 :27,’ed_rS_u_c_cels‘s.f
1541 4506 1683 4592 ,Ἕνα
1706 4507 1813 4592 ’τεαὶ
1842 4507 1933 4557 τὸν

348 4573 515 4628 αὐτὸν
541 4573 699 4628 τοῦτο
729 4574 953 4626 κάκεῖνο
1006 4573 1321 4643 ὑπάρχοντα
1340 4590 1353 4601 ·
1402 4574 1507 4637 Qui
1535 4591 1669 4630 unus
1700 4576 1936 4643 idemque

350 4646 465 4711 ipse
484 4644 581 4698 hoc
610 4645 843 4714 illudque
872 4651 970 4697 est.
999 4642 1440 4711 Καισκόπησον,
1475 4645 1654 4713 inquit
1679 4685 1691 4707 ,
1740 4645 1815 4708 ὡς
1836 4646 1935 4725 οὐκ

350 4709 508 4767 εἶπεν
534 4717 601 4767 ὲκ
623 4714 817 4766 τούτου
847 4712 1099 4765 κάκείνου
1127 4712 1441 4782 ὑπάρχοντα
1460 4729 1475 4745 ο
1506 4715 1568 4766 τὸ
1605 4714 1714 4782 γὰρ
1732 4756 1746 4779 ,
1778 4732 1937 4768 τουτο

350 4756 601 4854 Ξέἑῖεὶνέζ
623 4756 719 4837 ἐιΞᾶ
735 4756 1120 4854 wages,
1132 4756 1442 4854 gazae“;
1458 4853 1464 4854 ί
1478 4756 1567 4854 aii
1591 4756 1932 4854 β’τῖἱιῖἦοὲὶἧξῖ

351 4852 522 4907 Πάλιν
542 4854 599 4907 δὲ
626 4855 655 4906 ὁ
683 4854 844 4915 αὐτὸς
871 4851 1007 4921 πρὸς
1032 4850 1393 4921 Οὐαλεριανὸν
1420 4850 1511 4905 τὸν
1540 4850 1777 4907 ⁷Ἰκονίου
1813 4850 1936 4907 srri-

353 4939 556 4977 σκοπον
592 4922 737 4976 οὕτω
760 4922 989 4990 γράφειν
1031 4921 1243 4974 Οὐκοῦν
1267 4921 1714 4990 ὁμολογουμένως
1751 4925 1848 4990 μὲν
1876 4924 1937 4976 τὸ

350 4994 461 5046 ἀπὸ
494 4994 699 5063 σαρκὸς
726 4993 862 5062 σάρξ
890 4993 1030 5056 ἐστι,
1066 4991 1201 5063 τὸδὲ
1233 4992 1297 5041 ὲκ
1322 4992 1492 5063 βεοῡ,
1527 4991 1657 5063 Qad;
1686 5011 1698 5025 -
1731 4991 1848 5044 ἔστι
1878 4994 1935 5063 ῥὲ

350 5064 474 5139 ἕξει-θ’
507 5054 985 5139 αύτὸνάμρόἶεερα
1008 5054 1261 5139 Χριστὸς,
1292 5054 1371 5123 εἷς
1396 5054 1677 5139 ,ὢν-Υἱὸς,
1710 5058 1935 5139 ⁸καλεῖς

350 5078 473 5117 καθ’
507 5078 672 5117 αυτὸν
693 5078 985 5183 αμφοτεὲα
1009 5078 1261 5139 Αριστος,
1292 5078 1371 5123 εις
1418 5078 1495 5112 ων
1539 5078 1559 5111 ι
1581 5078 1677 5127 ιος,
1733 5078 1826 5114 και
1855 5078 1935 5125 εις

348 5134 569 5204 Κύριοςῌ
591 5133 731 5204 μετὰ
754 5133 859 5204 τῆς
887 5134 901 5184 ἰ
940 5131 1024 5195 ίας
1048 5132 1214 5204 αὐτου
1239 5131 1460 5204 σαρκός.
1494 5132 1567 5183 Τὸ
1598 5132 1655 5204 δᾉὲ
1674 5132 1765 5204 τὸν
1796 5133 1935 5204 ξρι-

348 5198 474 5256 στὸν
516 5198 656 5272 εἶναι
711 5198 1020 5272 ἀμφότερα,
1050 5200 1129 5272 λτί
1151 5269 1160 5272 Α
1183 5198 1371 5272 ἕτερόν
1401 5201 1642 5272 emat)
1669 5201 1775 5272 δύο
1794 5198 1932 5254 εἶναι

349 5272 544 5340 φύσεις
575 5271 677 5341 τὸν
697 5267 965 5341 Χριστόν·
1008 5270 1070 5323 ού
1103 5269 1214 5339 γὰρ
1248 5267 1402 5323 εἶπεν
1438 5267 1693 5333 ἐνταῦθα,
1730 5271 1790 5335 ἐξ
1827 5272 1935 5340 ἀμ-

349 5338 598 5412 φοτέρων
629 5338 794 5412 εἶναι,
827 5340 940 5395 ἀλλ’
964 5342 1047 5393 ὃτι
1076 5341 1566 5412 άμφότεράᾼὲστιν
1620 5341 1649 5392 ὁ
1674 5338 1929 5412 Χριστὸς,

349 5359 480 5407 φοτι
566 5360 598 5395 ν
629 5359 794 5403 ειναι,
827 5359 936 5395 αλλ’
964 5359 1047 5393 οτι
1095 5359 1381 5409 αμφοτερα
1414 5359 1566 5393 εστιν
1620 5359 1649 5392 ο
1674 5359 1927 5412 λριστος,

349 5407 433 5474 εἷς
472 5359 583 5465 £3"
612 5411 847 5468 Observa
878 5412 1039 5466 etiam
1066 5410 1218 5463 illum
1245 5426 1348 5464 non
1371 5410 1603 5475 dixisse,
1634 5426 1699 5463 ex
1733 5412 1826 5465 hoc
1851 5420 1927 5463 at-

389 5498 451 5536 us
476 5482 577 5537 illo
600 5490 894 5537 exstantem
928 5479 1086 5551 (quod
1117 5480 1326 5551 quidem
1346 5496 1523 5551 verum
1540 5482 1701 5551 erat),
1725 5483 1815 5535 sed
1840 5482 1930 5551 qui

351 5499 451 5601 qua
476 5499 577 5537 suo
600 5499 894 5537 exstantem
928 5499 1086 5551 (quoa
1117 5499 1326 5549 quidem
1346 5499 1523 5534 verum
1542 5499 1701 5550 erat),
1725 5499 1813 5535 sea
1840 5499 1929 5551 qui

392 5567 454 5605 oc
478 5561 532 5607 et
560 5554 697 5606 illud
732 5554 963 5608 exsistit.
1019 5549 1289 5619 Namqhoc
1320 5560 1370 5604 et
1410 5549 1545 5602 illud
1579 5566 1795 5619 prorsus
1828 5558 1933 5605 duo

356 5632 504 5691 sunt,
531 5623 821 5691 quamlibet
869 5618 1260 5676 noluerit...8ed
1289 5630 1337 5674 et
1377 5621 1453 5672 sic
1505 5618 1615 5691 ipse
1648 5637 1834 5674 rursus
1864 5623 1932 5675 ad

371 5688 709 5746 Valerianum
739 5692 912 5746 Iconii
932 5692 1230 5758 episcopum
1256 5691 1443 5744 scribit
1472 5709 1492 5746 :
1525 5690 1698 5759 Igitur
1724 5694 1776 5744 in
1803 5704 1930 5744 con-

364 5764 499 5831 fesso
546 5771 646 5828 est,
695 5762 828 5815 illud
884 5762 1020 5831 quod
1052 5774 1113 5815 ea:
1165 5776 1321 5815 carne
1346 5770 1446 5830 cst,
1482 5780 1591 5819 esse
1618 5778 1846 5827 carnem,
1882 5771 1929 5815 et

2039 4156 2177 4227 quod
2206 4153 2431 4227 οπο-ρο,
2469 4155 2657 4209 Deum.
2692 4151 2789 4208 Est
2814 4163 2989 4227 autem
3022 4153 3184 4207 simul
3220 4163 3439 4223 utraque
3467 4154 3621 4212 Clu-i-

2040 4223 2178 4287 stas,
2205 4226 2294 4292 qui
2322 4224 2498 4279 Filius
2530 4242 2667 4296 unus
2699 4226 2868 4296 sit_.iet
2900 4223 3156 4278 Dominus
3193 4239 3327 4279 unus
3354 4241 3473 4279 cum
3499 4244 3623 4296 pro~

2037 4296 2156 4362 pria
2179 4311 2278 4347 sua
2310 4312 2495 4365 carne.
2522 4295 2696 4347 Porro
2744 4294 3009 4349 Christum
3034 4304 3270 4365 utraque
3315 4311 3446 4365 esse,
3494 4294 3619 4365 quid

2040 4364 2189 4417 aliud
2216 4366 2306 4427 sit,
2334 4366 2436 4417 nisi
2460 4364 2730 4418 Christum
2760 4376 2985 4418 naturas
3008 4364 3143 4416 duas
3164 4380 3297 4417 esse.
3331 4363 3451 4418 Non
3479 4363 3619 4419 enim

2038 4435 2121 4487 hic
2153 4436 2309 4497 dixit,
2343 4451 2405 4489 ex
2439 4436 2710 4489 ambobus
2742 4452 2873 4496 esse.
2922 4435 3017 4487 sed
3053 4441 3306 4504 utraque,
3344 4450 3434 4487 seu
3467 4437 3622 4489 ambo

2040 4504 2286 4559 Christus
2315 4513 2413 4564 est,
2445 4522 2564 4557 cum
2600 4514 2775 4558 tamen
2810 4522 2943 4557 unus
2977 4507 3070 4557 sit.

2111 4574 2186 4645 (9)
2224 4574 2333 4627 Καὶ
2359 4576 2428 4627 ἐν
2461 4574 2603 4645 δυσὶ
2627 4578 2909 4643 φύσεσιν.
2955 4572 3025 4625 Ει
3066 4575 3119 4626 in
3148 4572 3352 4626 duabus
3387 4573 3616 4645 naturis.

2038 4643 2263 4698 Dixerat
2302 4644 2575 4715 Eutyches
2601 4661 2665 4715 ex
2701 4645 2921 4715 duabus
2947 4644 3160 4715 naturis
3187 4658 3348 4715 unam
3389 4658 3514 4715 esse
3541 4643 3621 4695 fa-

2037 4724 2184 4768 ctum
2220 4729 2233 4765 :
2279 4724 2333 4768 at
2362 4711 2472 4768 Leo
2500 4713 2569 4767 M.
2602 4713 2866 4767 Flaviano
2896 4713 3002 4768 CP.
3053 4714 3356 4783 rescripsit,
3382 4714 3455 4783 in
3480 4711 3619 4766 dua-

2038 4784 2132 4837 bus
2159 4785 2319 4837 etiam
2363 4786 2598 4849 naturis,
2630 4792 2852 4838 exstare
2877 4784 3160 4838 Christum
3193 4800 3207 4836 :
3234 4782 3392 4851 quod
3428 4782 3620 4836 Patres

2035 4853 2519 4907 Chalcedonenses
2566 4854 2932 4922 proﬁtendum
2968 4867 3222 4910 sanxere.
3276 4853 3327 4905 ln
3359 4852 3621 4922 editioni-

2036 4923 2140 4977 hus
2177 4920 2624 4993 actorumhujus
2657 4923 2850 4993 synodi
2884 4936 2985 4993 pro
3007 4923 3062 4973 ὲν
3106 4922 3199 4974 δύο
3233 4922 3450 4993 φύσεσι,
3482 4920 3620 4989 legi-

2036 5001 2125 5045 tur
2150 4994 2214 5045 ὲκ
2248 4992 2343 5045 δύο
2377 4991 2618 5060 φύσεων,
2651 4991 2795 5059 quod
2831 4992 3086 5045 mendum
3127 4992 3327 5060 corrigi
3362 4991 3520 5045 debet
3551 5006 3619 5045 ex

2035 5061 2269 5131 Evagrio
2299 5070 2353 5116 et
2376 5063 2520 5123 aliis.
2555 5062 2647 5131 qui
2678 5070 2951 5133 testantur
2987 5061 3396 5133 Menephysitas
3425 5073 3618 5133 vocem

2036 5129 2183 5186 illam
2216 5129 2591 5196 exhorruisse,
2620 5146 2721 5186 ceu
2772 5131 2975 5200 Cyrillo
3002 5138 3056 5185 et
3103 5129 3369 5184 anteactis
3398 5129 3629 5200 saeculis.

2035 5203 2362 5257 inauditam.
2391 5201 2561 5267 Quasi
2597 5216 2728 5256 vero
2781 5197 3018 5271 C‘yrillus
3059 5200 3355 5271 scribendo
3378 5200 3451 5271 ad
3480 5197 3620 5271 Sue-

2035 5287 2250 5326 cessum
2278 5313 2291 5336 ,
2334 5266 2616 5327 Christum
2677 5286 2799 5325 esse
2827 5266 3153 5338 'perfectum,
3194 5270 3251 5321 ὲν
3302 5269 3536 5337 θεότητι,
3562 5266 3627 5321 in

2033 5342 2250 5404 deitate,
2284 5353 2333 5396 et
2367 5342 2653 5410 perfectum
2684 5342 2739 5394 in
2770 5340 3116 5410 humanitate,
3152 5353 3261 5392 non
3307 5338 3617 5410 significas-

2034 5420 2119 5466 set
2152 5428 2297 5473 eum,
2337 5406 2389 5464 in
2415 5406 2617 5465 duabus
2644 5411 2851 5463 naturis
2896 5409 3141 5477 perfectis
3190 5406 3420 5470 exstare,
3457 5406 3621 5460 Nice-

2034 5483 2244 5551 phorus
2303 5482 2440 5536 Call.
2500 5481 2765 5551 lib.’xvtn
2800 5481 2943 5551 Hist.
2984 5476 3033 5533 e.
3071 5476 3160 5543 46,
3199 5477 3615 5551 Nasianze‘nuut

2032 5546 2428 5620 pronuntiasse
2457 5551 2554 5614 ait,
2586 5548 3001 5620 Christumqilla
3043 5563 3259 5620 servare
3288 5549 3341 5620 in
3395 5546 3613 5620 quibus,

2033 5611 2082 5675 ἓι
2119 5622 2413 5691 exquibus,
2444 5630 2503 5691 et
2525 5611 2642 5687 qum
2673 5628 2771 5684 est,
2830 5618 2900 5671 τά
2934 5617 2993 5682 ὲξ
3036 5614 3133 5691 ὦν,
3160 5618 3254 5691 καὶ
3298 5619 3357 5669 ὲν
3385 5611 3618 5691 οἷς,“καὶ

2034 5693 2175 5762 ἅπερ
2213 5685 2347 5745 ’ἐστὶ
2386 5685 2649 5756 σώζοντα.
2686 5691 2841 5757 Quod
2879 5698 3059 5745 tamen
3094 5687 3150 5742 in
3190 5688 3309 5758 ejus
3349 5685 3619 5760 Operibus.

2034 5778 2142 5817 non
2173 5778 2351 5833 reperi
2363 5800 2376 5816 .

2606 6082 2609 6085 ·
2656 6080 2719 6111 .ξ-.;ρ
2730 6098 2739 6107 ς
