3858 6196
252 212 356 279 933

1306 215 1404 275 DE
1438 214 1615 276 FIDE
1648 214 2111 276 ORTHODOXA
2136 215 2281 275 LIB.
2317 218 2430 277 III.

3404 227 3509 288 994

336 321 463 375 Ἐπὶ
486 321 543 375 διὶ
575 321 669 376 τοῦ
692 321 896 393 Κυρίου
929 321 1087 393 ἡμῶν
1118 322 1295 393 Ἰησοῦ
1321 325 1561 397 Χριστοῦ
1584 326 1685 379 οὑκ
1718 324 1829 377 ἔστι

2005 326 2072 378 At
2104 341 2231 381 vero
2262 326 2307 358 “
2341 325 2397 379 in
2429 324 2662 380 Domino
2706 336 2897 382 nostro
2946 328 3076 385 Jesu
3118 330 3342 387 Christo
3397 350 3509 389 non

249 414 429 466 κοινὸν
467 409 607 478 είδος
651 415 856 471 λαϐεῖν.
896 414 1036 469 υὺτε
1086 417 1194 486 γάρ
1224 416 1462 485 ἐγένετο,
1503 418 1623 471 οὐδέ
1656 420 1827 483 ἔστιν,

244 502 373 557 οὔτε
398 505 532 557 ποτὲ
578 507 869 575 γενήσεται
919 506 1078 569 ἄλλος
1108 508 1345 579 Χριστὸς
1373 509 1438 563 ἐκ
1469 508 1720 578 θεότητός
1768 524 1828 560 τε

246 594 347 647 καὶ
390 595 849 668 ἀνθρωπότητος,
909 600 967 652 ὲν
1032 598 1249 669 θεότητι
1296 600 1390 652 καὶ
1425 599 1824 670 ἀνθρωπότητι,

245 684 383 747 θεὸς
408 685 613 748 τέλειος
639 688 667 739 6
698 687 881 753 αὐτὸς,
913 689 1006 742 κα)⁸
1027 688 1315 760 ἄνθρωπος
1347 689 1569 752 τέλειος.
1612 688 1828 742 Ἐντεῦ-

246 775 345 826 θεν
394 776 495 828 οὑκ
555 777 704 831 ἔστιν
765 779 939 831 είπείν
994 779 1125 849 μίαν
1159 780 1322 848 φύσιν
1350 781 1443 833 ἐπὶ
1482 780 1577 833 τοῦ
1622 780 1826 849 Κυρίου

246 864 409 933 ἡμῶν
447 865 621 937 Ἰησοῦ
656 867 918 937 Χριστοῦ,
948 868 1137 940 ὥσπερ
1168 869 1261 923 ἐπὶ
1306 869 1401 923 τοῦ
1445 870 1651 940 ἀτόμου
1691 868 1718 907 κ
1763 871 1829 923 ἐκ

241 954 433 1025 ψυχῆς
472 957 568 1011 καὶ
591 958 841 1028 σώματος
880 960 1267 1031 συγκειμένου,
1306 960 1449 1015 οὑτω
1487 963 1582 1016 καὶ
1608 962 1700 1015 ἐπὶ
1730 962 1827 1016 τοῦ

241 1050 493 1120 Χριστοῦ
524 1051 588 1103 ἐκ
609 1050 859 1121 θεότητος
914 1051 1010 1105 καὶ⁵
1059 1052 1497 1123 ἀνθρωπότητος.
1547 1054 1695 1107 Ἐκεῖ
1726 1053 1827 1125 μὲν

241 1146 360 1216 γὰρ
384 1146 611 1213 ἄτομον,
637 1143 667 1194 6
689 1142 746 1194 δὲ
776 1141 1011 1207 Χριστὸς
1039 1142 1141 1195 οὐκ
1170 1142 1370 1212 ἄτομον
1390 1158 1404 1173 ο
1430 1144 1552 1196 οὐδὲ
1573 1144 1680 1214 γάρ
1714 1144 1826 1214 ἔχει

240 1231 733 1304 κατηγορούμενον
796 1226 935 1293 εἶδος
984 1231 1372 1301 Χριστότητος.
1405 1232 1496 1284 Διὸ
1520 1232 1583 1303 δὴ
1620 1235 1684 1286 ὲκ
1735 1232 1827 1286 δύο

247 1325 472 1393 φύσεων
528 1321 773 1385 τελείων,
806 1320 957 1385 θείας
1009 1337 1068 1373 τε
1103 1320 1199 1375 καὶ
1243 1321 1614 1393 ἀνθρωπίνης,
1648 1324 1828 1393 φαμὲν

248 1414 580 1485 γεγενῆσθαι
601 1412 699 1483 τὴν
721 1412 945 1466 ἕνωσιν·
982 1412 1044 1465 οὐ
1095 1412 1237 1465 κατά
1280 1412 1521 1483 φυρμὸν,
1554 1414 1588 1484 ἢ
1629 1414 1827 1484 σύγχυ-

250 1523 357 1570 σιν,
399 1504 433 1574 ἢ
467 1504 770 1573 σύγκρασιν
797 1501 842 1568 ι,
869 1502 903 1573 ἢ
936 1503 1263 1574 ἀνάκρασιν,
1297 1503 1371 1564 ὼς
1392 1504 1421 1555 6
1447 1503 1702 1574 θεήλατος
1722 1504 1824 1575 ἔφη

248 1598 568 1669 Διόσκορος,
609 1595 917 1665 Εὑτυχήςω
957 1611 1039 1657 τε,
1079 1594 1174 1647 καὶ
1212 1594 1471 1664 Σευῆρος,
1500 1595 1594 1647 κα)⁸
1634 1597 1667 1665 ὴ
1704 1595 1829 1648 τούς

1936 425 2116 487 potest
2150 418 2325 487 accipi
2355 417 2667 472 communis
2700 419 2935 486 species.
2969 420 3155 490 Neque
3184 424 3332 477 enim
3366 421 3470 477 fuit
3491 466 3505 486 .

1938 524 2037 562 nec
2066 518 2152 563 est
2177 547 2191 572 ,
2222 522 2321 562 nec
2352 523 2594 577 unquam
2627 507 2735 562 erit
2764 508 2911 563 alius
2940 509 3191 566 Christus
3217 528 3283 567 ex
3310 514 3508 569 deitate

1934 604 1990 652 et
2022 597 2399 659 humanitate,
2436 598 2603 668 inque
2646 597 2851 652 deitate
2892 607 2948 652 et
2989 599 3333 657 humanitate
3364 603 3508 657 idem

1935 688 2213 762 perfectus
2245 686 2390 743 Deus
2410 726 2425 753 ,
2450 696 2505 743 et
2536 687 2818 758 perfectus
2853 690 3036 743 homo.
3069 688 3204 743 llinc
3236 690 3327 756 tit,
3364 701 3422 745 ut
3452 694 3508 747 in

1936 777 2166 832 Domino
2195 786 2389 833 nostro
2419 776 2551 833 Jesu
2599 778 2819 832 Christo
2868 790 3063 832 natura
3118 795 3226 833 una
3275 780 3507 835 dicenda

1935 884 2046 923 non
2080 871 2189 935 sit,
2222 878 2277 923 ut
2310 869 2503 924 eodem
2537 869 2704 923 modo
2734 868 2801 923 de
2835 867 3057 924 Christo
3087 871 3182 939 qui
3216 886 3282 924 ex
3310 871 3510 926 deitate

1934 968 1990 1017 et
2020 960 2363 1028 humanitate
2390 961 2728 1029 compositus
2755 967 2875 1023 est,
2906 961 3215 1030 loquamur,
3244 962 3411 1016 veluti
3441 962 3511 1017 de

1934 1051 2225 1106 individuo
2254 1050 2401 1120 quod
2432 1065 2664 1118 corpore
2696 1058 2751 1105 et
2780 1052 2965 1104 anima
2998 1060 3235 1105 constat.
3284 1051 3402 1107 lllic
3433 1052 3509 1107 si-

1932 1141 2155 1211 quidem
2191 1139 2537 1194 individuum
2582 1151 2702 1205 est;
2753 1148 2811 1194 at
2856 1138 3112 1194 Christus
3161 1156 3509 1211 nequaquam

1932 1242 2017 1288 est
2047 1231 2391 1286 individuutn
2422 1248 2436 1285 :
2470 1245 2647 1299 neque
2694 1230 2841 1284 enim
2890 1229 3271 1293 Christitatis,
3324 1240 3383 1285 ut
3433 1232 3510 1287 ita

1933 1322 2113 1377 dicam
2133 1363 2149 1390 ,
2179 1322 2417 1392 speciem
2453 1321 2726 1392 ejusmodi
2767 1322 2965 1384 habet,
2997 1320 3064 1376 de
3092 1338 3199 1391 qua
3246 1324 3509 1393 pradice-

1935 1425 2041 1470 tur.
2071 1417 2151 1469 Ac
2181 1414 2412 1486 proinde
2455 1430 2520 1469 es
2563 1415 2778 1470 duabus
2822 1416 3036 1470 naturis
3068 1415 3330 1484 perfectis
3356 1457 3371 1483 ,
3404 1417 3510 1471 hoc

1933 1514 2019 1563 est
2039 1545 2055 1570 ,
2086 1507 2273 1561 divina
2299 1516 2354 1561 et
2381 1506 2653 1573 humana,
2687 1506 2948 1560 unionem
2980 1521 3106 1561 esse
3138 1505 3337 1561 factam
3368 1508 3505 1562 dici—

1933 1613 2058 1654 mus
2079 1636 2095 1661 ,
2127 1613 2237 1653 non
2271 1598 2337 1650 ad
2374 1597 2595 1651 modum
2631 1597 3044 1666 conspersionis
3066 1638 3080 1661 ,
3114 1611 3216 1650 nec
3246 1611 3344 1666 per
3370 1612 3509 1652 con-

248 1705 358 1740 των
380 1686 585 1756 ἐναγὴς
609 1686 892 1756 συμμορία
918 1700 931 1715 ·
966 1685 1088 1739 οὑδὲ
1139 1686 1522 1757 προσωπικὴν,
1555 1686 1589 1755 ἢ
1647 1703 1829 1755 σχετι-

1932 1689 2247 1754 fusionem,
2278 1688 2361 1741 vel
2391 1687 2827 1743 commistionem
2849 1728 2864 1752 ,
2896 1696 2991 1741 aut
3020 1688 3467 1757 temperationem
3490 1728 3508 1752 ,

246 1775 372 1845 χὴν,
406 1775 441 1844 ἦ
466 1775 587 1827 κατ’
606 1774 783 1839 ἀξίαν,
825 1775 859 1845 ἢ
909 1773 1320 1838 ταυτοὸουλίαν,
1370 1774 1403 1845 ἢ
1451 1774 1828 1844 όμοτιμίαν,ἢ

245 1864 596 1935 ὁμωνυμίαν,
623 1865 657 1936 ἢ
688 1865 960 1929 εὐδοκίαν,
996 1865 1071 1928 ὡς
1104 1865 1132 1916 6
1165 1863 1463 1934 θεοστυγὴς
1491 1863 1594 1933 ἔφη
1628 1864 1833 1917 Νεστό-

252 1974 391 2027 ριος,
460 1956 723 2026 Διόδωρός
774 1973 857 2021 τε,
910 1958 1005 2009 καὶ⁵
1050 1957 1079 2008 6
1111 1956 1488 2025 Μοψουιστίας
1532 1954 1827 2027 Θεόδωρος,

248 2048 343 2101 καὶ
372 2050 407 2117 ἡ
438 2048 647 2102 τούτων
672 2047 1030 2117 δαιμονιώδης
1048 2049 1338 2119 ὁμήγυρις,
1361 2046 1500 2101 ἀλλά
1529 2047 1669 2103 κατά
1702 2048 1828 2103 σύν-

248 2137 426 2201 θεσιν,
454 2140 622 2209 ἡγουν
644 2139 767 2192 καθ’
800 2138 1119 2201 ὑπόστασιν,
1158 2138 1464 2208 ἀτρέπτως,
1514 2138 1611 2191 καὶ
1660 2138 1831 2206 ἀσυγ-

248 2228 456 2298 χύτως,
492 2230 585 2283 καὶ
616 2228 1011 2296 ἀναλλοιώτως,
1044 2230 1137 2283 καὶ
1160 2227 1509 2299 ἀδιαιρέτως,
1544 2228 1638 2282 καὶ
1674 2228 1831 2282 ἀδια-

248 2328 493 2392 στάτως,
542 2328 640 2381 καὶ
670 2330 727 2381 ὲν
756 2327 877 2381 δυσί⁵
909 2326 1103 2396 φύσεσι
1133 2326 1353 2389 τελείως
1395 2325 1667 2395 ἐχούσαις,
1701 2325 1831 2397 μίαν

250 2420 556 2473 ὑπόστασιν
580 2418 951 2489 ὁμολογοῦμεν
978 2418 1073 2471 τοῦ
1116 2417 1248 2470 Υίοῦ
1279 2415 1373 2471 τοῦ
1410 2416 1571 2481 Θεοῦ,
1602 2418 1698 2471 καὶ
1743 2434 1831 2470 σε·

249 2510 632 2581 σαρκωμένου,
664 2510 765 2581 τὴν
787 2508 957 2579 αὐτὴν
977 2509 1273 2562 ὑπόστασιν
1298 2507 1545 2577 λέγοντες
1583 2509 1680 2579 τῆς
1710 2507 1827 2560 θεόο

248 2618 418 2672 τητος
469 2602 563 2655 καὶ
612 2601 713 2671 τῆς
755 2601 1173 2673 ἀνθρωπότητος
1223 2600 1411 2665 αὑτοῦ,
1468 2601 1561 2653 καὶ
1602 2600 1703 2663 τάς
1736 2599 1831 2653 δύο

246 2693 449 2763 φύσεις
498 2692 883 2764 ὁμολογοῦντες
943 2690 1212 2757 σώζεσθαι
1257 2692 1316 2743 ιν
1367 2689 1518 2760 αὐτῷ
1564 2690 1704 2760 μετά
1731 2689 1831 2759 τὴν

247 2787 483 2838 {mur
522 2786 621 2839 οὑκ
681 2783 786 2856 ίδίᾳ
827 2784 923 2838 καὶ
980 2783 1252 2854 ἀναμὲρος
1298 2782 1541 2845 τιθέντες
1570 2782 1830 2846 ἑκάστην,

248 2876 368 2930 ἀλλ’
408 2872 695 2945 ἠνωμὶνας
722 2874 981 2945 ἀλλήλαις
1006 2875 1064 2928 ὲν
1091 2876 1159 2945 τῇ
1198 2875 1295 2943 μιᾷ
1318 2872 1557 2942 συνθέτῳ
1590 2872 1832 2926 ὑποστά-

248 2986 360 3024 σει.
386 2965 633 3038 οὐσιὼδη
666 2966 774 3038 γάρ
803 2983 985 3037 φαμεν
1016 2965 1115 3037 τὴν
1146 2965 1362 3031 ἕνωσιν,
1396 2962 1675 3018 τουτέστιν
1699 2964 1833 3035 ἀλη·
1857 3012 1899 3071 C

248 3060 345 3129 θῆ.
371 3060 467 3113 καὶ
498 3059 558 3112 ού
588 3058 732 3112 κατά
762 3057 1082 3128 φαντασίαν.
1117 3055 1362 3127 υὺσιὼδη
1396 3054 1474 3119 δὲ,
1501 3054 1601 3125 οὐχ
1624 3055 1699 3119 ὡς
1722 3054 1831 3109 τῶν

245 3148 348 3201 δύο
378 3148 595 3217 φύσεων
666 3146 1080 3202 ἀποτελεσασῶν
1136 3146 1266 3218 μίαν
1326 3144 1582 3199 σύνθετον
1642 3145 1829 3215 φύσιν,

248 3239 374 3292 ἀλλ’
399 3238 705 3294 ἑνωθιισῶν
733 3238 992 3310 ἀλλήλαις
1015 3240 1135 3294 κατ’
1159 3236 1417 3308 ἀλήθειαν
1441 3240 1522 3301 είς
1547 3237 1675 3309 μίαν
1701 3236 1831 3290 ὑπό-

253 3347 449 3384 στασιν
502 3330 757 3385 σύνθετον
802 3330 899 3385 τοῦ
954 3331 1083 3385 Υίοῦ
1122 3328 1217 3384 τοῦ
1247 3329 1407 3396 Θεοῦ,
1440 3330 1533 3383 καὶ
1562 3328 1831 3392 σώζεσθαι

252 3422 437 3476 αὐτῶν
480 3424 582 3494 τὴν
617 3422 847 3495 οὑσιώδη
894 3422 1159 3493 διαφορὰν
1214 3421 1539 3493 όριξόμεθα.
1594 3421 1667 3474 Τὸ
1722 3421 1833 3492 γάρ

253 3514 495 3578 κτιστδν,
534 3514 811 3585 μεμένηκε
850 3514 1091 3579 κτιστδν,
1132 3514 1230 3568 καὶ
1262 3514 1323 3567 τὸ
1362 3514 1640 3578 ἀκτιστον,
1672 3512 1831 3567 ἄκτι-

253 3619 401 3658 στον.
447 3603 522 3656 Τδ
570 3603 762 3675 θνητὸν
810 3604 992 3675 ἔμεινε
1025 3604 1240 3675 θνητὸν,
1293 3604 1386 3657 καὶ
1434 3603 1498 3656 τὸ
1526 3602 1827 3665 ἀθάνατον,

252 3694 525 3747 ἀθάνατον
548 3708 561 3722 ο
596 3694 655 3747 τὺ
676 3693 1073 3765 περιγραπτδν,
1106 3690 1514 3762 περιγραπτόν·
1540 3690 1601 3743 τὸ
1631 3688 1829 3759 ἀπερί-

252 3798 524 3852 γραπτον,
552 3782 961 3856 ἀπερίγραπτον
979 3799 993 3814 ο
1018 3782 1079 3835 τὸ
1106 3780 1301 3852 ὁρατὸν
1321 3819 1338 3844 ,
1373 3779 1590 3851 ὁρατὸν,
1640 3778 1736 3831 καὶ
1767 3776 1830 3831 τὸ

254 3874 507 3944 ἀόρατον,
537 3874 798 3943 ἀόρατον·
829 3893 847 3925 ι
869 3874 945 3926 Τὸ
979 3873 1078 3942 μὲν
1102 3871 1397 3942 διαλάμπει
1423 3870 1535 3933 τοϊς
1565 3868 1828 3939 θαύμασι,

260 3964 321 4016 τὺ
340 3964 400 4016 δὲ
424 3966 549 4028 ταῖς
576 3964 797 4034 ὑδρεσιν
828 3964 1241 4017 ὑποπέπτωκεν.
1283 3979 1303 4012 ι

1932 1778 2399 1850 quemadmodum
2432 1778 2523 1832 ille
2557 1776 2816 1831 Numinis
2845 1782 2925 1831 ira
2968 1778 3251 1833 immissus
3282 1778 3506 1834 Diosco-

1930 1885 2063 1937 rus,
2108 1868 2384 1939 Eutyches
2422 1869 2595 1933 item,
2644 1876 2699 1923 et
2746 1867 3021 1934 Severus,
3068 1871 3275 1937 quique
3329 1870 3510 1938 impia:

1930 1976 2122 2017 eorum
2150 1960 2349 2015 classis
2375 1970 2542 2027 sunt,
2571 1968 2931 2016 asseruerunt
2956 1979 2969 2014 :
2998 1976 3099 2015 nec
3124 1962 3467 2031 personalem
3489 2000 3505 2024 ,

1929 2061 2025 2107 aut
2056 2051 2360 2107 secundum
2392 2052 2718 2106 relationem
2739 2090 2755 2115 ,
2788 2060 2884 2105 aut
2913 2051 2969 2104 in
3014 2052 3230 2107 ratione
3267 2052 3508 2123 dignita-

1928 2142 2039 2208 tis,
2070 2150 2167 2196 aut
2200 2143 2253 2196 in
2292 2157 2402 2196 una
2429 2142 2733 2198 voluntatis
2771 2144 3214 2213 conspiratione,
3262 2152 3361 2198 aut
3402 2144 3501 2198 ho-

1928 2234 2083 2289 noris
2112 2233 2408 2303 qualitate,
2440 2241 2535 2287 aut
2564 2234 2753 2289 eadem
2787 2248 2851 2288 ac
2881 2235 3193 2304 promiscua
3220 2250 3508 2304 nuncupa-

1927 2328 2108 2391 tione,
2142 2334 2239 2382 aut
2266 2326 2649 2381 benevolentia
2697 2326 2976 2396 positam,
3023 2333 3083 2380 ut
3133 2326 3244 2382 Deo
3292 2326 3508 2382 invisus

1927 2417 2215 2473 Nestorius
2235 2457 2250 2483 ,
2284 2416 2668 2486 Diodorusque
2691 2453 2707 2480 ,
2738 2424 2794 2470 et
2830 2415 3293 2486 Mopsuestiensis
3324 2415 3513 2472 Theo-

1929 2508 2130 2573 dorus,
2163 2524 2289 2564 cum
2317 2508 2588 2564 diabolica
2623 2523 2723 2562 sua
2750 2514 2970 2562 caterva
3002 2518 3373 2563 censuerunt:
3410 2508 3508 2563 sed

1928 2615 2026 2670 per
2046 2600 2501 2670 compositionem
2523 2640 2539 2665 ,
2562 2598 2668 2653 hoc
2687 2606 2771 2654 est
2794 2598 3101 2653 secundum
3128 2598 3470 2670 hypostasim
3489 2637 3505 2661 ,

1930 2692 2051 2748 sine
2084 2692 2195 2747 ulla
2225 2691 2590 2746 conversione
2610 2730 2625 2755 ,
2660 2704 2761 2744 nec
2791 2688 3119 2744 confusione
3139 2729 3155 2755 ,
3190 2703 3293 2743 nec
3326 2696 3507 2742 muta-

1932 2783 2081 2837 tione
2101 2822 2117 2846 ,
2148 2794 2250 2835 nec
2283 2779 2557 2833 divisione
2577 2816 2595 2841 ,
2625 2792 2729 2831 nec
2753 2776 3019 2831 distantia
3040 2816 3055 2842 ,
3090 2776 3259 2845 inque
3292 2774 3507 2829 duabus

1932 2870 2192 2941 perfectis
2221 2870 2437 2924 naturis
2469 2883 2633 2922 unam
2663 2867 2787 2921 Filii
2820 2867 2913 2923 Dei
2963 2874 3019 2921 et
3071 2865 3343 2921 incarnati
3378 2881 3509 2935 per-

1932 2975 2126 3017 sonam
2160 2960 2490 3014 contltemur
2540 2958 2626 3025 ";
2676 2972 2843 3011 unam
2901 2956 3150 3011 dicentes
3198 2954 3508 3011 divinitatis

1933 3050 2109 3120 ipsius
2137 3055 2193 3104 et
2222 3047 2591 3102 humanitatis
2627 3046 2969 3116 hypostasim
2992 3084 3008 3109 ,
3042 3045 3206 3116 208
3239 3044 3377 3100 duas
3407 3058 3508 3098 au-

1932 3147 2041 3194 tem
2072 3147 2197 3209 post
2227 3138 2534 3192 unitiouem
2566 3144 2794 3191 naturas
2825 3136 2881 3189 in
2910 3136 3031 3204 ipso
3058 3136 3362 3191 incolumes
3387 3150 3507 3190 ser-

1932 3230 2049 3285 vari
2082 3230 2449 3284 conﬁtentes:
2489 3242 2600 3282 non
2632 3227 2708 3280 ita
2747 3235 2931 3281 tamen
2973 3233 3038 3278 ut
3079 3233 3367 3296 utramque
3407 3225 3509 3279 ha-

1931 3336 2052 3376 rum
2087 3321 2318 3377 seorsim
2353 3333 2657 3390 ponamus,
2709 3331 2899 3373 verum
2949 3318 3005 3372 in
3061 3331 3170 3370 una
3199 3315 3509 3386 composita

1932 3427 2168 3482 persona
2218 3410 2364 3467 inter
2419 3424 2479 3466 se
2528 3408 2837 3479 copulatas.
2882 3407 3311 3463 Substantialem
3361 3408 3509 3462 enim

1929 3520 2056 3561 esse
2092 3504 2235 3558 hanc
2262 3503 2523 3558 unionem
2561 3502 2836 3566 dicimus,
2891 3500 2997 3555 hoc
3046 3508 3173 3564 est,
3222 3514 3407 3554 veram
3456 3506 3512 3553 et

1931 3609 2038 3647 non
2092 3590 2494 3661 imaginariam.
2546 3589 2982 3644 Substantialem
3038 3597 3221 3644 autem
3271 3588 3352 3652 “,
3400 3603 3509 3642 non

1930 3681 2074 3753 quod
2103 3679 2223 3734 duae
2252 3690 2464 3733 natura:
2492 3690 2656 3731 unam
2693 3678 3054 3746 compositam
3090 3685 3343 3730 naturam
3375 3675 3507 3730 effe-

1934 3772 2145 3836 cerint;
2178 3769 2272 3824 sed
2301 3770 2446 3838 quod
2479 3767 2533 3820 in
2559 3781 2726 3820 unam
2751 3767 2873 3820 Filii
2900 3766 2994 3821 Dei
3028 3766 3388 3836 compositam
3412 3766 3511 3834 hy-

1938 3861 2206 3931 postasim
2240 3859 2383 3913 inter
2413 3872 2473 3912 se
2499 3857 2667 3911 unita:
2692 3857 2823 3911 sint.
2869 3857 3129 3921 Quinimo
3165 3856 3510 3911 substantia-

1936 3954 2039 4007 lem
2064 3963 2252 4007 earum
2281 3947 2645 4003 dill‘erentiam
2669 3948 2937 4017 integram
2963 3956 3017 4001 et
3040 3947 3371 4001 incolumem
3402 3962 3513 4001 ser-

266 4350 285 4382 ι
316 4329 499 4386 Unum
531 4328 749 4398 quidem
783 4328 978 4382 horum
1005 4334 1262 4381 coruscat
1306 4326 1589 4382 miraculis
1616 4367 1631 4393 ,
1683 4322 1833 4380 aliud
1873 4319 2184 4377 succumbit
2211 4316 2431 4386 injuriis
2462 4314 2530 4368 “.
2568 4332 2587 4366 ι

324 4420 640 4477 υίκιιοῦται
664 4421 720 4475 δὲ
745 4422 815 4473 τά
847 4419 1164 4491 ἀνθρώπινα
1200 4422 1229 4474 6
1269 4419 1468 4487 Λόγοςο
1510 4418 1677 4473 αὑτοῦ
1716 4419 1827 4486 γάρ

1998 4411 2424 4469 ϐοηιιηιιηὶοαιίο
2454 4408 2788 4463 idiomatum.
2811 4436 2881 4446 —
2902 4404 3137 4461 Verbum
3164 4421 3352 4476 porro,
3382 4407 3508 4476 quia

262 4514 377 4565 ἐστι
405 4513 476 4565 τά
499 4514 599 4583 τῆς
627 4511 787 4579 ἁγίας
833 4509 997 4564 αὐτοῦ
1052 4511 1257 4580 σαρκὸς
1283 4509 1413 4563 ὅντα
1434 4524 1448 4540 ·
1492 4509 1583 4562 καὶ
1616 4506 1833 4578 μεταδί-

261 4605 392 4658 δωσι
419 4613 449 4641 ιι
473 4606 538 4673 τῇ
565 4603 728 4674 σαρκὶ
747 4601 856 4655 τῶν
880 4602 1043 4665 ἰδίων,
1062 4600 1205 4655 κατά
1236 4601 1326 4654 τὸν
1353 4600 1675 4663 ἀντιδόσεως
1696 4598 1833 4669 τρό-

1938 4508 2112 4580 ipsius
2141 4511 2307 4570 sunt,
2332 4516 2452 4573 qua:
2484 4507 2693 4557 sanctae
2726 4498 2849 4569 ejus
2882 4497 3068 4552 carnis
3100 4504 3262 4562 sunt,
3293 4511 3359 4551 es
3390 4512 3511 4565 que

1940 4596 2272 4654 humanitati
2305 4592 2675 4654 conveniunt,
2708 4588 2817 4645 sibi
2868 4588 3147 4654 vindicat,
3180 4595 3235 4643 et
3264 4587 3507 4643 vicissim

263 4713 383 4761 παν,
414 4695 506 4749 διά
535 4694 634 4765 τὴν
672 4696 752 4757 είς
784 4693 987 4764 ἄλληλα
1014 4694 1127 4764 (12)
1164 4692 1275 4746 τῶν
1312 4693 1496 4763 μερῶν
1529 4690 1829 4763 περιχὼρη-

1946 4686 2138 4752 carni,
2170 4700 2294 4758 quae
2332 4698 2432 4741 sua
2466 4689 2633 4746 sunt,
2664 4677 2948 4748 impertit;
2980 4678 3076 4732 illo
3124 4678 3383 4732 nimirum
3429 4675 3510 4730 al-

325 4808 372 4839 "
405 4806 688 4876 Leontius,
719 4817 887 4862 contr.
922 4804 1039 4862 Seu.
1070 4816 1141 4876 et;
1162 4804 1386 4876 Eutych.
1436 4803 1581 4860 Max.
1616 4804 1721 4876 loc.
1746 4803 1853 4876 _cit.

260 4878 409 4934 hom.
460 4877 515 4933 5.
550 4875 767 4933 Videsis
818 4876 886 4932 ad
914 4892 964 4932 c.
1004 4876 1075 4931 65
1123 4874 1351 4931 Diale’ct.
1391 4890 1576 4946 supra.

1888 4817 1943 4872 p.
1969 4800 2095 4856 277.
2154 4799 2217 4872 *⁸⁷
2244 4799 2422 4872 Procl.
2457 4797 2621 4872 epist.
2645 4793 2684 4847 2
2705 4792 2787 4845 Ad
2816 4790 2964 4845 Arm.

1675 4874 1720 4906 δ’
1742 4871 1852 4928 Leo
1885 4864 2046 4942 papa,
2085 4869 2245 4942 epist.
2280 4868 2368 4937 10,
2427 4864 2547 4937 cap.
2574 4864 2629 4920 4.

3067 4792 3113 4825 ⁸⁸
3174 4790 3337 4861 Greg.
3372 4787 3504 4845 Naz.

1530 4989 1766 5045 VARIE
1802 4987 2201 5044 LECTIONES.

331 5088 357 5127 ι
390 5086 448 5140 1η
483 5083 608 5139 cod.
641 5083 699 5139 S.
735 5081 844 5137 Hil.
872 5085 1002 5153 Reg.
1029 5084 1116 5152 10,
1143 5082 1300 5141 Colb.
1332 5084 1387 5146 3,
1413 5092 1466 5137 et
1492 5082 1557 5136 Ν.
1590 5081 1814 5136 omissis
1840 5079 2150 5205 EJOWE$éﬁI
2178 5078 2401 5148 ἀτόμου,
2437 5082 2545 5131 etc.
2580 5073 2833 5141 sequitur
2860 5069 2940 5124 διδ
2962 5070 3024 5141 δὴ
3049 5074 3112 5122 ὲκ
3163 5068 3257 5121 δύο
3298 5066 3511 5148 φύσεων

331 5160 410 5205 {ac
434 5171 517 5205 τε.
548 5162 653 5205 etc.
736 5152 754 5192 1
786 5152 950 5205 Deest
975 5155 1031 5205 in
1068 5169 1203 5205 mss.
1234 5153 1265 5205 ἢ
1302 5154 1641 5205 σύγκρασιν.
1684 5165 1786 5205 nec
1824 5150 1974 5205 legit.
2054 5158 2174 5203 etus
2208 5148 2440 5205 interpr.
2475 5158 2573 5199 nec
2605 5140 2802 5196 Faber.
2842 5139 3040 5194 Vocem
3089 5141 3229 5193 hanc
3275 5138 3511 5205 admittit

260 5156 410 5219 θείας
434 5171 517 5217 τε,
548 5162 653 5209 etc.
736 5152 754 5192 1
786 5150 1031 5208 Decstin
1068 5150 1203 5209 mss.
1234 5153 1267 5223 ἢ
1302 5154 1606 5223 σύγκρασιν
1627 5191 1641 5216 ,
1684 5165 1786 5205 nec
1824 5150 1974 5223 legit.
2002 5150 2174 5223 Yetus
2208 5150 2440 5223 interpr.
2475 5158 2573 5199 nec
2608 5150 2802 5223 Faber.
2848 5150 3040 5223 Vocem
3063 5150 3154 5223 ἠιξ

258 5209 593 5295 Theologus.
630 5231 707 5295 mn
736 5224 980 5295 Εὑτυχὴς
1006 5209 1267 5295 omittunt
1294 5209 1772 5295 omnesl’ermeet
1798 5209 2047 5295 me'lioris
2088 5226 2231 5295 nota:
2290 5209 2535 5295 codices,
2569 5220 2875 5295 Ictu-sque
2906 5209 3214 5295 translatio.

2054 5158 2174 5203 etus
2208 5137 2440 5216 interpr.
2475 5158 2573 5199 nec
2605 5137 2802 5196 Faber.
2842 5137 3040 5194 Vocem
3089 5141 3229 5193 hanc
3275 5137 3512 5191 admittit

2088 5226 2231 5259 nntm
2290 5216 2535 5259 mdium-
2587 5220 2856 5259 vetusnue
2906 5209 3214 5259 translatio.
3316 5203 3508 5259 "Cod.

260 5278 563 5352 Ξξ-ίὶἱιΪει
594 5293 685 5349 alii
712 5278 1271 5364 quida'm'pereaisou.
1299 5293 1357 5347 In
1390 5291 1545 5348 Colb.
1577 5288 1713 5345 i550
1735 5288 2085 5344 emendatum
2116 5288 2220 5341 fuit
2260 5284 2543 5357 μετεδίδοι,
2569 5280 2724 5352 Regii
2770 5278 2885 5334 tres
2939 5278 3223 5350 μετεδίδει,
3254 5284 3514 5346 corrupte

260 5380 513 5437 prorsus.

1760 5438 1993 5497 ΝΟΤιΕ.

328 5544 444 5613 (12)
484 5544 591 5598 Διά
615 5543 730 5612 τὴν
754 5545 843 5610 είς
870 5541 1131 5609 ἄλληλα.
1174 5538 1252 5595 Ob
1299 5547 1538 5613 mutuam
1565 5535 1821 5613 partium,

263 5605 369 5671 etc.
403 5605 744 5672 Deitatem'et
775 5605 1168 5668 humanitatem
1198 5617 1381 5683 partes
1409 5607 1634 5680 perinde
1663 5605 1834 5661 Maxi-

1934 5546 2061 5588 mus
2093 5538 2273 5592 vocat,
2308 5531 2467 5601 epist.
2503 5535 2569 5585 ad
2596 5531 2751 5586 Joan.
2772 5531 3003 5588 Cubic.:
3051 5531 3285 5585 Dicimus
3313 5528 3512 5599 factum

1942 5616 2186 5657 amonem
2216 5617 2328 5656 esse
2354 5617 2418 5655 ex
2448 5603 2651 5657 duabus
2686 5604 2925 5669 naturis;
2945 5602 3143 5672 inquit,
3171 5615 3429 5665 unamque
3448 5613 3512 5652 ex
