3858 6196
276 218 383 283 997

1318 224 1417 285 DE
1438 222 1619 285 FIDE
1653 221 2119 285 ORTHODOXA
2156 222 2302 283 LIB.
2344 224 2459 285 III.

3433 224 3539 288 993

277 334 543 392 dicimus.
578 337 756 409 Ipsius
780 337 930 401 enim
962 342 1174 393 natum
1206 350 1309 407 per
1341 337 1684 409 hypostasim
1718 337 2075 407 copulantur,
2150 344 2210 389 ut
2250 351 2373 406 quae
2404 351 2568 392 unam
2595 339 2965 409 compositam
3058 339 3400 415 hypostasim
3448 342 3550 397 ha-

278 429 479 497 beant,
504 429 667 500 cujus
694 431 913 487 ratione
935 440 1052 485 tum
1075 443 1107 483 a
1134 427 1299 485 Patre
1327 437 1382 485 et
1410 429 1620 500 Spiritu
1643 437 1860 497 sancto,
1900 436 2016 487 tum
2047 443 2078 482 a
2112 434 2287 484 matre
2316 440 2371 482 et
2402 428 2564 484 nobis
2593 429 2799 485 ditl‘ert.

795 522 1051 578 ΚΕΦΔΔ.
1078 522 1134 576 Δ’
1155 521 1347 597 [MH’].

461 616 603 687 Περὶ
630 615 742 671 τοῦ
771 616 998 685 τρόπου
1016 614 1129 684 τῆς
1156 615 1522 682 ἀντιδόσεως
1555 614 1690 686 (l5).

356 714 479 765 Ὅτι
517 710 617 781 μὲν
650 703 747 763 οὖν
782 707 973 779 ἕτερόν
1004 708 1154 761 ἐστιν
1182 707 1362 770 οὐσία,
1403 708 1590 779 ἕτερον
1626 706 1867 760 ὑπόστα-

283 818 395 869 σις,
426 800 748 864 πλειστάκις
788 800 1119 871 εἰρήκαμεν,
1142 800 1239 854 καὶ
1263 800 1403 871 ὅτιή
1441 800 1541 869 μὲν
1583 798 1774 863 obuia?
1805 797 1869 850 τὸ

283 894 475 949 κοινὸν
498 892 595 945 καὶ
628 891 984 963 περιεκτικὸν
1014 888 1156 955 εἶδος
1182 891 1293 945 τῶν
1330 891 1591 962 ὁμοειδῶν
1631 892 1870 947 ὑποστά-

282 1002 429 1039 σεων
458 984 738 1055 σημαίνει,
763 979 898 1046 οἷον,
930 984 1083 1048 Θεός,
1119 984 1430 1055 ἄνθρωπος,
1470 986 1504 1054 ή
1533 983 1591 1037 δὲ
1632 984 1871 1039 ὑπόστα-

282 1093 392 1139 σις,
422 1077 631 1146 ἄτομον
661 1074 833 1146 δηλοῖ,
856 1076 976 1146 ἦτοι
1006 1075 1243 1146 Πατέρα,
1268 1075 1417 1137 Υίὸν,
1449 1074 1674 1146 Πνεῦμα
1692 1079 1866 1143 ἅγιον,

280 1167 518 1238 Πέτρον,
548 1164 781 1218 Παῦλον.
819 1165 1015 1218 Ἰστέον
1034 1165 1238 1231 τοίνυν,
1266 1166 1348 1219 ὅτι
1384 1165 1449 1218 τὸ
1481 1164 1580 1235 μὲν
1608 1165 1711 1236 τῆς
1753 1166 1870 1219 θεό-

279 1276 448 1326 τητος
476 1258 572 1311 και)⁵
597 1258 696 1328 τῆς
729 1256 1146 1328 ἁνθρωπότητος
1175 1256 1347 1329 ὄνομα
1368 1257 1478 1311 τῶν
1499 1258 1720 1323 οὐσιῶν,
1751 1259 1869 1330 ἦτοι

282 1348 397 1401 τῶν
456 1347 672 1417 φύσεών
726 1349 846 1400 ἐστι
890 1348 1301 1418 παραστατικόν
1339 1363 1351 1376 ·
1407 1347 1469 1399 τὸ
1508 1347 1566 1399 δὲ
1613 1346 1744 1409 Θεός
1774 1348 1870 1401 καὶ

283 1444 597 1513 ἄνθρωπος,
653 1440 752 1495 καὶ
798 1440 892 1493 ἐπὶ
942 1441 1043 1510 τῆς
1094 1440 1312 1509 φύσεως
1362 1440 1643 1505 τάττεται,
1680 1440 1869 1511 ὥσπερ

284 1534 416 1585 ὅταν
450 1542 477 1582 P
514 1531 786 1601 λέγωμεν,
810 1530 946 1594 Θεός
975 1532 1124 1585 ἐστιν
1157 1530 1537 1601 ἀκατάληπτος
1562 1531 1741 1597 οὑσία,
1778 1532 1871 1585 καὶ

282 1623 367 1676 δτι
389 1617 472 1685 εἷς
495 1619 630 1683 Θεός
656 1636 671 1650 ο
699 1618 1035 1690 λαμϐάνεται
1078 1618 1157 1684 δὲ,
1212 1620 1307 1674 καὶ
1350 1620 1442 1673 ἐπὶ
1480 1619 1593 1673 τῶν
1636 1620 1872 1675 ὑποστά-

285 1730 454 1777 σεων,
478 1712 558 1777 ὡς
582 1710 678 1766 τοῦ
703 1712 1080 1783 μερικωτέρου
1111 1696 1406 1782 δεᾷομένου
1442 1712 1504 1765 τὸ
1522 1711 1618 1765 τοῦ
1650 1711 1871 1767 καθολι-

1896 528 1945 584 Α

2603 521 2756 575 CAP.
2793 521 2887 578 IV.

1973 658 1991 679 ,
2039 608 2116 662 De
2142 609 2298 664 modo
2325 619 2521 665 mutua:
2543 612 3040 668 communicationis
3068 617 3471 682 proprietatum.

2041 698 2279 753 Nomina
2336 704 2639 756 communia
2680 712 2731 758 et
2770 704 3011 773 propria,
3059 735 3129 745 —
3168 706 3324 772 Quod
3377 725 3553 780 porro

1969 790 2119 845 aliud
2155 792 2229 845 sit
2254 792 2593 859 substantia,
2622 802 2677 848 et
2709 797 2857 851 aliud
2888 798 3226 869 hypostasis,
3262 803 3552 859 multoties

1969 897 2001 936 a
2031 883 2193 940 nobis
2224 884 2435 939 dictum
2465 895 2549 941 est
2578 905 2592 942 :
2640 890 2947 961 quodque,\
2964 892 3279 948 substantia
3314 896 3429 951 sive
3458 913 3545 952 es-

1970 975 2170 1038 sentia,
2196 990 2548 1032 communem
2603 985 2870 1049 speciem,
2924 983 3288 1055 ejusdemque
3338 990 3544 1059 speciei

1973 1080 2242 1134 personas
2322 1070 2787 1138 complectentem
2874 1075 3168 1144 signiticet,
3233 1087 3297 1132 ut
3377 1079 3543 1148 Deus,

1969 1155 2172 1223 homo;
2202 1172 2441 1227 persona
2484 1168 2670 1216 autem
2719 1178 2784 1216 ac
2838 1164 3154 1235 hypostasis
3188 1170 3543 1226 individuum

1970 1244 2217 1327 denotet,
2254 1256 2386 1318 puta
2430 1248 2675 1317 Patrem,
2720 1251 2945 1321 Filium,
2993 1264 3048 1313 et
3084 1259 3349 1329 Spiritum
3411 1278 3545 1319 san-

1969 1346 2142 1400 ctum,
2196 1338 2445 1406 Petrum,
2511 1341 2763 1399 Paulum.
2815 1346 3185 1412 Quamobrem
3240 1352 3547 1409 observam

1969 1429 2100 1484 dum
2136 1440 2242 1498 est,
2267 1433 2416 1501 quod
2461 1433 2768 1492 divinitatis
2814 1446 2871 1493 et
2912 1441 3274 1499 humanitatis
3318 1460 3545 1511 nomen,

1970 1521 2314 1579 substantias
2376 1525 2496 1581 sive
2558 1535 2792 1582 naturas
2848 1530 3167 1599 signiﬁcat:
3219 1542 3276 1588 at
3343 1549 3545 1592 nomen

1972 1613 2119 1670 Deus
2153 1630 2219 1670 ac
2248 1616 2437 1683 homo,
2489 1626 2606 1673 tum
2642 1620 2711 1675 de
2751 1628 2948 1674 natura
2978 1630 3297 1693 usurpatur,
3329 1635 3388 1680 ut
3420 1642 3545 1683 cum

1971 1705 2231 1773 dicimus,
2286 1709 2429 1764 Deus
2470 1718 2555 1765 est
2601 1710 2914 1765 substantia
2943 1714 3425 1784 incomprehensa,
3465 1729 3543 1785 et,

287 1804 536 1875 κυπέρου
573 1802 765 1874 ὄνομα,
796 1803 873 1868 ὡς
901 1804 1029 1858 ὅταν
1055 1802 1220 1874 φησὶν
1254 1805 1287 1875 ἡ
1311 1804 1503 1875 Γραφή
1527 1821 1541 1834 ·
1570 1805 1671 1859 Διὰ
1699 1804 1865 1858 τοῦτο

1974 1812 2117 1853 unus
2151 1808 2235 1854 est
2272 1798 2451 1867 Deus;
2480 1810 2593 1854 tum
2645 1804 2812 1856 etiam
2848 1805 2915 1860 de
2951 1808 3227 1875 personis,
3259 1818 3539 1878 quatenus

284 1896 495 1965 ἔχρισέ
526 1910 601 1950 σε
634 1898 667 1949 ὁ
698 1895 863 1961 Θεὸς,
889 1898 924 1949 ό
950 1898 1093 1962 Θεός
1114 1910 1253 1950 σου.
1297 1896 1429 1949 Ἰδοὺ
1464 1896 1573 1965 γὰρ
1616 1895 1709 1948 τὸν
1753 1897 1867 1949 Πα-

284 1987 424 2057 τέρα
446 1988 540 2040 καὶ
570 1987 661 2042 τὸν
684 1986 812 2041 Υίὸν
849 1987 1087 2058 ἐδήλωσε
1107 2005 1121 2019 ⁸
1146 1991 1242 2042 καὶ
1268 1987 1345 2051 ὡς
1364 1987 1493 2041 ὅταν
1518 1986 1670 2056 λέγει
1694 2005 1707 2018 ·
1728 1990 1867 2042 Ἀν-

284 2078 523 2144 θρωπός
559 2094 650 2143 τις
695 2072 777 2147 ἦν
826 2077 897 2130 ἐν
940 2077 1103 2148 χώρᾳ
1161 2076 1238 2146 τῇ
1283 2076 1589 2132 Αὺσίτιδιο
1630 2076 1722 2131 τὸν
1752 2076 1863 2149 γὰρ

300 2167 425 2221 ’1ὼό
450 2169 610 2239 μόνον
642 2169 931 2240 ἐδήλωσεν.

359 2440 487 2494 Ἐπὶ
508 2432 603 2494 οὖν
628 2438 722 2494 τοῦ
747 2438 957 2511 Κυρίου
982 2439 1140 2510 ἡμῶν
1169 2437 1350 2510 Ἰησοῦ
1380 2437 1643 2510 Χριστοῦ,
1669 2439 1863 2513 ἐπειδὴ

286 2534 385 2587 δύο
401 2532 502 2603 μὲν
528 2532 625 2589 τὰς
645 2532 832 2601 φύσεις
853 2528 1217 2603 γινώσκομεν,
1252 2530 1381 2601 μίαν
1411 2530 1471 2585 δὲ
1504 2529 1603 2601 τὴν
1624 2529 1863 2587 ὑπόστα-

293 2642 379 2677 σιν
406 2623 467 2690 ὲξ
490 2622 833 2695 ἀμφωτέρων
860 2622 1136 2689 σύνθετον,
1166 2622 1254 2677 ὅτε
1282 2622 1382 2693 μὲν
1401 2620 1500 2686 τὰς
1522 2620 1714 2691 φύσεις
1736 2625 1868 2680 ἀνα-

291 2718 606 2790 θεωροῦμεν
630 2760 645 2785 ,
707 2718 937 2790 θεότητα
987 2717 1081 2773 καὶ
1116 2717 1513 2788 ἁνθρωπότητα
1568 2716 1866 2787 καλοῦμεν,
1896 2766 1897 2769 η

287 2814 379 2865 ὅτε
410 2811 469 2865 δὲ
499 2812 599 2882 τὴν
633 2814 697 2865 ὲκ
738 2811 848 2865 τῶν
898 2809 1115 2882 φύσεων
1148 2810 1498 2865 συντεθεῖσαν
1540 2809 1864 2874 ὑπόστασιν,

287 2902 421 2955 ποτὲ
446 2901 545 2973 μὲν
572 2903 639 2955 ἐκ
670 2901 765 2955 τοῦ
796 2900 1209 2971 συναμφοτέρου
1241 2899 1476 2972 Χριστὸν
1500 2898 1865 2970 ὀνομάζομεν,

286 2994 383 3047 καὶ
406 2993 559 3057 Θεὸν,
611 2995 707 3046 καὶ
755 2992 1048 3064 ἄνθρωπον
1086 2993 1230 3047 κατὰ
1267 2992 1465 3045 ταυτὸν
1489 3001 1541 3055 ιι,
1596 2992 1691 3046 καὶ
1734 2989 1868 3045 Θεὸν

287 3083 730 3156 σεσαρκωμένον,
768 3084 899 3138 ποτὲ
917 3084 976 3138 δὲ
1000 3084 1060 3152 ἐξ
1082 3085 1200 3147 ἑνὸς
1219 3082 1327 3136 τῶν
1353 3082 1557 3153 μερῶν,
1590 3081 1726 3136 Θεὸν
1772 3082 1870 3152 μό-

284 3191 395 3237 νον,
435 3176 528 3228 καὶ
554 3175 681 3228 Υίὸν
713 3174 808 3228 τοῦ
840 3174 999 3240 Θεοῦ,
1065 3176 1160 3228 καὶ
1191 3172 1479 3244 ἄνθρωπον
1542 3173 1726 3244 μόνον,
1772 3170 1869 3227 καὶ

288 3267 417 3322 Υίὸν
453 3267 780 3340 ἀνθρώπουο
822 3268 924 3322 καὶ
943 3270 1074 3322 ποτὲ
1100 3270 1199 3340 μὲν
1228 3271 1293 3323 ὲκ
1335 3267 1445 3324 τῶν
1493 3265 1717 3337 ὑψηλῶν
1775 3263 1871 3335 μό-

287 3376 398 3425 νον,
426 3360 557 3415 ποτὲ
582 3361 638 3415 δὲ
672 3363 738 3415 ὲκ
763 3362 873 3416 τῶν
893 3362 1169 3441 ταπεινῶν
1194 3361 1357 3433 μόνον
1382 3379 1398 3394 ο
1431 3355 1515 3425 εἷς
1531 3360 1641 3431 γάρ
1667 3361 1816 3413 ἐστιν
1842 3361 1872 3414 ὁ

284 3453 512 3523 κάκεῖνο
541 3455 635 3507 καὶ
660 3453 821 3509 τοῦτο
850 3455 1054 3527 ὁμοίως
1100 3456 1364 3526 ὑπάρχων
1395 3471 1412 3488 ⁸
1438 3455 1501 3508 τὸ
1538 3453 1641 3524 μὲν
1670 3452 1745 3507 ὣν
1777 3453 1867 3507 ἀεὶ

284 3545 543 3611 ἀναιτίως
570 3547 636 3599 ὲκ
662 3546 900 3617 Πατρὸς,
928 3546 990 3600 τὸ
1016 3545 1073 3602 δὲ
1098 3546 1390 3618 γενόμενος
1414 3545 1642 3617 ὕστερον
1669 3545 1759 3599 διὰ
1774 3561 1868 3613 φι-

285 3636 416 3690 λανθ
422 3636 661 3707 ρωπίαν.
696 3698 701 3703 _

352 3911 602 3978 Θεότητα
625 3911 727 3980 μὲν
746 3904 841 3964 οὖν
867 3909 1137 3978 λέγοντες,
1162 3910 1225 3962 οὑ
1270 3907 1720 3979 κατονομάζομεν
1766 3909 1859 3963 αὑ·

284 4004 380 4072 τῆς
396 4002 468 4056 τὰ
493 4002 595 4071 τῆς
620 4001 1040 4073 ἁνθρωπότητος
1069 4000 1356 4072 ἰδιώματα.
1416 3999 1494 4052 υὺ
1524 4000 1637 4069 γὰρ
1683 3999 1864 4070 φαμὲν

287 4092 523 4165 θεότητα
546 4090 819 4163 παθητὴν,
854 4092 888 4163 ἢ
922 4092 1147 4163 κτιστήν
1177 4108 1190 4121 ·
1220 4089 1349 4144 οὑτε
1389 4090 1447 4144 δὲ
1477 4091 1579 4161 τῆς
1635 4089 1860 4161 σαρκὸς,

285 4182 403 4253 ήτοι
437 4182 543 4252 τῆς
574 4181 999 4254 ἁνθρωττότητος
1020 4178 1438 4251 κατηγοροῦμεν
1499 4179 1569 4231 τὰ
1604 4178 1707 4248 τῆς
1741 4177 1862 4232 θεό-

283 4289 446 4343 τητος
472 4273 748 4344 ἰδιώματα
768 4290 781 4303 ·
815 4275 874 4327 οὑ
902 4274 1009 4343 γὰρ
1031 4272 1211 4345 φαμὲν
1243 4273 1451 4343 σάρκα,
1495 4272 1617 4342 ἦτοι
1646 4270 1860 4342 ἀνθρω-

288 4366 499 4437 πότητα
524 4366 804 4420 ἄκτιστον.
838 4365 963 4419 Ἐπὶ
990 4363 1049 4418 δὲ
1075 4363 1177 4435 τῆς
1206 4362 1582 4429 ὑποστάσεως,
1640 4363 1747 4417 κᾶν
1800 4365 1865 4416 ὲκ

281 4458 374 4512 τοῦ
398 4458 835 4530 συναμφοτέρου,
867 4457 970 4512 κᾶν
996 4456 1057 4522 ἐξ
1100 4456 1220 4521 ἑνὸς
1271 4455 1382 4510 τῶν
1429 4454 1615 4527 μερῶν
1659 4454 1865 4527 ταύτην

1974 1888 2109 1942 illud
2143 1891 2288 1960 quod
2343 1893 2744 1960 particularius
2786 1903 2895 1959 est,
2926 1896 3047 1965 ejus
3078 1914 3280 1953 nomen
3311 1901 3549 1971 suscipit

1973 1980 2122 2049 quod
2168 1989 2257 2037 est
2334 1985 2672 2053 generalius,
2731 1996 2788 2040 ut
2838 2002 2965 2042 cum
3028 1988 3320 2059 Scriptura
3364 1986 3545 2047 dicit:

1972 2071 2266 2143 Propterea
2290 2077 2443 2130 unxit
2474 2085 2522 2131 te
2568 2077 2736 2146 Deus,
2768 2078 2911 2133 Deus
2942 2090 3062 2135 tuus
3094 2082 3165 2136 ⁵³.
3198 2081 3369 2138 Vides
3398 2086 3547 2140 enim

1972 2163 2065 2219 hic
2123 2165 2347 2220 Patrem
2394 2173 2450 2221 et
2494 2165 2697 2221 Filium
2743 2168 3047 2239 designari.
3094 2170 3161 2225 Et
3190 2187 3391 2228 rursus
3419 2188 3545 2232 cum

1972 2258 2050 2313 ait
2076 2274 2090 2311 :
2126 2256 2298 2312 Homo
2330 2259 2551 2322 quidam
2581 2270 2696 2315 erat
2726 2261 2783 2316 in
2819 2271 2965 2318 terra
2990 2263 3235 2320 Ausitide
3260 2264 3308 2297 "
3329 2282 3342 2319 :
3367 2266 3547 2322 solum

1971 2348 2119 2406 enim
2145 2347 2249 2404 Job
2271 2349 2523 2405 indicare
2552 2351 2748 2407 voluit.

2047 2437 2250 2492 Eorum
2276 2439 2329 2494 in
2362 2440 2574 2496 Christo
2630 2459 2780 2498 usus.
2805 2444 3035 2515 -Ergo
3084 2446 3140 2501 in
3171 2446 3407 2503 Domino
3443 2462 3550 2503 no-

1974 2538 2092 2586 stro
2112 2528 2242 2586 Jesu
2281 2530 2525 2597 Christo,
2562 2535 2825 2605 quoniam
2857 2534 3000 2593 duas
3038 2539 3261 2607 quidem
3293 2547 3549 2603 naturas,

1974 2628 2031 2676 at
2067 2636 2234 2677 unam
2264 2621 2540 2677 duntaxat
2581 2640 2873 2695 personam
2906 2643 2972 2684 ex
3007 2640 3240 2698 utraque
3267 2635 3552 2703 composi-

1975 2717 2086 2765 tam
2153 2714 2533 2779 agnoscimus,
2609 2729 2736 2771 cum
2810 2723 3042 2773 naturas
3100 2721 3547 2789 consideramus,

1972 2800 2319 2857 divinitatem
2372 2812 2429 2859 et
2502 2804 2901 2862 humanitatem
2972 2810 3352 2879 appellamus;
3422 2828 3548 2869 cum

1972 2904 2106 2945 vero
2134 2905 2425 2961 personam
2461 2907 2530 2947 ex
2572 2895 2788 2951 naturis
2832 2900 3224 2967 compositam,
3271 2902 3550 2958 interdum

1974 2981 2045 3036 ab
2085 2988 2324 3053 utroque
2368 2982 2651 3040 Christum
2704 2988 3077 3057 nominamus,
3136 2990 3419 3063 Deumque
3467 2997 3548 3050 si-

1970 3070 2088 3124 mul
2108 3078 2165 3127 et
2193 3071 2493 3139 hominem,
2528 3082 2584 3129 et
2621 3074 2793 3130 Deum
2835 3077 3221 3145 incarnatum;
3270 3082 3550 3141 interdum

1976 3176 2172 3218 rursus
2206 3162 2279 3217 ab
2305 3177 2416 3217 una
2458 3170 2615 3233 parte
2663 3164 2834 3222 Deum
2885 3170 3090 3235 solum,
3117 3181 3167 3226 et
3201 3170 3293 3227 Dei
3322 3171 3549 3242 Filium,

1972 3253 2360 3325 hominemque
2421 3257 2621 3323 solum,
2685 3267 2850 3329 atque
2900 3261 3148 3317 hominis
3181 3262 3424 3331 Filium;
3485 3281 3551 3321 ac

1971 3361 2170 3403 rursus
2219 3347 2543 3418 aliquando,
2607 3365 2638 3404 a
2701 3352 3036 3409 sublimibus
3090 3355 3389 3422 duntaxat,
3449 3357 3550 3413 ali-

1967 3439 2191 3510 quando
2240 3440 2374 3501 item
2423 3440 2494 3496 ab
2550 3440 2860 3500 humilibus
2914 3452 3156 3509 tantum.
3208 3444 3363 3502 Unus
3396 3446 3545 3502 enim

1967 3543 2072 3595 est.
2102 3534 2197 3603 qui
2238 3541 2293 3588 et
2343 3533 2448 3588 hoc
2489 3540 2545 3587 et
2585 3533 2723 3589 illud
2775 3550 3033 3606 peraeque
3059 3544 3162 3600 est,
3195 3552 3435 3606 quorum
3466 3542 3549 3593 al-

1969 3631 2146 3679 terum
2181 3639 2247 3680 ex
2282 3623 2444 3680 Patre
2476 3625 2685 3681 nullius
2720 3641 2897 3680 causa
2932 3642 3156 3696 semper
3197 3630 3433 3691 exstitit,
3463 3632 3549 3685 al-

1967 3726 2144 3775 terum
2177 3726 2357 3770 autem
2405 3724 2597 3779 postea
2631 3732 2731 3786 pro
2780 3732 2883 3772 sua
2926 3733 3056 3788 erga
3092 3719 3346 3776 homines
3376 3722 3547 3778 bene-

1965 3805 2208 3859 volentia
2243 3806 2421 3858 factus
2456 3812 2539 3859 est
2571 3805 2638 3857 ".

2040 3894 2239 3949 Nullus
2264 3896 2485 3950 alterna:
2526 3896 3025 3952 communicationis
3056 3897 3205 3953 locus
3234 3898 3290 3951 in
3315 3898 3398 3953 his
3430 3915 3547 3971 qua:

1965 3995 2187 4041 naturas
2216 3987 2542 4057 signiﬁcant,
2578 3988 2669 4042 sed
2699 3988 2755 4042 in
2782 3988 2848 4042 iis
2886 4005 3007 4057 qua:
3030 4004 3332 4058 personam.
3359 4020 3431 4030 -—
3459 3991 3548 4045 Di-

1965 4078 2253 4133 viuitatem
2304 4078 2493 4148 itaque
2523 4079 2900 4144 nominantes,
2951 4095 3016 4135 ea
3042 4095 3164 4149 qua:
3215 4081 3543 4142 humanitati

1966 4169 2185 4240 propria
2214 4176 2365 4235 sunt,
2424 4168 2527 4239 ipsi
2568 4170 2796 4224 minime
2830 4171 3210 4241 assiguamus.
3240 4171 3356 4227 Non
3391 4174 3541 4229 enim

1965 4259 2281 4331 passibilem
2312 4267 2408 4314 aut
2428 4268 2667 4314 creatam
2701 4259 2960 4316 deitatem
2988 4261 3249 4319 dicimus.
3274 4261 3386 4319 Nec
3414 4278 3544 4320 rur-

1964 4363 2062 4405 sus
2092 4350 2267 4414 carni,
2302 4349 2419 4404 sive
2448 4348 2803 4413 humanitati,
2833 4364 2899 4405 ea
2942 4351 3239 4409 tribuimus
3263 4368 3386 4423 quae
3420 4352 3541 4409 dei-

1965 4442 2061 4496 tali
2090 4441 2314 4513 proprie
2354 4442 2715 4498 conveniunt.
2757 4441 2950 4513 Neque
2976 4444 3125 4501 enim
3153 4461 3398 4512 carnem,
3424 4447 3544 4503 sive

284 4547 667 4618 ὸνομάσωμεν,
694 4547 1024 4618 ἀμφοτέρων
1060 4544 1170 4599 τῶν
1204 4545 1421 4614 φύσεων
1474 4543 1544 4598 τὰ
1598 4541 1864 4614 ἰδιώματα

1974 4535 2395 4602 humanitatem,
2446 4534 2751 4591 increatam
2801 4536 3062 4593 dicimus.
3114 4538 3181 4591 At
3227 4553 3359 4594 vero
3409 4552 3539 4593 cum

286 4637 425 4709 αὐτῇ
452 4636 788 4711 ἑπιτίθεμεν.
820 4637 926 4689 Καὶ
962 4635 1072 4706 γὰρ
1100 4637 1129 4688 ὁ
1158 4635 1416 4705 Χριστὸς,
1463 4634 1602 4706 ὅπερ
1639 4635 1757 4689 ἐστὶ
1797 4634 1860 4688 τὸ

287 4728 720 4799 συναμφότερον,
753 4728 849 4780 καὶ
880 4726 1031 4789 Θεὸς,
1056 4726 1153 4780 καὶ
1178 4724 1469 4797 ἄνθρωπος
1496 4724 1740 4794 λέγεται,
1762 4725 1858 4781 καὶ

284 4818 501 4882 κτιστὸς
531 4820 627 4872 καὶ
661 4819 935 4883 ᾶκτιστος,
968 4818 1061 4871 καὶ
1088 4815 1331 4889 παθητὸς
1369 4818 1466 4871 καὶ
1489 4817 1736 4889 ἀπαθής·
1760 4818 1858 4872 κα)⁸

282 4910 411 4963 ὅταν
442 4909 502 4976 ἐξ
528 4908 647 4973 ἐνὸς
668 4909 777 4962 τῶν
813 4909 1014 4979 μερῶν,
1046 4908 1178 4972 Υἱὸς
1208 4908 1368 4974 Θεοῦ,
1419 4910 1515 4962 καὶ
1568 4908 1701 4969 Θεὸς
1741 4908 1857 4962 ὀνο-

286 4998 551 5068 μάζηται,
592 4997 808 5069 δέχεται
860 4997 1075 5068 τὰίτῆς
1109 4998 1589 5067 συνυφεστηκυίας
1639 4998 1855 5066 φύσεως

287 5087 575 5159 ἰδιώματα,
605 5089 725 5160 ἢτοι
762 5090 861 5159 τῆς
891 5088 1112 5157 σαρκὸς,
1148 5088 1283 5153 Θεὸς
1314 5088 1562 5159 παθητὸς
1590 5088 1855 5159 ὀνομαζό-

354 5272 398 5305 ³³
427 5266 579 5327 Psal.
607 5283 751 5335 xuv,
807 5267 859 5322 8.
963 5268 1009 5299 “
1041 5264 1149 5322 Job
1201 5282 1221 5321 ι
1248 5305 1262 5329 ,
1298 5269 1349 5322 1.

1965 4625 2033 4681 de
2060 4640 2297 4695 persona
2348 4640 2534 4682 sermo
2556 4633 2663 4693 est,
2718 4627 2835 4684 sive
2877 4626 2947 4683 ab
2991 4637 3227 4698 utraque
3272 4637 3429 4700 parte
3462 4630 3543 4686 si—

1968 4717 2103 4783 mul,
2122 4717 2239 4773 sive
2255 4718 2324 4772 ab
2348 4718 2521 4773 altera
2541 4729 2760 4774 tantum
2786 4734 2906 4774 eam
2935 4720 3297 4791 appellemus,
3328 4722 3540 4778 utrius-

1966 4825 2073 4880 que
2104 4817 2317 4865 naturae
2368 4811 2736 4881 proprietates
2788 4811 2895 4882 ipsi
2931 4812 3289 4882 imponimus.
3323 4811 3541 4868 Etenim

1965 4900 2222 4956 Christus
2259 4900 2415 4970 (quae
2441 4916 2544 4955 vox
2586 4908 2886 4971 utrumque
2914 4902 3077 4974 210
3112 4901 3540 4973 complectitur)

1964 5001 2020 5047 et
2047 4991 2192 5048 Deus
2231 4998 2285 5047 et
2331 4992 2499 5048 homo
2545 4992 2771 5054 dicitur,
2814 5000 2866 5048 et
2901 5001 3123 5050 creatus
3149 5002 3204 5048 et
3233 4994 3538 5057 increatus,

1965 5094 2019 5141 et
2048 5085 2331 5156 passibilis
2358 5094 2411 5141 et
2439 5085 2823 5156 impassibilis.
2847 5085 2984 5140 Cum
3010 5085 3121 5155 jam
3148 5086 3217 5141 ab
3248 5101 3352 5139 una
3384 5095 3541 5155 parte

1459 5268 1504 5299 ³⁸
1535 5266 1701 5337 Grcg.
1749 5264 1886 5321 Naz.
1926 5274 2069 5321 orat.
2104 5265 2197 5320 55.

1578 5417 1810 5475 ἻΑΒΙΑΞ
1859 5416 2265 5474 LECTIONES.

346 5564 372 5589 °
399 5554 558 5629 _Edit.
599 5555 914 5629 ὑπέμεινεν.
993 5566 1020 5606 P
1046 5554 1180 5612 Cod.
1216 5554 1279 5613 S.
1309 5553 1419 5612 Hil.
1462 5564 1517 5612 et
1551 5554 1643 5610 alii
1667 5554 1892 5626 quidam
1929 5553 2152 5610 ὁπόταν.

280 5626 467 5682 αὐτόν.

2264 5548 2528 5605 qud.S.
2572 5548 2681 5604 llil.
2714 5552 2833 5604 κατ’
2868 5552 3052 5608 αὐτὸν.
3095 5555 3155 5609 ll.
3199 5555 3218 5609 l
3257 5557 3398 5610 κατὰ
3449 5552 3541 5611 τὸν
