3996 6212
369 234 477 297 999

1528 230 1587 288 S.
1628 227 1948 289 JOANNIS
1985 226 2415 289 DAMASCENI

3477 226 3623 290 1000

366 344 545 401 Filius
584 344 704 409 Dei,
729 351 787 401 et
812 344 956 399 Deus
979 350 1355 413 nuncupatur,
1390 340 1701 413 conjuncta
1732 357 1796 398 ac
1833 358 1943 396 una

2050 359 2229 413 μενος,
2257 345 2352 396 καὶ
2367 342 2577 414 Κύριος
2603 345 2703 414 τῆς
2718 342 2877 413 δόξης
2910 341 3331 414 ἐσταυρωμένος
3353 342 3449 396 ὀὑ
3480 343 3630 397 καθὸ

366 437 723 493 subsistentis
772 444 1005 499 natura,
1056 436 1160 489 hoc
1205 442 1291 489 est
1326 433 1534 497 carnis,
1567 433 1935 502 proprietates

364 526 583 597 recipit,
614 532 674 579 ut
701 534 757 579 et
794 525 938 580 Deus
984 524 1265 594 passibilis
1294 523 1633 585 nominetur,
1667 532 1722 576 et
1753 522 1938 577 Domi-

362 634 471 673 nus
524 618 715 689 gloria
760 618 1060 672 cruciiixus
1121 616 1338 670 dicatur
1362 616 1452 669 "z
1506 630 1615 669 non
1648 629 1753 684 qua
1794 614 1939 670 Deus

360 718 468 777 est,
499 710 595 766 sed
623 724 732 781 qua
764 710 908 765 idem
936 709 1054 779 ipse
1097 707 1261 763 simul
1292 716 1375 762 est
1401 708 1585 761 homo.
1622 705 1938 775 Eodemque

361 801 548 865 modo,
578 815 705 855 cum
740 800 903 857 homo
944 811 1001 855 et
1042 800 1188 855 ﬁlius
1218 799 1459 853 hominis
1484 798 1813 866 appellatur,
1851 797 1940 850 di-

361 893 506 948 vina
528 893 788 948 essentia
830 892 1200 961 preprietates
1230 897 1284 945 et
1317 897 1643 943 ornamenta
1676 888 1934 957 suscipit.

360 981 505 1037 Puer
533 984 679 1039 enim
722 984 871 1037 omni
922 997 1040 1038 avo
1090 983 1373 1051 antiquior
1420 980 1648 1045 dicitur,
1690 985 1744 1033 et
1776 979 1936 1033 homo

361 1074 503 1129 initii
544 1090 781 1146 expers:
818 1090 928 1131 non
967 1075 1021 1129 id
1053 1074 1272 1144 quidem
1322 1087 1430 1143 qua
1474 1073 1689 1126 ratione
1723 1084 1860 1140 puer
1880 1076 1937 1123 et

361 1166 528 1222 homo
552 1175 658 1233 est,
710 1166 805 1223 sed
833 1182 941 1237 qua
972 1166 1117 1222 Deus
1154 1164 1372 1220 saculis
1404 1164 1654 1218 anterior
1677 1176 1803 1217 cum
1846 1175 1935 1215 es-

358 1268 464 1325 set,
491 1260 557 1313 ad
591 1268 896 1313 extremum
946 1260 1126 1313 factus
1168 1264 1254 1312 est
1292 1271 1448 1327 puer.
1496 1256 1675 1324 Atque
1717 1254 1807 1307 hic
1846 1259 1932 1307 est

355 1350 470 1419 jam
521 1351 749 1404 alterna
794 1349 1318 1404 communicationis
1366 1347 1564 1402 modus
1588 1385 1602 1410 ,
1629 1345 1758 1399 dum
1793 1357 1930 1397 una-

358 1457 592 1512 quaque
633 1452 857 1510 natura,
899 1458 963 1498 ea
998 1458 1121 1512 qua
1157 1442 1264 1497 sibi
1307 1440 1531 1511 propria
1582 1447 1733 1503 sunt,
1770 1436 1933 1491 alteri

358 1536 756 1601 communicat,
809 1546 1102 1607 propterea
1135 1537 1282 1607 quod
1330 1537 1522 1592 eadem
1555 1544 1639 1591 est
1670 1536 1933 1604 hyposta-

2038 433 2189 500 Θεὸς,
2225 433 2360 486 ἀλλά
2399 434 2534 487 καθὸ
2562 436 2659 488 καὶ
2676 434 2964 505 ἄνθρωπος
3019 434 3049 485 ό
3091 433 3255 497 αὑτός
3279 449 3297 465 ·
3339 435 3439 488 καὶ
3487 435 3628 489 ὅταν

2040 523 2325 593 ἄνθρωπος
2352 564 2368 589 ,
2401 526 2497 578 καὶ
2551 525 2677 589 Υἱὸς
2726 524 3018 595 ἀνθρώπου
3064 523 3423 594 ὀνομάζηται,
3470 526 3628 595 δέχε-

2038 632 2129 668 ται
2158 620 2226 669 τὰ
2250 620 2349 686 τῆς
2373 616 2526 679 θείας
2548 617 2761 685 φύσεως
2805 616 3093 685 ἰδιώματα,
3148 617 3245 669 καὶ
3293 617 3621 687 αὐχήματα,

2040 708 2253 761 παιδίον
2280 709 2631 779 προαιώνιον,
2690 708 2979 779 ἄνθρωπος
3023 709 3259 779 ἄναρχος
3287 724 3301 737 ·
3366 710 3428 761 οὑ
3479 709 3627 762 καθὸ

2039 800 2271 863 παιδίον,
2296 801 2389 853 καὶ
2422 801 2729 868 ἄνθρωπος,
2763 800 2902 854 ἀλλὰ
2935 801 3073 854 καθὸ
3102 801 3237 864 Θεὸς
3267 801 3344 853 ὢν
3367 802 3622 871 προαιώο

2034 907 2167 955 νιος,
2205 892 2433 959 γέγονεν
2463 893 2553 945 ἐπ’
2584 893 2833 962 ἐσχάτων
2858 892 3093 947 παιδίον.
3142 893 3252 945 Καὶ
3284 886 3440 953 οὗτός
3464 892 3624 945 ἔστιν

2033 982 2283 1052 δτρόπος
2313 983 2414 1051 τῆς
2453 984 2794 1047 ἀντιδόσεως,
2831 985 3100 1055 ἑκατέρας
3146 984 3364 1051 φύσεως
3409 983 3622 1037 ἀντιδι-

2031 1072 2229 1143 δούσης
2273 1076 2340 1144 τῇ
2401 1074 2565 1145 ἑτέρᾳ
2604 1074 2673 1127 τὰ
2724 1075 2832 1128 ίδια
2868 1075 2954 1129 διὰ
2987 1074 3087 1146 τὴν
3130 1076 3232 1145 τῆς
3259 1075 3623 1138 ὑποστάσεως

2028 1166 2358 1236 ταυτότητα,
2391 1167 2487 1219 καὶ
2519 1167 2619 1236 τὴν
2654 1168 2735 1229 είς
2759 1166 2964 1236 ἄλληλα
2996 1167 3178 1219 αὑτῶν
3208 1165 3619 1236 περιχώρησιν.

2030 1256 2189 1310 Κατὰ
2236 1257 2394 1310 τοῦτο
2418 1257 2696 1327 δυνάμεθα
2722 1261 2896 1311 εἰπεῖν
2930 1258 3061 1329 περὶ
3099 1258 3339 1328 Χριστοῦ
3367 1275 3383 1290 ·
3423 1254 3623 1323 Οὗτος

2029 1351 2064 1402 ὁ
2095 1348 2238 1414 Θεὸς
2263 1347 2449 1416 ἡμῶν,
2488 1349 2588 1402 ἐπὶ
2618 1350 2729 1415 τῆς
2759 1348 2872 1419 γῆς
2894 1350 3081 1418 ὤφθη,
3118 1350 3215 1402 καὶ
3240 1349 3364 1414 τοῖς
3385 1348 3621 1416 ἀνθρώ-

2029 1454 2165 1505 ποις
2194 1438 2663 1508 συνανεστράςρη
2687 1449 2730 1477 τ’
2765 1442 2883 1503 καὶ,
2899 1439 2961 1494 Ὀ
2982 1439 3078 1495 ἀνθ
3088 1457 3269 1509 ρωπος
3281 1436 3438 1502 οὗτος
3461 1439 3622 1493 ἀκτι-

2012 1532 2156 1603 ,στός
2180 1532 2319 1594 ἐστι,
2355 1530 2449 1583 καὶ
2471 1532 2707 1602 ἀπαθὴς,
2743 1534 2839 1586 καὶ
2863 1533 3302 1605 ἀπερίγραπτος.

358 1626 460 1688 sis,
492 1636 549 1680 et
574 1629 643 1681 ob
690 1638 935 1683 mutuam
986 1644 1173 1683 earum
1224 1630 1647 1684 immeationem.
1693 1628 1812 1692 Qua
1838 1626 2052 1680 ratione
2098 1624 2165 1678 de
2212 1623 2432 1678 Christo
2461 1625 2645 1679 dicere
2690 1626 2849 1680 nobis
2914 1626 3077 1681 licet:
3145 1630 3249 1682 Hic
3310 1627 3456 1683 Deus
3518 1642 3620 1682 no‘

357 1725 467 1769 uer
498 1718 553 1770 in
585 1726 727 1771 terra
755 1720 894 1773 uisus
923 1729 1022 1785 est,
1044 1728 1093 1773 et
1114 1734 1231 1772 cum
1262 1718 1564 1773 hominibus
1594 1726 1929 1772 conversatus
1960 1726 2037 1771 est
2079 1717 2145 1767 ".
2178 1716 2263 1783 Et,
2304 1716 2396 1771 hic
2432 1716 2597 1770 homo
2648 1718 2930 1772 increatus
2966 1724 3073 1784 est,
3113 1724 3169 1774 et
3226 1719 3617 1794 impassibilis,

356 1820 413 1865 et
446 1810 993 1879 incircumscriptus.

1019 1897 1176 1953 CAP.
1207 1896 1274 1951 γ.

780 1989 859 2043 De
898 2006 1113 2043 numero
1164 1999 1504 2043 naturarum.

424 2079 784 2134 Personarum
815 2081 871 2133 in
902 2079 1037 2147 Deo,
1068 2091 1385 2135 naturarum
1424 2082 1478 2134 in
1508 2079 1719 2136 Christo
1745 2095 1927 2134 nume-

353 2186 469 2225 rus.
502 2169 634 2225 Um'o
661 2188 934 2225 numerum
965 2188 1070 2226 non
1100 2173 1259 2227 Ιοίίίι.
1279 2172 1631 2227 -—Caterum
1657 2173 1724 2236 ⁵⁸,
1755 2172 1923 2227 veluti

354 2272 521 2312 unam
554 2259 610 2312 in
657 2259 951 2315 Divinitate
996 2268 1252 2314 naturam
1299 2260 1649 2326 conﬁtemur,
1684 2266 1797 2314 tres
1825 2274 1925 2313 au-

354 2358 462 2405 tem
496 2365 765 2420 personas
815 2365 943 2405 vere
973 2350 1314 2406 exsistentes
1361 2351 1638 2416 dicimus;
1674 2359 1838 2417 atque
1860 2364 1925 2405 ea

353 2439 575 2510 quidem
608 2441 796 2495 omnia
841 2455 965 2511 qua
993 2442 1272 2496 naturalia
1310 2442 1745 2511 essentialiaque
1770 2449 1922 2506 sunt,

352 2547 482 2588 esse
531 2532 805 2602 simplicia
863 2533 1311 2602 pronuntiamus,
1375 2547 1739 2602 personarum
1794 2545 1924 2587 vero

351 2622 655 2677 discrimen
698 2622 755 2676 in
795 2622 931 2677 solis
980 2622 1159 2676 tribus
1200 2622 1660 2692 proprietatibus,
1711 2622 1926 2679 scilicet

352 2712 502 2782 quod
539 2726 684 2766 unus
716 2712 837 2767 sine
885 2726 1057 2767 causa
1100 2712 1174 2767 sit
1200 2721 1256 2768 et
1298 2711 1480 2778 Pater,
1534 2714 1673 2768 alter
1696 2728 1727 2767 a
1757 2727 1923 2769 causa

351 2812 408 2858 et
437 2802 632 2869 Filius,
674 2803 817 2859 alter
868 2803 998 2859 item
1047 2817 1079 2857 a
1114 2818 1281 2860 causa
1335 2812 1389 2860 et
1442 2804 1772 2875 procedens,
1800 2818 1925 2860 esse

350 2894 590 2963 positum
623 2896 1002 2965 agnoscimus,
1038 2902 1099 2949 ut
1134 2895 1205 2950 ab
1229 2895 1463 2951 invicem
1496 2909 1597 2951 nec
1633 2895 1923 2959 excedere,

350 2998 453 3038 nec
482 2982 729 3054 disjungi
762 2991 1006 3055 queant;
1039 2984 1294 3055 quinimo
1321 2984 1467 3040 inter
1496 3000 1557 3039 se
1587 2986 1756 3040 unita
1786 2984 1920 3050 sint,

350 3072 585 3143 aliaque
639 3074 780 3128 alias
834 3075 975 3129 citra
1024 3076 1412 3132 confusionem
1464 3076 1766 3146 pervadant
1797 3095 1811 3132 :
1840 3083 1922 3142 ut,

349 3160 600 3231 inquam,
665 3177 761 3218 eas
817 3164 1040 3233 quidem
1112 3166 1264 3220 nulla
1332 3166 1658 3222 confusione
1714 3169 1922 3233 unitas,

348 3254 613 3321 quoniam
648 3261 761 3309 tres
812 3231 967 3319 sunt,
1007 3258 1226 3312 tametsi
1254 3259 1454 3324 unita;
1488 3274 1677 3313 verum
1713 3267 1769 3313 et
1792 3231 1924 3315 abs;
1949 3231 1994 3291 θ

347 3357 455 3411 que
497 3342 842 3411 seiunctione
873 3344 1147 3399 discretas
1185 3349 1535 3419 (quanquam
1567 3350 1713 3404 enim
1772 3366 1925 3421 qua-

349 3432 483 3486 libet
516 3432 737 3486 illarum
768 3448 868 3502 per
912 3449 973 3491 se
1007 3435 1288 3503 subsistit,
1332 3439 1447 3493 sive
1476 3440 1723 3508 perfecta
1747 3442 1924 3513 hyva

348 3526 520 3584 stasis
549 3533 655 3590 est,
697 3542 969 3599 suamque
1018 3532 1440 3601 proprietatem,
1488 3537 1593 3591 hoc
1644 3547 1731 3593 est
1778 3540 1926 3595 exsi-

348 3619 566 3672 stentia
611 3618 834 3673 modum
888 3620 1169 3691 disparem
1218 3624 1424 3691 habet;
1467 3636 1523 3681 at
1561 3632 1817 3685 essentia
1839 3640 1925 3686 ta-

348 3720 495 3771 men,
523 3708 973 3779 naturaliumque
1014 3714 1411 3783 proprietatum
1441 3718 1654 3774 ratione
1692 3722 1927 3791 conjun-

345 3808 571 3865 guntur,
610 3809 663 3852 et
706 3815 772 3855 eo
807 3802 955 3870 quod
986 3818 1017 3857 a
1059 3821 1294 3875 persona
1351 3808 1533 3865 Patris
1579 3827 1691 3867 non
1747 3814 1924 3871 divel-

347 3891 556 3955 luntur,
592 3905 693 3945 nec
730 3893 1025 3961 excedunt,
1058 3895 1272 3952 idcirco
1306 3898 1451 3956 Deus
1486 3916 1650 3967 unus,
1686 3913 1739 3957 et
1770 3915 1921 3974 sunt,

344 3989 403 4034 et
434 3980 728 4053 dicuntur)
760 4000 772 4036 :
798 3986 1073 4041 consimili
1108 3989 1273 4045 modo
1303 3990 1359 4044 in
1390 3990 1579 4047 divina
1603 4002 1658 4049 et
1692 4010 1920 4063 arcana,

343 4085 683 4143 omnemque
718 4078 920 4131 mentis
966 4081 1143 4133 aciem
1190 4090 1245 4135 et
1287 4091 1507 4151 captum
1550 4098 1921 4156 exsuperante

350 4160 446 4216 Dei
488 4161 653 4219 Verbi
705 4175 761 4219 et
794 4166 1009 4222 Domini
1061 4171 1237 4225 nostri
1282 4169 1416 4227 Jesu
1461 4173 1692 4241 Christi,
1760 4180 1922 4235 unius

348 4262 559 4308 sancta
608 4255 1259 4332 Trinitatishypostasis
1323 4265 1728 4333 incarnatione,
1781 4271 1921 4328 duas

347 4343 570 4411 quidem
614 4358 861 4413 naturas,
919 4350 1161 4406 divinam
1224 4354 1438 4410 scilicet
1494 4364 1549 4410 et
1596 4357 1918 4427 humanam,

348 4450 456 4489 una
486 4438 744 4505 coivisse,
773 4450 827 4496 et
856 4448 1159 4497 secundum
1208 4445 1549 4516 hypostasim
1584 4451 1768 4508 unitas
1798 4469 1921 4509 esse

1954 1895 2003 1955 Β

2518 1893 2768 1947 ΚΕΦΑΛ.
2806 1894 2881 1948 E'.
2929 1871 3108 1968 [M0].
3178 1928 3183 1932 ρ

2380 1982 2520 2050 Περὶ
2546 1982 2795 2051 ἀριθμοῦ
2842 1984 2961 2039 τῶν
2985 1988 3252 2055 φύσεων.

2101 2072 2313 2143 Ὥσπερ
2341 2073 2397 2127 δὲ
2427 2076 2521 2128 ἐπὶ
2548 2078 2647 2146 τῆς
2679 2076 2952 2145 θεότητος,
2997 2078 3128 2147 μίαν
3160 2080 3254 2149 μὲν
3280 2081 3437 2149 φύσιν
3465 2085 3603 2155 dpo-

2028 2163 2318 2235 λογοῦμεν,
2340 2169 2489 2237 τρεῖς
2535 2167 2593 2220 δὲ
2620 2168 2947 2231 ὑποστάσεις
2976 2169 3098 2222 κατ’
3150 2172 3403 2241 ἀλήθειαν
3427 2175 3601 2240 οὑσας

2029 2255 2228 2324 φαμὲν,
2260 2256 2357 2309 καὶ
2390 2256 2569 2312 πάντα
2591 2258 2691 2328 μὲν
2714 2258 2783 2311 τά
2810 2260 3017 2329 φυσικά
3042 2264 3136 2316 καὶ
3174 2265 3427 2337 οὑσιὼδη,
3455 2269 3612 2324 ἀπλά

2028 2364 2229 2418 φαμεν,
2258 2348 2358 2419 τὴν
2384 2348 2442 2401 δὲ
2474 2348 2738 2420 διαφορὰν
2785 2350 2894 2403 τῶν
2931 2352 3283 2409 ὑποστάσεων
3310 2358 3369 2409 ὲν
3410 2359 3611 2428 μόναις

2025 2442 2146 2503 ταῖς
2175 2441 2353 2510 τρισὶν
2387 2440 2635 2512 ἰδιότησι,
2673 2444 2741 2512 τῇ
2768 2442 2995 2514 ἀναιτίῳ
3019 2445 3114 2497 καὶ
3136 2452 3379 2520 πατρικῇ
3413 2451 3513 2504 καὶ
3536 2456 3607 2523 τῇ

2026 2533 2242 2602 αίτιατῇ
2279 2531 2375 2585 καὶ
2423 2536 2597 2604 υίῖκῇ,
2624 2534 2720 2586 καὶ
2744 2537 2813 2605 τῇ
2848 2537 3069 2607 αίτιατῇ
3108 2538 3204 2590 καὶ
3231 2541 3541 2613 ὲκπορευτῇ
3584 2551 3609 2579 ³

2024 2622 2460 2693 ἑπιγινὼσκομεν
2481 2642 2494 2654 ο
2528 2626 2950 2695 ἀνεκφοιτήτους
2990 2627 3049 2681 δὲ
3093 2629 3287 2698 αὑτάς,
3319 2634 3419 2687 καὶ
3445 2635 3609 2689 ἀδια-

2027 2713 2253 2777 στάτους
2283 2714 2549 2784 ἀλλήλων,
2605 2716 2701 2771 καὶ
2745 2717 3060 2787 ήνωμὲνας,
3101 2722 3195 2774 καὶ
3232 2725 3291 2776 ἐν
3340 2725 3610 2797 ἀλλήλαις

2025 2804 2350 2875 ἁσυγχύτως
2379 2807 2798 2879 περιχυιροὺσας
2845 2809 3193 2882 ἐπιστάμεθα
3211 2829 3225 2844 ⁶
3260 2817 3354 2870 καὶ
3383 2819 3635 2888 ἡνωμέ-ί

2024 2913 2123 2960 νας
2154 2896 2253 2967 μὲν
2281 2899 2605 2969 ἀσυγχύτως
2630 2919 2643 2933 ·
2680 2905 2832 2973 τρεῖς
2878 2907 2987 2979 γάρ
3030 2908 3192 2972 είσιν,
3236 2910 3286 2962 εί
3308 2912 3404 2964 καὶ
3430 2913 3609 2983 ﬂvm-

2023 3006 2117 3043 ται
2139 3005 2152 3017 ³
2193 2989 2577 3063 διαιρουμένας
2610 2995 2667 3049 δὲ
2696 2996 3055 3064 ἀδιαστάτως.
3088 3002 3151 3055 Ei
3192 3002 3303 3074 γάρ
3333 3006 3429 3057 καὶ
3475 3007 3610 3061 ἑκά-

2027 3098 2127 3152 στη
2172 3082 2295 3137 καθ’
2354 3084 2556 3156 ἑαυτήν
2605 3088 2936 3162 ὑφέστηκεν,
2986 3093 3160 3163 ήγουν
3215 3096 3399 3150 τελεία
3448 3099 3607 3153 ἐστὶν

2026 3174 2345 3242 ὑπόστασις,
2384 3180 2478 3231 καὶ
2523 3179 2620 3250 τὴν
2678 3183 2888 3237 οἰκείαν
2939 3184 3341 3257 ίδιότητα,,ήτοι
3376 3190 3471 3243 τὸν
3503 3192 3608 3262 τῆς

2028 3268 2320 3340 ὑπάρξεως
2352 3273 2552 3342 τρόπον
2579 3248 2835 3347 διάφορον
2865 3248 3152 3349 κέκτηται,
3184 3248 3309 3333 *ἀλλ’
3364 3248 3637 3353 ἥνωντάιι

2026 3363 2092 3431 τῇ
2124 3377 2183 3413 τε
2205 3363 2363 3434 οὑσίιτ⁴
2401 3365 2496 3418 καὶ
2538 3366 2652 3429 τοῖς
2685 3372 2936 3435 φυσικοῖς
2971 3370 3245 3441 ίδιώμασι,
3296 3373 3394 3427 καὶ
3421 3374 3501 3444 τῷ
3526 3378 3604 3446 μὴ

2026 3451 2351 3521 διίστασθαι,
2384 3456 2517 3526 μηδὲ
2532 3458 2790 3530 ἐκφοιτᾷν
2806 3460 2906 3529 τῆς
2932 3463 3205 3534 πατρικῆς
3227 3466 3605 3534 ὑποστάσεως,

2027 3545 2122 3597 καὶ
2152 3540 2233 3609 εἷς
2270 3547 2403 3613 Θεός
2433 3549 2541 3602 είσί
2562 3567 2645 3615 τε,
2671 3553 2763 3605 καὶ
2791 3552 3043 3620 λέγονται
3064 3556 3196 3610 ’στὸν
3213 3557 3377 3612 αὑτὸν
3402 3548 3617 3629 τρόπον¹

2027 3636 2122 3688 καὶ
2147 3638 2241 3689 ἐπὶ
2268 3638 2367 3708 τῆς
2395 3638 2545 3703 θείας
2570 3641 3030 3715 καὶάπορρήτου,
3066 3648 3164 3700 καὶ
3218 3648 3400 3703 πάντα
3450 3651 3602 3714 νοῦν,

2028 3729 2122 3782 καὶ
2147 3731 2452 3801 κατάληψιν
2482 3735 2858 3807 ὑπερεχούσης
2880 3740 3215 3811 οίκονομίας,
3234 3743 3327 3796 τοῦ
3358 3745 3479 3808 ἑνὸς
3505 3746 3606 3816 τῆς

2025 3820 2187 3884 ἁγίας
2221 3822 2451 3890 Τριάδος
2483 3823 2618 3876 Θεοῦ
2657 3825 2853 3894 Λόγου,
2900 3830 3109 3899 Κυρίου
3136 3848 3195 3884 τε
3227 3832 3385 3902 ήμῶν
3427 3834 3605 3905 Ἰησοῦ

2025 3911 2287 3982 Χριστοῦ,
2313 3914 2405 3967 δύο
2442 3915 2539 3984 μὲν
2571 3916 2764 3983 φύσεις
2801 3920 3192 3991 ὁμολογοῦμεν,
3225 3922 3377 3978 θείαν
3419 3942 3480 3978 τε
3514 3929 3609 3980 κα)⁵

2023 4003 2369 4076 ἀνθρωπίνην
2400 4047 2415 4070 ,
2481 4008 2900 4078 συνεληλυθυίας
2982 4012 3276 4084 ἀλλήλαις,
3328 4017 3425 4069 καὶ
3478 4020 3607 4073 καθ’

2025 4094 2323 4148 ὑπόστασιν
2358 4096 2673 4162 ὲνωθείσας,
2711 4100 2807 4169 μία
2844 4101 2901 4154 δὲ
2940 4102 3042 4174 τὴν
3074 4102 3375 4159 ὑπόστασιν
3400 4107 3466 4159 ὲκ
3498 4106 3607 4160 τῶν

2024 4186 2239 4257 φύσεων
2270 4189 2732 4247 ἀποτελεσθεῖσαν
2780 4193 3038 4249 σύνθετον
3059 4213 3072 4227 ·
3108 4196 3380 4262 σώζεσθαι
3409 4199 3465 4253 δέ
3496 4216 3605 4268 φα-

2026 4295 2125 4349 μεν
2180 4280 2281 4343 τὰς
2327 4280 2422 4333 δύο
2475 4281 2686 4351 φύσεις,
2743 4286 2837 4338 καὶ
2881 4288 3021 4357 μετά
3071 4288 3169 4360 τὴν
3200 4289 3419 4354 ἕνωσιν,
3454 4292 3606 4362 ὲντῇ

2026 4372 2126 4442 μιᾷ
2161 4372 2402 4444 συνθέτῳ
2455 4374 2773 4443 ὑποστάσει,
2818 4378 2987 4448 ήγουν
3019 4381 3077 4433 ὲν
3110 4380 3187 4450 τῷ
3223 4382 3304 4434 ἑνὶ
3356 4383 3606 4453 Χριστῷ,

2023 4465 2120 4516 καὶ
2149 4463 2270 4517 κατ’
2321 4464 2581 4535 ἀλήθειαν
2629 4468 2803 4532 αὑτάς
2850 4466 3010 4533 εἷναι,
3046 4472 3141 4524 καὶ
3159 4471 3227 4524 τά
3254 4472 3462 4525 τούτων
3500 4492 3606 4541 φυο

343 4528 675 4585 conﬁtemur
709 4533 776 4597 ⁸³,
824 4541 885 4588 ιιι
940 4550 1047 4588 una
1098 4537 1413 4607 hypostasis
1459 4548 1514 4595 et
1562 4556 1801 4611 persona
1852 4562 1954 4601 exi

2029 4554 2153 4608 σικὰ
2212 4528 2501 4626 ἰδιώματω
2537 4528 2827 4629 ἡνωμένας
2880 4528 3068 4632 μέντοι
3113 4564 3456 4632 ἀσυγχὺτως,
3512 4528 3611 4617 καὶ

346 4622 560 4677 naturis
590 4623 808 4681 duabus
834 4629 1140 4696 composita
1180 4630 1337 4699 211
1373 4629 1521 4686 facta
1553 4632 1743 4690 fuerit.
1775 4636 1921 4694 inte-

344 4726 472 4780 gras
508 4728 694 4782 porro,
727 4716 893 4770 etiam
926 4728 1049 4787 post
1090 4720 1422 4787 unitionem,
1469 4733 1697 4783 naturas
1728 4731 1918 4786 ambas

343 4798 401 4854 in
436 4815 543 4855 una
568 4804 874 4875 composita
897 4822 1158 4877 persona,
1194 4810 1301 4866 hoc
1333 4822 1419 4869 est
1449 4812 1504 4868 in
1532 4831 1638 4872 uno
1670 4817 1914 4883 Christo.

412 4952 505 5007 "i
535 4954 666 5012 Cor.
710 4974 770 5025 ιι,
793 4958 845 5014 8.
909 4959 955 4991 ⁸⁷
992 4959 1225 5018 Baruch.
1260 4976 1342 5026 ιιι,
1373 4964 1464 5020 58.

2010 4646 2338 4717 ἀδιαιρέτως
2405 4648 2774 4720 διαφερούσας
2831 4669 2927 4718 τε,
3018 4656 3114 4708 καὶ
3167 4656 3605 4728 ἀριθμουμένας.

2016 4740 2126 4793 Καὶ
2158 4738 2347 4809 ὥσπερ
2378 4741 2432 4793 αί
2481 4744 2629 4811 τρεῖς
2661 4743 2989 4808 ὑποστάσεις
3048 4748 3148 4817 τῆς
3181 4748 3343 4815 ἀγίας
3371 4750 3608 4821 Τριάδος

2025 4830 2348 4902 ἀσυγχύτως
2372 4849 2431 4887 τε
2455 4832 2715 4903 ήνωνται,
2748 4837 2845 4889 καὶ
2886 4837 3210 4910 ἁδιαιρέτως
3238 4841 3348 4910 (Η)
3377 4841 3607 4913 διῄρην-

1567 4966 1612 4998 ⁸⁸
1637 4967 1833 5026 Leont.
1869 4974 1925 5030 in
1958 4994 2101 5049 resp.
2128 4979 2197 5033 ad
2238 4998 2445 5052 argum.
2482 4981 2663 5040 δουϐτ.
2737 4986 2783 5018 ⁶⁹
2813 4985 2887 5045 Id.
2938 4988 3067 5047 ibid.

1634 5085 1867 5143 VARIIE
1912 5092 2319 5152 LECTIONES.

419 5171 441 5199 τ
473 5160 598 5219 liae
617 5164 780 5219 verba
811 5165 1013 5223 desunt
1061 5170 1116 5225 in
1150 5186 1283 5227 mss.

1318 5182 1916 5271 RLwthQilggl‘iiliBR.
1952 5184 2095 5271 ζωῇ
2123 5189 2387 5271 etn2_427.
2420 5191 2539 5249 Non
2570 5195 2701 5271 legit
2750 5208 2911 5271 vetus
2942 5200 3176 5271 interpr.
3256 5216 3277 5243 ε
3307 5204 3460 5261 Colb.
3491 5206 3513 5261 Ι
3546 5218 3602 5264 et

343 5231 577 5348 £35.34}
615 5236 709 5288 xui.
729 5237 794 5305 τῇ
820 5238 1117 5311 αἰτιατικῇ,
1151 5244 1245 5295 καὶ
1274 5231 1422 5316 υίκῇ,
1458 5231 1552 5300 καί
1591 5231 2357 5327 τῇιὶὶὶτόξέὺτῇἶᾞὲιπ
2373 5231 2746 5331 27:31:55}:
2757 5231 3602 5348 ’ἱίιίιάἷὶζυὲῗιῖίοεσξεὶίζυζςῖιὲξ

342 5304 562 5359 scimus.

1852 5413 2084 5474 NOTAE.

411 5485 1050 5586 gli-fa‘lmd-dcajpefwc.
1086 5493 1155 5586 ξι
1184 5512 1369 5586 τεῖσαι
1401 5500 1536 5581 citra
1576 5500 1911 5586 divisionem.

341 5552 595 5649 pegma
616 5552 942 5649 argumento
968 5552 1113 5649 quod
1150 5580 1177 5617 τι
1210 5566 1551 5649 Νεειονίιιιιξ
1574 5552 1914 5649 ,εέίτὲἐίξὶῆὅὲ

2022 5509 2130 5598 τῷν
2170 5512 2568 5598 ἕειστοριανῶν
2627 5520 2937 5598 κλέψαντες,
2984 5526 3280 5597 ἀποροῦσιν
3328 5530 3457 5598 ἡμῖν
3502 5532 3605 5584 αὑ.

2436 5579 2781 5678 lucu-auctor,
2814 5579 3268 5678 coniunctionem
3295 5579 3604 5678 ρῦἱέίιιῶὲι
