3996 6212
345 329 482 387 1001

1428 330 1524 388 DE
1559 331 1742 389 FIDE
1773 329 2236 390 OIKTHODOXA
2277 329 2426 391 LIB.
2457 330 2568 390 III.

3479 340 3613 418 1002

349 459 465 506 ται,
524 438 624 492 καὶ.
670 434 1056 508 ἀριθμοῦνται,
1093 437 1188 490 καὶ
1230 438 1258 490 ὁ
1310 438 1543 508 ἀριθμὸς
1578 439 1864 508 διαίρεσιν,
1899 440 1920 490 ’ἓ

2039 440 2247 494 servari
2277 439 2535 506 dicimus,
2569 454 2776 510 easque
2802 457 2929 516 vere
2961 457 3080 498 esse
3111 459 3235 502 cum
3269 450 3613 514 naturalibus

347 532 705 601 διάστασιν,ἢ
740 529 1120 600 ἀλλοτρίωσιν,
1177 531 1270 582 καὶ
1330 530 1596 599 διατομὴν
1641 534 1699 584 ἐν
1743 533 1934 595 αὑταῖς

345 626 450 679 οὑκ
504 624 828 696 ἐργάζεται·
888 622 985 674 ἕνα
1035 621 1144 692 γὰρ
1192 623 1324 675 Θεὸν
1365 625 1798 696 ἐπι-γινώσκομεν
1843 627 1936 678 τὸν

346 716 595 783 Πατέρα,
632 717 726 768 καὶ
745 714 837 767 τὸν
868 713 1015 776 Υῐὸν,
1050 713 1146 765 καὶ
1176 713 1236 765 τὸ
1266 715 1494 785 Πνεῦμα
1521 717 1580 770 τὸ
1614 717 1768 785 ἅγιον
1791 736 1802 750 ·
1844 719 1934 770 τὸν

347 808 514 864 αὑτὸν
565 808 788 878 τρόπον,
846 808 939 859 καὶ
994 806 1051 859 αἱ
1095 805 1189 858 τοῦ
1234 808 1478 877 Χριστοῦ
1517 810 1729 880 φύσεις,
1763 812 1810 862 εἰ
1843 812 1932 864 καὶ

344 904 610 973 ἧνωνται,
639 899 754 954 ἀλλ’
778 899 1105 970 ἀσυγχύτως
1132 901 1404 970 ᾖνωνταιν
1448 904 1544 954 καὶ
1591 904 1640 955 εί
1673 904 1732 955 ἐν
1769 902 1933 974 ἀλλή-

345 994 467 1056 λαις
496 989 923 1063 περιχωροῦσιν,
950 991 1089 1047 ἀλλὰ
1121 992 1218 1063 τὴν
1245 993 1325 1055 είς
1351 992 1586 1062 ἀλλήλας
1614 994 1820 1066 τροπήν
1851 1010 1931 1056 τε,

345 1087 442 1138 καὶ
464 1081 768 1153 μεταϐολὴν
799 1082 860 1133 οὑ
897 1081 1232 1152 προσίενται.
1259 1082 1518 1135 Φυλόιττει
1552 1083 1658 1154 γὰρ
1698 1081 1934 1150 ἑκατέρα

342 1176 443 1246 τὴν
478 1173 678 1244 ἑαυτῆς
706 1174 944 1242 φυσικὴν
982 1174 1224 1244 ἰδιότητα
1268 1173 1670 1245 ἀμετάϐλητον.
1713 1176 1803 1228 Διὸ
1841 1178 1935 1229 κα)⁸

342 1265 732 1337 ἀριθμοῦνται,
786 1265 879 1318 καὶ
907 1268 934 1319 ό
977 1265 1210 1336 ἀριθμὸς
1267 1266 1368 1320 οὐκ
1403 1265 1611 1334 εἰσάγει
1643 1266 1929 1338 διαίρεσιν.

344 1353 442 1420 Εἷς
469 1359 578 1428 γάρ
605 1359 753 1410 ἐστιν
781 1359 810 1410 ὁ
837 1357 1099 1428 Χριστὸς,
1131 1356 1190 1410 ἓν
1232 1374 1292 1410 τε
1320 1357 1538 1426 θεότητι
1569 1359 1664 1410 καὶ
1717 1357 1932 1428 ἀνθρω-

342 1449 542 1519 πότητι
573 1449 808 1512 τέλειοςο
860 1450 889 1502 ὁ
934 1449 1046 1520 γὰρ
1097 1448 1354 1519 ἀριθμὸς,
1417 1449 1476 1502 οὒ
1523 1448 1929 1520 διαιρέσεως,ἧ

343 1541 592 1605 ἑνώσεως
634 1543 806 1605 αἴτιος
854 1541 1122 1610 πέφυκεν,
1185 1541 1323 1594 ἀλλὰ
1360 1542 1460 1610 τῆς
1490 1541 1789 1611 ποσότητος
1824 1542 1932 1596 τῶν

341 1631 762 1704 ἀριθμουμένων
783 1631 1139 1704 σημαντικός,
1155 1631 1262 1684 εἴτε
1279 1630 1594 1701 ήνωμένων,
1615 1631 1724 1684 εἴτε
1745 1631 1931 1703 διῃρη-

343 1726 556 1794 μένων·
605 1724 908 1795 ἡνωμένων
954 1724 1074 1794 μὲν,
1118 1724 1194 1787 ὡς
1233 1724 1315 1776 ὅτι
1371 1725 1706 1794 πεντήκοντα
1752 1722 1930 1787 λίθους

338 1817 451 1887 ἔχει
482 1819 509 1870 ό
535 1821 710 1888 τοῖχος
738 1812 896 1880 οὗτος
922 1831 934 1844 ⁸
977 1816 1325 1886 διῃρημένων
1379 1815 1457 1879 δὲ,
1493 1815 1567 1876 ὡς
1612 1815 1695 1868 ὅτι
1725 1817 1926 1887 πεντή-

340 1923 507 1959 κοντα
536 1906 676 1959 λίθοι
705 1909 916 1960 κεῖνται
951 1907 1008 1958 ὲν
1039 1905 1118 1976 τῷ
1148 1904 1318 1974 πεδίῳ
1349 1904 1560 1974 τούτῳέ
1591 1906 1686 1959 καὶ
1715 1907 1928 1976 ἡνωμέ-

338 2015 448 2051 νων
485 1999 607 2069 μὲν,
635 1999 716 2052 ὅτι
742 1998 835 2052 δύο
863 1997 1056 2068 φύσεις
1091 1997 1231 2050 εἰσὶν
1263 2000 1320 2050 ὲν
1350 1997 1426 2066 τῷ
1467 1997 1720 2067 ἄνθρακι,
1757 1997 1928 2067 πυρὸς

339 2093 481 2163 λέγω
508 2095 606 2148 καὶ
647 2093 843 2158 ξύλου·
891 2093 1245 2168 διῃρημένων
1275 2091 1352 2156 δὲ,
1404 2092 1484 2144 ὅτι
1545 2095 1577 2162 ὴ
1638 2083 1802 2160 φύσις
1833 2091 1926 2145 τοῦ

338 2187 514 2258 πυρδς
535 2187 700 2258 ἑτέρα
720 2187 989 2262 ἐστὶκκαὶ
1021 2189 1052 2254 ἡ
1077 2185 1171 2239 τοῦ
1197 2185 1355 2252 ξύλου
1380 2185 1546 2255 ἑτέρα
1567 2201 1580 2216 ⁸
1615 2185 1777 2239 ἄλλου
1806 2177 1941 2256 τρόὲ

337 2295 445 2330 που
497 2277 766 2340 ἐνοῦντος,
819 2277 912 2329 καὶ
968 2274 1310 2347 διαιροῦντος
1358 2276 1528 2341 αὐτὰ,
1579 2275 1672 2328 καὶ
1722 2276 1782 2327 οὑ
1831 2275 1926 2328 τοῦ

335 2367 598 2441 ἀριθμοῦ.
641 2370 854 2440 ’Ὠσπερ
871 2369 1052 2422 τοίνυν
1091 2368 1354 2422 ἀδύνατον
1381 2367 1477 2429 τὰς
1507 2369 1655 2436 τρεῖς
1685 2367 1922 2421 ὑποστα-

337 2479 454 2524 σεις
497 2461 600 2530 τῆς
660 2462 937 2533 θεότητος,
968 2463 1015 2514 εί
1065 2461 1162 2515 καὶ
1200 2461 1437 2532 ἦνωνται
1471 2459 1753 2530 ἀλλήλαις,
1795 2459 1923 2530 μίαν

301 2518 312 2622 i
337 2555 647 2608 ὑπόστασιν
682 2555 862 2607 εἰπεῖν
883 2554 968 2608 διὰ
996 2554 1058 2606 τὺ
1088 2553 1162 2624 μὴ
1186 2552 1451 2623 σύγχυσιν
1479 2553 1575 2606 καὶ
1614 2552 1922 2622 ἀφανισμὸν

332 2645 432 2716 τῆς
466 2644 577 2697 τῶν
606 2645 966 2699 ὑποστάσεων
1021 2645 1287 2716 διαφορᾶς
1331 2645 1674 2714 ἐργάσασθαι
1708 2647 1750 2710 ι,
1781 2644 1923 2696 οὑτω

333 2738 432 2791 καὶ
464 2737 563 2800 τὰς
583 2737 677 2790 δύο
703 2737 899 2806 φύσεις
930 2738 1023 2792 τοῦ
1056 2738 1312 2809 Χριστοῦ,
1338 2739 1436 2800 τὰς
1465 2737 1589 2792 καθ’
1624 2736 1922 2790 ὑπόστασιν

331 2828 642 2899 ήνωμένας,
672 2829 935 2885 ἀδύνατον
968 2829 1097 2900 μίαν
1123 2830 1284 2899 φύσιν
1308 2831 1506 2895 εἰπεῖν,
1538 2828 1624 2883 ἵνα
1669 2830 1744 2899 μὴ
1777 2829 1914 2897 ἁφα-

332 2921 550 2986 νισμὺν,
574 2921 667 2974 καὶ
706 2920 1010 2991 σύγχυσιν,
1037 2922 1149 2976 καὶ·
1193 2921 1534 2992 ἀνυπαρξίαν
1579 2921 1678 2991 τῆς
1733 2918 1917 2973 αὑτῶν

329 3013 599 3084 διαφορᾶς
629 3013 1016 3085 ἐργασώμεθα.

2037 531 2283 600 ipsarum
2318 533 2758 602 proprietatibus
2788 551 2801 587 :
2833 535 2966 604 quia
2999 536 3256 594 nimirum
3289 542 3428 596 citra
3475 559 3612 600 con-
3674 543 3682 554 ”

2037 620 2314 678 fusionem
2356 624 2525 679 unita:
2555 631 2732 689 sunt,
2788 633 2843 678 ct
2875 611 3071 680 rdrsus
3106 628 3244 682 citra
3278 630 3612 691 divisionem

2037 715 2461 787 distinguuntur
2503 725 2559 772 et
2610 724 2992 772 numerantur.
3045 717 3111 773 Et
3143 724 3612 790 quemadmodum

2037 815 2149 864 tres
2181 821 2385 864 sanctae
2410 807 2700 866 Trinitatis
2743 824 2992 880 personae
3033 811 3108 866 ita
3135 811 3256 870 sine
3287 816 3615 883 confusione

2038 901 2206 957 unita:
2239 911 2394 968 sunt,
2433 911 2493 958 ut
2521 913 2704 962 tamen
2751 903 2874 960 sine
2921 904 3199 966 divisione
3259 907 3612 981 distinguam

2037 1000 2129 1047 tur
2158 1002 2213 1048 et
2243 1003 2606 1050 numerentur
2632 1012 2646 1060 ;
2679 994 2808 1066 quia
2858 1011 3058 1066 umnpe
3099 1013 3366 1056 numerus
3397 1016 3498 1056 nec
3525 1003 3611 1057 di-

2035 1082 2327 1162 visionem,
2367 1099 2468 1140 nec
2517 1085 2970 1158 disjunetionem,
3031 1101 3134 1142 nec
3196 1088 3608 1158 alienationem,

2036 1175 2480 1247 neclsectionem
2508 1176 2563 1230 in
2610 1175 2747 1246 ipsis
2785 1177 2916 1231 facit
2944 1179 3150 1247 (unum
3187 1181 3389 1250 quippe
3421 1181 3612 1250 Deum,

2035 1265 2275 1331 Patrem,
2296 1276 2348 1321 et
2367 1266 2592 1333 Filium,
2627 1279 2682 1322 et
2712 1267 2978 1338 Spiritum
3008 1277 3264 1324 sanctum
3299 1272 3611 1343 novimus):

2034 1361 2110 1414 ita
2139 1374 2358 1430 quoque
2395 1360 2601 1416 Christi
2631 1370 2862 1427 naturae,
2889 1364 3144 1432 quamvis
3177 1364 3413 1419 invicem
3449 1368 3614 1422 unita:

2035 1449 2165 1515 sint,
2233 1457 2490 1504 czeterum
2543 1450 2696 1504 nulla
2749 1451 3118 1522 confusione,
3189 1465 3241 1509 et
3307 1457 3613 1526 quamlibet

2036 1542 2157 1596 aliae
2187 1541 2325 1596 alias
2369 1548 2676 1611 permeent,
2728 1557 2838 1597 non
2881 1552 3063 1600 tamen
3109 1548 3529 1603 conversionem
3559 1556 3612 1603 et

2036 1634 2561 1689 transmutatioucm
2595 1634 2825 1690 alterius
2855 1636 2906 1689 in
2950 1637 3181 1692 alteram
3211 1639 3510 1695 admittunt
3543 1640 3609 1693 θος

2037 1725 2285 1796 Utraque
2329 1724 2477 1778 enim
2508 1726 2815 1780 naturalem
2857 1728 3252 1797 proprietatem
3305 1747 3460 1786 suam
3513 1733 3614 1786 im-

2035 1826 2238 1872 mOtam
2295 1824 2497 1870 tuetur.
2553 1816 2696 1871 lline
2748 1833 2968 1888 quoque
3009 1821 3067 1872 ﬁt
3112 1831 3170 1875 ut
3222 1835 3607 1888 runnerentur,

2034 1925 2135 1966 nec
2193 1919 2374 1964 tamen
2436 1925 2702 1965 numerus
2767 1911 3091 1966 divisionem
3151 1913 3399 1970 inducat.
3459 1915 3611 1972 Unus

2035 1999 2313 2070 siquidem
2344 1997 2604 2054 Christus
2634 2010 2740 2068 est,
2785 2008 2894 2054 tam
2929 2000 2982 2055 in
3017 2001 3329 2070 divinitate,
3361 2020 3524 2076 quam
3558 2010 3613 2060 in

2035 2092 2381 2148 humanitate
2457 2092 2761 2160 perfectus.
2832 2090 3022 2162 Neque
3069 2094 3214 2148 enim
3268 2096 3482 2150 numeri
3548 2111 3612 2151 ea

2034 2193 2235 2240 natura
2287 2192 2393 2247 est,
2454 2194 2516 2238 ut
2565 2184 2890 2239 divisionem
2943 2194 3036 2239 aut
3089 2187 3349 2241 unionem
3397 2187 3608 2255 all'erat,

2035 2279 2128 2334 sed
2184 2279 2547 2348 quantitatem
2606 2277 2872 2330 duntaxat
2915 2293 3104 2332 earum
3154 2293 3335 2332 rerum
3388 2295 3510 2348 quae
3554 2279 3608 2333 in

2033 2387 2329 2426 numerum
2364 2370 2591 2435 cadunt,
2635 2368 2929 2438 signiﬁcat,
2969 2367 3087 2422 sive
3127 2367 3233 2422 illa:
3273 2369 3441 2422 unita:
3476 2370 3609 2437 sint,

2026 2463 2141 2518 sive
2170 2463 2357 2518 divisae
2389 2480 2402 2516 :
2436 2461 2604 2516 unitm
2640 2458 2887 2530 quidem,
2927 2466 2988 2512 ut
3025 2459 3173 2529 quod
3197 2459 3603 2530 quinquaginta

2028 2552 2308 2623 lapidibus
2358 2552 2448 2608 hic
2502 2551 2685 2622 paries
2741 2556 2994 2617 constet;
3043 2548 3236 2606 divisae
3296 2560 3502 2616 autem,
3550 2560 3610 2606 ut

2026 2643 2171 2713 quod
2207 2641 2613 2714 quinquaginta
2659 2640 2870 2710 lapides
2904 2639 2962 2694 in
2999 2653 3198 2710 campo
3242 2640 3502 2709 jaccant:
3548 2656 3612 2693 ac

2026 2750 2250 2790 rursum
2299 2735 2486 2800 unitaz,
2544 2743 2602 2788 ut
2646 2733 2792 2803 quod
2839 2733 2894 2786 in
2944 2733 3188 2787 carbone
3222 2732 3345 2787 dua:
3398 2743 3610 2789 natura:

2030 2827 2163 2890 sint,
2193 2827 2337 2898 ignis
2369 2827 2634 2881 nimirum
2677 2837 2732 2882 et
2772 2826 2933 2896 ligni;
2976 2826 3233 2880 discretae
3271 2841 3424 2893 vero,
3461 2827 3610 2896 quod

2028 2919 2133 2972 alia
2161 2918 2303 2988 ignis
2326 2928 2526 2973 natura
2558 2919 2650 2986 sit,
2689 2918 2793 2972 alia
2843 2916 2973 2988 ligni
3002 2935 3016 2984 ;
3067 2917 3175 2972 alio
3207 2933 3404 2988 nempe
3445 2919 3610 2974 modo

2027 3011 2143 3066 haec
2186 3011 2479 3080 copulante
2529 3019 2584 3066 et
2619 3009 2930 3072 dividente,
2966 3024 3078 3064 non
3123 3019 3606 3078 autenynumero.

331 3107 806 3178 Quemadmodum
897 3106 1066 3176 igitur
1126 3105 1242 3162 ﬁeri
1292 3107 1505 3176 nequit,
1596 3114 1656 3162 ut
1730 3116 1844 3163 tres
1913 3102 2222 3161 divinitatis
2274 3118 2563 3175 personas,
2624 3103 2844 3157 tametsi
2894 3102 3040 3158 inter
3095 3117 3155 3159 se
3201 3103 3405 3173 junctae
3452 3115 3605 3171 sunt,

337 3213 501 3255 unam
533 3214 826 3267 personam
870 3199 1142 3266 dicamus,
1197 3215 1264 3253 ne
1303 3201 1510 3270 alioqui
1547 3215 1910 3270 personarum
1952 3198 2255 3254 discrimen
2289 3195 2700 3252 contundamus
2748 3203 2804 3250 et
2846 3210 2877 3250 e
2951 3193 3136 3251 medio
3185 3195 3464 3263 tollamus,
3535 3197 3609 3254 ita

333 3304 438 3345 nec
484 3290 602 3345 ﬁeri
651 3298 854 3361 potest,
892 3299 950 3344 ut
1001 3291 1141 3346 duas
1191 3289 1401 3347 Christi
1438 3301 1670 3348 naturas
1743 3292 2054 3347 secundum
2095 3289 2436 3360 liypostasim
2523 3288 2707 3344 unitas
2758 3302 2926 3343 unam
3009 3294 3266 3342 naturam
3331 3287 3598 3383 dicamus.

331 3397 403 3437 ne
430 3381 731 3440 discrimen
759 3399 956 3440 earum
987 3385 1247 3439 tollamus
1281 3393 1335 3437 et
1365 3385 1793 3451 confundamus,
1830 3393 1995 3454 atque
2025 3384 2094 3440 ad
2126 3383 2359 3440 nihilum
2393 3381 2732 3453 redigamus.

864 3477 1115 3530 ΚΕΦΑΛ.
1157 3479 1215 3544 ς
1249 3474 1382 3550 [N'.]

330 3570 461 3625 Ὀτι
490 3568 658 3625 πᾶσα
680 3569 718 3636 ἡ
747 3569 873 3623 θεία
890 3569 1077 3638 φύσις
1092 3568 1164 3638 ἐν
1180 3567 1287 3637 μιᾷ
1305 3568 1420 3622 τῶν
1435 3569 1628 3638 αὐτῆς
1644 3570 1914 3624 ὑποστά-

399 3657 561 3696 σεων
609 3641 806 3707 ήνώθη
843 3637 1011 3709 πάσῃ
1061 3637 1137 3707 τῇ
1183 3639 1529 3707 ἀνθρωπίνῃ
1580 3637 1786 3708 φύσει,
1815 3641 1914 3694 καὶ

399 3713 473 3766 οὐ
492 3709 676 3780 μέρος
693 3709 882 3778 μέρει.
1826 3768 1848 3787 .

401 3801 484 3856 Τὰ
509 3802 664 3856 κοινὰ
691 3803 786 3856 καὶ
824 3800 1092 3857 καθολικὰ
1136 3800 1570 3874 κατηγοροῦνται
1597 3803 1706 3854 τῶν
1737 3803 1918 3865 αὑτοῖς

331 3895 710 3964 ὑποκειμένων
745 3893 1008 3966 μερικῶν.
1065 3893 1264 3948 Κοινὸν
1314 3893 1498 3946 τοίνυν
1542 3895 1575 3964 ὴ
1620 3893 1802 3957 οὑσία,
1841 3896 1918 3958 ὡς

331 3983 490 4053 εἶδος,
526 3987 750 4059 μερικδν
771 3987 906 4058 δὲ,ή
949 3987 1270 4050 ὑπόστασις.
1309 3986 1550 4058 Μερικὸν
1577 3986 1658 4051 δὲ,
1697 3987 1795 4057 οὑχ
1835 3988 1916 4040 ὅτι

332 4083 499 4152 μέρος
544 4080 645 4150 τῆς
704 4077 922 4148 φύσεως
980 4079 1117 4150 ἔχει,
1171 4081 1344 4151 μέρος
1388 4079 1444 4133 δὲ
1474 4080 1574 4132 οὑκ
1606 4079 1741 4149 ἔχει,
1780 4079 1918 4133 ἀλλὰ

333 4173 560 4245 μερικὸν
589 4172 667 4243 τῷ
692 4172 931 4244 ἀριθμῷ,
994 4173 1070 4236 ὼς
1107 4175 1347 4243 ἄτομονο
1384 4171 1604 4244 ἀριθμῷ
1639 4172 1770 4242 γὰρ,
1824 4172 1918 4224 καὶ

329 4267 390 4320 οὑ
423 4266 586 4334 φύσει
633 4266 912 4336 διαφέρειν
961 4265 1212 4335 λέγονται
1261 4268 1316 4318 αἱ
1365 4267 1717 4328 ὑποστάσεις.
1769 4267 1916 4319 Κατ-

327 4361 610 4431 ηγορεῖται
627 4359 684 4412 δὲ
714 4361 747 4430 ἡ
773 4359 931 4413 οὐσία
949 4359 1048 4429 τῆς
1073 4358 1447 4424 ὑποστάσεως,
1466 4358 1601 4410 διότι
1619 4360 1676 4410 ἐν
1706 4358 1914 4429 ἑκάστῃ

326 4453 440 4504 τῶν
483 4451 748 4521 ὁμοειδῶν
807 4449 1160 4504 ὑποστάσεων
1225 4447 1412 4502 τελεία
1468 4450 1500 4520 ἡ
1553 4449 1712 4503 ούσία
1772 4449 1909 4504 ὲστί.

326 4543 418 4596 Διὸ
452 4543 572 4597 οὐδὲ
606 4543 956 4613 διαφέρουσιν
1007 4540 1256 4611 ἀλλήλων
1314 4541 1369 4594 αἱ
1426 4541 1758 4605 ὑποστάσεις
1792 4540 1913 4594 κατ’

327 4634 541 4698 οὐσίαν,
576 4634 713 4688 ἀλλὰ
741 4635 883 4688 κατὰ
941 4633 1009 4687 τὰ
1056 4631 1468 4704 συμϐεϐηκότα,
1518 4630 1679 4685 ἆτινά
1705 4632 1812 4684 εισι
1847 4631 1916 4685 τὰ

328 4725 814 4799 γαρακτηριστικὰ
905 4723 1203 4794 ἰδιώματα·
1300 4723 1784 4796 χαρακτηριστικὰ
1857 4722 1913 4776 δὲ

2669 3473 2827 3531 CAP.
2858 3474 2948 3532 Vl.

2023 3569 2179 3637 Quod
2210 3579 2323 3624 tota
2354 3569 2537 3624 divina
2570 3577 2769 3622 natura
2810 3567 2865 3621 in
2919 3584 3026 3622 una
3073 3583 3295 3622 suarum
3351 3581 3604 3636 persona-

2091 3658 2210 3693 rum
2242 3640 2337 3693 toti
2366 3639 2612 3693 humana:
2646 3648 2856 3693 natura?
2906 3639 3058 3692 unita
3104 3641 3195 3706 ait,
3235 3647 3284 3691 et
3339 3653 3442 3690 non
3483 3652 3604 3704 pars

2090 3711 2255 3779 parti.

2107 3801 2348 3855 Essentia
2367 3811 2415 3854 et
2437 3809 2634 3854 natura
2672 3797 2855 3852 eadem
2879 3799 2932 3852 in
2969 3799 3205 3867 personis
3240 3795 3604 3860 tota—Qua:

2019 3893 2334 3948 communia
2367 3899 2422 3947 et
2472 3891 2808 3946 universalia
2859 3899 3010 3955 sunt,
3055 3889 3126 3944 de
3170 3886 3604 3958 particular-ibus

2020 3986 2125 4042 sibi
2159 3983 2427 4053 subjectis
2469 3983 2864 4054 praedicantur.
2895 3980 3200 4036 Commune
3229 3993 3394 4050 porro
3420 3978 3596 4048 quod-

2021 4081 2144 4134 dam
2181 4085 2268 4135 est
2299 4079 2560 4143 essentia,
2597 4083 2654 4130 ut
2679 4075 2920 4146 species;
2952 4074 3310 4145 particularc,
3337 4086 3598 4143 persona.

2021 4167 2382 4233 Particulare,
2445 4168 2690 4238 inquam,
2757 4181 2871 4221 non
2928 4163 3076 4234 quod
3132 4172 3349 4218 naturae
3386 4167 3598 4232 partem

2020 4260 2317 4332 quamdam
2352 4259 2460 4316 sibi
2509 4258 2774 4324 vindicet,
2811 4256 2908 4312 sed
2939 4256 3068 4327 quia
3099 4269 3332 4310 numero
3354 4253 3598 4325 particu-

2023 4354 2136 4406 lare
2181 4359 2288 4417 est,
2322 4361 2380 4406 ut
2432 4350 2803 4406 individuum.
2860 4347 3120 4404 Personae
3167 4346 3442 4416 siquidem
3487 4358 3598 4400 non

2022 4454 2239 4508 natura,
2294 4445 2388 4511 sed
2440 4458 2672 4499 numero
2724 4443 2868 4498 inter
2912 4456 2972 4497 se
3011 4440 3277 4510 distingui
3309 4438 3596 4493 dicuntur.

2019 4539 2362 4594 Praedicatur
2402 4537 2589 4608 itaque
2623 4536 2870 4593 essentia
2907 4534 2974 4590 de
3021 4546 3289 4604 persona,
3335 4528 3598 4600 quoniam

2022 4631 2076 4684 in
2114 4630 2354 4701 singulis
2404 4629 2612 4700 speciei
2658 4627 2905 4700 ejusdem
2943 4625 3198 4697 personis
3239 4621 3485 4693 perfecta
3517 4629 3602 4676 est

2021 4723 2286 4778 essentia.
2319 4722 2439 4790 Quo
2474 4722 2536 4776 tit
2582 4729 2641 4776 ut
2691 4735 2944 4792 personae
2989 4719 3136 4774 inter
3180 4732 3238 4771 se
3282 4731 3394 4771 non
3443 4713 3602 4770 αισα-

328 4819 702 4883 ὑποστόισεως,
725 4819 818 4872 καὶ
845 4818 906 4870 οὐ
936 4817 1169 4886 φύσεως.
1205 4817 1314 4872 Καὶ
1341 4815 1449 4887 γὰρ
1472 4815 1569 4886 τὴν
1609 4815 1913 4870 ὑπόστασιν

2028 4824 2147 4871 rant
2187 4816 2402 4871 ratione
2439 4816 2719 4881 essentiac,
2753 4815 2849 4870 sed
2894 4812 3295 4872 accidentium,
3327 4822 3451 4878 quae
3481 4805 3604 4876 qui-

325 4911 623 4981 ὁρίζονται,
683 4911 873 4963 οὐσίαν
939 4909 1078 4978 μετὰ
1132 4907 1579 4977 συμϐεϐηκότων.
1626 4907 1791 4959 Ὥστε
1852 4905 1913 4959 τὸ

325 5003 509 5055 κοινὸν
543 5005 683 5073 μετὰ
709 5004 804 5056 τοῦ
837 5002 1134 5066 ἱδιόιζοντος
1175 5001 1288 5071 ἔχει
1323 5003 1356 5070 ἠ
1382 4989 1705 5063 ὑπόστασις,
1741 4999 1835 5054 καὶ
1850 4998 1912 5050 τὸ

2019 4907 2144 4962 dem
2183 4915 2314 4963 sunt
2364 4909 2598 4978 propriae
2646 4916 2701 4963 et
2756 4913 2922 4962 certae
2971 4906 3133 4974 212
3192 4913 3334 4956 notae
3397 4899 3601 4971 quibus

2021 5001 2300 5072 sigillatur
2327 5001 2672 5071 hypostasis,
2704 5015 2813 5054 non
2847 5007 3070 5053 natura.
3107 4995 3427 5066 llypostasis
3453 4992 3600 5046 enim

396 5121 442 5155 5°
475 5121 609 5176 lnl‘r.
645 5138 769 5194 cap.
806 5123 868 5189 7;
902 5119 1068 5174 Basil.
1101 5118 1266 5188 epist.
1295 5117 1384 5182 4'5,
1437 5124 1493 5172 et
1523 5117 1619 5172 lib.
1649 5115 1724 5170 De
1757 5116 1904 5185 Spir.
1944 5126 2122 5188 surget.
2157 5132 2282 5187 cap.
2320 5117 2409 5171 l7.

403 5241 418 5274 '
481 5237 638 5292 Edita
700 5239 816 5292 sola
864 5235 1216 5309 ἐργάζεσθαι.

1856 5304 2074 5366 NOT/E

321 5404 425 5458 etsi
487 5403 708 5456 diversa
780 5415 930 5462 sunt.
984 5419 1074 5457 res
1131 5416 1238 5455 una
1302 5398 1677 5454 constituatur
1725 5411 1737 5446 :
1778 5393 1900 5449 ideo

322 5473 682 5542 'l'hcolngum,
712 5486 852 5529 orat.
886 5475 954 5528 56
990 5473 1063 5526 De
1093 5471 1292 5526 Christi
1320 5471 1528 5542 naturis
1547 5467 1756 5542 dixisse
1782 5466 1900 5542 g‘To

321 5536 735 5614 συναμφότερον
788 5546 867 5606 ἓν,
899 5545 960 5597 οὑ
1018 5546 1085 5613 τῇ
1125 5542 1309 5612 φύσει,
1361 5539 1521 5614 όιλλέιΔ
1555 5539 1620 5614 τῇ
1671 5536 1898 5614 συνόδῳ,

319 5606 545 5683 utraque
575 5606 738 5670 unam
803 5616 884 5683 ﬁt,
943 5631 1045 5668 non
1061 5606 1300 5683 "natura,
1325 5609 1685 5664 sedeoitione.
1722 5606 1782 5661 In
1811 5622 1902 5660 so-

319 5681 534 5739 lutione
566 5687 722 5752 primi
752 5681 1059 5755 argumenti
1100 5681 1315 5755 Severi,
1379 5684 1538 5755 hanc
1563 5693 1684 5755 esse
1719 5685 1906 5755 osten-

320 5756 402 5813 dit
436 5744 689 5810 naturam
711 5744 946 5816 nutrieri,
966 5766 1021 5808 ut
1042 5768 1141 5808 nec
1167 5744 1346 5818 uniat,
1375 5767 1475 5808 nec
1491 5749 1698 5804 dividat
1721 5766 1733 5802 :
1755 5744 1903 5819 Λὺτη

632 5851 898 5912 Pyrum”
953 5850 1073 5908 Gtt.
1121 5847 1321 5912 XCIV.

2007 5397 2188 5482 τοίνυν
2289 5397 2449 5482 φύσις
2482 5395 2574 5482 τοῦ
2599 5394 2858 5483 ἀριθμοῦ,
2891 5395 3039 5476 ,καθ’
3067 5392 3266 5462 ἑαυτὴν
3307 5391 3428 5444 οὔτε
3476 5408 3607 5471 συν-

2008 5468 2168 5522 ἅπτει
2193 5467 2316 5520 οὔτε
2343 5467 2562 5538 διαιρεῖ.
2619 5467 2766 5520 Nihil
2813 5467 3288 5538 quippenumero
3338 5467 3600 5532 exprimi,

1985 5539 2118 5597 nisi
2181 5533 2542 5607 quantitatem
2580 5555 2592 5589 :
2635 5538 2779 5592 unde
2830 5533 2960 5591 ires
2989 5533 3599 5607 Divinitatis__pct_‘sona:

2013 5610 2132 5664 sine
2160 5602 2433 5663 divisione
2499 5614 2879 5663 numerantur.
2914 5607 2991 5661 lta
3025 5620 3244 5677 quoque
3300 5602 3589 5678 Maximus,

2014 5681 2176 5748 epist.
2216 5681 2236 5734 l
2269 5681 2334 5736 ad
2365 5678 2522 5734 Joan.
2551 5679 2744 5735 Cubic.

3203 5828 3282 5892 '32
