3858 6196
177 391 297 456 1005

1216 392 1310 451 DE
1345 394 1523 453 FIDE
1563 392 2025 453 ORTHODOXA
2058 391 2202 450 LIB.
2240 392 2355 450 ΙΙΙ.

3266 387 3399 451 1οθ6

173 499 295 564 κῶς,
326 498 634 564 τουτέστιν,
664 499 721 551 ἐν
760 500 825 570 τῇ
884 497 1045 567 σαρκὶ
1092 498 1289 552 αὑτοῦο
1324 502 1418 554 καὶ
1472 504 1501 555 6
1540 503 1726 556 τούτου

1838 517 1995 555 mana
2031 502 2238 555 unitam
2284 501 2457 556 fuisse
2505 499 2763 559 dicimus,
2797 512 2861 551 ac
2890 512 3001 551 non
3035 507 3243 568 partem
3276 517 3400 555 cum

175 590 424 660 φοιτητὴς
450 591 477 642 6
504 590 781 661 Osozpépo;,
819 590 912 643 καὶ
955 590 1025 642 τὰ
1055 591 1175 643 θεῖα
1216 591 1383 655 πολὺς
1431 593 1728 657 Διονύσιος,

170 684 240 734 ὃτι
286 681 483 744 ὀλικῶς
537 683 668 751 ἡμῖν
729 682 786 733 ἐν
838 683 937 752 μιᾷ
982 681 1092 734 τῶν
1131 683 1328 752 ἑαυτῆς
1375 684 1733 753 ἐκοινώνησεν

171 770 531 824 ὑποστάσεων.
585 772 660 823 Οὑ
697 770 796 840 μὲν
823 771 879 823 δὲ
934 771 1115 838 λέγειν
1174 772 1729 844 ἀναγκασθησόμεθα,

173 861 335 924 πάσας
366 861 467 923 τὰς
498 861 828 925 ὑποστάσεις
862 862 963 931 τῆς
985 862 1145 929 ἁγίας
1178 863 1462 933 Θεότητος,
1489 865 1606 934 ἦτοι
1636 864 1732 927 τὰς

170 957 305 1023 τρεῖς
361 952 570 1015 πάσαις
618 955 739 1017 ταῖς
780 954 1199 1024 ἀνθρωπότητος
1248 954 1580 1008 ὑποστάσεσι
1608 955 1731 1007 καθ’

167 1044 460 1096 ὑπόστασιν
494 1042 759 1113 ἡνῶσθαι.
792 1042 931 1095 Κατ’
962 1043 1151 1095 οὑδένα
1210 1043 1317 1114 γὰρ
1366 1045 1732 1110 κεκοινώνηκε

164 1137 312 1202 λόγον
346 1137 375 1187 6
400 1135 587 1206 Πατὴρ
616 1136 709 1187 καὶ
736 1135 794 1188 τὸ
821 1136 1044 1204 Πνεῦμα
1068 1136 1130 1187 τὸ
1167 1135 1320 1204 ἅγιον
1357 1139 1424 1207 τῇ
1458 1136 1732 1207 σαρκώσει

164 1226 249 1278 τοῦ
281 1226 418 1278 Θεοῦ
456 1225 655 1292 Λόγου,
684 1228 732 1278 εἰ
781 1226 854 1296 μὴ
896 1226 1015 1279 κατ’
1046 1226 1295 1279 εὐδοκίαν
1324 1228 1418 1279 καὶ
1456 1226 1729 1296 βούλησιν.

163 1319 312 1388 "ira
344 1318 403 1370 δὲ
434 1321 500 1388 τῇ
532 1317 846 1390 ἀνθρωπίνῃ
867 1318 1027 1386 φύσει
1050 1318 1230 1387 φαμὲν
1262 1318 1525 1388 ἐνωθῆναι
1554 1321 1733 1372 πᾶσαν

160 1410 258 1478 τὴν
282 1410 383 1478 τῆς
408 1409 668 1480 Θεότητο,
712 1410 918 1462 οὐσίαν.
949 1410 1112 1463 Οὐδὲν
1136 1411 1242 1479 γὰρ
1268 1404 1342 1462 ὢν
1366 1410 1689 1479 ἐνειρὺτευσε
1708 1422 1733 1447 κ

157 1503 221 1571 τῇ
281 1501 532 1570 ἡμετέρᾳ
572 1500 731 1569 φύσει
779 1503 807 1554 6
858 1501 990 1565 Θεὸς
1028 1502 1219 1570 Λόγος.
1255 1503 1494 1573 ἀρχῆθεν
1523 1503 1733 1567 πλάσας

158 1592 324 1661 ἡμᾶς,
357 1592 627 1657 ἐνέλιπεν,
666 1592 803 1645 ἀλλὰ
834 1593 1011 1646 πάντα
1061 1592 1314 1656 ἀνέλαϐε,
1348 1593 1524 1663 σῶμα,
1557 1594 1734 1664 ψυχὴν

156 1686 346 1754 νοερΞιν
380 1685 477 1738 καὶ
524 1684 771 1758 λογικὴν,
820 1685 912 1738 καὶ
956 1685 1023 1738 τὰ
1081 1685 1288 1739 τούτων
1345 1686 1631 1756 ἰδιώματα.
1661 1686 1734 1739 Τὸ

156 1775 263 1846 γὰρ
325 1777 445 1839 ἐνὸς
486 1776 693 1830 τούτων
750 1776 1015 1847 ἀμοιροῦν
1086 1775 1244 1842 ζῶον,
1278 1779 1377 1831 οὑκ
1423 1778 1729 1849 ἄνθρωπος.

1834 605 2009 664 parte.
2041 595 2133 647 Ait
2168 594 2373 664 quippe
2412 594 2633 648 divinus
2688 592 2985 660 Apostolus
3016 611 3028 645 ;
3080 590 3141 644 In
3174 594 3285 661 ipso
3322 596 3395 647 in.

1832 687 2037 739 habitat
2077 687 2245 740 (mntis
2303 685 2572 754 plenitudo
2620 683 2912 737 divinitatis
2960 686 3301 749 corporaliter
3334 686 3399 747 εί,

1835 779 1937 833 hoc
1959 788 2044 833 est
2074 778 2128 832 in
2162 777 2339 848 ipsius
2376 793 2575 842 carne;
2626 785 2680 831 et
2710 775 2884 830 deiter
2933 778 3054 843 eius
3095 776 3403 846 discipulus

1834 869 2127 940 Dionysius
2159 870 2225 934 θ’,
2270 870 2479 940 ingenti
2519 868 2831 922 divinarum
2866 882 3049 921 rerum
3081 868 3403 934 cognitione

1835 960 2095 1029 insignis,
2125 974 2246 1014 eam
2296 968 2467 1014 totam
2520 959 2573 1012 in
2626 972 2731 1011 una
2778 972 3001 1011 suarum
3041 973 3403 1028 personarum

1834 1051 2119 1105 nobiscum
2154 1049 2543 1104 commercium
2575 1048 2835 1104 habuisse
2864 1049 2963 1101 ait.
3007 1047 3116 1104 Nec
3149 1060 3403 1119 propter-

1833 1157 1897 1195 ea
1960 1150 2141 1195 tamen
2173 1156 2238 1195 eo
2272 1139 2632 1205 adducemur,
2665 1149 2723 1194 ut
2760 1140 3029 1193 fateamur
3057 1154 3249 1194 omnes
3281 1154 3405 1192 san-

1834 1243 1936 1286 cta:
1986 1231 2274 1287 Trinitatis
2322 1246 2620 1301 personas,
2660 1232 2775 1285 sive
2824 1241 2957 1293 tres,
2992 1247 3117 1284 cum
3146 1230 3405 1284 omnibus

1834 1323 2088 1377 humana:
2143 1332 2352 1376 natura:
2401 1322 2653 1391 personis
2715 1322 3017 1375 secundum
3070 1320 3405 1390 hypostasim
3482 1378 3487 1385 κ

1835 1416 2019 1469 unitas
2066 1414 2256 1468 fuisse.
2309 1411 2445 1467 Nam
2483 1427 2583 1466 nec
2616 1410 2796 1472 Pater,
2846 1425 2944 1463 nec
2979 1407 3219 1478 Spiritus
3274 1424 3405 1463 san'

1835 1514 1959 1559 ctus
2006 1505 2119 1558 ulla
2152 1502 2383 1558 omnino
2432 1503 2645 1557 ratione
2689 1499 3061 1554 incarnationi
3111 1498 3207 1553 Dei
3242 1499 3406 1553 Verbi

1835 1597 2340 1662 communicarunt,
2377 1596 2486 1650 nisi
2537 1594 2933 1664 benignissima
2966 1593 3270 1646 voluntate.
3298 1589 3401 1644 Ve-

1834 1705 1956 1744 rum
1985 1690 2084 1743 toti
2117 1690 2373 1743 humanae
2407 1696 2622 1742 natura:
2666 1695 2837 1742 totam
2886 1685 3105 1739 deitatis
3150 1684 3410 1739 substan-

1835 1782 1967 1835 tiam
2003 1780 2214 1833 unitam
2253 1778 2428 1834 fuisse
2467 1778 2795 1834 asserimus.
2844 1776 3028 1845 Neque
3066 1774 3213 1828 enim
3268 1773 3408 1827 Deus

158 1843 320 1920 ὐλον
351 1866 464 1936 γὰρ
508 1868 630 1931 ὅλος
689 1843 920 1922 ἀνέλαδέ
961 1886 1052 1939 με,
1088 1871 1181 1922 καὶ
1217 1870 1338 1934 ὅλος
1383 1871 1489 1942 ὅλῳ
1523 1843 1726 1943 ηνώθη,

1842 1871 2079 1927 Verbum
2128 1871 2427 1941 quidquam
2481 1886 2697 1933 eorum,
2730 1884 2871 1939 quae,
2912 1883 3037 1923 eum
3093 1882 3191 1921 nos
3248 1867 3408 1919 initio

162 1959 243 2011 ἵνα
266 1960 376 2029 ὅλῳ
413 1960 514 2030 τὴν
549 1961 822 2030 σωτηρίαν
856 1961 1173 2033 χαρίσηται.
1206 1963 1280 2015 T6
1315 1963 1425 2034 γὰρ
1459 1964 1733 2035 ἀπρόσλη-

162 2066 310 2112 πτον,
343 2050 740 2122 ἀθεράπευτον.

1839 1979 2026 2017 rerum
2076 1962 2327 2033 ﬁngeret,
2376 1972 2589 2016 natura:
2638 1969 2842 2017 nostra:
2876 1958 3129 2023 inseruit,
3176 1972 3286 2011 non
3316 1971 3407 2011 as-

1838 2064 2116 2124 sumptum
2147 2055 2335 2111 omisit
2370 2073 2382 2109 :
2414 2055 2511 2110 sed
2550 2054 2736 2108 omnia
2769 2052 3090 2121 assumpsit,
3124 2059 3255 2120 puta
3282 2064 3408 2104 cort-

164 2160 261 2214 pus
310 2152 365 2197 et
414 2144 655 2197 animam
732 2143 1131 2214 intelligentem
1214 2146 1739 2216 rationabilemque,
1812 2161 1935 2202 cum
1988 2161 2175 2201 eorum
2226 2145 2686 2216 proprietatibus.
2743 2144 2963 2198 Animal
3028 2144 3199 2208 enim,
3261 2142 3408 2212 quod

168 2236 481 2292 alterutrius
530 2245 613 2292 est
644 2252 859 2308 expers,
909 2254 979 2295 ne
1016 2240 1240 2309 quidem
1272 2241 1438 2294 homo
1471 2250 1576 2295 est.
1610 2240 1807 2295 Totum
1842 2241 2047 2311 quippe
2073 2256 2161 2296 me
2194 2248 2339 2295 totus
2375 2240 2701 2309 assumpsit,
2767 2253 2831 2292 ac
2906 2244 3056 2291 totus
3128 2237 3228 2290 loti
3286 2238 3409 2290 uni-

169 2337 252 2382 tus
297 2338 401 2393 est,
440 2336 501 2382 ut
535 2328 633 2382 toti
675 2330 904 2384 salutem
944 2330 1181 2386 aﬂ‘erret.
1220 2329 1352 2384 Nam
1378 2332 1578 2402 alioqui
1604 2347 1712 2386 non
1752 2333 1931 2403 potuit
1957 2333 2162 2394 sanari,
2199 2333 2341 2401 quod
2372 2338 2717 2401 assumptum
2751 2344 2860 2383 non
2896 2329 2999 2382 fuit
3033 2329 3099 2382 ⁵³.

236 2419 479 2472 Ἥνωται
503 2420 686 2472 τοίνυν
719 2420 881 2491 σαρκὶ
923 2421 1012 2475 διὰ
1059 2422 1225 2492 μέσου
1264 2423 1355 2475 νοῦ
1384 2425 1411 2476 6
1440 2424 1609 2492 Λόγος
1639 2424 1732 2478 τοῦ

175 2508 298 2561 Θεοῦ
348 2510 726 2579 μεσιτεύοντος
776 2510 911 2563 Θεοῦ
970 2511 1339 2589 καθαρότητι,
1386 2515 1481 2566 καὶ
1533 2515 1734 2585 σαρκὸς

184 2600 469 2668 ττσχύτητι’
504 2600 833 2671 ἠγεμονικδν
884 2601 983 2670 μὲν
1023 2602 1133 2672 γὰρ
1164 2602 1342 2673 ψυχῆς
1385 2621 1444 2656 τε
1473 2605 1567 2657 καὶ
1599 2622 1731 2673 σαρ-

188 2690 270 2751 κὸς
294 2693 321 2743 6
351 2691 509 2755 νοῦςο
560 2692 687 2754 νοῦς
723 2692 781 2746 δὲ
804 2734 816 2757 ,
866 2694 967 2763 τῆς
997 2695 1175 2765 ψυχῆς
1217 2694 1279 2747 τὸ
1327 2696 1729 2767 καθαρώτατον,

190 2780 309 2834 ἀλλὰ
331 2786 421 2836 καὶ
460 2784 574 2848 νοῦ,
607 2783 739 2847 Θεός
759 2802 771 2814 ·
803 2788 896 2837 καὶ
924 2786 1013 2837 ὅτε
1043 2788 1141 2855 μὲν
1172 2790 1587 2857 παραχωρεῖται
1613 2790 1724 2857 (17)

189 2873 280 2925 ὑπὸ
300 2874 387 2927 τοῦ
417 2875 744 2944 κρείττονος,
775 2875 873 2945 τὴν
901 2877 1110 2930 οἰκείαν
1148 2879 1176 2931 6
1211 2877 1333 2941 νοῦς
1363 2878 1457 2931 τοῦ
1492 2880 1726 2949 Χριστοῦ

186 2969 456 3039 ἡγεμονίαν
500 2970 854 3024 ἐνδείκνυται.
902 2973 1214 3026 Ἐκνικᾶται
1262 2973 1359 3037 δὲ,
1408 2974 1502 3027 καὶ
1535 2975 1728 3028 ἕπεται

188 3058 255 3127 τῷ
276 3060 553 3130 κρείττονι,
598 3062 693 3114 καὶ
721 3061 892 3116 ταῦτα
921 3063 1155 3133 ἐνεργεῖ,
1191 3064 1227 3118 ὃ.
1253 3066 1285 3135 ἡ
1329 3062 1447 3118 θεία
1483 3063 1730 3134 βούλεται

189 3147 380 3221 θέλησις
393 3202 408 3221 ,

246 3323 444 3396 Χωρίον
493 3325 592 3391 δέ,
640 3327 667 3379 6
719 3326 841 3391 νοῦς
892 3328 1083 3397 γέγονε
1132 3328 1231 3398 τῆς
1274 3330 1393 3382 καθ’
1430 3331 1727 3384 ὑπόστασιν

190 3416 317 3487 αὑτῴ
344 3420 626 3490 ἡνωμένης
648 3420 923 3492 θεότητος,
948 3421 1136 3492 ὥσπερ
1165 3422 1367 3494 δηλαδὴ
1391 3425 1484 3476 καὶ
1507 3426 1538 3495 ἠ
1564 3424 1721 3495 σὰρξ,

187 3506 238 3559 οὐ
262 3508 499 3573 σύνοικος
522 3518 573 3576 ῐ,
597 3510 672 3573 ὡς
700 3512 733 3581 ἠ
766 3512 875 3564 τῶν
903 3512 1192 3582 αἱρετικῶν
1222 3514 1421 3585 ἐναγὴς
1456 3515 1725 3569 πλανᾶται

181 3599 368 3667 οἴησις,
406 3602 461 3654 οὑ
516 3602 628 3673 γὰρ
659 3602 726 3655 ἂν
761 3604 1107 3673 μεδιμναίον,
1152 3604 1383 3671 λέγουσα
1403 3644 1421 3673 ,
1450 3611 1723 3677 χωρήσει·

178 3688 472 3761 διμέδιμνον
497 3731 512 3755 ,
563 3692 889 3762 σωματικῶς
931 3693 1000 3746 τὰ
1028 3693 1168 3747 ᾰὺλα
1209 3696 1487 3763 κρίνουσα.
1523 3698 1647 3761 Πῶς
1673 3698 1727 3750 δὲ

177 3782 347 3847 ὁΘεδς
391 3785 596 3848 τέλειος
641 3786 736 3838 καὶ
793 3786 1080 3857 ἄνθρωπος
1127 3787 1348 3851 τέλειος,
1396 3790 1488 3842 καὶ
1532 3792 1727 3857 ὁμοοὺ-

172 3888 278 3935 mo;
303 3873 376 3944 τῷ
411 3892 471 3927 τε
517 3876 691 3947 Πατρὶ
738 3877 830 3930 καὶ
864 3879 995 3947 ἡμῖν
1039 3880 1066 3931 6
1110 3880 1340 3948 Χριστὸς
1385 3880 1724 3950 λεχθήσεται,

229 4048 279 4125 ⁶ξ
305 4048 516 4125 C_o_loss.
552 4051 691 4115 ",9.
780 4052 823 4125 οξ
856 4052 1026 4125 Dion.
1065 4053 1265 4125 Dediv.
1307 4072 1446 4109 nom.
1500 4072 1620 4125 cap.
1669 4058 1722 4110 Ξ.

163 4117 283 4175 tad
326 4120 483 4177 Cled.
511 4128 566 4175 ει
618 4128 762 4175 orat.
792 4123 855 4189 1;
884 4124 1074 4194 Cyrill.
1138 4124 1193 4178 in
1224 4142 1344 4195 cap.
1379 4141 1469 4181 rm
1498 4117 1657 4180 Joan.

1900 2424 2061 2494 213
2102 2423 2253 2479 Mens
2283 2425 2338 2477 in
2368 2424 2578 2477 homine
2603 2423 2960 2491 principatum
2992 2420 3248 2475 liabet.-—
3268 2419 3407 2491 Ergo

1831 2515 1926 2571 Dei
1961 2515 2200 2572 Verbum
2232 2532 2327 2587 per
2354 2516 2728 2572 intermediam
2760 2521 2997 2570 mentem
3018 2514 3168 2567 carui
3195 2514 3405 2567 unitum

1831 2617 1935 2671 est,
1959 2609 2300 2679 interiectam
2325 2609 2540 2664 scilicet
2567 2608 2707 2662 inter
2726 2605 2818 2662 Dei
2841 2605 3130 2676 puritatem
3154 2614 3208 2661 et
3227 2605 3409 2659 carnis

1830 2700 2136 2755 crassitiem
2160 2698 2225 2753 ⁵⁸⁵.
2258 2698 2413 2755 Mens
2441 2699 2642 2754 etenim
2676 2698 2925 2767 corporis
2951 2704 3004 2750 et
3033 2696 3229 2750 animae
3260 2696 3409 2764 priu-

1831 2790 2070 2859 cipatum
2100 2790 2262 2859 gerit,
2289 2792 2423 2860 quin
2451 2791 2564 2859 ipsa
2592 2805 2718 2858 pars
2737 2788 3035 2843 estanimze
3062 2786 3357 2855 purissima
3395 2804 3405 2835 :

1834 2892 1889 2935 at
1919 2882 2117 2937 mentis
2140 2897 2359 2952 quoque
2385 2883 2752 2952 principatum
2772 2878 3117 2945 tenetDeus;
3150 2886 3407 2933 caeterum

1833 2972 2039 3029 Christi
2070 2990 2247 3035 mens,
2281 2974 2374 3028 ubi
2399 2990 2428 3027 a
2467 2973 2836 3042 praestantiori
2894 2970 3096 3036 linitur,
3132 2970 3377 3041 principa
3405 3003 3410 3007 η

1838 3073 1927 3120 tus
1978 3066 2065 3121 sui
2096 3066 2301 3135 praebet
2364 3072 2687 3136 argumenta
2714 3066 2779 3117 ⁵⁵.
2838 3064 3037 3119 Verum
3101 3074 3395 3133 superatur

1759 3147 1800 3204 C
1834 3157 2271 3237 obsequiturque
2302 3157 2376 3210 illi
2414 3157 2562 3227 quod
2597 3156 2949 3225 praestantius
2978 3164 3083 3221 est,
3117 3170 3180 3210 ca
3215 3170 3405 3225 agens,

1836 3264 1957 3319 qua:
1986 3250 2172 3303 divlna
2198 3250 2456 3305 voluntas
2482 3249 2736 3304 concedit
2762 3256 2821 3302 ut
2855 3258 3003 3319 agat.

1902 3339 2081 3395 Porro
2138 3356 2296 3395 mens
2344 3340 2511 3395 unitze
2545 3341 2650 3396 sibi
2705 3340 3011 3395 secundum
3064 3341 3405 3411 hypostasim

1832 3432 2053 3488 deitatis
2106 3432 2457 3502 sedesjfacta
2501 3442 2607 3496 est,
2662 3434 2811 3489 velut
2858 3434 3119 3488 nimirum
3168 3442 3224 3488 et
3254 3448 3407 3494 caro,

1829 3538 1941 3577 non
1970 3525 2402 3589 contubernalis,
2428 3525 2887 3596 quemadmodum
2915 3526 3081 3596 impie
3103 3525 3324 3594 ﬁngitur
3342 3529 3409 3577 ah

1825 3614 2119 3679 haereticis,
2142 3630 2265 3669 cum
2290 3616 2445 3671 aiunt
2467 3636 2480 3671 :
2506 3616 2661 3672 Unus
2690 3616 2905 3672 modius
2930 3632 3038 3670 non
3065 3617 3210 3686 capit
3241 3616 3405 3681 duos;

1836 3704 1903 3758 de
1941 3704 2103 3759 rebus
2128 3720 2157 3757 a
2190 3706 2419 3759 materia
2445 3706 2669 3759 remotis
2708 3704 2775 3758 ad
2807 3707 2979 3759 instar
3008 3721 3298 3775 corporum
3322 3706 3407 3772 ju-

1834 3795 2106 3848 dicantes.
2173 3796 2421 3859 Quonam
2481 3803 2659 3848 autem
2692 3805 2849 3862 pacto
2887 3795 3145 3849 Christus
3188 3794 3410 3847 dicatur

1834 3880 1979 3934 Deus
2034 3880 2336 3948 perfectus,
2384 3888 2437 3935 et
2467 3881 2632 3936 homo
2668 3882 2968 3951 perfectus,
3032 3882 3290 3952 Patrique
3346 3893 3407 3937 et

1800 4057 1845 4087 ⁸³
1878 4059 2079 4111 Athan.
2137 4057 2214 4111 De
2244 4058 2408 4111 salut.
2433 4057 2550 4110 adv.
2583 4056 2819 4117 Christ.;
2859 4057 3021 4126 Greg.
3074 4055 3201 4111 Naz.
3244 4059 3406 4126 epist.

1751 4126 1794 4156 “
1818 4126 1978 4197 Greg.
2006 4135 2149 4183 orat.
2181 4129 2229 4194 1,
2261 4128 2330 4183 58
2362 4137 2414 4182 ει
2443 4128 2530 4181 51.

2609 4127 2777 4180 “lui.
2812 4142 2933 4197 cap.
2970 4128 3057 4181 18.

1462 4280 1691 4335 VARUE
1729 4280 2131 4338 LECTIONES.

156 4426 194 4499 ξ.
222 4416 385 4499 Edita
414 4419 699 4487 ἐφύτευσε.
738 4428 766 4466 3'
790 4418 980 4485 Quidsi
1012 4416 1352 4499 lcgasa'lgog
1382 4416 1644 4499 σύνοικος,
1664 4415 1835 4477 vehi);
1855 4418 2122 4497 σύνοικος,
2154 4419 2311 4499 ueluti
2334 4420 2841 4499 contubernatis,_ut
2866 4423 3007 4477 infra
3045 4437 3165 4499 cap.
3206 4422 3267 4476 18
3302 4437 3406 4475 :cx

149 4486 529 4554 Nazianzeno,
559 4505 719 4559 quem
748 4499 941 4544 auctor
976 4486 1282 4543 exscribit?
1314 4487 1679 4551 Quamobrem
1710 4487 1962 4556 sequitur
1999 4489 2403 4544 emendandum
2436 4494 2534 4562 οὑχ
2559 4486 2687 4561 ὼςίὴ
2708 4486 2816 4547 τῶν
2848 4486 3160 4562 αἱρετικῶν,
3189 4509 3241 4545 κ.
3269 4508 3319 4544 τ.
3356 4508 3403 4544 ε.

1669 4644 1902 4700 NOTAE.

216 4741 337 4815 (16)
382 4742 633 4815 Ἦνωται
678 4740 917 4815 τοίνυν.
969 4738 1108 4815 Ergo
1150 4738 1244 4815 ρει
1296 4738 1559 4803 Verbum,
1611 4749 1717 4793 etc.
1757 4745 1797 4797 υ
1828 4741 2108 4815 ἐγγυτέρῳ
2134 4780 2146 4803 ,
2182 4744 2662 4815 καὶᾼοξκειοτέρῳ,
2697 4744 2793 4796 καὶ
2841 4744 2928 4796 διὰ
2970 4744 3163 4815 τούτου
3216 4746 3403 4815 σαρκὶ,

146 4814 268 4865 Hoc
305 4811 627 4864 Damasceui
661 4811 866 4865 dictum
905 4812 1125 4879 quidam
1174 4810 1627 4877 interpretantur,
1665 4819 1725 4862 ut

146 4897 285 4934 caro
318 4896 347 4933 a
378 4879 558 4935 Verbo
607 4890 831 4950 accepta
882 4882 976 4941 sit.
1019 4879 1151 4950 quia
1188 4880 1383 4950 animae
1436 4881 1725 4950 rationalis

146 4966 283 5019 ergo
346 4951 592 5004 humana
649 4948 778 5004 caro
846 4951 1069 5005 condita
1133 4948 1517 5019 fuit.errum
1576 4949 1724 5001 aliud

145 5018 440 5090 quidpiam
471 5020 653 5073 innuit
688 5038 700 5073 :
734 5022 991 5074 nimirum
1016 5027 1227 5090 tantum
1252 5018 1464 5082 abesse,
1492 5027 1549 5090 ιιι
1571 5020 1727 5086 juxta

146 5087 213 5143 ac
244 5087 523 5144 sentiebat
550 5091 945 5159 Apollinarius,
978 5088 1264 5143 rationalis
1297 5091 1478 5141 anima
1503 5087 1729 5142 Christo

146 5160 432 5225 defuerit;
490 5161 623 5228 quin
677 5162 861 5230 potius
932 5161 1260 5230 interposita
1304 5166 1503 5230 esset,
1555 5160 1731 5212 instau

145 5230 318 5284 medii
353 5240 409 5284 et
442 5227 807 5301 vinculi,'quo
840 5242 1097 5301 extrema
1128 5229 1230 5301 ista
1256 5266 1269 5289 ,
1304 5227 1444 5283 Deus
1475 5236 1531 5301 et
1576 5243 1728 5301 caro,

144 5302 575 5371 copularentur.
610 5300 669 5353 Id
705 5295 920 5371 accepit
953 5316 1019 5352 ex
1056 5295 1360 5371 Theologo,
1397 5298 1489 5371 qui
1520 5307 1664 5371 orat.
1701 5299 1727 5351 1

142 5380 200 5425 et
221 5367 379 5424 'alibi
412 5369 516 5423 hor
554 5370 799 5423 inculcat
835 5367 858 5422 τ’
887 5370 1027 5423 Deus
1061 5369 1245 5427 carni,
1280 5368 1367 5419 διὰ
1415 5367 1587 5436 μέσης
1631 5367 1733 5434 ψυ-

141 5442 249 5511 χῆς
283 5439 569 5511 ἀνεκράθη
593 5480 606 5503 ,
666 5440 956 5511 interventu
996 5440 1190 5511 animm
1244 5439 1432 5511 mist_us
1483 5450 1593 5499 est,
1632 5439 1733 5511 Δκαὶ

140 5507 414 5578 συνεδέθη
433 5507 513 5561 τὰ
542 5510 805 5561 διεστῶτα
830 5513 897 5578 τῇ
939 5511 1075 5577 πρὸς
1101 5508 1271 5576 ἄμφω
1294 5507 1386 5559 τοῦ
1423 5508 1733 5575 μεσιτεύον-

136 5596 233 5642 τος
266 5580 609 5648 οἰκειότητι,
646 5595 829 5647 resque
875 5580 1233 5646 discrepantes
1264 5593 1354 5645 per
1395 5579 1723 5648 interposita:

137 5652 221 5703 rei
248 5667 377 5703 cum
404 5646 629 5719 utraque
656 5646 963 5717 aﬂinitalem
981 5649 1241 5716 copulata:
1266 5658 1407 5700 sunt.
1440 5646 1593 5701 Orat.
1631 5649 1688 5700 5|
1706 5687 1720 5710 ,

139 5728 393 5774 mentem
423 5734 549 5774 esse
585 5720 921 5789 μεσότοιχον,
949 5721 1046 5777 ait,
1091 5720 1319 5789 medium
1352 5722 1603 5789 parietem
1638 5721 1723 5771 in-

143 5802 230 5843 ter
282 5791 460 5845 Deum
493 5798 546 5846 et
577 5806 796 5845 carnem
831 5807 843 5841 :
888 5789 945 5844 '0
979 5788 1102 5852 νοῦς
1129 5788 1205 5857 τῷ
1248 5788 1326 5840 νοῖ
1362 5788 1616 5857 μίγνυται
1652 5790 1725 5850 ὡς

1830 4812 2206 4883 μεσιτεὺοξιτος
2269 4812 2517 4878 θεότητι,
2574 4812 2668 4865 καὶ
2716 4814 2991 4883 παχύτητι
3032 4829 3046 4843 ο
3080 4812 3231 4865 Mens
3283 4812 3404 4866 cum

1826 4891 1994 4933 mente
2026 4882 2299 4942 miscetur,
2348 4882 2481 4934 relnt
2517 4883 2901 4950 propinquiori,
2928 4882 3210 4952 magisque
3236 4883 3402 4951 aﬂini,

1825 4960 1871 5002 et
1897 4966 1987 5018 per
2017 4967 2133 5003 eam
2167 4954 2338 5014 carni,
2373 4962 2427 5003 ut
2464 4968 2581 5019 qua:
2626 4952 2851 5005 medium
2892 4954 3137 5005 deitatem
3185 4953 3321 5006 inter
3355 4965 3404 5006 et

1826 5020 2016 5072 malent
2038 5020 2209 5073 locum
2251 5030 2405 5074 tenet.
2442 5020 2590 5076 Idem
2626 5021 2861 5076 subinde
2892 5024 3084 5077 Patres
3108 5023 3199 5076 alii
3227 5021 3403 5078 (ἔτιεεί

1829 5088 2125 5159 Latinique
2156 5090 2519 5143 tradiderunt.

1901 5159 2014 5227 (17)
2048 5159 2156 5213 Καὶ
2190 5159 2287 5213 ὅτε
2315 5161 2769 5229 παραχωρεῖται,
2818 5170 2869 5216 et
2920 5178 3037 5214 cum
3079 5179 3110 5215 a
3142 5170 3405 5229 prwslan-

1830 5230 1953 5301 tiori
1979 5230 2187 5296 ﬁnitur.
2230 5230 2639 5301 Apollinarium
2668 5233 2941 5301 negabant
2974 5231 3089 5286 fieri
3123 5246 3303 5300 posse,
3346 5244 3403 5283 ut

1829 5300 1939 5353 duo
1968 5300 2293 5369 ἡγεμονικὰ,
2345 5299 2630 5367 facultates
2680 5299 2797 5354 tlqu
2846 5299 3191 5370 principales,
3230 5303 3402 5354 actio—

1830 5385 1961 5422 num
2005 5370 2400 5439 moderatrices
2422 5410 2437 5435 ,
2481 5370 2535 5421 in
2569 5386 2675 5423 una
2706 5370 3005 5438 eademque
3040 5385 3273 5439 persona
3305 5388 3403 5422 ex-

1831 5447 2067 5493 starent.
2100 5437 2411 5509 Alnﬁcialur
2468 5440 2689 5507 quidem
2742 5437 3092 5509 1'lieologtis,
3128 5449 3271 5493 orat.
3310 5441 3399 5502 51,

1830 5509 1967 5563 duas
1998 5510 2053 5562 in
2084 5506 2308 5563 Christo
2340 5506 2573 5564 virtutes
2616 5510 2809 5573 fuisse,
2841 5506 3242 5580 quaa'actioucs
3277 5510 3401 5577 ejus

1831 5595 1896 5633 ex
1920 5593 2079 5647 atquo
2111 5581 2529 5649 moderarentur
2554 5595 2568 5631 :
2595 5591 2831 5633 mentem
2865 5580 3071 5649 quippe
3103 5581 3397 5633 humanam

1831 5664 2081 5717 personae
2130 5649 2290 5703 Verbi
2332 5648 2607 5720 subesse:
2641 5648 2901 5704 caeterum
2950 5648 3071 5705 eam
3120 5650 3400 5720 principa-

1833 5715 1949 5771 ium
2002 5734 2265 5841 quercere
2314 5718 2513 5784 docet,
2566 5720 2659 5775 ubi
2707 5737 2738 5775 a
2781 5722 2967 5776 divina
3013 5738 3081 5776 co
3123 5715 3226 5774 't’iti
3291 5715 3395 5776 sib!

1833 5804 2023 5841 (ξυιιιῖρι
2046 5798 2173 5841 ΙιυΓ.

1832 5791 2173 5845 conceditur.
