3996 6212
455 338 590 408 1-007

1637 337 1698 399 S.
1738 336 2060 400 JOANNIS
2094 335 2522 398 DAMASCENI

3579 336 3716 403 1008

454 453 612 510 nobis
641 449 1166 513 consubstantialis,
1189 449 1235 504 si
1258 448 1457 504 divina:
1485 457 1699 505 natura:
1732 465 1884 520 pars,
1915 451 2018 505 hu-

2133 449 2170 502 εί
2203 447 2369 519 μέρος
2399 451 2497 518 τῆς
2521 448 2672 512 θείας
2706 446 2921 519 φύσεως
2955 448 3114 520 μέρει
3143 449 3242 520 τῆς
3274 449 3630 526 ἀνθρωπίνης
3658 458 3716 510 ὲν

453 559 630 600 manas
657 552 870 597 naturae
894 543 1035 611 parti
1067 541 1122 595 in
1161 555 1228 596 eo
1260 541 1417 596 unita
1457 549 1546 597 est
1567 542 1632 597 ⁵⁸.

524 633 742 688 Natura
773 630 1008 685 humana
1053 631 1347 702 singularis
1391 632 1445 686 in
1476 630 1710 697 Christo,
1746 649 1849 689 non
1884 649 2059 688 com-'

457 721 978 780 martia—Dicimus
999 731 1181 779 autem
1201 731 1454 779 naturam
1473 734 1720 781 nostram
1742 739 1772 778 a
1795 725 2028 782 mortuis

460 817 757 873 excitatam
783 830 928 882 esse,
961 822 1014 870 et
1051 814 1109 869 in
1135 816 1340 870 coelum
1389 815 1732 883 ascendisse,
1771 824 1936 886 atque
1958 815 2028 872 ad

451 905 635 962 Patris
666 904 946 960 dexteram
985 904 1235 971 sedisse;
1269 918 1377 958 non
1445 905 1592 974 quod
1631 920 1824 962 omnes
1850 906 2030 960 homi-

454 1014 582 1054 num
599 1011 848 1068 persona:
864 1011 969 1050 una
993 996 1420 1061 resurrexerint,
1451 1007 1507 1054 et
1523 995 1590 1050 ad
1613 996 1894 1052 dexteram
1921 997 2026 1052 Pa-

454 1093 555 1146 tris
613 1090 991 1153 consederint,
1031 1089 1124 1144 sed
1157 1089 1306 1160 quod
1347 1089 1444 1143 toti
1479 1079 1693 1144 naturae
1739 1097 1943 1145 nostra:
1972 1089 2026 1144 in

450 1184 656 1239 Christi
688 1197 923 1254 persona
951 1182 1056 1236 hoe
1107 1181 1402 1252 contigerit
1423 1182 1489 1235 ⁸⁷.
1522 1181 1611 1235 Ait
1633 1181 1780 1236 enim
1806 1182 2027 1237 divinus

451 1279 749 1348 Apostolus
783 1295 797 1332 :
825 1274 1271 1330 Conresaseitavit
1327 1289 1422 1329 nos
1447 1283 1495 1328 et
1525 1272 1807 1328 consedere
1827 1272 1951 1342 fecit
1973 1273 2027 1328 in

450 1368 664 1425 Christo
687 1369 752 1420 ⁸³.

519 1458 794 1525 Quomodo
852 1473 958 1511 una
1008 1456 1109 1511 Dei
1168 1456 1324 1511 Verbi
1367 1465 1563 1510 natura
1591 1455 1893 1521 incuruata,
1923 1471 2028 1510 non

355 1549 366 1624 ξ
449 1571 633 1625 passa.
670 1581 740 1591 —-
770 1551 914 1616 Quin
946 1550 1054 1604 hoc
1081 1549 1346 1613 dicimus,
1398 1549 1656 1604 unionem
1683 1564 1751 1605 ex
1781 1565 2030 1604 commu-

338 1632 345 1646 "
449 1644 617 1698 uibus
644 1640 908 1697 esscntiis
944 1655 1066 1696 esse
1099 1639 1326 1694 factam.
1376 1638 1569 1694 Omnis
1602 1638 1748 1693 enim
1783 1639 2029 1695 essentia

447 1737 726 1808 personis,
747 1750 870 1804 qua!
887 1735 990 1791 sub
1008 1733 1127 1804 ipsa
1145 1731 1532 1796 continentur,
1559 1732 1874 1787 communis
1895 1740 1980 1788 est
2007 1749 2024 1787 :

2130 539 2280 610 αὑτῷ
2309 541 2516 610 ἥνωται
2548 539 2759 608 φύσεως
2782 567 2798 618 ;

2199 631 2446 702 Λέγομεν
2472 631 2527 683 δὲ
2553 631 2653 701 τὴν
2681 631 2846 700 φύσιν
2875 631 3031 703 ἡμῶν
3057 632 3356 705 ὲγηγέρθαι
3387 635 3451 688 ὲκ
3475 636 3715 707 νεκρῶν.

2128 721 2224 775 καὶ
2255 719 2684 792 ἀνεληλυθέναι,
2739 722 2835 782 καὶ
2882 722 3236 777 κεκατθικέναι
3287 725 3353 778 ἐκ
3395 724 3595 790 δεξιῶν
3620 727 3717 780 τοῦ

2127 813 2362 883 Πατρὸς,
2411 813 2473 866 οὑ
2508 812 2644 872 καθὸ
2681 814 2853 866 πᾶσαι
2905 813 2962 866 αί
3001 815 3110 867 τῶν
3140 813 3446 885 ἀνθρώπων
3475 817 3717 871 ὑποστά-

2130 919 2244 967 σεις
2296 903 2601 974 ἀνέστησαν
2625 944 2639 967 ,
2684 905 2780 964 καὶ
2825 903 3089 962 ἐκάθισαν
3132 905 3197 958 ὲκ
3237 905 3430 971 δεξιῶν
3468 906 3570 960 τοῦ
3602 909 3716 960 Πα-

2125 995 2254 1066 τρὸς
2279 1034 2295 1060 ,
2340 995 2476 1050 ἀλλὰ
2529 995 2665 1048 καθὸ
2688 1005 2709 1032 ι
2765 997 2916 1050 πᾶσα
2952 997 2984 1064 ἡ
3036 995 3200 1065 φύσις
3237 996 3396 1066 ἡμῶν
3428 997 3490 1050 ὲν
3519 999 3589 1067 τῇ
3623 997 3715 1050 τοῦ

2127 1086 2364 1158 Χριστοῦ
2413 1087 2732 1142 ὑποστάσει.
2779 1086 2917 1156 Φησὶ
2961 1086 3094 1155 γοῦν
3137 1088 3166 1138 ό
3229 1087 3374 1152 θεῖος
3443 1088 3715 1142 ’Δττόστο⁹

2126 1179 2219 1243 λος
2245 1196 2260 1212 ο
2313 1180 2660 1250 Συνέγιειρε,
2728 1180 2827 1235 καὶ
2878 1179 3291 1236 συνεκάθισεν
3332 1179 3494 1249 ἡμᾶς
3534 1181 3610 1234 ἐν
3640 1181 3718 1247 τῷ

2125 1269 2375 1341 Χριστῷ.

2196 1459 2306 1512 Καὶ
2336 1457 2496 1512 τοῦτο
2523 1456 2581 1510 δέ
2606 1471 2809 1524 φαμεν,
2833 1455 2918 1508 ὅτι
2953 1454 3018 1506 ὲκ
3045 1453 3242 1508 κοινῶν
3270 1453 3480 1508 οὐσιῶν
3507 1455 3543 1525 ἡ
3578 1455 3713 1508 ἒνω-

2129 1566 2213 1613 σις
2241 1550 2455 1620 γέγονε.
2509 1550 2669 1604 Πᾶσα
2713 1549 2822 1618 γὰρ
2877 1546 3036 1600 οὐσία
3086 1545 3243 1615 κοινή
3301 1547 3420 1600 ἑστι
3467 1547 3582 1600 τῶν
3622 1548 3715 1600 ὑπ’

2128 1639 2300 1711 αὐτῆς
2353 1641 2761 1712 περιεχομένων
2823 1637 3218 1704 ὑποστάσεων,
3253 1638 3350 1700 καὶ
3403 1639 3508 1692 οὐκ
3562 1641 3709 1692 ἐστιν

2131 1733 2313 1804 εὑρεῖν
2352 1733 2584 1805 μερικὴν
2615 1731 2712 1786 καὶ
2745 1731 3050 1794 ἰδιάζουσαν
3084 1731 3248 1800 φύσιν
3272 1773 3288 1797 ,
3332 1732 3453 1802 ἦτοι
3497 1733 3707 1798 οὐσίαν,

452 1795 556 1884 nec
582 1795 815 1882 inveniri
847 1795 1168 1895 possit-ulla
1235 1821 1534 1893 singularis
1574 1837 1638 1876 ac
1676 1822 1897 1892 propria
1927 1837 2024 1876 na-

2133 1825 2248 1878 ὲπεὶ
2275 1823 2490 1894 ἀνάγκη
2529 1823 2629 1887 τὰς
2660 1822 2832 1887 αὑτάς
2872 1823 3201 1888 ὑποστάσεις
3236 1825 3333 1877 καὶ
3360 1825 3705 1894 ὁμοουσίους,

448 1921 734 1988 tura,sive
778 1918 1040 1975 essentia.
1094 1915 1228 1972 Nam
1256 1914 1459 1986 alioqui
1484 1914 1707 1970 easdem
1756 1930 2024 1986 personas

448 2015 612 2073 simul
651 2013 901 2082 ejusdem
955 2025 1101 2075 esse,
1158 2023 1224 2063 ac
1267 2009 1499 2066 diversa:
1541 2008 1794 2064 essentiae
1841 2007 2026 2064 dicere

448 2112 744 2180 oporteret,
777 2119 842 2160 ac
873 2110 1120 2160 sanctam
1149 2099 1735 2169 Trinitatem,ratione
1775 2099 2021 2167 deitatis,

449 2199 704 2256 simulet
749 2195 1289 2253 consubstantialem
1345 2209 1496 2260 esse,
1531 2201 1586 2250 et
1619 2194 1859 2265 disparis
1889 2194 2023 2249 sub-

447 2291 684 2348 stantiae.
712 2287 790 2342 Ex
823 2303 932 2358 quo
965 2284 1320 2356 perspicuum
1347 2293 1432 2339 est
1484 2283 1733 2339 eamdem
1768 2289 2023 2337 naturam

448 2384 504 2439 in
528 2381 724 2452 quavis
758 2391 1123 2449 personarum
1155 2373 1526 2429 considerari.
1555 2372 1618 2427 Et
1654 2387 1806 2437 cum,
1866 2373 2024 2442 juxta

449 2474 642 2529 beatos
668 2471 818 2525 viros
851 2467 1215 2522 Athanasium
1251 2473 1306 2521 et
1341 2464 1628 2537 Cyrillum,
1661 2463 1825 2520 Verbi
1855 2474 2024 2519 natu-

448 2580 566 2620 ram
621 2563 963 2620 incarnatam
995 2575 1118 2616 esse
1170 2560 1617 2630 pronuntiamus,
1669 2558 2020 2613 divinitatem

449 2653 600 2708 carni
639 2652 989 2707 unitamesse
1032 2649 1289 2705 dicimus.
1325 2648 1498 2716 Quam
1529 2649 1601 2704 ob
1628 2663 1855 2706 causam
1911 2666 2023 2706 non

449 2758 750 2814 possumus
785 2742 968 2798 dicere
1015 2739 1182 2796 Verbi
1220 2749 1470 2794 naturam
1499 2755 1718 2810 passam
1741 2741 2021 2797 esse.Non

448 2835 594 2892 enim
623 2835 678 2889 in
709 2849 776 2890 eo
816 2834 1082 2891 divinitas
1114 2847 1279 2904 passa
1309 2841 1416 2888 est.
1451 2834 1519 2888 At
1545 2842 1804 2888 naturam
1830 2833 2025 2889 huma-

451 2942 602 2994 nam,
632 2941 904 2998 personas
935 2926 1220 2982 hominum
1251 2924 1684 2996 haudquaquam
1720 2925 2021 2993 innuendo,

2124 1913 2220 1966 καὶ
2258 1911 2629 1983 ἑτεροουσίους
2654 1911 2856 1980 λέγειν,
2892 1911 2984 1966 καὶ
3011 1913 3110 1982 τὴν
3156 1913 3319 1981 ἁγίαν
3351 1915 3580 1986 Τριάδα,
3614 1917 3709 1970 καὶ

2123 2003 2432 2075 ὁμοούσιον,
2467 2002 2562 2057 καὶ
2594 2003 2932 2074 ἑτεροούσιον
2957 2005 3101 2057 κατὰ
3124 2004 3222 2074 τὴν
3244 2004 3464 2076 θεότητα
3493 2007 3704 2076 λέγειν.

2136 2096 2201 2149 Ἦ
2229 2095 2367 2166 αὑτὴ
2409 2095 2589 2148 τοίνυν
2637 2095 2800 2164 φύσις
2835 2096 2903 2153 ἐν
2951 2095 3161 2167 ἑκάστῃ
3201 2096 3303 2150 τῶν
3342 2097 3700 2152 ὑποστάσεων

2125 2189 2437 2260 θεωρεῖται.
2491 2189 2603 2243 Καὶ
2661 2189 2752 2242 ὅτε
2806 2179 3338 2259 εἴπωμενμὸγτὴν
3380 2189 3558 2258 νφὺσιν
3599 2189 3696 2242 τοῦ

2126 2281 2304 2349 Λόγου
2355 2279 2758 2351 σεσαρκῶσθαι,
2794 2277 2937 2334 κατὰ
2979 2279 3106 2341 τοὺς
3139 2279 3446 2350 μακαρίους
3473 2279 3706 2332 ’Λθανά-

2127 2375 2242 2428 σιόν
2282 2391 2343 2427 τε
2390 2375 2484 2429 καὶ
2517 2373 2818 2446 nepam,
2852 2373 2951 2444 τὴν
2980 2373 3213 2444 θεότητὰ
3243 2390 3426 2444 φαμεν
3460 2372 3707 2443 ἡνῶσθαι

2127 2471 2312 2543 σαρκί.
2365 2471 2457 2524 Διὸ
2511 2471 2633 2523 οὑδὲ
2676 2470 2955 2538 δυνάμεθα
2997 2471 3215 2524 είπεῖν·
3260 2470 3325 2524 Ἢ
3381 2470 3552 2540 φύσις
3612 2467 3707 2522 τοῦ

2125 2565 2298 2634 Λόγου
2331 2562 2570 2630 ἔπαθενζ
2613 2563 2673 2615 οὗ
2709 2562 2815 2632 γὰρ
2859 2561 3061 2615 ἔπαθεν
3105 2563 3138 2633 ἡ
3193 2562 3384 2633 θεότης
3421 2563 3482 2615 ὲν
3520 2560 3706 2631 αὐτῷ’

2125 2658 2357 2729 λέγομεν
2396 2657 2453 2710 δὲ
2479 2655 2576 2728 τὴν
2605 2652 2954 2725 ἀνθρωπίνην
2983 2653 3144 2723 φύσιν
3174 2653 3512 2707 πεπονθέναι
3548 2655 3608 2707 ὲν
3633 2652 3710 2722 τῷ

2126 2747 2368 2822 Χριστῷ,
2408 2748 2468 2800 οὑ
2503 2747 2608 2818 μὴν
2638 2747 2818 2810 πάσας
2845 2747 2945 2811 τὰς
2979 2745 3093 2800 τῶν
3118 2744 3428 2816 ἀνθρώπων
3461 2744 3709 2800 ὑποστά-

2129 2859 2242 2906 σεις
2275 2840 2713 2911 ὑπεμφαίνοντες
2738 2850 2787 2906 ο,
2820 2838 2956 2892 ἀλλὰ
2984 2840 3079 2904 καὶ
3104 2841 3169 2909 τῇ
3192 2838 3518 2913 ἀνθρωπίνῃ
3551 2839 3707 2909 φύσει

2128 2932 2500 3004 ὁμολογοῦμεν
2531 2931 2624 2985 τὸν
2646 2929 2883 3004 Χριστὸν
2917 2931 3268 2985 πεπονθέναι.
3305 2931 3474 2986 Ὥστε
3521 2932 3711 3000 φύσιν

451 3022 507 3077 in
549 3020 778 3077 Christo
822 3035 1041 3092 passam
1069 3034 1194 3077 esse
1247 3017 1508 3083 dicimus,
1570 3017 1814 3089 itemque
1863 3019 2025 3091 214

2133 3021 2234 3078 τοῦ
2263 3023 2459 3092 Λόγου
2488 3019 2740 3088 λέγοντες
2766 3059 2781 3084 ,
2813 3003 2979 3073 αὑτὸν
3006 3019 3099 3075 τὸν
3127 3020 3301 3089 Λόγον
3341 3022 3709 3091 σημαίνομεν.

447 3112 732 3170 Christum
763 3111 819 3167 in
857 3113 1101 3167 humana
1145 3115 1348 3166 natura
1388 3121 1614 3178 passum
1636 3123 1760 3164 esse
1790 3109 2025 3164 conﬁte-

2140 3115 2201 3168 Ὀ
2226 3113 2282 3167 δὲ
2306 3113 2478 3179 Λόγος
2506 3110 2602 3164 καὶ
2634 3109 2694 3163 τὸ
2732 3109 2911 3164 κοινὸν
2943 3110 3044 3181 τῆς
3081 3110 3268 3174 οὑσίας
3294 3111 3594 3184 κέκτηται,
3622 3113 3711 3165 καὶ

449 3219 594 3258 mur.
641 3204 1036 3270 Quamobrem,
1084 3218 1210 3258 cum
1251 3202 1406 3257 Verbi
1445 3209 1701 3255 naturam
1757 3201 2020 3271 dicimus,

2133 3205 2194 3260 τὸ
2228 3201 2427 3267 ἰδιάζον
2454 3202 2555 3272 τῆς
2589 3200 2962 3263 ὑποστάσεως.
3149 3267 3174 3279 ο

450 3295 694 3352 Verbum
747 3297 928 3366 ipsum
988 3297 1392 3369 signiﬁcamus.
1450 3294 1687 3351 Verbum
1758 3309 1926 3365 porro
1975 3311 2030 3354 et
2069 3296 2394 3358 substantiae
2420 3294 2871 3352 communitatem
2929 3294 3114 3360 habet,
3144 3305 3199 3352 et
3259 3311 3520 3367 persona:
3585 3308 3707 3367 pro-

439 3390 762 3459 .prietatem.

1127 3478 1282 3533 CAP.
1312 3476 1426 3532 vn.
2639 3475 2890 3529 KE-MA.
2929 3477 2984 3530 z'
3011 3474 3188 3548 [NA'].

661 3572 735 3628 οε
763 3583 869 3625 una
900 3570 994 3626 Dei
1039 3569 1195 3624 Verbi
1229 3571 1521 3640 composita
1550 3587 1800 3641 persona.

519 3727 681 3784 Verbi
717 3741 946 3798 persona
977 3733 1109 3788 ante
1141 3734 1194 3780 et
1233 3733 1352 3795 post
1385 3725 1833 3781 incarnationem.
1869 3723 2026 3781 Verbi

448 3835 673 3890 persona
733 3816 959 3886 simplex
1021 3815 1392 3874 incarnatione
1431 3816 1586 3886 facta
1606 3815 1917 3887 composita.
1951 3845 2024 3856 —-

449 3911 701 3967 Divinam
736 3911 925 3982 itaque
953 3908 1045 3965 Dei
1077 3907 1242 3966 Verbi
1274 3909 1611 3981 hypostasim
1637 3909 1873 3966 dicimus
1896 3917 2023 3965 ante

448 4003 634 4058 omnia
667 4008 910 4066 exstare,
936 4009 1092 4056 extra
1121 4011 1342 4072 tempus
1395 4014 1559 4058 omne
1579 4007 1636 4059 et
1661 4001 2019 4072 sempiterne,

451 4093 761 4164 simplicem
809 4105 912 4147 nec
975 4093 1362 4162 compositam,
1395 4092 1718 4160 increatam,
1765 4092 2025 4164 incorpo-

451 4196 624 4249 ream,
671 4177 1026 4244 invisibilem,
1074 4193 1104 4234 a
1164 4189 1420 4235 contactu
1466 4182 1721 4247 alienam,
1775 4191 1829 4238 et
1861 4183 2025 4238 incir-

451 4272 865 4343 cumscriptam,
903 4271 1088 4326 omnia
1147 4270 1462 4337 habentem,
1511 4286 1634 4342 quae
1659 4269 1820 4327 Pater
1838 4271 2023 4340 habet,

450 4363 579 4437 quia
626 4363 876 4435 ejusdem
929 4377 1054 4420 eum
1083 4377 1150 4420 eo
1203 4362 1530 4419 substantiae
1563 4372 1669 4427 est,
1704 4369 1760 4417 et
1791 4363 1908 4418 sola
1932 4377 2026 4432 ge-

2201 3568 2338 3637 Περὶ
2390 3564 2498 3634 τῆς
2539 3564 2682 3637 μιᾶς
2718 3567 2841 3658 ,τοῦ
2905 3569 3055 3654 εξεοῦ
3092 3571 3288 3637 Λόγου
3335 3571 3646 3628 συνθέτου

2701 3652 3118 3704 ῡποστασεως.

2196 3727 2450 3800 Προεῖναι
2487 3727 2584 3798 μὲν
2616 3722 2709 3782 οὑν
2749 3728 2994 3799 άχρόνως
3042 3728 3140 3782 καὶ
3183 3729 3370 3792 ὰῖδίως
3396 3731 3591 3802 φαμὲν
3618 3733 3710 3803 τὴν

2099 3819 2278 3874 ’θείαν
2303 3818 2399 3873 τοῦ
2432 3818 2570 3872 Θεοῦ
2600 3819 2776 3888 Λόγου
2812 3820 3134 3884 ὑπόστασιν,
3177 3820 3380 3892 ἁπλῆν,
3417 3823 3526 3876 καὶ
3555 3825 3710 3879 ἀσύν-

2129 3910 2283 3965 θετον
2306 3952 2323 3979 ,
2354 3912 2610 3966 ἄκτιστον
2632 3951 2648 3976 ,
2697 3912 2794 3966 καὶ
2828 3911 3124 3982 ἀσώματον
3146 3955 3160 3978 ,
3191 3913 3454 3986 ἀόρατον,
3503 3916 3705 3987 ἀναφῆ,

2129 4001 2563 4075 ἅπερίγραπτον,
2596 4003 2774 4057 πάντα
2801 4003 3030 4073 ἔχουσαν
3055 4003 3155 4058 ὅσα
3176 4004 3290 4076 ἔχει
3323 4007 3353 4059 ό
3376 4007 3607 4080 Πατὴρ,
3640 4008 3709 4067 ὡς

2129 4092 2280 4164 αὑτῷ
2311 4093 2615 4164 ὁμοούσιον,
2651 4094 2729 4166 τῷ
2760 4095 2858 4166 τῆς
2887 4096 3194 4167 γεννήσεως
3219 4103 3430 4169 τρόπῳ,
3457 4103 3568 4155 καὶ
3595 4101 3710 4171 σχέ-

2133 4202 2219 4240 σει
2246 4187 2347 4257 τῆς
2375 4186 2651 4258 πατρικῆς
2679 4187 3032 4252 ὑποστάσεως
3060 4188 3452 4259 διαφέρουσαν,
3485 4192 3709 4255 τελείως

2135 4277 2365 4348 ἔχουσαν
2387 4278 2440 4343 ι»,
2468 4278 2725 4333 οὐδέποτε
2753 4280 2854 4350 τῆς
2898 4279 3173 4352 πατρικῆς
3201 4281 3557 4350 ἑκφοιτῶσαν
3587 4287 3709 4339 ὑπο-

2132 4370 2370 4434 στάσεως
2394 4385 2412 4401 σ
2465 4369 2552 4423 ἐπ’
2595 4371 2840 4442 ἐσχάτων
2889 4371 2948 4425 δὲ
2991 4372 3101 4428 τῶν
3152 4374 3442 4446 πεπρ-κῶν
3491 4376 3708 4432 κόλπων

449 4455 759 4514 nerationis
810 4455 1104 4512 rationeet
1154 4453 1423 4509 relatione
1455 4453 1691 4508 aPatris
1741 4453 2024 4524 hypostasi

2133 4462 2230 4515 οὐκ
2283 4462 2598 4517 ἀποστάντα
2638 4463 2845 4533 Λόγον,
2895 4465 3330 4536 άπεριγράπτως
3365 4468 3707 4540 ἐνῳκηκέναι

450 4549 692 4606 discreta
719 4565 736 4616 ;
771 4547 1070 4620 perfectam
1122 4547 1275 4609 item,
1319 4559 1423 4601 nec
1456 4559 1699 4614 unquam
1730 4560 1758 4598 a
1789 4560 2024 4615 persona

451 4640 630 4698 Patris
686 4641 1314 4712 sejunctamzcasterum
1343 4640 1399 4695 in
1453 4639 1775 4705 novissimis
1824 4641 2020 4697 diebus

2129 4555 2198 4625 τῇ
2225 4556 2424 4624 γαστρὶ
2449 4555 2550 4626 τῆς
2573 4556 2736 4624 ἁγίας
2755 4554 3058 4627 Παρθένου,
3091 4557 3370 4628 άσπόρως,
3397 4561 3495 4613 καὶ
3520 4561 3706 4631 ἀπρι-

2128 4645 2371 4716 λήπτως,
2411 4646 2486 4710 ὡς
2522 4642 2664 4708 οἶδεν
2691 4647 2872 4714 αὐτὸς,
2902 4647 2998 4702 καὶ
3027 4650 3084 4702 ὲν
3124 4648 3262 4720 αὑτῇ
3291 4651 3358 4720 τῇ
3391 4651 3704 4722 προαιωνίῳ

559 4820 605 4853 ⁸⁸
635 4817 795 4890 Greg.
833 4819 994 4890 epist.
1035 4819 1081 4886 Ι,
1119 4817 1202 4874 Ad
1218 4818 1370 4880 Cle-J.
1448 4825 1493 4858 ⁶⁷
1524 4824 1724 4881 Athan.
1761 4825 1837 4880 De
1859 4823 2025 4878 salut.

2133 4842 2176 4877 υ.
2254 4825 2298 4856 ⁸³
2341 4824 2544 4897 Ephes.
2581 4841 2642 4890 ιι,
2674 4826 2726 4882 6.

1733 4982 1968 5040 VARUS
1993 4963 2415 5042 moriones.

523 5147 547 5176 ⁸
579 5139 740 5218 D_eest
765 5140 920 5218 καθδ,
945 5140 1048 5218 “in.
1074 5137 1307 5218 sedans.
1340 5138 1447 5194 Hii.
1487 5141 1542 5193 in
1574 5137 1765 5218 [£42,
1793 5155 1844 5196 et
1871 5142 2123 5218 .Colb._et
2157 5141 2213 5218 ir;
2247 5138 2314 5194 N.
2346 5138 2514 5218 Vetus
2547 5141 2778 5218 interpr.
2809 5157 2863 5203 et
2896 5148 3074 5204 Faber
3107 5150 3437 5207 omiserunt.
3514 5165 3541 5193 ι
3567 5149 3698 5205 Edit.

455 5211 808 5281 ἱμφαίνομεν.
887 5211 913 5249 ι)
940 5207 1137 5264 Cod.S.
1174 5207 1280 5263 lli].
1310 5225 1374 5266 ex
1397 5211 1777 5265 emendatione
1801 5212 1892 5265 καὶ
1923 5210 2141 5277 τελείως
2174 5213 2439 5283 ἔχουσαν;
2477 5214 2530 5267 in
2557 5219 2668 5274 alio
2692 5207 2928 5285 additur,
2949 5221 3046 5290 τὴν
3073 5219 3261 5276 οὐσίαν
3285 5221 3384 5290 τῆς
3423 5221 3696 5294 θεότητος.

1960 5371 2192 5429 ΝΟΤιΕ.

525 5459 638 5531 (18)
679 5459 802 5531 Καί
835 5459 933 5514 ὅτε
958 5461 1224 5530 εἴπομεν.
1272 5461 1342 5514 Et
1385 5478 1504 5516 cum
1548 5465 1874 5528 secundum,
1912 5477 2021 5524 etc.

456 5527 570 5584 Hoc
593 5529 990 5600 Monophysita
1007 5527 1379 5600 obiectabant,
1413 5547 1522 5587 non
1547 5533 1812 5601 Cyrillum
1838 5527 2019 5601 modo,

458 5615 648 5671 verum
682 5610 737 5654 et
759 5595 1128 5671 Athanasium
1157 5641 1172 5667 ,
1217 5617 1380 5654 unam
1429 5602 1528 5657 Dei
1567 5595 1720 5658 Verbi
1771 5595 2020 5671 naturain

461 5669 792 5741 incarnatam
825 5669 1036 5741 dixisse
1077 5671 1132 5741 in
1181 5671 1416 5740 quadam
1463 5672 1813 5741 professione
1842 5677 1907 5729 de
1931 5669 2018 5731 in-

467 5738 792 5792 carnatione.
824 5739 1091 5794 Libellum
1114 5738 1259 5795 hunc
1281 5781 1294 5805 ,
1313 5738 1580 5810 aliosque,
1605 5758 1742 5812 quos
1769 5745 2019 5801 laudarat

2131 5468 2808 5550 gintychesn‘mhanasii
2837 5491 2947 5532 non
3000 5492 3161 5541 esse,
3209 5478 3305 5533 sed
3348 5477 3697 5550 ,Apollinarii.

2131 5539 2652 5618 tidelesjmultoties
2696 5548 3114 5613 probaverunt;
3150 5539 3197 5602 ἀ
3264 5539 3468 5618 quibus
3507 5547 3700 5618 Noster

2128 5610 2476 5689 1'_isse!"i£._
2515 5610 2709 5689 utique
2784 5627 3007 5689 prepter
3063 5610 3449 5675 auctoritatem
3510 5616 3696 5689 Cyr-illi

2124 5677 2480 5804 ἓξέᾗὲἱὶἒοά
2511 5682 2578 5740 de
2618 5677 2753 5759 istis
2785 5677 2977 5745 "fusius
3011 5689 3282 5768 singulari
3317 5677 3700 5747 dissertatiionc
