3996 6212
387 297 517 361 1011

1558 302 1618 359 S.
1661 301 1982 361 JOANNIS
2006 303 2431 367 DAMASCENI

3509 303 3654 367 1012

382 409 452 464 de
499 409 708 479 Spiritu
735 417 951 475 sancto,
997 421 1301 482 sanctaque
1332 395 1558 482 Virgine
1584 411 1776 476 Maria,
1805 410 1953 482 quod

2072 418 2222 486 μόνον
2257 421 2644 490 κηρύττοντες,
2685 417 2890 489 γυμνὸν
2941 416 3039 486 τῆς
3087 413 3207 468 καθ’
3241 415 3389 483 ἡμᾶς
3422 412 3655 481 ἀνθρωο

381 500 603 571 quidem
637 502 893 571 pariendi
924 503 1043 574 lege
1077 503 1415 560 eminentius
1438 511 1544 558 est.
1572 501 1694 558 Non
1737 511 1799 557 ut
1829 517 1954 558 eum

382 593 552 650 Deum
585 593 948 664 praedicamus
979 604 1168 650 nostra
1225 595 1431 650 nudum
1467 595 1831 660 humanitate,
1863 602 1958 649 aut

384 704 578 744 rursus
608 687 787 742 solum
845 687 1145 751 hominem,
1192 685 1483 740 divinitate
1509 685 1829 756 spoliatum,
1863 692 1958 738 aut

384 781 626 851 denique
681 781 850 834 alium
909 786 964 834 et
997 779 1197 844 alium;
1228 778 1323 834 sed
1365 793 1535 832 unum
1593 775 1958 846 eumdemque

384 875 554 929 Deum
593 872 757 928 simul
788 879 842 926 et
892 870 1194 933 hominem,
1226 869 1393 924 Deum
1422 867 1747 938 perfectum,
1779 876 1833 923 et
1860 867 1958 923 ho-

383 965 589 1020 minem
612 962 937 1033 periectum,
969 969 1142 1014 totum
1168 959 1358 1024 Deum,
1381 969 1432 1013 et
1449 967 1623 1014 totum
1643 957 1954 1013 hominem:

383 1063 557 1111 totum
591 1053 784 1120 Deum,
810 1068 916 1108 una
955 1067 1080 1108 cum
1107 1051 1285 1122 ipsius
1335 1066 1524 1114 carne,
1569 1059 1622 1105 et
1649 1058 1825 1105 totum
1855 1051 1954 1104 lio-

384 1149 622 1210 minem,
651 1147 816 1200 etiam
845 1144 1105 1215 adjuncta
1147 1143 1319 1214 ipsius
1365 1143 1784 1213 praecelsissima
1835 1141 1954 1196 dei-

383 1247 514 1294 tate.
573 1237 746 1292 Porro
799 1251 927 1291 cum
979 1236 1150 1292 Deum
1193 1235 1525 1306 perfectum,
1563 1245 1616 1290 et
1651 1233 1953 1305 perfectum

383 1332 662 1388 hominem
702 1329 960 1395 dicimus,
1021 1337 1347 1382 naturarum
1411 1325 1836 1397 plenitudinem,
1899 1331 1958 1377 ut

382 1423 521 1478 nihil
556 1422 612 1476 in
675 1421 757 1476 eis
800 1419 1166 1484 desideretur,
1223 1418 1571 1474 declaramus
1602 1438 1615 1474 :
1645 1433 1771 1474 cum
1828 1430 1959 1472 vero

383 1525 560 1570 totum
586 1513 780 1576 Deum,
820 1519 875 1568 et
901 1520 1079 1567 totum
1135 1511 1437 1576 hominem,
1471 1496 1812 1564 individuam
1836 1523 1960 1579 per-

383 1621 530 1662 sonae
561 1604 1001 1676 singularitatem
1036 1601 1410 1657 ostendimus.

459 1696 580 1752 Una
635 1697 734 1751 Dei
782 1693 940 1749 Verbi
968 1704 1164 1748 natura
1188 1703 1236 1748 et
1260 1695 1567 1747 incarnata.
1589 1721 1662 1732 —
1696 1690 1956 1758 Quinimo

383 1805 548 1846 unam
579 1789 674 1844 Dei
721 1787 886 1843 Verbi
919 1795 1173 1841 naturam
1220 1785 1562 1839 incarnatam
1588 1783 1954 1849 confitemur;

382 1898 469 1951 pet
501 1881 556 1936 id
575 1879 723 1950 quod
750 1882 1090 1934 incarnatam
1109 1875 1568 1938 dieimus,carnis
1591 1875 1962 1930 substantiam

383 1971 790 2041 signiﬁcantes,
845 1967 1152 2024 secundum
1207 1966 1431 2020 beatum
1480 1964 1748 2036 Cyrillum
1783 1965 1852 2017 "°.
1886 1963 1964 2018 Ac

385 2063 618 2135 proinde
649 2064 1001 2118 incarnatum
1028 2068 1115 2116 est
1167 2057 1430 2122 Verbum,
1465 2072 1568 2113 nec
1593 2064 1777 2112 tamen
1804 2071 1834 2110 a
1867 2070 1964 2109 na-

386 2173 507 2214 :ura
575 2172 673 2213 sua
738 2155 983 2211 materiae
1046 2159 1272 2222 experte
1335 2150 1604 2214 descivit;
1675 2159 1965 2218 totumque

384 2256 733 2308 inearnatum
764 2258 871 2315 est,
904 2255 960 2304 et
989 2255 1162 2302 totum
1187 2245 1732 2315 incircumscriptum
1757 2248 1962 2297 manet.

395 2345 670 2414 Suscepto
699 2355 934 2412 corpore
983 2339 1278 2404 minuitur,
1331 2345 1388 2392 et
1409 2334 1966 2400 contrahitur;divi-

387 2438 558 2492 nitate
583 2449 714 2490 vero
739 2432 1314 2502 circumscriptionem
1340 2430 1575 2500 respuit.
1598 2427 1788 2498 Neque
1819 2426 1963 2482 enim

388 2528 564 2598 ipsius
591 2539 722 2580 caro
755 2537 864 2577 una
905 2538 1030 2578 cum
1079 2521 1393 2585 divinitate,
1421 2535 1545 2590 qua:
1576 2517 1961 2574 circumscribi

386 2621 600 2691 nequit,
630 2618 778 2674 Deus
805 2631 866 2672 se
883 2615 1185 2686 porrigitet
1215 2613 1485 2669 extendit.

452 2708 631 2764 Porro
665 2716 815 2762 totus
845 2713 928 2760 est
960 2705 1240 2776 perfectus
1271 2705 1438 2768 Deus,
1472 2716 1526 2759 at
1552 2719 1660 2760 non
1697 2704 1751 2758 in
1790 2711 1964 2757 totum

387 2804 532 2860 Deus
563 2803 787 2872 (neque
817 2799 964 2855 enim
997 2799 1174 2858 solum
1207 2797 1374 2863 Deus,
1415 2797 1509 2853 sed
1541 2797 1706 2853 etiam
1741 2793 1962 2866 homo),

385 2904 642 2964 totusque
687 2895 815 2947 item
873 2891 1038 2944 homo
1097 2888 1392 2960 perfectus,
1456 2902 1644 2942 verum
1728 2900 1836 2940 non
1906 2885 1963 2940 in

387 2999 558 3045 totum
609 2987 794 3042 homo.
835 2982 954 3038 Non
985 2985 1132 3038 enim
1163 2981 1428 3036 duntaxat
1460 2980 1646 3044 homo,
1675 2977 1772 3035 sed
1795 2978 1960 3032 etiam

2062 511 2316 580 πότητος,
2346 511 2465 565 οὐδὲ
2495 511 2597 581 μὴν
2625 511 2912 580 ἄνθρωπον
2948 508 3129 578 μόνον,
3161 504 3446 575 ψιλοῦντες
3479 503 3655 557 αὑτὸν

2059 601 2158 670 τῆς
2188 600 2444 672 θεότητος
2470 618 2483 632 ·
2521 602 2621 654 οὑκ
2674 603 2832 657 ἄλλον
2877 601 2971 655 καὶ
3003 598 3164 654 ἄλλον
3192 637 3208 662 ,
3253 596 3370 650 ἀλλ’
3417 595 3522 648 ἕνα
3554 595 3655 647 καὶ

2061 691 2153 747 τὸν
2180 692 2366 756 αὐτὸν,
2393 692 2529 762 ὁμοῦ
2557 692 2689 745 Θεόν
2716 709 2776 745 τε
2805 693 2902 746 καὶ
2930 691 3243 761 ἄνθρωπον,
3269 685 3406 740 Θεὸν
3432 685 3655 738 τέλειον

2062 783 2158 836 καὶ
2190 782 2480 854 ἄνθρωπον
2527 783 2732 837 τέλειον
2751 798 2766 813 ⁶
2800 783 2922 836 ὅλον
2952 782 3108 846 Θεὸν,
3151 779 3249 834 καὶ
3276 779 3398 831 ὅλον
3429 777 3534 831 ἄνθ
3545 795 3658 846 ρω-

2061 889 2200 926 πον’
2249 873 2342 927 τὸν
2374 873 2539 927 αὑτὸν
2575 873 2696 927 ὅλον
2726 873 2898 939 Θεὸν,
2947 872 3044 926 καὶ
3093 869 3237 941 μετὰ
3287 867 3388 938 τῆς
3436 866 3655 937 σαρκὸς

2060 965 2226 1018 αὐτοῦ
2245 1003 2260 1028 ,
2294 965 2390 1018 καὶ
2419 965 2541 1020 ὅλον
2583 965 2898 1038 ἄνθρωπον,
2939 965 3033 1019 καὶ
3063 963 3204 1034 μετὰ
3231 961 3332 1030 τῆς
3367 959 3653 1030 ὑπερθέου

2059 1055 2226 1110 αὐτοῦ
2264 1055 2539 1128 θεότητος.
2577 1057 2676 1110 Διά
2707 1055 2802 1109 τοῦ
2831 1057 3040 1120 εἰπεῖν,
3084 1053 3295 1106 τέλειον
3338 1050 3472 1103 Θεὸν
3497 1090 3512 1114 ,
3551 1049 3655 1103 καὶ

2057 1151 2266 1203 τέλειον
2308 1149 2618 1220 ἄνθρωπον,
2649 1149 2709 1202 τὸ
2739 1148 2948 1220 πλῆρες
2977 1147 3072 1200 καὶ
3103 1145 3391 1207 ἀνελλιπὲς
3419 1143 3654 1212 δηλοῦν-

2059 1259 2150 1305 τες
2195 1242 2306 1295 τῶν
2335 1241 2548 1310 φύσεων
2576 1259 2588 1271 ·
2617 1241 2706 1294 διὰ
2744 1241 2803 1293 δὲ
2844 1239 2937 1292 τοῦ
2968 1241 3164 1300 εἰπεῖν,
3195 1237 3317 1290 ὅλον
3353 1235 3514 1298 Θεὸν,
3552 1235 3653 1286 καὶ

2059 1335 2181 1390 ὅλον
2207 1335 2513 1405 ἄνθρωπον,
2538 1334 2598 1388 τὸ
2626 1331 2917 1404 μοναδικὸν
2940 1332 3036 1386 καὶ
3059 1331 3303 1400 ἄτμητον
3330 1326 3654 1390 δεικνύντες

2058 1429 2159 1500 τῆς
2187 1428 2560 1488 ὑποστάσεως.

2131 1708 2244 1763 Καὶ
2271 1707 2399 1778 μίαν
2425 1703 2482 1758 δὲ
2514 1703 2677 1772 φὺσιν
2716 1699 2811 1754 τοῦ
2836 1698 2972 1752 Θεοῦ
3005 1697 3180 1765 Λόγου
3208 1694 3650 1766 σεσαρκωμὲνην

2067 1797 2468 1872 ὁμολογοῦμεν,
2508 1793 2596 1847 διὰ
2645 1791 2740 1844 τοῦ
2797 1791 2976 1844 εἰπεῖν
3016 1788 3450 1858 σεσαρκωμένην
3475 1827 3490 1852 ,
3545 1786 3651 1857 τὴν

2066 1896 2161 1964 τῆς
2188 1890 2390 1963 σαρκὸς
2418 1887 2608 1941 οὐσίαν
2639 1883 2996 1956 σημαίνοντες
3020 1921 3036 1944 ,
3071 1879 3212 1934 κατὰ
3243 1879 3335 1932 τὸν
3368 1879 3651 1950 μακάριον

2065 1983 2334 2054 Κύριλλον
2352 1998 2366 2012 ο
2407 1980 2501 2034 καὶ
2533 1977 2880 2045 σεσάρκωται
2908 1973 3089 2026 τοίνυν
3117 1972 3145 2024 ὁ
3168 1970 3355 2037 Λόγος.
3411 1970 3506 2022 καὶ
3541 1971 3650 2038 τῆς

2065 2076 2275 2140 οἰκείας
2327 2073 2623 2142 ἀῦλότητος
2670 2069 2770 2124 οὐκ
2813 2067 3102 2136 ὲξέστηκε,
3153 2063 3243 2116 καὶ
3277 2063 3396 2124 ὅλος
3430 2061 3642 2129 σεσὰρ-

2066 2185 2273 2232 κωται,
2301 2167 2396 2221 καὶ
2439 2164 2559 2226 ὅλος
2590 2161 2739 2216 ἐστὶν
2785 2156 3222 2228 ἀπερίγραπτος.
3265 2151 3635 2222 Σμικρύνεται

2067 2259 2398 2332 σωματικῶς
2478 2256 2571 2310 καὶ
2647 2250 3030 2312 συστέλλεται,
3103 2246 3196 2300 καὶ
3245 2243 3439 2305 Θεῖκῶς
3487 2243 3644 2294 ἐστιν

2065 2331 2477 2426 ἀπερίγραπτος
2499 2388 2514 2414 ,
2542 2346 2604 2400 οὑ
2634 2337 3244 2415 συμπαρεκτεινομὲνης
3288 2338 3388 2406 τῆς
3438 2331 3646 2403 σαρκὸς

2065 2444 2231 2500 αὐτοῦ
2262 2445 2326 2514 τῇ
2355 2437 2750 2513 ἀπεριγράπτῳ
2783 2430 2946 2488 αὑτοῦ
2978 2430 3212 2498 θεότητι.

2138 2727 2298 2789 Ὀλος
2356 2723 2454 2795 μὲν
2508 2716 2600 2775 οὗν
2634 2722 2750 2773 ἐστι
2799 2714 2932 2777 Θεὸς
2976 2713 3216 2775 τέλειος,
3252 2707 3352 2778 οὐχ
3409 2705 3532 2760 ὅλον
3589 2702 3648 2756 δὲ

2065 2820 2199 2882 Θεὸς
2227 2835 2240 2848 ·
2277 2816 2337 2870 οὐ
2371 2815 2481 2888 γὰρ
2515 2813 2672 2885 μόνον
2703 2811 2864 2874 Θεὸς,
2902 2805 3038 2862 ἀλλὰ
3067 2804 3160 2858 καὶ
3192 2801 3485 2872 ἄνθρωπος
3504 2813 3518 2826 ο
3550 2795 3648 2888 καί.

2065 2912 2186 2975 ὅλος
2237 2884 2525 2979 ἄνθρωπος
2553 2905 2786 2968 τέλειος,
2818 2900 2919 2970 οὐχ
2950 2898 3070 2952 ὅλον
3097 2897 3156 2950 δὲ
3197 2892 3486 2964 ἄνθρωπος
3510 2905 3525 2919 ·
3583 2887 3648 2940 οὐ
3741 2884 3748 2892 ’

2065 3003 2176 3074 γὰρ
2222 3002 2382 3073 μόνον
2423 2998 2745 3069 ἅνθρωπος,
2794 2993 2928 3048 ἀλλὰ
2976 2989 3070 3045 καὶ
3105 2989 3256 3049 Θεός.
3304 2986 3380 3037 Τὸ
3410 2979 3648 3074 μὲνγὰρ

385 3083 550 3139 Deus.
614 3079 805 3134 Totum
839 3077 1042 3148 quippe
1091 3081 1343 3130 naturam
1395 3073 1838 3136 declarantem:
1867 3086 1961 3125 au-

2072 3073 2206 3160 ὅλον,
2234 3091 2449 3164 φύσεώς
2483 3092 2597 3144 ἐστι
2625 3083 3034 3159 παραστατικὸν
3063 3099 3077 3112 ο
3122 3080 3182 3133 τὸ
3210 3077 3302 3132 καὶ
3330 3076 3472 3136 ὅλος,
3506 3073 3646 3124 ὐπο-

388 3185 495 3230 Iem
516 3186 807 3243 personam
842 3187 856 3224 :
883 3183 990 3223 non
1027 3182 1188 3224 secus
1220 3175 1384 3237 atque
1413 3167 1562 3220 aliud
1597 3172 1851 3220 naturam
1878 3165 1960 3218 in-

388 3266 558 3326 dicat,
583 3263 722 3316 alius
759 3275 1052 3331 personam
1077 3259 1150 3312 “.

461 3352 800 3406 Naturarum
851 3351 905 3403 in
953 3365 1014 3404 eo
1057 3349 1369 3402 commeatio
1423 3364 1490 3403 ex
1528 3351 1826 3406 divinitate.
1893 3381 1965 3394 —

389 3443 688 3498 Sciendum
720 3449 805 3496 est
838 3446 1019 3494 autem
1052 3441 1098 3471 "
1119 3440 1288 3509 quod,
1312 3441 1566 3509 quamvis
1589 3441 1805 3498 Domini
1863 3459 1965 3499 no-

387 3533 491 3590 stri
522 3541 752 3588 naturas
785 3546 847 3586 se
877 3538 1072 3584 mutuo
1096 3544 1385 3600 permeare
1416 3531 1691 3598 dicamus,
1720 3543 1961 3591 attamen

390 3626 707 3699 huiusmodi
735 3623 1164 3696 permeationem
1187 3639 1217 3678 a
1252 3633 1454 3678 natura
1474 3625 1661 3680 divina
1690 3628 1807 3684 ﬂeri
1835 3645 1966 3685 con-

389 3728 534 3788 stat;
569 3719 776 3790 quippe
821 3732 946 3788 quae
985 3731 1084 3786 pro
1143 3716 1301 3770 libitu
1334 3732 1437 3773 suo
1481 3719 1666 3775 omnia
1691 3723 1962 3792 pervadit,

390 3813 527 3868 nihil
559 3813 734 3883 ipsam
771 3808 1126 3882 pervadente.
1169 3808 1314 3876 Quin
1347 3826 1477 3866 suas
1524 3813 1744 3882 quidem
1809 3815 1965 3872 dotes

388 3905 542 3960 carni
600 3904 868 3974 impertit,
900 3917 1026 3956 cum
1071 3901 1192 3972 ipsa
1223 3902 1446 3958 interim
1499 3903 1880 3975 impassibilis,
1911 3918 1966 3964 et

389 3999 579 4054 carnis
603 3996 956 4052 aﬂ'ectionum
987 4009 1182 4050 exsors
1221 4005 1461 4051 maneat.
1502 3998 1640 4053 Cum
1689 4001 1839 4055 enim
1881 4003 1964 4057 sol

391 4088 719 4159 multiplicis
770 4088 995 4142 virtutis
1050 4101 1164 4140 suae
1210 4101 1310 4142 nos
1343 4089 1640 4159 participes
1665 4091 1852 4156 faciat,
1908 4102 1966 4148 ut

392 4193 577 4238 tamen
607 4182 662 4236 in
693 4195 874 4235 rerum
901 4187 1219 4236 nostrarum
1251 4190 1464 4250 partem
1492 4184 1722 4240 minime
1753 4187 1961 4253 veniat,

393 4282 604 4345 quanto
632 4272 815 4328 minus
848 4271 987 4327 solis
1027 4271 1209 4342 epiiex
1229 4280 1284 4327 et
1309 4271 1570 4330 Dominus
1595 4276 1607 4327 !

1027 4363 1182 4420 CAP.
1216 4363 1352 4419 Vlil.

2071 3187 2334 3248 στάσεως,
2367 3182 2557 3252 ὥσπερ
2597 3179 2658 3234 τὸ
2699 3178 2797 3250 μὲν
2822 3175 2974 3240 ἄλλο,
3005 3171 3243 3244 φῦσεως,
3276 3169 3338 3221 τὸ
3369 3167 3426 3221 δὲ
3463 3165 3647 3226 ἄλλος,

2071 3277 2420 3338 ὑποστάσεως
2439 3285 2486 3327 ο.

2153 3367 2348 3424 Ἰστέον
2377 3365 2455 3431 δὲ,
2483 3364 2560 3427 ὡς
2585 3363 2633 3416 εἰ
2672 3360 2767 3416 καὶ
2807 3358 3136 3431 περιχωρεῖν
3167 3355 3224 3406 ὲν
3257 3351 3522 3422 ἀλλήλαις
3545 3347 3648 3412 τὰς

2069 3459 2164 3514 τοῦ
2204 3458 2412 3530 Κυρίου
2442 3457 2636 3525 φύσεις
2671 3453 2872 3523 φαμὲν,
2905 3449 3018 3505 ἀλλ’
3049 3448 3295 3517 οἴδαμεν,
3339 3445 3416 3506 ὡς
3450 3445 3517 3509 ὲκ
3546 3443 3649 3509 τῆς

2071 3549 2222 3614 θείας
2246 3549 2463 3617 φύσεως
2488 3547 2521 3616 ἡ
2549 3542 2927 3616 περιχώρησις
2955 3539 3202 3608 γέγονεν.
3226 3535 3377 3605 Αὕτη
3410 3534 3509 3604 μὲν
3539 3532 3651 3600 γὰρ

2069 3642 2159 3695 διὰ
2189 3639 2408 3693 πάντων
2452 3637 2651 3708 διήκει,
2685 3632 2869 3696 καθὼς
2895 3631 3164 3702 βούλεται,
3192 3629 3286 3682 καὶ
3322 3623 3647 3696 περιχωρεῖ,

2071 3731 2138 3785 δι’
2170 3729 2340 3799 αὐτῆς
2371 3728 2428 3781 δὲ
2460 3726 2648 3780 οὐδέν·
2703 3724 2798 3778 καὶ
2831 3721 2970 3792 αὕτη
3019 3720 3118 3792 μὲν
3155 3718 3263 3772 τῶν
3304 3715 3527 3770 οἰκείων
3553 3712 3655 3765 αὐ-

2072 3822 2334 3894 χημάτων
2373 3821 2440 3890 τῇ
2477 3817 2642 3888 σαρκὶ
2669 3813 3028 3886 μεταδίδωσι,
3079 3811 3314 3882 μένουσα
3341 3808 3484 3878 αὐτὴ
3509 3808 3659 3860 ἁπα-

2073 3916 2193 3984 Θὴς,
2225 3914 2319 3967 καί⁸
2352 3911 2461 3964 τῶν
2494 3911 2596 3980 τῆς
2637 3905 2838 3980 σαρκὸς
2875 3903 3063 3958 παθῶν
3105 3903 3392 3973 ἀμέτοχος.
3431 3903 3498 3956 Εἰ
3543 3904 3653 3973 γὰρ

2071 4007 2220 4077 ἥλιος
2251 4007 2385 4074 ἡμῖν
2417 4002 2526 4056 τῶν
2551 4000 2770 4055 οἰκείων
2798 3995 3092 4072 ἐνεργειῶν
3121 3993 3464 4066 μεταδιδοὺς,
3497 3992 3652 4063 μένει

2071 4099 2181 4153 τῶν
2210 4096 2503 4168 ἡμετέρων
2531 4093 2798 4165 ἀμέτοχος
2817 4131 2832 4157 ,
2883 4091 3037 4161 πόσῳ
3070 4087 3272 4160 μᾶλλον
3301 4088 3330 4140 ὀ
3360 4083 3459 4139 τοῦ
3496 4085 3651 4156 ἡλίου

2073 4188 2302 4258 ποιητής
2328 4203 2388 4239 τε
2422 4184 2517 4238 καὶ
2544 4184 2771 4254 Κύριος.
3197 4224 3200 4226 ν

2591 4367 2840 4421 ΚΕΦΑΛ.
2874 4363 2935 4418 H'
2968 4361 3140 4437 [ne].

392 4456 473 4512 Ad
496 4473 583 4511 eos
605 4457 697 4529 qui
723 4457 1064 4529 sciscitantur
1095 4455 1217 4529 :A_n
1249 4456 1318 4529 ad
1358 4456 1671 4529 _continuam
1703 4463 1961 4528 quantita‘

2081 4460 2238 4529 Πρὸς
2290 4459 2431 4524 τοὺς
2474 4458 2767 4528 λέγοντας
2795 4457 2812 4496 ί
2919 4455 3066 4529 ’Υπρ
3093 4455 3206 4524 (21)
3231 4454 3324 4529 Δτὸ
3385 4452 3660 4529 avg-exse:

463 4537 586 4593 tem,
618 4525 698 4582 uel
719 4527 787 4581 ad
833 4527 1121 4582 discretam
1153 4525 1368 4580 Domini
1393 4537 1601 4582 natura
1631 4525 1971 4591 reducantur.

485 4680 649 4735 Aliud
683 4681 838 4736 solvit
881 4689 1248 4752 argumentum
1273 4679 1470 4737 Severi.
1497 4713 1562 4724 —-
1586 4683 1741 4750 Quoa
1769 4676 1814 4744 si
1845 4692 1968 4762 quis

473 4793 532 4878 εξ
563 4791 845 4878 Evposi‘tio
869 4790 1062 4878 iideina
1090 4792 1346 4878 PIaLribus
1382 4793 1619 4878 Nicgnis
1651 4812 1845 4858 contra
1884 4802 2042 4878 Paul.
2103 4805 2324 4878 Samos.
2364 4819 2450 4878 nt,
2473 4875 2486 4878 _
2517 4819 2573 4876 p.
2597 4819 2777 4878 eone.
2817 4801 3016 4878 Ephes.

395 4863 464 4918 ad
494 4861 778 4946 Eulogzet
803 4862 966 4946 epist.
1006 4863 1135 4946 23d
1167 4862 1442 4946 Success.
1595 4885 1761 4944 supra
1818 4890 1868 4930 c.
1928 4875 1985 4942 6,
2020 4885 2075 4932 et
2103 4876 2246 4931 intra
2269 4891 2396 4946 cap.
2431 4861 2537 4929 ii:
2596 4875 2639 4906 τί
2677 4873 2842 4946 Greg.
2863 4861 3015 4928 'Naz.
3047 4881 3191 4928 orat.
3220 4871 3308 4925 5|.

549 4933 578 4950 ν

393 4948 521 5007 cap.
549 4933 606 4987 ’5.
648 4933 655 4934 ⁷
683 4933 726 4965 ⁷³
748 4933 1013 4989 Leontius
1045 4934 1120 4990 De
1155 4936 1333 5003 sectis,
1363 4945 1468 4991 act.
1505 4938 1557 4992 '5.

2081 4522 2282 4586 πὸσὸν
2317 4522 2756 4600 ἀνάγονὲαιναξ
2778 4528 2883 4582 τοῦ
2909 4522 3131 4600 κυρίου
3163 4526 3411 4595 φύσεις,
3459 4522 3501 4592 ἢ
3537 4523 3661 4578 ὑπὸ

2599 4599 2668 4653 τὸ
2709 4597 3100 4668 διωρισμένον
3115 4635 3132 4660 ,

2154 4692 2215 4746 Εἰ
2261 4691 2318 4745 δέ
2367 4708 2452 4755 τις
2493 4691 2675 4762 ἐρωτᾷ
2729 4688 3000 4760 περὶτῶν
3044 4685 3139 4741 τοῦ
3175 4685 3381 4758 Κυρίου
3409 4685 3658 4754 φὺσεων,

3144 4801 3194 4832 ⁷⁸
3221 4797 3280 4852 in
3318 4799 3656 4855 commouit.

3402 4871 3451 4905 "
3486 4869 3658 4940 Supr.

1666 5075 1904 5132 νΑιιιιε
1945 5074 2350 5134 LECTIONES.

470 5207 760 5298 0’Additur
801 5205 855 5260 in
883 5205 1054 5261 editis
1081 5215 1137 5260 et
1167 5205 1232 5259 Ii.
1254 5205 1397 5261 2927
1427 5225 1439 5260 :
1482 5205 1570 5290 :Ev
1603 5209 1739 5262 πᾶσι
1767 5209 1865 5280 μὲν
1890 5206 1980 5293 ἦν,
2017 5213 2111 5265 καὶ
2146 5215 2287 5287 ὑπὲρ
2309 5217 2378 5271 τὰ
2415 5218 2616 5282 πάντα,
2643 5218 2738 5272 καὶ
2763 5219 2821 5272 ὲν
2850 5219 2916 5290 τῇ
2950 5216 3151 5288 γαστρὶ
3175 5217 3275 5288 τῆς
3295 5216 3665 5287 Θεομήτορος,

394 5275 497 5330 ἀλλ
541 5279 599 5330 ὲν
616 5294 789 5330 ταυτη
811 5293 895 5330 τε.
925 5276 1179 5330 ὲνεογεία
1200 5279 1298 5330 τῆς
1323 5293 1674 5330 σαοκωσεως·
1698 5277 1764 5330 In
1789 5284 2031 5330 omnibus
2053 5285 2261 5330 ηιιὶάριπ
2291 5298 2425 5330 orni-
2459 5297 2508 5330 ρι
2533 5304 2687 5330 υηιργ
2711 5289 2905 5330 ηηιηδη-
2933 5304 3023 5330 νη
3045 5305 3148 5330 mm
3183 5289 3235 5330 in
3265 5289 3453 5330 matrix
3487 5296 3663 5330 ηιρτη-

527 5279 599 5362 ,ἐν
616 5277 790 5362 ταῄύζῑῃ
811 5293 907 5358 τεν.
925 5276 1179 5362 ἐνεργείᾳ
1200 5279 1298 5346 τῆς
1323 5276 1674 5362 σαρκώσεμως·
1697 5276 2031 5362 {fomitibus
2053 5276 2428 5362 quidemierat,
2458 5297 2508 5362 et
2533 5276 2916 5362 supetomnia:
2933 5276 3023 5341 nec
3045 5276 3148 5362 non
3183 5276 3241 5340 in
3256 5276 3666 5351 'matr'is'ut'ero,

395 5347 490 5402 sed
520 5349 599 5405 ita
632 5357 689 5402 ut
720 5347 868 5401 inea
891 5347 1312 5400 incarnationem
1345 5358 1670 5414 operaretur.
1693 5348 1826 5414 Quae
1850 5347 2098 5421 profecto
2125 5366 2256 5412 sunt
2278 5347 2527 5415 iusititia.
2597 5347 2629 5398 ’τ
2669 5358 2814 5415 Edit.
2842 5347 3035 5430 ἢυπὸ.
3069 5357 3134 5412 R.
3161 5358 3304 5415 2925
3345 5359 3394 5411 εἰ
3425 5356 3556 5411 ὑπὸ.

1904 5481 2133 5541 NOTAE.

477 5572 587 5645 (21)
641 5574 799 5645 Πρὸς
854 5573 998 5640 τοὺς
1057 5573 1370 5643 λέγοντας.
1428 5574 1509 5627 Ad
1565 5591 1652 5630 eos
1706 5577 1820 5645 qui.
1865 5585 1972 5632 etc.

409 5643 652 5719 Caviilus
687 5643 775 5719 hic
801 5653 921 5719 erat
945 5645 1389 5719 Severianorum,
1416 5661 1578 5719 quem
1605 5643 1771 5700 refe-rt
1801 5647 1976 5700 Leon-

411 5714 545 5780 tius,
578 5724 680 5767 act.
722 5714 752 5765 7
805 5714 875 5768 De
911 5725 1037 5769 sect.
1093 5715 1184 5770 ubi
1232 5715 1529 5790 respondet
1573 5723 1681 5770 tam
1733 5732 1796 5771 ea
1855 5732 1976 5791 qua:

2083 5581 2389 5645 continua},
2443 5595 2608 5648 quam
2648 5596 2771 5651 qum
2823 5581 3078 5637 discretae
3116 5580 3468 5652 iquantitatis
3505 5592 3667 5642 sunt.

2084 5653 2360 5723 numerari
2389 5668 2402 5703 :
2434 5652 2570 5704 ἀλλὰ
2594 5655 2689 5706 καὶ
2720 5652 2800 5714 τὸ,
2831 5652 3134 5723 ἡνωμένον.
3163 5651 3318 5722 πλὴν
3344 5651 3436 5723 τὸν
3461 5653 3673 5723 οἰκεῖον

2085 5720 2242 5788 λόγον
2275 5721 2688 5794 διακρινόμενον
2717 5720 3022 5792 ὰποσῶζον,
3065 5725 3198 5795 quin
3239 5720 3289 5780 et
3345 5722 3478 5778 illud
3511 5724 3669 5792 quod
