3858 6196
231 252 369 310 30L?

1292 259 1388 316 DE
1429 260 1606 319 FIDE
1637 260 2099 331 ORTHODOXA
2139 265 2282 323 LIB.
2327 265 2438 324 Ili.

3349 265 3484 330 ιοιι

218 363 271 415 ei
296 362 323 400 ε
361 359 469 413 ὑπὸ
512 361 574 414 τὸ
617 361 834 432 συνεχὲς
864 361 1028 416 ποσὸν
1074 363 1368 432 ἀνάγονται
1405 368 1456 431 h,
1501 369 1532 439 ἧ
1577 369 1682 422 ὑπὸ
1742 370 1802 422 τὸ

1910 370 1974 426 de
2028 373 2238 429 Domini
2299 372 2508 429 naturis
2552 381 2912 443 pertenletur,
2973 378 3039 432 ad
3094 376 3486 432 continuamne

219 453 589 523 διωρισμένον
611 494 626 516 ,
674 452 913 524 ἐροῦμεν
940 493 956 519 ,
1007 454 1089 507 ὅτι
1135 457 1190 509 αἱ
1221 454 1314 508 τοῦ
1351 457 1558 528 Κυρίου
1592 457 1804 528 φῦσεις,

218 542 349 597 οὔτε
383 545 443 598 ἒν
471 544 631 614 σῶμα
676 546 814 598 εἰσιν
839 584 854 609 ,
887 545 1012 599 οὔτε
1048 545 1145 617 μία
1179 549 1504 617 ἐπιφάνεια,
1533 549 1657 603 οὔτε
1708 552 1807 622 μία

222 635 503 705 γραμμὴ,
536 637 595 689 οὐ
626 640 850 706 χρόνος,
878 638 938 690 οὑ
983 638 1181 703 τόπος,
1223 640 1312 695 ἵνα
1349 642 1454 694 ὑπὸ
1487 641 1547 694 τὸ
1581 643 1806 713 συνεχὲς

221 724 510 795 ἀναχθῶσι
549 727 716 780 ποσόν
739 743 754 757 ο
803 725 982 781 ταῦτα
1026 730 1135 800 γάρ
1164 732 1366 785 εἰσιτά
1407 732 1645 802 συνεχῶς
1681 734 1805 804 ἀρι-

222 815 252 868 θ
259 816 364 880 μοὺ
374 833 537 888 μενα.

308 999 510 1054 Ἰστέον
539 1001 595 1054 δὲ
625 1001 699 1064 ὡς
739 1003 768 1055 ὀ
808 1002 1070 1073 ἀριθμὸς,
1107 1004 1213 1058 τῶν
1251 1005 1618 1077 διαφερόντων
1647 1011 1764 1064 ἐστί
1788 1029 1803 1045 ο

216 1095 319 1148 καὶ
346 1093 618 1146 ἀδύνατον
659 1094 1049 1164 ἀριθμεῖσθαι,
1096 1097 1165 1150 τὰ
1214 1099 1354 1152 κατά
1405 1100 1574 1170 μηδὲν
1618 1102 1807 1172 διαφέ-

219 1201 421 1254 ροντα·
459 1186 583 1238 καθ’
625 1185 653 1238 ὃ
686 1186 743 1238 δὲ
775 1186 1135 1258 διαφέρουσι,
1169 1191 1312 1243 κατά
1353 1191 1514 1245 τοῦτο
1554 1195 1651 1247 καὶ
1684 1196 1799 1267 ἀρι-

219 1277 496 1346 θμοῦνται
522 1294 538 1310 ⁸
580 1275 690 1331 οἷον
734 1282 762 1333 ὁ
800 1281 1004 1351 Πέτρος
1033 1281 1127 1335 καὶ
1154 1286 1181 1336 ό
1224 1283 1457 1348 Παῦλος,
1489 1287 1610 1342 καθ’
1644 1288 1672 1341 ὃ
1707 1292 1805 1360 μὲν

216 1371 482 1440 ἥνωνται,
514 1371 616 1424 οὑκ
655 1371 1036 1443 ἀριθμοῦνται.
1073 1374 1162 1444 Τῷ
1192 1375 1333 1445 λόγῳ
1367 1376 1474 1449 γὰρ
1496 1379 1592 1447 τῆς
1617 1381 1806 1443 οὐσίας

218 1461 538 1532 ἐνούμενοι,
586 1462 680 1516 δύο
719 1463 908 1532 φύσεις
956 1466 1016 1518 οὑ
1066 1465 1321 1522 δύνανται
1366 1470 1652 1538 λέγεσθαι.’
1683 1471 1804 1525 καθ’

219 1553 528 1608 ὑπόστασιν
549 1554 604 1607 δὲ
633 1555 982 1626 διαφέροντες
1000 1597 1014 1621 ,
1042 1557 1136 1611 δύο
1171 1559 1498 1622 ὑποστάσεις
1530 1561 1801 1630 λέγονται.

220 1644 390 1696 Ὥστε
419 1646 448 1697 ὁ
479 1644 712 1715 ἀριθμὸς
743 1645 852 1698 τῶν
877 1646 1243 1722 διαφερόντων
1267 1651 1405 1712 ὲστὶ,
1439 1652 1531 1704 καὶ
1553 1647 1598 1720 ᾦ
1618 1653 1803 1723 τρόπῳ

216 1735 541 1807 διαφέρουσι
592 1737 660 1790 τά
709 1737 1078 1808 διαφέροντα,
1127 1742 1300 1813 τούτῳ
1341 1742 1420 1814 τῷ
1467 1744 1655 1816 τρόπῳ
1706 1745 1803 1798 καὶ
1834 1725 1875 1779 Β

215 1827 608 1898 ἀριθμοῦνται.

292 1919 577 1975 Ἤνωνται
614 1922 714 1992 μὲν
746 1917 839 1977 οὖν
868 1925 926 1978 αἱ
959 1923 1054 1978 τοῦ
1085 1924 1293 1996 Κυρίου
1324 1926 1516 1996 φύσεις
1564 1931 1806 2000 ἀσυγχύ-

215 2030 326 2076 τως
362 2013 492 2066 καθ’
537 2014 862 2077 ὑπόστασιν,
892 2017 1180 2088 διῄρηνται
1207 2018 1266 2071 δὲ
1297 2021 1623 2091 ἀδιαιρέτως
1660 2023 1805 2094 λόγῳ

218 2107 312 2158 καὶ
337 2105 532 2176 τρόπῳ
554 2105 655 2175 τῆς
681 2106 966 2178 διαφορᾶς.
996 2110 1106 2162 Καὶ
1127 2104 1170 2178 ᾧ
1200 2112 1300 2180 μὲν
1330 2113 1519 2184 τρόπῳ
1541 2114 1804 2184 ἥνωνται,

219 2199 319 2250 οὑκ
357 2198 760 2269 ἀριθμοῦνται⁹
798 2200 858 2253 οὑ
897 2201 1006 2273 γὰρ
1045 2204 1169 2257 καθ’
1198 2205 1502 2260 ὑπόστασιν
1533 2207 1628 2261 δύο
1663 2205 1804 2263 εἶναι

125 2348 134 2356 ,
223 2307 406 2360 φαμεν
432 2291 533 2357 τὰς
559 2291 751 2362 φύσεις
784 2294 877 2347 τοῦ
901 2295 1138 2367 Χριστοῦ
1167 2310 1181 2327 ’
1207 2291 1250 2366 ᾧ
1269 2298 1327 2351 δὲ
1350 2299 1537 2371 τρόπῳ
1563 2302 1803 2374 ἀδιαιρέ-

223 2400 331 2446 τως
356 2383 667 2455 διῄρηνται,
689 2386 1051 2457 ἀριθμοῦνται
1072 2405 1086 2419 ·
1117 2389 1210 2443 δύο
1234 2391 1343 2459 γάρ
1372 2393 1509 2446 εἰσιν
1533 2394 1587 2446 αἱ
1613 2393 1804 2462 φύσεις

227 2475 318 2528 τοῦ
346 2477 608 2547 Χριστοῦ,
642 2477 788 2548 λόγῳ
826 2481 918 2532 καὶ
949 2480 1136 2551 τρόπῳ
1173 2481 1272 2551 τῆς
1306 2483 1592 2554 διαφορᾶς.
1633 2483 1804 2540 Ἢνω-

227 2567 387 2636 Δμέναι
422 2567 531 2638 γάρ
575 2569 699 2623 καθ’
749 2569 1091 2634 ὑπόστασιν,
1146 2574 1242 2627 καὶ
1284 2575 1386 2646 τὴν
1443 2577 1500 2631 ἐν
1545 2577 1803 2649 ἀλλήλαις

234 2659 602 2730 περιχώρησιν
641 2661 887 2733 ἔχουσαι,
922 2663 1247 2734 ἀσυγχύτως
1297 2668 1553 2737 ἥνωνται,
1590 2670 1688 2741 τὴν
1721 2673 1803 2724 οἰ-

237 2748 380 2800 κείαν
426 2750 632 2821 ἑκάστη
693 2753 932 2824 φυσικὴν
981 2755 1245 2826 διαφορὰν
1294 2758 1659 2823 διασώζουσα.
1712 2763 1803 2832 Τῷ

238 2839 412 2910 τώπῳ
459 2842 752 2913 τοιγαροῦν
803 2845 901 2915 τῆς
961 2847 1268 2919 διαφορᾶς,
1333 2851 1428 2904 καὶ
1481 2852 1625 2923 μόνῳ
1682 2854 1803 2920 ἀρι-

241 2928 570 3001 θμούμεναι,
632 2934 738 2989 ὑπὸ
789 2935 852 2989 τὸ
905 2937 1270 3010 διωρισμένον
1336 2941 1504 2995 ποσὸν
1559 2944 1800 3015 ἀναχθή-

244 3037 388 3076 δοντα
395 3043 408 3077 ι
415 3062 432 3077 ι

304 3295 392 3364 Εἷς
423 3302 603 3356 τοίνυν
644 3303 793 3357 ἔστιν
823 3305 851 3357 ό
881 3305 1138 3376 Χριστὸς,
1169 3306 1301 3372 Θεὸς
1336 3309 1544 3374 τέλειος
1572 3311 1665 3366 καὶ
1704 3313 1800 3366 ἄν·

244 3396 439 3465 θρωπος
477 3399 722 3463 τέλειος’
769 3400 828 3454 δν
884 3403 1298 3474 προσκυνοῦμεν
1348 3407 1446 3459 σὺν
1485 3408 1659 3479 Πατρὶ
1705 3410 1802 3464 καὶ

241 3491 542 3564 ilva-inuti,
600 3498 702 3568 μιᾷ
758 3501 1128 3569 προσκυνήσει
1183 3501 1323 3569 μετά
1371 3502 1470 3573 τῆς
1524 3505 1798 3575 ἀχράντου

240 3587 429 3655 σαρκὸς
462 3588 670 3655 αὑτοῦ,
718 3591 819 3642 οὑκ
865 3592 1282 3664 ἀπροσκῦνητον
1337 3595 1437 3666 τὴν
1476 3597 1656 3667 σάρκα
1712 3599 1804 3652 λέ-

238 3693 412 3742 route;
441 3695 454 3708 ·
499 3684 890 3750 προσκυνεῖται
945 3683 1054 3754 γὰρ
1089 3685 1147 3736 ὲν
1192 3688 1254 3756 τῇ
1315 3689 1412 3758 μιᾷ
1467 3688 1562 3742 τοῦ
1622 3689 1799 3759 Λόγου

234 3771 550 3838 ὑποστάσει,
606 3777 727 3846 ἥτις
774 3777 912 3848 αὐτῇ
977 3777 1275 3844 ὑπόστασις
1344 3781 1599 3850 γέγονεν·
1645 3785 1706 3838 οὑ
1737 3787 1802 3855 τῇ

233 3866 397 3920 κτίσει
423 3867 805 3940 λατρεύοντες.
839 3872 914 3924 Οὐ
947 3871 1057 3942 γὰρ
1088 3872 1164 3935 ὡς
1191 3872 1370 3952 ψιλὴν.
1385 3876 1564 3947 σάρκα
1590 3875 1604 3913 ί
1644 3895 1804 3947 προσ·

231 3957 532 4028 κυνοῦμεν,
581 3959 698 4012 ἀλλ’
847 3961 1136 4033 ἡνωμένην
1179 3963 1426 4034 θεότητι,
1482 3966 1576 4019 καὶ
1620 3968 1699 4030 εἰς
1743 3968 1803 4020 ἓν

232 4050 516 4117 nimiam-nov
546 4052 639 4105 καὶ
670 4053 802 4123 μίαν
837 4054 1142 4109 ὑπόστασιν
1170 4057 1264 4109 τοῦ
1295 4056 1430 4110 Θεοῦ
1463 4059 1662 4127 Λόγου,
1695 4060 1804 4112 τῶν

227 4140 316 4194 δῦο
340 4143 508 4196 αὑτοῦ
533 4145 889 4213 ἀναγομένων
935 4149 1171 4217 φύσεων.
1219 4149 1446 4204 Δέδοικα
1474 4152 1569 4204 τοῦ
1599 4153 1803 4224 ἄνθρα-

227 4253 314 4295 κος
342 4236 588 4305 ἅψασθαι
614 4237 702 4292 διὰ
722 4240 782 4292 τὸ
807 4240 884 4309 τῷ
915 4241 1055 4310 ξύλῳ
1077 4243 1424 4313 συνημμένον
1453 4244 1584 4317 πῦρ.
1623 4247 1802 4317 Προσ-

225 4327 369 4379 κ’λνῶ
419 4328 516 4381 τοῦ
565 4330 806 4399 Χριστοῦ
861 4333 923 4385 τὸ
964 4334 1414 4406 συναμφότερον,
1459 4337 1546 4390 διὰ
1588 4335 1686 4408 τὴν
1734 4339 1798 4406 τῇ

226 4420 392 4490 σαρκὶ
438 4422 726 4492 ἡνωμένην
777 4424 1030 4496 θεότητα.
1073 4427 1148 4480 Οὐ
1202 4425 1310 4498 γὰρ
1356 4428 1650 4498 τέταρτονὶ
1686 4428 1798 4499 (22)

290 4573 334 4603 ⁷⁸
359 4573 556 4645 Cyrill.
588 4576 642 4629 in
678 4574 790 4630 def.
840 4575 1041 4632 Anath.
1070 4576 1104 4632 8
1135 4588 1285 4634 cont.
1310 4579 1522 4635 Theod.

1911 465 2302 532 quantitatem,
2353 480 2420 518 an
2472 463 2538 517 ad
2575 464 2875 518 discretam
2903 464 3231 530 referantur,
3265 467 3344 521 sic
3401 481 3486 519 re-

1907 555 2344 622 spondebimus:
2383 554 2599 610 Domini
2638 554 2800 625 216
2833 563 3059 609 naturas
3088 572 3262 626 neque
3282 572 3485 626 corpus

1909 659 2078 698 unum
2135 661 2285 710 esse,
2334 661 2512 718 neque
2554 646 2754 700 lineam
2796 660 2987 711 unam,
3039 661 3216 715 neque
3244 654 3482 716 tempus,

1908 750 2092 805 neque
2125 735 2332 801 locum,
2365 745 2426 790 ut
2479 737 2546 792 ad
2576 736 2895 791 continuam
2927 737 3290 806 quantitatem
3319 737 3482 791 redu-

1905 835 2122 878 cantur.
2142 824 2267 881 "me
2301 827 2448 882 enim
2492 835 2642 892 sunt,
2680 844 2798 896 qua:
2817 828 3083 882 continue
3109 833 3316 897 quanta
3355 841 3486 881 cen-

1905 924 2062 971 sentu
2073 932 2119 971 1⁵.

1976 1023 2274 1082 Sciendum
2296 1042 2460 1100 porro
2494 1039 2578 1085 est
2625 1046 2687 1085 ea
2719 1031 2773 1084 in
2803 1044 3098 1084 numerum
3149 1026 3348 1084 cadere
3365 1041 3487 1096 qua:

1907 1117 2052 1171 inter
2080 1133 2139 1173 se
2159 1119 2573 1190 distinguuntur
2599 1163 2614 1189 ,
2649 1137 2751 1176 nec
2788 1120 3068 1175 numerari
3124 1135 3184 1174 ea
3215 1132 3377 1189 posse
3401 1117 3487 1172 in-

1906 1216 1988 1262 ter
2012 1223 2134 1278 qua:
2160 1210 2314 1264 nulla
2346 1211 2633 1267 distinctio
2673 1219 2760 1268 est
2795 1230 2807 1266 :
2838 1211 2934 1266 scd
2971 1217 3248 1281 quatenus
3287 1207 3486 1262 distin-

1903 1312 2166 1370 guuntur,
2191 1311 2422 1360 eatenus
2442 1305 2755 1371 numerari;
2782 1319 2868 1360 ex.
2895 1319 3004 1376 ειη,
3033 1303 3229 1357 Petrus
3261 1310 3316 1356 et
3340 1299 3485 1354 Pau-

1905 1392 2015 1470 lus,
2039 1408 2148 1463 qua
2179 1396 2396 1450 ratione
2430 1396 2570 1450 uniti
2591 1403 2744 1460 sunt,
2769 1411 2880 1450 non
2908 1401 3311 1459 numerantur;
3334 1406 3483 1454 nam,

1904 1501 2029 1540 cum
2095 1488 2397 1542 secundum
2468 1490 2766 1546 essentiam
2821 1488 3174 1558 copulentur,
3220 1485 3326 1540 dici
3374 1499 3483 1538 non

1904 1588 2138 1648 possunt
2166 1580 2288 1636 duae
2309 1589 2520 1636 naturae
2545 1601 2558 1637 :
2593 1592 2648 1637 at
2671 1597 2822 1645 vero,
2849 1596 2972 1636 eum
3001 1582 3214 1633 ratione
3238 1591 3488 1646 persona:

1903 1671 2307 1737 ditierunt,duaa
2327 1675 2550 1745 proinde
2569 1690 2812 1745 personae
2833 1675 3110 1729 dicuntur.
3125 1671 3200 1725 Ex
3217 1685 3324 1741 quo
3341 1678 3486 1740 patet

1907 1779 2192 1819 numerum
2249 1767 2316 1822 iis
2344 1769 2660 1831 convenire,
2706 1783 2827 1838 quae
2860 1766 3003 1822 inter
3030 1780 3089 1820 se
3111 1763 3404 1827 differunt;
3433 1771 3488 1817 et

1906 1865 2175 1925 quatenus
2205 1859 2487 1924 dilierunt,
2535 1861 2801 1915 hactenus
2831 1873 3053 1930 quoque
3083 1871 3144 1913 ea
3178 1855 3483 1910 numerari.

1980 1949 2114 2005 Dum
2138 1950 2332 2006 Christi
2352 1962 2560 2006 naturm
2584 1952 2851 2007 discretae.
2879 1983 2946 1993 —-
2971 1951 3244 2017 Quocirca
3266 1947 3483 2002 Domini

1907 2051 2140 2108 natura,
2218 2054 2484 2114 quantum
2523 2045 2591 2100 ad
2659 2060 2954 2116 personam
3007 2045 3224 2104 attinet,
3275 2041 3485 2110 absque

1905 2134 2235 2192 confusione
2286 2138 2455 2192 unitze
2507 2147 2679 2205 sunt;
2713 2145 2978 2208 quantum
3014 2142 3195 2190 autem
3232 2132 3298 2187 ad
3331 2130 3486 2186 ἀλιτρ-

1905 2227 2097 2281 rentia:
2146 2227 2444 2295 rationem,
2473 2229 2684 2298 absque
2736 2227 3011 2283 divisione
3042 2225 3484 2295 distinguuntur.

1905 2319 1983 2373 Ac
2007 2319 2229 2388 quidem
2258 2336 2365 2391 qua
2397 2323 2611 2376 ratione
2642 2320 2808 2375 unita:
2839 2328 2993 2386 sunt,
3030 2319 3256 2372 minime
3285 2329 3486 2370 omne-

1904 2420 2102 2464 rantur
2157 2411 2371 2484 (neque
2421 2414 2569 2468 enim
2599 2414 2739 2468 duas
2785 2419 3051 2483 quantum
3083 2409 3148 2464 ad
3193 2421 3483 2479 personam

1906 2501 2148 2558 dicimus
2207 2519 2334 2561 esse
2369 2503 2576 2559 Christi
2633 2502 2928 2574 naturas),
2969 2516 3079 2574 qua
3112 2511 3292 2554 autem
3345 2497 3484 2552 citra

1905 2593 2233 2651 divisionem
2317 2595 2596 2652 distincta:
2660 2602 2845 2659 sunt,
2905 2599 3288 2648 numerantur.
3355 2586 3485 2640 Dua}

1903 2687 2050 2742 enim
2078 2687 2288 2751 Christi
2342 2699 2558 2743 natura:
2586 2697 2740 2754 sunt,
2774 2684 3154 2743 distinctionis
3178 2681 3401 2735 ratione
3431 2687 3485 2734 et

1906 2777 2070 2832 modo
2111 2797 2126 2831 :
2159 2792 2286 2831 nam
2316 2779 2444 2848 quia
2497 2779 2714 2833 ratione
2760 2789 3008 2849 personae
3039 2774 3211 2828 unita:
3246 2777 3397 2834 sunt,
3430 2779 3485 2824 et

1905 2868 2138 2922 invicem
2170 2884 2230 2924 se
2263 2871 2588 2939 pervadunt,
2616 2871 2752 2922 citra
2782 2867 3159 2922 confusionem
3189 2861 3482 2920 uniuntur.

1907 2973 2062 3013 suam
2126 2961 2435 3014 naturalem
2509 2960 2878 3014 diﬂ'ercntiam
2939 2956 3114 3010 amba:
3157 2953 3483 3008 retinentes.

1832 3059 1874 3116 ιζ
1908 3051 2112 3119 Quare,
2159 3066 2286 3106 cum
2320 3052 2699 3106 distinctionis
2752 3050 2936 3116 modo,
2969 3049 3208 3118 ejusque
3240 3046 3358 3102 sola
3393 3059 3484 3098 ra-

1902 3142 2051 3198 tione
2080 3153 2465 3208 numerentur,
2507 3144 2575 3199 ad
2628 3143 2923 3199 discretam
2974 3139 3340 3211 quantitatem
3391 3151 3486 3194 re-

1903 3233 2183 3304 digentur.
2315 3243 2318 3246 '

1978 3325 2254 3391 Quomodo
2277 3327 2476 3382 Christi
2508 3343 2632 3380 caro
2656 3324 2929 3379 adoretur.
2958 3349 3029 3363 —-
3059 3319 3407 3389 Quapropter
3441 3315 3488 3349 "

1898 3437 2041 3478 unus
2098 3429 2184 3478 est
2207 3419 2484 3484 Christus,
2540 3417 2684 3475 Deus
2723 3415 3025 3487 perfectus,
3075 3412 3324 3469 etbomo
3364 3423 3494 3480 per-

1897 3515 2094 3580 fectus,
2157 3513 2247 3568 cui
2299 3526 2463 3568 unam
2501 3496 2879 3579 eamdemque
2933 3505 3307 3587 adorationem
3359 3516 3486 3557 cum

1902 3608 2063 3663 Patre
2099 3615 2153 3661 et
2183 3605 2413 3675 Spiritu,
2441 3618 2550 3657 non
2577 3602 2803 3657 exclusa
2824 3600 3175 3676 iunnaculata
3212 3597 3333 3666 ejus
3361 3609 3487 3649 car-

1900 3717 1992 3765 ne,
2027 3697 2376 3754 adhibemus.
2408 3695 2596 3764 Neque
2616 3695 2762 3749 enim
2820 3690 3156 3746 adorandam
3207 3702 3330 3743 esse
3361 3701 3485 3740 car-

1905 3809 2031 3847 nem
2062 3792 2182 3861 ejus
2210 3802 2479 3858 negamus
2516 3805 2529 3841 :
2561 3785 2767 3856 quippe
2827 3798 2948 3854 quae
2988 3781 3256 3835 adoratur
3284 3779 3341 3832 in
3373 3793 3485 3831 una

1904 3883 2072 3937 Verbi
2102 3893 2362 3952 persona,
2391 3893 2514 3948 qua:
2540 3876 2763 3947 quidem
2800 3875 2904 3945 ipsi
2963 3886 3198 3944 persona
3229 3879 3284 3924 et
3312 3872 3486 3940 hypo-

1904 3976 2070 4033 stasis
2103 3974 2247 4030 facta
2270 3981 2373 4030 est.
2406 3973 2524 4039 Qua
2550 3975 2608 4026 in
2637 3986 2694 4026 re
2718 3985 2828 4026 non
2862 3977 3132 4024 creatura:
3171 3965 3486 4031 servimus;

1905 4083 2016 4122 non
2064 4066 2212 4121 enim
2268 4065 2441 4128 illam,
2495 4079 2599 4117 ceu
2637 4062 2840 4117 nudam
2901 4073 3125 4114 carnem
3159 4058 3482 4117 adoramus,

1906 4159 2000 4215 sed
2037 4160 2184 4214 velut
2231 4157 2509 4212 divinitati
2573 4155 2784 4209 unitam
2816 4169 2828 4205 :
2863 4159 2917 4206 et
2953 4151 3083 4221 quia
3131 4150 3253 4204 dua:
3308 4149 3486 4212 ipsius

1903 4261 2110 4305 natura:
2139 4249 2208 4304 ad
2240 4263 2400 4303 unam
2435 4245 2528 4300 Dei
2563 4243 2726 4300 Verbi
2769 4256 3059 4314 personam
3119 4239 3482 4297 reducuntur.

1902 4356 2178 4412 unamque
2217 4336 2690 4396 ‘subsistentiam.
2774 4333 3085 4389 Carbonem
3140 4339 3364 4399 tangere
3416 4329 3487 4382 ob

1911 4433 2090 4501 ignem
2117 4446 2242 4486 cum
2291 4430 2440 4501 ligno
2469 4427 2824 4498 conjunctum
2856 4437 3068 4479 vereor.
3102 4421 3303 4476 Ambas
3329 4417 3489 4472 Chri-

1537 4721 1767 4778 VARIAS
1796 4720 2205 4780 LECTIONES.

288 4840 316 4879 Β
357 4837 506 4909 Edil,

219 4926 410 4966 omnes
429 4908 564 4987 ψιλῇ
593 4911 777 4982 σαρκί.
815 4951 828 4964 .
858 4951 871 4964 .
905 4953 917 4965 .
951 4913 1231 4984 ἡνωμένη.

695 4837 721 4876 ιι
744 4839 879 4918 Cod.
914 4842 974 4918 S.
1005 4841 1203 4918 ΙΙὶΙηῐὶ.
1228 4843 1282 4906 7,
1313 4841 1466 4918 Coll).
1493 4843 1528 4898 5
1553 4851 1607 4918 et
1635 4843 1894 4918 Euthym.
1919 4845 2296 4918 ἁναφέροιντο.
2327 4844 2482 4901 Coll).
2514 4842 2649 4900 alter
2677 4842 3040 4914 διαφέροιντο.

1310 4925 1323 4961 l
1362 4913 1492 4969 Mss.
1526 4915 1587 4967 οῦ
1619 4913 1902 4985 τέταρτον.

3153 4841 3168 4879 ί
3203 4839 3336 4895 Cod.
3375 4839 3487 4896 fere

1731 5024 1959 5082 NOTAE.

221 5118 438 5204 quitum
471 5125 584 5198 est,
621 5116 785 5204 modo
830 5119 1111 5189 propriam
1150 5121 1420 5204 rationem
1463 5136 1655 5188 suam,
1684 5137 1804 5204 .qua
1837 5127 1882 5181 D

218 5187 610 5262 distinguitur,
630 5187 1194 5262 _i_:icoluinetit_servet.
1220 5192 1424 5246 Eadem
1447 5187 1809 5262 responsione

220 5257 557 5327 Tiicologus,
590 5258 720 5311 olim
762 5269 902 5313 orat.
939 5260 1030 5325 37,
1073 5262 1308 5318 similem
1356 5257 1596 5318 solverat
1624 5263 1810 5317 Euno-

224 5329 320 5381 mii
356 5329 773 5396 argutationem
823 5339 1018 5384 contra
1065 5333 1235 5386 trium
1294 5333 1497 5387 divina:
1551 5333 1811 5388 essentia:

225 5412 588 5475 personarum
617 5400 1275 5475 _consubstantialitatem
1309 5419 1324 5457 :
1361 5405 1452 5459 cui
1495 5403 1808 5475 Nysscnus,

229 5469 437 5544 aliique
470 5468 720 5544 ejusdem
753 5471 852 5544 aevi
891 5471 1407 5544 adjuugiipossunt.

295 5540 409 5610 (‘29.)
446 5540 736 5615 οὔτε-γὰρ
761 5540 1091 5615 chapter:
1107 5540 1228 5598 Non
1254 5545 1391 5598 enim
1420 5556 1664 5615 quartam
1694 5561 1811 5612 pcr-

224 5625 430 5664 sonam.
465 5612 902 5680 Apollinaristm,
947 5623 1004 5666 ut
1040 5625 1165 5667 ante
1217 5612 1558 5679 dicebamus,
1609 5617 1808 5670 Catho-

231 5679 364 5738 licos
398 5679 748 5739 lacessebant
789 5699 888 5739 ceu
920 5684 1401 5757 ἁνθρωπολάτρας,
1439 5686 1806 5750 Ιιοηιίηἰίοιιιδ,

1910 5120 2004 5189 qui
2043 5121 2183 5174 duas
2210 5115 2723 5189 naturas_integras
2756 5111 2976 5189 Christo
3007 5109 3322 5189 tribuendo,
3354 5127 3490 5189 qua.

1913 5178 2224 5245 t'ernitatem
2280 5201 2380 5257 pro
2426 5183 2710 5257 i'l‘rinritate
2765 5182 3114 5257 inveherent.
3137 5178 3266 5257 _iloe
3317 5178 3490 5257 refert

1913 5250 2518 5333 ﬁaﬁanzenuéaepist.
2553 5256 2606 5318 l,
2647 5253 2713 5309 ad
2755 5250 3378 5333 Cled.,ut__Atlianasiin
3417 5253 3488 5307 ad

1913 5331 2239 5404 Epictetum
2255 5321 2560 5404 epistolam
2582 5334 2816 5404 taceanm,
2835 5393 2846 5404 .
2865 5321 3156 5404 innuitque
3200 5321 3488 5404 Apollina-

1915 5391 2031 5456 ri'us
2061 5401 2178 5475 ipse
2227 5391 2679 5475 in_'Proiessi_one
2693 5463 2704 5475 .
2724 5392 2848 5475 ﬁdei
2883 5393 2968 5475 ad_
2995 5391 3322 5475 Jov‘ianum,‘
3343 5395 3486 5475 etin

1917 5463 2104 5526 libello
2139 5467 2293 5535 Quod
2335 5482 2472 5520 unus
2522 5467 2592 5520 sit
2639 5463 2906 5535 Christus.
2938 5463 3487 5535 AnastasiusAntio-

1919 5532 2622 5596 chenus"criminationem
2685 5535 2826 5588 hanc
2875 5534 2932 5588 in
2978 5533 3121 5604 libro
3152 5532 3289 5601 Περὶ
3323 5534 3488 5604 ἐνερ-

1920 5610 2112 5680 γειῶν,
2150 5609 2226 5663 De
2257 5606 2678 5680 operationibus,
2712 5605 3018 5680 confutavit
3041 5603 3436 5680 hoc‘exemplo
3473 5624 3485 5659 :

1931 5674 2166 5736 Ὕπόθου
2203 5682 2350 5750 τρεῖς
2392 5674 2528 5732 εἶναι
2565 5676 2764 5748 στήλας
2797 5675 3000 5747 χαλκᾶς
3025 5715 3038 5739 ,
3086 5675 3178 5728 καὶ
3222 5675 3319 5747 τὴν
3349 5674 3489 5746 μίαν
