3996 6212
411 203 550 270 1019
1606 207 1668 265 S.
1697 207 1728 266 J
1734 203 1936 264 OANN
1944 203 2015 262 IS
2059 198 2482 264 DAMASCENI
3525 198 3686 266 1020

411 309 770 383 appendicem
807 308 980 373 illam,
1008 323 1170 380 quam
1236 308 1432 366 Petrus
1484 310 1813 382 Cnapheus,
1876 326 1976 366 seu

2111 307 2189 360 ιπδ
2217 307 2311 360 τοῦ
2347 306 2743 378 ματαιόφρονος
2774 305 2991 376 Πέτρου
3027 305 3119 366 τοῦ
3148 306 3403 376 κναφέως
3435 326 3689 381 γεγενηο

412 405 590 466 Fullo,
617 401 870 471 Trisagio
890 401 1090 472 hymno
1113 401 1336 471 adjecit,
1367 401 1590 472 impiam
1627 419 1752 460 esse
1781 403 1979 458 statui-

2105 397 2276 467 ιένην,
2309 397 2628 469 βλάσφημον
2655 396 2973 468 ὁριζόμεθα,
3022 397 3098 460 ὡς
3125 399 3384 470 τέταρτον
3433 419 3683 471 παρεισ-

410 509 556 559 mus,
588 501 648 548 ut
679 508 800 562 quae
842 500 1094 562 quartam
1150 492 1374 548 inducat
1422 509 1734 563 personam,
1765 510 1828 548 ac
1885 494 1980 550 Dei

2103 488 2324 558 ἱγουσαν
2371 487 2682 559 πρόσωπον,
2713 487 2809 540 καὶ
2863 487 3139 558 ἀναμέρος
3163 488 3408 542 τιθεῖσαν
3454 491 3551 543 τὸν
3578 494 3681 546 τος

410 582 635 646 Filium,
676 582 952 636 vimillam
987 583 1247 636 nimirum
1277 583 1457 638 Patris
1505 599 1635 639 vere
1669 584 1981 640 subsisten-

2103 581 2218 636 isoﬁ
2254 581 2403 648 Υἱδν,
2421 581 2522 653 τὴν
2539 580 2632 632 τοῦ
2665 579 2876 649 [ἰατρὸς
2904 579 3269 633 ὲνυπύστατον
3295 580 3561 652 δύναμιν,
3579 586 3681 636 καὶ

413 685 545 739 tem,
573 675 802 731 seorsim
835 675 1091 734 collocet,
1125 683 1178 728 et
1218 675 1451 730 seorsim
1474 689 1675 730 rursus
1701 690 1850 739 eum,
1885 675 1980 745 qui

2099 673 2355 745 ἱναμέρος
2403 671 2495 726 τὸν
2527 670 2944 745 ἐσταυρωμένον
3000 669 3076 733 ὡς
3129 669 3287 724 ἄλλον
3338 672 3474 727 ὂντα
3511 679 3677 744 παρᾶ

412 764 566 819 cruci
595 763 788 819 afﬁxus
812 772 916 828 cst,
957 777 1020 816 ac
1053 763 1098 818 si
1129 765 1197 817 ab
1233 763 1328 818 illo
1368 764 1497 832 forti
1525 764 1779 820 diversus
1813 744 1980 828 esset,

2098 764 2172 817 τὸν
2196 763 2471 833 ισχυρὸν,
2507 762 2540 833 ἦ
2575 744 2824 833 παδητὴν
2843 761 2942 832 τὴν
2973 760 3136 829 ἁγίαν
3171 762 3378 832 Τριάδα
3409 763 3676 829 δοξάζου-

413 856 501 911 vel
532 854 857 908 Trinitatem
886 863 1131 908 sanctam
1172 854 1415 924 passioni
1459 856 1754 909 obnoxiam
1787 855 1981 925 opine-

2097 870 2207 919 ταν,
2239 853 2334 907 καὶ
2375 851 2784 922 συσταυροῦσαν
2822 849 2901 921 τῷ
2949 849 3064 920 Υίῷ
3096 848 3188 902 τὸν
3230 851 3456 921 Πατέρα
3489 853 3590 907 καὶ
3611 856 3675 908 τὸ

417 956 524 1013 tur,
581 944 904 1013 Patremque
937 959 1002 999 ac
1056 943 1320 1012 Spiritum
1368 952 1618 1000 sanctum
1674 945 1730 998 in
1763 959 1983 1000 crucem

2093 944 2312 1016 Πνεῦμα
2341 944 2402 998 τδ
2438 944 2611 1013 ἆγιον.
2651 944 2867 1012 ’Ἄπαγε
2909 942 3116 1013 ταύτην
3143 945 3244 1016 τὴν
3285 944 3619 1014 βλάσφημον
3655 946 3671 984 ι

417 1044 561 1105 agat.
589 1034 784 1089 Procul
825 1036 896 1088 sit
925 1033 1244 1103 blasphcma
1291 1034 1404 1088 hazc
1435 1041 1489 1088 et
1525 1034 1834 1089 adulterina
1877 1050 1982 1088 nu-

2102 1039 2178 1091 ιαὶ
2198 1041 2620 1107 παρέγγραπτον
2655 1033 2946 1104 φλυαρίαν.
2994 1033 3186 1103 Ἡμεῖς
3216 1035 3324 1104 γὰρ
3364 1035 3428 1086 τὸ
3450 1074 3466 1097 ,
3505 1035 3680 1102 ἅγιος

417 1125 648 1195 gacitas.
680 1121 792 1177 Nos
839 1122 1042 1192 quippe
1077 1121 1235 1185 illud,
1269 1132 1484 1177 sanctus
1528 1122 1668 1176 Deus
1714 1123 1781 1178 de
1825 1122 1985 1178 Patre

2101 1129 2119 1180 5
2156 1125 2319 1189 Θεὸς,
2352 1124 2447 1177 ἐπὶ
2476 1123 2569 1177 τοῦ
2615 1122 2830 1193 Πατρδς
2888 1120 3307 1192 ὲκλαμϐάνομεν
3333 1166 3348 1189 ,
3377 1123 3482 1176 οῦκ
3522 1124 3679 1193 αὐτῷ

417 1217 756 1285 accipimus:
791 1229 897 1268 non
929 1212 1076 1283 quod
1112 1213 1216 1283 ipsi
1251 1215 1353 1267 soli
1390 1213 1699 1270 divinitatis
1733 1215 1986 1286 assignev

2105 1217 2234 1285 ιὸνῳ
2257 1216 2318 1268 τὸ
2359 1215 2457 1285 τῆς
2512 1214 2767 1283 θεότητος
2800 1213 3150 1284 ἀφορίζοντες
3183 1213 3379 1282 ὄνομα,
3404 1214 3548 1266 ἀλλὰ
3584 1217 3683 1268 καὶ

417 1321 541 1361 mus
569 1320 789 1359 nomen.
823 1303 958 1358 Nam
990 1312 1045 1359 et
1075 1303 1297 1370 Filium,
1327 1311 1382 1358 et
1425 1303 1688 1374 Spiritum
1730 1315 1982 1361 sanctum

2108 1311 2176 1365 ξὺν
2214 1310 2342 1363 Υἱὸν
2369 1308 2501 1361 Θεὸν
2521 1307 2724 1368 εἰδότες
2743 1348 2758 1371 ,
2787 1306 2884 1360 xui.
2914 1305 2975 1358 τὸ
3009 1305 3238 1376 Πνεῦμα
3265 1307 3326 1358 τὸ
3348 1307 3508 1375 ἆγιον
3530 1324 3546 1339 ο
3585 1308 3686 1361 καὶ

423 1398 589 1452 Deum
623 1397 993 1466 agnoscimus.
1027 1395 1213 1450 Itidem
1247 1394 1406 1464 illud,
1437 1406 1652 1450 sanctus
1683 1398 1861 1463 fortis,
1891 1396 1986 1452 Fi-

2108 1402 2170 1470 ῖδ,
2200 1403 2366 1472 ἅγιος
2401 1399 2670 1468 ἰσχυρὸς,
2702 1398 2796 1451 ἐπὶ
2841 1397 2935 1450 τοῦ
2972 1397 3102 1451 Υίοῦ
3137 1398 3364 1464 τίθεμεν
3389 1439 3404 1462 ,
3428 1399 3533 1450 οῦκ
3577 1399 3686 1452 ἀπ-

419 1489 496 1542 lio
521 1489 814 1543 tribuimus
845 1506 856 1542 :
888 1503 997 1542 non
1028 1489 1173 1556 quod
1205 1487 1417 1542 Patrem
1455 1496 1508 1542 et
1550 1487 1816 1558 Spiritum
1861 1503 1989 1544 san~

2111 1493 2482 1564 ιμφιεννύντες
2507 1493 2609 1560 τῆς
2644 1489 2828 1559 ἰσχύος
2856 1488 2946 1541 τὸν
2974 1488 3196 1558 Πατέρα
3232 1489 3329 1542 καὶ
3355 1489 3418 1542 τὸ
3451 1488 3689 1559 Πνεῦμα

421 1585 568 1629 ctum
603 1576 804 1629 virtute
830 1575 1153 1644 spoliemus.
1182 1574 1261 1628 Ac
1298 1574 1534 1644 denique
1570 1575 1701 1629 illud
1724 1615 1739 1640 ,
1770 1586 1987 1630 sanctus

2111 1587 2151 1639 τὸ
2175 1585 2365 1652 ἅγιονσ
2397 1583 2491 1636 καὶ
2539 1582 2620 1647 τὸ,
2649 1582 2818 1649 ἅγιος
2855 1579 3176 1646 ἀθάνατος,
3218 1581 3312 1633 ἐπὶ
3372 1581 3469 1633 τοῦ
3521 1582 3689 1649 ἁγίου

421 1668 779 1732 immortalis,
834 1667 1062 1738 Spiritui
1107 1675 1300 1723 sancto
1347 1669 1716 1724 ascribimus:
1778 1685 1885 1723 non
1930 1678 1990 1724 ut

2115 1677 2410 1746 Ῑνεύματος
2431 1676 2720 1745 τάττομεν,
2746 1674 2846 1726 οὐκ
2876 1673 2983 1737 ἔξω
3014 1673 3113 1741 τῆς
3155 1673 3464 1736 ἀθανασίας
3495 1673 3693 1727 τιθέν-

424 1757 639 1814 Patrem
675 1767 730 1814 et
769 1756 966 1812 Filium
1017 1758 1087 1814 ab
1144 1759 1560 1814 immortalitate
1609 1761 1986 1826 excludamus,

2115 1788 2180 1833 :sc
2208 1769 2302 1822 τὸν
2341 1767 2562 1837 Πατέρα
2595 1767 2689 1819 καὶ
2718 1766 2810 1818 τὸν
2858 1765 3010 1828 Υἱὸν,
3043 1764 3160 1819 ἀλλ’
3184 1766 3270 1833 ἐφ’
3302 1767 3548 1835 ἑκάστης
3572 1765 3693 1817 τῶν

424 1852 518 1907 Sed
548 1859 605 1904 ut
629 1853 684 1905 in
714 1865 1044 1921 unaquaque
1074 1866 1309 1919 persona
1337 1850 1519 1904 omnia
1548 1851 1729 1906 divina
1767 1852 1991 1906 nomina

2115 1858 2442 1912 ιποστάσεων
2469 1857 2649 1919 πάσας
2699 1855 2797 1917 τὰς
2845 1855 3152 1924 θεωνυμίας
3179 1855 3368 1916 ἁπλῶς
3410 1856 3510 1908 καὶ
3541 1856 3693 1909 ἀπο-

425 1943 754 2012 simplicitcr
788 1950 842 1998 et
875 1943 1127 1997 absolute
1153 1958 1464 2010 sumamus,
1489 1943 1736 1998 divinum
1778 1945 1993 2000 scilicet

2119 1949 2266 2011 ,ύτως
2290 1946 2748 2017 ἐκλαμϐάνοντες,
2785 1946 2882 1998 καὶ
2929 1944 3022 1996 τὸν
3051 1946 3197 1997 Οεῖον
3233 1945 3560 1998 ’Δπόστολον
3588 1947 3697 1997 ἐκ·

425 2029 748 2099 Apostolum
785 2030 1087 2096 imitantes,
1108 2030 1270 2099 cujus
1300 2030 1414 2086 hmc
1440 2031 1604 2085 verba
1627 2041 1791 2086 sunt:
1825 2031 1992 2086 Nobis

2121 2041 2427 2112 ιιμούμενοι
2457 2080 2473 2105 ,
2509 2038 2788 2108 φάσκοντα
2817 2054 2832 2068 ⁸
2886 2036 3060 2105 Ἡμῖν
3091 2037 3160 2091 δὲ
3204 2033 3287 2102 εἷς
3317 2039 3450 2100 Θεὸς
3481 2041 3516 2090 ό
3551 2036 3699 2090 Πά-

427 2130 603 2175 autem
651 2138 786 2174 unus
817 2120 954 2174 Deus
1002 2120 1183 2185 Pater,
1210 2135 1274 2174 ea:
1321 2137 1422 2190 quo
1456 2124 1657 2184 omnia,
1715 2131 1763 2176 et
1803 2138 1896 2176 nos
1931 2136 1995 2174 ea:

2121 2133 2226 2200 -ὴρ,
2253 2131 2322 2195 ἐξ
2355 2126 2428 2186 οὗ
2461 2130 2534 2183 τὰ
2555 2129 2770 2192 πάντα,
2796 2126 2894 2180 καί
2918 2127 3193 2230 ἡμεῖςὲξ
3227 2127 3435 2182 αὑτοῦ·
3462 2126 3565 2180 καί
3593 2120 3699 2190 εἷς

430 2216 584 2282 ipso;
616 2226 663 2268 et
697 2229 830 2268 unus
896 2213 1155 2268 Dominus
1190 2214 1347 2269 Jesus
1401 2215 1665 2282 Christus,
1707 2231 1799 2284 per
1846 2231 1996 2284 quem

2118 2226 2312 2293 Κύριος
2361 2220 2597 2288 Ἰησοῦς
2647 2218 2921 2287 Χριστὸς,
2971 2219 3046 2272 δι’
3078 2213 3150 2274 ὄῦ
3202 2219 3274 2271 τὰ
3313 2218 3549 2279 πάντα.
3581 2221 3696 2273 καὶ

430 2306 628 2370 omnia,
669 2314 718 2359 et
758 2322 852 2359 nos
893 2322 984 2374 per
1030 2307 1246 2374 ipsum:
1295 2306 1459 2376 219
1496 2317 1545 2362 et
1591 2324 1724 2360 unus
1765 2307 1998 2375 Spiritus

2121 2314 2273 2384 ἰμεῖς
2301 2313 2376 2366 δι’
2397 2311 2582 2366 αὑτοῦ
2622 2326 2636 2340 ο
2670 2311 2767 2363 καὶ
2815 2309 2886 2363 ἐν
2918 2311 3163 2378 Πνεῦμα
3205 2310 3406 2378 ἅγιον.
3434 2312 3503 2364 ὲν
3616 2311 3699 2363 τὰ

431 2405 669 2458 sanctus,
702 2396 752 2448 in
779 2412 880 2465 quo
917 2397 1115 2459 omnia,
1160 2406 1210 2451 et
1263 2414 1358 2452 nos
1406 2399 1458 2451 in
1523 2399 1720 2462 ipso".
1758 2398 2000 2468 Itemque

2121 2407 2298 2460 τάντίι
2326 2404 2423 2458 καὶ
2456 2403 2627 2472 ἡμεῖς
2653 2402 2722 2455 ἐν
2749 2399 2908 2466 αὐτῷ
2926 2411 2986 2454 ω.
3021 2401 3096 2455 Οὐ
3146 2402 3254 2470 μὴν
3296 2400 3432 2454 ἀλλὰ
3456 2401 3555 2453 καὶ
3591 2401 3699 2453 τὸν

431 2486 755 2556 Gregorium
777 2487 822 2518 ""
877 2488 1032 2542 illum
1089 2488 1426 2560 Thcologum
1460 2490 1524 2543 ad
1569 2491 1719 2544 hunc
1777 2491 2000 2546 modum

2121 2497 2361 2564 ἔδεολόγον
2392 2493 2712 2564 Γρηγόριον,
2733 2489 2834 2546 ὧδέ
2885 2510 2960 2562 πη
2991 2491 3221 2560 λέγοντα
3242 2509 3255 2521 ·
3295 2491 3468 2560 Ἡμῖν
3499 2492 3569 2544 δὲ
3599 2487 3699 2557 εἷς

433 2579 782 2647 loquentem:
809 2578 977 2635 Nobis
1014 2592 1188 2636 autent
1219 2599 1353 2637 unus
1393 2583 1533 2637 Deus
1572 2585 1757 2647 Pater,
1805 2601 1870 2638 ea;
1902 2603 2002 2656 quo

2124 2587 2251 2652 θεὸς
2281 2588 2314 2639 ό
2362 2583 2584 2651 Πατὴρ,
2619 2581 2687 2647 ἐξ
2715 2578 2788 2638 οὗ
2846 2582 2918 2636 τὰ
2955 2581 3152 2635 πάντα
3174 2620 3190 2644 ,
3221 2582 3319 2635 καὶ
3351 2577 3439 2647 εἷς
3467 2584 3702 2650 Κύριος

434 2672 646 2740 omnia;
681 2680 733 2742 et
758 2688 895 2728 unus
924 2673 1180 2728 Dominus
1213 2673 1374 2729 Jesus
1411 2675 1674 2739 Christus,
1721 2695 1813 2747 per
1852 2695 2003 2749 quem

2121 2678 2356 2747 Ἰησοῦς
2378 2673 2739 2744 Χριστὸς.δι’
2770 2668 2844 2729 οὗ
2875 2672 2948 2726 τὰ
2981 2671 3199 2738 πάντα,
3220 2672 3318 2725 καὶ
3344 2671 3416 2724 ἓν
3440 2671 3699 2739 Πνεῦμα

433 2763 723 2830 omnia;et
751 2781 888 2819 unus
930 2764 1167 2834 Spiritus
1211 2776 1467 2833 sanctus,
1515 2769 1570 2821 in
1614 2785 1716 2839 quo
1785 2771 2004 2824 omnia:

2121 2770 2297 2840 Ξγτον,
2330 2770 2398 2821 ἐν
2417 2762 2464 2835 ᾧ
2495 2766 2568 2820 τὰ
2590 2765 2816 2828 πάντα,
2839 2762 2954 2830 τοῦ,
2983 2763 3052 2827 ἐξ
3077 2758 3172 2826 οὗ,
3205 2763 3320 2828 καὶ,
3344 2761 3416 2814 δι’
3438 2758 3535 2823 οὗ,
3567 2763 3699 2826 καὶ,

435 2856 523 2910 his
555 2857 790 2920 voculis,
820 2873 885 2910 ea:
906 2874 1029 2927 quo,
1050 2873 1140 2924 per
1172 2875 1347 2928 quem,
1379 2868 1433 2912 et
1461 2861 1516 2912 in
1553 2877 1676 2930 quo,
1713 2876 1819 2915 non
1854 2862 2005 2915 scin-

2118 2860 2178 2912 ἑν
2197 2853 2265 2926 ᾧ,
2309 2858 2383 2928 μὴ
2433 2857 2624 2925 φύσεις
2667 2855 3004 2924 τεμνόντων*
3039 2852 3164 2906 οὐδὲ
3193 2851 3304 2923 γὰρ
3349 2854 3416 2906 ἂν
3462 2853 3696 2922 μετέπι-

433 2947 695 3003 dcntibus
720 2956 944 3004 naturas
968 2948 1168 3018 (neque
1193 2950 1339 3004 enim
1360 2950 1564 3019 alioqui
1589 2952 2005 3019 prmpositiones

2118 2969 2243 3003 πτον
2273 2951 2328 3002 αἱ
2357 2948 2665 3019 προθέσεις,
2697 2946 2730 3016 ἦ
2755 2947 2810 2998 αἱ
2855 2943 3036 3010 τάξεις
3068 2943 3178 2998 τῶν
3214 2943 3527 3012 ὀνομάτων*
3551 2943 3696 2998 ἀλλὰ

2430 3039 2482 3057 νο
2525 3056 2542 3057 7
2600 3055 2624 3057 γ.
2656 3037 2890 3057 ..,3____\
2923 3037 2999 3057 1.--
3025 3034 3658 3057 --__-',_--._--'.__-_-99.2--

435 3039 564 3105 illa},
600 3046 696 3092 aut
721 3040 1005 3094 nominum
1043 3040 1271 3096 ordines
1328 3057 1571 3109 unquam
1618 3043 2004 3110 mutarentur),

2114 3039 2626 3112 χαρακτηριζόντων
2653 3038 2780 3107 μιᾶς
2803 3037 2897 3090 καὶ
2917 3034 3230 3105 ἀσυγχύτου
3248 3034 3464 3102 φύσεως
3493 3035 3692 3106 ἰδιότη-

434 3146 626 3185 vcrum
682 3132 848 3188 unius
893 3147 958 3187 ac
1007 3131 1312 3187 inconfusze
1369 3141 1578 3188 naturae
1640 3135 2007 3202 proprietates

2115 3151 2207 3196 τας
2227 3149 2241 3162 ο
2272 3131 2366 3185 καὶ
2391 3130 2551 3186 τοῦτο
2571 3127 2811 3199 δῆλονὲξ
2842 3121 2916 3182 ὧν
2947 3129 3026 3190 εἰς
3053 3127 3110 3179 ἓν
3143 3127 3468 3194 συνάγονται
3502 3128 3693 3191 πάλιν,

434 3222 892 3290 exprimentibus.
916 3221 1086 3291 quue
1122 3223 1295 3292 liqnct
1320 3239 1384 3276 ex
1414 3238 1480 3277 eo
1536 3227 1683 3293 quod
1719 3241 1910 3277 rursus
1953 3224 2004 3276 in

2115 3225 2157 3276 εἰ
2196 3223 2272 3292 τῷ
2305 3223 2379 3292 μὴ
2406 3222 2698 3292 παρέργως
2725 3222 2900 3273 ἐκεῖνο
2937 3219 3372 3286 ἀναγινώσκεται
3414 3220 3569 3290 παρὰ
3611 3221 3693 3291 τῷ

435 3327 605 3364 unum
657 3313 1020 3381 colliguntur,
1070 3313 1118 3366 si
1163 3313 1325 3366 modo
1366 3315 1638 3381 quispiam
1684 3314 1819 3366 illud
1865 3317 2007 3384 apud

2116 3315 2261 3384 αὐτῷ
2298 3315 2624 3384 ’Λποστόλῳ,
2659 3312 2721 3364 τὸ
2749 3353 2765 3378 ,
2789 3313 2860 3376 ἐξ
2907 3311 3092 3365 αὐτοῦ
3113 3351 3129 3373 ,
3159 3311 3252 3363 καὶ
3276 3311 3352 3362 δι’
3373 3311 3566 3365 αὑτοῦ
3598 3314 3694 3364 καὶ

436 3401 759 3470 Apostolunt
817 3401 963 3454 haud
1018 3402 1360 3472 negligenter
1419 3403 1598 3472 legat:
1636 3401 1717 3454 Ea:
1769 3406 1905 3468 ipso,
1957 3415 2008 3460 et

2115 3408 2180 3459 ἐν
2215 3404 2374 3471 αὐτῷ
2414 3404 2486 3458 τὰ
2523 3403 2749 3457 πάνταο
2784 3402 2942 3470 αὐτῷ
2988 3402 3138 3466 δόξα
3169 3404 3258 3469 εἰς
3293 3403 3436 3470 τοὺς
3467 3403 3693 3470 αἰῶνας

436 3509 528 3561 per
554 3493 748 3561 ipsum,
788 3501 837 3546 et
871 3494 923 3546 in
949 3493 1061 3560 ipso
1095 3502 1216 3546 sunt
1247 3492 1573 3559 omnia,ipsi
1601 3493 1774 3562 gloria
1821 3497 1873 3548 in
1903 3512 2006 3550 sa:-

1163 3502 1216 3546 nt
1247 3493 1450 3558 omnia,
1470 3492 1573 3559 ipsi
1601 3493 1774 3562 gloria
1821 3497 1873 3548 in
1903 3512 2006 3550 ste-
2113 3496 2233 3551 τῶν
2266 3497 2515 3552 αἰώνων.
2546 3496 2741 3567 Ἀμήν.

436 3582 558 3634 cula
582 3582 919 3636 swculorum.
939 3585 1104 3636 Amen
1125 3583 1192 3638 "'.
2887 3652 2893 3656 ,

506 3670 642 3726 Nam
669 3673 814 3741 quod
847 3687 956 3727 non
984 3673 1052 3728 de
1090 3672 1232 3727 Filio
1259 3672 1528 3727 duntaxat
1550 3675 1618 3739 ⁸ο,
1655 3675 1749 3729 srd
1778 3676 1843 3730 de
1885 3691 2010 3730 san-

2189 3681 2308 3733 ’Ότι
2337 3678 2446 3750 γὰρ
2477 3678 2576 3732 οὐκ
2611 3678 2689 3741 εἰς
2717 3676 2809 3730 τὸν
2831 3676 2960 3728 Υἱδν
2992 3675 3149 3746 μόνον
3175 3675 3430 3729 λέλεκται
3464 3676 3526 3728 τὸ
3543 3694 3688 3747 τρισο
3743 3723 3767 3730 ,.

438 3772 528 3819 cta
573 3762 848 3820 Trinitate
884 3763 1066 3819 dictus
1099 3765 1171 3820 sit
1217 3771 1304 3820 ter
1345 3773 1572 3821 sanctus
1617 3766 1876 3837 hymnus,
1931 3776 2012 3822 te—

2118 3773 2294 3840 άγιον,
2321 3771 2433 3824 ἀλλ’
2458 3770 2539 3833 εἰς
2561 3769 2661 3840 τὴν
2688 3769 2851 3836 ἁγίαν
2872 3767 3100 3838 Τριάδα,
3127 3768 3336 3837 μάρτυς
3363 3770 3391 3821 ὁ
3432 3766 3576 3830 Gaio;
3601 3770 3689 3820 καὶ

437 3865 655 3911 stantur
680 3855 904 3911 divinus
941 3870 1213 3926 sacerque
1248 3855 1588 3912 Athanasius
1613 3897 1627 3920 ,
1661 3856 1924 3926 Basilius,
1957 3867 2012 3914 et

2118 3862 2262 3933 ἱερὸς
2296 3859 2633 3925 Ἀθανάσιος,
2667 3857 2948 3920 Βασίλειός
2979 3875 3040 3909 τε
3065 3896 3080 3920 ,
3105 3857 3200 3910 καὶ
3246 3857 3574 3927 Γρηγόριος,
3600 3859 3687 3910 καὶ

437 3947 756 4018 Gregorius,
796 3961 859 4003 ac
885 3955 1037 4004 totus
1077 3947 1301 4004 Patrum
1331 3965 1360 4002 a
1388 3949 1499 4005 Deo
1536 3950 1841 4006 amatorum
1870 3953 2008 4009 cho-

2118 3956 2225 4017 πᾶς
2250 3955 2278 4006 ὁ
2298 3952 2406 4006 τῶν
2439 3951 2715 4022 θεοφόρων
2748 3951 3009 4021 Πατέρων
3039 3949 3226 4020 χορόςο
3254 3950 3448 4020 ὅτιπερ
3477 3949 3568 4002 διὰ
3596 3952 3687 4018 τῆς

440 4055 537 4096 rus
566 4057 581 4106 ;
616 4055 812 4110 nempe
837 4040 982 4112 quod
1010 4049 1202 4095 sancta
1225 4042 1316 4096 illa
1351 4041 1640 4114 Seraphim
1670 4059 1769 4114 per
1805 4043 2005 4102 trinam

2113 4048 2344 4120 τρισσῆς
2363 4045 2672 4116 ἁγιότητος,
2694 4043 2795 4107 τὰς
2822 4045 2972 4115 τρεῖς
3009 4043 3108 4113 τῆς
3135 4042 3467 4113 ὑπερουσίου
3503 4040 3687 4109 026:1;-

517 4220 562 4252 ""
590 4220 759 4278 lCor.
790 4237 906 4288 vm,
939 4221 992 4277 5.
1085 4220 1133 4254 ⁷⁸
1157 4219 1309 4278 Orat.
1341 4222 1431 4277 '59.
1488 4224 1532 4256 7°
1568 4221 1726 4279 Rom.
1761 4239 1840 4291 τι,
1869 4224 1957 4280 56.
2052 4223 2098 4257 ⁸ο
2135 4223 2257 4279 Vid.
2288 4222 2454 4294 epist.
2501 4221 2569 4278 ad
2591 4219 2818 4277 Jordan.

1755 4378 1988 4436 VARUE
2017 4379 2417 4436 LECTIONES.

550 4469 568 4508 ι
631 4469 799 4540 Regg.
851 4471 901 4524 '4
961 4472 1056 4539 τὴν
1122 4488 1378 4540 tom.th
1441 4469 1811 4541 βλασφημίαν.
1861 4470 1952 4541 R._
1995 4470 2136 4526 2924
2209 4471 2373 4525 habet
2462 4470 2810 4541 βλασφημίαν
2846 4509 2860 4532 ,
2923 4469 3004 4525 sic
3047 4478 3238 4541 vetus
3302 4471 3559 4541 _inlerpr.
3639 4481 3691 4527 et

440 4538 612 4611 faber
640 4538 1020 4604 blasphemiam
1052 4538 1375 4606 posuerunt.
1451 4551 1492 4579 ιιι
1525 4538 1808 4611 Ιιωὰψιεε
1837 4543 1905 4596 ad
1933 4539 2200 4610 Spiritum
2233 4538 2484 4596 sanctum
2525 4538 2794 4611 spectant,
2820 4541 3022 4596 desunt
3045 4539 3100 4592 in
3133 4538 3264 4608 Reg.
3295 4539 3436 4611 2950
3465 4552 3518 4594 et
3551 4542 3690 4610 apud

439 4608 666 4664 Paulum
700 4613 720 4664 ι
751 4612 879 4665 Cor.
936 4627 1072 4674 VIII;
1116 4612 1373 4680 leguntur
1405 4611 1460 4666 in
1507 4610 1632 4680 aliis
1677 4608 1836 4665 codd.
1889 4620 1944 4666 et
1977 4608 2142 4680 ‘apud
2195 4611 2478 4674 Basilium,
2525 4608 2602 4666 De
2641 4610 2831 4680 Spirit.
2893 4619 3074 4664 sancto
3134 4619 3189 4663 et
3239 4610 3382 4677 apud
3432 4608 3686 4667 Naziana.

440 4688 580 4735 orat.
607 4681 697 4746 59,
738 4696 839 4736 nec
880 4696 985 4735 non
1014 4680 1154 4752 apud
1178 4679 1484 4751 ipsummet
1525 4679 1925 4737 Damascenum
1951 4681 2008 4736 in
2038 4679 2344 4747 Parallelis,
2373 4691 2425 4736 et
2451 4681 2607 4739 alibi.
2636 4679 2824 4752 Neque
2854 4681 2943 4735 hic
2967 4688 3125 4735 erant
3155 4680 3482 4735 omittenda.

1939 4823 2171 4882 NOTAE.

440 4918 586 4975 mius
624 4917 1003 4992 Antiochenus
1023 4916 1474 4992 apndﬂPhotium,
1513 4920 1637 4992 cod.
1673 4919 1799 4992 226,
1818 4919 2014 4992 _c_anti-
2047 4920 2092 4974 D
2121 4919 2351 4992 Syriaco
2382 4916 2732 4992 Alexandrini
2772 4930 2973 4992 nomen
3016 4929 3131 4992 non
3175 4914 3408 4992 legatur.
3447 4912 3685 4992 pubinm

438 5003 563 5044 cum
626 4987 773 5045 istud
809 4988 877 5042 ab
915 4985 1284 5058 Orientalibus
1317 4998 1486 5045 totum
1517 4989 1709 5044 referri
1727 4989 1796 5043 ad
1818 4987 2015 5042 Filium
2119 4985 2230 5046 non
2259 4999 2343 5044 est
2369 4989 2502 5058 quin
2529 4985 3294 5058 Severus?isteAuliochenus
3324 4985 3688 5058 εἰη-δυωδ-

438 5059 792 5129 ῑιτιιιίιςνιιοο⁸
831 5066 917 5112 est
970 5059 1038 5113 ab
1094 5057 1356 5129 Ecclesiis
1422 5059 1766 5115 Antiocheno
1797 5058 2015 5129 praesuli
2117 5074 2316 5115 norum
2375 5051 2652 5129 princeps.
2686 5057 2975 5129 Enimvero
3015 5057 3093 5129 _arl
3155 5051 3687 5129 calcemu'l‘risagius

441 5128 725 5210 subjectis.
757 5127 904 5210 Quin
958 5143 1059 5210 nec
1089 5129 1165 5210 ita
1198 5128 1410 5210 pridem
1423 5129 1724 5210 ACalendio,
1755 5123 1853 5210 qui
1888 5127 2016 5210 ςτιῃ-
2116 5131 2356 5210 hymnus
2373 5123 2496 5210 cum
2515 5123 2796 5210 additione
2822 5128 2902 5210 sic
2940 5126 3205 5210 habetur:
3232 5123 3687 5210 Gloriﬁcatio'an-

441 5199 553 5254 Ioni
603 5200 935 5268 subrogatus
968 5198 1166 5271 (iterat,
1200 5195 1259 5252 ut
1287 5199 1720 5255 additamentum
1747 5195 1905 5271 illud
1958 5198 2013 5252 in
2117 5195 2376 5271 gélorum,
2391 5199 2518 5252 dum
2537 5198 2934 5267 cruciﬁgeretur
2956 5195 3213 5249 Dominus
3232 5203 3438 5247 noster:
3459 5211 3689 5271 sanctus

442 5271 638 5324 bonam
693 5263 902 5338 partem
949 5270 1292 5333 traheretur,
1333 5271 1447 5324 haec
1493 5271 1598 5336 alia
1646 5269 1814 5325 verba
1873 5269 2015 5322 inte-
2114 5263 2264 5333 usus,
2298 5263 2532 5324 ssuc'rus
2574 5263 2788 5330 maris,
2827 5283 3061 5322 sascrus
3104 5281 3455 5320 IIIIORTALIS.
3493 5263 3685 5333 Ιοδιννιι

441 5341 616 5396 texuit
650 5357 663 5394 :
704 5341 908 5409 Χριστὲ
959 5338 1180 5410 βασιλεῦ
1213 5383 1228 5407 ,
1257 5340 1467 5396 Christe
1506 5339 1634 5402 Rex,
1681 5341 1772 5410 qui
1801 5338 2014 5410 cruciﬁ-
2111 5353 2163 5396 et
2191 5341 2507 5395 Nicodamus
2541 5339 2926 5410 diagramma!
2957 5351 3276 5410 cauctrtxus
3306 5351 3373 5410 Es
3395 5350 3498 5388 uno
3520 5351 3689 5410 xpers,

440 5426 542 5464 atus
567 5449 582 5471 ,
611 5417 713 5466 etc.
753 5405 931 5466 Cuido
960 5405 1257 5467 'Fabricius
1314 5410 1653 5468 Boderianus
1693 5405 2014 5477 ’Antverpiae
2115 5425 2377 5467 MISERERE
2403 5425 2578 5464 NOBIS.
2616 5409 2768 5463 Unde
2802 5409 3030 5476 colligas
3062 5406 3335 5475 Iiturgiam
3363 5408 3508 5477 hanc
3541 5405 3694 5459 lacn-

441 5478 614 5534 edidit
663 5482 886 5551 Syriace
936 5491 989 5535 et
1039 5479 1230 5537 Latine
1280 5482 1527 5551 quaadam
1556 5481 1622 5534 ad
1659 5476 1926 5550 Baptismi’
1961 5487 2017 5533 et
2115 5482 2353 5537 hilarum
2401 5480 2893 5537 Severiauornmve
2956 5478 3169 5542 fuisse,
3219 5491 3326 5531 non
3385 5476 3692 5532 Catholica-

445 5552 872 5620 sacraesynaxis
935 5552 1074 5607 ritus
1123 5552 1451 5620 pertinentia
1483 5593 1496 5616 ,
1532 5567 1632 5607 ceu
1689 5551 1866 5605 Severi
1915 5565 2011 5616 pa-
2116 5569 2257 5608 rum.

448 5618 693 5674 triarchaé
747 5622 1092 5678 Alexandrini
1127 5618 1331 5688 essent,
1365 5638 1490 5679 cum
1539 5630 1720 5678 tamen
1760 5621 1813 5676 in
1863 5628 2012 5676 tcxtu
