3996 6212
413 4338 425 4394 i

468 271 606 337 1023

1682 280 1741 340 S.
1769 275 2092 340 JOANNIS
2127 274 2560 340 DAMASCENI

3574 277 3722 344 ιοιι

462 385 694 436 humana
712 393 930 439 natura.
964 385 1118 440 Verbi
1147 396 1365 450 natura,
1404 386 1532 456 quid
1578 388 1802 456 proprie.
1829 415 1898 426 —
1921 385 2025 440 Na-

2144 385 2336 458 ἑαυτὴν
2367 387 2476 458 γὰρ
2503 387 2604 459 οὑχ
2657 386 2996 459 ὑφέστηκενο
3029 387 3062 460 ἥ
3089 386 3283 450 κοινῶς
3320 386 3382 442 ὲν
3415 389 3552 441 πᾶσι
3594 393 3715 456 ταῖς

458 486 604 543 tura,
638 479 725 533 vel
754 478 872 534 sola
891 479 1227 550 cogitatione
1252 479 1639 535 consideratur
1659 483 1861 550 (neque
1882 478 2031 534 enim

460 583 558 640 per
579 583 639 624 se
671 570 970 640 subsistit),
1001 572 1087 625 vel
1114 571 1484 628 communiter
1516 571 1573 626 in
1594 569 1854 626 omnibus
1882 569 2032 640 ejus.

459 659 586 714 dem
615 661 820 730 speciei
853 661 1128 730 personis,
1160 671 1223 717 ut
1253 663 1510 718 videlicet
1537 677 1632 717 eas
1686 661 1977 732 coniungit
2013 677 2030 726 ;

459 763 526 802 ac
558 755 675 802 tum
713 749 918 804 dicitur
952 750 1008 805 in
1048 752 1234 821 specie
1264 752 1617 808 considerata
1646 761 1846 807 natura
1875 768 1889 804 :
1935 757 2032 805 aut

461 842 516 896 in
559 849 731 894 totum
764 841 955 896 eadem
994 843 1113 912 ipsa
1139 856 1264 897 cum
1292 844 1592 915 assumptis
1621 842 2028 907 accidentibus,

462 931 516 983 in
550 947 656 985 una
694 947 975 1002 persona;
1009 933 1324 1006 diciturque
1350 937 1404 992 in
1437 937 1725 991 individuo
1775 933 2033 990 conside-

461 1032 576 1076 rata
609 1031 829 1091 natura,
860 1041 981 1096 qua:
1026 1033 1208 1082 tamen
1237 1027 1428 1084 eadem
1481 1036 1567 1084 est
1609 1044 1673 1083 ac
1708 1042 1772 1083 ea
1798 1041 1919 1098 qua:
1975 1025 2030 1079 in

464 1117 654 1185 specie
679 1118 1083 1174 consideratur.
1115 1119 1308 1192 Itaque
1340 1121 1485 1177 Deus
1518 1123 1780 1186 Verbum,
1807 1136 2031 1177 carnem

465 1221 775 1271 assumens,
818 1225 919 1264 nec
945 1219 1198 1266 naturam
1227 1229 1349 1284 quae
1379 1215 1496 1270 sola
1529 1214 1868 1285 cogitatione
1897 1227 2034 1268 con-

463 1295 719 1365 spicitur,
743 1298 952 1368 accepit
984 1299 1188 1371 (neque
1209 1301 1357 1356 enim
1381 1303 1484 1358 hoc
1509 1303 1817 1358 incarnatio
1847 1302 2032 1368 fuerit,

466 1388 562 1443 sed
593 1389 893 1458 impostura
933 1398 987 1445 et
1021 1391 1420 1449 incarnationis
1476 1395 1674 1466 larva),
1705 1409 1886 1465 neque
1914 1408 2034 1450 eam

465 1493 591 1548 quae
628 1481 682 1532 in
707 1481 893 1550 specie
914 1482 1257 1552 conspicitur
1282 1485 1412 1555 (non
1441 1486 1587 1540 enim
1619 1500 1886 1556 personas
1911 1499 2037 1540 om-

468 1585 567 1626 nes
593 1573 1146 1643 assnmpsit),verum
1175 1575 1323 1630 illam
1351 1577 1571 1632 demum
1598 1592 1719 1648 qua:
1746 1577 1800 1631 in
1841 1575 2038 1632 indivi-

466 1661 580 1717 duo
615 1669 719 1728 est,
753 1663 1118 1719 eamdennnet
1147 1679 1211 1720 ac
1229 1680 1295 1721 ea
1325 1682 1448 1738 quae
1475 1676 1560 1725 est
1594 1668 1649 1723 in
1676 1667 1860 1738 specie
1896 1666 2034 1737 (pri-

2133 476 2439 548 όμοειδέσιν
2475 479 2811 534 ὑποστάσεσι
2856 477 3061 543 ταύτας
3091 479 3462 543 συνάπτουσα,
3494 479 3588 532 καὶ
3625 480 3717 534 λέ-

2133 585 2292 638 γεται
2320 571 2380 623 ὲν
2423 567 2502 638 τῷ
2537 568 2670 622 εἴδει
2723 568 3080 640 θεωρουμένη
3125 567 3325 637 φύσις·
3358 569 3392 639 ἦ
3426 569 3633 633 όλικῶς
3679 573 3717 640 ἠ

2133 659 2272 730 αὑτὴ
2294 660 2352 712 ὲν
2375 658 2679 731 προσλήψει
2712 658 3158 730 συμϐεϐηκότων,
3179 660 3238 712 ὲν
3265 657 3363 730 μιᾷ
3387 659 3719 723 ὑποστάσει,

2133 751 2230 806 καὶ
2279 750 2499 820 λέγεται
2547 752 2605 804 ὲν
2647 750 2836 822 ἀτόμῳ
2883 749 3235 822 Θεωρουμένη
3276 750 3461 818 φύσις,
3495 751 3529 821 ἠ
3577 751 3720 823 αὑτὴ

2133 838 2265 898 οὖσα
2289 845 2354 914 τῇ
2386 843 2446 896 ὲν
2472 841 2552 912 τῷ
2583 842 2715 896 εῐδει
2742 842 3095 915 θεωρουμένῃ
3115 854 3144 893 P
3167 860 3179 870 ·
3204 843 3232 895 6
3254 839 3347 897 οὖν
3382 843 3519 907 Θεδς
3541 843 3723 912 Λόγος

2135 933 2464 1004 σαρκωΘεὶς,
2497 931 2622 987 οὔτε
2671 932 2770 1003 τὴν
2815 934 2876 986 ὲν
2905 936 2972 1004 τῇ
3005 932 3138 1004 ψιλῇ
3181 931 3386 1003 οεωρξᾳ
3417 949 3725 988 κατανοου-

2137 1025 2306 1096 μένην
2335 1023 2499 1094 φύσιν
2530 1023 2828 1078 ἀνέλαϐεν·
2861 1025 2922 1078 οὑ
2945 1025 3056 1096 γὰρ
3082 1025 3362 1096 σάρκωσις
3400 1023 3588 1092 τοῦτο,
3604 1026 3726 1079 ἀλλ’

2133 1114 2314 1183 ἀπάτη
2339 1113 2433 1167 καὶ⁵
2461 1113 2688 1184 πλάσμα
2736 1112 3066 1185 σαρκώσεως
3089 1129 3105 1144 ο
3138 1111 3263 1166 οὔτε
3293 1113 3396 1184 τὴν
3421 1114 3481 1167 ὲν
3519 1115 3601 1184 τῷ
3648 1114 3727 1167 sl-

2133 1202 2212 1256 δει
2263 1203 2686 1274 Θεωρουμὲνην⁶
2721 1203 2783 1256 οὑ
2840 1201 2952 1274 γὰρ
3008 1202 3191 1267 πάσας
3236 1203 3338 1267 τὰς
3383 1205 3740 1267 ὑποστάσεις

2135 1292 2394 1348 ἀνέλαϐεν
2417 1334 2432 1360 ,
2459 1292 2594 1347 ἀλλὰ
2636 1292 3085 1368 τὴνέιάτῂιῳ,
3120 1292 3221 1364 τὴν
3248 1293 3424 1364 αὐτὴν
3449 1287 3630 1347 οὖσαν
3657 1297 3726 1364 τῇ

2133 1385 2194 1438 ὲν
2234 1385 2313 1454 τῷ
2363 1385 2526 1439 εῖδει·
2559 1384 2817 1456 ἀπαρχὴν
2852 1385 2963 1456 γὰρ
3008 1384 3240 1439 ἀνέλαϐε
3291 1384 3396 1438 τοὺ·
3443 1385 3726 1455 ἡμετέρου

2136 1477 2475 1548 φυράματος,
2504 1475 2564 1528 οὑ
2591 1475 2716 1528 καθ’
2752 1474 2954 1547 ἑαυτὴν
3003 1474 3483 1548 ὑποστᾶσανηιαὶ
3517 1474 3729 1544 ἄτομον

2135 1547 2557 1636 χρηματισασαν
2585 1563 2990 1635 πρότερονζκαὶ
3015 1547 3192 1627 obsiet;
3225 1563 3514 1617 ὑπἀὐτοῦ
3551 1581 3728 1634 προσ-

2135 1654 2454 1727 ληφθεῖσαν,
2476 1652 2592 1706 ἀλλ’
2623 1653 2684 1705 ὲν
2715 1654 2783 1724 τῇ
2829 1650 2997 1705 αὑτοῦ
3039 1651 3340 1706 ὑποστάσει
3372 1652 3728 1723 ὑπάρξασαν.

466 1753 651 1809 mitias
681 1755 827 1808 enim
873 1765 1076 1810 nostra:
1125 1757 1310 1812 carnis
1344 1736 1721 1830 assumpsit),
1743 1773 1853 1814 non
1909 1736 2039 1828 Aquae

2144 1744 2286 1816 Αὕτη
2327 1744 2437 1815 γὰρ
2463 1746 2498 1813 ή
2537 1743 2837 1806 ὑπόστασις
2865 1743 2966 1796 τοῦ
3018 1742 3154 1796 Θεοῦ
3182 1741 3360 1811 Λόγου
3393 1744 3624 1811 ἐγένετο
3659 1747 3726 1814 τῇ

466 1845 699 1900 seorsim
736 1845 792 1900 in
829 1861 889 1900 se
919 1856 974 1902 et
1024 1847 1367 1904 individuum
1418 1851 1572 1920 prius
1609 1851 1794 1916 fiterit,
1821 1857 2038 1921 postea-

2144 1837 2308 1907 σαρκὶ
2366 1835 2686 1900 ὑπόστασις,
2720 1834 2819 1888 καὶ
2851 1834 2997 1888 κατὰ
3040 1834 3199 1887 τοῦτο
3220 1873 3236 1897 ,
3260 1838 3294 1888 ό
3327 1837 3524 1904 Λόγος
3570 1837 3728 1904 σὰρξ

464 1951 574 2005 que
603 1936 673 1991 ab
701 1952 766 1992 eo
796 1945 1080 2008 assumpta
1111 1937 1206 2005 sit,
1243 1940 1341 1996 sed
1367 1956 1491 2011 qua:
1515 1941 1568 1996 in
1597 1940 1775 2010 ipsius
1799 1954 2037 2007 persona

2144 1925 2397 1996 ἐγένετο,
2415 1927 2700 1998 ἀτρέπτως
2715 1925 2938 1997 δηλαδὴ,
2956 1926 3053 1980 καὶ
3077 1928 3110 1997 ἡ
3137 1928 3296 1998 σὰρξ,
3318 1929 3493 1996 Λόγος
3523 1929 3731 1999 άμετα·

464 2029 763 2084 exstiterit.
791 2027 902 2083 Hac
925 2044 1094 2099 porro
1126 2031 1363 2097 ratione,
1406 2031 1628 2086 Verbum
1676 2047 1804 2087 caro
1837 2031 2038 2099 factum

2144 2021 2376 2090 ϐλήτως,
2414 2019 2506 2073 καὶ
2540 2021 2569 2073 6
2599 2019 2734 2081 Θεὸς
2754 2058 2770 2086 ,
2797 2018 3107 2089 ἄνθρωπος.
3147 2020 3282 2084 Θεὸς
3317 2021 3422 2090 γὰρ
3457 2024 3486 2074 ὁ
3517 2021 3729 2089 Λόγος,

463 2127 544 2172 est
575 2117 640 2182 ⁸⁵,
677 2117 797 2172 sine
837 2119 948 2174 ulla
982 2121 1389 2187 conversione;
1423 2137 1665 2192 caroque
1719 2121 1872 2187 item,
1903 2119 2042 2176 Ver-

2144 2113 2238 2166 καὶ
2265 2113 2293 2164 6
2331 2109 2622 2182 ἄνθρωπος
2650 2109 2784 2172 Θεὸς
2806 2148 2822 2174 ,
2851 2109 2945 2163 διὰ
2967 2111 3067 2181 τὴν
3099 2111 3222 2164 καθ’
3249 2110 3542 2165 ὑπόστασιν
3580 2112 3732 2164 ἕνω-

467 2204 594 2258 bum
621 2203 760 2258 citra
796 2207 1176 2272 mutationem,
1203 2217 1258 2262 et
1279 2208 1446 2276 Deus,
1471 2208 1658 2264 homo.
1702 2207 1846 2263 Deus
1888 2208 2034 2262 enim

2144 2219 2251 2257 σιν.
2287 2201 2497 2255 Ταὺτὸν
2537 2195 2632 2255 οὖν
2685 2201 2834 2254 ἔστιν
2867 2201 3043 2255 εἰπεῖν
3073 2201 3237 2272 φύσιν
3260 2201 3354 2255 τοὺ
3388 2203 3592 2270 Λόγου,
3624 2203 3733 2254 καὶ

463 2301 550 2347 est
575 2291 836 2359 Verbum,
863 2305 918 2349 et
945 2295 1132 2361 homo,
1159 2297 1324 2362 Deus,
1349 2298 1418 2353 ob
1449 2299 1855 2370 bypostaticam
1881 2297 2037 2352 unio-

2144 2295 2238 2366 τὴν
2271 2295 2331 2347 ὲν
2365 2293 2555 2365 ἀτόμῳ
2578 2290 2762 2362 φύσιν.
2783 2291 2920 2345 Οὔτε
2949 2293 3061 2364 γὰρ
3080 2292 3141 2346 τδ
3170 2293 3397 2363 ἄτομον,
3425 2293 3595 2364 ἧγουν
3617 2292 3733 2362 τὴν

468 2397 614 2437 nem.
647 2383 791 2440 Idem
823 2385 995 2455 igitur
1020 2395 1106 2444 est
1140 2388 1306 2444 Verbi
1343 2397 1598 2446 naturam
1627 2390 1833 2455 dicere,
1872 2397 2039 2460 atque

2144 2386 2470 2450 ὑπόστασιν,
2500 2384 2707 2455 κυρίως
2741 2384 2834 2437 καὶ
2885 2383 3062 2453 μόνως
3091 2383 3261 2454 δηλοῖ,
3293 2383 3418 2437 οὔτε
3452 2384 3514 2436 τὸ
3544 2384 3742 2437 κοινὸν

467 2483 721 2529 naturam
749 2476 896 2532 illam
923 2493 1046 2548 qua:
1079 2479 1135 2533 in
1195 2479 1479 2537 individuo
1510 2489 1613 2538 est.
1662 2481 1849 2550 Neque
1890 2481 2038 2536 enim

2144 2475 2248 2530 τῶν
2274 2473 2801 2542 ὑποστάσεων,άλλὰ
2834 2474 2934 2545 τὴν
2969 2473 3154 2545 κοινὴν
3188 2475 3352 2544 φύσιν
3392 2476 3454 2527 ὲν
3489 2476 3588 2546 μιᾷ
3613 2474 3738 2528 τῶν

467 2564 837 2628 individuum,
867 2566 922 2620 id
956 2576 1039 2622 est
1067 2567 1429 2639 hypostasim,
1463 2571 1687 2641 proprie
1703 2579 1761 2627 et
1787 2571 2036 2627 solitario

2144 2569 2496 2622 ὑποστάσεων
2529 2565 2917 2638 θεωρουμένην
2948 2568 3042 2620 καὶ
3085 2567 3509 2637 ἐξεταζομένην.

468 2656 728 2719 declarat,
764 2673 864 2714 nec
904 2674 1267 2728 personarum
1309 2661 1764 2716 communitatem
1793 2678 1808 2715 :
1846 2675 2036 2718 verum
2072 2672 2424 2716 communem
2456 2663 2710 2712 naturam
2739 2656 2796 2710 in
2832 2671 2942 2711 una
2978 2671 3046 2713 ex
3075 2657 3191 2713 suis
3278 2658 3533 2719 personis
3593 2672 3735 2714 con-

467 2753 786 2818 sideratam,
823 2761 878 2809 et
901 2755 1262 2824 inquisitione
1295 2756 1437 2812 facta
1473 2759 1755 2828 cognitam
2873 2767 2875 2769 ‘

541 2841 679 2898 Unio
737 2853 786 2898 et
831 2846 1130 2902 incarnatio
1171 2848 1226 2901 in
1253 2863 1356 2917 quo
1408 2848 1680 2917 diﬁ'erunt.
1735 2846 1852 2902 Una
1895 2847 2044 2902 Verbi

2221 2841 2383 2895 Ἄλλο
2414 2840 2513 2912 μὲν
2530 2833 2624 2894 οὖν
2643 2838 2793 2892 ἐστιν
2821 2837 3156 2902 Extinctam-1
3184 2837 3376 2908 ἕτερον
3408 2838 3728 2910 σάρκωσιςο

466 2940 663 2986 natura
723 2932 1008 2987 incarnata
1053 2932 1117 2987 ab
1164 2933 1278 3003 ipso
1327 2933 1533 3004 Cyrillo
1565 2933 2042 3004 cariosum—iam

2157 2934 2223 2987 Ἥ
2263 2931 2363 3004 μὲν
2409 2930 2520 3002 γὰρ
2573 2930 2772 2993 ἒνωσις
2820 2929 2989 2998 μόνην
3026 2925 3179 2998 δηλοῖ
3225 2929 3326 2998 τὴν
3375 2930 3681 2998 συνάφειαν
3718 2948 3740 2963 ο

469 3036 603 3079 vero
653 3023 805 3078 aliud
848 3032 934 3080 est
984 3024 1143 3090 unio,
1195 3035 1250 3082 et
1302 3026 1456 3081 aliud
1511 3026 1847 3082 incarnatio.
1899 3024 2044 3080 Unio

2146 3024 2283 3094 πρὸς
2312 3022 2367 3076 τί
2398 3021 2455 3074 δὲ
2499 3020 2727 3090 γέγονεν
2762 3020 2797 3092 η
2830 3017 3115 3088 συνάφεια,
3147 3019 3350 3074 οὑκέτι.
3401 3021 3468 3074 Ἦ
3502 3021 3562 3074 δὲ
3591 3023 3736 3093 σάρ-

466 3117 615 3173 enim
653 3117 828 3174 solam
858 3116 1320 3188 conjunctionem
1351 3119 1557 3175 indicat
1584 3136 1599 3186 ;
1646 3136 1774 3174 cum
1801 3134 1912 3190 quo
1941 3133 2043 3172 au-

2144 3133 2314 3179 κωσις
2341 3153 2357 3180 ,
2390 3113 2584 3168 ταύτὸν
2616 3113 2661 3166 δ’
2693 3114 2842 3167 ἐστιν
2885 3113 3063 3166 εῐπεῖν
3119 3113 3215 3166 καὶ
3273 3113 3734 3186 ὲνανορὼπησις,

465 3219 577 3266 tem
613 3211 728 3266 haec
760 3211 1086 3282 conjunctio
1117 3212 1260 3268 facta
1293 3215 1388 3276 sit,
1432 3228 1541 3267 non
1571 3214 1724 3268 item.
1758 3213 1830 3267 At
1856 3212 2043 3267 incar-

2144 3209 2242 3281 τὴν
2289 3209 2428 3280 πρὸς
2485 3211 2685 3278 σάρκα,
2718 3207 2840 3278 ἢτοι
2888 3206 3029 3277 πρὸς
3085 3205 3374 3276 ἄνθρωπον
3426 3209 3742 3278 συνάφειαν

470 3304 624 3358 natio
657 3304 847 3375 (quod
881 3303 1112 3374 perinde
1152 3314 1259 3370 est,
1290 3320 1354 3360 ac
1386 3305 1434 3359 si
1468 3305 1916 3360 humanationem
1957 3302 2043 3357 di-

2145 3300 2298 3372 δηλοῖ
2323 3317 2339 3330 ·
2374 3298 2628 3368 καθάπερ
2679 3299 2774 3351 καὶ
2803 3298 2837 3367 ἡ
2885 3295 3128 3368 πύρωσις
3184 3297 3279 3350 τοῦ
3314 3297 3586 3368 σιδήρουοι
3628 3300 3736 3369 τὴν

468 3395 604 3461 cas)
665 3410 792 3449 cum
850 3410 1060 3458 carne,.
1099 3395 1220 3450 sive
1277 3396 1525 3460 homine,
1589 3395 2042 3465 conjunctionem

2149 3389 2288 3462 πρὸς
2318 3389 2380 3443 τὸ
2423 3387 2534 3460 πῦρ
2572 3387 2785 3441 ἕνωσιν.
2814 3387 2985 3450 Αὐτὸς
3019 3388 3118 3457 μὲν
3141 3382 3237 3441 οὖν
3261 3388 3290 3439 6
3321 3389 3595 3460 μακάριος
3619 3390 3738 3444 ιω-

469 3485 626 3555 221
678 3487 940 3548 ostendit,
980 3486 1148 3542 veluti
1205 3495 1260 3542 et
1318 3486 1451 3542 ferri
1503 3485 1722 3554 ignitio,
1776 3485 2043 3540 unionem

2154 3481 2335 3552 ριλλος
2363 3482 2422 3534 ὲν
2451 3482 2516 3550 τῇ
2551 3477 2688 3549 πρὸς
2724 3477 3024 3531 Σοὺκενσον
3070 3477 3298 3550 δευτέρᾳ
3349 3479 3613 3550 ἐπιστολῇ
3641 3481 3736 3551 ἑρ-

470 3593 595 3633 enm
649 3580 796 3649 igne.
835 3579 983 3635 Sane
1029 3580 1224 3635 beatus
1274 3580 1394 3649 ipse
1428 3578 1670 3649 Cyrillus
1713 3580 1766 3635 in
1801 3577 2044 3634 secunda

2155 3575 2403 3646 μηνεὺων
2429 3573 2510 3636 τὸ,
2537 3573 2688 3641 μίαν
2722 3571 2913 3641 φύσιν
2950 3571 3055 3625 τοῦ
3089 3572 3236 3625 Θεοῦ
3274 3573 3470 3642 Λόγου
3505 3589 3738 3642 σεσαρ-

471 3669 536 3722 ad
573 3669 872 3724 Snccnsum
909 3670 1145 3742 epistola
1187 3671 1326 3727 illud
1360 3685 1664 3741 exponens,
1699 3677 2044 3725 unamnatu—

2149 3668 2444 3738 κωμένην,
2471 3665 2613 3719 οὑτω
2644 3665 2812 3734 φησιν
2832 3677 2846 3694 ο
2891 3680 2910 3714 ι
2949 3662 3011 3716 El
3059 3662 3157 3734 μὲν
3185 3661 3293 3735 γὰρ
3325 3664 3455 3736 μίαν
3485 3665 3739 3729 εἰπόντες

565 3846 612 3878 ⁸⁸
643 3846 809 3891 Jnnn-
845 3864 886 3891 ι-
920 3848 962 3891 1.

643 3844 810 3903 Joan.
845 3864 888 3914 ι,
920 3848 1012 3905 to.

1752 3931 1995 3988 VARUE
2029 3929 2440 3988 LECTIONES.

543 4036 573 4077 ιι
605 4028 765 4084 Deest
812 4031 1118 4085 membrum
1155 4032 1260 4088 hoc
1299 4033 1352 4087 in
1385 4031 1507 4086 cod.
1539 4029 1596 4085 S.
1632 4029 1765 4096 llil.,
1792 4028 1856 4083 Β.
1899 4029 1952 4093 9,
1988 4029 2142 4083 Colb.
2184 4029 2205 4082 1
2247 4037 2302 4081 et
2331 4030 2387 4082 in
2422 4027 2514 4091 N.,
2558 4045 2660 4086 nec
2695 4029 2935 4085 reddidit
2964 4041 3121 4087 vetns
3154 4032 3384 4096 interpr.
3416 4045 3518 4084 nec
3551 4039 3733 4084 tamen

475 4100 818 4179 superﬂuum
841 4109 948 4154 est.
999 4112 1048 4179 ft
1085 4101 1242 4157 Nulla
1286 4102 1382 4156 τοὺ
1436 4101 1657 4173 σιδήρου
1702 4101 1832 4170 ferri
1866 4100 2070 4156 mentio
2103 4099 2158 4154 in
2185 4101 2307 4154 cod.
2353 4099 2412 4154 S.
2448 4097 2582 4165 llil.,
2621 4101 2790 4172 Regg.
2830 4102 2914 4170 l3,
2955 4101 3112 4158 Colb.
3146 4103 3179 4156 3
3207 4111 3260 4157 ct
3298 4099 3392 4167 N.,
3455 4117 3557 4155 nec
3592 4103 3738 4171 apud

475 4176 716 4222 veterem
746 4176 1129 4238 interpretem.

1969 4296 2202 4356 NOTAE.

479 4399 662 4466 μένου,
698 4413 859 4452 unam
913 4416 1022 4454 esse
1075 4402 1336 4458 credimus
1382 4413 1667 4465 naturam,
1700 4400 1827 4463 quia
1872 4399 2050 4456 unius,

476 4469 566 4523 sed
606 4469 940 4540 inliumanati
969 4481 1019 4526 et
1043 4473 1323 4529 incarnati.
1361 4474 1492 4540 Qua:
1531 4476 1610 4527 sic
1649 4471 1809 4538 vulgo
1853 4469 2054 4540 intelli-

479 4546 614 4609 gunt
663 4538 950 4604 Catholici,
982 4549 1040 4595 ut
1094 4541 1255 4610 φύσιν
1318 4538 1588 4606 naturam,
1620 4539 1910 4610 acceperit;
1954 4552 2052 4610 pro

412 4665 420 4688 ν
479 4607 712 4688 persona
748 4610 831 4688 uel
865 4607 1167 4688 hypostasi,
1196 4616 1431 4688 ecquod
1454 4607 1774 4688 rligposlases
1796 4607 2052 4688 fufiuhgi

480 4674 641 4762 neget
669 4679 721 4732 in
756 4674 1072 4760 (antistent
1100 4674 1411 4762 τιςὲπίτοὺ
1446 4674 1563 4762 ἑνός
1587 4678 1831 4762 Χριστοῦ.
1852 4674 2053 4762 διαιρεῖ

2149 4397 2494 4470 Dialectices.
2520 4397 2614 4456 llle
2636 4414 2799 4470 quem
2840 4400 3040 4456 Noster
3093 4409 3216 4470 post
3251 4400 3542 4470 Leontium
3579 4398 3742 4454 affert

2149 4468 2336 4538 Cyrilli
2366 4469 2544 4532 locus,
2573 4485 2638 4525 ex
2657 4468 2787 4540 ejus
2809 4472 2875 4525 ad
2939 4468 3244 4530 Sucensum
3267 4472 3428 4541 epist.
3455 4469 3743 4541 2,_ambas

2150 4549 2381 4612 naturas
2405 4579 2420 4603 ,
2447 4539 2817 4612 integrasque
2851 4545 3083 4608 astruit;
3119 4555 3172 4598 et
3218 4539 3443 4612 explosa
3493 4539 3742 4612 Nestorii

2150 4609 2490 4677 blasphemia
2530 4609 2894 4666 orientalium
2949 4615 3106 4668 [idem
3161 4609 3385 4674 laudat,
3419 4611 3516 4678 qui
3558 4625 3624 4662 ea
3677 4626 3744 4663 ex

2149 4680 2338 4748 quibus
2365 4679 2610 4754 Christus
2646 4683 2984 4754 intelligitur,
3016 4685 3134 4736 sola
3165 4683 3496 4754 simplicique
3531 4681 3743 4754 cogita-

477 4749 575 4812 τὰς
595 4748 1018 4846 ὑποισιάςειςηκ.
1035 4770 1086 4806 τ.
1105 4771 1153 4808 ε.
1188 4755 1428 4838 itemque
1457 4748 1655 4824 factum
1677 4765 1789 4846 esse
1811 4748 2044 4846 finale-rd:

2155 4752 2678 4846 tione‘perr‘ipientes
2705 4748 2964 4846 ,lcpbastov
3000 4748 3419 4838 pév'slpﬁ'xact'
3447 4751 3741 4846 ξιζφορὰν,

481 4835 642 4882 σεων,
688 4819 1044 4888 hypastasium
1092 4819 1550 4893 coniunctionem,
1582 4827 1795 4876 asserat
1816 4857 1847 4893 ,_
1870 4819 1923 4870 id
1971 4827 2044 4893 est

2154 4823 2236 4893 ὅτι
2264 4819 2597 4893 μὴᾼταὺτόν,
2621 4819 2698 4884 ὡς
2729 4819 2886 4893 ἔφην,
2915 4825 2972 4877 ἐν
3002 4819 3255 4892 ποιότητι
3279 4823 3482 4890 φυσικῇ
3523 4820 3740 4893 Οεὸτης,

480 4899 798 4942 naturarum
827 4906 846 4942 :
877 4901 930 4945 et
985 4889 1201 4948 rursum
1251 4895 1304 4948 in
1358 4894 1576 4948 Dolens.
1622 4893 1787 4944 Anat.
1821 4889 1876 4950 2,
1929 4889 2052 4942 adv.

480 4958 688 5034 'l‘lteod.
711 4961 799 5014 his
830 4961 1056 5034 Vocibus
1093 4972 1295 5034 utatur.
1319 4966 1352 5034 ἡ
1375 4962 1673 5034 τοὺ-Λόγου
1705 4959 1866 5028 φύσις
1887 4959 2058 5034 ἧγουν

482 5029 802 5101 ὑπόστασις,
837 5033 865 5086 ὃ
889 5033 1036 5086 ἐστιν
1060 5033 1218 5091 αὑτὸς
1237 5037 1265 5086 6
1298 5029 1469 5101 Λόγος
1487 5049 1513 5101 ’ί
1531 5031 1746 5085 Natura
1758 5045 1866 5101 seu
1881 5029 2058 5101 ⁸Ιιειρο-

480 5101 641 5155 stasis
685 5099 858 5165 Verbi,
882 5103 1020 5168 quod
1046 5113 1122 5157 est
1154 5097 1430 5170 ipsummet
1473 5100 1717 5156 Verbum.
1756 5099 1831 5170 Ita
1862 5097 2055 5170 deces-

483 5185 665 5242 sorem
713 5186 876 5225 suum
930 5168 1317 5242 interpretatur
1375 5173 1635 5240 Eulogius
1691 5168 2052 5242 a_pu_d_Ph_ot.

483 5240 617 5314 ch._
637 5240 764 5306 9.50;
799 5238 1136 5314 Ephrtemins
1174 5260 1424 5314 quoque,
1460 5238 1594 5314 ibid.
1623 5238 1747 5295 cod.
1778 5239 1884 5314 23.9
1911 5257 1925 5305 ;
1952 5238 2055 5292 Ju-

483 5310 765 5381 stinianns
810 5313 864 5365 in
900 5310 1233 5379 Professione
1273 5310 1396 5381 [iaci
1423 5355 1438 5376 ,
1480 5313 1682 5377 quibus
1719 5310 2057 5381 suffragatur

487 5379 748 5454 Leontius
771 5383 824 5436 in
864 5383 1230 5454 solutionibus
1265 5379 1712 5454 argum.Severi.
1737 5380 1846 5454 Sed
1883 5380 2057 5454 act.__8

489 5451 564 5523 De
587 5461 714 5506 sect.
744 5467 810 5507 eo
835 5469 944 5523 quo
964 5450 1511 5510 Damascenns‘ntodo
1537 5451 1854 5523 respondet,
1877 5450 2056 5523 Cyril-

486 5521 598 5576 lum
625 5538 812 5577 vocem
840 5520 1078 5591 φύσεως,
1119 5539 1228 5578 ιιοιι
1249 5540 1346 5593 pro
1364 5533 1559 5578 natura
1601 5520 1723 5592 qiue
1743 5520 2058 5593 communis

487 5593 583 5652 sit,
616 5593 712 5647 sed
748 5600 806 5646 ut
837 5590 890 5665 in
915 5590 1454 5665 litypostasieksistit,
1487 5590 1787 5665 accepisse.
1811 5590 2060 5665 Legenda

493 5668 614 5714 sunt
668 5677 789 5733 qnze
827 5660 1066 5720 diximus
1111 5665 1180 5720 dc
1218 5680 1383 5722 sensu
1420 5660 1635 5736 Cyriili,
1672 5663 1740 5718 ad
1788 5660 1956 5733 caput
1983 5660 2051 5718 50

2155 4891 2249 4944 καὶ
2275 4889 2658 4960 ἁνθρωπότης,
2685 4889 3003 4946 naturarum
3048 4889 3331 4948 discrimen
3363 4889 3738 4955 enuntientur,

2152 4962 2300 5029 quia,
2328 4959 2391 5013 ut
2407 4959 2634 5022 aiebam,
2663 4979 2768 5016 non
2808 4975 2928 5016 sunt
2955 4963 3092 5016 idem
3133 4965 3386 5016 divinitas
3409 4970 3460 5014 et
3484 4962 3740 5013 Immani-

2156 5043 2236 5084 tas
2263 5035 2435 5098 quoad
2480 5031 2794 5099 qualitatem
2844 5033 3143 5086 naturalem
3177 5050 3196 5096 ;
3228 5033 3319 5087 sed
3363 5041 3543 5084 tamen
3576 5047 3740 5083 unum

2156 5100 2360 5154 Filium
2389 5140 2402 5161 .
2441 5110 2488 5152 et
2528 5100 2818 5168 Christum,
2857 5113 2905 5157 et
2944 5104 3221 5158 Dominum
3251 5143 3264 5163 ,
3297 5112 3404 5157 etc.
3437 5100 3607 5154 Plura
3635 5100 3742 5170 Cy-

2156 5172 2266 5242 rilli
2304 5173 2419 5226 loca
2454 5174 2515 5242 in
2542 5170 2684 5226 idem
2708 5175 3054 5242 conspirant,
3075 5174 3149 5226 ita
3179 5185 3237 5227 ut
3265 5172 3740 5228 Chalcedonensis

2154 5241 2388 5296 formula
2421 5241 2555 5296 solis
2582 5242 2706 5307 ejus
2738 5241 2863 5297 fere
2904 5244 3196 5298 sententiis
3224 5251 3462 5298 constet.
3490 5242 3743 5294 Athana-

2154 5313 2292 5372 sius,
2325 5313 2418 5365 lib.
2458 5309 2532 5364 De
2560 5311 2728 5381 salut.
2758 5313 2968 5367 advent.
2989 5313 3210 5376 Christi,
3261 5327 3464 5368 nomen
3522 5312 3742 5381 φύσεως

2155 5383 2343 5453 eodem
2379 5395 2490 5450 quo
2539 5379 2788 5453 ~Cyrillns
2836 5399 3001 5438 sensu
3048 5393 3362 5453 sumpserat
3384 5421 3399 5443 .
3435 5379 3678 5453 dicendo
3709 5384 3741 5452 ὴ

2157 5452 2318 5521 φύσις
2342 5453 2437 5520 ὅλη
2473 5450 2565 5504 τοῦ
2593 5450 2815 5520 Λόγου,
2844 5463 2955 5507 tota
3002 5450 3198 5507 natura
3259 5451 3416 5507 Verbi
3462 5451 3645 5518 adfuit
3675 5450 3743 5504 ad

2157 5523 2501 5576 exhibendum
2544 5523 2775 5590 formam
2810 5524 3099 5578 humanam
3155 5524 3378 5578 visibilis
3432 5523 3612 5575 Adam
3645 5523 3746 5574 οὑκ

2161 5594 2220 5644 ἐν
2247 5593 2517 5663 διαιρέσει
2547 5595 2889 5663 προσώπων,
2918 5612 3021 5649 non
3066 5596 3322 5648 divisione
3365 5609 3745 5662 personarum,

2159 5663 2249 5718 scd
2282 5662 2610 5719 ea's'istcntia'
2641 5663 2858 5720 deitatis
2885 5676 2931 5720 et
2966 5665 3334 5720 humanitatis.
