3996 6212
524 314 669 379 1327

1747 314 1807 373 S.
1845 311 2164 374 JOANNIS
2202 312 2633 374 DAMASCENI

3624 325 3726 392 1038

528 426 671 482 Illud
718 424 941 496 quidem
992 423 1175 481 edocti
1236 439 1432 481 sumus
1481 423 1822 480 divinitatem
1879 440 1934 479 tn
1991 439 2099 479 una

2215 425 2332 494 Ἐφ’
2365 427 2602 497 ἑκάστης
2629 425 2737 497 γὰρ
2773 425 2883 479 τῶν
2929 427 3291 483 ὑποστάσεων
3325 431 3384 484 τὸ
3426 435 3559 500 Θεὸς
3593 439 3726 509 ὄνομα

529 533 754 574 suarum
787 531 1148 588 personarum
1175 517 1510 572 humanitati
1537 515 1750 570 unitam
1773 531 1900 572 esse
1926 534 1942 571 :
1973 517 2105 570 item

531 610 794 664 traditum
831 619 914 664 est
942 609 1090 678 quod
1125 607 1270 664 Deus
1322 607 1579 674 formam,
1624 607 1731 661 hoc
1762 615 1845 662 est
1871 606 2106 660 alienam

531 702 922 767 substantiam,
950 708 1199 756 nostram
1245 699 1532 766 nimirum,
1565 698 1812 753 induerit
1843 698 2108 768 (cuilibet

531 792 677 847 enim
709 807 959 860 persona:
1012 808 1118 848 vos
1149 791 1291 845 Deus
1329 789 1651 861 tribuitur),
1699 798 1753 843 at
1810 789 2105 842 divinitatis

532 884 860 939 vocabulum
911 884 980 939 de
1025 897 1260 953 persona
1300 896 1571 952 usurpare
1623 895 1734 936 non
1779 895 2102 951 possumus.

530 972 666 1028 Nam
691 974 836 1044 quod
885 972 1148 1028 divinitas
1181 970 1341 1026 Pater
1389 973 1544 1027 solus
1571 971 1664 1037 sit,
1703 977 1799 1024 aut
1827 969 1980 1026 solus
2009 969 2103 1024 Fi-

532 1065 664 1132 lius,
703 1073 800 1120 aut
839 1064 1264 1134 solus'Spiritus
1288 1071 1542 1126 sanctus,
1569 1075 1841 1131 nusquam
1872 1075 1902 1114 a
1942 1061 2104 1117 nobis

531 1160 781 1214 auditum
837 1166 942 1214 est.
999 1156 1268 1210 Divinitas
1318 1155 1464 1210 enim
1525 1163 1779 1207 naturam
1834 1152 2100 1218 declarat,

532 1249 694 1305 Pater
725 1257 910 1305 autem
962 1262 1281 1319 personam,
1324 1244 1782 1315 quemadmodum
1817 1254 1871 1300 et
1902 1245 2099 1300 huma-

532 1342 679 1396 nitas
705 1350 984 1404 naturam,
1027 1338 1188 1407 222
1229 1336 1428 1392 Petrus
1483 1351 1612 1390 vero
1667 1349 1982 1405 personam.
2033 1335 2103 1386 At

2203 517 2460 571 τάττεται
2507 518 2758 584 θεότητα
2791 517 2849 570 δὲ
2903 519 2996 572 ἐπὶ
3044 519 3403 586 ὑποστάσεως
3440 523 3460 560 ί
3509 528 3656 580 εἰπεῖν
3681 533 3726 584 οὗ

2203 606 2500 677 δυνάμεθα.
2538 607 2782 678 Θεότητα
2813 593 2932 678 γὰρ
2975 609 3072 662 τὸν
3127 611 3353 681 Πατέρα
3389 613 3557 682 μόνον,
3589 619 3617 688 ἢ
3657 620 3726 674 τὸν

2203 699 2335 752 Υἱὸν
2366 699 2551 770 μόνον,
2582 699 2616 769 ἦ
2645 699 2803 770 μόνον
2843 701 2906 752 τὸ
2946 700 3183 770 Πνεῦμα
3210 703 3274 755 τὸ
3306 704 3476 771 ἅγιον,
3514 708 3600 760 οὐκ
3624 714 3727 778 ἀκη-

2202 789 2446 859 κόαμεν·
2480 789 2674 858 θεότης
2726 789 2825 859 μὲν
2882 789 2990 860 γὰρ
3045 790 3148 860 τὴν
3192 791 3353 860 φύσιν
3387 794 3560 864 δηλοῖ·
3604 803 3655 852 τὸ
3685 804 3728 855 δὲ

2203 877 2415 948 Πατὴρ,
2445 878 2542 948 τὴν
2568 879 2889 943 ὑπόστασιν,
2919 879 3113 950 ὥσπερ
3145 881 3240 934 καὶ
3278 883 3728 958 ἁνθρωπότης,τὴν

2200 967 2386 1037 φύσιν,
2423 969 2627 1038 Πέτρος
2666 969 2745 1034 δὲ,
2785 971 2888 1040 τὴν
2927 971 3270 1024 ὑπόστασιν·
3320 975 3460 1040 Θεὸς
3494 976 3546 1028 δὲ
3587 981 3666 1032 καὶ
3684 983 3730 1034 τὸ

2200 1058 2381 1112 κοινὸν
2408 1060 2507 1128 τῆς
2545 1059 2765 1127 φύσεως
2801 1062 3086 1131 σημαίνει,
3138 1063 3238 1115 καὶ
3283 1065 3369 1132 ἐφ’
3405 1067 3619 1138 ἑκάστης
3645 1073 3728 1123 τᾶν

2201 1151 2555 1207 ὑποστάσεων
2568 1152 2825 1207 τάττεται
2847 1154 3072 1224 παρωνύ
3083 1171 3222 1223 μως,
3248 1155 3398 1208 ὥσπε
3407 1174 3435 1225 ρ
3454 1160 3537 1211 καὶ
3550 1160 3728 1228 ἀνθρω-

2206 1255 2315 1307 πος
2337 1259 2351 1274 ·
2379 1243 2512 1306 Θεὸς
2535 1243 2645 1316 γάρ
2676 1246 2822 1297 ἐστιν
2854 1245 2880 1295 ὁ
2900 1244 3056 1298 Θείαν
3091 1245 3233 1315 ἔχων
3255 1246 3434 1314 φύσιν,
3458 1248 3543 1301 καὶ
3567 1250 3729 1320 ἀνθρωο

2156 1336 2160 1341 ’
2209 1349 2330 1397 πος,
2367 1335 2396 1386 ό
2426 1333 2798 1404 ἀνθρωπίνην.

531 1457 636 1500 vox
670 1437 830 1501 Deus,
861 1443 917 1489 et
973 1441 1182 1488 natura:
1222 1429 1675 1486 communitatem
1713 1429 2012 1500 signiﬁcat,
2047 1434 2102 1482 et
2142 1427 2195 1481 in
2246 1441 2578 1496 unaquaque
2661 1441 2898 1496 persona
2974 1443 3138 1499 teque
3186 1431 3368 1484 locum
3411 1432 3577 1499 habet,
3617 1437 3728 1491 velut

531 1545 585 1592 et
612 1535 785 1588 homo.
819 1531 960 1584 Deus
982 1529 1126 1584 enim
1161 1529 1208 1582 is
1253 1535 1359 1590 est,
1404 1527 1503 1596 qui
1530 1525 1771 1607 divinam
1809 1523 1972 1578 habet
1997 1531 2256 1577 naturam
2285 1539 2299 1586 ;
2335 1531 2390 1577 et
2424 1522 2613 1588 homo,
2643 1523 2736 1592 qui
2763 1524 3094 1578 humanam.

601 1627 807 1681 Przeter
855 1621 971 1674 haec
1013 1619 1200 1674 omnia
1241 1618 1527 1674 sciendum
1571 1625 1655 1671 est
1692 1615 1765 1668 ⁸⁸,
1803 1613 2020 1668 Patrem
2048 1623 2104 1670 et
2135 1624 2176 1678 Β

533 1717 802 1789 Spiritum
832 1719 1085 1768 sanctum
1131 1710 1283 1765 nulla
1328 1710 1540 1764 ratione
1569 1707 1724 1762 carni
1755 1704 1923 1760 Verbi
1953 1719 2105 1759 com-

533 1807 843 1871 municare,
892 1803 1002 1857 nisi
1055 1808 1323 1872 quantum
1370 1799 1440 1854 ad
1497 1798 1765 1854 miracula
1792 1795 2015 1861 attinet,
2050 1805 2105 1852 et

532 1905 799 1970 quantum
829 1894 898 1950 ad
931 1893 1334 1964 beneplacitum
1365 1899 1419 1946 et
1446 1890 1809 1946 voluntatem.

1165 1981 1317 2037 CAP.
1348 1980 1463 2034 XII.

536 2079 694 2148 Quod
755 2085 944 2134 sancta
1014 2073 1186 2197 Virg;
1245 2073 1356 2154 Dei.
1399 2071 1641 2127 Cenitrix
1697 2070 1792 2138 sit,
1853 2068 2104 2123 adversus

1193 2153 1512 2197 estorianos.

1193 2153 1512 2197 εσιονιαηοε.

606 2244 803 2299 Sancta
835 2239 1015 2294 Maria
1037 2238 1132 2293 Dei
1181 2236 1357 2291 Mater
1389 2236 1618 2306 proprie.
1639 2233 1840 2289 Contra
1867 2231 2104 2287 Valenti-

536 2351 660 2389 num
691 2342 740 2388 et
765 2333 940 2386 alios:
976 2340 1147 2384 ortam
1188 2343 1252 2383 ea:
1297 2327 1473 2382 Maria
1523 2325 1725 2381 Christi
1779 2339 2012 2378 carnem.
2037 2349 2108 2362 —-

538 2427 798 2480 Sanctam
835 2435 996 2493 porro
1041 2420 1326 2490 Virginem
1376 2418 1470 2472 Dei
1507 2416 1729 2488 proprie
1776 2425 1830 2470 et
1860 2429 1989 2468 vere
2011 2429 2105 2484 ge-

536 2515 789 2568 nitricem
862 2509 1310 2582 praedicamus”.
1385 2505 1543 2562 Sicut
1613 2505 1759 2560 enim
1812 2518 1977 2558 verus
2021 2510 2106 2557 est

541 2607 710 2668 Deus,
741 2603 832 2673 qui
865 2617 931 2656 ex
977 2601 1097 2671 ipsa
1130 2606 1293 2653 natus
1324 2605 1450 2664 est;
1487 2597 1561 2650 ita
1607 2593 1836 2664 perinde
1868 2593 1961 2648 Dei
1989 2591 2107 2646 Ma-

537 2706 622 2752 ter
646 2704 750 2760 est,
784 2709 906 2764 qua:
950 2703 1147 2746 verum
1190 2689 1362 2744 Deum
1404 2703 1471 2744 ex
1523 2703 1583 2744 se
1618 2688 1962 2743 incarnatum
2009 2701 2106 2758 ge-

537 2788 677 2843 nuit.
718 2786 884 2840 Deum
923 2797 1089 2854 porro
1121 2797 1187 2836 ex
1215 2795 1278 2836 ea
1325 2789 1515 2834 natum
1555 2795 1678 2836 esse
1709 2780 1966 2843 dicimus,
1994 2792 2104 2832 non

535 2879 678 2950 quod
713 2875 878 2931 Verbi
910 2873 1170 2931 divinitas
1201 2871 1498 2928 exsistendi
1528 2871 1857 2942 principium
1889 2885 1958 2925 ex
1989 2870 2106 2939 ipsa

2287 1612 2413 1665 Ἐπὶ
2455 1614 2585 1666 πᾶσι
2636 1614 2848 1678 τούτοις
2905 1616 3106 1682 ἰστέον,
3152 1616 3231 1680 ὡς
3273 1628 3302 1678 ὁ
3346 1612 3522 1690 Πατὴρ
3570 1623 3727 1678 καὶτὸ

2206 1704 2433 1774 Πνεῦμα
2465 1704 2527 1757 τὸ
2561 1703 2717 1773 ἆγιον
2761 1707 2883 1759 κατ’
2915 1706 3117 1762 οὐδένα
3155 1707 3317 1776 λόγον
3357 1712 3420 1780 τῇ
3464 1711 3723 1781 σαρκώσειι

2203 1795 2298 1849 τοῦ
2332 1794 2508 1862 Λόγου
2551 1795 2977 1868 κεκοινώνηκεν,
3034 1801 3086 1852 εἰ
3140 1800 3217 1869 μὴ
3264 1801 3404 1855 κατὰ
3442 1802 3532 1865 τὰς
3575 1803 3725 1874 Ossaq-

2209 1887 2388 1958 μείας,
2415 1886 2508 1940 καὶ
2537 1888 2659 1940 κατ’
2690 1888 2941 1942 εὐδοκίαν
2975 1891 3075 1944 καὶ
3115 1891 3395 1961 βούλησιν.

2687 1981 2941 2035 ΚΕψιιΛ.
2986 1981 3072 2034 m'
3116 1981 3311 2055 [Ner].

2208 2071 2337 2126 Ὀτι
2367 2074 2661 2139 Θεοτόκος
2686 2073 2725 2140 ἠ
2755 2073 2895 2142 ἁγία
2927 2074 3274 2152 ῌτιρθένοςο
3298 2077 3436 2130 κατὰ
3455 2079 3721 2148 Νεστοριαο

2888 2161 3014 2198 νων
3047 2159 3074 2192 ν
3084 2186 3097 2199 .

2278 2233 2536 2287 Θεοτόκον
2570 2235 2629 2288 δὲ
2671 2235 2879 2306 κυρίως
2925 2236 3044 2306 (28)
3099 2238 3198 2290 καὶ
3241 2238 3448 2309 ἀληθῶς
3481 2239 3565 2309 τὴν
3595 2240 3723 2308 ἁγίαν

2205 2325 2485 2396 Παρθένον
2529 2325 2880 2397 κηρύττομεν
2910 2342 2923 2355 ⁸
2979 2327 3058 2391 ὡς
3105 2329 3217 2399 γὰρ
3250 2329 3379 2393 Θεὸς
3409 2330 3587 2400 ἀληθὴς
3622 2333 3645 2382 ὸ
3677 2331 3723 2394 ὲξ

2207 2418 2381 2485 αὐτῆς
2414 2417 2720 2487 γεννηθεὶς,
2771 2417 2982 2490 ἀληθὴς
3032 2419 3364 2490 Θεοτόκοςὴ
3411 2421 3493 2474 τὸν
3519 2420 3723 2490 ἀληθινὸν

2206 2509 2340 2562 Θεὸν
2382 2509 2443 2572 ἐξ
2492 2510 2662 2579 αὑτῆς
2697 2510 3130 2581 σεσαρκωμένον
3155 2514 3482 2582 γεννήσασα·
3508 2512 3620 2565 Θεὸν
3637 2513 3724 2582 γάρ

2207 2619 2390 2671 φαμεν
2419 2601 2480 2665 ἐξ
2511 2602 2686 2672 αὐτῆς
2721 2603 3117 2673 γεγεννῆσθαι,
3155 2605 3256 2674 οὑχ
3297 2606 3369 2668 ὡς
3402 2609 3490 2675 τῆς
3524 2604 3726 2672 θεότητος

2205 2696 2300 2748 τοῦ
2325 2695 2502 2763 Λόγου
2535 2695 2712 2766 ἀρχὴν
2739 2695 2834 2747 τοῦ
2863 2691 3002 2748 εἶναι
3049 2696 3336 2765 λαϐούσης
3364 2697 3420 2760 ἐξ
3447 2697 3614 2764 αὐτῆς,
3636 2695 3725 2748 ἀλλ’

2205 2783 2282 2847 ὼς
2324 2784 2490 2836 αὑτοῦ
2517 2784 2613 2837 τοῦ
2643 2784 2780 2837 Θεοῦ
2813 2785 3020 2854 Λόγου,
3055 2787 3130 2840 τὸ
3173 2787 3280 2858 πρὸ
3307 2787 3503 2842 αἰώνων
3531 2787 3726 2855 ἀχρόνως

2209 2877 2274 2927 ὲκ
2310 2875 2524 2946 Πατρὸς
2568 2875 2947 2946 γεννηθέντος,
2989 2877 3085 2930 καὶ
3143 2878 3394 2947 ἀνάρχως
3426 2877 3513 2931 καὶ
3559 2877 3721 2938 ἀῑδὶως.

536 2971 804 3036 traxerit;
846 2971 940 3025 sed
973 2968 1104 3039 quia
1135 2965 1376 3022 Verbum
1421 2965 1624 3036 ipsum,
1660 2963 1808 3035 quod
1835 2969 1963 3018 ante
2007 2977 2107 3018 sa:-

2209 2967 2546 3036 ὑπάρχοντος
2573 2979 2599 3006 ι
2631 2967 2728 3019 σὺν
2763 2964 2842 3036 τῷ
2886 2967 3063 3037 Πατρὶ
3094 2968 3202 3020 καὶ
3244 2964 3321 3037 τῷ
3361 2966 3626 3036 Πνεύματι,
3659 2964 3724 3015 ἐπ’

535 3066 660 3120 cula
721 3063 860 3117 citra
915 3061 1087 3116 ullum
1147 3071 1364 3128 tempus
1419 3057 1664 3128 genitum
1715 3065 1821 3122 est,
1867 3069 1931 3110 ac
1987 3054 2110 3136 sine

535 3155 763 3213 exordio
817 3161 871 3208 et
903 3153 1240 3222 scmpiterne
1288 3166 1399 3204 nua
1445 3163 1570 3202 cum
1607 3147 1769 3203 Patre
1799 3155 1854 3202 et
1901 3146 2111 3216 Spiritu

537 3256 725 3302 sancto
755 3253 858 3307 est,
887 3245 943 3297 in
965 3241 1226 3298 extremis
1252 3239 1448 3296 diebus
1475 3237 1670 3296 salutis
1696 3243 1896 3293 nostra:
1923 3248 2110 3300 causa,

537 3337 594 3389 in
621 3343 778 3387 utero
811 3333 987 3402 ipsius
1021 3331 1309 3395 habitavit,
1341 3339 1395 3384 et
1439 3339 1724 3398 assumpta
1759 3343 1926 3383 carne
1956 3343 2022 3381 ex
2047 3339 2112 3381 ea

536 3425 784 3496 genitum
833 3431 918 3478 est
969 3423 1090 3478 sine
1128 3421 1215 3477 sui
1247 3421 1640 3474 demutatione.
1685 3419 1803 3473 Non
1835 3421 1980 3474 enim
2009 3419 2108 3473 ho-

537 3517 741 3571 minem
773 3529 974 3586 purum
1021 3519 1212 3568 sancta
1245 3510 1412 3580 Virgo
1443 3512 1653 3581 genuit,
1682 3511 1777 3565 sed
1807 3509 1978 3565 Deum
2009 3525 2106 3565 ve-

536 3623 694 3674 rum;
733 3622 842 3661 non
873 3605 1104 3671 nudum,
1153 3602 1246 3658 sed
1281 3617 1446 3657 carne
1474 3603 1767 3670 vesritum;
1809 3618 1908 3656 nec
1941 3602 2015 3657 ita
2045 3611 2106 3656 ut

534 3713 768 3769 corpore
817 3697 884 3752 de
919 3697 1074 3752 uelis
1117 3695 1304 3758 allato,
1358 3710 1455 3764 per
1483 3708 1600 3748 eam
1634 3693 1783 3749 velut
1816 3708 1912 3763 per
1941 3707 2110 3746 cana-

534 3788 639 3843 lem
671 3787 970 3852 transierit,
1006 3785 1101 3842 sed
1130 3800 1196 3840 ex
1240 3785 1355 3855 ipsa
1387 3799 1606 3839 carnem
1637 3785 1882 3855 ejusdem
1916 3799 1979 3837 ac
2008 3800 2106 3842 nos

534 3882 860 3937 substantia:
884 3881 1178 3951 acceperit,
1211 3893 1332 3948 quae
1367 3879 1421 3932 in
1463 3878 1647 3948 seipso
1677 3878 2004 3934 subsisteret
2034 3880 2102 3935 ὀ.

534 3971 668 4026 Nam
728 3973 774 4028 si
829 3986 1034 4042 corpus
1085 3986 1116 4025 c
1162 3971 1301 4026 caelo
1333 3970 1620 4025 devectum
1669 3979 1772 4032 est,
1806 3985 1871 4024 ac
1901 3985 2010 4025 non
2039 3985 2104 4025 ex

535 4071 728 4117 natura
759 4075 946 4117 nostra
988 4069 1298 4130 acceptum,
1339 4060 1469 4130 quid
1497 4057 1716 4114 tandem
1770 4061 2101 4114 inhumana-

534 4154 686 4209 tione
721 4167 861 4224 opus
906 4151 1070 4208 erat?
1099 4151 1315 4209 Etenim
1365 4150 1464 4207 Dei
1506 4149 1746 4206 Verbum
1794 4151 2104 4205 humanita-

605 4308 650 4339 ³⁸
688 4307 846 4362 Dion.
899 4309 975 4362 De
1008 4307 1113 4363 div.
1177 4324 1320 4362 nom.
1351 4321 1475 4378 cap.
1501 4305 1554 4362 8.

2207 3059 2449 3130 ἐσχάτων
2483 3059 2592 3111 τῶν
2625 3058 2850 3129 ἡμερῶν
2890 3058 2980 3111 διὰ
3027 3058 3134 3130 τὴν
3181 3059 3449 3130 ἡμετέραν
3482 3057 3720 3128 σωτηρίαν,

2209 3153 2266 3205 ὲν
2310 3153 2376 3221 τῇ
2413 3151 2615 3222 γαστρὶ
2673 3150 2844 3220 αὑτῆς
2893 3151 3320 3221 ένοικήσαντος,
3373 3152 3460 3204 καὶ
3505 3151 3554 3216 ἐξ
3592 3149 3720 3215 αὑτῆς

2208 3243 2606 3314 ἀμεταδλήτως
2642 3241 3019 3313 σαρκωθέντος
3050 3244 3156 3296 καὶ
3183 3236 3534 3313 γεννηθέντος.
3553 3243 3614 3294 οὐ
3641 3239 3722 3309 γὰρ

2211 3332 2499 3402 ἄνθρωπον
2531 3331 2686 3399 ψιλὸν
2716 3331 3015 3402 ἐγέννησεν
3053 3333 3087 3401 ἡ
3133 3333 3270 3401 ἁγία
3319 3331 3584 3402 Παρθένος,
3617 3331 3720 3382 ἀλλὰ

2211 3423 2344 3475 Θεὸν
2375 3420 2627 3494 ἀληθινόν
2645 3435 2658 3450 ·
2685 3421 2746 3472 οὑ
2781 3422 3009 3490 γυμνὸν,
3029 3421 3174 3476 ἀλλὰ
3215 3421 3622 3491 σεσαρκωμένον·
3647 3418 3721 3469 οὐκ

2209 3514 2503 3586 οὐρανόθεν
2531 3513 2593 3567 τὸ
2629 3512 2788 3582 σῶμα
2829 3513 3242 3580 καταγαγόντα,
3272 3515 3362 3566 καὶ
3392 3513 3460 3575 ὡς
3485 3513 3562 3566 διὰ
3583 3508 3719 3576 σωλῆ-

2209 3625 2297 3670 νος
2328 3607 2396 3660 δι’
2427 3608 2598 3677 αὑτῆς
2626 3603 2984 3678 παρελθόντα,
3037 3604 3158 3658 ἀλλ’
3186 3606 3245 3671 ἐξ
3285 3606 3448 3672 αὐτῆς
3491 3603 3718 3674 ὸμοούσιον

2202 3701 2336 3769 ήμίν
2368 3698 2546 3769 σάρκα
2569 3696 2933 3760 ἀναλαϐόντα,
2957 3697 3048 3748 καὶ
3076 3696 3134 3748 ὲν
3167 3696 3347 3767 ἐαυτῷ
3372 3697 3720 3765 ὑποστήσαντα.

2202 3792 2266 3844 Εἰ
2299 3791 2408 3860 γὰρ
2437 3788 2736 3860 οὐρανόθεν
2762 3789 2823 3841 τὸ
2865 3787 3025 3860 σῶμα
3054 3789 3402 3858 κεκόμισται,
3429 3786 3582 3838 καὶοὺ
3642 3785 3714 3852 τῆς

2201 3881 2322 3936 καθ’
2356 3883 2508 3951 ἡμᾶς
2533 3881 2751 3949 φύσεως
2774 3880 3051 3949 εἴληπται,
3075 3879 3162 3944 τίς
3193 3880 3351 3950 χρεία
3375 3877 3469 3944 τῆς
3499 3875 3712 3941 ἐνανθρω·

2202 3974 2452 4042 πήσεως;
2488 3972 2553 4026 Ἦ
2581 3971 2690 4041 γὰρ
2727 3970 3142 4042 ὲνανθρώπησις
3188 3971 3282 4026 τοῦ
3331 3969 3458 4023 Θεοῦ
3482 3969 3628 4035 Λόγου
3651 3964 3711 4016 διὰ

2209 4065 2366 4118 τοῦτο
2388 4065 2628 4133 γέγονεν,
2656 4066 2742 4118 ἴνα
2761 4066 2899 4136 αὑτὴ
2931 4068 2964 4136 ἡ
2988 4067 3375 4137 ἁμαρτήσασα,
3399 4067 3488 4118 καὶ
3504 4059 3710 4120 πεσοῦσα,

2207 4157 2302 4210 καὶ
2332 4155 2601 4226 φθαρεῖσα
2632 4155 2815 4224 φύσις,
2844 4157 3044 4226 νικήσῃ
3070 4158 3161 4210 τὸν
3199 4159 3539 4228 ἀπατήσαντα
3557 4152 3710 4222 τύραν-

1641 4306 1686 4340 ⁸⁰
1724 4307 1887 4377 Greg.
1913 4307 2049 4362 Naz.
2075 4313 2239 4383 epist.
2289 4314 2314 4367 I
2361 4312 2426 4368 ad
2474 4311 2704 4369 Cledon.
2779 4313 2826 4345 ⁸⁸
2867 4311 3031 4385 Greg.
3057 4312 3190 4370 Naz.
3226 4316 3356 4372 ibid.

1801 4471 2038 4528 VARIIE
2075 4473 2478 4533 LECTIONES.

608 4561 625 4597 ί
660 4560 828 4631 Iiegg.
874 4561 928 4621 4,
953 4559 1108 4614 Colb.
1142 4558 1164 4612 I
1196 4567 1250 4613 ει
1273 4559 1340 4614 Ν.
1373 4559 1576 4631 θεόητα

1699 4563 1756 4634 δὲ
1787 4563 1885 4634 τὴν
1934 4566 2249 4623 ὑπόστασιν.

2362 4579 2387 4606 α
2432 4571 2592 4646 Edita
2627 4581 2688 4646 et,
2721 4573 2947 4646 quidam
2982 4572 3302 4646 εοιιίεεείτῇ
3342 4571 3512 4646 σαρκζ.
3535 4563 3709 4646 fliam

533 4629 908 4714 lizi‘benII'ediia
935 4645 1057 4714 qxtaa
1113 4645 1386 4699 nusquam
1423 4629 1623 4702 reperi.
1658 4631 1768 4689 Nec
1791 4629 1936 4704 apud
1972 4635 2314 4708 Vegelinum,
2350 4644 2445 4710 qui
2469 4652 2638 4714 caput
2677 4629 2825 4699 ist'ud
2870 4643 3108 4699 seorsim
3163 4629 3334 4700 edidit
3379 4629 3432 4698 ίιί
3461 4640 3704 4696 Collectan.

536 4715 560 4740 ι
597 4699 772 4770 Vogel.
832 4701 1294 4771 συνυπάρχοντος.

2024 4857 2259 4916 ΝΟΤΛΕ.

2024 4859 2164 4914 ΝΟΤ
2245 4900 2259 4916 .

601 4945 715 5032 (28)
741 4945 1034 5032 Θερτόκοξ·
1067 4943 1136 5032 de}
1163 4945 1516 5032 evpl‘qic.‘De_i
1542 4944 2094 5032 autemﬁen‘itricem.
2131 4859 2484 5032 Dieiiitricis
2535 4957 2964 5032 prserogativam
3033 4959 3437 5032 impugnarant.
3491 4955 3700 5032 Quocirca

533 5013 661 5072 Ilaec
692 5016 878 5070 omnia
902 5016 1107 5084 quibus
1146 5013 1252 5070 non
1289 5013 1578 5073 Nestorius
1614 5017 1800 5078 modo.
1833 5017 2099 5072 Samosa-

532 5098 716 5150 tenus,
745 5094 839 5141 aut
871 5084 1161 5148 Photinus,
1204 5085 1298 5140 sed
1329 5096 1385 5142 et
1424 5086 1716 5154 Basilides,
1755 5086 2100 5154 Valentinus,

533 5157 735 5228 aliique
787 5156 1037 5228 ejusdem
1098 5155 1334 5228 furfuris
1386 5158 1875 5228 perstringuntur,
1906 5157 2104 5213 Noster

531 5227 835 5297 desumpsit
863 5243 929 5281 ex
959 5227 1120 5297 epist.
1150 5227 1175 5279 1
1207 5225 1536 5284 Nazianzeni
1570 5225 2009 5289 acl'Cledonium,
2045 5230 2100 5282 in

530 5312 638 5364 qua
658 5295 1238 5368 _Theologus_'singula
1269 5298 1470 5366 capita,
1502 5297 1708 5368 quibus
1742 5298 1824 5351 vel
1853 5297 2098 5363 Christo,

534 5369 618 5421 vel
657 5365 900 5434 Deiparaa
956 5365 1264 5422 detractum
1316 5365 1472 5432 erat,
1511 5365 1738 5423 totidem
1778 5368 2101 5422 anathema-

533 5437 728 5508 tismis
763 5436 1124 5508 proscripsit,
1179 5448 1238 5491 ut
1281 5437 1612 5508 Apollinarii
1657 5438 2094 5508 obtrectationes

535 5505 874 5584 [vtundereL
928 5505 1061 5560 Nam
1098 5516 1292 5584 praeter
1325 5505 1660 5584 Nestorium
1694 5507 1965 5584 Gnostici,
1997 5509 2093 5584 qui

537 5574 751 5653 Domini
791 5590 1010 5645 corpus,
1044 5574 1130 5632 vel
1169 5593 1198 5633 e
1233 5581 1375 5653 cmlo
1401 5579 1709 5653 delapsum,
1762 5577 1845 5632 vel
1886 5574 2094 5653 exele-

534 5647 732 5694 mentis
776 5655 1150 5715 compactum,
1181 5663 1278 5717 per
1318 5647 1567 5711 Mariam,
1602 5665 1702 5703 ceu
1755 5662 1852 5716 per
1905 5647 2095 5701 tubum

534 5721 922 5779 transmeassc,
966 5731 1066 5771 nec
1107 5734 1172 5772 ex
1214 5718 1332 5787 ipsa
1378 5728 1698 5786 generatum
1732 5717 1958 5783 ﬁnxere,
1997 5717 2090 5771 Dei

2202 5019 2584 5103 'I‘lieodoretus
2614 5019 2860 5103 Deiﬁarw
2898 5019 3224 5103 εοεῃοιιῖρηζ
3253 5019 3701 5103 ρπνηροεωξξφιητ

2199 5091 2401 5168 ditique
2421 5091 2742 5168 susceptum
2771 5099 2868 5158 ait.
2911 5091 3005 5153 lib.
3035 5117 3065 5154 v
3115 5091 3263 5158 Ηαιιο.
3298 5091 3404 5168 [οὐ.
3433 5115 3478 5153 c.
3505 5099 3577 5157 i8.
3600 5091 3704 5168 κέλίτὰ

2197 5161 2298 5242 τῂν
2325 5161 2699 5242 ἀποστολικὴν-
2723 5168 3042 5238 παράδοσιν.
3071 5170 3210 5223 Illud
3239 5161 3607 5242 adhibuit,an_te
3626 5165 3701 5242 Na:

2200 5229 2526 5307 gjatizenum
2546 5229 3100 5307 etChrysoslomum
3136 5229 3628 5307 Athanasiuskpisl:
3653 5229 3700 5281 3"

2203 5301 2406 5380 Epic",
2436 5310 2510 5380 ,ιη
2537 5301 2876 5380 (ὶῖἰῧθιιὲηι.
2930 5310 3180 5380 aliosque
3233 5319 3451 5363 taceam.
3495 5301 3702 5372 Quiuimo

2204 5370 2518 5446 Alexander
2565 5370 3038 5445 Hierapolitanus,
3084 5370 3169 5434 vir
3199 5380 3442 5435 Nesiorio
3489 5370 3697 5446 perquam

2198 5445 2467 5519 addictus,
2504 5445 2736 5519 epistola
2774 5449 2838 5501 ad
2879 5447 3278 5504 'I‘heodnretum
3310 5445 3505 5519 (synml.
3532 5445 3696 5519 Ιτιιιιιειἶ

2176 5528 2251 5592 σς.
2293 5511 2700 5593 ρὸχΐειιείιιειιιιν
2733 5533 2902 5593 verem
2935 5519 3184 5593 οεοτόκος
3212 5511 3505 5593 cat/ioiicam
3529 5513 3696 5593 esse.“

2196 5584 2683 5664 in_[estivitatibus,
2719 5589 2824 5641 sive
2853 5591 3153 5664 prn’eoniis,
3195 5591 3588 5651 incircumspecte
3612 5584 3698 5633 δίκε

2203 5651 2501 5721 adjectione
2529 5651 2939 5723 ttsm'patam'ab
2982 5651 3314 5716 orthodoxis.
