3858 6196
128 319 265 383 1029

1188 318 1283 378 DE
1324 318 1498 378 FIDE
1538 313 2002 376 ORTIIODOXA
2042 315 2166 375 LIB
2216 315 2304 375 III

3240 318 3373 383 Ῑθζὶθ

130 449 235 494 νον,
260 428 360 483 καὶ
383 429 533 483 οὓτω
567 428 666 497 τῆς
700 426 904 497 φθορᾶς
934 426 1297 498 ὲλευὸερωθῇ,
1321 425 1506 490 καθώς
1536 442 1703 496 φησιν

1811 432 1916 479 tem
1946 424 2151 479 idcirco
2192 424 2371 479 induit
2396 424 2463 488 “,
2498 430 2556 478 ut
2602 424 2829 493 ipsamet
2878 433 3072 480 natura
3102 443 3220 496 qua:
3250 446 3377 499 pec.

128 521 304 581 ὀθείος
320 518 667 579 ’Λπόστολος.
689 515 927 584 Ἐπειδὴ
946 515 1019 568 δι’
1039 515 1354 583 ἀνθρώπου
1376 518 1408 569 ὁ
1423 515 1698 580 θάνατος,

1810 524 2050 581 caverat,
2086 516 2490 595 cecideratque,
2530 522 2585 570 et
2618 526 2877 586 corrupta
2912 525 3049 581 erat,
3080 525 3374 589 tyrannum

129 612 223 665 καί
249 610 326 664 δι’
356 610 674 677 ἀνθρώπου
697 606 1035 673 ἀνάστασις
1061 605 1309 675 νεκρῶνο
1335 607 1384 659 εί
1407 606 1468 659 τὸ
1494 604 1706 675 πρῶτον

1811 604 1901 677 qui
1933 619 1993 661 se
2022 606 2338 676 deceperat,
2382 614 2689 675 superaret,
2738 608 2927 678 sicque
2959 624 2987 661 a
3020 613 3379 679 corruptione

128 701 323 771 ἀληθὲς
351 710 405 764 1,
439 700 537 753 καὶ
562 698 623 752 τὸ
654 699 927 767 δεύτερον.

126 808 214 861 per
246 792 517 845 hominem
545 805 709 853 mors,
736 798 782 842 et
812 804 904 854 per
933 786 1195 841 hominem
1218 786 1533 842 resurrectio
1568 793 1898 840 mortuorum
1938 786 2005 841 ".
2038 783 2096 841 Si
2138 786 2374 857 primum
2441 786 2577 841 illud
2621 802 2748 842 vere
2815 788 3047 855 exstitit,

120 882 455 939 secundum.

190 974 254 1026 Εί
275 973 336 1025 δὲ
360 970 459 1025 οιαὶ
480 969 659 1039 λέγει·
702 970 764 1023 ’0
797 967 1027 1037 πρῶτος
1061 977 1083 1006 ³
1131 968 1314 1038 Ἀδὰμ
1348 968 1460 1039 (9.9)
1487 968 1555 1022 ἐκ
1591 965 1700 1036 γῆς

126 1060 355 1129 χοΐκύς,
394 1063 426 1113 ό
466 1058 536 1112 δὲ
576 1058 858 1126 δεύτερος
894 1057 1088 1127 Ἀδὰμ,
1116 1060 1148 1111 ό
1175 1059 1392 1126 Κύριος
1418 1058 1487 1121 ἐξ
1525 1059 1704 1125 οὐρα-

124 1152 253 1214 νοῦ,
287 1151 356 1204 οὐ
392 1151 454 1204 τὸ
491 1150 656 1220 σῶμά
684 1166 851 1219 φησιν
884 1151 941 1216 ἐξ
980 1149 1234 1219 οὐρανοῦ,
1270 1149 1408 1203 ἀλλὰ
1437 1149 1596 1219 δῆλον
1629 1148 1706 1212 ὼς

125 1245 184 1299 οὐ
210 1244 376 1313 ψιλὸς
410 1242 701 1314 ἄνθρωπός
730 1244 902 1296 ἐστιν.
939 1242 1068 1296 Ἰδοὺ
1091 1242 1200 1313 γὰρ
1221 1243 1316 1295 καὶ
1344 1241 1515 1311 Ἀδὰμ
1543 1242 1707 1295 αὐτὸν

128 1336 413 1405 ὠνόμασε,
445 1334 542 1388 καὶ
576 1334 803 1402 Κύριον,
842 1333 902 1386 τὸ
930 1335 1358 1404 συναμφότερον
1402 1333 1703 1404 σημαίνων.

139 1426 309 1496 Ἀδὰμ
346 1427 450 1495 μὲν
490 1425 598 1494 γὰρ
652 1425 1014 1496 ἑρμηνεύεται
1052 1425 1346 1495 γηγενής-ο
1378 1425 1619 1494 γηγενὴς
1651 1425 1708 1477 δὲ

126 1516 287 1588 δῆλον
320 1520 408 1569 ὅτι
463 1516 616 1568 ἐστὶν
646 1516 680 1586 ἡ
714 1516 810 1568 τοῦ
854 1515 1143 1586 ἀνθρώπου
1195 1515 1377 1586 φύσις,
1407 1517 1441 1584 ἡ
1487 1516 1550 1567 ὲκ
1588 1514 1711 1583 χοὸς

129 1609 437 1663 πλασθεὴα
458 1624 474 1639 ·
505 1607 563 1661 τὸ
594 1608 807 1677 Κύριος
832 1607 911 1672 δὲ,
942 1606 1044 1678 τῆς
1074 1606 1223 1672 θείας
1241 1606 1430 1669 οὐσίας
1457 1606 1575 1659 ἐστὶ
1600 1621 1707 1658 πα-

133 1699 489 1770 ραστατικόν.
1284 1706 1287 1713 ’

193 1883 369 1937 Πάλιν
409 1882 468 1936 δέ
507 1900 675 1953 φησιν
712 1885 739 1936 6
793 1882 1115 1947 ’Δπόστολος
1138 1898 1152 1914 θ
1196 1882 1631 1947 ἐξαπέστειλεν
1674 1886 1705 1937 ό

132 1976 273 2040 Θεὸς
293 1975 408 2027 τὸν
446 1975 585 2027 Υιὸν
614 1975 802 2030 αὐτοῦ
831 1975 939 2028 τὸν
947 1974 1272 2045 μονογενῆ,
1295 1977 1620 2045 γενόμενον
1639 1976 1707 2029 ἐκ

134 2063 434 2128 γυναικός.
474 2063 587 2114 Οὐκ
619 2058 761 2129 εἷπε,
791 2061 889 2116 διὰ
916 2068 1225 2131 γυναικός,
1267 2064 1384 2116 ἀλλ’
1412 2065 1481 2118 ἐκ
1502 2082 1707 2133 γυναι-

136 2155 251 2220 κός.
292 2154 604 2224 Ἐσήμανεν
656 2151 751 2208 οὖν
789 2156 817 2207 6
866 2155 1009 2218 θεῖος
1066 2156 1407 2220 Ἀπόστολος,
1438 2155 1515 2217 ὡς
1545 2155 1707 2217 αὑτός

138 2248 278 2299 ἐστιν
312 2248 343 2299 6
385 2246 680 2316 μονογενὴς
710 2247 837 2310 Υἱὸς
871 2246 964 2300 τοῦ
997 2246 1132 2299 Θεοῦ
1158 2247 1253 2301 καὶ
1289 2247 1441 2310 Θεὸς,
1464 2250 1491 2301 ὁ
1512 2249 1576 2300 ἐκ
1609 2248 1707 2317 τῆς

145 2336 420 2407 Παρθένου
446 2338 736 2408 γενόμενος
761 2338 1071 2410 ἄνθρωπος,
1097 2340 1189 2393 καὶ
1226 2339 1553 2402 αὐτόςὲστιν
1581 2341 1609 2392 6
1643 2340 1707 2393 ἐκ

144 2429 233 2497 τῆς
263 2430 542 2501 Παρθένου
582 2430 886 2501 γεννηθεὶς,
920 2433 948 2483 6
984 2432 1112 2495 Υίὸς
1148 2430 1244 2485 τοῦ
1270 2433 1405 2487 Θεοῦ
1422 2434 1521 2487 καὶ
1541 2432 1703 2496 Θεός-·

147 2524 418 2591 γεννηθεὶς
455 2523 513 2576 δὲ
556 2523 912 2593 σωματικῶς,
959 2524 1097 2578 καθὸ
1141 2525 1366 2594 γέγονεν
1398 2525 1705 2597 ἄνθρωπος,

148 2614 201 2665 οὐ
235 2613 731 2683 προδιαπλασθέντι
759 2615 1031 2687 ἀνθρώπῳ
1061 2618 1368 2687 ὲνοικήσας,
1394 2618 1469 2682 ὡς
1494 2620 1552 2671 ἐν
1576 2636 1709 2689 προ-

152 2704 305 2774 φήτῃ,
344 2703 462 2755 ἀλλ’
496 2703 658 2766 αὐτὸς
706 2703 981 2768 οὐσιωδῶς
1028 2706 1118 2758 καὶ
1154 2705 1371 2777 ἀληθῶς
1417 2708 1709 2777 γενόμενος

152 2793 437 2865 ἄνθρωπος,
494 2796 613 2865 ἦτοι
646 2796 705 2849 ὲν
750 2799 815 2868 τῇ
877 2798 1171 2852 ὑποστάσει
1218 2796 1383 2852 αὐτοῦ
1426 2797 1709 2868 ὲψυχωμέ-

152 2900 237 2950 νην
267 2896 291 2923 ι
325 2886 501 2955 σάρκα
534 2886 680 2957 ψυχῇ
720 2887 914 2958 λογικῇ
954 2906 1012 2941 τε
1044 2889 1137 2941 καὶ
1175 2890 1338 2959 νοερᾷ
1369 2887 1704 2957 ὑποστήσας,

154 2973 236 3025 καὶ
269 2976 426 3039 αὐτὸς
454 2977 700 3045 γεγονὼς
745 2978 882 3048 αὐτῇ
925 2979 1243 3041 ὑπόστασις.
1278 2977 1448 3030 Τοῦτο
1470 2980 1579 3048 γὰρ
1611 2995 1708 3048 ση-

156 3065 316 3133 μαίνει
344 3066 423 3131 τὸ,
467 3068 797 3137 γενόμενον
847 3070 917 3123 ἐκ
967 3070 1254 3139 γυναικός
1278 3086 1292 3100 ’
1346 3069 1461 3132 πῶς
1499 3068 1607 3140 γὰρ
1642 3069 1707 3122 ἂν

1812 695 2207 762 vindicaretur,
2264 704 2324 750 ut
2356 696 2578 751 divinus
2620 696 2919 766 Apostolus
2963 699 3041 751 ait
3075 715 3087 750 :
3118 699 3378 764 Quoniam

3134 804 3265 845 sane
3326 800 3381 843 ct

1868 960 1917 994 "
1946 958 2063 1016 Etsi
2108 967 2286 1015 autem
2337 960 2424 1016 his
2479 961 2658 1020 verbis
2694 963 2889 1027 utitur,
2942 962 3155 1019 Primus
3209 967 3380 1021 Adam

1801 1055 1865 1107 de
1905 1062 2069 1116 terra,
2140 1064 2395 1117 terrenus,
2456 1053 2716 1107 secundus
2773 1054 2971 1119 Adam,
3022 1057 3276 1112 Dominus
3318 1064 3381 1115 de

1801 1140 1929 1197 cwlo
1954 1142 2024 1206 ³⁵,
2070 1154 2179 1195 ιιοη
2211 1141 2412 1205 innuit,
2444 1155 2645 1211 corpus
2686 1142 2808 1211 ejus
2842 1143 2911 1199 de
2940 1146 3084 1200 coelo
3134 1147 3380 1212 lluxisse,

1800 1233 1898 1291 sed
1934 1248 2059 1287 eum
2092 1232 2297 1286 nudum
2328 1232 2601 1286 hominem
2634 1248 2741 1287 non
2775 1249 2897 1289 esse
2926 1239 3186 1292 ostendit.
3221 1238 3377 1301 Nam,

1803 1333 1862 1378 ut
1918 1322 2089 1386 vides,
2143 1331 2195 1377 et
2228 1321 2519 1386 Adamuin,
2574 1333 2629 1378 et
2688 1322 3002 1390 Dominum,
3039 1328 3197 1398 223
3254 1347 3379 1385 eum

1807 1414 2128 1485 appellavit,
2194 1425 2489 1485 ntrmnque
2547 1416 2709 1471 simul
2781 1416 3053 1475 indicans.
3140 1423 3382 1477 AliatllUS

1807 1508 2008 1578 quippe
2044 1509 2359 1578 terrigenam
2390 1514 2572 1562 sonat.
2606 1508 2801 1578 Liquet
2831 1519 3012 1565 autem
3046 1513 3379 1583 terrigenam

1804 1614 1929 1655 esse
1976 1600 2219 1655 hominis
2268 1611 2541 1664 naturam,
2588 1608 2645 1652 ut
2704 1616 2825 1669 quae
2880 1619 2943 1656 ex
3004 1610 3150 1657 terra
3207 1604 3382 1659 eliicta

1806 1690 1900 1746 sit.
1937 1691 2151 1747 Domini
2202 1702 2385 1747 autem
2425 1690 2781 1759 vocabulum,
2838 1692 3081 1748 divinam
3127 1706 3383 1750 naturam

1805 1779 2070 1835 declarat.

1737 1852 1780 1908 Β
1881 1871 1960 1925 Ac
1989 1886 2186 1927 rursus
2240 1872 2311 1928 ita
2357 1873 2604 1945 loquitur
2650 1875 3201 1947 Apostolus":.ilisit
3242 1875 3382 1929 Deus

1809 1962 2013 2017 Filium
2063 1980 2218 2019 suum
2267 1968 2597 2037 unigenitum
2625 1969 2826 2037 factum
2868 1984 2933 2023 ea:
2979 1970 3214 2022 muliere.
3261 1967 3382 2023 Non

1808 2054 1967 2118 dixit,
2020 2071 2113 2124 per
2162 2056 2457 2124 mulierem,
2516 2060 2635 2127 sed,
2694 2075 2759 2114 ea;
2812 2060 3048 2114 muliere.
3110 2060 3383 2125 Quocirca

1809 2147 2146 2218 signiﬁcavit
2186 2164 2310 2203 eum
2364 2150 2542 2220 ipsum
2589 2166 2713 2207 esse
2763 2152 3105 2222 unigenitum
3149 2151 3245 2207 Dei
3292 2151 3384 2205 Fi-

1810 2244 1943 2299 lium
1989 2258 2053 2298 ac
2086 2243 2282 2307 Deum,
2316 2247 2409 2315 qui
2436 2262 2499 2301 ex
2531 2246 2755 2317 Virgine
2800 2248 2980 2304 lactus
3037 2256 3124 2303 est
3169 2247 3335 2301 homo
3369 2264 3381 2302 :

1809 2346 1975 2408 atque
2005 2338 2135 2394 item
2183 2354 2307 2395 eum
2355 2341 2534 2410 ipsum
2590 2356 2657 2396 ex
2707 2339 2932 2411 Virgine
2964 2341 3205 2411 genitum
3239 2355 3385 2405 esse,

1809 2428 1903 2500 qui
1938 2427 2030 2483 Dei
2074 2428 2249 2485 Filius
2300 2444 2363 2483 ac
2406 2429 2552 2485 Deus
2600 2438 2709 2486 est.
2750 2430 3006 2485 Genitum
3057 2445 3220 2500 porro
3256 2445 3386 2485 cor-

1808 2534 1977 2590 poreo
2012 2520 2192 2587 modo,
2216 2536 2323 2590 qua
2365 2521 2578 2576 scilicet
2603 2522 2817 2577 ratione
2850 2522 3015 2576 homo
3047 2521 3226 2576 lactus
3258 2532 3341 2577 est
3368 2542 3381 2577 :

1810 2610 1885 2665 ita
1937 2610 2220 2675 nimirum,
2272 2618 2331 2665 ut
2391 2627 2500 2666 non
2541 2612 2595 2666 in
2656 2612 2877 2667 homine
2934 2613 3090 2683 prius
3140 2614 3385 2679 condito,

1808 2710 2071 2772 tanquam
2107 2704 2163 2758 in
2197 2703 2460 2773 propheta
2507 2704 2862 2768 habitaverit,
2889 2720 3080 2760 verum
3108 2705 3228 2774 ipse
3253 2708 3386 2759 sub-

1810 2794 2146 2848 stantialiter
2196 2780 2259 2850 ac
2311 2811 2438 2849 vere
2486 2795 2664 2851 lactus
2707 2798 2781 2852 sit
2816 2797 3019 2858 homo;
3056 2796 3159 2849 hoc
3187 2805 3293 2859 est,
3330 2797 3385 2849 in

1810 2900 1910 2940 sua
1964 2886 2245 2957 hypostasi
2297 2902 2523 2942 carnem
2578 2890 2762 2942 anima
2802 2888 3059 2943 rationali
3092 2897 3148 2943 et
3177 2888 3385 2941 intelli-

1809 2983 1969 3045 gente
2026 2978 2323 3031 animatam
2372 2978 2627 3034 substare
2686 2978 2896 3043 fecerit,
2937 2982 3180 3049 seipsum
3236 2978 3385 3033 illius

1811 3067 2063 3136 praebens
2098 3068 2460 3138 hypostasim.
2520 3067 2672 3124 Hane
2725 3070 2871 3125 enim
2926 3070 3383 3140 signiﬁcationem

151 3158 297 3221 αὐτὸς
320 3162 349 3211 6
386 3159 481 3212 τοῦ
510 3160 647 3213 Θεοῦ
676 3161 847 3230 Λόγος
902 3162 1008 3215 ὑπὸ
1061 3162 1224 3231 νόμον
1252 3162 1498 3232 γέγονεν,
1542 3165 1591 3215 ei
1631 3164 1705 3234 μὴ

1811 3144 1972 3213 habet
2019 3158 2176 3220 illud,
2223 3158 2428 3227 factum
2492 3175 2556 3213 ea:
2624 3160 2861 3215 muliere.
2919 3161 3053 3216 Nam
3104 3178 3213 3231 quo
3271 3170 3387 3217 tan-

150 3243 415 3319 ἄνθρωπος
457 3252 592 3321 ημῖν
614 3252 902 3321 ὀμοούσιος
928 3252 1171 3323 γέγονεν.

204 3524 367 3577 Ὅθεν
403 3524 634 3586 δικαίως
675 3524 770 3578 καὶ
801 3524 1019 3596 ἀληθῶς
1041 3526 1304 3581 Θεοτόκον
1339 3528 1438 3600 τὴν
1480 3528 1646 3597 ἁγίαν
1678 3531 1704 3570 δ

140 3617 350 3685 Μαρίαν
394 3616 775 3685 ὀνομάζομεν
814 3617 972 3670 τοῦτο
1000 3619 1109 3687 γὰρ
1140 3619 1200 3671 τὸ
1239 3619 1410 3690 ὄνομα
1447 3620 1594 3675 ἅπαν
1646 3620 1707 3673 τὸ

138 3709 434 3778 μυστήριον
470 3708 571 3778 τῆς
604 3709 924 3778 οἰκονομίας
954 3710 1257 3781 συνίστησι.
1292 3712 1355 3765 Εἰ
1387 3713 1495 3783 γὰρ
1526 3714 1708 3767 6501:6-

135 3813 221 3859 κος
248 3800 280 3867 ἡ
307 3798 645 3868 γεννήσασα,
698 3800 918 3863 πάντως
951 3800 1083 3864 Θεὸς
1106 3804 1134 3854 6
1192 3801 1251 3866 ἐξ
1297 3802 1471 3871 αὐτῆς
1511 3820 1708 3875 γεννη-

134 3886 255 3947 Θεὶς,
294 3886 519 3949 πάντως
548 3887 605 3940 δὲ
642 3890 735 3941 καὶ
769 3889 1078 3959 ἄνθρωπος.
1112 3889 1233 3953 Πῶς
1273 3890 1383 3962 γὰρ
1415 3891 1481 3949 ἂν
1510 3893 1574 3944 ὲκ
1611 3909 1708 3959 γυ-

129 3978 315 4039 ναικὸς
369 3977 660 4048 γεννηθείη
712 3979 873 4043 Θεὸς,
932 3981 961 4032 6
1013 3980 1118 4049 πρὸ
1151 3980 1364 4033 αἰώνων
1420 3980 1559 4051 ἔχων
1606 3983 1707 4055 τὴν

129 4068 388 4137 ὕπαρξιν,
423 4070 473 4120 εἰ
506 4070 581 4141 μὴ
614 4069 901 4141 ἄνθρωπος
932 4071 1192 4139 γέγονεν;
1233 4072 1291 4125 '0
1324 4072 1430 4144 γὰρ
1461 4071 1590 4135 Υἱὸς
1613 4074 1708 4127 ἁν-

124 4157 374 4228 θρώπου,
402 4160 690 4229 ἄνθρωπος
716 4161 980 4231 δηλονότι.
1011 4162 1071 4215 Εἰ
1104 4161 1159 4215 δὲ
1190 4162 1351 4226 αὐτὸς
1372 4165 1399 4216 6
1425 4163 1709 4236 γεννηθεὶς

122 4250 188 4301 ὲκ
210 4250 481 4319 γυναικὸς
512 4253 645 4314 Θεός
675 4255 845 4316 ἐστιν,
880 4248 960 4317 εἷς
981 4255 1095 4306 ἐστι
1135 4253 1379 4325 δηλονότι
1405 4257 1432 4308 6
1465 4258 1529 4308 ὲκ
1571 4254 1707 4309 Θεοῦ

126 4344 346 4413 Ila-:96;
369 4345 653 4414 γεννηθεὶς
698 4348 841 4399 κατὰ
870 4345 969 4415 τὴν
999 4344 1152 4399 θείαν
1193 4348 1292 4400 καὶ
1336 4348 1575 4419 ἄναρχον
1618 4349 1709 4401 0")-

123 4432 271 4497 σίαν,
296 4435 392 4486 καὶ
427 4435 513 4487 ἐπ’
546 4436 793 4506 ἐσχάτων
817 4437 927 4490 τῶν
953 4439 1161 4508 χρόνων
1200 4440 1263 4491 ὲκ
1294 4439 1393 4508 τῆς
1428 4438 1707 4510 Παρθένου

1806 3249 1929 3304 dem
1985 3259 2144 3318 pacto
2198 3250 2493 3320 ipsunimet
2550 3250 2647 3307 Dei
2707 3251 2946 3307 Verbum
2990 3254 3094 3309 sub
3136 3255 3253 3325 lege
3302 3255 3383 3307 la-

1807 3348 1956 3396 etum
1993 3350 2167 3405 esset,
2200 3342 2310 3396 nisi
2353 3342 2517 3397 homo
2548 3342 2793 3412 ejusdem
2827 3359 2891 3399 ac
2916 3361 3019 3401 nos
3053 3345 3385 3401 substantia:

1808 3432 2152 3488 exstitisset?

1880 3521 1977 3576 Dei
2011 3522 2293 3577 Genitricis
2334 3540 2540 3587 nomen,
2578 3536 2747 3580 totum
2784 3528 3089 3598 mysterium
3123 3528 3382 3582 declarat.

1806 3644 1878 3656 —-
1907 3614 2099 3670 Merito
2148 3616 2317 3685 igitur
2342 3626 2396 3670 et
2432 3632 2561 3671 vere
2598 3626 2849 3673 sanctam
2895 3619 3124 3673 Mariam
3187 3619 3381 3688 Deipa-

1808 3720 1925 3759 ram
1987 3706 2349 3774 appellamus.
2410 3704 2523 3759 lloc
2554 3708 2701 3761 enim
2753 3723 2950 3762 nomen
2992 3717 3165 3761 totum
3202 3710 3383 3762 incar—

1811 3794 2051 3848 nationis
2096 3796 2421 3865 mysterium
2475 3797 2699 3848 astruit.
2745 3796 2905 3861 Nam,
2958 3800 3003 3851 si
3068 3797 3158 3850 Dei
3209 3800 3385 3851 Mater

1807 3895 2052 3954 estquae
2097 3886 2309 3955 genuit,
2370 3884 2619 3953 proiecto
2678 3884 2821 3941 Deus
2873 3896 2956 3940 est
3005 3888 3096 3956 qui
3153 3904 3217 3941 ex
3268 3889 3383 3956 ipsa

1809 3978 2029 4048 genitus
2060 3983 2144 4032 est
2177 3995 2190 4030 :
2243 3974 2493 4044 profecto
2530 3976 2700 4030 etiam
2754 3977 2935 4031 homo.
2970 3975 3103 4030 Nam
3147 3978 3239 4045 qui
3270 3979 3385 4032 ﬁeri

1809 4068 2100 4140 potuisset,
2151 4077 2214 4121 ut
2246 4066 2411 4129 Deus,
2440 4066 2533 4135 qui
2588 4074 2714 4120 ante
2759 4066 2958 4121 saecula
2986 4068 3258 4128 exstabat,
3318 4083 3382 4120 ex

1809 4160 2044 4216 muliere
2084 4166 2429 4218 nasceretur,
2486 4157 2589 4211 nisi
2623 4158 2789 4210 homo
2845 4157 3024 4212 laetus
3063 4158 3251 4212 esset?
3284 4158 3385 4224 Qui

1808 4252 1955 4307 enim
2007 4250 2152 4305 ﬁlius
2180 4258 2263 4305 est
2303 4249 2568 4315 hominis,
2606 4249 2767 4303 homo
2815 4250 2978 4303 etiam
3030 4251 3147 4319 ipse
3194 4250 3267 4304 sit
3294 4264 3387 4305 ne-

1809 4358 2028 4399 cessum
2067 4348 2171 4395 est.
2216 4339 2371 4406 Quod
2423 4340 2468 4394 si
2511 4340 2601 4394 ille
2634 4338 2751 4409 ipse
2779 4340 2872 4409 qui
2909 4356 2974 4394 ex
3028 4340 3258 4395 muliere
3293 4356 3389 4394 na-

1810 4445 1902 4491 tus
1932 4441 2039 4498 est,
2080 4432 2224 4487 Deus
2251 4440 2357 4495 est,
2406 4448 2550 4487 unus
2588 4432 2781 4501 procul
2836 4432 3005 4486 dubio
3051 4442 3215 4501 atque
3245 4432 3385 4485 idem

124 4524 340 4593 τεχθεὶς
374 4526 517 4577 κατὰ
541 4526 640 4597 τὴν
672 4528 958 4598 ἠργμένην
987 4530 1081 4582 καὶ
1127 4530 1231 4583 ὑπὸ
1261 4530 1454 4601 χρόνον
1492 4531 1706 4592 οὐσίαν,

1812 4535 1915 4589 est,
1952 4526 2043 4596 qui
2076 4540 2142 4578 ex
2189 4524 2301 4578 Deo
2346 4522 2512 4578 Patre
2560 4525 2781 4593 genitus
2821 4532 2926 4589 est,
2964 4524 3108 4594 quod
3147 4523 3210 4576 ad
3252 4524 3388 4576 divi—

123 4614 242 4683 ᾕτοι
263 4614 372 4683 τὴν
398 4615 767 4687 ἀνθρωπίνην.
802 4617 973 4670 Τοῦτο
997 4618 1053 4671 δὲ
1087 4618 1215 4689 μίαν
1250 4619 1575 4683 ὑπόστασιν,
1616 4620 1709 4673 καὶ

228 4755 272 4787 ’¹
315 4754 419 4809 lnl'.
454 4771 574 4826 cap.
611 4758 694 4811 18.
784 4759 829 4791 θ’
864 4757 883 4811 Ι
914 4756 1040 4813 Cor.
1076 4774 1167 4825 xv,
1198 4758 1289 4815 2i.

1387 4758 1434 4791 ⁸³
1463 4756 1626 4829 Grcg.
1664 4757 1799 4813 Naz.
1826 4756 1962 4811 ibid.

1818 4632 1945 4671 nam
1987 4624 2041 4670 et
2084 4614 2231 4669 initii
2285 4622 2565 4683 expertem
2614 4612 2979 4669 substantiam
3009 4614 3227 4676 attinet,
3262 4613 3385 4682 qui-

2070 4753 2118 4787 ”
2150 4752 2167 4806 l
2194 4751 2322 4807 Cor.
2357 4768 2445 4817 xv,
2478 4751 2569 4805 47.
2646 4752 2692 4783 ³⁸
2738 4745 2917 4805 Calat.
2944 4766 3020 4817 tv,
3053 4749 3104 4803 4.

1420 4889 1658 4944 VAle
1698 4886 2107 4944 LECTIO‘NES.

200 5032 234 5096 ζ
258 5021 413 5075 Edita
448 5020 684 5096 ἀληθῶς.
710 5076 729 5090 ,
766 5031 786 5058 ι
815 5020 996 5093 Vegel.
1036 5023 1124 5079 hic
1154 5032 1206 5078 et
1240 5024 1383 5079 infra
1418 5024 1727 5096 ἄνθρωπος,
1755 5034 1815 5080 ιιι
1837 5024 1855 5078 1
1879 5026 1944 5081 ad
1986 5026 2113 5082 Cor.
2168 5042 2258 5093 xv,
2310 5023 2401 5089 47,
2453 5023 2703 5095 legimus.
2782 5035 2807 5064 α
2840 5022 2921 5076 Al.
2982 5022 3385 5094 ὲμψυχομένην.

1644 5161 1871 5217 NOTAE.

140 5095 165 5135 δ
195 5092 382 5164 Vegel.
413 5093 707 5158 παναγίαν.

206 5252 319 5323 (29)
359 5254 425 5323 Ὀ
461 5250 694 5321 πρῶτος
728 5249 921 5318 Ἀδάμ.
958 5250 1192 5323 _Primus
1242 5250 1454 5323 Atiam,
1502 5262 1609 5323 etc.
1652 5253 1709 5307 In

139 5321 323 5378 Dibliis
352 5322 558 5379 Gra'cts
606 5322 837 5390 legimus
863 5324 877 5374 ι
907 5321 972 5373 ad
1004 5323 1129 5375 (lor.
1163 5336 1250 5381 xv,
1280 5321 1344 5375 7:
1388 5324 1441 5373 Ὀ
1480 5321 1712 5389 πρῶτος

140 5398 448 5461 ἅνθρωπος
479 5394 547 5446 ἐκ
579 5391 713 5462 γῆς,
750 5391 982 5462 χοϊιςός·
1016 5394 1048 5462 ό
1082 5390 1360 5462 δεύζερος
1394 5392 1711 5459 ἄνθρωπος

142 5465 203 5527 ἐξ
232 5459 515 5531 οὐρανοῦ,
542 5459 841 5530 οὐράνιος.
866 5461 921 5513 in
948 5461 1180 5531 vulgatis
1208 5459 1416 5516 Latinis
1445 5480 1458 5516 :
1492 5462 1707 5517 Primus

142 5530 381 5588 homo’de
427 5544 594 5596 terra,
642 5543 881 5585 terrenus
914 5547 931 5591 ;
968 5530 1227 5584 secundus
1270 5531 1424 5586 homo
1459 5535 1521 5586 de
1553 5535 1703 5597 cmlo,

144 5606 375 5657 calcatis.
409 5603 485 5658 Ex
518 5606 622 5656 hoc
664 5603 787 5656 loco
832 5601 1101 5655 inferebat
1131 5602 1509 5669 Apollinarius
1542 5604 1704 5657 Chri-

148 5685 277 5728 stum
337 5691 445 5729 non
476 5673 729 5741 eamdem
779 5681 945 5741 atque
984 5673 1252 5725 Adamum
1300 5682 1551 5727 naturain
1605 5675 1701 5727 lia-

152 5746 337 5809 buisse,
374 5761 537 5816 quem
573 5740 896 5813 Nysscnus’,
938 5760 990 5795 n.
1044 5743 1130 5806 Η,
1160 5743 1309 5798 nullo
1365 5746 1585 5815 negotio
1631 5760 1695 5799 ex

1811 5255 2283 5327 subsequentibus
2319 5256 2443 5311 istis
2490 5257 2674 5312 verbis
2712 5257 2989 5322 coniutat,
3027 5256 3200 5327 qualis
3235 5256 3387 5309 coale-

1808 5326 1930 5397 stis,
1973 5328 2107 5379 tales
2158 5336 2206 5380 et
2235 5328 2501 5391 cwlcstes,
2552 5338 2607 5381 ut
2647 5327 3095 5397 quandoquidem
3137 5329 3388 5381 emlestes

1808 5396 2061 5450 homines
2119 5398 2345 5452 alterius
2398 5398 2619 5466 generis
2667 5396 2904 5453 mentem
2955 5406 3008 5451 et
3049 5406 3303 5450 naturam
3357 5414 3387 5449 a

1806 5467 2019 5520 cieteris
2057 5467 2373 5521 hominibus
2425 5482 2533 5518 non
2583 5468 2809 5530 habent,
2849 5470 2930 5523 sic
2959 5483 3181 5537 quoque
3224 5466 3384 5521 Chri—

1806 5544 1944 5608 stus.
1990 5537 2151 5590 l’lura
2213 5537 2383 5590 videri
2418 5546 2653 5605 possunt
2706 5540 2852 5608 apud
2904 5539 3273 5591 Athanasium
3332 5538 3383 5589 iu

1812 5606 1965 5661 libris
1988 5608 2357 5679 contraihnnc
2399 5606 2817 5675 Ιιεωοιίωιιιιίῌ
2853 5610 2994 5679 apud
3026 5608 3386 5679 Tlieologum,

1811 5679 1973 5746 epist.
2016 5679 2036 5731 l
2077 5677 2141 5730 ad
2179 5678 2402 5730 Clrdon.
