3996 6212
379 283 520 352 1033
1441 281 1540 343 DE
1577 281 1759 344 FIDE
1784 281 2249 345 ORTHODOXA
2285 285 2436 345 LIB.
2472 286 2588 348 III.

377 404 561 475 primo
618 407 743 457 ortu
813 404 1113 472 utrumque
1176 397 1391 456 exstitit
1444 418 1458 455 :
1523 400 1783 470 quoniam
1828 415 1858 454 a
1915 402 2235 471 primordiis
2273 402 2659 473 conecptionis
2728 402 2784 457 in
2848 403 2969 474 ipso
3033 404 3213 464 Verbo
3268 410 3647 467 exsistentiam

379 496 1083 566 babuit.Quoeirea,quod
1136 504 1479 565 assumptum
1515 494 1619 551 fuit
1650 504 1845 566 suapte
1890 497 2109 566 quidem
2161 506 2357 552 natura
2386 498 2687 552 humanum
2727 507 2836 562 est,
2886 499 2980 553 Dei
3035 510 3219 555 autem
3294 513 3348 557 et
3398 504 3646 560 divinum

378 585 793 657 superuaturali
836 585 1076 654 quodam
1138 584 1323 641 modo.
1356 584 1501 649 Quin
1552 586 1805 641 animatae
1838 588 2057 656 quidem
2098 589 2285 642 carnis
2340 589 2706 658 proprietates
2754 590 2986 644 habuit:
3024 608 3121 647 eas
3160 593 3306 645 enim
3361 596 3651 665 dispensa—

378 679 554 740 tionis
600 692 717 733 suae
751 675 972 730 ratione
1046 674 1283 729 Verbum
1350 676 1618 744 suscepit,
1651 691 1772 745 quae
1801 677 2105 730 secundum
2151 678 2423 732 naturalis
2476 688 2653 733 motus
2711 678 2961 734 ordinem
3000 695 3128 735 vere
3182 684 3462 737 naturales
3496 694 3645 739 sunt.

3495 296 3634 358 1034

880 767 1133 819 ΚΕΦΑΛ.
1179 763 1256 817 ιιν
1297 764 1470 837 [NZ'].

623 858 767 926 Περὶ
804 856 1133 926 ἰδιωμάτων
1158 856 1279 909 τῶν
1318 856 1427 911 δύο
1457 858 1721 925 φύσεων.

452 951 676 1005 Τέλειον
713 951 773 1003 δὲ
818 947 953 1002 Θεὸν
999 946 1397 1016 ὁμολογοῦντες
1426 948 1519 1000 τὸν
1552 949 1714 1001 αὐτὸν
1760 947 1965 1018 Κύριον

380 1045 546 1116 ἡμῶν
583 1041 794 1113 Ἰησοῦν
834 1039 1093 1110 Χριστὸν,
1128 1040 1222 1094 καὶ
1264 1039 1475 1092 τέλειον
1516 1039 1825 1111 ἄνθρωπον,
1865 1058 1969 1109 φα-

386 1136 489 1207 μὲν
511 1135 605 1189 τὸν
628 1134 791 1188 αὐτὸν
827 1132 1007 1186 πάντα
1042 1131 1190 1201 ἔχειν
1235 1132 1337 1183 ὅσα
1362 1133 1391 1184 6
1426 1132 1639 1201 Πατὴρ,
1684 1131 1823 1200 πλὴν
1868 1131 1972 1200 τῆς

382 1222 747 1298 ἆγεννησίας·
778 1224 874 1278 καὶ
900 1224 1079 1278 πάντα
1114 1223 1258 1293 ἔχειν
1280 1223 1381 1276 ὅσα
1412 1224 1441 1276 6
1477 1222 1649 1293 Ἀδὰμ
1676 1226 1703 1276 6
1731 1222 1967 1294 πρῶτος,

384 1320 513 1390 δίχα
559 1318 728 1389 μόνης
774 1317 874 1386 τῆς
927 1316 1238 1387 ἁμαρτίας*
1287 1315 1445 1369 ἅτινά
1497 1316 1616 1369 ἐστι
1675 1315 1835 1384 σῶμα
1877 1316 1972 1367 καὶ

385 1411 534 1481 ψυχὴ
561 1410 753 1479 λογική
788 1426 850 1462 τε
886 1409 982 1463 καὶ
1008 1408 1176 1479 νοερά
1250 1408 1394 1478 ἔχειν
1424 1408 1480 1461 δὲ
1512 1408 1676 1461 αὐτὸν
1698 1409 1968 1478 καταλλή-

388 1500 498 1561 λως
530 1501 650 1561 ταῖς
678 1497 773 1551 δύο
806 1498 1025 1565 φύσεσι,
1057 1496 1223 1550 διπλᾶ
1259 1497 1328 1550 τὰ
1359 1496 1469 1549 τῶν
1500 1496 1593 1550 δύο
1620 1496 1838 1564 φύσεων
1869 1515 1970 1566 φυο

391 1591 559 1645 σικά·
609 1589 706 1644 δύο
737 1589 985 1660 Θελήσεις
1011 1587 1270 1657 φυσικὰς,
1311 1590 1410 1658 τήν
1449 1605 1508 1641 τε
1555 1588 1706 1641 Θείαν
1738 1590 1830 1643 καὶ
1873 1589 1973 1660 τὴν

388 1683 775 1754 ἀνθρωπίνην,
820 1682 917 1735 καὶ
960 1680 1243 1752 ἐνεργείας
1271 1680 1365 1734 δύο
1410 1682 1672 1750 φυσικὰς,
1721 1681 1871 1735 θείαν
1913 1699 1971 1736 τε

388 1775 486 1829 καὶ
515 1773 887 1845 ἀνθρωπίνην,
930 1772 1027 1826 καὶ
1059 1771 1388 1836 αὐτεξούσια
1430 1771 1526 1825 δύο
1564 1771 1794 1840 φυσικὰ,
1832 1772 1974 1824 θεῖόν

389 1868 573 1929 τεκαὶ
599 1864 965 1936 ἀνθρώπινον,
995 1864 1091 1917 καὶ
1114 1864 1310 1933 σοφίαν
1340 1882 1401 1917 τε
1444 1865 1540 1918 καὶ
1568 1864 1791 1932 γνῶσιν,
1825 1862 1975 1916 θείαν

394 1976 454 2012 τε
486 1959 581 2011 καὶ
608 1956 979 2029 ἀνθρωπίνην.
1014 1956 1335 2022 Ὀμοούσιος
1362 1955 1471 2026 γὰρ
1509 1955 1585 2009 ὢν
1610 1956 1687 2025 τῷ
1719 1956 1839 2026 Θεῷ
1879 1957 1976 2009 καὶ

396 2050 608 2121 Πατρὶ,
663 2048 1029 2113 αὐτεξουσίως
1074 2046 1218 2100 θέλει
1272 2048 1365 2100 καὶ
1431 2048 1647 2118 ἐνεργεῖ
1694 2048 1770 2109 ὼς
1819 2048 1971 2111 Θεός.

405 2141 726 2211 Ὀμοούσιος
764 2141 820 2194 δὲ
867 2139 943 2193 ὢν
977 2140 1073 2192 καὶ
1106 2141 1261 2210 ἡμῖν,
1292 2140 1658 2206 αὐτεξουσίως
1695 2139 1843 2194 θέλει
1883 2141 1976 2194 καὶ

393 2233 615 2302 ἐνεργεῖ
652 2231 728 2293 ὡς
774 2230 1062 2301 ἄνθρωπος
1098 2232 1127 2282 6
1166 2230 1350 2293 αὐτός.
1381 2230 1556 2293 Αὐτοῦ
1586 2231 1694 2301 γὰρ
1732 2230 1803 2283 τὰ
1840 2230 1972 2283 θαύ-

398 2339 569 2391 ματα,
600 2319 767 2373 αὐτοῦ
792 2320 889 2372 καὶ
919 2319 989 2372 τὰ
1014 2317 1337 2388 παθήματα.

2679 769 2834 843 CAP.
2880 771 3019 825 xui.

2242 859 2321 913 De
2353 862 2630 915 ambarum
2672 874 2984 915 naturarum
3030 865 3466 932 proprietatibus.

2137 948 2272 1005 Duas
2298 952 2350 1003 in
2378 950 2590 1005 Christo
2618 952 2911 1007 voluntates
2940 963 2988 1006 et
3021 954 3371 1021 operatioues.
3396 984 3464 994 --
3485 954 3651 1009 Eum-

2069 1037 2190 1093 dem
2224 1055 2389 1109 porro
2416 1039 2712 1094 Dominum
2744 1051 2993 1122 nostrutn
3031 1040 3217 1098 Jesum
3258 1042 3563 1109 Christum,
3598 1054 3653 1099 et

2071 1130 2379 1201 perlectum
2440 1132 2636 1198 Deum,
2680 1144 2733 1187 et
2778 1133 3081 1203 perfectum
3124 1136 3406 1190 hominem
3456 1138 3654 1206 praedi-
3720 1136 3723 1137 ⁷

2072 1234 2279 1286 cantes,
2323 1224 2427 1277 hoc
2466 1224 2806 1292 proﬁtemur,
2840 1225 3094 1281 eumdem
3125 1239 3179 1281 et
3202 1228 3389 1281 omnia
3428 1229 3650 1293 habere,

2071 1330 2195 1383 quae
2226 1314 2388 1370 Pater
2426 1318 2611 1382 habet,
2669 1327 2897 1387 excepta
2936 1319 3529 1390 ingeniti'proprietate
3554 1341 3569 1388 ;
3599 1330 3653 1376 et

2072 1410 2257 1462 omnia
2317 1410 2468 1473 item,
2517 1426 2639 1481 qua:
2680 1412 2894 1483 primus
2933 1412 3131 1475 Adam,
3183 1425 3411 1483 excepto
3470 1416 3651 1469 solum

2074 1508 2341 1567 peccato,
2403 1500 2509 1555 hoc
2571 1507 2674 1566 est,
2728 1514 2934 1571 corpus
2966 1512 3021 1555 et
3051 1503 3293 1557 animam
3346 1504 3559 1557 ratione
3599 1513 3655 1559 et

2082 1591 2445 1661 intelligentia
2503 1593 2821 1662 praeditam:
2881 1594 3013 1663 quin
3050 1594 3254 1650 habere
3297 1598 3462 1651 etiam
3503 1612 3653 1661 eum,

2076 1683 2156 1737 uti
2225 1684 2441 1739 duabus
2501 1674 2718 1739 naturis
2767 1694 3198 1742 consentaneum
3250 1696 3359 1751 est,
3406 1688 3655 1757 duplices

2075 1780 2396 1829 naturarum
2454 1776 2689 1831 duarum
2748 1779 3029 1834 naturales
3100 1781 3505 1848 proprietates;
3552 1783 3655 1835 hoc

2074 1876 2180 1931 est,
2214 1867 2355 1922 duas
2390 1868 2673 1923 naturales
2704 1870 3077 1938 operationes,
3108 1871 3349 1925 divinam
3377 1880 3430 1925 et
3468 1873 3654 1928 huma-

2078 1973 2243 2025 nam;
2277 1959 2416 2013 duas
2473 1962 2761 2017 naturales
2804 1963 3020 2016 arbitrii
3073 1964 3376 2030 libertates,
3410 1966 3656 2020 divinam

2078 2058 2131 2105 et
2166 2051 2463 2104 humanam
2496 2072 2508 2106 :
2543 2068 2606 2107 ac
2635 2052 2875 2122 denique
2919 2054 3244 2124 sapientiam
3272 2064 3326 2110 et
3362 2057 3656 2111 scientiam

2079 2136 2375 2205 duplicem,
2416 2137 2658 2193 divinam
2698 2149 2752 2195 et
2797 2142 3118 2196 humanam.
3163 2142 3297 2197 Nam
3344 2159 3467 2197 cum
3508 2145 3658 2213 ejus-

2084 2228 2207 2283 dem
2253 2245 2318 2282 ac
2348 2229 2514 2285 Pater
2564 2232 2895 2287 substantia:
2939 2234 3038 2296 sit,
3088 2234 3260 2289 libere
3306 2237 3417 2290 vult
3459 2246 3512 2289 et
3544 2238 3657 2307 agit

2083 2331 2144 2375 ut
2173 2320 2363 2378 Deus:
2414 2339 2612 2379 rursus
2639 2341 2762 2379 cum
2811 2328 3304 2383 consubstantialis
3347 2330 3421 2385 sit
3466 2330 3647 2392 nobis,

396 2415 568 2471 libere
599 2415 729 2470 item
768 2414 883 2467 vult
906 2421 962 2467 et
990 2413 1125 2481 agit,
1150 2420 1208 2466 ut
1234 2413 1417 2466 homo.
1454 2410 1631 2481 Ipsius
1664 2413 1807 2467 enim
1843 2413 2108 2470 miracula
2139 2421 2290 2480 sunt,
2322 2415 2496 2485 ipsius
2530 2432 2751 2486 quoque
2782 2419 3091 2487 passiones.

890 2502 1143 2555 ΚΕΦΑΛ.
1189 2500 1263 2554 ιΑν
1302 2500 1484 2573 [NH'].

398 2595 541 2665 Περὶ
588 2594 943 2665 θελημάτωοξ
985 2597 1082 2649 καὶ
1130 2595 1546 2658 αὐτεξουσίων
1598 2597 1705 2651 τοῦ
1755 2596 1977 2664 Kuplov

827 2664 999 2735 ἡμῶν
1049 2665 1251 2733 Ἰησοῦ
1278 2665 1555 2733 Χριστοῦ.

485 2758 703 2827 Ἐπειδὴ
736 2756 837 2828 μὲν
862 2754 956 2811 οὖν
987 2757 1082 2811 δύο
1108 2758 1300 2826 φύσεις
1337 2758 1431 2811 τοῦ
1471 2757 1732 2828 Χριστοῦ,
1762 2758 1854 2811 δύο
1880 2761 1979 2811 αὐ-

398 2851 495 2906 τοῦ
522 2851 617 2906 καὶ
650 2851 722 2905 τὰ
753 2851 958 2919 φυσικὰ
984 2849 1291 2921 θελήματα.
1327 2850 1421 2903 καὶ
1450 2849 1548 2910 τὰς
1572 2849 1806 2919 φυσικὰς
1831 2851 1979 2919 svsp-

403 2946 557 3015 τείας
585 2943 786 3013 φαμέν.
824 2942 1041 3011 Ἐπειδὴ
1070 2942 1126 2994 δὲ
1168 2941 1266 3011 μία
1295 2942 1403 2994 τῶν
1440 2940 1534 2993 δύο
1570 2940 1783 3009 φύσεων
1814 2940 1979 2993 αὐτοῦ

405 3038 442 3106 ἠ
476 3036 796 3099 ὑπόστασις,
828 3034 924 3086 ἕνα
954 3034 1051 3086 καὶ
1086 3032 1177 3086 τὸν
1217 3033 1381 3086 αὐτόν
1429 3050 1607 3102 φαμεν
1657 3032 1879 3087 θέλοντά
1923 3050 1980 3087 τε

402 3128 498 3181 καὶ
520 3125 853 3197 ἐνεργοῦντα
893 3125 1139 3193 φυσικῶς
1176 3126 1299 3179 κατ’
1336 3126 1503 3195 ἄμφω
1552 3127 1651 3187 τὰς
1683 3125 1895 3193 φύσεις,
1925 3126 1984 3189 ἐξ

403 3213 503 3283 ὧν,
538 3219 631 3271 καὶ
663 3219 720 3269 ὲν
749 3213 858 3281 αἷς,
889 3216 986 3269 καὶ
1014 3216 1154 3287 ἅπερ
1176 3217 1296 3269 ἐστὶ
1326 3218 1558 3285 Χριστὸς
1587 3218 1615 3269 6
1642 3216 1769 3279 Θεὸς
1802 3217 1977 3287 ἡμῶν·

403 3312 580 3366 θέλειν
612 3311 671 3363 δὲ
695 3309 789 3363 καὶ
818 3311 1084 3380 ἐνεργεῖν,
1114 3309 1174 3362 οὐ
1203 3309 1548 3381 διῃρημένως
1567 3349 1582 3373 ,
1617 3309 1733 3362 ἀλλ’
1763 3308 1980 3379 ἡνωμέ-

2604 2507 2766 2578 225
2797 2507 2953 2567 CAP.
2998 2510 3113 2565 xw

2082 2595 2159 2650 De
2190 2596 2405 2652 Domini
2457 2600 2626 2654 nostri
2669 2598 2806 2672 flesu
2854 2601 3058 2656 Christi
3114 2604 3312 2672 duplici
3364 2606 3652 2671 voluntate,

2562 2671 2873 2740 arbitriique
2904 2672 3165 2726 libertate.

2157 2756 2414 2830 Totuplex
2440 2762 2681 2816 voluntas
2710 2772 2759 2818 et
2793 2774 2963 2830 actus,
2995 2764 3283 2833 quotuplex
3334 2765 3652 2819 substantia.

2084 2880 2155 2893 —
2185 2851 2454 2915 Quoniam
2485 2853 2651 2923 igitur
2682 2853 2802 2907 dure
2825 2852 3033 2907 Christi
3076 2861 3285 2908 natura:
3324 2866 3469 2917 sunt,
3521 2858 3658 2911 duas

2086 2944 2317 3012 proinde
2341 2943 2463 3011 ejus
2490 2945 2769 2999 naturales
2787 2946 3101 2999 voluntates
3129 2954 3181 3000 et
3208 2946 3344 3000 duas
3375 2948 3657 3001 naturales

2092 3035 2442 3102 operationes
2474 3036 2731 3089 dicimus.
2762 3037 2902 3101 Quia
2940 3052 3071 3091 vero
3090 3053 3196 3091 una
3228 3038 3457 3092 duarum
3494 3050 3657 3093 uatu-

2083 3139 2269 3178 rarum
2322 3125 2498 3194 ipsius
2550 3136 2635 3180 est
2698 3128 3036 3198 bypostasis,
3087 3145 3256 3181 unum
3317 3140 3370 3184 et
3400 3132 3654 3185 eodem

2101 3230 2226 3270 esse
2272 3214 2508 3273 dicimus
2547 3218 2664 3287 qui,
2707 3219 2863 3287 juxta
2886 3236 2979 3275 eas
3016 3229 3261 3285 naturas,
3317 3239 3380 3275 ex
3435 3224 3655 3293 quibus.

2082 3314 2138 3362 et
2176 3308 2230 3361 in
2292 3308 2514 3377 quibus,
2547 3318 2600 3364 et
2650 3326 2769 3379 qua:
2803 3322 2886 3365 est
2937 3311 3190 3366 Christus
3250 3311 3392 3368 Deus
3447 3323 3655 3375 uoster,

405 3418 512 3462 νως
532 3416 546 3429 ·
574 3398 717 3452 θέλει
749 3397 858 3468 γὰρ
887 3397 979 3449 καὶ
1006 3398 1218 3467 ἐνεργεῖ
1261 3399 1317 3449 ἐν
1347 3398 1586 3469 ἑκατέρᾳ
1628 3402 1810 3469 μορφῇ
1844 3398 1977 3468 μετὰ

2086 3402 2413 3457 naturaliter
2454 3402 2584 3456 velit
2622 3411 2679 3455 et
2706 3412 2830 3470 agat
2859 3420 2874 3468 ;
2901 3418 3024 3456 eum
3052 3412 3233 3457 autem
3269 3405 3491 3473 insuper
3522 3406 3658 3460 velle

405 3494 505 3561 τῆς
528 3489 757 3559 θατέρου
783 3487 1086 3550 κοινωνίας.
1110 3481 1209 3540 Ὧν
1232 3487 1339 3559 γὰρ
1365 3489 1397 3559 ἠ
1429 3489 1585 3540 οὐσία
1607 3491 1638 3557 ἡ
1674 3488 1831 3557 αὐτὴ,
1861 3488 1982 3541 τού-

403 3596 515 3632 των
544 3579 639 3631 καὶ
669 3577 940 3647 ἡθέλησις
969 3576 1063 3629 καὶ
1089 3577 1122 3645 ἡ
1155 3575 1403 3647 ἐνέργεια
1433 3579 1465 3647 ἡ
1500 3577 1669 3647 αὐτή·
1690 3570 1763 3629 ὧν
1786 3577 1842 3629 δὲ
1870 3578 1983 3629 διὰ-

406 3687 573 3740 φορος
604 3672 635 3739 ἡ
666 3668 843 3730 οὐσία.
875 3667 1081 3722 τούτων
1117 3667 1373 3736 διάφορος
1394 3667 1488 3719 καὶ
1520 3667 1552 3735 ἡ
1588 3665 1803 3736 θέλησις
1834 3666 1978 3735 καὶὴ

408 3760 688 3829 ἐνέργεια·
720 3758 815 3812 καὶ
842 3757 902 3811 τὸ
930 3758 1219 3820 ἀνάπαλιν,
1240 3750 1316 3809 ὧν
1342 3759 1374 3826 ή
1410 3756 1627 3825 θέλησις
1657 3757 1751 3808 καὶ
1782 3756 1985 3825 ὴένὲρ-

407 3867 533 3918 γεια
563 3852 595 3920 ή
623 3850 782 3919 αὐτὴ,
816 3849 1021 3902 τούτων
1052 3849 1144 3902 καί⁵
1173 3847 1439 3917 ήούσίαή
1470 3847 1645 3917 αὐτή·
1680 3841 1754 3898 ὧν
1784 3847 1841 3900 δὲ
1865 3847 1981 3899 διά-

413 3957 576 4010 φορος
608 3943 641 4013 ή
668 3939 884 4012 θέλησις
909 3942 1002 3993 καὶ
1044 3942 1077 4011 ἡ
1109 3940 1378 4010 ἐνέργεια,
1412 3938 1616 3992 τούτων
1645 3939 1737 3990 καὶ
1771 3939 1802 4007 ἡ
1828 3938 1983 3989 οὐσία

410 4031 681 4103 διάφορος.

481 4302 571 4355 Διὸ
599 4302 665 4372 δὴ
696 4301 788 4354 ἐπὶ
827 4300 927 4369 μὲν
962 4300 1172 4371 Πατρὸς
1210 4300 1301 4352 καί
1338 4299 1469 4353 Υίοῦ
1502 4302 1594 4354 καὶ
1626 4303 1782 4370 ἁγίου
1812 4304 1981 4358 Πνεύ-

412 4411 605 4465 ματος,
637 4394 701 4445 ὲκ
728 4395 828 4461 τῆς
856 4390 1181 4460 ταύτότητος
1209 4392 1307 4461 τῆς
1349 4408 1407 4443 τε
1438 4393 1719 4463 ἐνεργείας
1768 4397 1861 4449 καὶ
1886 4397 1982 4450 τοῦ

410 4488 737 4559 θελήματος,
777 4486 876 4556 τὴν
906 4483 1207 4553 ταύτότητα
1232 4483 1332 4552 τῆς
1368 4484 1585 4552 φύσεως
1624 4489 1983 4556 ἐπιγινώσκο-

413 4597 536 4651 μεν,
582 4578 704 4630 Ἐπὶ
728 4576 784 4629 δὲ
817 4577 915 4647 τῆς
943 4575 1093 4637 θείας
1121 4575 1453 4645 οἰκονομίας,
1494 4577 1558 4631 ἐκ
1593 4579 1693 4648 τῆς
1720 4580 1984 4652 διαφορᾶς

2082 3502 2134 3547 et
2161 3507 2341 3563 agere,
2371 3506 2479 3547 non
2499 3491 2695 3557 divise,
2722 3492 2816 3546 sed
2849 3493 3142 3559 coniuncte
3177 3493 3432 3550 dicimus.
3470 3514 3486 3544 ι
3531 3494 3658 3550 Vult

2082 3583 2227 3637 enim
2266 3594 2319 3637 et
2351 3585 2460 3653 agit
2493 3582 2547 3636 in
2577 3592 2806 3652 utraque
2851 3582 3047 3648 forma,
3100 3600 3224 3639 eum
3257 3586 3485 3641 alterius
3508 3601 3659 3641 com-

2084 3676 2341 3727 munione
2385 3675 2451 3727 ’⁸.
2492 3691 2511 3724 ι
2560 3673 2802 3736 Quorum
2826 3675 2970 3727 enim
3010 3675 3196 3729 eadem
3221 3678 3525 3732 substantia
3552 3689 3653 3741 est.

2083 3779 2272 3819 eorum
2321 3779 2540 3833 quoque
2571 3765 2760 3818 eadem
2806 3766 3057 3819 voluntas
3080 3775 3134 3821 et
3168 3770 3312 3821 actio
3340 3770 3409 3822 sit
3432 3784 3657 3826 necesse

2083 3861 2165 3909 est
2191 3869 2451 3922 :quorum
2472 3861 2649 3906 autem
2672 3853 2888 3907 diversa
2910 3861 3013 3915 est,
3039 3855 3232 3907 horum
3252 3856 3415 3909 etiam
3440 3858 3655 3914 diversa

2083 3944 2339 4000 voluntas
2385 3952 2439 3997 et
2482 3943 2625 3998 actio
2653 3943 2743 4006 sit,
2794 3944 3089 4011 Oportet”.
3112 3942 3175 3996 Et
3209 3953 3398 3999 contra
3422 3962 3653 4014 quorum

2084 4038 2339 4091 voluntas
2367 4045 2421 4090 et
2451 4036 2593 4089 actio
2615 4035 2802 4090 eadem
2837 4044 2937 4100 est,
2972 4051 3162 4090 eorum
3221 4038 3409 4091 eadem
3441 4055 3657 4108 quoque

2086 4127 2556 4191 substantia,est:
2594 4140 2831 4194 quorum
2864 4137 3045 4179 autem
3077 4127 3267 4196 dispar
3317 4129 3572 4183 voluntas
3601 4139 3655 4184 et

2086 4220 2248 4284 actio,
2305 4219 2499 4274 horum
2563 4219 2724 4273 etiam
2762 4218 2950 4286 dispar
2996 4228 3081 4275 est
3132 4220 3461 4275 substantia.

2156 4309 2425 4377 Quocirca
2463 4312 2477 4340 ¹
2519 4310 2572 4363 in
2606 4308 2763 4362 Patre
2789 4308 3010 4378 quidem
3064 4318 3117 4363 et
3149 4308 3306 4375 Filio,
3343 4323 3395 4367 et
3447 4313 3654 4382 Spiritu

2085 4410 2296 4467 sancto,
2322 4403 2449 4471 quia
2483 4402 2670 4457 eadem
2704 4403 2960 4456 voluntas
2990 4410 3152 4472 atque
3173 4403 3316 4456 actio
3370 4412 3476 4469 est,
3506 4422 3656 4457 eam-

2084 4495 2203 4550 dem
2230 4509 2447 4564 quoque
2479 4500 2731 4547 naturam
2772 4509 2898 4548 esse
2935 4496 3309 4563 agnoscimus.
3347 4496 3414 4547 At
3469 4496 3522 4548 in
3571 4496 3657 4547 di-

2082 4588 2207 4640 vina
2245 4584 2621 4639 incarnatione
2646 4600 2710 4639 ex
2744 4586 3019 4641 actionum
3054 4594 3108 4639 et
3152 4586 3489 4640 voluntatum
3538 4588 3652 4642 dis-

412 4671 517 4724 τῶν
547 4668 856 4740 ἐνεργειῶν,
883 4668 976 4720 καὶ
1008 4665 1115 4720 τῶν
1138 4665 1479 4737 θελημάτων,
1507 4669 1597 4721 καὶ
1621 4670 1716 4742 τὴν
1749 4673 1858 4724 τῶν
1883 4673 1977 4741 eo.

2085 4677 2316 4731 crimine
2345 4686 2667 4729 naturarum
2697 4692 2913 4745 quoque
2946 4675 3244 4731 discrimen
3278 4678 3648 4745 agnoscimus,

410 4781 551 4817 estov
582 4761 846 4831 διαφορὰν
894 4758 1346 4829 ὲπιγινώσκομεν,
1380 4758 1475 4835 καὶ
1500 4761 1599 4833 τὴν
1620 4763 1727 4814 τῶν
1764 4764 1977 4832 φύσεων

2084 4782 2151 4821 ac
2175 4776 2496 4821 naturarum
2529 4766 2823 4819 discrimen
2858 4766 3199 4833 exploratum
3244 4766 3527 4827 habentes,
3561 4780 3653 4819 vo-

408 4852 672 4920 διαφορὰν
703 4850 904 4913 εἰδότες
936 4848 1428 4919 συνομολογοῦμεν,
1468 4850 1561 4903 καὶ
1599 4851 1659 4904 τὸ
1683 4852 1792 4905 τῶν
1826 4854 1980 4925 θεληο

410 4942 601 5011 μάτων
636 4940 731 4993 καί⁸
765 4938 1053 5010 ἐνεργειῶν
1083 4938 1354 5009 διάφορον.
1388 4938 1599 5011 Ὠσπερ
1630 4943 1737 5012 γὰρ
1758 4944 1864 4997 τῶν
1888 4945 1980 4997 τοῦ

410 5031 576 5083 αὐτοῦ
606 5031 701 5084 καὶ
734 5031 849 5094 ἐνὸς
878 5028 1116 5100 Χριστοῦ
1163 5029 1378 5097 φύσεων
1407 5031 1434 5082 6
1463 5031 1714 5101 ἀριθμὸς,
1742 5036 1983 5099 εὐσεϐῶς

408 5124 697 5193 νοούμενός
725 5140 783 5175 τε
833 5122 927 5176 καὶ
947 5121 1257 5191 λεγόμενος,
1292 5122 1353 5172 οὐ
1381 5120 1578 5191 διαιρεῖ
1603 5123 1695 5175 τὸν
1719 5124 1813 5179 ἕνα
1848 5128 1982 5198 Χρι-

487 5239 692 5318 ’j_Leo,
734 5238 892 5308 epist.
952 5236 1041 5302 iO,
1104 5234 1171 5288 ad
1219 5233 1462 5287 Flavi-an.
1538 5239 1583 5269 ’θ
1615 5239 1756 5293 Max.
1812 5240 1963 5311 Disp.
2027 5260 2145 5298 cum
2196 5244 2405 5315 Pyrrho
2451 5255 2571 5317 post
2609 5247 2773 5304 Basil.
2806 5249 2964 5318 epist.
2998 5248 3085 5303 80.

407 5324 456 5365 c.
493 5311 582 5365 22.

2081 4857 2353 4911 luntatum
2379 4858 2541 4911 etiam
2583 4864 2637 4909 et
2663 4856 2938 4909 actionum
2984 4856 3281 4911 discrimen
3301 4857 3648 4911 conﬁtemur.

2084 4947 2554 5014 Quemadmodum
2579 4947 2727 5001 enim
2760 4948 2924 5001 unius
2972 4958 3025 5001 et
3050 4948 3290 5015 ejusdem
3321 4948 3522 5003 Christi
3552 4964 3650 5002 na-

2082 5049 2330 5094 turarum
2352 5054 2636 5101 numerus,
2671 5038 2717 5091 si
2752 5040 2839 5108 pie
2879 5039 3283 5107 iutelligaturet
3306 5039 3646 5109 praedicetur,

2084 5143 2254 5183 unum
2291 5128 2567 5184 Christum
2604 5143 2947 5197 nequaquam
2987 5128 3219 5197 dividit;
3278 5146 3463 5185 verum
3499 5131 3651 5184 inco-

3178 5248 3196 5277 ¹
3227 5245 3403 5314 Supra
3449 5245 3543 5296 lib.
3584 5259 3645 5307 ιι,

1751 5421 1987 5477 VARUE
2030 5424 2433 5483 LECTIONES.

486 5547 502 5587 ι
533 5536 666 5591 Cod.
700 5504 898 5588 S..llil.
932 5530 1158 5610 ouant},
1190 5528 1263 5610 ita
1392 5528 1606 5610 1986_e.t
1636 5528 1699 5583 N.
1730 5530 1858 5610 Post
1881 5537 2141 5610 γινόμενα
2193 5537 2410 5590 additur
2470 5538 2522 5610 in
2576 5538 2708 5610 Reg.
2766 5539 2921 5610 ΞίἓὲΔ
2967 5541 3123 5607 longa
3184 5540 3454 5610 περικοπή
3527 5554 3648 5608 qua:

408 5605 693 5677 desumpta
713 5614 905 5680 εει-ἐχ
938 5599 1189 5680 ἀεργίη..
1216 5599 1285 5653 ab
1315 5600 1408 5680 his.
1440 5599 1986 5680 ι’θιίρίεηγεγέννηται
2005 5599 2189 5661 ’τοίνυν
2245 5623 2418 5677 usque
2441 5608 2504 5662 ad
2541 5609 2616 5679 μὴ
2641 5599 2999 5680 παραελάζαι-
3038 5599 3341 5679 σ’ἦμαντὶια.
3370 5599 3651 5677 Ejusmodi

410 5668 932 5747 Interpolationibus
971 5668 1145 5726 scatet
1178 5669 1279 5723 iste
1313 5670 1479 5723 codex
1529 5668 1752 5740 Regius.

729 5771 999 5829 ΡΔΤΒΟΙ..
1043 5765 1160 5826 Gn.
1200 5763 1412 5823 XCIV.

3092 5768 3163 5827 33
