3996 6212
391 324 528 391 1035

391 438 589 491 lumem
637 430 800 485 etiam
835 429 890 482 in
922 426 1127 481 unione
1165 423 1522 480 differentiam
1560 426 1803 481 ostendit
1839 425 1951 480 :ita
1989 432 2030 485 Α

387 539 573 582 earum
596 522 938 575 voluntatum
971 527 1025 574 et
1055 517 1332 572 actionum
1361 531 1648 580 numerus,
1673 531 1797 586 quae
1823 516 1954 571 sub-

389 613 725 671 stantialiter
782 611 919 679 ipsis
971 609 1184 662 naturis
1219 606 1558 660 conveniunt
1588 606 1607 675 (
1633 605 1829 660 etenim
1864 620 1954 659 se-

388 707 625 760 cundum
665 712 954 770 utramque
1009 708 1257 754 naturam
1303 699 1376 751 ita
1432 704 1782 767 comparatus
1840 703 1958 749 erat

387 807 446 852 ut
480 797 638 850 vellet
675 802 730 848 et
763 801 1084 862 operaretur
1116 790 1158 862 ),
1191 790 1516 845 divisionem
1587 804 1694 842 uou
1749 787 1959 842 inducit

387 885 796 958 (absit),sed
851 898 1038 938 earum
1099 882 1365 935 duntaxat
1419 881 1582 934 etiam
1639 881 1694 933 in
1759 881 1958 933 unione

387 978 855 1036 conservationem
890 984 942 1029 et
969 974 1398 1028 incolumitatem
1435 971 1639 1041 prodit.
1672 969 1957 1025 Naturales

387 1072 656 1142 siquidem
711 1085 851 1133 esse,
921 1082 984 1121 ac
1033 1082 1140 1120 non
1196 1066 1532 1134 personales,
1558 1065 1864 1118 voluntates
1905 1069 1958 1117 et

387 1163 628 1215 actiones
671 1159 948 1224 dicimus;
981 1158 1081 1210 hoc
1125 1165 1208 1210 est
1266 1155 1373 1208 vim
1426 1155 1598 1224 ipsam
1657 1153 1872 1207 volendi
1905 1160 1960 1208 et

386 1251 601 1322 agendi,
633 1265 731 1319 per
758 1263 921 1318 quam
952 1247 1140 1300 volunt
1173 1255 1226 1299 et
1289 1254 1477 1316 agunt.
1509 1244 1564 1298 Si
1585 1247 1729 1298 enim
1770 1259 1958 1313 perso-

385 1338 542 1400 nales
605 1351 727 1392 esse
779 1335 1233 1396 concesserimus,
1291 1343 1396 1386 tres
1445 1343 1648 1386 sancta:
1674 1332 1959 1386 Trinitatis

385 1444 648 1500 personas
676 1427 905 1481 diversae
935 1426 1073 1479 inter
1099 1441 1155 1480 se
1180 1424 1476 1477 voluntatis
1531 1431 1694 1491 atque
1725 1422 1959 1476 actionis

385 1520 703 1577 necessario
733 1519 1002 1573 dicemus.

352 1642 358 1660 ~.
459 1611 525 1666 Ut
547 1611 786 1666 voluntas
836 1618 883 1662 et
913 1608 1074 1671 actio,
1113 1615 1321 1659 naturw
1356 1623 1372 1670 ;
1413 1605 1489 1657 sic
1544 1604 1669 1656 talis
1714 1603 1958 1656 voluntas

384 1713 538 1774 atque
584 1703 743 1767 actio,
788 1715 1044 1767 personae.
1078 1727 1146 1737 —
1171 1696 1466 1752 Sciendum
1502 1695 1648 1749 enim
1675 1695 1818 1757 est’,
1850 1709 1956 1746 non

384 1767 524 1849 idem
560 1791 854 1855 essevelle,
882 1798 1045 1858 atque
1087 1789 1188 1842 hoc
1212 1789 1294 1841 vel
1318 1786 1410 1840 illo
1439 1785 1603 1838 modo
1628 1785 1785 1838 velle.
1807 1782 1957 1837 Velle
1993 1767 2029 1819 Β

383 1887 649 1959 siquidem
685 1892 896 1940 natura:
929 1891 1034 1947 est,
1065 1889 1125 1936 ut
1176 1889 1230 1934 et
1277 1879 1480 1933 videre.
1516 1876 1781 1930 Omnibus
1809 1875 1953 1928 enim

383 1978 696 2032 hominibus
728 1977 832 2030 hoc
860 1976 1139 2029 convenit.
1181 1974 1250 2028 At
1285 1977 1437 2024 certo
1462 1969 1627 2022 modo
1655 1967 1812 2029 velle,
1846 1980 1952 2019 non

383 2077 592 2123 naturae
619 2077 720 2130 est,
763 2065 856 2121 sed
885 2064 1056 2118 nostri
1088 2061 1305 2117 consilii
1333 2069 1386 2115 et
1424 2058 1736 2115 sententiae:
1773 2071 1956 2125 quem-

383 2158 674 2213 admodum
703 2164 756 2211 et
782 2165 932 2210 certo
967 2155 1130 2208 modo
1174 2154 1379 2214 videre,
1415 2153 1520 2205 hoc
1578 2158 1659 2203 est
1711 2149 1844 2201 bene
1868 2148 1954 2200 vel

383 2252 546 2306 male.
599 2249 714 2303 Non
747 2249 890 2303 enim
925 2262 1113 2301 omnes
1155 2245 1402 2299 homines
1452 2243 1641 2296 eodem
1673 2239 1835 2294 modo
1862 2253 1954 2292 vo-

385 2346 525 2409 lunt,
559 2359 735 2413 neque
765 2341 954 2396 eodem
998 2339 1158 2393 modo
1180 2337 1386 2391 vident.
1420 2334 1534 2389 lloc
1566 2341 1748 2386 autem
1795 2331 1954 2384 etiam

381 2437 438 2491 in
469 2435 776 2490 actionibus
805 2430 1190 2486 concedemus.
1227 2427 1358 2481 Nam
1407 2433 1559 2480 certo
1602 2423 1765 2478 modo
1796 2423 1955 2483 velle,

380 2537 532 2584 certo
576 2529 739 2585 modo
792 2529 995 2593 videre,
1036 2535 1188 2581 certo
1230 2524 1394 2578 modo
1424 2527 1602 2593 agere,
1627 2520 1822 2575 modus
1851 2527 1932 2572 est

1577 316 1636 375 S.
1673 314 1990 376 JOANNIS
2027 314 2455 374 DAMASCENI

3527 314 3676 382 1036

2060 426 2200 487 στδν,
2229 425 2363 476 ἀλλὰ
2406 422 2747 492 σωζομένην,
2783 423 2880 477 καὶ
2929 424 2986 476 ἐν
3017 426 3084 494 τῇ
3121 425 3314 479 ἐνὼσει
3355 429 3674 499 παρίστησι

2048 517 2165 568 ,τῶν
2197 516 2410 583 φύσεων
2441 515 2538 584 τὴν
2567 516 2856 585 διαφορὰν,
2886 515 3034 569 οὕτω
3067 519 3162 570 καὶ
3194 521 3224 571 6
3271 520 3510 590 ἀριθμὸς
3555 523 3674 576 τῶν

2057 604 2332 669 οὐσιωδῶς
2366 607 2680 675 προσόντων
2712 609 2834 669 ταῖς
2883 607 3051 660 αὐτοῦ
3101 610 3301 676 φύσεσι
3337 611 3676 682 θελημάτων

2058 698 2152 750 καὶ
2180 698 2478 768 ἐνεργειῶν
2501 715 2514 728 θ
2547 700 2670 752 κατ’
2701 699 2872 768 ἄμφω
2893 700 3003 770 γὰρ
3034 700 3134 764 τὰς
3160 703 3354 770 φύσεις
3378 705 3679 776 θελητικδς

2057 785 2146 860 ἦν,
2177 789 2270 842 καὶ
2289 790 2642 859 ἐνεργητικὸς
2684 791 2784 859 τῆς
2809 791 2970 859 ἡμῶν
3012 795 3293 864 σωτηρίας
3314 813 3328 827 ο
3361 800 3424 850 οὐ
3453 799 3677 870 διαίρε-

2061 898 2146 932 σιν
2174 879 2387 947 εἰσάγει
2408 897 2422 910 °
2466 879 2542 950 μὴ
2573 881 2786 948 γένοιτο
2805 897 2819 910 ο
2855 881 2994 934 ἀλλὰ
3023 883 3122 953 τὴν
3153 886 3337 939 αὐτῶν
3369 888 3545 959 δηλοῖ,
3575 894 3680 945 καὶ

2063 974 2242 1040 μόνον,
2276 972 2382 1024 κᾶν
2407 974 2472 1041 τῇ
2508 971 2722 1032 ἐνώσει,
2755 972 3010 1041 φυλακὴν
3041 975 3136 1025 καὶ
3157 978 3458 1046 σωτηρίαν.
3503 981 3680 1032 Φυσι-

2060 1063 2130 1116 κὰ
2158 1063 2288 1130 γὰρ,
2324 1062 2419 1114 καὶ
2447 1062 2546 1130 οὺχ
2576 1062 2919 1115 ὑποστατικά
2946 1081 3129 1133 φαμεν
3152 1066 3220 1120 τὰ
3263 1064 3557 1138 θελήματα
3579 1074 3679 1124 καὶ

2059 1153 2156 1216 τὰς
2201 1153 2504 1222 ἐνεργείας.
2550 1152 2712 1221 Λέγω
2745 1154 2801 1206 δέ
2857 1156 3031 1224 αὐτὴν
3091 1157 3189 1227 τὴν
3226 1158 3530 1231 θελητικὴν
3575 1165 3678 1216 καὶ

2060 1242 2419 1313 ἐνεργητικὴν
2438 1243 2688 1312 δύναμιν,
2714 1245 2838 1297 καθ’
2863 1247 2930 1316 ἣν
2953 1247 3098 1301 θέλει
3128 1251 3224 1300 καὶ
3248 1251 3471 1319 ἐνεργεῖ
3502 1254 3577 1306 τά.
3612 1271 3678 1308 τε

2061 1334 2281 1387 θέλοντα
2309 1335 2796 1404 καὶιένεργοῦντα.
2836 1338 2900 1390 Εἰ
2952 1339 3063 1408 γὰρ
3100 1342 3449 1395 ὑποστατικὰ
3480 1344 3676 1413 δῶμεν

2060 1423 2217 1484 αὐτὰ,
2249 1423 2582 1493 ἐτεροθελεῖς
2626 1426 2720 1477 καὶ
2759 1428 3166 1496 ἐτεροενεργεῖς
3200 1430 3302 1492 τὰς
3337 1435 3495 1500 τρεῖς
3528 1435 3672 1488 ὑπο-

2063 1516 2278 1576 στάσεις
2308 1516 2408 1584 τῆς
2432 1516 2594 1584 ἁγίας
2621 1517 2854 1585 Τριάδος
2885 1521 3063 1571 εἰπεῖν
3092 1522 3670 1594 ἀναγκασθησόμεθα.

2147 1607 2343 1661 Ἰστέον
2385 1610 2494 1678 γὰρ
2531 1609 2608 1671 ὼς
2655 1609 2716 1660 οὐ
2773 1610 2971 1662 ταύτόν
3013 1612 3152 1673 ἐστι,
3184 1613 3384 1676 θέλειν,
3413 1617 3516 1668 καὶ
3551 1618 3673 1680 πῶς

2062 1699 2261 1753 θέλειν·
2314 1700 2376 1752 τὸ
2423 1701 2522 1769 μὲν
2569 1701 2680 1770 γὰρ
2711 1701 2910 1762 θέλειν,
2944 1702 3180 1770 φύσεως,
3229 1704 3425 1775 ὥσπερ
3477 1709 3673 1760 καὶτὸ

2058 1795 2190 1864 ὁρᾷν
2211 1811 2224 1823 ·
2256 1795 2389 1846 πᾶσι
2438 1793 2547 1864 γὰρ
2575 1792 2885 1863 ἀνθρώποις
2918 1795 3215 1864 πρόσεστι·
3241 1798 3303 1849 τὸ
3335 1798 3394 1850 δὲ
3424 1800 3550 1862 πῶς
3582 1799 3672 1853 θέο

2060 1879 2190 1944 λειν,
2221 1881 2283 1932 οὐ
2321 1881 2557 1949 φύσεως,
2592 1881 2728 1934 ἀλλὰ
2749 1883 2849 1950 τῆς
2877 1883 3162 1954 ἡμετέρας
3190 1887 3444 1957 γνώμης,
3469 1887 3671 1959 ὥσπερ

2061 1971 2155 2024 καὶ
2199 1970 2261 2023 τὸ
2308 1969 2424 2032 πῶς
2477 1971 2633 2040 όρᾷν,
2667 1971 2848 2033 καλῶς
2881 1971 2914 2041 ἢ
2946 1973 3154 2035 κακῶς.
3208 1974 3284 2026 Οὐ
3316 1976 3425 2046 γὰρ
3455 1978 3670 2043 πάντες

2059 2061 2337 2132 ἄνθρωποι
2363 2061 2562 2130 ὁμοίως
2594 2061 2868 2123 θέλουσιν.
2901 2063 3008 2115 οὐδ’
3031 2063 3234 2133 ὁμοίως
3267 2067 3453 2134 ὁρῶσι.
3479 2068 3664 2122 Τοῦτο

2060 2153 2116 2206 δὲ
2143 2154 2236 2205 καὶ
2261 2153 2352 2204 ἐπὶ
2377 2153 2483 2204 τῶν
2512 2153 2806 2222 ἐνεργειῶν
2843 2152 3110 2224 δώσομεν.
3151 2155 3224 2207 Τὸ
3256 2156 3367 2226 γὰρ
3412 2157 3530 2220 πῶς
3564 2158 3661 2211 eg-

2060 2241 2196 2299 λειν.
2232 2241 2350 2303 πῶς
2386 2243 2540 2311 ὁρᾷν,
2569 2241 2600 2311 ἢ
2633 2243 2658 2280 Ιί
2695 2241 2813 2304 πῶς
2856 2243 3121 2312 ἐνεργεῖν,
3170 2246 3370 2314 τρόπος
3414 2246 3539 2299 ἐστὶ
3559 2251 3665 2318 τῆς

2061 2333 2156 2385 τοῦ
2207 2333 2401 2393 θέλειν,
2454 2335 2547 2384 καὶ
2584 2333 2737 2402 ὁρᾷν,
2790 2334 2885 2386 καὶ
2911 2335 3158 2403 ἐνεργεῖν
3189 2338 3466 2406 χρήσεως,
3507 2341 3666 2410 μόνῳ

2062 2422 2140 2491 τῷ
2175 2423 2500 2493 κεχρημένῳ
2545 2422 2785 2493 προσὼν,
2832 2425 2927 2476 καὶ
2964 2425 3074 2476 τῶν
3103 2426 3276 2479 ἄλλων
3307 2427 3482 2482 αὑτὸν
3513 2432 3668 2486 κατὰ

2062 2516 2162 2583 τὴν
2190 2515 2384 2577 κοινῶς
2412 2514 2713 2584 λεγομένην
2737 2514 3000 2585 διαφορὰν
3034 2516 3305 2587 χωρίζων.

383 2615 493 2695 quo
519 2627 644 2694 quis
675 2623 956 2679 voluntate
983 2622 1175 2686 utitur,
1200 2633 1410 2674 necnon
1437 2615 1656 2672 videndi
1679 2623 1845 2683 atque
1868 2609 2060 2682 agendi
2092 2608 2375 2675 facultate,
2402 2623 2525 2679 quae
2547 2609 2646 2665 soli
2677 2609 2848 2664 utenti
2869 2609 3046 2676 adest,
3077 2625 3312 2682 eumque
3343 2614 3666 2671 secundum

381 2717 646 2773 rationem
664 2714 981 2770 differentiae
1007 2711 1368 2764 communiter
1382 2709 1542 2764 dictae
1565 2708 1633 2760 ab
1660 2705 1780 2758 aliis
1805 2701 2064 2758 secernit.

453 2807 617 2876 226
653 2803 904 2874 Θέλησις,
937 2801 1169 2871 Θελητὺν
1195 2841 1208 2864 ,
1263 2798 1576 2869 Θελητικδν,
1635 2794 1836 2847 Θέλων.
1883 2821 1948 2831 -

2125 2782 2356 2851 Λέγεται
2388 2778 2480 2835 οὖν
2505 2783 2565 2835 τὸ
2609 2783 2706 2852 μὲν
2735 2783 2926 2847 ἁπλῶς
2956 2783 3151 2848 θέλειν,
3189 2785 3433 2858 θέλησις,
3461 2789 3593 2859 ἦτοι
3629 2793 3664 2862 ἡ

379 2897 569 2966 Itaque
627 2871 1184 2963 velle‘sitnpliciter,
1245 2892 1500 2944 voluntas
1557 2887 1780 2948 dicitur,
1840 2884 1956 2939 sive

2062 2875 2314 2966 θελητικὴ
2368 2871 2618 2966 θύναμις,
2658 2873 2856 2945 λογικὴ
2886 2871 3022 2928 οὖσα
3067 2874 3248 2945 ὄρεξις
3280 2878 3377 2929 καὶ
3431 2879 3666 2950 θέλημα

379 2963 614 3042 facultas
645 2983 863 3040 volendi
914 2997 1032 3052 quat
1063 2991 1147 3038 est
1194 2982 1468 3051 appetitus
1508 2976 1874 3037 rationabilis,
1904 2982 1957 3030 et

2062 2963 2315 3033 φυσικόν⁹
2348 2963 2408 3016 τὸ
2439 2963 2497 3015 δὲ
2526 2965 2644 3032 πῷς
2670 2963 2867 3031 Θέλειν,
2903 2967 3024 3037 ἦτοι
3070 2967 3130 3019 τὸ
3149 2969 3216 3037 τῇ
3251 2967 3478 3039 θελήσει
3513 2971 3663 3026 ὑπο-

378 3081 630 3135 voluntas
662 3076 972 3131 naturalis:
1020 3081 1076 3128 at
1108 3081 1262 3126 certo
1323 3071 1527 3140 talique
1579 3067 1742 3124 modo
1790 3066 1950 3131 velle,

2062 3055 2329 3124 κείμενον,
2359 3053 2602 3124 θελητὺν,
2634 3055 2727 3108 καὶ
2757 3055 2970 3126 θέλημα
3014 3058 3291 3127 γνωμικόν
3315 3075 3331 3090 ·
3357 3059 3664 3131 θελητικδν

379 3171 496 3226 sive
521 3167 665 3238 quod
692 3174 778 3222 εει
799 3149 1068 3220 voluntati
1093 3163 1422 3232 subjectum,
1451 3176 1540 3215 res
1560 3160 1653 3213 illa
1676 3165 1760 3213 est
1788 3171 1950 3226 quam

378 3261 654 3322 volumus,
717 3267 772 3312 et
821 3258 1078 3311 voluntas
1128 3255 1365 3308 arbitrii.
1403 3249 1740 3320 Θελητικὺν³
1770 3255 1950 3302 autem

380 3351 516 3407 illud
555 3357 662 3413 est,
701 3349 791 3403 cui
823 3363 852 3401 a
904 3355 1101 3401 natura
1128 3346 1272 3400 inest
1297 3345 1379 3398 vis
1425 3341 1640 3397 volendi
1676 3347 1776 3394 :ut
1821 3346 1950 3408 puta

382 3452 583 3499 natura
612 3440 795 3493 divina
825 3439 932 3492 vim
955 3439 1118 3494 habet
1147 3435 1382 3500 volendi,
1415 3435 1655 3500 itemque
1688 3430 1948 3484 humana.

381 3536 592 3591 Volens
644 3532 881 3604 denique
939 3543 1044 3596 εει,
1091 3530 1186 3602 qui
1231 3528 1514 3581 voluntate
1572 3522 1768 3585 utitur,
1836 3521 1951 3575 sive

384 3641 642 3698 persona,
676 3633 734 3678 ut
761 3624 977 3679 Petrus.

467 3718 720 3774 Voluntas
764 3719 818 3772 in
843 3717 1057 3773 Christo
1084 3713 1298 3783 duplex,
1349 3709 1626 3781 γνωμικὸν
1672 3721 1854 3760 unum.
1879 3733 1952 3745 —-

380 3812 648 3880 Quoniam
679 3810 846 3882 igitur
872 3808 1052 3863 |‘unus
1086 3806 1590 3872 Christus,nnaque
1610 3798 1794 3854 itidem
1833 3797 1953 3866 ejus

380 3919 614 3973 persona
642 3909 746 3967 est,
792 3915 938 3954 unus
982 3899 1146 3953 etiam
1189 3895 1419 3967 proinde
1472 3901 1556 3948 est
1593 3891 1805 3953 volens,
1839 3894 1948 3939 tam

379 3999 564 4052 divina
594 4012 757 4068 quam
787 3995 1028 4049 humana
1077 3994 1310 4046 ratione.
1356 3988 1592 4049 Rursus,
1652 3985 1780 4054 quia
1813 3983 1950 4036 duas

382 4100 610 4146 naturas
653 4087 870 4143 volendi
901 4086 1162 4141 facultate
1214 4081 1468 4152 prrcditas
1522 4078 1709 4140 habet,
1764 4080 1951 4141 utpote

383 4180 722 4248 rationales(
761 4177 1024 4248 quidquid
1057 4176 1198 4230 enim
1218 4171 1484 4227 rationale
1509 4178 1614 4230 est,
1650 4167 1781 4220 illud
1815 4179 1951 4234 quo-

385 4291 492 4347 que
532 4273 599 4328 ad
643 4271 932 4327 volendum
969 4268 1149 4322 habile
1186 4275 1291 4330 est,
1326 4279 1389 4318 ac
1427 4259 1703 4328 liberum)
1746 4258 1952 4312 idcirco

384 4370 522 4421 duas
567 4365 730 4420 etiam
777 4363 830 4415 in
868 4377 932 4417 eo
983 4357 1262 4415 naturales
1316 4355 1629 4408 voluntates
1683 4349 1947 4404 dicemus.

381 4458 526 4513 ldem
556 4457 701 4513 cnim
744 4456 858 4524 ipse
881 4459 1102 4524 propter
1126 4457 1415 4517 utramque
1446 4452 1698 4499 naturam
1729 4440 1947 4496 volendi

383 4548 645 4603 facultate
683 4547 891 4618 pollet;
950 4543 1150 4614 quippe
1175 4541 1269 4610 qui
1305 4554 1424 4592 eam
1478 4533 1778 4605 assumpsit
1837 4533 1946 4586 vim

381 4641 595 4696 volendi
625 4655 744 4709 quae
773 4637 933 4692 nobis
962 4651 990 4689 a
1023 4642 1216 4689 natura
1247 4638 1350 4686 est.
1386 4630 1450 4684 Et
1489 4627 1749 4700 quoniam
1803 4641 1949 4681 unus

385 4731 638 4800 idemque
689 4729 942 4786 Christus
974 4738 1078 4792 εει,
1127 4725 1220 4795 qui
1271 4723 1554 4793 utriusque
1611 4729 1823 4775 natura:
1871 4735 1956 4774 ra-

385 4823 534 4878 tione
577 4823 710 4886 vult,
761 4823 904 4875 idem
939 4817 1166 4890 proinde
1200 4815 1501 4870 voluntatis
1547 4813 1852 4883 subjectum
1898 4811 1952 4865 in

457 5000 645 5054 'Max.
693 4997 833 5052 Dial.
896 5015 1012 5052 cum
1077 4995 1320 5066 Pyrrho;
1372 4994 1563 5049 Anast.
1638 4992 1692 5045 in
1749 4987 1994 5060 Ὀδηγῷ,

388 5072 412 5103 ⁸
440 5070 578 5124 Max.
615 5070 748 5123 ibid.

1981 4421 2025 4476 D

2051 3145 2107 3199 δέ
2142 3147 2260 3198 ἐστι
2281 3185 2296 3210 ,
2335 3145 2396 3197 τὸ
2443 3146 2689 3213 πεφυκὸς
2735 3145 2947 3201 θέλειν’
2970 3143 3084 3202 οἷον
3114 3149 3376 3222 θελητική
3408 3153 3574 3206 ἐστιν
3624 3158 3658 3226 ἡ

2051 3235 2172 3288 θεία
2217 3234 2398 3302 φύσις,
2434 3235 2697 3298 ὡσαύτως
2753 3238 2846 3291 καὶ
2902 3239 2935 3308 ὴ
2984 3238 3298 3310 ἀνθρωπίνη
3331 3257 3344 3271 °
3382 3240 3572 3297 θέλων
3597 3245 3658 3298 δέ

2051 3325 2198 3375 ἐστιν
2229 3325 2258 3374 6
2299 3324 2642 3395 κεχρημένος
2677 3328 2744 3396 τῇ
2794 3325 3031 3397 θελήσει,
3072 3328 3192 3398 ἦτοι
3241 3330 3275 3398 ὴ
3313 3329 3656 3400 ὑπόστασις,

2051 3409 2162 3468 οἷον
2195 3418 2223 3468 6
2258 3415 2483 3486 Πέτρος.

2132 3713 2351 3784 Ἐπειδὴ
2385 3713 2566 3766 τοίνυν
2590 3709 2676 3778 εἷς
2707 3715 2805 3784 μὲν
2831 3715 2860 3768 6
2885 3716 3140 3787 Χριστὸς,
3169 3719 3263 3772 καὶ
3289 3721 3388 3790 μία
3412 3723 3600 3778 αὐτοῦ
3617 3727 3651 3797 ἠ

2049 3805 2372 3868 ὑπόστασις,
2405 3800 2485 3867 εἷς
2515 3805 2608 3858 καὶ
2643 3808 2671 3858 6
2699 3803 2861 3868 αὑτός
2888 3809 3036 3860 ἐστιν
3065 3811 3094 3861 6
3125 3810 3293 3864 θέλων
3321 3811 3531 3879 θειιιῶς
3593 3835 3653 3872 τε

2051 3896 2143 3950 καὶ
2174 3896 2553 3968 ἀνθρωπίνως.
2595 3898 2812 3969 Ἐπειδὴ
2841 3899 2897 3952 δὲ
2927 3899 3020 3953 δύο
3055 3901 3246 3969 φύσεις
3282 3901 3397 3975 ἔχει
3423 3905 3652 3978 θελητι·

2050 3989 2174 4052 κάς,
2215 3989 2290 4052 ὡς
2315 3989 2538 4058 λογικάς
2559 4007 2572 4019 ⁸
2607 3993 2714 4044 πᾶν
2749 3993 2858 4062 γὰρ
2894 3993 3110 4060 λογικὸν
3143 3994 3432 4066 θελητικόν
3457 4017 3517 4052 τε
3553 4002 3652 4055 καὶ

2051 4077 2429 4143 αὐτεξούσιον’
2480 4079 2574 4133 δύο
2621 4080 2874 4147 Θελήσεις
2897 4122 2911 4145 ,
2949 4083 3068 4152 ἢτοι
3115 4083 3402 4156 θελήματα
3433 4093 3649 4156 φυσικὰ

2051 4171 2138 4222 ἐπ’
2169 4170 2335 4224 αὐτοῦ
2366 4170 2618 4241 ἐροῦμεν.
2645 4171 2944 4241 Θελητικὸς
2967 4177 3075 4242 γάρ
3104 4176 3254 4228 ἐστιν
3277 4179 3304 4231 6
3329 4179 3496 4242 αὐτὸς
3519 4184 3650 4237 κατ’

2051 4262 2219 4332 ἄμφω
2247 4263 2346 4326 τὰς
2372 4261 2537 4317 αὑτοῦ
2567 4261 2776 4331 φύσεις.
2811 4264 2923 4334 Τὴν
2954 4267 3064 4336 γὰρ
3101 4269 3348 4336 φυσικῶς
3398 4271 3649 4345 ἐνυπάρ-

2054 4375 2254 4427 χουσαν
2284 4361 2416 4429 ἡμῖν
2449 4358 2738 4429 θελητικὴν
2767 4359 2993 4430 δύναμιν
3014 4362 3267 4418 ἀνέλαϐε.
3309 4367 3418 4419 Καὶ
3445 4367 3647 4440 ἐπειδὴ

2051 4445 2132 4513 εἷς
2156 4450 2303 4502 ἐστιν
2323 4451 2351 4502 6
2372 4451 2626 4521 Χριστὸς,
2655 4451 2750 4502 καὶ
2781 4452 2808 4503 6
2844 4451 3006 4514 αὐτὸς
3031 4455 3058 4505 ὁ
3089 4453 3260 4508 θέλων
3286 4457 3410 4510 καθ’
3439 4460 3646 4512 ἐκατέ-

2056 4557 2156 4611 ραν
2177 4541 2359 4609 φύσιν,
2404 4541 2466 4593 τὸ
2510 4541 2643 4594 αὐτὸ
2691 4541 2915 4612 θελητὸν
2933 4543 3158 4615 λέξομεν
3196 4548 3281 4600 ἐπ’
3313 4551 3501 4616 αὐτοῦ,
3538 4555 3646 4622 οὐχ

2054 4633 2129 4696 ὡς
2151 4633 2290 4702 μόνα
2321 4631 2587 4696 θέλοντος,
2619 4632 2655 4686 ἃ
2704 4633 2948 4702 φυσικῶς
2995 4635 3069 4699 ὡς
3117 4637 3248 4702 Θεὸς
3302 4641 3528 4710 ἤθελεν·
3579 4646 3643 4696 ού

2057 4724 2166 4795 γὰρ
2213 4723 2468 4794 θεότητος
2517 4723 2576 4776 τὸ
2628 4724 2803 4777 θέλειν
2851 4728 3068 4794 φαγεῖν,
3100 4730 3194 4782 καὶ
3240 4733 3404 4793 πιεῖν,
3440 4735 3540 4786 καὶ
3571 4738 3640 4790 τὰ

2059 4813 2287 4867 τοιαῦτα
2309 4829 2322 4842 ⁸
2355 4813 2490 4868 ἀλλὰ
2526 4814 2620 4866 καὶ
2646 4812 2715 4866 τὰ
2739 4817 3040 4869 συστατικὰ
3077 4817 3187 4888 (39.)
3217 4819 3318 4889 τῆς
3355 4821 3639 4892 ἀνθρωπί-

2056 5004 2176 5060 cap.
2237 4989 2293 5054 6,
2355 5004 2408 5059 p.
2471 4987 2540 5043 40
2638 4990 2659 5021 ³
2698 4987 2983 5044 Volitivum
3033 4993 3086 5045 iu
3149 4992 3355 5048 scholis
3404 4995 3632 5053 dicitur.

1673 5123 1907 5181 νΑιιιέΕ
1946 5121 2238 5178 LECTION
2244 5123 2341 5178 ES.

458 5232 485 5272 ¹ι
511 5230 839 5285 Particulam
873 5227 1013 5280 hanc
1039 5221 1221 5277 addidi
1251 5230 1373 5291 post
1405 5223 1803 5288 recoguttorem
1826 5217 1949 5270 cod.
1987 5215 2044 5269 S.
2090 5214 2300 5270 llilarii.

1884 5328 2116 5387 NOTAE.

454 5442 566 5510 (52)
612 5432 1032 5510 ‘A1J&,_ual_r&
1053 5428 1406 5510 συστατικιξ.
1443 5427 1544 5510 sed
1570 5444 1633 5510 ea
1652 5429 1950 5510 etiam‘gttm

387 5496 656 5574 naturam,
689 5496 1098 5572 etc.’l)uplicem
1123 5501 1335 5574 voleudi
1371 5499 1684 5574 facultatem
1711 5500 1763 5550 in
1789 5496 1949 5550 Chri-

389 5592 474 5634 sto
511 5568 932 5650 agno'scit,__qua':
963 5571 1237 5650 naturales
1265 5568 1592 5650 etproprios
1616 5577 1948 5650 actus'exer-

388 5637 618 5702 atterit:
663 5657 719 5698 ιιι
752 5637 934 5697 divina
977 5645 1274 5703 voluntate,
1317 5640 1612 5705 divinuque
1663 5637 1822 5689 modo
1847 5650 1945 5705 vo-

389 5719 546 5772 luerit
568 5731 686 5784 quzc
710 5715 888 5766 divina
912 5718 1059 5769 sunt,
1087 5717 1137 5761 et
1169 5709 1403 5760 humana
1430 5704 1726 5767 voluntate,
1758 5713 1812 5760 et
1846 5704 1948 5756 hu-

2057 5425 2299 5479 mauitus
2333 5441 2451 5490 qua:
2504 5426 2764 5479 humana.
2817 5424 3082 5479 Caeterum
3117 5441 3184 5481 ex
3223 5427 3440 5483 Maximi
3477 5428 3623 5484 Dial.

2055 5511 2172 5576 cum
2215 5495 2406 5576 Pyrrh.
2432 5495 2681 5576 concedit
2722 5510 2888 5559 unum
2921 5494 3134 5576 θέλημα
3151 5501 3480 5576 Αγνωμικὸᾼν,
3510 5501 3626 5554 sive

2056 5565 2399 5618 arbitrarium
2441 5566 2758 5617 voluntatem
2820 5578 2981 5615 unam
3043 5565 3096 5616 in
3145 5565 3366 5620 Christo
3418 5567 3621 5628 fuisse.

2054 5636 2180 5702 quia
2207 5635 2307 5688 etsi
2357 5636 2635 5686 voluntate
2695 5635 2928 5704 humana
2966 5635 3181 5688 volebat
3236 5651 3356 5704 qua!
3387 5629 3620 5704 humana

2054 5713 2229 5768 erant,
2270 5704 2410 5757 haud
2447 5713 2624 5756 tamen
2665 5704 2768 5756 nisi
2821 5702 3005 5754 divina
3045 5702 3353 5772 annuente;
3390 5702 3446 5760 in
3476 5719 3624 5761 eatu-
