3996 6212
347 331 486 398 1037

344 466 440 519 νης
462 446 698 517 φύσεως,
720 444 819 498 οὐκ
847 446 905 498 ὲν
931 444 1264 515 ἐναντιότητι
1293 442 1539 513 γνώμης,
1569 442 1684 496 ἀλλ’
1709 444 1769 493 ἑν
1798 442 1921 494 ἔδιό-
1954 445 1991 500 Α
2021 452 2087 491 eo
2117 436 2365 489 dicemus
2408 453 2419 487 :

342 550 471 609 τητι
496 537 605 590 τῶν
634 536 852 605 φύσεων
877 553 891 566 ·
917 534 1037 588 τότε
1073 535 1183 605 γὰρ
1214 534 1389 589 ταῦτα
1422 534 1667 601 φυσικῶς
1703 532 1918 603 ἢθελεν,

344 631 433 683 ὅτε
468 629 646 699 ἡθεία
673 625 839 679 αὑτοῦ
874 625 1094 694 θέλησις
1124 626 1309 696 ἧΟελε,
1361 626 1456 678 καὶ
1493 625 1801 696 παρεχώρει
1854 626 1919 693 τῇ

346 718 513 788 σαρκὶ
538 717 768 784 πάσχειν
792 716 889 768 καὶ
915 715 1177 784 πράττειν
1203 715 1271 767 τὰ
1302 714 1431 767 ἴδια.

1435 326 1530 387 DE
1570 327 1748 386 FIDE
1786 322 2246 385 ORTHODOXA
2283 322 2427 381 LIB.
2458 320 2568 379 III.

3456 305 3593 373 1038

2461 450 2570 488 non
2604 428 2750 499 quod
2777 443 2838 484 ea
2872 428 2987 482 sola
3040 426 3223 491 vellet,
3259 440 3378 495 qua:
3436 435 3595 478 natu-

2027 528 2216 581 raliter
2252 528 2327 580 uti
2370 526 2515 579 Dens
2546 520 2811 589 volebat(
2872 533 3051 588 neque
3107 518 3253 571 enim
3318 515 3596 570 divinitati

2032 628 2305 691 convenit,
2349 632 2407 678 ut
2441 625 2603 679 edere
2630 622 2781 686 velit,
2822 625 2876 672 et
2917 616 3124 678 bibere,
3155 612 3372 679 aliaque
3402 607 3456 661 id
3509 622 3602 677 ge-

2030 732 2135 771 ntts
2173 721 2189 785 )
2224 758 2238 782 ,
2280 716 2373 772 sed
2403 717 2567 771 etiam
2599 730 2663 767 ea
2695 727 2816 782 qua:
2844 718 3095 762 naturam
3134 704 3427 756 humanam
3470 713 3602 751 con-

346 811 585 865 stituunt
618 826 631 860 :
664 809 811 863 istud
854 823 981 863 vero
1013 823 1121 861 non
1186 810 1475 861 sententiae
1508 807 1914 871 contrarietate,
1955 807 2051 861 sed
2083 820 2402 862 naturarum
2434 806 2790 875 proprietate.
2824 800 2960 853 Tum
3002 798 3222 852 domum
3288 791 3435 847 enim
3502 803 3602 842 na-

344 904 606 956 turaliter
639 903 755 956 haac
788 902 1026 964 volebat,
1079 916 1203 954 cum
1234 901 1420 955 divina
1452 901 1709 953 voluntas
1742 900 1914 969 ipsius
1953 899 2027 952 ita
2072 902 2309 963 volebat,
2345 906 2400 953 et
2445 912 2667 953 carnem
2714 910 2776 949 ea
2816 907 2936 962 qua:
2964 890 3071 943 sibi
3140 884 3361 957 prepria
3422 888 3600 936 erant.

344 994 459 1065 pati
488 1002 542 1049 et
575 1008 737 1061 agere
770 994 1146 1063 permittebat.

419 1085 543 1137 Ὀτι
582 1086 637 1137 δὲ
666 1086 911 1152 φυσικῶς
932 1087 1194 1155 πρόσεστι
1231 1085 1309 1155 τῷ
1332 1084 1605 1155 ἀνθρώπῳ
1626 1086 1658 1153 ἠ
1682 1083 1923 1151 Θέλησις,

345 1177 601 1232 ἐντεῦθεν
653 1176 834 1245 δῆλον.
883 1176 1389 1246 Ὑπεξαιρουμένης
1418 1176 1519 1245 τῆς
1576 1166 1928 1243 θείας,¹τρια

346 1271 464 1334 εἴδη
504 1270 649 1336 ζωῆς
698 1270 856 1331 εἰσιν,
907 1269 939 1337 ὴ
989 1269 1211 1335 φυτικὴ,
1244 1272 1277 1339 ἡ
1314 1268 1630 1338 αἰσθητικὴ,
1672 1270 1706 1337 ἡ
1744 1266 1927 1336 νοερά.

350 1360 464 1429 Τῆς
495 1360 590 1428 μὲν
612 1355 705 1412 οὖν
734 1361 967 1427 φυτικῆς
993 1360 1145 1421 ἴδιον,
1177 1361 1208 1427 ἡ
1236 1358 1527 1427 θρεπτικὴ,
1556 1361 1591 1428 ἡ
1637 1358 1927 1426 αὐξητικὴ,

346 1453 380 1519 ἡ
416 1450 708 1518 γεννητικὴ
734 1450 979 1517 κίνησις·
1011 1449 1112 1517 τῆς
1131 1449 1187 1501 δὲ
1210 1448 1554 1517 αἰσθητικῆς,
1592 1452 1625 1518 ἠ
1677 1449 1799 1501 καθ’
1833 1452 1926 1518 ὀρ-

354 1540 462 1609 μὴν
488 1540 723 1607 κίνησις’
758 1541 855 1609 τῆς
884 1539 941 1592 δὲ
980 1539 1204 1610 λογικῆς
1238 1541 1331 1593 καὶ
1361 1542 1574 1612 νοερᾶς,
1609 1542 1641 1609 ἡ
1670 1539 1929 1603 αὐτεξού-

352 1646 489 1691 σιος.
517 1629 578 1680 Εἰ
612 1624 703 1681 οὖν
738 1629 881 1681 κατὰ
912 1628 1074 1695 φύσιν
1104 1630 1365 1698 πρόσεστι
1400 1634 1465 1699 τῇ
1498 1633 1697 1699 φυτικῇ
1732 1632 1764 1699 ἡ
1800 1646 1927 1699 τρε-

2093 1075 2234 1127 Inest
2286 1070 2484 1123 homini
2521 1086 2553 1120 a
2592 1077 2784 1119 natura
2835 1065 3099 1118 voluntas.
3136 1090 3203 1099 —
3231 1056 3383 1124 Quod
3424 1067 3604 1110 autem

2028 1165 2287 1219 voluntas
2309 1140 2522 1214 homini
2570 1160 2699 1212 insit
2733 1173 2762 1210 a
2795 1164 2992 1209 natura
3018 1157 3061 1218 ⁸,
3094 1154 3223 1206 hinc
3259 1152 3607 1221 perspicuum

2030 1263 2133 1310 est.
2169 1251 2303 1307 Nam
2360 1258 2561 1319 printer
2594 1248 2833 1301 divinam
2868 1254 2982 1300 tres
3043 1254 3173 1299 sunt
3217 1243 3340 1296 vita:
3374 1243 3605 1309 species,

2031 1353 2318 1413 vegetans,
2346 1341 2611 1403 sentiens,
2664 1354 2727 1392 ac
2759 1338 3087 1406 intelligens.
3136 1334 3448 1405 \‘egetantis
3481 1347 3609 1386 vero

2034 1434 2330 1505 peculiaris
2381 1443 2463 1487 est
2503 1441 2683 1485 motus
2720 1431 2811 1484 ille
2858 1427 3159 1490 nutriendi,
3200 1424 3527 1496 augescendi
3558 1432 3611 1477 ct

2033 1525 2331 1598 generandi
2366 1544 2384 1593 ;
2425 1524 2737 1588 sentientis,
2766 1532 2948 1576 motus
3003 1518 3350 1590 impulsionis
3383 1536 3397 1583 ;
3441 1515 3611 1570 ratio-

2036 1622 2177 1675 nalis
2209 1628 2264 1675 et
2296 1619 2671 1689 intelligentis,
2707 1625 2892 1671 motus
2926 1616 3082 1669 liber.
3131 1613 3313 1679 Quare
3366 1614 3409 1667 si
3451 1626 3612 1683 vege-

351 1719 544 1785 πτικὴ,
568 1718 662 1770 καὶ
683 1720 746 1787 τῇ
779 1717 1121 1786 αἱσΟητικῇή
1153 1697 1270 1769 καθ’
1298 1697 1477 1788 ὁρμὴν
1517 1697 1762 1788 κίνησις,
1786 1697 1927 1771 κατὰ

2052 1714 2177 1766 ,ειηιί
2211 1712 2545 1767 naturaliter
2595 1712 2736 1764 inest
2769 1718 2953 1763 motus
3001 1705 3277 1760 nutriendi
3308 1723 3321 1770 ;
3354 1705 3611 1759 sentienti

354 1810 520 1879 φύσιν
549 1809 656 1878 ἄρα
691 1809 955 1879 πρόσεστι
982 1812 1048 1878 τῇ
1084 1811 1274 1880 λογικῇ
1313 1812 1407 1863 καὶ
1436 1814 1595 1881 νοερᾷ
1627 1814 1659 1881 ἡ
1684 1809 1935 1874 αὐτεξού-

354 1918 471 1965 σιος
493 1919 506 1932 ·
554 1901 969 1969 αὐτεξουσιότης
1019 1901 1074 1952 δὲ
1107 1903 1258 1954 οὐδὲν
1284 1902 1469 1971 ἕτερον
1512 1906 1681 1965 ἐστιν,
1710 1906 1756 1957 εξ
1794 1905 1868 1973 μὴ
1903 1907 1935 1974 ή

356 1994 579 2062 Θέλησις
599 2007 611 2021 ·
644 1989 885 2059 γεγονὼς
909 1990 1089 2042 τοίνυν
1115 1993 1142 2043 6
1167 1992 1341 2057 Λόγος
1374 1990 1509 2061 σὰρξ
1547 1991 1810 2062 ἔμψυχος,
1843 1996 1938 2047 καὶ

355 2086 542 2155 νοερὰ,
570 2085 662 2137 καὶ
695 2083 1060 2149 αὐτεξούσιος,
1089 2084 1279 2151 γέγονε
1325 2086 1419 2137 καὶ
1454 2085 1758 2155 Θελητικός.

435 2355 555 2407 Ἔτι
581 2352 841 2406 ὰδὶδακτά
873 2353 979 2403 εἰσι
1015 2350 1081 2404 τὰ
1106 2352 1312 2419 φυσικά
1334 2369 1346 2382 ·
1382 2352 1556 2415 οὐδεὶς
1584 2354 1691 2423 γὰρ
1727 2353 1938 2420 λογίζε-

356 2448 510 2511 σθαι,
536 2448 568 2513 ἢ
611 2446 728 2516 ζῇν,
758 2447 789 2516 ἦ
829 2449 1042 2516 πεινῆν,
1081 2445 1108 2513 ἢ
1142 2445 1322 2515 διψῇν,
1356 2445 1387 2515 ἢ
1422 2446 1624 2498 ὺπνοῦν
1658 2446 1938 2515 μανθάνει.

356 2539 499 2593 Οὔτε
520 2539 577 2592 δὲ
608 2539 781 2593 θέλειν
810 2539 1155 2609 μανθάνομεν
1176 2554 1190 2568 '
1228 2538 1367 2590 ὥστε
1394 2538 1621 2607 φυσικὸν
1651 2539 1710 2592 τὸ
1741 2538 1937 2593 θέλειν.

438 2800 550 2853 Καὶ
576 2800 739 2853 πάλιν
762 2814 776 2829 ·
812 2800 860 2852 εἰ
889 2799 947 2852 ὲν
985 2799 1226 2867 ἀλόγοις,
1256 2800 1377 2867 ἄγει
1411 2801 1563 2871 μὲνὴ
1600 2800 1785 2867 φύσις,
1809 2800 1941 2868 ἄγευ

359 2907 457 2944 ται
482 2891 538 2943 δὲ
568 2893 626 2943 ὲν
652 2890 726 2960 τῷ
759 2890 1051 2960 ἀνθρώπῳ,
1085 2890 1502 2955 ἐξουσιαστικῶς
1539 2892 1679 2943 κατὰ
1727 2891 1944 2963 θέλησιν

361 2983 692 3053 κινουμένῳ,
718 2983 826 3052 ἄρα
847 2982 1005 3051 φύσει
1034 2982 1311 3053 θελητικὸς
1340 2984 1368 3034 6
1394 2983 1697 3053 ἄνθρωπος.

439 3159 548 3211 Καὶ
568 3159 728 3212 πάλιν
749 3176 761 3190 ο
792 3161 839 3211 εἰ
867 3162 985 3213 κατ’
1016 3160 1199 3213 εἰκόνα
1217 3160 1315 3229 τῆς
1346 3162 1623 3231 μακαρίας
1645 3162 1737 3214 καὶ
1768 3163 1939 3233 ὑπερ-

363 3251 549 3302 ουσεου
584 3250 837 3320 Θεὸτητος
867 3254 895 3303 6
918 3251 1205 3321 ἄνορωπος
1240 3252 1532 3322 γεγένηται
1554 3271 1567 3284 ο
1594 3254 1942 3319 αὐτεξούσιος

364 3344 427 3396 δὲ
452 3343 609 3409 φύσει
640 3343 735 3394 καὶ
768 3342 1025 3412 θελητικὴ
1052 3344 1083 3412 ἡ
1136 3343 1256 3395 Beia
1278 3344 1459 3411 φύσις,
1520 3346 1624 3416 ἄρα
1655 3347 1748 3399 καὶ
1780 3349 1807 3400 ὁ
1846 3348 1943 3402 ἄν·

368 3434 612 3503 ορωπος,
668 3434 744 3496 ὡς
807 3435 974 3502 αὐτῆς
1022 3434 1204 3498 εἰκὼν,
1235 3435 1584 3500 αὑτεξούσιος
1627 3438 1788 3506 φύσει
1842 3439 1941 3491 καὶ

369 3526 676 3595 Θελητικός.
708 3526 782 3577 Τὸ
814 3527 921 3595 γὰρ
956 3526 1326 3593 αὐτεξούσιον,
1360 3528 1579 3599 Θέλησιν
1608 3530 1876 3600 ὡρίσαντο
1897 3536 1945 3586 οἱ

374 3620 638 3689 ΙΙατέρες.

452 3804 474 3834 ⁸
515 3802 656 3855 Max.
693 3802 838 3856 Dial.
872 3818 989 3854 cum
1027 3801 1255 3870 Pyrrho.

2048 1821 2203 1869 vero,
2224 1811 2405 1858 motus
2436 1802 2817 1871 impnlsionis;
2848 1798 3173 1851 naturaliter
3196 1795 3421 1866 proinde
3452 1796 3615 1849 ratio-

2040 1897 2154 1950 nali
2182 1908 2233 1951 et
2268 1894 2594 1964 intelligenti
2617 1893 2775 1949 adest
2820 1900 3002 1946 motus
3039 1889 3197 1945 liberi
3238 1889 3470 1943 arbitrii.
3511 1890 3610 1942 Ar-

2040 1988 2187 2042 bitrii
2220 2002 2386 2057 porro
2416 1988 2642 2040 libertas
2675 1984 2805 2038 nihil
2840 1982 2985 2037 aliud
3012 1990 3116 2043 est,
3152 1996 3313 2049 quam
3338 1981 3611 2033 voluntas.

2042 2077 2199 2133 Unde
2233 2094 2355 2132 cum
2392 2076 2629 2130 Verbum
2664 2090 2792 2130 caro
2837 2074 3099 2135 animata,
3152 2079 3205 2125 et
3258 2070 3615 2137 intelligentia

2042 2172 2368 2240 arbitriique
2394 2170 2646 2224 libertate
2698 2167 2924 2236 praedita
2982 2165 3185 2219 factum
3240 2162 3331 2227 sit,
3395 2160 3616 2214 volendi

2042 2278 2259 2332 quoque
2280 2259 2544 2315 facultate
2576 2259 2909 2312 instructum
2944 2256 3175 2309 exstitit.

2116 2353 2337 2417 Deinde,
2390 2368 2453 2407 ea
2496 2367 2617 2419 quae
2648 2348 2924 2404 naturalia
2972 2355 3103 2402 sunt
3160 2343 3449 2411 disciplina
3506 2354 3615 2395 non

2044 2456 2457 2514 comparantur.
2497 2442 2688 2511 Neque
2718 2440 2861 2496 enim
2896 2437 3186 2507 quisquam
3211 2442 3315 2514 est,
3346 2432 3439 2502 qui
3463 2430 3617 2501 cogi-

2043 2546 2162 2591 tare
2188 2536 2386 2598 discat,
2417 2544 2511 2589 aut
2541 2536 2745 2597 vivere,
2780 2542 2871 2585 aut
2902 2530 3061 2589 fame.
3097 2527 3182 2580 vel
3219 2513 3307 2581 si'ti
3344 2526 3618 2591 laborare,

2045 2639 2139 2681 aut
2169 2627 2433 2682 dormire.
2466 2626 2633 2696 Atqui
2663 2640 2761 2679 nec
2786 2624 2952 2679 etiam
2985 2621 3123 2676 velle
3164 2619 3430 2674 discimus
3464 2637 3476 2671 :
3517 2618 3619 2688 igi-

2050 2725 2139 2770 tur
2165 2715 2415 2770 naturale
2444 2724 2530 2770 est
2560 2716 2704 2784 quod
2734 2713 2987 2766 velimus.

2122 2806 2187 2858 Et
2211 2822 2430 2869 rursus,
2473 2806 2518 2861 si
2573 2806 2627 2858 in
2678 2804 2855 2859 brutis
2915 2809 3109 2855 natura
3165 2798 3315 2852 ducit
3349 2813 3412 2851 ac
3459 2797 3617 2867 regit,

2046 2897 2272 2953 ducitur
2328 2906 2512 2951 autem
2568 2897 2623 2949 in
2659 2894 2899 2954 homine,
2940 2892 3117 2960 utqui
3148 2891 3316 2944 libera
3354 2896 3621 2958 potestate

2053 3005 2149 3059 per
2173 2989 2511 3042 voluntatem
2544 2995 2826 3041 moveatur
2858 3002 2873 3051 ;
2924 2983 3195 3052 sequitur,
3226 2990 3285 3035 ut
3319 2981 3480 3035 homo
3522 2996 3621 3034 vo-

2051 3080 2193 3135 lendi
2219 3079 2481 3134 facultate
2510 3085 2703 3146 suapte
2737 3086 2932 3129 natura
2962 3076 3272 3128 instructus
3314 3073 3407 3126 sit.

2118 3171 2364 3226 Liberum
2401 3169 2680 3223 arbitrium
2717 3169 2831 3234 ipsa
2867 3166 3127 3220 voluntas.
3158 3193 3227 3201 —
3258 3163 3321 3216 Et
3370 3179 3612 3225 rursum,

2048 3262 2096 3319 si
2127 3260 2194 3314 ad
2259 3261 2429 3314 beata:
2485 3267 2539 3312 et
2594 3256 3069 3327 superessenlialis
3119 3254 3420 3307 divinitatis
3453 3255 3615 3323 227

2048 3350 2337 3421 imaginem
2369 3349 2627 3403 conditus
2662 3354 2746 3401 est
2792 3347 2974 3408 homo,
3010 3344 3251 3415 profecto
3273 3359 3397 3396 cum
3427 3353 3623 3398 natura

2046 3444 2232 3497 divina
2273 3441 2443 3495 libera
2480 3442 2574 3503 sit,
2607 3448 2659 3495 et
2691 3440 2892 3492 virtute
2922 3436 3135 3490 volendi
3193 3446 3387 3504 suapte
3427 3444 3625 3490 natura

2053 3534 2276 3603 polleat,
2311 3535 2474 3589 homo
2511 3548 2728 3603 quoque
2756 3533 2845 3600 qui
2896 3533 3015 3599 ejus
3074 3532 3252 3600 imago
3284 3540 3389 3594 est,
3430 3530 3624 3586 iisdem

2055 3641 2085 3679 a
2115 3635 2308 3679 natura
2340 3628 2597 3693 prazditus
2632 3626 2754 3680 erit.
2792 3624 3002 3677 Etenim
3035 3622 3225 3676 Patres
3257 3622 3486 3675 liberum
3534 3637 3625 3675 ar-

2056 3719 2276 3771 bitrium
2318 3720 2649 3772 voluntatem
2672 3732 2796 3773 esse
2828 3715 3176 3770 detinierunt.

1899 3949 2126 4011 ΝΟΤΑΞ.

377 4058 504 4113 dem
537 4058 734 4127 quippe
767 4064 1093 4127 sententiam
1137 4061 1360 4108 naturas
1391 4048 1770 4127 conspirasse:
1808 4052 1946 4106 alio-

378 4128 475 4197 qui
510 4122 651 4181 enim
703 4127 823 4179 dure
850 4126 960 4191 jam
1004 4138 1250 4197 personae
1295 4122 1668 4197 exstitissent.
1694 4130 1948 4197 _propte_r

380 4191 751 4252 diversitatem
814 4191 1229 4248 sententiarum.
1284 4191 1647 4259 Quamobrem
1685 4191 1855 4260 Epist.
1886 4192 1948 4245 de

382 4271 543 4323 duab.
572 4270 768 4321 volunt.
827 4266 1082 4319 observat
1116 4264 1319 4318 idcirco
1351 4263 1742 4317 Monotheletas
1777 4263 1828 4314 in
1864 4277 1950 4313 er-

384 4354 563 4392 rorem
591 4336 904 4403 impegisse,
927 4336 1096 4403 quod,
1124 4335 1269 4388 velut
1293 4335 1420 4386 olim
1450 4332 1813 4403 Nestoriuset
1843 4330 1951 4384 Eu-

384 4409 570 4478 tyches
602 4401 845 4459 naturam
872 4420 901 4456 a
932 4401 1161 4478 persona
1182 4418 1286 4456 non
1308 4403 1698 4478 distinxerant,
1721 4401 1794 4454 illi
1815 4416 1950 4467 quo-

383 4472 489 4546 q'ue
539 4478 869 4531 voluntatem
912 4472 1215 4542 γνωμικὴν,
1285 4472 1627 4546 arbitrarium
1682 4473 1950 4539 (quamet

383 4542 756 4612 ὑποστατικὴν
796 4546 1055 4612 appellat)
1089 4560 1116 4595 a
1156 4542 1391 4595 naturali
1434 4558 1552 4612 nou
1574 4546 1943 4612 secernerent.

381 4618 560 4677 Οὕτω,
594 4617 685 4666 καὶ
714 4610 1272 4682 λιοῖςΜονοθελήταις,
1296 4613 1357 4663 τὸ
1390 4611 1685 4682 μή“εἱδεῖναι
1716 4610 1812 4682 τὴν
1836 4610 1950 4660 δια-

383 4688 557 4755 φορὰν
576 4685 669 4737 τοῦ
697 4684 949 4755 φυσικοῦ,
984 4686 1073 4755 καλ
1104 4679 1193 4755 ’ἑοῦ
1223 4679 1587 4733 ὑποσταιικοῦ
1626 4680 1946 4748 Οελὴματος,

387 4751 627 4809 ἑουτέστι
660 4753 755 4805 τοῦ
790 4751 1090 4823 γπλωμικοῦ.
1128 4752 1195 4823 At
1220 4752 1346 4823 quia
1373 4753 1519 4804 istmc
1559 4765 1663 4801 una
1703 4751 1950 4802 voluntas

385 4826 680 4878 arbitraria
730 4824 861 4875 nihil
897 4821 979 4874 est
1034 4822 1177 4875 aliud
1216 4822 1317 4873 nisi
1356 4828 1543 4873 mutua
1582 4821 1947 4877 voluntatum,

384 4896 582 4948 divina:
628 4905 681 4947 et
712 4894 981 4951 humanm,
1014 4893 1323 4950 consensio,
1355 4892 1481 4942 hinc
1535 4892 1784 4956 sequitur
1842 4903 1948 4939 non

386 4982 496 5019 uno
524 4964 822 5030 eodemque
849 4972 972 5014 actu
1008 4978 1128 5016 eam
1158 4961 1423 5019 exerceri,
1444 4962 1535 5013 sed
1563 4959 1793 5030 duobus,
1820 4972 1953 5030 quo-

388 5052 508 5089 rum
541 5050 681 5087 unus
711 5028 908 5085 divinae
956 5032 1026 5085 sit
1057 5031 1376 5099 imperantis
1414 5039 1462 5081 et
1515 5029 1773 5098 regentis,
1816 5028 1953 5079 alter

388 5106 641 5157 humanze
696 5104 867 5155 libere
906 5100 1279 5167 obsequentis.
1330 5098 1608 5164 Quinimo,
1646 5099 1747 5149 hoc
1788 5111 1951 5149 unum

385 5175 599 5243 θέλημα
630 5170 1198 5243 γνωμικὸν,ᾲυοιιιηιαδ
1237 5186 1300 5223 ea:
1339 5170 1623 5230 arbitratu,
1656 5168 1795 5220 idem
1830 5182 1954 5234 pro-

387 5241 639 5312 prie-Vest,
672 5258 733 5294 ac
769 5241 991 5309 Οελητὸν
1028 5257 1244 5312 unum,
1272 5256 1359 5312 res
1394 5255 1498 5290 una
1532 5253 1691 5305 quam
1724 5244 1954 5302 utraque

386 5310 641 5369 voluntas
669 5312 818 5370 velit.
848 5326 965 5370 seu,
995 5320 1051 5363 ut
1080 5310 1247 5363 nostri
1282 5311 1600 5377 loquuntur.
1631 5324 1735 5359 una
1763 5321 1841 5377 res
1868 5321 1955 5357 vo-

386 5387 507 5437 lita.
564 5384 638 5435 Ita
693 5381 983 5441 Maximus,
1022 5380 1154 5432 dial.
1185 5379 1273 5430 cit.
1328 5376 1718 5445 interpretatur
1748 5376 1953 5427 dictum

386 5454 565 5507 simile
592 5452 833 5516 Patrum,
863 5466 1022 5503 unam
1056 5466 1166 5502 esse
1193 5449 1285 5501 Dci
1308 5459 1355 5500 et
1382 5453 1685 5500 sanctorum
1716 5444 1956 5498 volunta-

388 5534 505 5577 tem.
552 5522 639 5574 Sic
672 5522 868 5575 NOSIer
908 5520 1047 5572 infra
1078 5520 1145 5569 ait
1191 5538 1202 5571 :
1242 5519 1505 5582 Quoniam
1556 5533 1690 5568 unus
1721 5516 1957 5580 idemque

388 5593 632 5644 Christus
666 5601 764 5652 est,
794 5592 882 5659 qui
919 5600 1139 5659 utraque
1174 5598 1367 5640 natura
1400 5587 1529 5644 vnit,
1570 5586 1701 5659 idem
1742 5583 1958 5659 proinde

392 5662 674 5714 rotuntatis
707 5654 818 5727 ejus
850 5676 959 5712 esse
989 5658 1278 5724 subjectum
1320 5659 1571 5709 dicemus.
1617 5655 1864 5727 Photius,
1904 5654 1955 5703 in

322 5776 329 5781 _
390 5741 624 5785 tractatu
658 5724 790 5801 Περὶ
837 5730 944 5781 τῶν
986 5728 1275 5797 γνωμικῶν
1328 5727 1647 5795 Οεληματων
1689 5724 1781 5777 ἐπὶ
1822 5724 1955 5790 Χρι-

2058 4054 2205 4117 στοῦ,
2252 4054 2325 4107 De
2378 4050 2735 4108 voluntatibus
2769 4052 3073 4109 arbitrariis
3124 4056 3177 4109 in
3221 4056 3457 4120 Christo,
3497 4058 3627 4111 dum

2056 4124 2271 4177 Maximi
2302 4140 2522 4178 sensum
2548 4133 2779 4177 conatur
2802 4126 3094 4192 explicare,
3132 4126 3501 4181 diﬂicnltatem
3535 4142 3631 4181 au-

2057 4202 2178 4263 get;
2224 4208 2287 4246 ac
2322 4195 2366 4247 si
2402 4205 2627 4248 sanctus
2668 4192 2953 4247 confessor
2994 4196 3326 4248 voluntatem
3361 4198 3633 4251 duntaxat

2058 4265 2385 4323 naturalem,
2424 4270 2551 4333 puta
2581 4263 2927 4325 comedendi,
2948 4265 3189 4328 bibendi,
3222 4266 3461 4334 fugiendi
3488 4283 3628 4320 mor.

2060 4341 2166 4386 tem
2212 4334 2430 4386 Christo
2466 4334 2821 4399 concesserit,
2855 4350 2960 4387 non
2999 4336 3100 4388 hoc
3132 4336 3215 4389 vel
3259 4337 3388 4390 illud
3412 4336 3630 4397 edendi,

2062 4402 2322 4476 bibendi,
2358 4403 2636 4476 loquendi,
2691 4412 2796 4459 etr.
2829 4402 2937 4476 Nec
2992 4405 3130 4459 male
3182 4404 3473 4476 G_retserus
3509 4422 3631 4459 eum

2059 4472 2281 4552 refellit,
2312 4473 2452 4538 apud
2492 4472 2831 4552 $tewn_rt_._in
2864 4473 3157 4552 Catulecmn.
3197 4473 3499 4552 Turrianus
3534 4477 3633 4527 hoe

2060 4543 2252 4595 incerti
2305 4543 2551 4596 auctoris
2592 4545 2858 4597 seholium
2915 4546 3087 4609 aliert,
3124 4560 3231 4607 quo
3263 4544 3491 4596 Photius
3527 4546 3631 4597 sibi

2057 4628 2165 4664 non
2198 4626 2451 4669 constare
2504 4614 2813 4665 ostenditur
2846 4630 2859 4665 :
2905 4615 3027 4678 Πῶς
3060 4614 3274 4680 λέγεται
3307 4613 3541 4666 ἐνταῦοα
3577 4614 3634 4664 ἓν

2057 4680 2336 4753 γνωμικὸν
2374 4683 2464 4753 ἐπὶ
2514 4680 2750 4750 Χριστοῦ
2813 4683 3043 4753 Οέλημα,
3095 4681 3362 4751 πολλαχοῦ
3387 4683 3635 4751 διαϐολὴν

2059 4749 2270 4819 ἔχοντος
2302 4752 2394 4803 τοῦ
2426 4749 2858 4820 παρείισαγοντος
2899 4749 2997 4822 τῆν
3039 4753 3194 4816 δόξαν
3224 4749 3459 4822 tati-tm;
3492 4749 3636 4817 Q‘uo-

2060 4836 2199 4899 nan‘r
2235 4832 2388 4899 pacto
2423 4824 2506 4873 hic
2543 4823 2737 4899 dicitur
2766 4839 2869 4873 una
2923 4840 3032 4875 esse
3070 4824 3361 4876 arbitraria
3394 4823 3635 4875 voluntas

2060 4890 2112 4941 in
2139 4888 2368 4952 Christo,
2404 4893 2614 4960 quando
2646 4909 2781 4955 swpe
2808 4894 2858 4943 in
2896 4894 3091 4945 crinwn
3121 4894 3253 4945 venit
3278 4894 3489 4960 (utique
3524 4892 3634 4945 Ine-

2062 4961 2200 5030 rosis
2236 4960 2686 5030 MonotheleliCm)
2726 4962 2813 5013 ille
2841 4964 2931 5028 qui
2968 4965 3265 5030 opinionem
3295 4962 3430 5014 hanc
3464 4962 3635 5015 intro-

2061 5027 2241 5082 ducit?
2268 5030 2516 5082 Profecto
2543 5028 2807 5084 slaximus
2842 5027 3319 5099 Damascenusque
3342 5033 3427 5083 his
3465 5032 3639 5099 ha’re-

2061 5100 2187 5149 ticis
2226 5100 2401 5152 locum
2438 5102 2599 5152 istum
2642 5099 3009 5167 objectaruut,
3043 5103 3207 5153 Marc.
3236 5098 3333 5165 vn,
3362 5102 3431 5153 24
3462 5117 3473 5151 :
3503 5098 3637 5153 Sur-

2060 5184 2183 5236 gens
2202 5169 2358 5221 Jesus
2399 5170 2528 5221 abiit
2565 5172 2617 5221 in
2653 5171 2780 5236 lines
2809 5170 2931 5236 Tyri
2978 5180 3027 5223 et
3074 5171 3319 5233 Sidonis;
3356 5184 3402 5223 et
3435 5172 3636 5237 ingres-

2062 5254 2152 5289 sus
2190 5240 2240 5288 in
2281 5240 2517 5299 domum,
2571 5240 2825 5291 neminem
2872 5240 3032 5292 voluit
3062 5243 3215 5299 scire,
3257 5252 3305 5292 et
3337 5258 3441 5294 non
3468 5244 3638 5304 potuit

2063 5307 2245 5379 (patere.
2300 5308 2373 5360 E\'
2398 5324 2505 5375 quo
2557 5308 2861 5361 inferebant
2897 5320 3048 5362 certa
3083 5311 3358 5379 quondam
3401 5311 3638 5362 voluisse

2063 5376 2341 5431 Christum
2397 5380 2630 5430 humana
2680 5381 2979 5439 voluntate,
3013 5376 3133 5447 qua:
3162 5381 3343 5433 divina
3384 5380 3638 5433 voluntas

2066 5456 2327 5513 pnestare
2359 5448 2543 5500 nollet.
2603 5448 2869 5512 Quocirca
2904 5449 3190 5511 Maximus,
3229 5451 3321 5504 lih.
3366 5449 3438 5502 De
3475 5448 3635 5500 duub.

2052 5517 2181 5594 ‘rol_._
2204 5532 2256 5581 ιι.
2294 5517 2706 5594 l05,_concedit
2738 5518 2958 5571 Christo
2982 5521 3294 5594 voluntates
3331 5518 3638 5586 γνωμικὰς,

2067 5584 2385 5637 arbitrarias
2410 5586 2569 5645 duas,
2603 5589 2645 5640 si
2674 5600 3004 5640 censeantur
3024 5584 3377 5642 essentialiter
3400 5590 3640 5651 direrste,

2068 5656 2123 5705 ei
2152 5655 2249 5721 μὲν
2281 5655 2355 5718 ὡς
2384 5658 2500 5708 κατ’
2534 5657 2721 5729 ουσίαν
2755 5657 2989 5728 διάφορα
3008 5700 3021 5721 ,
3058 5658 3211 5726 κάγὼ
3240 5659 3463 5729 δέχομαι
3484 5675 3496 5688 ·
3550 5674 3641 5711 ne-

2068 5740 2328 5793 quaquam
2364 5742 2501 5791 vero,
2536 5728 2581 5780 si
2612 5730 2895 5781 contraria:
2929 5742 2975 5783 et
2996 5728 3246 5784 adversae.
