3996 6212
441 311 579 378 1039
1628 301 1688 359 S.
1723 296 2043 359 JOANNIS

2145 293 2504 354 \MASCEXI
3557 287 3672 354 1040

509 420 591 476 Ad
633 415 748 474 hate
788 417 1014 485 insuper
1061 415 1102 479 ‘,
1135 413 1180 468 si
1232 412 1444 468 cunctis
1499 411 1816 465 hominibus
1879 409 2016 462 velle

2194 405 2314 457 Ἔτι
2337 404 2394 456 δὲ
2421 405 2472 455 εξ
2501 404 2665 455 πᾶσιν
2695 398 3006 470 ἀνθρώποις
3053 396 3359 468 ἐνυπάρχει
3403 397 3460 449 τὸ
3499 395 3672 456 θέλειν,

439 511 606 572 inest,
635 522 700 563 ac
739 521 851 561 non
889 514 948 557 ut
988 503 1322 574 quibusdam
1353 503 1506 562 insit,
1544 499 1876 571 quibusdam
1908 513 2020 552 non

2145 499 2217 549 ιαὶ
2240 499 2302 549 οὐ
2325 498 2440 556 τοῖς
2474 494 2572 564 μὲν
2614 495 2933 561 ἐνυπάρχει,
2971 494 3084 554 τοῖς
3117 491 3177 544 δὲ
3231 490 3334 543 οὐκ
3369 490 3640 558 ἐνυπάρχει
3660 507 3672 521 ο

443 603 578 658 insit
610 596 1061 668 ;proculdubio,
1100 610 1225 649 cum
1268 595 1319 647 id
1351 591 1497 664 quod
1546 591 1910 646 communiter
1964 591 2022 642 in

444 691 704 747 omnibus
729 685 1140 749 consideratur,
1163 693 1377 736 natura:
1405 691 1592 734 notam
1640 681 1695 733 in
1756 677 2025 746 subjectis

447 782 498 837 ei
547 777 848 833 individuis
882 775 1179 843 exprimat,
1231 771 1398 825 homo
1453 769 1670 824 volendi
1711 769 2024 822 facultatem

447 873 634 926 habet.

519 965 597 1018 Ac
626 975 844 1024 rursus,
877 959 921 1013 si
955 966 1149 1011 natura
1199 971 1299 1011 nec
1336 956 1530 1026 magis,
1567 969 1667 1009 nec
1711 955 1893 1006 minus
1943 967 2028 1006 re-

448 1056 602 1125 cipit,
633 1067 767 1108 sane
789 1065 913 1104 cum
944 1048 1202 1102 omnibus
1227 1062 1474 1116 peraeque
1495 1046 1631 1100 velle
1654 1046 1806 1105 insit,
1831 1059 1894 1096 ac
1918 1058 2029 1098 non

448 1148 574 1201 aliis
602 1145 848 1204 uberius,
885 1141 1011 1194 aliis
1031 1139 1278 1209 parcius,
1316 1153 1381 1192 ex
1413 1146 1608 1190 natura
1648 1151 1745 1191 sua
1803 1135 2032 1204 proinde

450 1236 668 1290 valendi
706 1235 1020 1290 facultatem
1067 1232 1335 1302 pmditus
1387 1239 1475 1284 est
1529 1230 1747 1282 homo:
1807 1244 1873 1282 ex
1925 1241 2034 1297 quo

448 1327 704 1390 efﬁcitur,
760 1335 820 1380 ut
885 1339 1009 1379 cum
1065 1324 1229 1378 homo
1291 1323 1493 1376 virtute
1542 1321 1758 1375 volendi
1810 1322 2030 1389 polleat,

451 1439 514 1477 ea
546 1421 737 1475 itidem
795 1419 1116 1472 naturaliter
1148 1417 1344 1485 polleat
1384 1415 1667 1475 Dominus,
1706 1428 1814 1467 non
1870 1412 2034 1466 modo

453 1527 564 1582 qua
595 1510 740 1566 Deus
768 1518 874 1573 est,
906 1508 1000 1564 sed
1034 1509 1198 1562 etiam
1254 1522 1360 1575 qua
1405 1506 1586 1560 factus
1635 1506 1822 1559 homo.
1877 1502 2036 1556 Sicut

452 1601 598 1655 enim
633 1609 886 1654 naturam
920 1604 1168 1652 nostram
1217 1596 1541 1666 assumpsit,
1586 1595 1667 1650 sic
1689 1604 1743 1649 et
1779 1595 2034 1648 volunta—

457 1699 566 1747 tem
616 1698 864 1746 nostram
905 1704 972 1744 ex
1003 1687 1198 1744 ordine
1237 1695 1453 1741 natura:
1498 1685 1817 1755 assumpsit.
1859 1685 2036 1754 Atque

2123 590 2186 642 τὸ
2212 589 2268 640 δὲ
2299 585 2499 648 κοινῶς
2527 586 2694 637 πᾶσιν
2727 580 3191 652 ὲνθεωρούμενον,
3227 580 3393 648 φύσιν
3425 597 3675 649 χαρακτη-

2127 682 2265 754 ρίζει
2290 682 2347 731 ἐν
2377 681 2492 742 τοῖς
2520 678 2612 731 ὑπ’
2641 677 2776 729 αὐτὸ
2796 677 3022 746 ἀτόμοις
3045 690 3060 705 ⁸
3091 675 3206 744 ἄρα
3231 672 3394 741 φύσει
3426 671 3677 740 Belgi-.26;

2125 773 2154 824 6
2184 769 2492 839 ἄνθρωπος.

2200 954 2311 1006 Καὶ
2359 947 2514 1012 αὖθις
2537 964 2550 976 °
2603 950 2651 1000 εἰ
2683 949 2741 1000 τὸ
2779 945 2978 1016 μᾶλλον
3015 944 3111 995 καὶ
3165 937 3390 1012 ἦττονή
3421 938 3570 1007 φύσις
3595 939 3678 994 οὐκ

2133 1045 2461 1112 ἐπιδέχεται,
2492 1042 2688 1110 ἐπίσης
2710 1039 2764 1092 δὲ
2791 1040 2959 1091 πᾶσιν
2982 1034 3287 1103 ἐνυπάρχει
3311 1032 3374 1084 τὸ
3397 1031 3580 1096 θέλειν,
3602 1032 3680 1084 καὶ

2132 1139 2192 1190 οὐ
2216 1139 2328 1197 τοῖς
2360 1135 2458 1204 μὲν
2487 1133 2669 1194 πλέον,
2692 1133 2808 1192 τοῖς
2836 1129 2895 1181 δὲ
2922 1127 3148 1180 ἔλαττον
3166 1140 3180 1152 ·
3230 1123 3340 1194 ἄρα
3369 1121 3522 1192 φύσει
3547 1121 3678 1193 θελη-

2134 1230 2283 1291 τικὸς
2321 1230 2350 1280 6
2399 1227 2718 1296 ἄνθρωπος’
2761 1222 2902 1274 ὥστε
2942 1222 2991 1272 εἰ
3019 1217 3188 1286 φύσει
3232 1215 3511 1283 θελητικὸς
3551 1217 3576 1267 6
3601 1215 3680 1268 ἄν.

2136 1323 2370 1391 θρωπος,
2399 1319 2496 1371 καὶ
2517 1319 2546 1368 6
2576 1317 2801 1386 Κύριος,
2833 1314 2894 1366 οὐ
2922 1313 3083 1380 μόνον
3107 1308 3250 1362 καθὸ
3279 1306 3429 1369 Θεὸς,
3461 1305 3583 1358 ἀλλὰ
3604 1307 3681 1358 καὶ

2136 1414 2271 1467 καθὸ
2294 1412 2581 1479 ἄνθρωπος
2613 1409 2825 1476 γέγονε,
2874 1405 3036 1475 φύσει
3061 1401 3353 1470 θελητικός
3385 1402 3542 1452 ἐστιν.
3572 1400 3681 1450 Ὠσ-

2139 1522 2243 1574 περ
2262 1506 2371 1573 γὰρ
2407 1500 2423 1540 ¹
2463 1502 2560 1571 τὴν
2605 1499 2882 1570 ἡμετέραν
2915 1497 3080 1566 φύσιν
3135 1491 3421 1556 ἀνέλαϐεν,
3453 1489 3580 1544 οὕτω
3604 1493 3680 1545 καὶ

2136 1597 2196 1650 τὸ
2226 1597 2493 1666 ἡμέτερον
2520 1594 2732 1662 θέλημα
2757 1591 2921 1659 φύσει
2971 1600 3012 1626 ω
3051 1585 3391 1655 ἀνείληφεν⁸
3437 1584 3524 1636 καὶ
3563 1585 3681 1638 κατὰ

2138 1686 2296 1738 τοῦτο
2323 1685 2373 1737 οἱ
2400 1683 2642 1753 Ila-cepa;
2665 1681 2729 1733 τὸ
2756 1679 3026 1749 ἡμέτερον
3050 1677 3115 1728 ὲν
3143 1671 3329 1742 ἑαυτῷ
3356 1671 3582 1725 τυπῶσαι
3602 1671 3680 1727 αὖ·

457 1783 560 1837 hac
587 1781 801 1836 ratione
840 1780 1032 1834 Patres
1067 1793 1190 1833 eum
1246 1778 1579 1831 voluntatem
1613 1785 1856 1830 nostram
1889 1775 1941 1827 in
1974 1787 2032 1828 se

2145 1777 2225 1829 τὸν
2255 1776 2464 1845 ἔφησαν
2495 1773 2726 1842 θέλημα.

398 1925 421 1951 ,
457 1871 812 1941 expressisse
841 1870 1015 1922 aiunt.

393 1957 403 1965 ’
533 1962 592 2017 Si
628 1962 898 2017 naturalis
923 1961 1179 2015 voluntas
1213 1974 1318 2013 non
1350 1969 1454 2022 est,
1483 1969 1633 2014 certe
1661 1959 1743 2014 vel
1770 1972 2038 2028 persona-

459 2054 531 2109 lis
562 2053 668 2108 erit
707 2061 899 2107 contra
951 2061 1231 2105 naturam.
1269 2049 1324 2104 Si
1365 2050 1692 2120 personalis,
1737 2064 1870 2120 ergo
1917 2047 2040 2102 Filii

459 2144 717 2199 voluntas
743 2143 846 2197 hac
893 2144 1110 2197 ratione
1144 2156 1172 2195 a
1230 2155 1459 2210 paterna
1507 2141 1868 2210 discrepabit,
1907 2141 2041 2193 alia-

461 2249 570 2306 que
593 2234 742 2288 abea
774 2234 904 2288 erit.
938 2233 1151 2288 Etenim
1217 2233 1364 2304 quod
1409 2234 1698 2303 personale
1748 2244 1850 2296 est,
1914 2246 2042 2301 per-

464 2343 617 2386 sonas
651 2327 832 2382 solius
860 2324 1233 2396 exprimendae
1285 2325 1396 2378 vim
1457 2325 1641 2378 habet.
1698 2323 1796 2376 Sin
1861 2332 2041 2377 autem

464 2424 660 2474 contra
695 2423 948 2469 naturam
999 2423 1105 2478 est,
1155 2411 1394 2467 defectio
1445 2427 1476 2464 a
1539 2420 1736 2465 natura
1790 2410 2043 2464 voluntas

465 2509 597 2566 erit.
619 2507 753 2574 Quae
787 2507 933 2562 enim
956 2514 1173 2560 naturae
1213 2505 1442 2560 adversa
1474 2513 1627 2564 sunt,
1652 2503 1944 2556 destruunt
1980 2516 2043 2556 ea

467 2616 592 2674 quae
611 2609 821 2655 natura:
849 2597 1211 2654 conveniunt.

541 2692 746 2747 Rerum
772 2690 1022 2746 omnium
1047 2688 1191 2744 Deus
1223 2697 1278 2742 et
1300 2688 1463 2742 Pater
1491 2685 1628 2749 vult,
1654 2686 1737 2740 vel
1771 2696 2047 2755 quatenus

469 2785 654 2848 Pater,
694 2783 778 2837 vel
807 2788 1079 2852 quatenus
1120 2777 1284 2834 Deus.
1317 2778 1376 2832 Si
1414 2786 1690 2848 quatenus
1728 2776 1904 2838 Pater,
1941 2778 2047 2830 alia

471 2876 579 2932 erit
616 2874 738 2944 ejus
772 2873 1049 2937 voluntas,
1091 2871 1196 2925 alia
1246 2869 1406 2930 Filii;
1443 2885 1625 2938 neque
1682 2871 1829 2922 enim
1890 2868 2049 2923 Pater

471 2964 646 3021 Filius
684 2969 788 3019 est.
819 2963 918 3016 Sin
941 2969 1124 3014 autem
1166 2968 1440 3030 quatenus
1495 2958 1666 3020 Dens,
1715 2966 1864 3012 certe
1922 2974 2046 3012 cum

2213 1953 2278 2005 El
2328 1949 2556 2020 φυσικὸν
2615 1949 2714 2001 οὐκ
2744 1949 2860 2000 ἔστι
2911 1945 2974 1998 τὸ
3002 1944 3316 2015 θέλημα,ἧ
3368 1941 3682 1995 ὑποστατικὸν

2140 2043 2320 2105 ἔσται,
2353 2041 2387 2110 ἢ
2419 2039 2571 2108 παρᾶ
2600 2039 2793 2107 φύσινο
2828 2036 2944 2090 ἀλλ’
2971 2037 3019 2088 εἰ
3056 2035 3167 2104 μὲν
3197 2033 3558 2095 ὑποστατικὸν,
3580 2033 3681 2086 ἑτε-

2143 2132 2401 2203 ρόϐουλος
2448 2129 2622 2192 οὕτως
2668 2145 2730 2195 γε
2786 2127 2937 2179 ἔσται
2966 2127 2994 2178 6
3028 2124 3166 2187 Υἱὸς
3213 2123 3294 2194 τῷ
3322 2123 3504 2190 Πατρὶ·
3538 2121 3677 2191 μόνης

2144 2225 2256 2294 γὰρ
2281 2222 2633 2283 ὑποστάσεως
2657 2215 3170 2290 χαρακτηριστικὸν
3191 2255 3206 2280 ,
3259 2214 3320 2267 τὸ
3349 2212 3680 2266 ὑποστατικόν·

2142 2317 2194 2370 el
2235 2315 2291 2368 δὲ
2343 2313 2496 2383 παρὰ
2527 2312 2711 2381 φύσιν,
2764 2310 3039 2372 ἔκπτωσις
3065 2307 3180 2377 τῆς
3208 2305 3416 2375 φύσεως
3465 2305 3596 2357 ἔσται
3633 2303 3682 2355 τὸ

2145 2409 2386 2479 θέλημα·
2432 2406 2705 2478 φθαρτικὰ
2759 2403 2868 2474 γὰρ
2909 2401 3020 2456 τῶν
3060 2400 3216 2454 κατὰ
3247 2401 3434 2469 φύσιν,
3473 2397 3535 2450 τὰ
3560 2395 3686 2466 παρὰ

2146 2518 2326 2569 φυσιν.

2230 2685 2290 2736 '0
2323 2683 2431 2735 τῶν
2463 2682 2600 2734 ὅλων
2626 2679 2735 2749 γὰρ
2775 2689 2802 2715 ιι
2837 2676 2969 2739 Θεὸς
3003 2675 3100 2728 καὶ
3135 2671 3407 2742 Πατὴρ,ἦ
3444 2669 3560 2723 καθὸ
3595 2669 3684 2721 Ha-

2147 2775 2252 2846 τὴρ
2285 2774 2449 2835 θέλει,
2499 2773 2533 2842 ἣ
2571 2771 2707 2824 καθὸ
2744 2770 2898 2831 Θεός.
2947 2765 3092 2821 Ἀλλ’
3131 2768 3183 2819 εἰ
3219 2765 3316 2836 μὲν
3358 2763 3483 2816 καθὸ
3507 2759 3680 2829 Πατὴρ,

2149 2868 2280 2922 ἄλλο
2314 2865 2482 2919 αὑτοῦ
2518 2865 2672 2917 ἔσται
2699 2862 2760 2914 τὸ
2782 2861 2997 2930 θέλημα
3028 2859 3189 2930 παρὰ
3243 2857 3303 2909 τὸ
3334 2854 3423 2908 τοῦ
3450 2852 3582 2905 Υῐοῦ.
3622 2850 3681 2904 Οὐ

2151 2962 2260 3032 γὰρ
2293 2959 2483 3030 Πατὴρ
2503 2961 2532 3011 6
2561 2957 2712 3020 Υἱός.
2737 2956 2800 3008 Ei
2825 2954 2883 3007 δὲ
2914 2952 3050 3005 καθὸ
3077 2950 3239 3013 Θεὸς,
3289 2948 3415 3009 Θεὸς
3439 2947 3492 2999 δὲ
3512 2947 3538 2997 6
3561 2944 3679 3004 Υίὸς,

472 3056 647 3111 Filius
664 3068 883 3125 quoque
917 3051 1058 3107 Deus
1088 3050 1181 3114 sit,
1221 3053 1463 3121 itemque
1529 3048 1769 3119 Spiritus
1824 3061 2045 3103 sanctus

2151 3054 2286 3116 Θεὸς
2316 3053 2411 3105 καὶ
2437 3053 2499 3103 τὸ
2533 3048 2760 3116 Πνεῦμα
2790 3045 2852 3098 τὸ
2907 3045 3095 3113 ἆγιονο
3133 3043 3244 3114 ἄρα
3289 3040 3349 3094 τὸ
3386 3039 3573 3107 θέλημα
3601 3035 3681 3106 φύ-

473 3140 640 3211 Deus,
665 3117 1004 3201 voluntatem
1030 3151 1239 3197 naturae
1260 3117 1406 3206 esse,
1445 3117 1838 3204 natu-ralemve,
1872 3139 2045 3193 laten-

2154 3163 2312 3211 σεως,
2345 3146 2514 3214 ἤγουν
2547 3140 2794 3211 φυσικόν.

475 3239 607 3294 dum
627 3246 735 3293 est.

544 3330 838 3400 lnsuper,’
874 3328 919 3383 si
961 3341 1199 3398 quorum
1259 3325 1515 3379 voluntas
1561 3339 1668 3378 una
1710 3333 1814 3388 est,
1856 3324 2049 3378 horum

475 3422 663 3486 etiam,
698 3427 756 3475 ut
779 3419 967 3474 Patres
995 3424 1309 3481 senserunt,
1330 3430 1435 3470 una
1465 3423 1550 3471 est
1579 3416 1818 3470 essentia
1851 3431 1867 3468 :
1894 3429 2051 3479 sane,

479 3515 525 3572 si
557 3528 663 3569 una
685 3512 993 3568 divinitatis
1022 3509 1228 3566 Christi
1260 3515 1427 3578 atque
1460 3507 1823 3562 humanitatis
1847 3507 2047 3562 volun-

480 3616 567 3662 tas
607 3606 698 3669 sit,
756 3619 863 3658 una
922 3616 1140 3675 quoque
1192 3597 1461 3656 eteadem
1501 3613 1691 3654 earum
1748 3597 2056 3654 substantia

481 3695 605 3752 crit.

549 3788 628 3841 Ac
664 3801 877 3849 rursus,
907 3785 950 3840 si
977 3785 1043 3839 de
1079 3783 1303 3838 Patrum
1364 3783 1660 3848 sententia,
1699 3791 1906 3836 naturae
1944 3781 2059 3838 dis-

480 3876 690 3930 crimen
712 3875 764 3929 in
798 3889 905 3928 una
940 3873 1224 3927 voluntate
1280 3887 1387 3927 non
1429 3873 1629 3937 elucet,
1665 3887 1893 3927 necesse
1951 3879 2057 3935 est,

480 3974 542 4019 ut
571 3965 652 4020 vel
685 3978 850 4018 unam
881 3963 1119 4018 dicendo
1161 3963 1528 4027 voluntatem,
1573 3962 1825 4016 naturale
1861 3961 2060 4016 discri-

482 4072 606 4112 men
661 4072 768 4111 non
821 4055 1090 4120 dicamus,
1122 4053 1208 4110 vel
1269 4065 1587 4109 naturarum
1650 4054 2058 4110 distinctionem

483 4148 871 4219 praedicantes,
904 4147 1247 4202 voluntatem
1277 4161 1440 4200 unam
1476 4160 1585 4199 non
1621 4153 1950 4201 statuamus.

555 4237 633 4291 Ac
671 4251 887 4301 rursus,
921 4237 942 4270 ⁸
971 4240 1018 4291 si
1047 4244 1106 4289 ut
1131 4235 1186 4289 in
1215 4235 1406 4289 divine
1459 4233 1758 4302 Evangelia
1797 4234 2053 4294 habetur,

484 4325 767 4398 profectus
817 4325 1086 4382 Dominus
1117 4325 1170 4378 in
1217 4333 1399 4393 partes
1435 4322 1566 4393 Tyri
1604 4331 1658 4376 et
1717 4320 1963 4387 Sidonis,
2013 4333 2062 4377 et

2224 3327 2370 3389 Ἔτι,
2393 3323 2441 3375 εἰ
2469 3319 2611 3374 κατὰ
2637 3317 2766 3380 τοὺς
2793 3315 3068 3386 Πατέρας,
3089 3305 3171 3366 ὧν
3194 3311 3255 3366 τὸ
3277 3309 3477 3377 θέλημα
3498 3303 3565 3366 ἓν,
3585 3299 3680 3354 τού-

2153 3435 2259 3472 των
2281 3415 2374 3470 καὶ
2401 3415 2434 3484 ἡ
2463 3411 2621 3465 οὐσία
2652 3409 2769 3480 μία,
2799 3409 2856 3460 ἓν
2883 3407 2979 3459 καὶ
3003 3405 3224 3474 θέλημα
3253 3405 3350 3472 τῆς
3369 3399 3590 3467 θεότητος
3605 3390 3680 3484 τοῦ

2153 3481 2548 3580 Χριστοῦξκαὶ
2577 3505 2677 3573 τῆς
2727 3497 3153 3570 ἀνθρωπότητος
3207 3490 3372 3548 αὑτοῦ
3397 3508 3410 3521 ·
3460 3488 3556 3559 ἄρα
3602 3481 3680 3553 plu

2157 3601 2252 3654 καὶ
2279 3601 2313 3670 ἡ
2340 3595 2477 3666 αὑτὴ
2515 3593 2721 3647 τούτων
2753 3590 2908 3642 ἔσται
2937 3587 3034 3641 καὶ
3061 3588 3094 3655 ή
3136 3584 3316 3639 οὐσία.

2228 3775 2339 3828 Καὶ
2361 3771 2521 3826 πάλιν
2542 3784 2555 3798 ο
2592 3768 2664 3828 εἰ,
2697 3763 2840 3817 κατὰ
2865 3762 2991 3824 τοὺς
3018 3759 3294 3828 Πατέρας,
3340 3757 3373 3824 ἡ
3395 3751 3489 3820 τῆς
3507 3747 3679 3816 φύσεως

2159 3863 2395 3934 διαφορὰ
2429 3861 2508 3930 τῷ
2538 3859 2620 3912 ἑνὶ
2641 3856 2909 3925 θελήματι
2937 3851 2997 3903 οὐ
3037 3849 3398 3918 διαφαίνεται,
3422 3841 3624 3934 ἀνάγκη,
3651 3831 3677 3900 ἢ

2162 3962 2221 4014 ἓν
2253 3929 2753 4025 θέίιημαλέγοντας
2777 3943 3016 4015 φυσικὴν
3061 3943 3118 3994 ἐν
3163 3936 3384 4010 Χριστῷ
3420 3929 3679 4025 philyra!

2161 4015 2444 4115 διαφοράν,
2473 4041 2507 4111 ἢ
2539 4015 2775 4108 ιρυσικὴν
2796 4032 3058 4098 λέγοντας
3102 4025 3389 4098 διαφορὰν,
3417 4020 3472 4074 ἓν
3512 4015 3678 4084 θέλημα

2167 4139 2242 4210 μὴ
2267 4137 2473 4204 λέγειν.

2236 4198 2562 4288 Καὶ-αὖθιςο
2598 4225 2648 4276 εἰ
2674 4218 2858 4281 καθώς
2896 4232 3033 4288 φησι
3083 4213 3146 4266 τὸ
3191 4211 3332 4265 θεῖον
3382 4198 3677 4288 Εὐαγγὲλιον,

2165 4321 2334 4377 ἐλθὼν
2355 4321 2384 4373 ὁ
2414 4284 2617 4388 Κύριος
2645 4314 2724 4374 εις
2757 4312 2825 4364 τὰ
2858 4284 3000 4379 μέρή
3022 4305 3202 4376 Τύρου
3230 4302 3322 4356 καὶ
3357 4295 3579 4354 Σιδῶνος,
3604 4284 3681 4388 καθ

484 4376 764 4398 ,πρηγμ-
818 4376 1081 4382 κ-νη---η
1218 4376 1240 4393 τ
1351 4376 1390 4378 -κ
1484 4376 1503 4393 .,
1925 4376 1962 4387 κ,
2020 4376 2026 4377 γ

483 4422 751 4488 ingressus
769 4419 1005 4479 domum,
1041 4418 1296 4470 neminem
1321 4417 1456 4469 scire
1506 4415 1689 4479 voluit,
1745 4431 1837 4468 nec
1887 4424 2045 4470 tamen

2163 4413 2455 4470 εισελθὼν
2485 4376 2572 4476 ἑις
2600 4376 2792 4468 οἷκον,
2822 4376 3042 4456 οὖδὲφξα
3067 4398 3339 4488 ἠθέλησε
3353 4388 3565 4488 fuerat,
3603 4376 3678 4432 καὶ

484 4512 647 4566 latere
667 4512 839 4579 potuit
875 4511 920 4573 θ,
953 4507 1200 4577 profecto
1235 4521 1358 4560 cum
1393 4506 1576 4559 divina
1603 4507 1777 4575 ipsius
1805 4506 2061 4562 voluntas

2089 4459 2135 4514 D

2163 4509 2274 4561 οὐκ
2298 4501 2569 4572 ἠδυνήθη
2590 4495 2826 4553 λαϐεῖν·
2855 4495 2903 4545 εἰ
2931 4493 2990 4544 τὸ
3013 4490 3157 4543 θεῖον
3181 4484 3344 4540 αὑτοῦ
3367 4481 3554 4572 Θέλημα
3576 4484 3679 4572 τηειΪῖ

486 4554 837 4579 .-.νην-η
905 4554 920 4573 ,
955 4554 1196 4577 ,πη-η
1240 4554 1358 4560 η---
1398 4554 1576 4559 παπ
1605 4554 1776 4575 τυ--
1819 4554 2045 4562 .,-------.

486 4604 671 4658 omnia
738 4601 947 4672 possit,
997 4599 1188 4652 volens
1228 4613 1357 4652 vero
1413 4598 1583 4652 latere
1635 4613 1755 4652 non
1804 4601 2040 4668 potuerit

2515 4554 2745 4659 θελήσας
2771 4585 2828 4638 δὲ
2855 4582 3039 4672 λαθεῖν
3060 4577 3441 4672 οὸᾼδεδύνηταιζ
3462 4554 3678 4672 ἄρα

487 4691 757 4760 sequitur,
792 4695 850 4741 ut
905 4695 1184 4755 quatenus
1216 4687 1378 4740 homo
1425 4685 1476 4740 id
1524 4686 1782 4751 voluerit,
1819 4703 1918 4741 nec
1968 4703 2067 4757 po-

489 4779 670 4844 tuerit,
704 4784 868 4846 atque
894 4775 1050 4840 adeo,
1082 4781 1140 4828 ut
1161 4783 1434 4844 quatenus
1460 4774 1624 4827 homo
1653 4774 1868 4829 volendi
1893 4775 2068 4830 facul-

489 4877 655 4925 tatem
687 4868 963 4924 habuerit.

558 4960 722 5030 228
745 4960 821 5014 Ac
844 4973 1037 5013 rursus
1067 4955 1268 5021 ’°,Cum
1301 4967 1540 5024 venisset,
1567 4959 1844 5028 inquit,ad
1874 4959 2063 5021 locant,

491 5047 623 5103 dixit
642 5063 658 5101 :
677 5050 832 5104 Sitio.
853 5049 921 5102 Et
941 5052 1193 5102 dederunt
1209 5049 1257 5102 ei
1279 5048 1452 5101 vinum
1471 5048 1591 5117 felle
1613 5051 1827 5102 mistum
1846 5060 1866 5100 :
1889 5057 1936 5102 et
1953 5065 2070 5102 cum

486 5149 772 5210 gustasset,
809 5141 977 5195 noluit
1004 5139 1176 5195 bitere
1209 5141 1271 5192 ¹¹.
1303 5139 1474 5196 Porro
1505 5142 1574 5208 si,
1598 5151 1872 5212 quatenus
1903 5139 2071 5206 Deus,

565 5300 762 5356 'Max.
835 5299 980 5354 Dial.
1035 5315 1152 5351 cum
1207 5297 1430 5368 Pyrrho,
1495 5317 1560 5354 ex
1596 5299 1893 5356 Diadocho.

494 5454 612 5510 xu,
638 5442 709 5497 28
732 5439 955 5507 ;Matth.'
999 5439 1264 5503 xxvu,54.

1989 5301 2007 5330 "
2041 5299 2201 5369 Greg.
2229 5296 2391 5368 Nyss,
2429 5296 2588 5369 Qqnt.
2635 5290 2869 5369 Apollin.
2932 5291 2986 5340 et

493 5370 517 5404 ⁸
548 5371 688 5426 Max.
722 5369 830 5442 ibid
888 5370 1099 5442 Agatho
1155 5382 1280 5442 p_a_p.
1325 5372 1487 5442 epist.
1541 5387 1664 5442 syn.
1707 5371 1762 5426 in
1819 5387 1870 5425 νι
1920 5387 2041 5442 syn.

2145 5378 2218 5424 tct
2273 5371 2327 5422 4.

2511 4640 2744 4749 θελήσας
2801 4675 2900 4727 οὐκ
2948 4668 3212 4740 ἠδυνήθη,
3247 4640 3340 4718 καί
3365 4651 3612 4728 θελητικδς
3627 4640 3678 4713 ἦν

2169 4779 2262 4833 καὶ
2293 4776 2428 4830 καθὸ
2457 4773 2555 4828 ἄνθ
2563 4787 2764 4844 ρωπος.

2246 4951 2355 5004 Καὶ
2387 4947 2550 5001 πάλιν
2571 4961 2584 4972 ·
2626 4943 2868 5006 Ἐλθὼν,
2903 4939 3090 5009 φησιν,
3109 4939 3188 5001 εις
3227 4932 3330 4987 τὸν
3358 4910 3673 4981 maenala?

2178 5043 2358 5113 Διψῶ.
2396 5040 2507 5096 Καὶ
2538 5039 2769 5094 ἔδωκαν
2793 5034 2954 5100 αὐτῷ
2983 5028 3152 5087 οἶνον
3172 5026 3317 5098 μετά
3346 5014 3517 5113 λοξῆς

2175 5091 2560 5209 rubo-risui
2578 5091 2957 5201 3’8dequ
2988 5127 3100 5182 οὐκ
3124 5091 3300 5192 ἤθελε
3340 5109 3502 5168 πιεῖν.
3529 5101 3580 5155 Εἰ
3600 5091 3673 5164 μὲν

3051 5281 3166 5340 alii.
3194 5285 3296 5332 act.
3329 5269 3392 5324 ιθ
3418 5263 3664 5340 Feb-L3!!!-

2421 5323 2872 5428 »°.'i:;::..":..","é'tz
2932 5323 3394 5406 "witsz'i'ma-
3485 5323 3664 5379 ηλοευ·

1798 5526 2031 5582 VARIAS
2077 5523 2367 5583 LECTION
2378 5524 2471 5578 ES.

575 5688 596 5731 ⁸
625 5690 786 5747 Edita
815 5694 928 5747 καί.
1003 5705 1042 5734 ιιι
1078 5694 1222 5747 Edit.
1256 5693 1437 5761 φύσιν.
1515 5701 1541 5730 τι
1566 5689 1726 5745 Deest
1749 5687 1858 5757 γὰρ
1910 5687 1966 5742 in
1998 5701 2129 5741 mss.
2172 5683 2454 5753 pluribus;
2483 5693 2592 5752 qua
2619 5687 2798 5736 tamen
2823 5675 3092 5749 particula
3118 5673 3311 5730 oratio
3341 5652 3582 5732 υτεεηιίοτ
3603 5643 3680 5696 es"
