3858 6196
172 342 311 408 1041

1238 348 1334 407 DE
1368 348 1545 408 FIDE
1581 348 2230 413 ORTHODOXA.L1B.
2273 350 2385 409 III.

3298 351 3436 415 1042

165 454 265 512 οὖν
321 457 463 511 καθὸ
491 459 626 521 Θεὸς
674 457 917 528 ἐδίψησε,
969 459 1063 511 καὶ
1096 460 1433 529 γευσάμενος
1479 461 1577 512 οὐκ
1602 457 1756 529 ἤθελε

1895 458 1952 511 iti
1975 468 2265 529 correptus
2304 466 2408 525 est,
2431 463 2483 511 ct
2511 471 2634 511 cum
2676 465 2970 526 gustasset,
3003 457 3178 512 noluit
3208 459 3430 525 bibere;

169 553 347 613 πιεῖν,
380 549 637 619 ἐμπαθὴς
666 548 778 619 ἄρα
816 550 911 601 καὶ
952 556 977 583 ο
1007 549 1143 601 καθὸ
1174 550 1308 612 Θεὸς
1328 567 1340 579 ⁸
1370 551 1540 613 πάθος
1570 550 1696 619 γὰρ,
1722 550 1756 619 ἦ

162 656 231 693 τε
258 640 416 707 δίψα,
457 640 548 692 καὶ
580 643 611 709 ὴ
642 640 851 707 γεῦσις.
885 641 948 693 Εἰ
994 640 1049 693 δὲ
1076 640 1136 692 ού
1184 641 1318 693 καθὸ
1365 640 1513 705 Θεὸς,
1540 642 1757 705 πάντως

167 730 315 783 καθὸ
349 730 641 798 ἄνθρωπος
670 731 914 802 ἐδίψησε,
963 734 1054 785 λαὶ
1100 732 1381 803 θελητικὸς
1411 728 1478 804 ἦν
1501 732 1595 785 καὶ
1625 733 1759 787 καθὸ

168 819 271 876 ἄνθ
280 838 467 890 ρωπος
498 831 544 873 Ρ.

246 910 366 961 Καὶ
395 911 423 960 6
450 910 719 979 μακάριος
750 910 806 964 δὲ
841 911 1050 974 Παῦλος
1083 915 1111 965 6
1142 913 1436 980 ἀπόστολος
1456 932 1470 947 ·
1509 920 1763 988 Γενόμε-

169 1016 307 1065 νος,
353 1002 539 1069 φησιν,
580 1002 853 1067 ὑπήκοος
872 1003 1051 1072 μέχρι
1090 1006 1371 1073 θανάτου,
1406 1010 1665 1089 θανεὶτου
1694 1010 1763 1064 δὲ

168 1091 474 1158 ινταιφοῦ.
504 1094 567 1143 Ἢ
592 1092 807 1163 ὑπακοὴ
827 1093 917 1145 τοῦ
943 1094 1109 1159 ὅντως
1136 1096 1437 1167 θελήματος
1463 1101 1608 1153 ἐστιν
1633 1102 1765 1155 ύπο-

170 1184 344 1254 ταγὴ,
379 1184 412 1253 ἢ
442 1183 537 1236 τοῦ
573 1185 646 1254 μὴ
672 1185 841 1248 ὅντως
863 1202 876 1214 ⁸
902 1188 961 1238 ού
988 1186 1097 1257 γὰρ
1123 1188 1183 1240 τὸ
1203 1189 1395 1257 ἄλογον
1436 1192 1697 1262 ὑπήκοον,
1728 1193 1762 1263 ἢ

169 1275 472 1343 παρηκοον
502 1274 729 1345 λέξομεν
757 1292 770 1306 ·
807 1277 1045 1346 ὑπήκοος
1081 1279 1138 1331 δὲ
1168 1280 1245 1350 τῷ
1272 1282 1447 1353 Πατρὶ
1477 1287 1766 1354 γενόμενος

168 1365 203 1417 6
234 1365 471 1435 Κύριος,
499 1367 561 1419 ού
596 1367 731 1420 καθὸ
780 1368 911 1431 Θεὸς
944 1370 1187 1437 γέγονεν,
1223 1374 1359 1427 ἀλλὰ
1395 1375 1530 1428 καθὸ
1558 1376 1767 1447 ἄνθρω-

169 1470 301 1516 πος.
344 1457 500 1510 Καθὸ
526 1458 635 1529 γὰρ
664 1459 815 1523 Θεὸς,
845 1458 968 1512 οὔτε
1005 1462 1267 1532 ὑπήκοος,
1294 1464 1415 1519 οὔτε
1446 1469 1725 1538 παρήκοος
1751 1484 1763 1499 ’

167 1546 288 1597 τῶν
327 1546 436 1599 ὑπὸ
488 1551 643 1618 χεῖρα
695 1549 803 1619 γὰρ
857 1549 1049 1615 ταῦτα,
1100 1552 1283 1615 καθὼς
1314 1556 1341 1607 ὁ
1373 1556 1632 1627 θεοφόρος
1662 1558 1765 1628 ἔφη

1865 565 1994 619 ergo
2025 552 2189 605 etiam
2223 559 2497 620 quatenus
2550 548 2693 603 Deus
2746 548 3096 617 passionibus
3158 549 3434 607 obnoxius

1864 649 1981 693 erat
2014 657 2024 690 :
2061 650 2188 695 sunt
2226 642 2392 703 enim,
2432 650 2546 694 tum
2582 640 2721 703 sitis,
2751 648 2865 692 tum
2904 642 3166 709 gustatio,
3217 643 3435 710 passio-

1868 747 1985 786 nes.
2054 732 2150 784 Sin
2211 743 2391 785 autein
2452 742 2726 801 quatenus
2784 730 2948 783 homo
3001 730 3191 798 sitivit,
3249 733 3435 804 utique

1866 834 2141 893 quatenus
2179 825 2342 878 homo
2378 826 2655 878 voluntate
2686 823 2990 877 instructus
3009 832 3151 878 erat.

1947 916 2258 971 Obedientia
2282 918 2394 983 ejus
2428 914 2670 984 quirelit,
2693 924 2741 967 et
2792 914 3032 967 subditus
3066 916 3155 968 sit.
3190 945 3261 955 —
3292 916 3437 981 Quin

1869 1009 2064 1062 beatus
2096 1022 2313 1076 quoque
2360 1006 2560 1059 Paulus
2595 1005 2876 1072 apostolus
2910 1024 2922 1059 :
2966 1004 3188 1072 Factus,
3235 1008 3437 1076 inquit.

1868 1098 2112 1152 obediens
2139 1113 2298 1166 usque
2332 1096 2400 1149 ad
2424 1107 2665 1162 mortem,
2700 1106 2917 1150 mortem
2964 1109 3138 1151 autem
3179 1101 3350 1156 crucis
3372 1099 3437 1153 ²².

1869 1190 2031 1259 Atqui
2081 1188 2388 1244 obedientia
2436 1187 2554 1257 ejus
2588 1188 2887 1241 voluntatis
2946 1204 3068 1260 qua:
3098 1204 3286 1244 revera
3334 1201 3440 1254 est,

1871 1280 2141 1349 subjectio
2170 1289 2275 1343 est,
2305 1295 2415 1333 non
2442 1280 2561 1348 ejus
2579 1294 2698 1348 qua:
2728 1293 2836 1332 non
2865 1288 2949 1333 est
2969 1298 2981 1333 :
3004 1296 3110 1334 non
3144 1281 3287 1335 enim
3310 1282 3443 1336 bru-

1873 1380 1985 1425 tum
2018 1371 2222 1424 animal
2262 1370 2523 1425 obediens
2561 1369 2830 1435 dicemus,
2867 1381 2962 1423 aut
3021 1371 3343 1427 inobediens
3374 1374 3439 1428 ⁸³.

1872 1458 2043 1513 Porro
2062 1459 2323 1514 Dominus
2350 1458 2493 1513 Patri
2520 1457 2696 1514 lactus
2720 1467 2805 1514 est
2833 1458 3118 1525 obediens,
3174 1476 3285 1514 non
3315 1477 3448 1531 qua-

1874 1558 2033 1605 tenus
2086 1550 2248 1615 Deus,
2298 1549 2393 1604 sed
2426 1557 2697 1619 quatenus
2750 1551 2937 1604 homo.
2977 1548 3110 1603 Nam
3174 1562 3446 1620 quatenus

172 1638 511 1709 Γρηγόριος.
544 1640 835 1710 Θελητικὸς
858 1643 966 1713 ἄρα
990 1645 1081 1697 καὶ
1109 1645 1245 1698 καθὸ
1268 1646 1557 1717 ἄνθρωπος
1587 1650 1615 1701 6
1645 1652 1775 1721 Χρι,

1891 1643 2041 1708 Deus,
2071 1656 2171 1698 nec
2200 1640 2461 1696 obediens
2494 1648 2599 1704 est,
2633 1655 2734 1695 nec
2756 1641 3095 1696 inobediens.
3126 1641 3248 1696 Haec
3274 1644 3443 1706 enim,

170 1730 331 1790 στος.

245 1996 498 2049 Φυσικὸν
531 1997 588 2049 δὲ
608 1998 667 2049 τὸ
701 1997 913 2068 θέλημα
943 1999 1211 2068 λέγοντες,
1242 2002 1339 2053 οὐκ
1360 2003 1774 2072 ἠναγκασμένον

174 2088 345 2140 τοῦτό
382 2106 584 2157 φαμεν,
609 2091 722 2143 ἀλλ’
755 2091 1127 2155 αὐτεξούσιον·
1161 2094 1210 2144 εἰ
1243 2092 1350 2161 γὰρ
1372 2092 1607 2157 λογικὸν,
1638 2093 1775 2146 πάν-

176 2200 289 2245 τως
319 2185 420 2235 καὶ
452 2184 818 2247 αὐτεξούσιον.
858 2188 931 2238 Ού
964 2187 1123 2255 μόνον
1150 2189 1258 2256 γὰρ
1292 2190 1323 2257 ἠ
1352 2187 1471 2241 θεία
1506 2189 1599 2240 καὶ
1623 2187 1775 2241 ἄκτι-

180 2291 310 2337 στος
368 2275 535 2342 φύσις
594 2277 745 2329 οὐδὲν
798 2280 1216 2347 ἠναγκασμένον
1254 2278 1387 2347 ἔχει,
1423 2279 1537 2333 ἀλλ’
1587 2279 1772 2352 ούδὲὴ

185 2364 356 2434 νοερὰ
406 2366 501 2418 καὶ
550 2367 777 2436 κτιστή·
838 2366 995 2420 τοῦτο
1041 2368 1097 2421 δὲ
1146 2368 1337 2437 δῆλον·
1378 2369 1536 2439 φύσει
1567 2371 1677 2440 γὰρ
1702 2370 1776 2426 ὢν

189 2454 401 2521 ἀγαθὸς
432 2456 461 2507 ὁ
499 2456 652 2522 Θεὸς,
703 2459 798 2510 καὶ
842 2458 1003 2527 φύσει
1059 2459 1408 2531 δημιουργὸς,
1466 2464 1559 2515 καὶ
1617 2461 1775 2531 φύσει

192 2544 352 2613 Θεὸς,
380 2546 483 2633 ούκ
519 2547 735 2620 ἀνάγκη
784 2549 957 2605 ταῦτα
1000 2552 1115 2604 ἐστι
1137 2568 1151 2582 ·
1184 2552 1265 2616 τίς
1294 2553 1400 2623 γὰρ
1428 2554 1455 2606 6
1480 2554 1578 2625 τὴν
1608 2555 1775 2623 ἀνάγ-

200 2654 303 2707 κην
330 2640 555 2707 ἐπάγων
578 2655 594 2704 ;

274 2913 364 2963 Δεῖ
387 2911 445 2965 δὲ
480 2912 699 2975 εἰδέναι,
733 2913 807 2975 ὡς
838 2915 870 2983 ἡ
904 2915 1339 2985 αὑτεξουσιότης,
1368 2920 1656 2989 ὁμονύμως
1682 2922 1779 2989 μὲν

208 3000 418 3071 λέγεται
442 3020 455 3034 ·
484 3003 657 3067 ἄλλως
686 3006 739 3057 δὲ
768 3005 859 3058 ἐπὶ
883 3006 1039 3073 Θεοῦ,
1068 3008 1162 3061 καὶ
1195 3008 1369 3071 ἄλλως
1389 3011 1480 3061 ἐπὶ
1510 3012 1776 3080 ἀγγέλων,
1806 2998 1849 3056 C

210 3096 300 3147 καὶ
324 3095 499 3158 ἄλλως
538 3097 629 3148 ἐπὶ
664 3096 986 3168 ἀνθρώπων.
1016 3100 1135 3152 Ἐπὶ
1166 3099 1301 3152 Θεοῦ
1332 3101 1430 3170 μὲν
1459 3103 1587 3173 γὰρ,
1620 3106 1780 3175 ὑπερ-

211 3186 432 3249 ουσίωςο
469 3188 565 3238 ἐπὶ
610 3187 667 3239 δὲ
699 3188 965 3256 ἀγγέλων,
1002 3188 1080 3251 ὡς
1130 3191 1531 3261 συντρεχούσης
1570 3196 1637 3264 τῇ
1669 3194 1781 3259 ἕξει

210 3277 303 3345 τῆς
341 3279 758 3349 προχειρίσεως,
791 3283 885 3334 καὶ
921 3282 1271 3353 παρενθήκην
1308 3283 1443 3347 ὅλως
1483 3286 1677 3355 χρόνου
1708 3288 1783 3359 μὴ

216 3371 658 3441 παραδεχομένης
678 3388 690 3401 °
724 3372 862 3442 ἔχων
911 3375 1020 3443 γὰρ
1051 3374 1296 3442 φυσικῶς
1328 3377 1389 3428 τὸ
1414 3378 1781 3443 αὐτεξούσιον,

217 3458 706 3533 ἁπαρεμποδίστως
744 3464 921 3536 τούτῳ
976 3464 1257 3536 κέχρηται,
1291 3467 1424 3537 μηδὲ
1450 3469 1549 3539 τὴν
1581 3471 1643 3522 ἐκ
1684 3470 1785 3524 σώ-

223 3570 380 3621 ματος
416 3567 443 3605 q
474 3556 836 3610 ἀντιπάθειαν
865 3557 1023 3627 ἔχων,
1063 3558 1197 3628 μηδὲ
1231 3560 1322 3613 τὸν
1353 3562 1784 3633 προσϐάλλοντα.

233 3642 345 3697 Ἐπὶ
376 3645 434 3698 δὲ
465 3644 791 3716 ἀνθρώπων,
826 3648 901 3710 ὡς
937 3649 1204 3718 χρονικῶς
1232 3650 1333 3717 τῆς
1366 3650 1529 3715 ἕξεως
1558 3670 1787 3721 προεπι-

221 3739 512 3806 νοουμένης
562 3738 663 3808 τῆς
698 3739 1086 3809 ἐγχειρήσεως.
1129 3740 1487 3807 Αὐτεξούσιος
1539 3742 1637 3811 μὲν
1682 3743 1788 3815 γάρ

222 3826 362 3881 ἑστιν
387 3832 417 3882 6
449 3829 757 3899 ἄνθρωπος,
800 3830 895 3883 καὶ
928 3834 1171 3897 φυσικῶς
1203 3832 1314 3901 ἔχει
1336 3832 1394 3884 τὸ
1419 3833 1787 3899 αὐτεξούσιονο

222 3919 325 3988 ἔχει
357 3921 414 3973 δὲ
444 3920 540 3973 καὶ
565 3923 667 3990 τὴν
712 3922 776 3974 ὲκ
796 3919 889 3974 τοῦ
912 3920 1159 3975 διαϐόλου
1194 3923 1517 3994 προσϐολὴν.
1554 3924 1647 3977 καὶ
1694 3925 1792 3996 τὴν

219 4011 307 4063 τοῦ
343 4010 600 4080 σώματος
645 4012 893 4082 κίνησιν·
934 4012 1022 4066 διὰ
1053 4008 1147 4067 οὖν
1187 4014 1287 4086 τὴν
1332 4014 1667 4087 προσϐολὴν,
1700 4018 1795 4069 καὶ

220 4104 277 4155 τὸ
308 4103 475 4174 βάρος
498 4104 594 4157 τοῦ
620 4103 873 4173 σώματος
911 4106 1253 4177 ὲφυστερίζει
1299 4107 1654 4179 προχείρησις
1697 4110 1794 4179 τῆς

220 4192 403 4260 ἕξεως.

291 4458 354 4511 ει
375 4454 470 4511 οὖν
500 4457 670 4511 θέλων
696 4461 725 4512 6
764 4459 937 4530 ’Δδὰμ
958 4460 1260 4530 ὑπήκουσε,
1287 4464 1378 4516 καὶ
1408 4464 1638 4536 θελήσας
1663 4468 1796 4536 ἔφα-

225 4566 337 4615 γεν,
371 4550 479 4617 ἄρα
508 4550 874 4619 πρωτοπαθὴς
906 4552 958 4603 ἐν
989 4554 1115 4621 ἡμῖν
1143 4555 1174 4622 ἡ
1207 4554 1424 4624 θέλησις
1449 4574 1461 4587 ο
1489 4559 1536 4609 εἰ
1562 4558 1617 4610 δὲ
1649 4576 1799 4628 πρω-

1878 1744 1937 1789 ut
1975 1734 2196 1787 divinus
2228 1732 2531 1802 Gregorius
2562 1732 2639 1785 ait
2672 1734 2736 1795 ¹δ,
2795 1732 2905 1788 illis
2940 1734 3294 1797 conveniunt,
3325 1749 3447 1803 quae

1874 1827 2130 1897 potestati
2179 1825 2576 1893 subjiciuntur.
2611 1822 2784 1894 Igitur
2820 1823 3074 1879 Christus
3122 1837 3229 1893 qua
3285 1824 3445 1877 homo

1875 1917 2156 1971 voluntate
2187 1915 2447 1985 praeditus
2467 1914 2585 1968 fuit.

1956 2006 2214 2061 Voluntas
2234 2023 2355 2059 cum
2387 2007 2677 2071 naturalis,
2705 2014 2813 2058 tum
2847 2005 3032 2058 libera.
3064 2034 3133 2043 —
3159 2004 3449 2058 Enimvero

1877 2116 1998 2156 cum
2037 2099 2371 2153 voluntatem
2398 2097 2700 2151 naturalem
2724 2097 3163 2165 pronuntiamus,
3193 2110 3301 2148 non
3328 2110 3449 2148 eam

1877 2192 2206 2248 necessitate
2246 2190 2586 2253 obstrictum,
2632 2188 2725 2243 sed
2753 2188 2981 2242 liberam
3028 2187 3282 2241 dicimus.
3313 2184 3449 2239 Nam

1876 2284 2002 2354 quia
2022 2283 2286 2337 rationem
2300 2282 2619 2346 comitatur,
2644 2279 2833 2350 utique
2855 2288 2910 2334 et
2940 2280 3111 2334 libera
3134 2288 3237 2335 est.
3263 2278 3450 2349 Neque

1876 2376 2020 2431 enim
2068 2375 2249 2429 divina
2302 2374 2481 2429 solum
2534 2382 2590 2427 et
2654 2372 2899 2427 increata
2947 2373 3286 2427 coactionem
3340 2386 3453 2426 non

1878 2465 2136 2529 admittit,
2166 2464 2260 2519 sed
2293 2478 2362 2517 ne
2399 2461 2715 2531 intelligens
2744 2461 2963 2531 quidem
2981 2468 3035 2516 et
3058 2469 3261 2515 creata.
3289 2462 3456 2531 quue

1880 2556 2230 2625 perspicuum
2274 2562 2361 2609 est
2386 2572 2399 2608 :
2428 2552 2554 2623 quia
2586 2552 2749 2616 Deus,
2783 2566 2908 2605 cum
2936 2558 3134 2605 natura
3161 2551 3335 2605 bonus
3357 2552 3453 2615 sit,

1878 2655 1932 2701 et
1963 2654 2158 2699 natura
2183 2644 2436 2699 conditor
2461 2657 2669 2708 rerum,
2698 2650 2753 2696 et
2782 2648 2979 2695 natura
3024 2640 3191 2705 Deus,
3253 2654 3459 2708 nequa-

1880 2754 2043 2808 quam
2074 2739 2188 2792 ltaec
2216 2739 2398 2793 omnia
2432 2735 2761 2791 necessitate
2780 2740 2885 2790 est.
2914 2733 3116 2803 Ecquis
3141 2733 3286 2787 enim
3317 2732 3457 2786 hanc

1826 2816 1843 2835 ⁵
1881 2829 1929 2882 ei
1965 2827 2351 2883 necessitatem
2382 2826 2596 2880 induxit
2624 2823 2648 2875 ?

1953 2917 2200 2971 Liberum
2234 2917 2514 2970 arbitrium
2544 2915 2653 2969 Deo
2683 2915 2857 2979 aliter,
2889 2912 3047 2967 aliter
3075 2913 3272 2981 angelis
3298 2953 3311 2977 ,
3347 2911 3455 2964 alio

1884 3012 2036 3063 modo
2067 3009 2360 3063 hominibus
2382 3009 2637 3061 convenit.
2658 3036 2729 3048 ν·-
2753 3006 3045 3061 Sciendum
3072 3016 3251 3059 autem
3276 3014 3359 3059 est
3390 3006 3455 3069 ¹⁵,

1884 3103 2098 3159 arbitrii
2136 3102 2439 3155 libertatem
2475 3099 2757 3168 aequivoce
2785 3098 2913 3165 dici,
2956 3098 3113 3151 aliter
3153 3097 3263 3150 Deo
3295 3112 3458 3151 cove-

1883 3195 2024 3257 nire,
2066 3193 2224 3247 aliter
2244 3190 2452 3260 angelis
2477 3198 2529 3243 et
2552 3190 2712 3243 aliter
2739 3188 3075 3243 hominibus.
3097 3189 3158 3240 in
3180 3185 3288 3241 Deo
3312 3187 3458 3241 enim

1884 3281 2327 3352 supercssentiali
2360 3281 2519 3335 modo
2539 3280 2654 3335 baze
2673 3296 2779 3335 vox
2799 3280 3118 3351 accipienda
3142 3287 3257 3335 est:
3289 3281 3343 3333 in
3367 3295 3463 3333 an-

1884 3375 2041 3446 gelis,
2062 3375 2135 3427 ita
2160 3380 2217 3427 ut
2241 3372 2522 3443 aggressio
2546 3372 2796 3426 habitum
2823 3372 3141 3434 comitetur,
3166 3388 3269 3426 nec
3296 3372 3461 3426 ullam

1886 3465 2148 3536 temporis
2179 3465 2647 3536 intercapedinem
2674 3464 2950 3519 admittat.
2979 3463 3115 3519 Nam
3146 3480 3268 3519 cum
3301 3479 3465 3535 ange-

1883 3557 1973 3613 lus
1993 3557 2205 3612 arbitrii
2240 3557 2545 3612 libertatem
2580 3564 2777 3625 suapte
2809 3563 3005 3609 natura
3040 3555 3259 3618 habeat,
3292 3554 3466 3609 libere

1890 3665 1953 3704 ac
1971 3650 2090 3705 sine
2106 3648 2219 3702 ullo
2245 3646 2638 3715 impedimento
2676 3661 2738 3700 ea
2771 3646 2966 3709 utitur,
2989 3654 3049 3701 ut
3066 3648 3159 3716 qui
3178 3662 3277 3700 nec
3302 3646 3466 3699 ullam

1889 3754 1956 3794 ex
1987 3752 2215 3807 corpore
2241 3736 2443 3790 sentiat
2476 3733 2897 3802 repugnantiam
2920 3775 2934 3799 ,
2979 3749 3077 3788 nec
3124 3748 3467 3803 quemquam

1892 3830 2088 3884 habeat
2115 3844 2145 3881 a
2176 3842 2284 3897 quo
2316 3828 2634 3896 impetatur.
2665 3823 2723 3878 in
2751 3825 3073 3879 hominibus
3102 3825 3340 3893 denique
3369 3825 3465 3890 ita,

1894 3928 1956 3975 ut
1981 3920 2203 3974 habitus
2240 3926 2487 3987 tempore
2514 3916 2760 3971 anterior
2791 3917 3144 3985 aggressione
3179 3915 3462 3985 intelliga-

1897 4024 2005 4067 tur.
2044 4010 2309 4078 Quamvis
2339 4008 2485 4063 enim
2521 4007 2679 4060 liberi
2712 4007 2926 4060 arbitrii
2958 4008 3121 4061 homo
3153 4008 3261 4070 sit,
3292 4022 3471 4076 eoque

1896 4122 1960 4160 ex
1999 4118 2096 4159 sua
2131 4110 2326 4156 natura
2363 4099 2591 4169 polleat,
2659 4096 2823 4151 habet
2857 4108 3035 4151 tamen
3066 4099 3230 4151 etiam
3266 4097 3469 4151 diaboli

1897 4195 2319 4265 impressionem
2349 4234 2363 4259 ,
2427 4201 2482 4248 et
2534 4191 2789 4262 corporis
2849 4198 3079 4243 motum.
3123 4190 3305 4255 Quare
3343 4205 3469 4244 cum

1900 4299 2124 4362 propter
2158 4289 2267 4344 vim
2316 4287 2463 4341 illam
2517 4286 2762 4349 diaboli,
2816 4293 2931 4338 tum
2970 4293 3193 4354 propter
3224 4284 3473 4354 corporis

1898 4383 2137 4453 pondus,
2172 4378 2453 4450 aggressio
2481 4378 2668 4432 habitu
2711 4377 2986 4447 posterior
3017 4385 3120 4430 est.

1966 4473 2122 4527 Ratio
2146 4483 2198 4524 ut
2222 4472 2458 4525 debuerit
2490 4471 2727 4525 voluntas
2755 4471 2985 4522 humana
3022 4469 3185 4521 libera
3218 4485 3250 4521 a
3314 4466 3473 4519 Verbo

1898 4566 2122 4631 assumi.
2152 4594 2221 4603 —
2251 4562 2443 4631 Itaque
2479 4562 2545 4626 ¹⁶,
2587 4562 2631 4615 si
2666 4560 2855 4615 volens
2879 4559 3125 4613 Adamus
3161 4554 3475 4627 suggerenti

226 4641 465 4712 τοπαθὴς
519 4643 553 4712 ἡ
605 4641 847 4712 θέλησις,
897 4642 1099 4711 ταύτην
1127 4644 1183 4698 δὲ
1232 4647 1368 4715 μετὰ
1400 4648 1501 4716 τῆς
1536 4649 1777 4718 φύσεωςι

1900 4658 2080 4714 scelus
2135 4672 2417 4712 assensum
2478 4654 2778 4724 praestitit,
2835 4654 3138 4721 volensque
3194 4649 3472 4703 comedit:

230 4736 394 4803 Λόγος
448 4734 757 4807 σαρκωθεὶς
808 4736 909 4788 οὐκ
959 4734 1219 4789 ἀνέλαϐεν
1244 4754 1255 4765 ·
1306 4738 1403 4791 οὐκ
1434 4741 1542 4810 ἄρα
1573 4742 1676 4807 ἔξω
1702 4743 1777 4811 τῆ.

1901 4764 2032 4819 ergo
2072 4748 2249 4817 prima
2300 4747 2357 4799 in
2389 4746 2547 4799 nobis
2592 4744 2845 4799 voluntas
2894 4742 3143 4796 morbum
3176 4739 3471 4794 contraxit.

234 4828 500 4897 ἁμαρτίας
527 4828 855 4895 γεγόναμεν.

310 5110 426 5163 Ἔτι
448 5110 507 5163 δὲ
537 5110 586 5162 εἰ
620 5110 784 5181 ἔργον
815 5110 979 5165 αὑτοῦ
1008 5115 1039 5181 ἡ
1080 5113 1424 5179 αὐτεξούσιος
1461 5116 1556 5184 τῆς
1594 5118 1805 5184 φύσεως

311 5250 350 5280 "
394 5248 631 5317 Philipp.
677 5266 735 5315 Il,
772 5250 824 5306 8.
900 5255 945 5285 ’⁸
974 5253 1112 5309 Max.

248 5320 289 5353 “
310 5318 446 5374 llas.
471 5317 606 5373 ibid.

1188 5254 1231 5284 “
1260 5264 1397 5307 orat.
1440 5255 1526 5319 56,
1559 5257 1898 5326 aliquantum
1926 5273 1953 5309 τι
1990 5252 2279 5325 principio.

1904 4843 2059 4909 Quod
2091 4840 2136 4895 si
2176 4840 2436 4893 voluntas
2478 4837 2654 4906 prima
2691 4836 2881 4890 morbo
2927 4833 3202 4903 sulijacuit
3234 4874 3250 4898 ,
3300 4846 3478 4900 neque

1905 4934 2047 4988 lianc
2076 4930 2314 4985 Verbum
2339 4930 2680 4982 inearnatum
2708 4942 2813 4980 una
2849 4941 2972 4980 cum
3002 4934 3194 4980 natura
3224 4939 3478 4995 assump-

1908 5024 2011 5087 sit;
2043 5022 2292 5091 sequitur
2322 5034 2423 5073 nos
2452 5034 2479 5070 a
2510 5028 2737 5086 peccato
2764 5019 3029 5072 liberatos
3058 5034 3165 5072 non
3196 5016 3384 5071 fuisse.

1977 5113 2243 5167 Prmterca
2274 5152 2287 5174 ,
2344 5110 2389 5163 si
2429 5117 2641 5162 naturae
2695 5110 2997 5163 libertatem
3054 5110 3168 5178 ipse
3213 5107 3476 5170 condidit,

2363 5251 2405 5280 ¹³
2442 5247 2659 5301 Maxint.
2690 5246 2819 5299 ibill.
2884 5245 3035 5312 Disp.
3094 5263 3210 5298 cum
3252 5243 3475 5313 Pyrrho.

1544 5414 1704 5467 VARI
1719 5414 1785 5468 ΑΞ
1831 5412 2238 5469 LEC'I'IONES.

316 5519 336 5539 ⁸
362 5509 522 5562 Deest
552 5506 667 5569 καὶ,
695 5506 747 5559 in
782 5519 914 5575 mss.
992 5514 1021 5553 P
1044 5502 1274 5557 Additur
1310 5504 1361 5575 in
1394 5502 1459 5557 N.
1489 5522 1498 5554 :
1524 5506 1629 5556 Καὶ
1655 5506 1701 5557 εἰ
1729 5507 1785 5557 ὲν
1812 5506 2081 5575 τῇήμέρα
2106 5504 2197 5575 τοῦ
2218 5503 2419 5575 πάθους
2445 5500 2919 5575 λεχειχῌάτ-ερ,-εἰ
2948 5498 3189 5575 δυνατὸν,
3217 5494 3482 5575 τὶαρελθέτ

257 5596 326 5643 τω
346 5576 403 5630 τὸ
431 5568 692 5646 ποτήριον
720 5574 879 5628 τοῦτο
928 5575 1022 5627 ἀπ’
1077 5575 1233 5643 ἐμοῦ.
1286 5574 1428 5643 [Ιλὴν
1480 5575 1577 5643 οὐχ
1605 5575 1679 5646 ὡς
1710 5575 1820 5643 ἐγὼ
1851 5568 2150 5646 ’θέλωζᾶλκ
2208 5574 2283 5646 ὡς
2326 5572 2409 5626 σύ.
2453 5571 2582 5624 Ἰδοὺ
2616 5569 2709 5623 δύο
2740 5568 3004 5641 θελήσεις,
3035 5569 3195 5646 ’θεῖξιὴ
3243 5569 3359 5638 ἃμα
3392 5568 3483 5621 καὶ

262 5647 582 5717 ἀνθρωπίνη·
617 5648 785 5713 Atque
821 5646 868 5697 si
892 5662 951 5698 ea

985 5645 1069 5698 die
1090 5640 1193 5713 qua
1238 5640 1426 5709 passus
1479 5640 1577 5700 est.
1612 5640 1794 5698 dicit:
1827 5665 1844 5696 ι
1888 5644 2044 5699 l’ater
2095 5645 2139 5697 si
2168 5644 2284 5711 ﬁeri
2304 5653 2492 5711 potest,
2528 5651 2760 5713 transeat
2790 5659 2821 5694 α
2851 5640 2929 5695 me
2960 5640 3101 5713 calix
3130 5640 3227 5713 iste
3259 5653 3275 5690 :
3307 5653 3493 5713 rerum

268 5702 424 5791 tam'en
461 5702 562 5770 non.
594 5702 729 5771 sicut
776 5732 869 5786 ego
899 5715 1036 5783 volo,
1071 5702 1160 5770 sed
1192 5702 1326 5769 sicut
1355 5726 1428 5770 tu.
1464 5734 1481 5768 ›
1538 5714 1618 5769 Eu
1660 5716 2102 5791 dtue’t'oluntates
2150 5702 2325 5770 divina
2358 5702 2514 5770 simul
2547 5723 2594 5767 ct
2630 5712 2880 5767 humana.
2956 5722 2983 5761 (ι
3017 5711 3271 5766 Nonnulli
3320 5702 3481 5763 codd.

268 5790 537 5856 σωμάτων.
