3996 6212
348 280 484 344 1υ43

1557 273 1618 332 S.
1643 273 1964 333 JOANNIS
1992 274 2424 335 DAMASCENI

3488 262 3630 325 1044

345 415 488 450 hanc
519 401 700 449 autem
742 407 853 447 non
889 389 1236 459 assumpsit;
1292 394 1386 440 aut
1440 387 1610 456 igitur
1642 390 1922 459 opiﬁcium

2065 393 2266 463 πάρχει
2292 392 2545 460 δύναμις,
2579 388 2787 458 ταύτην
2817 388 2875 441 δὲ
2920 386 3022 441 οὐκ
3064 384 3348 449 ἀνέλαϐεν,
3379 384 3415 455 ἢ
3453 400 3633 436 καταο

349 501 511 541 suum
548 485 695 540 velut
729 499 838 538 non
871 483 1079 537 bonum
1109 479 1422 550 reprohavit
1443 521 1456 542 ,
1488 488 1582 532 aut
1615 480 1736 548 ejus
1765 496 1930 536 sana—

351 581 554 631 tionem
589 577 751 630 nobis
780 574 1009 637 invidit,
1041 575 1230 641 sicque
1261 587 1362 625 nos
1390 571 1549 640 plena
1583 571 1933 641 perfectaque

351 667 644 722 curatione
675 667 942 737 privavit,
980 681 1044 718 ac
1079 665 1321 732 seipsum
1362 662 1608 731 passioni
1647 663 1934 731 suhjacen-

353 769 465 814 tem
501 757 773 821 ostendit,
807 757 900 827 qui
935 754 1232 824 perfectam
1263 755 1494 809 salutem
1525 752 1718 808 aliene
1743 755 1937 809 nolue-

355 857 461 922 rit,
490 855 575 911 vel
611 859 758 908 certe
786 848 1114 919 nequiverit.

434 986 554 1040 Non
573 987 805 1054 potuisse
819 997 883 1036 ea:
902 981 1075 1034 divina
1091 990 1139 1033 et
1160 978 1390 1030 humana
1418 994 1577 1030 unam
1603 977 1938 1044 componi.—

358 1075 476 1130 .lam
502 1091 631 1129 vero
655 1073 734 1127 las
752 1087 858 1126 non
878 1083 981 1136 est,
1000 1079 1058 1123 ut
1080 1084 1247 1123 unum
1266 1069 1474 1137 aliquid
1497 1084 1561 1122 ex
1586 1068 1800 1124 duabus
1816 1084 1937 1123 con-

362 1167 528 1237 229
556 1167 742 1219 llatum
773 1163 1143 1217 voluntatibus
1166 1162 1414 1215 dicamus
1435 1203 1450 1228 ,
1475 1161 1936 1230 quemadmodum

364 1274 431 1312 ex
463 1257 674 1310 naturis
697 1257 912 1309 duabus
935 1253 1297 1322 compositam
1322 1267 1634 1321 personam.
1665 1252 1934 1317 Primum,

364 1349 494 1419 quia
541 1347 971 1416 compositiones
1011 1359 1200 1399 eorum
1251 1354 1381 1398 sunt
1416 1359 1538 1413 quae
1590 1345 1937 1408 subsistunt,

366 1457 475 1496 non
516 1456 637 1510 quae
671 1441 800 1500 alia,
839 1447 894 1493 et
929 1452 1038 1492 non
1071 1437 1293 1506 propria
1339 1437 1552 1490 ratione
1580 1436 1940 1490 consideran-

367 1541 478 1587 tur.
513 1529 749 1590 Deinde,
789 1527 837 1582 si
874 1527 1218 1580 voluntatum
1257 1531 1311 1577 et
1343 1525 1621 1577 actionum
1664 1523 1940 1590 composi-

365 1624 572 1677 tionem
605 1620 879 1684 dicamus,
909 1619 1141 1670 aliarum
1198 1629 1415 1685 quoque
1450 1614 1786 1667 naturalium
1813 1628 1942 1682 pro-

363 1714 663 1784 prietatum
725 1709 1186 1776 compositionem
1238 1707 1552 1760 necessario
1607 1703 1938 1769 fatebimur;

364 1802 473 1856 hoc
508 1809 614 1864 est,
653 1799 885 1853 increati
921 1805 975 1852 et
1015 1797 1221 1860 creati,
1253 1795 1548 1850 invisibilis
1599 1804 1653 1849 et
1687 1794 1942 1859 visibilis,

362 1891 712 1958 aliorumque
745 1888 796 1941 id
824 1903 1018 1957 genus.
1053 1888 1119 1939 At
1149 1901 1385 1955 quonam
1413 1885 1635 1938 tandem
1661 1883 1823 1938 modo
1852 1901 1944 1940 voc

365 1983 556 2041 luntas
605 1997 671 2036 ex
706 1981 920 2038 duabus
973 1979 1348 2033 voluntatibus
1389 1977 1624 2032 conﬂata
1664 1993 1946 2046 nuncupa-

364 2073 550 2128 bitur?
579 2070 766 2142 Neque
791 2071 936 2126 enim
969 2069 1081 2124 ﬁeri
1114 2070 1311 2139 possit,
1330 2079 1387 2123 ut
1412 2069 1556 2138 quod
1580 2071 1948 2138 compositum

369 2175 497 2230 est,
561 2179 751 2220 earum
801 2178 990 2218 rerum
1050 2162 1253 2232 quibus
1314 2169 1577 2226 constat,
1631 2163 1950 2218 nominibus

368 2255 699 2326 appelletur.
740 2254 878 2308 Nam
921 2253 1168 2324 alioqui,
1206 2252 1338 2306 illud
1377 2255 1540 2306 etiam
1565 2253 1712 2321 quod
1753 2267 1818 2306 ex
1844 2267 1947 2306 na-

368 2349 516 2405 turis
559 2347 923 2417 compositum
973 2355 1102 2408 est,
1158 2353 1410 2398 naturam
1445 2344 1785 2409 vocabimus,
1840 2360 1950 2398 non

369 2455 691 2513 personam.
723 2436 842 2493 Huc
865 2437 1104 2498 accedit,
1143 2437 1288 2505 quod
1324 2435 1368 2490 si
1403 2435 1457 2488 in
1484 2435 1706 2489 Christo
1755 2436 1952 2489 volun-

370 2542 541 2590 tatem
575 2547 738 2588 unam
775 2529 1139 2598 compositam
1163 2527 1487 2590 dixerimus,
1520 2528 1802 2582 voluntate
1825 2542 1952 2582 eum

372 2645 404 2684 a
448 2627 614 2682 Patre
652 2625 1056 2694 disjungemus.
1110 2620 1227 2673 Non
1278 2619 1425 2673 enim
1469 2620 1727 2675 voluntas
1775 2620 1955 2676 Patris

2035 485 2198 550 γνοὺς
2224 485 2327 551 τῆς
2355 483 2561 545 οἰκείας
2590 480 2975 550 δημιουργίας,
3005 479 3079 542 ὡς
3101 479 3162 532 ού
3199 477 3393 546 καλῆς,
3417 477 3452 546 ἢ
3492 475 3628 542 φθο-

2035 576 2202 643 νήσας
2223 577 2358 643 ήμίν
2387 574 2487 643 τῆς
2509 573 2629 626 κατ’
2661 571 2829 641 αὐτὴν
2858 570 3176 640 Θεραπείας,
3208 571 3357 639 ἡμᾶς
3380 569 3481 636 μὲν
3524 566 3629 631 τῆς

2036 666 2336 729 παντελοῦς
2358 665 2677 737 ἀποστερῶν
2707 664 3028 736 Θεραπείας,
3059 661 3250 714 ἑαυτὸν
3291 661 3345 711 δὲ
3383 660 3490 710 ὑπὸ
3521 658 3630 709 πάι

2037 756 2128 819 θος
2173 757 2307 810 ὄντα
2354 756 2592 820 δεικνὺς,
2641 756 2720 826 τῷ
2757 756 2832 826 μὴ
2857 755 3053 817 Θέλειν,
3085 753 3118 823 ἢ
3155 751 3232 822 τῷ
3261 751 3336 821 μὴ
3359 749 3627 803 δύνασθαι

2037 849 2262 912 τελείως
2288 848 2503 912 σώζειν.

2123 981 2411 1048 Ἀδύνατον
2443 980 2501 1033 δὲ
2524 979 2582 1031 ἓν
2612 995 2664 1030 τι
2697 976 2948 1030 σύνθετον
2978 977 3043 1028 ὲκ
3071 973 3163 1027 δύο
3199 970 3526 1041 θελημάτων
3544 967 3632 1021 λέ-

2039 1093 2178 1143 γειν,
2215 1077 2410 1144 ὥσπερ
2457 1076 2522 1126 ὲκ
2568 1073 2678 1125 τῶν
2722 1072 2940 1141 φύσεων
2987 1068 3245 1120 σύνθετον
3294 1064 3627 1117 ὑπόστασιν.

2041 1165 2266 1232 Πρῶτον
2317 1163 2549 1233 μὲν,ὃτι
2600 1162 2656 1214 αἱ
2719 1158 3002 1219 συνθέσεις
3048 1155 3158 1207 τῶν
3215 1156 3273 1205 ὲν
3320 1152 3630 1204 ὑποστάσει

2039 1257 2230 1320 ὄντων,
2261 1256 2356 1307 καὶ
2382 1255 2442 1306 ού
2485 1253 2598 1307 τῶν
2640 1251 2813 1321 ἑτέρῳ
2860 1249 3004 1317 λόγῳ
3027 1287 3042 1310 ,
3074 1247 3170 1299 καὶ
3202 1245 3304 1297 οὐκ
3337 1243 3458 1312 ἰδίῳ
3489 1240 3633 1293 Osu-

2043 1347 2325 1420 ρουμένων
2357 1345 2463 1398 είσί
2485 1362 2499 1375 ·
2532 1345 2786 1413 δεύτερον
2815 1341 2894 1405 δὲ,
2935 1341 3018 1392 ὅτι
3076 1339 3126 1391 εἰ
3155 1337 3264 1390 τῶν
3291 1334 3631 1405 θελημάτων

2042 1440 2139 1491 καὶ
2191 1436 2485 1507 ἐνεργειῶν
2538 1434 2795 1487 σύνθεσιν
2851 1429 3118 1500 λέξομεν,
3167 1425 3410 1480 καὶτῶν
3447 1424 3630 1479 ἄλλων

2044 1530 2291 1598 φυσικῶν
2339 1528 2646 1596 ἰδιωμάτων
2683 1524 2936 1578 σύνθεσιν
2985 1523 3160 1574 εἰπεῖν
3205 1515 3632 1587 ἀναγκασθησό-

2048 1623 2188 1691 μεθα
2211 1659 2225 1684 ,
2255 1619 2350 1671 τοῦ
2385 1618 2642 1670 ἀκτίστου
2686 1616 2782 1668 καὶ
2829 1612 2925 1666 τοῦ
2970 1608 3225 1675 κτιστοῦ,
3257 1608 3353 1661 τοῦ
3388 1607 3627 1677 ἀοράτου

2047 1710 2143 1763 καὶ
2179 1705 2374 1777 ὁρατοῦ
2401 1746 2416 1769 ,
2451 1706 2545 1758 καὶ
2573 1703 2682 1756 τῶν
2717 1703 2996 1756 τοιούτων.
3031 1699 3156 1761 Πῶς
3204 1698 3261 1750 δὲ
3303 1696 3400 1749 καὶ
3455 1695 3521 1746 τὸ
3566 1697 3632 1748 ἐκ

2045 1802 2155 1854 τῶν
2181 1799 2510 1869 Οελημάτων
2539 1795 2794 1848 σύνθετον
2835 1793 3048 1862 θέλημα
3099 1786 3630 1861 προσαγορευθήσε-

2046 1909 2169 1958 ται;
2217 1891 2504 1944 ’Δδύνατον
2533 1888 2642 1957 γὰρ
2673 1886 2736 1939 τὸ
2759 1885 3015 1939 σύνθετον
3044 1883 3146 1954 τὴν
3176 1882 3286 1934 τῶν
3333 1878 3632 1932 συντεθέν-

2045 2003 2155 2039 των
2211 1980 2572 2052 ὀνομάζεσθαι
2630 1976 3002 2050 προσηγορίαν
3023 1983 3064 2028 τ.
3117 1974 3273 2026 Ἐπεὶ
3314 1972 3403 2025 καὶ
3447 1970 3511 2023 τὸ
3560 1971 3633 2021 ἐκ

2046 2076 2156 2128 τῶν
2205 2072 2420 2142 φύσεων
2478 2069 2730 2122 σύνθετον
2757 2077 2814 2130 ³,
2867 2065 3032 2135 φύσιν
3081 2060 3622 2134 προσαγορεύσομεν,

2049 2167 2147 2220 καὶ
2177 2166 2276 2234 οὐχ
2319 2163 2638 2215 ὑπόστασιν.
2671 2160 2792 2212 Ἔτι
2835 2157 2894 2210 δὲ
2935 2158 2985 2209 εί
3029 2157 3088 2208 ἓν
3118 2153 3374 2207 σύνθετον
3406 2151 3628 2220 Θέλημσ.

2050 2258 2143 2310 ἐπὶ
2174 2252 2411 2324 Χριστοῦ
2446 2251 2693 2320 λέξομεν,
2733 2248 3005 2317 θελήματι
3029 2248 3047 2282 ί
3093 2245 3189 2298 τοῦ
3222 2242 3438 2313 [ἰατρὸς
3463 2241 3634 2292 αὑτὸν

2053 2348 2358 2419 χωρίζομεν
2379 2362 2393 2375 ·
2427 2344 2486 2397 οὐ
2511 2343 2619 2413 γὰρ
2651 2341 2904 2394 σύνθετον
2925 2341 2986 2392 τὸ
3017 2337 3113 2392 τοῦ
3140 2335 3354 2406 [ἰατρὸς
3391 2333 3633 2402 Θέλημα.

2053 2442 2314 2496 Λείπεται
2363 2437 2546 2490 τοίνυν
2600 2436 2776 2487 εἰπεῖν
2827 2433 2994 2502 μόνην
3049 2429 3146 2498 τὴν
3195 2429 3499 2480 ὑπόστασιν
3538 2423 3636 2476 τοῦ

2055 2531 2296 2604 Χριστοῦ
2338 2528 2593 2582 σύνθετον
2634 2526 2732 2579 καὶ
2764 2524 2985 2593 κοινὴν,
3023 2521 3214 2590 ῶσπερ
3246 2519 3357 2573 τῶν
3394 2518 3637 2587 φύσεων,

2055 2620 2200 2674 οὓτω
2231 2619 2326 2673 καὶ
2350 2617 2459 2670 τῶν
2491 2615 2740 2685 φυσικῶν
2770 2610 2959 2666 αὑτοῦ.

373 2719 681 2790 composita
721 2728 826 2772 est.
866 2715 1126 2785 Superest
1162 2715 1364 2784 igitur,
1432 2720 1493 2766 ut
1542 2715 1713 2767 solam
1746 2713 1949 2769 Christi
1989 2729 2281 2786 personam
2309 2710 2668 2783 compositam
2695 2707 2973 2770 dicamus,
3040 2713 3524 2772 communemque,
3579 2699 3642 2749 ut

374 2816 618 2880 naturis,
659 2815 735 2868 ita
765 2813 933 2869 etiam
967 2812 1314 2868 naturalibus
1337 2810 1786 2882 praprietatibus.

450 2952 722 3008 Sententia
782 2959 830 3005 et
871 2950 1055 3004 electio
1084 2951 1292 3020 proprie
1339 2965 1440 3001 non
1483 2957 1604 3002 sunt
1634 2948 1688 3000 in
1720 2946 1953 3001 Christo.

2134 2937 2364 3006 Γνώμην
2406 2935 2463 2988 δὲ
2515 2935 2612 2988 καὶ
2655 2933 2979 3004 προαίρεσιν
3000 2930 3110 2996 (53)
3150 2927 3243 2982 ἐπὶ
3286 2925 3384 2981 τοῦ
3432 2927 3646 2998 Κυρίου

377 3077 449 3088 ——
473 3047 544 3099 At
579 3060 712 3100 vero
753 3046 796 3076 "
829 3044 1161 3100 sententiam
1195 3051 1247 3097 ct
1286 3043 1616 3098 electionem
1643 3043 1697 3096 in
1728 3041 1952 3098 Domino

2065 3033 2244 3102 λέγειν
2274 3030 2560 3095 ἀδύνατον,
2588 3029 2748 3098 εἴπερ
2785 3025 3156 3097 κυριολεκτεῖν
3187 3020 3535 3093 βουλοίμεθα.
3580 3021 3648 3073 Ἦ

381 3134 569 3189 dicere
601 3149 712 3187 non
741 3148 1063 3202 possumus,
1093 3132 1136 3188 si
1157 3133 1375 3202 quidem
1411 3131 1630 3201 prpprie
1659 3130 1808 3198 loqui
1840 3137 1961 3182 stu-

384 3225 638 3279 deamus.
674 3223 959 3277 Sententia
989 3227 1134 3278 enim
1177 3231 1301 3293 post
1325 3225 1524 3291 ignota:
1559 3223 1636 3276 rei
1662 3220 1962 3289 investiga-

385 3316 593 3368 tionem
615 3323 669 3368 et
699 3315 1178 3376 deliberationem,
1210 3304 1574 3367 consiliumve
1599 3311 1962 3380 etjudicium,

390 3403 610 3457 aﬁ'ectio
643 3413 696 3457 et
724 3403 1016 3471 dispositio
1049 3411 1131 3456 est
1170 3404 1222 3455 in
1259 3402 1310 3454 id
1344 3403 1488 3469 quod
1522 3404 1801 3456 decretum
1839 3401 1962 3454 fuit.

394 3496 569 3560 Quam
633 3493 850 3562 quidem
909 3492 1256 3545 atlectioneut
1307 3493 1560 3560 sequitur
1589 3492 1809 3555 electio,
1847 3506 1969 3561 qua:

395 3587 630 3640 alterum
665 3599 778 3653 pra:
806 3583 981 3636 altero
1009 3582 1164 3651 eligit
1192 3591 1246 3635 et
1267 3582 1636 3650 amplectitur.
1668 3582 1829 3649 Atqui
1865 3581 1969 3636 Do—

396 3677 604 3737 minus,
636 3689 761 3727 cum
814 3689 986 3743 purus
1035 3673 1199 3726 homo
1249 3688 1356 3724 non
1392 3679 1559 3736 esset,
1587 3687 1776 3724 verum
1805 3673 1968 3726 etiam

394 3768 564 3832 Deus,
605 3767 904 3834 omniaque
930 3772 1216 3836 perspecta
1252 3765 1494 3828 haberet,
1525 3779 1625 3817 nec
1648 3764 1970 3818 considera.

395 3867 570 3926 tione,
607 3877 707 3916 nec
758 3859 1143 3929 inquisitione,
1178 3873 1280 3911 nec
1330 3855 1728 3910 deliberatione
1757 3856 1970 3929 egebat,

397 3973 577 4027 neque
610 3957 777 4010 etiam
810 3954 1025 4024 judicio
1065 3968 1079 4017 ;
1111 3948 1472 4020 quamobrem
1525 3956 1720 4000 natura
1753 3927 1974 4015 compa-

397 4055 559 4101 ratus
612 4051 752 4108 erat,
797 4051 858 4096 ut
893 4040 1304 4097 necessitudine
1339 4037 1572 4105 quadam
1608 4037 1752 4090 bono
1794 4035 1976 4089 adlue-

401 4145 569 4203 reret,
602 4152 666 4190 ac
694 4153 892 4192 rursus
925 4151 955 4189 a
987 4136 1132 4188 malo
1163 4130 1585 4188 averteretur“.
1625 4130 1716 4184 Sic
1740 4129 1885 4184 enim
1921 4140 1975 4184 et

402 4227 579 4284 Isaias
633 4227 902 4296 propheta
939 4226 1016 4278 ait
1047 4243 1060 4277 :
1089 4225 1388 4293 Antequam
1444 4221 1581 4274 sciat
1608 4235 1736 4286 puer
1766 4220 1977 4290 prweli-

403 4336 525 4390 gere
555 4319 718 4384 mala,
758 4319 910 4389 eliget
964 4319 1156 4372 bonum
1195 4332 1215 4372 :
1253 4315 1503 4386 quoniam
1554 4324 1835 4383 antequam
1893 4329 1981 4367 co-

2067 3124 2264 3193 γνώμη
2299 3120 2407 3192 γὰρ
2436 3119 2576 3192 μετὰ
2603 3118 2700 3187 τὴν
2729 3121 2856 3186 περὶ
2886 3113 2981 3167 τοῦ
3011 3114 3378 3181 ἀγνοουμένου
3417 3111 3650 3179 ζήτησιν

2071 3218 2165 3270 καὶ
2222 3214 2539 3284 βούλευσιν,
2591 3213 2712 3284 ἦτοι
2763 3207 2958 3280 βουλὴν
3003 3207 3099 3258 καὶ
3145 3205 3364 3274 κρίσιν,
3414 3203 3555 3274 πρὸς
3587 3200 3650 3253 τὸ

2071 3308 2260 3379 κριθὲν
2303 3310 2418 3359 ἐστι
2460 3305 2741 3366 διάθεσις.
2789 3301 2923 3356 Μεθ’
2974 3296 3041 3371 ἦν
3071 3303 3103 3369 ἡ
3152 3297 3504 3369 προαίρεσις,
3553 3297 3650 3347 ἐκ·

2073 3400 2364 3469 λεγομένη,
2395 3398 2490 3450 καὶ
2517 3395 2816 3464 αἱρουμένη
2849 3393 2958 3462 πρὸ
2997 3389 3092 3445 τοῦ
3126 3389 3315 3458 ἑτέρου
3346 3388 3405 3441 τὸ
3437 3387 3650 3455 ἕτερον.

2087 3493 2146 3545 '0
2172 3493 2228 3545 δὲ
2251 3491 2458 3560 Κύριος
2488 3489 2548 3540 οὐ
2573 3487 2726 3556 ψιλὸς
2757 3484 2830 3537 ῶν
2869 3484 3178 3552 ἄνθρωπος,
3210 3480 3344 3533 ἀλλά
3377 3479 3472 3531 καὶ
3495 3475 3650 3541 Θεὸς,

2078 3585 2174 3637 καὶ
2202 3583 2380 3636 πάντα
2416 3580 2596 3642 εἰδὼς,
2629 3577 2882 3646 ἀνενδεὴς
2913 3573 3180 3642 σκέψεως,
3217 3572 3310 3624 καὶ
3340 3569 3653 3639 ζητήσεως,

2078 3675 2174 3728 καὶ
2203 3672 2396 3742 βουλῆς
2431 3671 2668 3740 ὑπῆρχε,
2719 3667 2814 3720 καὶ
2858 3667 3114 3737 κρίσεως,
3151 3663 3246 3715 καὶ
3277 3660 3522 3728 φυσικῶς
3553 3659 3653 3726 τήν

2077 3781 2136 3816 τε
2169 3762 2305 3832 πρὸς
2331 3761 2393 3812 τὸ
2437 3760 2601 3812 καλὸν
2633 3752 2778 3826 εἶχεν
2813 3755 3111 3816 οἰκείωσιν,
3154 3753 3248 3804 καὶ
3278 3751 3373 3818 τὴν
3408 3749 3549 3819 πρὸς
3594 3749 3653 3799 τὸ

2079 3853 2248 3908 κακὸν
2281 3851 2660 3924 ἀλλοτρίωσιν.
2699 3847 2854 3901 υῦτω
2894 3845 3002 3916 γὰρ
3051 3846 3145 3898 καὶ
3183 3843 3410 3904 Ἡσαΐας
3447 3842 3659 3912 προφήο

2082 3964 2181 4016 της
2223 3945 2392 4015 φησὶν
2415 3957 2462 4010 υ,
2497 3945 2579 3996 ὅτι
2621 3940 2828 4010 Πρὶνῆ
2870 3938 3090 4009 γνῶναι
3124 3936 3190 3990 τὸ
3239 3934 3481 3987 παιδίον
3519 3950 3658 4000 προ-

2083 4019 2324 4092 ελέσθαι
2347 4038 2603 4104 πονηρὰ,
2628 4032 2936 4096 ὲκλέξεται
2956 4029 3021 4083 τὸ
3051 4029 3276 4099 ἀγαθόν
3298 4044 3310 4057 ·
3337 4025 3488 4078 διότι
3516 4024 3660 4090 πρὶν

2082 4126 2301 4198 γνῶναι
2336 4127 2404 4180 τὸ
2440 4125 2680 4179 παιδίον
2710 4123 2933 4193 ἀγαθὸν
2966 4123 3003 4190 ἣ
3035 4120 3252 4184 κακὸν,
3282 4115 3522 4171 ἀπειθεῖ
3552 4131 3662 4166 :zo-

2082 4221 2259 4288 νηρίᾳ
2289 4218 2394 4272 τοῦ
2422 4216 2784 4280 ἐκλέξασθαι
2820 4214 2884 4267 τὸ
2923 4214 3152 4282 ἀγαθόν
3177 4227 3192 4241 υ
3227 4209 3299 4262 Τὸ
3328 4209 3462 4278 γάρ,
3497 4207 3666 4274 πρὶν.

2085 4309 2233 4378 δηλοῖ
2256 4309 2338 4361 ὅτι
2367 4309 2428 4360 οὐ
2463 4307 2586 4360 καθ’
2620 4308 2768 4376 ἡμᾶς
2794 4304 3040 4374 ζητήσας
3072 4303 3167 4355 καὶ
3203 4299 3663 4372 βουλευσάμενος,

403 4388 622 4485 ῂηοεεαι
659 4428 787 4481 puer
829 4388 1019 4464 bonum
1053 4417 1102 4462 et
1138 4407 1359 4471 malum,
1410 4405 1674 4460 malitiam
1733 4403 1952 4471 reproba

2089 4402 2229 4456 ἀλλὰ
2258 4401 2391 4465 Θεὸς
2439 4400 2548 4464 ὢν,
2605 4399 2700 4452 καὶ
2740 4395 2937 4458 Θεῖκῶς
2973 4395 3114 4448 κατὰ
3171 4394 3352 4464 σάρκα
3398 4388 3664 4452 ὑποστὰς,

509 4592 549 4624 ¹¹¹
575 4590 720 4645 Max.
756 4589 896 4642 Dial.
940 4605 1056 4641 cum
1087 4585 1313 4657 Pyrrho.
1384 4586 1425 4616 ¹⁸
1454 4585 1626 4640 Basil.
1660 4583 1712 4636 in
1742 4584 1882 4652 psal.
1913 4595 2062 4645 xuv,
2088 4578 2170 4632 vel
2196 4577 2385 4650 potius
2412 4575 2468 4629 in
2509 4589 2634 4644 cap.
2668 4589 2744 4627 vn
2776 4571 2949 4627 Isaiae.

1713 4736 1950 4792 VARIE
1993 4731 2397 4790 LECTIONES.

486 4872 508 4898 "
536 4865 684 4920 Multi
738 4861 898 4916 codd.
949 4864 1011 4931 τῇ
1037 4901 1049 4913 .
1081 4899 1095 4913 .
1230 4853 1589 4931 προσηγορίαΣ

1692 4863 1712 4889 ³
1748 4851 1880 4916 Reg.
1918 4851 1970 4914 5,
1999 4850 2154 4902 Coll).
2184 4848 2205 4901 1
2252 4846 2526 4906 σύνθετον,
2555 4841 2808 4896 σύνθετον
2837 4839 3019 4916 φύσιν.

3100 4840 3117 4874 ί
3153 4839 3300 4894 Alias
3337 4834 3467 4908 Θελή
3477 4853 3667 4907 ματος,

417 4945 478 4994 ut
961 4908 1198 4984 ’²¹υ’(ὶοίιζ
1335 4908 1438 4980 lli'l'.
1473 4908 1687 4992 et‘Reg.
1731 4923 1782 4988 7,
1813 4908 1968 4975 (ὶόιυζ
1994 4921 2028 4974 5
2060 4919 2203 4972 οὕτω
2226 4917 2355 4986 γοῦν
2382 4918 2474 4968 καὶ
2517 4916 2744 4975 Ἡσαΐας
2771 4908 2956 4979 φησὶν,
2982 4912 3062 4963 ὃτι
3091 4909 3238 4978 πρίν.

492 5197 604 5263 (55)
646 5195 694 5246 Γ
700 5191 903 5263 τνώμηιτ
939 5188 1006 5240 δὲ
1056 5188 1154 5263 xui
1203 5186 1574 5263 ξερτπιιίρεσιγ.
1623 5183 1684 5263 fit
1716 5197 1993 5263 iterohsen-

425 5249 641 5320 tentiam
667 5273 714 5316 et
747 5249 1070 5314 electionem.
1103 5259 1192 5311 sic
1215 5249 1481 5310 Maximus
1518 5253 1660 5307 Dial.
1693 5269 1807 5306 cum
1833 5249 1993 5318 Pyrr.

421 5347 476 5391 et
509 5337 662 5405 epist.
699 5335 749 5396 l,
793 5331 865 5405 ad
907 5328 1142 5405 _Marin..,
1185 5329 1277 5382 ubi
1321 5325 1558 5381 ostendit
1598 5323 1842 5405 admissa
1869 5336 1998 5373 sen-

424 5392 596 5461 tcut'ia
649 5414 704 5458 et
737 5392 1032 5455 'eleetione
1098 5397 1336 5450 humana
1402 5395 1664 5463 consequi
1715 5392 1994 5463 Christum

425 5460 634 5531 nierum
672 5474 944 5526 hominem
977 5469 1277 5530 exstitisse,
1310 5467 1401 5537 qui
1434 5460 1705 5519 arbitratu
1734 5477 1836 5518 suo
1871 5460 2001 5512 alle-

426 5554 549 5600 ctus
591 5543 936 5601 cohibuerit.
987 5547 1042 5594 et
1078 5541 1130 5591 in
1176 5536 1377 5592 bonum
1407 5547 1460 5590 et
1495 5536 1698 5588 malum
1741 5545 1998 5602 peraeque

429 5615 673 5667 converti
744 5610 1000 5680 potuerit.
1058 5607 1528 5680 Quamohrenrsi
1585 5603 1992 5680 quisul’atruni

429 5682 638 5736 Christi
671 5670 998 5735 humanitati
1018 5670 1342 5734 electionem
1372 5670 1647 5738 tribuerit,
1684 5674 1821 5728 nihil
1846 5670 1994 5724 aliud

1998 5057 2228 5113 ΝΟΤᾹΞ.

2099 5191 2221 5229 eum
2260 5175 2601 5240 signiﬁcasse
2653 5180 2852 5240 prmter
2877 5165 3170 5240 ὀρεκτικὴν
3219 5163 3472 5240 δύναμιν,
3509 5169 3674 5240 natu-

2100 5247 2269 5298 ralem
2299 5231 2408 5296 vint
2445 5231 2734 5311 appetendi
2761 5281 2775 5302 ,
2816 5231 3248 5311 sett'_tt:ttttt‘aleni
3289 5231 3450 5285 animi
3480 5232 3676 5311 volun-

2102 5325 2289 5368 tatem.
2315 5299 2585 5368 Caetetfulm
2617 5328 2675 5366 se
2695 5299 2984 5364 Thalassio
3014 5306 3290 5374 quondam
3319 5299 3672 5370 respondisse

2103 5381 2796 5457 npoalpsomelectionem
2831 5379 3056 5434 Christo
3095 5374 3395 5428 convenire
3420 5412 3434 5432 ,
3473 5377 3554 5457 ιιιΙ
3580 5383 3676 5457 pro

2102 5439 2388 5508 voluntate
2425 5453 2594 5506 libera
2635 5451 2907 5511 sumitur,
2959 5462 3079 5516 qua:
3123 5453 3304 5516 careat
3333 5440 3487 5516 omni
3524 5439 3674 5491 dele-

2104 5525 2307 5579 ctionis
2333 5531 2386 5578 et
2420 5521 2806 5574 mutabilitatis
2843 5512 3133 5585 labe,'qua:
3167 5512 3439 5585 libertatis
3470 5519 3676 5581 nostra:

2103 5610 2289 5648 eomes
2341 5601 2446 5654 est,
2502 5607 2607 5645 non
2657 5598 2840 5643 autem
2883 5598 2941 5641 ut
2979 5583 3345 5642 consultando
3397 5587 3675 5634 contraria

2103 5667 2351 5738 dispicit,
2381 5664 2555 5731 deque
2582 5663 2690 5715 illis
2729 5659 2997 5716 decernit.
