3996 6212
398 250 538 318 lilii

1434 270 1530 328 DE
1571 271 1747 331 FIDE
1791 274 2250 340 OBTIIODOXA
2296 282 2438 341 LIB.
2489 285 2580 343 III

3499 295 3637 361 1016

388 368 639 421 τουτέστι
677 371 799 424 καθ’
837 372 1135 429 ὑπόστασιν
1177 379 1455 448 ἡνωμένος
1482 387 1547 454 τῇ
1581 389 1777 456 σαρκὶ,
1821 390 1966 460 αὐτῷ

390 459 457 479 -Ρ
507 454 552 479 ,τ
593 478 612 479 η
784 463 797 479 \
895 466 905 479 ο
1081 469 1153 479 ι-.
1369 472 1380 479 .
1451 475 1462 479 -
1615 477 1621 479 Α

2074 394 2169 457 bit,
2229 396 2468 466 eligendo
2527 400 2718 452 bonum
2743 399 2965 456 ἐκ-Περ
3011 419 3137 472 vox,
3171 423 3476 479 antequam,
3535 414 3642 468 hoc

385 459 467 528 τῷ
501 454 641 513 εἶναι
665 503 680 525 ,
713 463 806 515 καὶ
837 466 1015 519 πάντα
1046 469 1282 534 εἰδέναι,
1332 472 1393 525 τὸ
1448 475 1511 528 ἐκ
1557 477 1770 545 φύσεως
1817 479 1962 552 εἶχεν

390 549 600 617 ἀγαθόν
628 567 642 581 ·
679 557 910 621 φυσικαὶ
939 557 1049 628 γάρ
1073 558 1183 628 (3i)
1214 563 1352 615 εἰσιν
1391 568 1444 618 αἱ
1476 568 1691 637 ἀρεταὶ,
1731 573 1824 624 καὶ⁵

390 643 562 706 σικῶς
597 646 688 697 καὶ
719 647 914 720 ἐπίσης
964 652 1130 704 πᾶσιν
1182 656 1584 728 ἐνυπάρχουσιν
1608 672 1654 727 ν,
1685 667 1732 716 εί
1768 667 1862 717 καὶ
1889 665 1963 736 μὴ

388 734 592 799 πάντες
647 739 844 809 ἐπίσης
896 742 1227 816 ὲνεργοῦμεν
1298 751 1368 802 τὰ
1427 753 1526 820 τῆς
1587 755 1820 822 φύσεως.

385 824 482 877 τοῦ
537 828 678 919 πατὰ
727 829 890 898 φύσιν
935 834 1043 905 γὰρ
1095 838 1176 900 εἰς
1218 840 1278 891 τὸ
1335 843 1485 911 παρὰ
1531 844 1694 911 φύσιν
1733 846 1820 900 διὰ
1866 852 1966 919 τῆς

389 916 760 984 παραόάσεως
795 920 1100 991 ἡλάσαμεν.
1152 926 1211 978 '0
1248 926 1304 979 δὲ
1349 929 1555 998 Κύριος
1588 932 1652 983 ἐκ
1681 931 1776 984 τοῦ
1813 916 1966 1006 παρὰ

390 1005 554 1073 φύσιν
593 1010 674 1071 είς
704 1010 765 1062 τὸ
815 1017 958 1066 κατὰ
1007 1016 1169 1082 φύσιν
1216 1019 1365 1088 ἡμᾶς
1412 1021 1729 1092 ἐπανήγαγε
1757 1039 1770 1054 ο
1807 1005 1965 1078 τοῦτο

390 1096 500 1163 γάρ
532 1099 735 1152 ἔστιτὸ
773 1103 901 1155 κατ’
926 1107 1128 1158 εἰκόνα
1171 1110 1269 1162 καὶ
1297 1113 1441 1168 καθ’
1498 1115 1804 1181 ὁμοίωσιν.
1854 1118 1963 1170 Kal.

390 1191 424 1258 ή
455 1191 689 1260 ἄσκησις
721 1195 777 1247 δὲ
807 1198 902 1248 καὶ
947 1200 995 1250 οἱ
1027 1201 1228 1270 ταύτης
1281 1203 1434 1257 πόνοι
1476 1206 1535 1257 οὑ
1571 1207 1706 1277 πρὸς
1747 1210 1806 1262 τὸ
1846 1211 1966 1262 ἐπι-

394 1281 704 1349 κτήσασθαι
751 1286 850 1356 τὴν
898 1287 1120 1360 ἀρετὴν,
1150 1292 1349 1355 ἔξωθεν
1403 1297 1729 1351 ἐπείσακτον
1777 1296 1963 1364 οὖσαν,

391 1370 794 1443 ἐπενοήθησαν,
827 1376 964 1431 ἀλλὰ
988 1381 1124 1451 πρὸς
1143 1382 1204 1435 τὺ
1228 1384 1329 1453 τὴν
1354 1386 1678 1442 ἐπείσακτον
1702 1391 1793 1442 καὶ
1816 1390 1968 1460 παρὰ

392 1460 558 1529 φῦσιν
610 1465 813 1518 κακίαν
866 1470 1283 1528 ἀποϐαλέσθαι·
1339 1477 1526 1550 ὥσπερ
1580 1483 1676 1535 καὶ
1722 1483 1813 1534 τὸν
1868 1483 1964 1536 τοῦ

393 1554 616 1624 σιδήρου
645 1558 742 1622 ίὸν,
785 1561 846 1612 οὐ
875 1565 1103 1629 φυσικὸν
1129 1566 1278 1631 ὄντα,
1303 1569 1422 1621 ἀλλ’
1455 1570 1514 1635 ἐξ
1548 1573 1807 1641 ἀμελείας
1842 1576 1963 1627 ἐπι-

392 1646 685 1716 γενόμενον
709 1659 734 1686 ι
761 1651 848 1705 διὰ
887 1655 1086 1724 μόχθου
1122 1659 1552 1728 ἀποϐάλλοντες,
1597 1666 1696 1737 τὴν
1728 1667 1964 1737 φυσικὴν

394 1738 492 1791 τοῦ
531 1741 748 1811 σιδήρου
776 1744 1138 1817 λαμπρότητα
1165 1752 1558 1822 ἐμφανίςομεν.

2068 484 2294 549 indicat,
2347 488 2492 556 quod
2537 503 2648 542 non
2682 505 2833 547 more
2893 502 3085 549 nostro
3121 513 3187 550 ex
3224 499 3643 572 investigatione

2067 584 2120 628 et
2165 575 2561 632 deliberatione
2616 581 2844 648 praevia,
2898 583 3019 646 sed,
3067 587 3244 655 utqui
3274 586 3418 645 Deus
3475 599 3642 656 esset,

2069 663 2368 734 divinoque
2398 669 2560 722 modo
2591 669 3008 726 subsistentiam
3042 676 3195 729 carni
3226 677 3516 742 tribueret,
3551 682 3641 734 cui

2069 759 2376 813 secundum
2425 760 2767 830 hypostasint
2809 773 2927 817 erat
2963 767 3177 828 unitus,
3237 781 3303 822 co
3330 769 3448 837 ipso
3497 773 3643 838 quod
3721 792 3729 801 υ

2067 859 2205 918 erat,
2241 854 2535 923 omniaque
2563 864 2742 921 norat,
2775 866 2969 928 suapte
3006 867 3206 913 natura
3244 861 3444 916 bonum
3478 863 3647 920 habe-

2068 943 2181 998 bat.
2203 943 2491 999 Naturales
2523 947 2668 1000 enim
2699 948 2934 1004 virtutes
2971 960 3120 1016 sunt,
3150 967 3212 1004 ac
3241 954 3566 1009 naturaliter
3591 966 3646 1010 et

2069 1049 2318 1103 perzeque
2342 1035 2602 1090 omnibus
2624 1037 2834 1103 insunt,
2853 1042 3016 1094 etiam
3037 1043 3080 1096 si
3097 1057 3204 1096 non
3233 1058 3424 1099 omnes
3454 1061 3645 1115 aequa-

2068 1123 2194 1178 liter
2222 1139 2284 1177 ea
2321 1140 2445 1193 quae
2470 1133 2683 1180 natura:
2733 1137 3106 1184 consentanea
3142 1140 3294 1196 sunt,
3328 1148 3642 1203 operemur.

2068 1213 2147 1268 Ex
2173 1229 2237 1270 eo
2275 1215 2545 1293 siquidem
2576 1217 2721 1285 quod
2763 1220 3067 1273 secundum
3121 1233 3373 1275 naturam
3419 1233 3557 1292 erat,
3589 1227 3644 1280 in

2065 1305 2210 1376 quod
2234 1317 2426 1360 contra
2450 1314 2700 1362 naturam
2719 1318 2824 1374 est,
2854 1310 3025 1364 divini
3053 1314 3294 1368 mandati
3325 1323 3646 1386 transgres—

2067 1397 2222 1450 sione
2267 1397 2507 1468 prolapsi
2544 1413 2735 1455 sumus
2757 1401 2821 1454 ¹⁰.
2870 1401 2940 1456 At
2969 1401 3236 1460 Dominus
3271 1421 3336 1463 ex
3385 1422 3450 1461 eo
3493 1411 3638 1477 quod

2066 1495 2149 1542 est
2175 1497 2367 1542 contra
2399 1496 2678 1555 naturam,
2731 1491 2782 1544 in
2811 1492 2864 1547 id
2897 1494 3048 1562 quod
3088 1503 3299 1550 naturae
3347 1507 3645 1553 consenta-

2067 1594 2232 1632 neum
2285 1587 2390 1644 est,
2429 1595 2532 1635 nos
2592 1584 2872 1636 revocavit
2920 1583 2984 1637 ³⁸.
3021 1583 3134 1639 Hoc
3182 1589 3326 1640 enim
3357 1598 3462 1652 est,
3491 1591 3643 1660 quod

2067 1666 2154 1722 his
2179 1670 2358 1724 verbis
2391 1671 2754 1740 signiﬁcatur,
2789 1674 2856 1726 ad
2916 1675 3198 1744 imaginem
3228 1687 3276 1730 et
3319 1680 3638 1734 similitudi-

1998 1753 2039 1809 Β
2069 1774 2183 1812 nem
2221 1761 2289 1816 “.
2318 1759 2460 1826 Quin
2488 1763 2590 1832 pice
2649 1765 2768 1818 vita:
2783 1766 3041 1820 exercitia
3081 1774 3134 1820 et
3161 1767 3375 1825 labores
3400 1787 3507 1825 non
3547 1787 3645 1825 ex-

393 1833 632 1911 cogitata
665 1847 790 1889 sunt
819 1880 834 1903 ,
872 1847 929 1892 ut
967 1841 1222 1898 virtutem
1254 1847 1600 1902 extrinsecus
1657 1849 1982 1904 adscititiam
2011 1851 2402 1922 adipiscamur,
2439 1855 2601 1924 230
2624 1857 2717 1912 sed
2750 1867 2809 1913 ut
2836 1859 3188 1914 adventitium
3216 1873 3267 1916 et
3295 1874 3504 1920 natura:
3538 1866 3646 1920 ini-

394 1922 598 1976 micum
629 1927 824 1980 vitium
857 1930 1216 2000 abjiciamus;
1250 1951 1358 1990 non
1413 1953 1573 1994 secus
1601 1954 1684 2004 ac,
1723 1941 1852 1996 ferri
1883 1943 2158 2012 rubigine,
2194 1960 2318 2015 qua:
2379 1947 2606 2002 minime
2663 1951 2932 2008 naturalis
2998 1963 3102 2016 est,
3170 1953 3266 2011 sed
3300 1971 3363 2009 ex
3429 1958 3641 2013 incuria

393 2021 762 2088 contrahitur,
808 2041 914 2079 non
962 2029 1084 2082 sine
1117 2031 1300 2086 labore
1340 2034 1614 2098 submota,
1657 2040 1964 2094 naturalem
2005 2038 2134 2094 ferri
2168 2041 2516 2110 splendorem
2540 2044 2891 2114 perspicuum
2921 2048 3224 2105 reddimus.

476 2115 674 2170 Ἰστέον
713 2119 790 2186 δὲ,
829 2121 904 2184 ὠς
933 2123 993 2175 τὸ
1022 2127 1121 2195 τῆς
1151 2127 1378 2198 γνώμης
1411 2130 1584 2200 ὄνομα
1631 2133 1973 2202 πολύτροπον

395 2207 493 2259 καὶ
546 2209 966 2282 πολυσήμαντόν
1009 2217 1145 2272 ἐστι.
1204 2220 1338 2273 [lore
1393 2222 1492 2291 μὲν
1531 2225 1638 2294 γὰρ
1676 2225 1829 2295 δηλοῖ
1872 2227 1974 2297 τὴν

396 2302 758 2372 παραίνεσιν,
798 2305 873 2368 ὦς
903 2324 1069 2376 φησιν
1101 2311 1128 2361 ὀ
1173 2309 1314 2374 Baio;
1361 2313 1704 2378 ’Λπόστολος·
1743 2317 1882 2386 Περὶ
1905 2319 1974 2372 δὲ

396 2389 516 2444 τῶν
553 2394 861 2460 παρθένων
897 2397 1184 2468 ἐπιταγὴν
1212 2401 1434 2468 Κυρίου
1483 2406 1592 2457 οὐκ
1628 2407 1777 2474 ἔχω,
1829 2407 1976 2477 γνώ-

390 2501 523 2553 μην
561 2484 631 2537 δὲ
679 2485 884 2555 δίδωμι
909 2505 922 2520 ·
961 2491 1088 2542 ποτὲ
1123 2491 1179 2543 δὲ
1209 2492 1404 2564 βουλὴν
1429 2537 1442 2558 ,
1479 2496 1555 2560 ὠς
1585 2497 1714 2551 ὅταν
1749 2501 1914 2569 φησὶν
1942 2503 1970 2554 ὀ

397 2576 688 2644 προφήτης
712 2576 877 2629 Δασίδ
903 2594 916 2608 ο
957 2579 1087 2632 Ἐπί
1116 2580 1224 2634 τὸν
1253 2583 1407 2637 λαόν
1426 2599 1542 2639 σου
1574 2603 1975 2657 κατεπανουρ-

397 2663 667 2733 τήσαντο
714 2665 985 2736 γνώμηνο
1039 2670 1167 2724 ποτὲ
1214 2673 1273 2727 δὲ
1306 2674 1519 2744 ψῆφον,
1557 2676 1632 2740 ὡς
1669 2679 1696 2730 ὁ
1727 2679 1926 2749 Δανιήλ
1952 2695 1965 2709 ·

396 2757 540 2826 Περὶ
587 2759 751 2826 τίνος
783 2760 1041 2830 ἐξῆλθεν
1073 2766 1110 2832 ἠ
1151 2766 1352 2837 γνώμη
1398 2771 1433 2836 ἠ
1485 2770 1740 2837 ἀναιδὴς
1779 2773 1965 2840 αὕτη·

396 2849 531 2902 ποτὲ
572 2849 627 2902 δὲ
662 2851 756 2903 ἐπὶ
784 2854 1040 2918 πίστεως,
1089 2856 1121 2927 ἢ
1151 2857 1330 2926 δόξης,
1360 2859 1391 2929 ἢ
1429 2863 1778 2930 φρονήματος
1801 2903 1814 2926 ,
1869 2865 1967 2917 καὶ

399 2939 590 3004 ἁπλῶς
611 2944 806 3010 εἰπεῖν,
839 2944 979 2998 κατὰ
1000 2947 1217 2999 εἴκοσι]
1235 2948 1381 3002 ὀκτὼ
1411 2951 1789 3023 σημαινόμενα
1821 2953 1962 3024 λαμ-

400 3032 624 3087 ϐάνεται
659 3033 720 3086 τὸ
747 3035 848 3105 τῆς
877 3035 1112 3106 γνώμης
1141 3037 1337 3108 ὄνομα.

894 3307 1143 3362 ΚΕΦΑΛ.
1187 3311 1269 3364 lE'
1304 3310 1478 3384 [No]-

437 3394 574 3463 Περὶ
620 3395 933 3465 ἐνεργειῶν
963 3400 1177 3524 τῶνὲέν
1213 3402 1290 3482 τῷ
1318 3407 1514 3473 Κυρίῳ
1538 3405 1706 3475 ἡμῶν
1744 3407 1935 3475 Ἰησοῦ

1099 3489 1310 3539 ριστῳ.

473 3561 575 3614 Δὺο
614 3562 670 3615 δὲ
714 3562 811 3618 καὶ
850 3563 950 3627 τὰς
997 3567 1436 3638 ἐνεργείας(55)
1491 3569 1674 3638 φαμὲν
1723 3569 1816 3622 ἐπὶ
1866 3570 1960 3623 τοῦ

402 3657 612 3728 Κυρίου
659 3659 819 3729 ἡμῶν
862 3661 1038 3730 Ἰησοῦ
1082 3663 1341 3732 Χριστοῦ.
1381 3660 1512 3733 Εἶχε
1547 3665 1692 3734 γὰρ,
1745 3668 1821 3730 ὡς
1870 3668 1972 3737 μὲν

479 3793 522 3824 ¹⁹
555 3791 659 3846 lsa.
692 3807 786 3854 vtt,
813 3793 899 3846 15.
937 3809 1050 3849 sec.
1084 3793 1242 3848 LXX.

1344 3797 1389 3867 f°
1427 3797 1603 3867 Supra
1660 3799 1734 3852 lib
1766 3815 1826 3866 tt,
1880 3818 1929 3854 ο.
1959 3800 2050 3854 50.

2151 2134 2306 2190 Vocis
2338 2135 2529 2208 γνώμη
2559 2139 2709 2193 varia
2739 2141 3204 2210 signiﬁcata.—-"
3220 2141 3512 2197 Sciendum
3549 2159 3649 2197 att-

2069 2235 2199 2293 tem,
2227 2228 2477 2300 γνώμης,
2508 2230 2612 2285 hoc
2641 2241 2745 2299 est,
2779 2233 3067 2289 sententia:
3125 2251 3322 2290 nomen
3353 2235 3561 2288 variam
3591 2242 3648 2291 et

2070 2319 2428 2388 multiplicem
2461 2321 2920 2392 signiﬁcationem
2961 2324 3185 2380 habere.
3208 2325 3477 2380 Interdum
3501 2327 3646 2381 enim

2072 2411 2512 2468 adhortationem
2563 2416 2858 2486 signiﬁcat,
2889 2429 2948 2474 ut
2977 2435 3101 2473 cum
3145 2421 3220 2472 ait
3248 2420 3470 2476 divinus
3502 2421 3648 2490 Apo-

2071 2505 2246 2560 stolus
2282 2523 2293 2558 :
2332 2505 2410 2560 De
2436 2508 2724 2578 virginibus
2753 2519 3068 2579 pra'ceptum
3088 2511 3304 2565 Domini
3339 2529 3440 2566 non
3459 2512 3644 2576 habeo,

2067 2593 2294 2667 γνώμην
2357 2609 2534 2654 autem
2588 2600 2753 2667 do“;
2794 2601 3067 2657 interdum
3098 2615 3278 2658 autem
3324 2604 3642 2669 consilium,

2070 2695 2130 2740 ut
2163 2701 2288 2740 cum
2320 2689 2459 2744 dixit
2489 2692 2755 2761 propheta
2782 2691 2950 2746 David
2980 2713 2990 2746 :
3019 2692 3186 2762 Super
3215 2694 3466 2763 populum
3496 2703 3644 2746 tuum

2068 2779 2493 2848 malignaverunt
2531 2780 2815 2833 consilium
2834 2782 2900 2833 ”.
2942 2780 3282 2849 Quandoque
3308 2795 3436 2834 vero
3457 2779 3646 2834 decre-

2066 2867 2608 2935 tum,judicialemve
2633 2871 2979 2935 sententiam,
3012 2879 3070 2922 ut
3110 2871 3254 2940 apud
3289 2870 3584 2925 Dianielem
3618 2887 3632 2922 :

2067 2960 2111 3012 Α
2133 2973 2234 3028 quo
2264 2959 2392 3012 exiit
2417 2959 2691 3028 impudens
2733 2963 2828 3015 hoc
2862 2962 3127 3015 decretum
3149 2963 3214 3015 ".
3240 2960 3642 3031 Nonnunquam

2080 3046 2316 3117 denique
2379 3064 2478 3118 pro
2513 3049 2616 3104 ﬁde
2675 3058 2768 3103 aut
2803 3052 3087 3121 opinione,
3120 3060 3214 3105 aut
3244 3052 3412 3105 animi
3477 3066 3645 3106 sensu

2073 3139 2327 3192 sumitur.
2358 3141 2556 3209 Atque,
2590 3148 2647 3194 ut
2680 3143 2868 3211 paucis
2900 3142 3099 3208 dicam,
3128 3142 3353 3213 γνώμης
3412 3144 3650 3198 vocabu-

2071 3229 2180 3283 lum
2210 3229 2400 3301 viginti
2427 3239 2477 3285 et
2513 3238 2638 3286 octo
2661 3233 2837 3289 modis
2864 3235 3151 3305 accipitur.

2702 3323 2854 3378 CAP.
2892 3323 3006 3380 XV.

2143 3413 2226 3468 De
2293 3413 2862 3542 operationibusCIqute
2904 3419 2957 3472 in
3015 3418 3241 3473 Domino
3275 3426 3456 3472 nostro
3515 3413 3645 3470 Iesu

2727 3499 2882 3542 tmto
2910 3499 3053 3542 sunt.

2727 3499 2882 3542 trtsto
2910 3499 3053 3546 sunt.

2139 3575 2347 3645 Duplex
2382 3581 2436 3632 in
2477 3577 2687 3634 Christo
2718 3583 2974 3648 operatio,
3024 3593 3081 3635 ut
3130 3592 3346 3636 natura.
3378 3611 3449 3620 —
3476 3577 3665 3631 Porro

2078 3670 2216 3724 duas
2240 3671 2402 3724 etiam
2436 3670 2490 3724 in
2527 3670 2758 3725 Domino
2805 3680 2995 3727 nostro
3048 3671 3177 3728 Iesu
3207 3673 3426 3728 Christo
3455 3682 3651 3739 opera-

2165 3800 2209 3831 “
2240 3799 2396 3872 Max.
2437 3797 2609 3872 Dial:
2650 3817 2769 3853 cum
2829 3801 3057 3872 Pyrrho.
3164 3803 3208 3833 ”
3245 3799 3384 3855 Gen.
3446 3818 3486 3864 ι,
3547 3799 3636 3854 ίὶδ.

402 3862 451 3894 ³⁸
473 3860 615 3914 Max.
649 3860 794 3918 Dial.
840 3880 955 3916 cum
984 3863 1178 3934 Pyrrh.
1257 3864 1301 3897 “
1340 3866 1357 3918 Ι
1390 3860 1525 3921 Cor:
1550 3884 1645 3932 vtt,
1685 3869 1776 3922 25.
1812 3860 1822 3866 ⁷
1852 3871 1897 3901 ³³
1927 3869 2072 3925 l‘sal.
2114 3885 2324 3934 LXXXII,
2372 3869 2426 3923 4.
2504 3869 2550 3900 ³⁸
2584 3869 2715 3923 Dan.
2753 3887 2815 3936 ll,
2872 3860 2958 3924 i5.

1678 3982 1914 4038 VARUE
1955 3985 2354 4042 LECTIONES.

480 4079 507 4106 τ
539 4067 693 4122 Edita
743 4070 1099 4144 ὑπάρχουσιν.
1148 4142 1155 4144 _
1201 4080 1228 4109 ³
1273 4071 1430 4144 Edita
1488 4075 1881 4144 ὲπιγινόμενον.

408 4141 638 4208 interpr.
707 4141 993 4194 secundum
1044 4142 1250 4206 multa;
1307 4141 1482 4200 Faber
1541 4141 1827 4199 secundant

405 4208 632 4280 γνώμης
662 4209 732 4263 28
759 4211 1070 4282 signiﬁcata
1106 4213 1311 4282 posuit.

1976 4085 2004 4124 7
2036 4077 2232 4134 Noster
2280 4077 2423 4132 κατὰ
2473 4077 2674 4131 κοινοῦ.
2729 4075 2797 4129 R.
2859 4076 3000 4132 2924
3065 4077 3207 4131 κατὰ
3260 4077 3430 4146 πολὺς
3491 4087 3646 4137 vetus

1887 4145 2142 4214 plurima.
2213 4148 2482 4203 Maximus
2528 4161 2594 4203 ex
2645 4163 2756 4218 quo
2802 4148 2916 4204 haec
2963 4149 3249 4218 desumpta
3305 4145 3455 4215 sunt,
3493 4154 3662 4207 vocis.

1950 4285 2180 4343 ΝΟΤᾹΙ.

483 4426 595 4497 (54)
637 4425 894 4497 Φυσεκαέ
935 4423 1054 4497 μέν

411 4493 628 4565 accepit
665 4511 730 4550 ex
781 4493 920 4548 Dial.
975 4493 1192 4567 Maximi
1243 4511 1369 4567 cum
1433 4495 1665 4567 Pyrrho.
1727 4495 1978 4567 Diximus

411 4567 645 4622 antehac
674 4580 784 4634 quo
821 4580 985 4636 Scn_S_ll
1017 4565 1208 4636 Patres
1245 4565 1733 4636 tradunt‘virtutes
1765 4565 1982 4620 homini

409 4633 700 4691 naturales
722 4649 864 4705 esse.
916 4634 1072 4705 Modo
1097 4633 1254 4700 juvat
1286 4635 1556 4705 insignem
1600 4633 1768 4689 Tullii
1797 4638 1977 4689 locum

411 4706 628 4768 all‘erre,
663 4721 728 4758 ex
774 4703 869 4758 lib.
909 4721 922 4757 I
956 4703 1032 4757 De
1076 4705 1226 4770 legib.
1279 4703 1419 4758 Jam'
1436 4720 1553 4759 vero
1581 4745 1596 4769 ,
1637 4707 1752 4772 ait,
1809 4708 1977 4760 virtus

411 4775 597 4829 eadem
631 4776 683 4828 in
736 4774 976 4836 homine,
1011 4789 1074 4826 ac
1102 4775 1154 4825 in
1193 4772 1297 4828 Deo
1341 4787 1416 4829 est
1454 4815 1468 4828 .
1504 4815 1516 4829 .
1548 4815 1561 4829 .
1594 4814 1608 4829 .
1672 4788 1750 4829 est
1801 4787 1979 4829 autem

411 4848 580 4900 virtus
624 4844 757 4898 nihil
810 4843 963 4897 aliud
990 4843 1231 4914 quam_in
1265 4863 1320 4899 se
1349 4847 1598 4914 perfecta,
1647 4857 1696 4900 et
1728 4845 1796 4899 ad
1835 4863 1980 4900 sum-

412 4933 556 4969 ntum
600 4915 852 4984 perducta
885 4923 1100 4966 natura.
1144 4911 1240 4984 Est
1285 4911 1451 4984 igitur
1484 4915 1685 4970 homini
1719 4933 1838 4969 cum
1873 4915 1980 4970 Deo

413 4982 731 5039 similitudo.
763 4985 1084 5047 Concludit,
1116 4982 1273 5051 plane
1304 4982 1544 5053 intelligi
1573 5003 1666 5039 nos
1709 4985 1778 5039 ad
1812 4986 1979 5054 justi—

413 5055 544 5108 tiam
577 5071 690 5108 esse
721 5064 873 5107 notos
894 5093 909 5119 ,
940 5069 1101 5123 neque
1129 5055 1402 5121 opinione,
1436 5056 1525 5109 sed
1556 5066 1748 5109 natura
1782 5057 1979 5110 consti-

415 5125 588 5178 tutum
618 5141 730 5179 esse
750 5126 865 5194 jus.

488 5192 843 5266 (35)7A150_5é
869 5193 965 5247 καὶ
998 5192 1104 5258 τὰς
1137 5195 1454 5266 ἐνεργείας.
1487 5194 1657 5250 Porro
1688 5196 1844 5260 duas,
1870 5204 1976 5252 etc.

414 5263 795 5320 MOnotheleta:
845 5266 982 5320 duas
1031 5266 1243 5320 volendi
1282 5263 1587 5321 'facultates
1615 5267 1832 5321 Christo
1865 5284 1973 5322 non

415 5335 781 5404 denegabant,
812 5335 903 5390 sed
931 5348 1098 5406 unam
1126 5336 1394 5391 actionem
1428 5337 1722 5405 ponebant.
1749 5337 1804 5391 ld
1829 5337 1974 5406 quod

415 5415 746 5474 acceperant
784 5407 851 5459 ab
900 5404 1258 5474 Eutychianis
1301 5415 1355 5460 et
1402 5404 1735 5472 Severianis,
1784 5404 1974 5462 contra

414 5489 556 5543 quos
591 5476 661 5528 ab
692 5476 1015 5530 orthodoxis
1049 5490 1147 5543 pro
1176 5475 1389 5531 duabus
1419 5477 1752 5542 actionibus,
1789 5476 1973 5531 divina

417 5544 758 5617 et_hum_ana,
785 5545 1090 5617 statuendis
1117 5544 1209 5617 diu
1241 5557 1540 5616 pugnatum
1570 5556 1708 5600 erat.
1753 5548 1973 5617 Ephrw-

419 5612 564 5687 mitts
607 5615 867 5687 Antioch.
906 5615 1086 5687 (teste
1117 5612 1278 5687 Phot.
1322 5612 1445 5671 cod.
1489 5617 1624 5686 226)
1681 5612 1966 5687 epistolam

422 5683 647 5755 scripsit
685 5685 754 5742 ad
798 5683 1116 5757 monachos,
1167 5685 1225 5741 in
1271 5703 1378 5760 qua
1433 5683 1725 5758 congestis
1747 5690 1967 5744 Patrum

1110 4423 1240 4492 γάρ.
1289 4423 1582 4479 Naturales
1630 4426 1788 4479 enim.
1857 4426 1982 4481 Ha>c
2014 4430 2056 4485 D
2085 4429 2377 4483 sententiis
2425 4429 2562 4484 duas
2587 4429 2901 4486 voluntates
2951 4438 3007 4485 et
3062 4430 3308 4486 actiones
3356 4432 3647 4491 evincebat

2084 4509 2283 4570 contra.
2323 4497 2672 4556 Severianos.
2729 4500 2874 4553 Idem
2929 4500 3188 4569 praestitit
3232 4502 3556 4559 Anastasius
3603 4507 3642 4570 Ι,

2075 4569 2196 4640 ejus
2222 4584 2517 4640 successor
2551 4571 2694 4640 libro
2717 4570 2853 4638 Περὶ
2880 4571 3192 4640 ἐνεργειῶν,
3230 4570 3304 4625 De
3328 4576 3649 4640 operationi-

2077 4638 2193 4712 bus,
2217 4639 2376 4712 cujus
2399 4655 2572 4712 pauca
2609 4639 2912 4712 fragmenta
2942 4638 3274 4712 supersunt;
3314 4638 3554 4712 itemque
3590 4647 3643 4699 in

2077 4707 2417 4782 defensione
2446 4707 2714 4782 epistolm‘
2736 4707 2937 4782 Leonis
2990 4707 3056 4762 ad
3118 4707 3484 4782 Flavianum,
3528 4730 3646 4782 quae

2077 4779 2425 4853 citaturact.
2457 4780 2521 4834 10
2541 4787 2709 4834 sexta:
2732 4779 2950 4853 synodi,
2980 4788 3038 4832 ut
3068 4789 3120 4832 et
3141 4778 3372 4836 Joannis
3413 4778 3644 4853 Scytho-

2119 4849 2310 4902 olitani
2360 4849 2669 4919 liberivm,
2721 4850 2786 4901 de
2838 4851 3030 4903 eodem
3083 4862 3411 4919 argumento
3453 4849 3640 4906 contra

2119 4864 2310 4902 outant
2360 4864 2500 4903 ttner
2536 4865 2669 4912 VIII,
2721 4864 2786 4901 ue
2838 4864 3030 4903 eouem
3083 4864 3411 4919 argumento
3453 4864 3640 4906 contra

2078 4864 2370 4973 geverutn.
2413 4918 3054 4991 l_n_Cpllectaneis_mss.
3103 4928 3296 4991 contra
3347 4922 3645 4991 Monophy-

2081 4989 2239 5052 sitas,
2277 5004 2398 5056 cap.
2427 4987 2516 5052 56,
2542 4987 2754 5049 Severi,
2784 4988 3172 5056 sociorumque
3194 4990 3314 5057 ejus
3339 4993 3484 5043 varia
3511 4987 3667 5056 loca.

2081 5059 2384 5113 aﬁ'eruntur
2425 5059 2492 5112 de
2517 5073 2628 5112 una
2667 5057 2869 5113 Christi
2926 5060 3242 5128 operatione
3276 5080 3288 5113 :
3325 5062 3388 5113 Ἦ
3425 5063 3644 5124 σύνοδος

2079 5129 2457 5200 Χαλκηδόνος,
2491 5128 2669 5200 inquit
2705 5120 3108 5200 ille.._epis't._ad
3142 5127 3502 5185 Prosdocium
3529 5120 3665 5186 Mel‘

2079 5197 2287 5272 dicunt,
2319 5199 2413 5272 ita}.
2443 5199 2692 5272 oAéwy,
2737 5198 2764 5250 ὁ
2799 5197 2899 5272 τῆς
2942 5198 3156 5272 Ῥώμης
3201 5200 3506 5272 ἡγούμενος
3547 5203 3642 5254 δύο

2079 5271 2288 5335 φύσεις,
2319 5269 2412 5321 καὶ
2439 5267 3076 5340 δύοᾼτοὺτωνᾼὲνεργείας
3101 5267 3469 5340 διορισάμενοι
3501 5273 3646 5340 μετὰ·

2073 5339 2172 5408 τὴν
2216 5339 2494 5407 ἄφραστον
2528 5337 2744 5408 ἕνωσιν,
2770 5337 2994 5408 δίκαίως
3023 5337 3634 5407 ἀναθεματίζέσοοίσαν,

2073 5407 2146 5471 ὡς
2176 5408 2267 5460 τὸν
2298 5409 2391 5480 ἕνα
2421 5407 2652 5477 Χριστὸν
2696 5410 2780 5480 είς
2809 5407 2901 5460 δύο
2940 5409 3205 5480 πρόσωπα
3236 5411 3637 5480 καταμερίσαν-

2071 5495 2182 5548 τες.
2215 5477 2424 5548 Οὐλγὰρ
2468 5480 2698 5548 ἐνεργεῖ-
2714 5476 2875 5548 (post;
2905 5476 3000 5546 οὐχ
3036 5479 3346 5548 ὑφεστᾶσα·
3381 5476 3634 5548 ’δῃιιοτίαε

2072 5545 2533 5608 Chalcedonensis,
2565 5545 2624 5599 et
2669 5545 2790 5606 Leo,
2827 5545 3076 5600 Romana:
3107 5547 3355 5603 Ecclesiw
3389 5545 3632 5616 antistes,

2069 5619 2158 5687 qui
2179 5628 2410 5689 naturas
2432 5619 2564 5668 (luas
2599 5617 2649 5669 in
2690 5616 2900 5689 Christo
2925 5659 2936 5679 ,
2969 5616 3201 5686 duasque
3231 5619 3414 5672 harum
3452 5637 3634 5689 operu-

2079 5689 2242 5742 tioncs
2312 5688 2626 5757 deﬁnierunt
2670 5696 2798 5756 post
2850 5687 3254 5744 inenarrabilem
3317 5687 3627 5758 uni!ionem,
