  <div class='ocr_page' id='page_1' title='image "/cluster/home/n/w/nwhite01/storage/ocr_20150623/94/hvd.32044073502098/529.png"; bbox 0 0 3996 6212; ppageno 0'>
   <div class='ocr_carea' id='block_1_1' title="bbox 336 230 474 297">
    <p class='ocr_par' dir='ltr' id='par_1_1' title="bbox 336 230 474 297">
     <span class='ocr_line' id='line_1_1' title="bbox 336 230 474 297; baseline -0.029 0"><span class='ocrx_word' id='word_1_1' title='bbox 336 230 474 297; x_wconf 73' lang='grc'><strong>1047</strong></span> 
     </span>
    </p>
   </div>
   <div class='ocr_carea' id='block_1_2' title="bbox 1528 245 2409 312">
    <p class='ocr_par' dir='ltr' id='par_1_2' title="bbox 1528 245 2409 312">
     <span class='ocr_line' id='line_1_2' title="bbox 1528 245 2409 312; baseline 0.012 -11"><span class='ocrx_word' id='word_1_2' title='bbox 1528 245 1585 301; x_wconf 90' lang='lat' dir='ltr'><strong>S.</strong></span> <span class='ocrx_word' id='word_1_3' title='bbox 1630 245 1952 306; x_wconf 71' lang='lat' dir='ltr'><strong>JOANNIS</strong></span> <span class='ocrx_word' id='word_1_4' title='bbox 1976 249 2409 312; x_wconf 63' lang='lat' dir='ltr'><strong>DABIASCENI</strong></span> 
     </span>
    </p>
   </div>
   <div class='ocr_carea' id='block_1_3' title="bbox 3462 248 3617 315">
    <p class='ocr_par' dir='ltr' id='par_1_3' title="bbox 3462 248 3617 315">
     <span class='ocr_line' id='line_1_3' title="bbox 3462 248 3617 315; baseline 0.019 -3"><span class='ocrx_word' id='word_1_5' title='bbox 3462 248 3617 315; x_wconf 69' lang='grc'>1048</span> 
     </span>
    </p>
   </div>
   <div class='ocr_carea' id='block_1_4' title="bbox 326 345 1924 439">
    <p class='ocr_par' dir='ltr' id='par_1_4' title="bbox 326 345 1912 426">
     <span class='ocr_line' id='line_1_4' title="bbox 326 345 1912 426; baseline 0.008 -25"><span class='ocrx_word' id='word_1_6' title='bbox 326 347 505 402; x_wconf 85' lang='lat' dir='ltr'><strong>tiones</strong></span> <span class='ocrx_word' id='word_1_7' title='bbox 561 345 820 403; x_wconf 70' lang='lat' dir='ltr'><strong>dicimus.</strong></span> <span class='ocrx_word' id='word_1_8' title='bbox 876 347 1008 401; x_wconf 72' lang='lat' dir='ltr'><strong>Nam</strong></span> <span class='ocrx_word' id='word_1_9' title='bbox 1057 353 1133 402; x_wconf 89' lang='lat' dir='ltr'><strong>nti</strong></span> <span class='ocrx_word' id='word_1_10' title='bbox 1192 350 1334 406; x_wconf 91' lang='lat' dir='ltr'><strong>Deus</strong></span> <span class='ocrx_word' id='word_1_11' title='bbox 1386 353 1642 426; x_wconf 80' lang='lat' dir='ltr'><strong>Patrique</strong></span> <span class='ocrx_word' id='word_1_12' title='bbox 1667 362 1912 416; x_wconf 86' lang='lat' dir='ltr'><strong>consub-</strong></span> 
     </span>
    </p>
   </div>
   <div class='ocr_carea' id='block_1_5' title="bbox 2039 345 3619 439">
    <p class='ocr_par' dir='ltr' id='par_1_5' title="bbox 2039 363 3619 439">
     <span class='ocr_line' id='line_1_5' title="bbox 2039 363 3619 439; baseline 0.002 -22"><span class='ocrx_word' id='word_1_13' title='bbox 2039 365 2151 430; x_wconf 62' lang='grc' dir='ltr'>ὶεὸς</span> <span class='ocrx_word' id='word_1_14' title='bbox 2212 368 2306 420; x_wconf 82' lang='grc' dir='ltr'><strong>καὶ</strong></span> <span class='ocrx_word' id='word_1_15' title='bbox 2373 368 2453 438; x_wconf 81' lang='grc' dir='ltr'>τῷ</span> <span class='ocrx_word' id='word_1_16' title='bbox 2527 368 2705 439; x_wconf 79' lang='grc' dir='ltr'>Πατρὶ</span> <span class='ocrx_word' id='word_1_17' title='bbox 2781 366 3107 439; x_wconf 75' lang='grc' dir='ltr'>ὁμοοὺσιος,</span> <span class='ocrx_word' id='word_1_18' title='bbox 3192 363 3442 437; x_wconf 72' lang='grc' dir='ltr'>ὁμοίωςι</span> <span class='ocrx_word' id='word_1_19' title='bbox 3509 369 3619 438; x_wconf 75' lang='grc' dir='ltr'>τὴν</span> 
     </span>
    </p>
   </div>
   <div class='ocr_carea' id='block_1_6' title="bbox 325 437 1908 518">
    <p class='ocr_par' dir='ltr' id='par_1_6' title="bbox 325 437 1908 518">
     <span class='ocr_line' id='line_1_6' title="bbox 325 437 1908 518; baseline 0.007 -24"><span class='ocrx_word' id='word_1_20' title='bbox 325 438 628 504; x_wconf 80' lang='lat' dir='ltr'><strong>stantialis,</strong></span> <span class='ocrx_word' id='word_1_21' title='bbox 656 437 898 492; x_wconf 77' lang='lat' dir='ltr'><strong>divinam</strong></span> <span class='ocrx_word' id='word_1_22' title='bbox 935 455 1192 510; x_wconf 69' lang='lat' dir='ltr'><strong>peraeque</strong></span> <span class='ocrx_word' id='word_1_23' title='bbox 1220 446 1594 513; x_wconf 89' lang='lat' dir='ltr'><strong>operationem</strong></span> <span class='ocrx_word' id='word_1_24' title='bbox 1650 449 1908 518; x_wconf 79' lang='lat' dir='ltr'><strong>habebat;</strong></span> 
     </span>
    </p>
   </div>
   <div class='ocr_carea' id='block_1_7' title="bbox 327 530 1912 608">
    <p class='ocr_par' dir='ltr' id='par_1_7' title="bbox 327 530 1912 608">
     <span class='ocr_line' id='line_1_7' title="bbox 327 530 1912 608; baseline 0.01 -24"><span class='ocrx_word' id='word_1_25' title='bbox 327 539 383 585; x_wconf 88' lang='lat' dir='ltr'><strong>et</strong></span> <span class='ocrx_word' id='word_1_26' title='bbox 417 541 479 584; x_wconf 93' lang='lat' dir='ltr'><strong>ut</strong></span> <span class='ocrx_word' id='word_1_27' title='bbox 512 530 697 586; x_wconf 84' lang='lat' dir='ltr'><strong>factus</strong></span> <span class='ocrx_word' id='word_1_28' title='bbox 751 531 916 587; x_wconf 89' lang='lat' dir='ltr'><strong>homo</strong></span> <span class='ocrx_word' id='word_1_29' title='bbox 945 541 1002 589; x_wconf 90' lang='lat' dir='ltr'><strong>et</strong></span> <span class='ocrx_word' id='word_1_30' title='bbox 1055 536 1556 594; x_wconf 86' lang='lat' dir='ltr'><strong>consubstantialis</strong></span> <span class='ocrx_word' id='word_1_31' title='bbox 1590 542 1778 608; x_wconf 89' lang='lat' dir='ltr'><strong>nobis,</strong></span> <span class='ocrx_word' id='word_1_32' title='bbox 1802 543 1912 599; x_wconf 88' lang='lat' dir='ltr'><strong>hu-</strong></span> 
     </span>
    </p>
   </div>
   <div class='ocr_carea' id='block_1_8' title="bbox 325 630 1492 697">
    <p class='ocr_par' dir='ltr' id='par_1_8' title="bbox 325 630 1492 697">
     <span class='ocr_line' id='line_1_8' title="bbox 325 630 1492 697; baseline 0.005 -19"><span class='ocrx_word' id='word_1_33' title='bbox 325 638 504 678; x_wconf 76' lang='lat' dir='ltr'><strong>mana:</strong></span> <span class='ocrx_word' id='word_1_34' title='bbox 530 639 749 694; x_wconf 90' lang='lat' dir='ltr'><strong>quoque</strong></span> <span class='ocrx_word' id='word_1_35' title='bbox 801 632 994 679; x_wconf 89' lang='lat' dir='ltr'><strong>natura</strong></span> <span class='ocrx_word' id='word_1_36' title='bbox 1027 630 1407 697; x_wconf 82' lang='lat' dir='ltr'><strong>Operatiouem</strong></span> <span class='ocrx_word' id='word_1_37' title='bbox 1427 633 1492 685; x_wconf 83' lang='lat'><strong>&quot;.</strong></span> 
     </span>
    </p>
   </div>
   <div class='ocr_carea' id='block_1_9' title="bbox 399 716 1915 798">
    <p class='ocr_par' dir='ltr' id='par_1_9' title="bbox 399 716 1915 798">
     <span class='ocr_line' id='line_1_9' title="bbox 399 716 1915 798; baseline 0.011 -30"><span class='ocrx_word' id='word_1_38' title='bbox 399 716 566 787; x_wconf 83' lang='lat' dir='ltr'><strong>Atqui</strong></span> <span class='ocrx_word' id='word_1_39' title='bbox 602 719 891 772; x_wconf 90' lang='lat' dir='ltr'><strong>sciendum</strong></span> <span class='ocrx_word' id='word_1_40' title='bbox 922 730 1009 775; x_wconf 91' lang='lat' dir='ltr'><strong>est</strong></span> <span class='ocrx_word' id='word_1_41' title='bbox 1063 723 1214 777; x_wconf 85' lang='lat' dir='ltr'><strong>aliud</strong></span> <span class='ocrx_word' id='word_1_42' title='bbox 1256 740 1382 779; x_wconf 88' lang='lat' dir='ltr'><strong>esse</strong></span> <span class='ocrx_word' id='word_1_43' title='bbox 1410 734 1616 793; x_wconf 91' lang='lat' dir='ltr'><strong>actum,</strong></span> <span class='ocrx_word' id='word_1_44' title='bbox 1643 728 1758 782; x_wconf 84' lang='lat' dir='ltr'><strong>sive</strong></span> <span class='ocrx_word' id='word_1_45' title='bbox 1783 744 1915 798; x_wconf 87' lang='lat' dir='ltr'><strong>ope-</strong></span> 
     </span>
    </p>
   </div>
   <div class='ocr_carea' id='block_1_10' title="bbox 326 808 1913 887">
    <p class='ocr_par' dir='ltr' id='par_1_10' title="bbox 326 808 1913 887">
     <span class='ocr_line' id='line_1_10' title="bbox 326 808 1913 887; baseline 0.009 -26"><span class='ocrx_word' id='word_1_46' title='bbox 326 808 626 873; x_wconf 84' lang='lat' dir='ltr'><strong>rationem,</strong></span> <span class='ocrx_word' id='word_1_47' title='bbox 659 810 808 864; x_wconf 83' lang='lat' dir='ltr'><strong>aliud</strong></span> <span class='ocrx_word' id='word_1_48' title='bbox 863 825 988 867; x_wconf 89' lang='lat' dir='ltr'><strong>esse</strong></span> <span class='ocrx_word' id='word_1_49' title='bbox 1017 813 1070 866; x_wconf 88' lang='lat' dir='ltr'><strong>id</strong></span> <span class='ocrx_word' id='word_1_50' title='bbox 1118 817 1263 883; x_wconf 89' lang='lat' dir='ltr'><strong>quod</strong></span> <span class='ocrx_word' id='word_1_51' title='bbox 1305 825 1594 872; x_wconf 86' lang='lat' dir='ltr'><strong>actuosum</strong></span> <span class='ocrx_word' id='word_1_52' title='bbox 1627 828 1734 887; x_wconf 90' lang='lat' dir='ltr'><strong>est,</strong></span> <span class='ocrx_word' id='word_1_53' title='bbox 1763 821 1913 876; x_wconf 88' lang='lat' dir='ltr'><strong>aliud</strong></span> 
     </span>
    </p>
   </div>
   <div class='ocr_carea' id='block_1_11' title="bbox 327 901 1916 976">
    <p class='ocr_par' dir='ltr' id='par_1_11' title="bbox 327 901 1916 976">
     <span class='ocr_line' id='line_1_11' title="bbox 327 901 1916 976; baseline 0.009 -21"><span class='ocrx_word' id='word_1_54' title='bbox 327 901 609 965; x_wconf 70' lang='lat' dir='ltr'><strong>effectum,</strong></span> <span class='ocrx_word' id='word_1_55' title='bbox 643 902 792 970; x_wconf 80' lang='lat' dir='ltr'><strong>aliud</strong></span> <span class='ocrx_word' id='word_1_56' title='bbox 815 903 1053 974; x_wconf 83' lang='lat' dir='ltr'><strong>denique</strong></span> <span class='ocrx_word' id='word_1_57' title='bbox 1081 922 1418 976; x_wconf 79' lang='lat' dir='ltr'><strong>operantem.</strong></span> <span class='ocrx_word' id='word_1_58' title='bbox 1453 911 1626 965; x_wconf 82' lang='lat' dir='ltr'><strong>Actus</strong></span> <span class='ocrx_word' id='word_1_59' title='bbox 1654 915 1801 967; x_wconf 87' lang='lat' dir='ltr'><strong>enim</strong></span> <span class='ocrx_word' id='word_1_60' title='bbox 1831 922 1916 969; x_wconf 80' lang='lat' dir='ltr'><strong>est</strong></span> 
     </span>
    </p>
   </div>
   <div class='ocr_carea' id='block_1_12' title="bbox 329 993 1914 1059">
    <p class='ocr_par' dir='ltr' id='par_1_12' title="bbox 329 993 1914 1059">
     <span class='ocr_line' id='line_1_12' title="bbox 329 993 1914 1059; baseline 0.008 -12"><span class='ocrx_word' id='word_1_61' title='bbox 329 993 517 1048; x_wconf 80' lang='lat' dir='ltr'><strong>eﬂicax</strong></span> <span class='ocrx_word' id='word_1_62' title='bbox 568 1001 622 1049; x_wconf 87' lang='lat' dir='ltr'><strong>et</strong></span> <span class='ocrx_word' id='word_1_63' title='bbox 675 996 1058 1050; x_wconf 82' lang='lat' dir='ltr'><strong>sobstantivus</strong></span> <span class='ocrx_word' id='word_1_64' title='bbox 1119 1001 1314 1054; x_wconf 64' lang='lat' dir='ltr'><strong>animae</strong></span> <span class='ocrx_word' id='word_1_65' title='bbox 1349 1011 1558 1058; x_wconf 91' lang='lat' dir='ltr'><strong>motus.</strong></span> <span class='ocrx_word' id='word_1_66' title='bbox 1610 1003 1914 1059; x_wconf 84' lang='lat' dir='ltr'><strong>Actuosum</strong></span> 
     </span>
    </p>
   </div>
   <div class='ocr_carea' id='block_1_13' title="bbox 329 1087 1916 1163">
    <p class='ocr_par' dir='ltr' id='par_1_13' title="bbox 329 1087 1916 1163">
     <span class='ocr_line' id='line_1_13' title="bbox 329 1087 1916 1163; baseline 0.006 -21"><span class='ocrx_word' id='word_1_67' title='bbox 329 1095 416 1142; x_wconf 80' lang='lat' dir='ltr'><strong>cst</strong></span> <span class='ocrx_word' id='word_1_68' title='bbox 440 1087 557 1156; x_wconf 87' lang='lat' dir='ltr'><strong>ipsa</strong></span> <span class='ocrx_word' id='word_1_69' title='bbox 589 1094 809 1152; x_wconf 89' lang='lat' dir='ltr'><strong>natura,</strong></span> <span class='ocrx_word' id='word_1_70' title='bbox 842 1105 906 1143; x_wconf 82' lang='lat' dir='ltr'><strong>ex</strong></span> <span class='ocrx_word' id='word_1_71' title='bbox 939 1106 1046 1160; x_wconf 87' lang='lat' dir='ltr'><strong>qua</strong></span> <span class='ocrx_word' id='word_1_72' title='bbox 1072 1096 1320 1161; x_wconf 85' lang='lat' dir='ltr'><strong>operatio</strong></span> <span class='ocrx_word' id='word_1_73' title='bbox 1348 1096 1748 1163; x_wconf 83' lang='lat' dir='ltr'><strong>proficiscitur.</strong></span> <span class='ocrx_word' id='word_1_74' title='bbox 1775 1096 1916 1152; x_wconf 66' lang='lat' dir='ltr'><strong>Elie-</strong></span> 
     </span>
    </p>
   </div>
   <div class='ocr_carea' id='block_1_14' title="bbox 331 1178 1916 1258">
    <p class='ocr_par' dir='ltr' id='par_1_14' title="bbox 331 1178 1916 1258">
     <span class='ocr_line' id='line_1_14' title="bbox 331 1178 1916 1258; baseline 0.009 -29"><span class='ocrx_word' id='word_1_75' title='bbox 331 1186 482 1231; x_wconf 91' lang='lat' dir='ltr'><strong>ctutn</strong></span> <span class='ocrx_word' id='word_1_76' title='bbox 518 1185 604 1233; x_wconf 89' lang='lat' dir='ltr'><strong>est</strong></span> <span class='ocrx_word' id='word_1_77' title='bbox 631 1178 767 1233; x_wconf 91' lang='lat' dir='ltr'><strong>illud</strong></span> <span class='ocrx_word' id='word_1_78' title='bbox 799 1181 945 1249; x_wconf 92' lang='lat' dir='ltr'><strong>quod</strong></span> <span class='ocrx_word' id='word_1_79' title='bbox 972 1191 1095 1236; x_wconf 89' lang='lat' dir='ltr'><strong>actu</strong></span> <span class='ocrx_word' id='word_1_80' title='bbox 1126 1183 1378 1240; x_wconf 77' lang='lat' dir='ltr'><strong>efﬁcitur.</strong></span> <span class='ocrx_word' id='word_1_81' title='bbox 1407 1186 1649 1242; x_wconf 86' lang='lat' dir='ltr'><strong>Tandem</strong></span> <span class='ocrx_word' id='word_1_82' title='bbox 1676 1203 1916 1258; x_wconf 84' lang='lat' dir='ltr'><strong>Operans</strong></span> 
     </span>
    </p>
   </div>
   <div class='ocr_carea' id='block_1_15' title="bbox 331 1269 1917 1346">
    <p class='ocr_par' dir='ltr' id='par_1_15' title="bbox 331 1269 1917 1346">
     <span class='ocr_line' id='line_1_15' title="bbox 331 1269 1917 1346; baseline 0.009 -24"><span class='ocrx_word' id='word_1_83' title='bbox 331 1269 427 1322; x_wconf 92' lang='lat' dir='ltr'><strong>ille</strong></span> <span class='ocrx_word' id='word_1_84' title='bbox 470 1279 554 1325; x_wconf 88' lang='lat' dir='ltr'><strong>est</strong></span> <span class='ocrx_word' id='word_1_85' title='bbox 580 1271 675 1340; x_wconf 88' lang='lat' dir='ltr'><strong>qui</strong></span> <span class='ocrx_word' id='word_1_86' title='bbox 711 1281 836 1326; x_wconf 91' lang='lat' dir='ltr'><strong>actu</strong></span> <span class='ocrx_word' id='word_1_87' title='bbox 890 1272 1086 1337; x_wconf 85' lang='lat' dir='ltr'><strong>utitur,</strong></span> <span class='ocrx_word' id='word_1_88' title='bbox 1114 1277 1231 1331; x_wconf 76' lang='lat' dir='ltr'><strong>sive</strong></span> <span class='ocrx_word' id='word_1_89' title='bbox 1270 1293 1532 1346; x_wconf 87' lang='lat' dir='ltr'><strong>persona.</strong></span> <span class='ocrx_word' id='word_1_90' title='bbox 1572 1278 1748 1334; x_wconf 87' lang='lat' dir='ltr'><strong>Porro</strong></span> <span class='ocrx_word' id='word_1_91' title='bbox 1781 1297 1917 1336; x_wconf 92' lang='lat' dir='ltr'><strong>non-</strong></span> 
     </span>
    </p>
   </div>
   <div class='ocr_carea' id='block_1_16' title="bbox 333 1368 1916 1440">
    <p class='ocr_par' dir='ltr' id='par_1_16' title="bbox 333 1368 1916 1440">
     <span class='ocr_line' id='line_1_16' title="bbox 333 1368 1916 1440; baseline 0.008 -23"><span class='ocrx_word' id='word_1_92' title='bbox 333 1381 618 1436; x_wconf 85' lang='lat' dir='ltr'><strong>nunquam</strong></span> <span class='ocrx_word' id='word_1_93' title='bbox 676 1376 835 1423; x_wconf 88' lang='lat' dir='ltr'><strong>actus</strong></span> <span class='ocrx_word' id='word_1_94' title='bbox 885 1368 1005 1439; x_wconf 89' lang='lat' dir='ltr'><strong>ipse</strong></span> <span class='ocrx_word' id='word_1_95' title='bbox 1029 1371 1282 1427; x_wconf 79' lang='lat' dir='ltr'><strong>effectum</strong></span> <span class='ocrx_word' id='word_1_96' title='bbox 1317 1372 1542 1440; x_wconf 89' lang='lat' dir='ltr'><strong>dicitur,</strong></span> <span class='ocrx_word' id='word_1_97' title='bbox 1585 1384 1640 1430; x_wconf 91' lang='lat' dir='ltr'><strong>et</strong></span> <span class='ocrx_word' id='word_1_98' title='bbox 1669 1377 1916 1432; x_wconf 83' lang='lat' dir='ltr'><strong>vicissim</strong></span> 
     </span>
    </p>
   </div>
   <div class='ocr_carea' id='block_1_17' title="bbox 332 1457 1921 1534">
    <p class='ocr_par' dir='ltr' id='par_1_17' title="bbox 332 1457 1921 1534">
     <span class='ocr_line' id='line_1_17' title="bbox 332 1457 1921 1534; baseline 0.006 -22"><span class='ocrx_word' id='word_1_99' title='bbox 332 1457 610 1525; x_wconf 62' lang='lat' dir='ltr'><strong>elliectum,</strong></span> <span class='ocrx_word' id='word_1_100' title='bbox 653 1469 835 1525; x_wconf 88' lang='lat' dir='ltr'><strong>actus,</strong></span> <span class='ocrx_word' id='word_1_101' title='bbox 895 1464 1042 1517; x_wconf 83' lang='lat' dir='ltr'><strong>sicut</strong></span> <span class='ocrx_word' id='word_1_102' title='bbox 1078 1465 1306 1534; x_wconf 83' lang='grc' dir='ltr'>κτίσμα,</span> <span class='ocrx_word' id='word_1_103' title='bbox 1355 1466 1554 1521; x_wconf 91' lang='lat' dir='ltr'><strong>dicitur</strong></span> <span class='ocrx_word' id='word_1_104' title='bbox 1606 1469 1804 1530; x_wconf 79' lang='grc' dir='ltr'><strong>κτίσις.</strong></span> <span class='ocrx_word' id='word_1_105' title='bbox 1836 1467 1921 1521; x_wconf 89' lang='lat' dir='ltr'><strong>Di-</strong></span> 
     </span>
    </p>
   </div>
   <div class='ocr_carea' id='block_1_18' title="bbox 334 1551 1920 1629">
    <p class='ocr_par' dir='ltr' id='par_1_18' title="bbox 334 1551 1920 1629">
     <span class='ocr_line' id='line_1_18' title="bbox 334 1551 1920 1629; baseline 0.006 -24"><span class='ocrx_word' id='word_1_106' title='bbox 334 1551 512 1606; x_wconf 88' lang='lat' dir='ltr'><strong>cimus</strong></span> <span class='ocrx_word' id='word_1_107' title='bbox 541 1552 686 1606; x_wconf 91' lang='lat' dir='ltr'><strong>enim</strong></span> <span class='ocrx_word' id='word_1_108' title='bbox 721 1553 766 1585; x_wconf 80' lang='grc'><strong>²⁸</strong></span> <span class='ocrx_word' id='word_1_109' title='bbox 791 1554 945 1608; x_wconf 83' lang='grc' dir='ltr'>πᾶσα</span> <span class='ocrx_word' id='word_1_110' title='bbox 968 1556 1000 1626; x_wconf 81' lang='grc' dir='ltr'>ἡ</span> <span class='ocrx_word' id='word_1_111' title='bbox 1027 1556 1226 1621; x_wconf 78' lang='grc' dir='ltr'><strong>κτίσις,</strong></span> <span class='ocrx_word' id='word_1_112' title='bbox 1263 1559 1410 1629; x_wconf 91' lang='lat' dir='ltr'><strong>quod</strong></span> <span class='ocrx_word' id='word_1_113' title='bbox 1450 1568 1539 1614; x_wconf 87' lang='lat' dir='ltr'><strong>est</strong></span> <span class='ocrx_word' id='word_1_114' title='bbox 1565 1561 1740 1614; x_wconf 85' lang='lat' dir='ltr'><strong>omnis</strong></span> <span class='ocrx_word' id='word_1_115' title='bbox 1771 1576 1920 1614; x_wconf 83' lang='lat' dir='ltr'><strong>crea-</strong></span> 
     </span>
    </p>
   </div>
   <div class='ocr_carea' id='block_1_19' title="bbox 337 1645 1328 1716">
    <p class='ocr_par' dir='ltr' id='par_1_19' title="bbox 337 1645 1328 1716">
     <span class='ocr_line' id='line_1_19' title="bbox 337 1645 1328 1716; baseline 0.01 -21"><span class='ocrx_word' id='word_1_116' title='bbox 337 1645 432 1709; x_wconf 85' lang='lat' dir='ltr'><strong>tio,</strong></span> <span class='ocrx_word' id='word_1_117' title='bbox 470 1652 528 1698; x_wconf 89' lang='lat' dir='ltr'><strong>ut</strong></span> <span class='ocrx_word' id='word_1_118' title='bbox 554 1660 642 1700; x_wconf 89' lang='lat' dir='ltr'><strong>res</strong></span> <span class='ocrx_word' id='word_1_119' title='bbox 676 1653 890 1701; x_wconf 87' lang='lat' dir='ltr'><strong>creatas</strong></span> <span class='ocrx_word' id='word_1_120' title='bbox 936 1647 1328 1716; x_wconf 79' lang='lat' dir='ltr'><strong>signiﬁcemus.</strong></span> 
     </span>
    </p>
   </div>
   <div class='ocr_carea' id='block_1_20' title="bbox 416 1735 1925 1814">
    <p class='ocr_par' dir='ltr' id='par_1_20' title="bbox 416 1735 1925 1814">
     <span class='ocr_line' id='line_1_20' title="bbox 416 1735 1925 1814; baseline 0.008 -25"><span class='ocrx_word' id='word_1_121' title='bbox 416 1735 568 1791; x_wconf 79' lang='lat' dir='ltr'><strong>Vocis</strong></span> <span class='ocrx_word' id='word_1_122' title='bbox 605 1739 854 1809; x_wconf 82' lang='grc' dir='ltr'>ἐνέργεια</span> <span class='ocrx_word' id='word_1_123' title='bbox 917 1741 1196 1810; x_wconf 76' lang='lat' dir='ltr'><strong>multiplex</strong></span> <span class='ocrx_word' id='word_1_124' title='bbox 1229 1746 1483 1814; x_wconf 80' lang='lat' dir='ltr'><strong>acceptio.</strong></span> <span class='ocrx_word' id='word_1_125' title='bbox 1513 1776 1579 1784; x_wconf 91' lang='lat'><strong>—-</strong></span> <span class='ocrx_word' id='word_1_126' title='bbox 1609 1745 1925 1801; x_wconf 85' lang='lat' dir='ltr'><strong>Observan-</strong></span> 
     </span>
    </p>
   </div>
   <div class='ocr_carea' id='block_1_21' title="bbox 334 1828 1927 1898">
    <p class='ocr_par' dir='ltr' id='par_1_21' title="bbox 334 1828 1927 1898">
     <span class='ocr_line' id='line_1_21' title="bbox 334 1828 1927 1898; baseline 0.009 -19"><span class='ocrx_word' id='word_1_127' title='bbox 334 1828 465 1880; x_wconf 87' lang='lat' dir='ltr'><strong>dum</strong></span> <span class='ocrx_word' id='word_1_128' title='bbox 513 1828 681 1882; x_wconf 87' lang='lat' dir='ltr'><strong>etiam</strong></span> <span class='ocrx_word' id='word_1_129' title='bbox 717 1840 824 1895; x_wconf 90' lang='lat' dir='ltr'><strong>est,</strong></span> <span class='ocrx_word' id='word_1_130' title='bbox 861 1840 1047 1886; x_wconf 91' lang='lat' dir='ltr'><strong>actum</strong></span> <span class='ocrx_word' id='word_1_131' title='bbox 1083 1837 1201 1889; x_wconf 88' lang='lat' dir='ltr'><strong>sive</strong></span> <span class='ocrx_word' id='word_1_132' title='bbox 1243 1837 1546 1898; x_wconf 81' lang='lat' dir='ltr'><strong>actionem,</strong></span> <span class='ocrx_word' id='word_1_133' title='bbox 1579 1853 1702 1892; x_wconf 88' lang='lat' dir='ltr'><strong>esse</strong></span> <span class='ocrx_word' id='word_1_134' title='bbox 1729 1839 1927 1894; x_wconf 86' lang='lat' dir='ltr'><strong>motio-</strong></span> 
     </span>
    </p>
   </div>
   <div class='ocr_carea' id='block_1_22' title="bbox 335 1923 1926 2000">
    <p class='ocr_par' dir='ltr' id='par_1_22' title="bbox 335 1923 1926 2000">
     <span class='ocr_line' id='line_1_22' title="bbox 335 1923 1926 2000; baseline 0.008 -27"><span class='ocrx_word' id='word_1_135' title='bbox 335 1935 482 1984; x_wconf 84' lang='lat' dir='ltr'><strong>nem,</strong></span> <span class='ocrx_word' id='word_1_136' title='bbox 514 1923 721 1992; x_wconf 81' lang='lat' dir='ltr'><strong>agique</strong></span> <span class='ocrx_word' id='word_1_137' title='bbox 744 1924 952 1993; x_wconf 87' lang='lat' dir='ltr'><strong>potius,</strong></span> <span class='ocrx_word' id='word_1_138' title='bbox 985 1942 1150 1996; x_wconf 86' lang='lat' dir='ltr'><strong>quam</strong></span> <span class='ocrx_word' id='word_1_139' title='bbox 1191 1945 1373 1998; x_wconf 82' lang='lat' dir='ltr'><strong>agere,</strong></span> <span class='ocrx_word' id='word_1_140' title='bbox 1402 1931 1555 1997; x_wconf 77' lang='lat' dir='ltr'><strong>juxta</strong></span> <span class='ocrx_word' id='word_1_141' title='bbox 1589 1940 1755 2000; x_wconf 87' lang='lat' dir='ltr'><strong>atque</strong></span> <span class='ocrx_word' id='word_1_142' title='bbox 1789 1931 1926 1986; x_wconf 88' lang='lat' dir='ltr'><strong>Gre-</strong></span> 
     </span>
    </p>
   </div>
   <div class='ocr_carea' id='block_1_23' title="bbox 334 2014 1927 2088">
    <p class='ocr_par' dir='ltr' id='par_1_23' title="bbox 334 2014 1927 2088">
     <span class='ocr_line' id='line_1_23' title="bbox 334 2014 1927 2088; baseline 0.008 -24"><span class='ocrx_word' id='word_1_143' title='bbox 334 2014 525 2082; x_wconf 76' lang='lat' dir='ltr'><strong>gorius</strong></span> <span class='ocrx_word' id='word_1_144' title='bbox 552 2014 628 2066; x_wconf 88' lang='lat' dir='ltr'><strong>ait</strong></span> <span class='ocrx_word' id='word_1_145' title='bbox 650 2015 704 2068; x_wconf 89' lang='lat' dir='ltr'><strong>in</strong></span> <span class='ocrx_word' id='word_1_146' title='bbox 737 2019 988 2071; x_wconf 89' lang='lat' dir='ltr'><strong>oratione</strong></span> <span class='ocrx_word' id='word_1_147' title='bbox 1006 2019 1072 2088; x_wconf 78' lang='lat' dir='ltr'><strong>de</strong></span> <span class='ocrx_word' id='word_1_148' title='bbox 1105 2018 1314 2088; x_wconf 85' lang='lat' dir='ltr'><strong>Spiritu</strong></span> <span class='ocrx_word' id='word_1_149' title='bbox 1353 2032 1549 2077; x_wconf 89' lang='lat' dir='ltr'><strong>sancto</strong></span> <span class='ocrx_word' id='word_1_150' title='bbox 1571 2022 1616 2053; x_wconf 69' lang='grc'><strong>³⁸</strong></span> <span class='ocrx_word' id='word_1_151' title='bbox 1649 2040 1661 2074; x_wconf 93' lang='lat'><strong>:</strong></span> <span class='ocrx_word' id='word_1_152' title='bbox 1695 2040 1712 2072; x_wconf 78' lang='grc' dir='ltr'><strong>ι</strong></span> <span class='ocrx_word' id='word_1_153' title='bbox 1740 2020 1795 2076; x_wconf 91' lang='lat' dir='ltr'><strong>Si</strong></span> <span class='ocrx_word' id='word_1_154' title='bbox 1827 2037 1927 2076; x_wconf 90' lang='lat' dir='ltr'><strong>au-</strong></span> 
     </span>
    </p>
   </div>
   <div class='ocr_carea' id='block_1_24' title="bbox 337 2081 1927 2181">
    <p class='ocr_par' dir='ltr' id='par_1_24' title="bbox 337 2081 1927 2181">
     <span class='ocr_line' id='line_1_24' title="bbox 337 2081 1927 2181; baseline 0.008 -28"><span class='ocrx_word' id='word_1_155' title='bbox 337 2081 446 2155; x_wconf 85' lang='lat' dir='ltr'><strong>tem</strong></span> <span class='ocrx_word' id='word_1_156' title='bbox 508 2111 596 2158; x_wconf 90' lang='lat' dir='ltr'><strong>est</strong></span> <span class='ocrx_word' id='word_1_157' title='bbox 651 2105 817 2169; x_wconf 90' lang='lat' dir='ltr'><strong>actio,</strong></span> <span class='ocrx_word' id='word_1_158' title='bbox 878 2081 1072 2176; x_wconf 67' lang='lat' dir='ltr'><strong>agetitr</strong></span> <span class='ocrx_word' id='word_1_159' title='bbox 1115 2111 1328 2176; x_wconf 87' lang='lat' dir='ltr'><strong>utique,</strong></span> <span class='ocrx_word' id='word_1_160' title='bbox 1384 2128 1492 2164; x_wconf 91' lang='lat' dir='ltr'><strong>non</strong></span> <span class='ocrx_word' id='word_1_161' title='bbox 1527 2127 1655 2166; x_wconf 83' lang='lat' dir='ltr'><strong>vero</strong></span> <span class='ocrx_word' id='word_1_162' title='bbox 1683 2121 1836 2181; x_wconf 78' lang='lat' dir='ltr'><strong>aget;</strong></span> <span class='ocrx_word' id='word_1_163' title='bbox 1872 2121 1927 2166; x_wconf 88' lang='lat' dir='ltr'><strong>et</strong></span> 
     </span>
    </p>
   </div>
   <div class='ocr_carea' id='block_1_25' title="bbox 332 2192 1415 2264">
    <p class='ocr_par' dir='ltr' id='par_1_25' title="bbox 332 2192 1415 2264">
     <span class='ocr_line' id='line_1_25' title="bbox 332 2192 1415 2264; baseline 0.006 -17"><span class='ocrx_word' id='word_1_164' title='bbox 332 2192 505 2247; x_wconf 87' lang='lat' dir='ltr'><strong>simul</strong></span> <span class='ocrx_word' id='word_1_165' title='bbox 539 2203 706 2264; x_wconf 85' lang='lat' dir='ltr'><strong>atque</strong></span> <span class='ocrx_word' id='word_1_166' title='bbox 733 2209 854 2252; x_wconf 89' lang='lat' dir='ltr'><strong>acta</strong></span> <span class='ocrx_word' id='word_1_167' title='bbox 904 2200 1092 2262; x_wconf 89' lang='lat' dir='ltr'><strong>fuerit,</strong></span> <span class='ocrx_word' id='word_1_168' title='bbox 1133 2201 1368 2257; x_wconf 85' lang='lat' dir='ltr'><strong>desinet.</strong></span> <span class='ocrx_word' id='word_1_169' title='bbox 1397 2224 1415 2254; x_wconf 77' lang='grc' dir='ltr'><strong>ι</strong></span> 
     </span>
    </p>
   </div>
   <div class='ocr_carea' id='block_1_26' title="bbox 409 2284 1926 2372">
    <p class='ocr_par' dir='ltr' id='par_1_26' title="bbox 409 2284 1926 2372">
     <span class='ocr_line' id='line_1_26' title="bbox 409 2284 1926 2372; baseline 0.014 -35"><span class='ocrx_word' id='word_1_170' title='bbox 409 2284 549 2339; x_wconf 88' lang='lat' dir='ltr'><strong>Illud</strong></span> <span class='ocrx_word' id='word_1_171' title='bbox 605 2289 771 2341; x_wconf 89' lang='lat' dir='ltr'><strong>etiam</strong></span> <span class='ocrx_word' id='word_1_172' title='bbox 842 2299 930 2346; x_wconf 88' lang='lat' dir='ltr'><strong>est</strong></span> <span class='ocrx_word' id='word_1_173' title='bbox 988 2292 1409 2357; x_wconf 81' lang='lat' dir='ltr'><strong>advertendum,</strong></span> <span class='ocrx_word' id='word_1_174' title='bbox 1477 2299 1642 2354; x_wconf 84' lang='lat' dir='ltr'><strong>vitam</strong></span> <span class='ocrx_word' id='word_1_175' title='bbox 1704 2317 1926 2372; x_wconf 88' lang='lat' dir='ltr'><strong>quoque</strong></span> 
     </span>
    </p>
   </div>
   <div class='ocr_carea' id='block_1_27' title="bbox 337 2380 1928 2464">
    <p class='ocr_par' dir='ltr' id='par_1_27' title="bbox 337 2380 1928 2464">
     <span class='ocr_line' id='line_1_27' title="bbox 337 2380 1928 2464; baseline 0.012 -34"><span class='ocrx_word' id='word_1_176' title='bbox 337 2383 522 2430; x_wconf 88' lang='lat' dir='ltr'><strong>actum</strong></span> <span class='ocrx_word' id='word_1_177' title='bbox 546 2392 692 2446; x_wconf 88' lang='lat' dir='ltr'><strong>esse,</strong></span> <span class='ocrx_word' id='word_1_178' title='bbox 729 2380 839 2434; x_wconf 91' lang='lat' dir='ltr'><strong>imo</strong></span> <span class='ocrx_word' id='word_1_179' title='bbox 887 2383 1207 2451; x_wconf 87' lang='lat' dir='ltr'><strong>primarium</strong></span> <span class='ocrx_word' id='word_1_180' title='bbox 1241 2387 1500 2444; x_wconf 86' lang='lat' dir='ltr'><strong>animalis</strong></span> <span class='ocrx_word' id='word_1_181' title='bbox 1532 2401 1756 2460; x_wconf 78' lang='lat' dir='ltr'><strong>actum;</strong></span> <span class='ocrx_word' id='word_1_182' title='bbox 1795 2396 1928 2464; x_wconf 91' lang='lat' dir='ltr'><strong>quin</strong></span> 
     </span>
    </p>
   </div>
   <div class='ocr_carea' id='block_1_28' title="bbox 336 2473 1931 2543">
    <p class='ocr_par' dir='ltr' id='par_1_28' title="bbox 336 2473 1931 2543">
     <span class='ocr_line' id='line_1_28' title="bbox 336 2473 1931 2543; baseline 0.013 -22"><span class='ocrx_word' id='word_1_183' title='bbox 336 2477 392 2522; x_wconf 89' lang='lat' dir='ltr'><strong>et</strong></span> <span class='ocrx_word' id='word_1_184' title='bbox 453 2478 624 2524; x_wconf 87' lang='lat' dir='ltr'><strong>totam</strong></span> <span class='ocrx_word' id='word_1_185' title='bbox 684 2473 947 2529; x_wconf 85' lang='lat' dir='ltr'><strong>animalis</strong></span> <span class='ocrx_word' id='word_1_186' title='bbox 999 2475 1362 2543; x_wconf 80' lang='lat' dir='ltr'><strong>iunctionem,</strong></span> <span class='ocrx_word' id='word_1_187' title='bbox 1413 2482 1532 2536; x_wconf 83' lang='lat' dir='ltr'><strong>sive</strong></span> <span class='ocrx_word' id='word_1_188' title='bbox 1565 2488 1846 2542; x_wconf 82' lang='lat' dir='ltr'><strong>nutriendi</strong></span> <span class='ocrx_word' id='word_1_189' title='bbox 1875 2497 1931 2542; x_wconf 89' lang='lat' dir='ltr'><strong>et</strong></span> 
     </span>
    </p>
   </div>
   <div class='ocr_carea' id='block_1_29' title="bbox 338 2562 1930 2637">
    <p class='ocr_par' dir='ltr' id='par_1_29' title="bbox 338 2562 1930 2637">
     <span class='ocr_line' id='line_1_29' title="bbox 338 2562 1930 2637; baseline 0.011 -26"><span class='ocrx_word' id='word_1_190' title='bbox 338 2562 624 2616; x_wconf 86' lang='lat' dir='ltr'><strong>crescendi</strong></span> <span class='ocrx_word' id='word_1_191' title='bbox 659 2572 943 2628; x_wconf 82' lang='lat' dir='ltr'><strong>vtrtutem,</strong></span> <span class='ocrx_word' id='word_1_192' title='bbox 975 2565 1079 2620; x_wconf 90' lang='lat' dir='ltr'><strong>hoc</strong></span> <span class='ocrx_word' id='word_1_193' title='bbox 1107 2577 1192 2621; x_wconf 90' lang='lat' dir='ltr'><strong>est</strong></span> <span class='ocrx_word' id='word_1_194' title='bbox 1218 2575 1629 2637; x_wconf 78' lang='lat' dir='ltr'><strong>vegetatricem,</strong></span> <span class='ocrx_word' id='word_1_195' title='bbox 1675 2579 1791 2629; x_wconf 79' lang='lat' dir='ltr'><strong>sive</strong></span> <span class='ocrx_word' id='word_1_196' title='bbox 1821 2592 1930 2628; x_wconf 90' lang='lat' dir='ltr'><strong>mo-</strong></span> 
     </span>
    </p>
   </div>
   <div class='ocr_carea' id='block_1_30' title="bbox 338 2653 1925 2736">
    <p class='ocr_par' dir='ltr' id='par_1_30' title="bbox 338 2653 1925 2736">
     <span class='ocr_line' id='line_1_30' title="bbox 338 2653 1925 2736; baseline 0.01 -32"><span class='ocrx_word' id='word_1_197' title='bbox 338 2661 477 2719; x_wconf 86' lang='lat' dir='ltr'><strong>tum,</strong></span> <span class='ocrx_word' id='word_1_198' title='bbox 513 2653 606 2722; x_wconf 91' lang='lat' dir='ltr'><strong>qui</strong></span> <span class='ocrx_word' id='word_1_199' title='bbox 642 2653 700 2708; x_wconf 89' lang='lat' dir='ltr'><strong>lit</strong></span> <span class='ocrx_word' id='word_1_200' title='bbox 734 2670 828 2723; x_wconf 87' lang='lat' dir='ltr'><strong>per</strong></span> <span class='ocrx_word' id='word_1_201' title='bbox 850 2656 1172 2726; x_wconf 89' lang='lat' dir='ltr'><strong>impulsum,</strong></span> <span class='ocrx_word' id='word_1_202' title='bbox 1207 2659 1258 2713; x_wconf 90' lang='lat' dir='ltr'><strong>id</strong></span> <span class='ocrx_word' id='word_1_203' title='bbox 1289 2670 1372 2714; x_wconf 87' lang='lat' dir='ltr'><strong>est</strong></span> <span class='ocrx_word' id='word_1_204' title='bbox 1393 2664 1740 2728; x_wconf 88' lang='lat' dir='ltr'><strong>sentientem,</strong></span> <span class='ocrx_word' id='word_1_205' title='bbox 1767 2665 1925 2736; x_wconf 73' lang='lat'><strong>23]</strong></span> 
     </span>
    </p>
   </div>
   <div class='ocr_carea' id='block_1_31' title="bbox 337 2746 1925 2814">
    <p class='ocr_par' dir='ltr' id='par_1_31' title="bbox 337 2746 1925 2814">
     <span class='ocr_line' id='line_1_31' title="bbox 337 2746 1925 2814; baseline 0.01 -16"><span class='ocrx_word' id='word_1_206' title='bbox 337 2746 456 2800; x_wconf 83' lang='lat' dir='ltr'><strong>sive</strong></span> <span class='ocrx_word' id='word_1_207' title='bbox 485 2747 703 2801; x_wconf 89' lang='lat' dir='ltr'><strong>tandem</strong></span> <span class='ocrx_word' id='word_1_208' title='bbox 741 2756 948 2804; x_wconf 87' lang='lat' dir='ltr'><strong>motum</strong></span> <span class='ocrx_word' id='word_1_209' title='bbox 990 2752 1309 2808; x_wconf 87' lang='lat' dir='ltr'><strong>intellectus</strong></span> <span class='ocrx_word' id='word_1_210' title='bbox 1356 2762 1411 2807; x_wconf 85' lang='lat' dir='ltr'><strong>et</strong></span> <span class='ocrx_word' id='word_1_211' title='bbox 1472 2755 1631 2810; x_wconf 85' lang='lat' dir='ltr'><strong>liberi</strong></span> <span class='ocrx_word' id='word_1_212' title='bbox 1692 2760 1925 2814; x_wconf 88' lang='lat' dir='ltr'><strong>arbitrii.</strong></span> 
     </span>
    </p>
   </div>
   <div class='ocr_carea' id='block_1_32' title="bbox 336 2838 1930 2920">
    <p class='ocr_par' dir='ltr' id='par_1_32' title="bbox 336 2838 1930 2920">
     <span class='ocr_line' id='line_1_32' title="bbox 336 2838 1930 2920; baseline 0.011 -31"><span class='ocrx_word' id='word_1_213' title='bbox 336 2838 512 2892; x_wconf 83' lang='lat' dir='ltr'><strong>Actus</strong></span> <span class='ocrx_word' id='word_1_214' title='bbox 571 2847 757 2894; x_wconf 91' lang='lat' dir='ltr'><strong>autem</strong></span> <span class='ocrx_word' id='word_1_215' title='bbox 805 2848 892 2896; x_wconf 84' lang='lat' dir='ltr'><strong>est</strong></span> <span class='ocrx_word' id='word_1_216' title='bbox 927 2845 1183 2912; x_wconf 72' lang='lat' dir='ltr'><strong>potentia:</strong></span> <span class='ocrx_word' id='word_1_217' title='bbox 1212 2845 1499 2914; x_wconf 89' lang='lat' dir='ltr'><strong>perfectio.</strong></span> <span class='ocrx_word' id='word_1_218' title='bbox 1533 2846 1671 2902; x_wconf 89' lang='lat' dir='ltr'><strong>Cum</strong></span> <span class='ocrx_word' id='word_1_219' title='bbox 1741 2851 1930 2920; x_wconf 85' lang='lat' dir='ltr'><strong>itaque</strong></span> 
     </span>
    </p>
   </div>
   <div class='ocr_carea' id='block_1_33' title="bbox 337 2927 1932 3012">
    <p class='ocr_par' dir='ltr' id='par_1_33' title="bbox 337 2927 1932 3012">
     <span class='ocr_line' id='line_1_33' title="bbox 337 2927 1932 3012; baseline 0.01 -32"><span class='ocrx_word' id='word_1_220' title='bbox 337 2927 456 2982; x_wconf 64' lang='lat' dir='ltr'><strong>haec</strong></span> <span class='ocrx_word' id='word_1_221' title='bbox 483 2929 536 2984; x_wconf 92' lang='lat' dir='ltr'><strong>in</strong></span> <span class='ocrx_word' id='word_1_222' title='bbox 557 2929 781 2987; x_wconf 89' lang='lat' dir='ltr'><strong>Christo</strong></span> <span class='ocrx_word' id='word_1_223' title='bbox 815 2936 1238 3004; x_wconf 88' lang='lat' dir='ltr'><strong>perspiciamus,</strong></span> <span class='ocrx_word' id='word_1_224' title='bbox 1269 2937 1541 2993; x_wconf 85' lang='lat' dir='ltr'><strong>fateamur</strong></span> <span class='ocrx_word' id='word_1_225' title='bbox 1581 2956 1712 3012; x_wconf 78' lang='lat' dir='ltr'><strong>ergo</strong></span> <span class='ocrx_word' id='word_1_226' title='bbox 1736 2941 1932 2996; x_wconf 85' lang='lat' dir='ltr'><strong>huma-</strong></span> 
     </span>
    </p>
   </div>
   <div class='ocr_carea' id='block_1_34' title="bbox 335 3025 1465 3096">
    <p class='ocr_par' dir='ltr' id='par_1_34' title="bbox 335 3025 1465 3096">
     <span class='ocr_line' id='line_1_34' title="bbox 335 3025 1465 3096; baseline 0.008 -20"><span class='ocrx_word' id='word_1_227' title='bbox 335 3035 463 3076; x_wconf 87' lang='lat' dir='ltr'><strong>nam</strong></span> <span class='ocrx_word' id='word_1_228' title='bbox 493 3037 716 3094; x_wconf 89' lang='lat' dir='ltr'><strong>quoque</strong></span> <span class='ocrx_word' id='word_1_229' title='bbox 745 3025 798 3079; x_wconf 90' lang='lat' dir='ltr'><strong>in</strong></span> <span class='ocrx_word' id='word_1_230' title='bbox 821 3041 886 3081; x_wconf 91' lang='lat' dir='ltr'><strong>eo</strong></span> <span class='ocrx_word' id='word_1_231' title='bbox 917 3030 1292 3096; x_wconf 88' lang='lat' dir='ltr'><strong>operationem</strong></span> <span class='ocrx_word' id='word_1_232' title='bbox 1322 3046 1465 3088; x_wconf 88' lang='lat' dir='ltr'><strong>esse.</strong></span> 
     </span>
    </p>
   </div>
   <div class='ocr_carea' id='block_1_35' title="bbox 413 3113 1929 3196">
    <p class='ocr_par' dir='ltr' id='par_1_35' title="bbox 413 3113 1929 3196">
     <span class='ocr_line' id='line_1_35' title="bbox 413 3113 1929 3196; baseline 0.013 -31"><span class='ocrx_word' id='word_1_233' title='bbox 413 3113 538 3167; x_wconf 81' lang='lat' dir='ltr'><strong>Alia</strong></span> <span class='ocrx_word' id='word_1_234' title='bbox 570 3126 787 3169; x_wconf 78' lang='lat' dir='ltr'><strong>actuum</strong></span> <span class='ocrx_word' id='word_1_235' title='bbox 816 3133 1032 3186; x_wconf 88' lang='lat' dir='ltr'><strong>genera.</strong></span> <span class='ocrx_word' id='word_1_236' title='bbox 1073 3118 1138 3173; x_wconf 89' lang='lat' dir='ltr'><strong>Ut</strong></span> <span class='ocrx_word' id='word_1_237' title='bbox 1173 3132 1519 3190; x_wconf 82' lang='lat' dir='ltr'><strong>naturarum,</strong></span> <span class='ocrx_word' id='word_1_238' title='bbox 1552 3126 1628 3179; x_wconf 85' lang='lat' dir='ltr'><strong>sic</strong></span> <span class='ocrx_word' id='word_1_239' title='bbox 1659 3131 1929 3196; x_wconf 78' lang='lat' dir='ltr'><strong>operatio-</strong></span> 
     </span>
    </p>
   </div>
   <div class='ocr_carea' id='block_1_36' title="bbox 338 3212 1932 3280">
    <p class='ocr_par' dir='ltr' id='par_1_36' title="bbox 338 3212 1932 3280">
     <span class='ocr_line' id='line_1_36' title="bbox 338 3212 1932 3280; baseline 0.013 -20"><span class='ocrx_word' id='word_1_240' title='bbox 338 3222 466 3260; x_wconf 80' lang='lat' dir='ltr'><strong>num</strong></span> <span class='ocrx_word' id='word_1_241' title='bbox 530 3226 648 3262; x_wconf 88' lang='lat' dir='ltr'><strong>cum</strong></span> <span class='ocrx_word' id='word_1_242' title='bbox 719 3212 915 3266; x_wconf 86' lang='lat' dir='ltr'><strong>unione</strong></span> <span class='ocrx_word' id='word_1_243' title='bbox 976 3215 1252 3268; x_wconf 78' lang='lat' dir='ltr'><strong>distinctio</strong></span> <span class='ocrx_word' id='word_1_244' title='bbox 1304 3217 1359 3269; x_wconf 86' lang='lat' dir='ltr'><strong>in</strong></span> <span class='ocrx_word' id='word_1_245' title='bbox 1388 3216 1625 3274; x_wconf 83' lang='lat' dir='ltr'><strong>Christo.</strong></span> <span class='ocrx_word' id='word_1_246' title='bbox 1662 3253 1730 3261; x_wconf 98' lang='lat'><strong>—</strong></span> <span class='ocrx_word' id='word_1_247' title='bbox 1761 3224 1932 3280; x_wconf 80' lang='lat' dir='ltr'><strong>Actus</strong></span> 
     </span>
    </p>
   </div>
   <div class='ocr_carea' id='block_1_37' title="bbox 338 3299 1928 3377">
    <p class='ocr_par' dir='ltr' id='par_1_37' title="bbox 338 3299 1928 3377">
     <span class='ocr_line' id='line_1_37' title="bbox 338 3299 1928 3377; baseline 0.013 -27"><span class='ocrx_word' id='word_1_248' title='bbox 338 3299 506 3352; x_wconf 88' lang='lat' dir='ltr'><strong>etiam</strong></span> <span class='ocrx_word' id='word_1_249' title='bbox 537 3301 744 3354; x_wconf 87' lang='lat' dir='ltr'><strong>dicitur</strong></span> <span class='ocrx_word' id='word_1_250' title='bbox 769 3303 813 3333; x_wconf 78' lang='lat'><strong>&#39;°</strong></span> <span class='ocrx_word' id='word_1_251' title='bbox 847 3318 910 3357; x_wconf 92' lang='lat' dir='ltr'><strong>ea</strong></span> <span class='ocrx_word' id='word_1_252' title='bbox 936 3306 1218 3374; x_wconf 80' lang='lat' dir='ltr'><strong>cogitatio,</strong></span> <span class='ocrx_word' id='word_1_253' title='bbox 1246 3323 1371 3376; x_wconf 66' lang='lat' dir='ltr'><strong>qua:</strong></span> <span class='ocrx_word' id='word_1_254' title='bbox 1402 3311 1638 3377; x_wconf 89' lang='lat' dir='ltr'><strong>primum</strong></span> <span class='ocrx_word' id='word_1_255' title='bbox 1674 3315 1728 3369; x_wconf 89' lang='lat' dir='ltr'><strong>in</strong></span> <span class='ocrx_word' id='word_1_256' title='bbox 1762 3315 1928 3372; x_wconf 90' lang='lat' dir='ltr'><strong>nobis</strong></span> 
     </span>
    </p>
   </div>
   <div class='ocr_carea' id='block_1_38' title="bbox 340 3391 1930 3469">
    <p class='ocr_par' dir='ltr' id='par_1_38' title="bbox 340 3391 1930 3469">
     <span class='ocr_line' id='line_1_38' title="bbox 340 3391 1930 3469; baseline 0.013 -30"><span class='ocrx_word' id='word_1_257' title='bbox 340 3391 650 3454; x_wconf 61' lang='lat' dir='ltr'><strong>consurgit,</strong></span> <span class='ocrx_word' id='word_1_258' title='bbox 677 3398 871 3461; x_wconf 89' lang='lat' dir='ltr'><strong>estque</strong></span> <span class='ocrx_word' id='word_1_259' title='bbox 909 3393 1165 3463; x_wconf 85' lang='lat' dir='ltr'><strong>simplex,</strong></span> <span class='ocrx_word' id='word_1_260' title='bbox 1199 3397 1521 3469; x_wconf 86' lang='lat' dir='ltr'><strong>nullamque</strong></span> <span class='ocrx_word' id='word_1_261' title='bbox 1554 3402 1930 3460; x_wconf 87' lang='lat' dir='ltr'><strong>habitudinem</strong></span> 
     </span>
    </p>
   </div>
   <div class='ocr_carea' id='block_1_39' title="bbox 340 3480 1936 3562">
    <p class='ocr_par' dir='ltr' id='par_1_39' title="bbox 340 3480 1936 3562">
     <span class='ocr_line' id='line_1_39' title="bbox 340 3480 1936 3562; baseline 0.013 -29"><span class='ocrx_word' id='word_1_262' title='bbox 340 3480 634 3551; x_wconf 88' lang='lat' dir='ltr'><strong>implicans</strong></span> <span class='ocrx_word' id='word_1_263' title='bbox 663 3483 931 3550; x_wconf 88' lang='lat' dir='ltr'><strong>operatio,</strong></span> <span class='ocrx_word' id='word_1_264' title='bbox 986 3496 1165 3541; x_wconf 91' lang='lat' dir='ltr'><strong>mente</strong></span> <span class='ocrx_word' id='word_1_265' title='bbox 1211 3503 1398 3544; x_wconf 90' lang='lat' dir='ltr'><strong>secum</strong></span> <span class='ocrx_word' id='word_1_266' title='bbox 1461 3491 1580 3562; x_wconf 91' lang='lat' dir='ltr'><strong>ipsa</strong></span> <span class='ocrx_word' id='word_1_267' title='bbox 1611 3503 1667 3549; x_wconf 90' lang='lat' dir='ltr'><strong>et</strong></span> <span class='ocrx_word' id='word_1_268' title='bbox 1720 3499 1936 3554; x_wconf 88' lang='lat' dir='ltr'><strong>occulte</strong></span> 
     </span>
    </p>
   </div>
   <div class='ocr_carea' id='block_1_40' title="bbox 341 3574 1932 3648">
    <p class='ocr_par' dir='ltr' id='par_1_40' title="bbox 341 3574 1932 3648">
     <span class='ocr_line' id='line_1_40' title="bbox 341 3574 1932 3648; baseline 0.013 -23"><span class='ocrx_word' id='word_1_269' title='bbox 341 3586 505 3626; x_wconf 82' lang='lat' dir='ltr'><strong>sensa</strong></span> <span class='ocrx_word' id='word_1_270' title='bbox 536 3587 638 3628; x_wconf 90' lang='lat' dir='ltr'><strong>sua</strong></span> <span class='ocrx_word' id='word_1_271' title='bbox 684 3574 1047 3644; x_wconf 84' lang='lat' dir='ltr'><strong>producente,</strong></span> <span class='ocrx_word' id='word_1_272' title='bbox 1104 3579 1309 3648; x_wconf 87' lang='lat' dir='ltr'><strong>quibus</strong></span> <span class='ocrx_word' id='word_1_273' title='bbox 1357 3584 1593 3641; x_wconf 86' lang='lat' dir='ltr'><strong>sublatis</strong></span> <span class='ocrx_word' id='word_1_274' title='bbox 1649 3604 1719 3644; x_wconf 92' lang='lat' dir='ltr'><strong>ne</strong></span> <span class='ocrx_word' id='word_1_275' title='bbox 1776 3605 1932 3646; x_wconf 87' lang='lat' dir='ltr'><strong>mens</strong></span> 
     </span>
    </p>
   </div>
   <div class='ocr_carea' id='block_1_41' title="bbox 339 3659 1932 3736">
    <p class='ocr_par' dir='ltr' id='par_1_41' title="bbox 339 3659 1932 3736">
     <span class='ocr_line' id='line_1_41' title="bbox 339 3659 1932 3736; baseline 0.015 -24"><span class='ocrx_word' id='word_1_276' title='bbox 339 3659 575 3728; x_wconf 41' lang='lat' dir='ltr'><strong>quidem.</strong></span> <span class='ocrx_word' id='word_1_277' title='bbox 623 3663 824 3718; x_wconf 88' lang='lat' dir='ltr'><strong>merito</strong></span> <span class='ocrx_word' id='word_1_278' title='bbox 862 3663 974 3719; x_wconf 90' lang='lat' dir='ltr'><strong>dici</strong></span> <span class='ocrx_word' id='word_1_279' title='bbox 1017 3669 1210 3736; x_wconf 85' lang='lat' dir='ltr'><strong>possit.</strong></span> <span class='ocrx_word' id='word_1_280' title='bbox 1255 3669 1470 3728; x_wconf 86' lang='lat' dir='ltr'><strong>Dicitur</strong></span> <span class='ocrx_word' id='word_1_281' title='bbox 1507 3676 1674 3732; x_wconf 87' lang='lat' dir='ltr'><strong>etiam</strong></span> <span class='ocrx_word' id='word_1_282' title='bbox 1731 3693 1932 3736; x_wconf 83' lang='lat' dir='ltr'><strong>rursus</strong></span> 
     </span>
    </p>
   </div>
   <div class='ocr_carea' id='block_1_42' title="bbox 340 3762 1932 3843">
    <p class='ocr_par' dir='ltr' id='par_1_42' title="bbox 340 3762 1932 3843">
     <span class='ocr_line' id='line_1_42' title="bbox 340 3762 1932 3843; baseline 0.014 -37"><span class='ocrx_word' id='word_1_283' title='bbox 340 3762 524 3814; x_wconf 88' lang='lat' dir='ltr'><strong>actus.</strong></span> <span class='ocrx_word' id='word_1_284' title='bbox 589 3769 782 3808; x_wconf 87' lang='lat' dir='ltr'><strong>earum</strong></span> <span class='ocrx_word' id='word_1_285' title='bbox 834 3773 1017 3812; x_wconf 90' lang='lat' dir='ltr'><strong>rerum</strong></span> <span class='ocrx_word' id='word_1_286' title='bbox 1069 3777 1193 3831; x_wconf 68' lang='lat' dir='ltr'><strong>qua:</strong></span> <span class='ocrx_word' id='word_1_287' title='bbox 1242 3765 1429 3821; x_wconf 89' lang='lat' dir='ltr'><strong>animo</strong></span> <span class='ocrx_word' id='word_1_288' title='bbox 1487 3771 1806 3840; x_wconf 76' lang='lat' dir='ltr'><strong>cogitantur</strong></span> <span class='ocrx_word' id='word_1_289' title='bbox 1834 3788 1932 3843; x_wconf 90' lang='lat' dir='ltr'><strong>per</strong></span> 
     </span>
    </p>
   </div>
   <div class='ocr_carea' id='block_1_43' title="bbox 340 3846 1932 3932">
    <p class='ocr_par' dir='ltr' id='par_1_43' title="bbox 340 3846 1932 3932">
     <span class='ocr_line' id='line_1_43' title="bbox 340 3846 1932 3932; baseline 0.014 -33"><span class='ocrx_word' id='word_1_290' title='bbox 340 3846 628 3929; x_wconf 80' lang='lat' dir='ltr'><strong>sermonis</strong></span> <span class='ocrx_word' id='word_1_291' title='bbox 657 3849 1028 3918; x_wconf 89' lang='lat' dir='ltr'><strong>prolationem</strong></span> <span class='ocrx_word' id='word_1_292' title='bbox 1067 3855 1363 3924; x_wconf 82' lang='lat' dir='ltr'><strong>patefactio</strong></span> <span class='ocrx_word' id='word_1_293' title='bbox 1393 3870 1446 3914; x_wconf 92' lang='lat' dir='ltr'><strong>et</strong></span> <span class='ocrx_word' id='word_1_294' title='bbox 1480 3863 1800 3932; x_wconf 84' lang='lat' dir='ltr'><strong>explicatio.</strong></span> <span class='ocrx_word' id='word_1_295' title='bbox 1828 3867 1932 3922; x_wconf 86' lang='lat' dir='ltr'><strong>Hic</strong></span> 
     </span>
    </p>
   </div>
   <div class='ocr_carea' id='block_1_44' title="bbox 339 3925 1931 4014">
    <p class='ocr_par' dir='ltr' id='par_1_44' title="bbox 339 3925 1931 4014">
     <span class='ocr_line' id='line_1_44' title="bbox 339 3925 1931 4014; baseline 0.017 -26"><span class='ocrx_word' id='word_1_296' title='bbox 339 3951 510 4006; x_wconf 87' lang='lat' dir='ltr'><strong>porro</strong></span> <span class='ocrx_word' id='word_1_297' title='bbox 565 3925 672 3992; x_wconf 87' lang='lat' dir='ltr'><strong>non</strong></span> <span class='ocrx_word' id='word_1_298' title='bbox 697 3939 812 4010; x_wconf 83' lang='lat' dir='ltr'><strong>jam</strong></span> <span class='ocrx_word' id='word_1_299' title='bbox 851 3943 1090 4014; x_wconf 79' lang='lat' dir='ltr'><strong>simplex</strong></span> <span class='ocrx_word' id='word_1_300' title='bbox 1144 3957 1228 4002; x_wconf 89' lang='lat' dir='ltr'><strong>est</strong></span> <span class='ocrx_word' id='word_1_301' title='bbox 1260 3957 1314 4004; x_wconf 87' lang='lat' dir='ltr'><strong>et</strong></span> <span class='ocrx_word' id='word_1_302' title='bbox 1340 3953 1488 4006; x_wconf 92' lang='lat' dir='ltr'><strong>omni</strong></span> <span class='ocrx_word' id='word_1_303' title='bbox 1522 3955 1790 4012; x_wconf 88' lang='lat' dir='ltr'><strong>relatione</strong></span> <span class='ocrx_word' id='word_1_304' title='bbox 1823 3974 1931 4014; x_wconf 91' lang='lat' dir='ltr'><strong>so-</strong></span> 
     </span>
    </p>
   </div>
   <div class='ocr_carea' id='block_1_45' title="bbox 340 4027 1929 4120">
    <p class='ocr_par' dir='ltr' id='par_1_45' title="bbox 340 4027 1929 4120">
     <span class='ocr_line' id='line_1_45' title="bbox 340 4027 1929 4120; baseline 0.015 -39"><span class='ocrx_word' id='word_1_305' title='bbox 340 4027 518 4094; x_wconf 87' lang='lat' dir='ltr'><strong>lutus,</strong></span> <span class='ocrx_word' id='word_1_306' title='bbox 548 4031 684 4100; x_wconf 91' lang='lat' dir='ltr'><strong>quin</strong></span> <span class='ocrx_word' id='word_1_307' title='bbox 724 4034 913 4101; x_wconf 91' lang='lat' dir='ltr'><strong>potius</strong></span> <span class='ocrx_word' id='word_1_308' title='bbox 951 4036 1004 4090; x_wconf 95' lang='lat' dir='ltr'><strong>in</strong></span> <span class='ocrx_word' id='word_1_309' title='bbox 1053 4039 1324 4096; x_wconf 89' lang='lat' dir='ltr'><strong>relatione</strong></span> <span class='ocrx_word' id='word_1_310' title='bbox 1350 4046 1766 4115; x_wconf 89' lang='lat' dir='ltr'><strong>consideratur,</strong></span> <span class='ocrx_word' id='word_1_311' title='bbox 1797 4052 1929 4120; x_wconf 87' lang='lat' dir='ltr'><strong>quia</strong></span> 
     </span>
    </p>
   </div>
   <div class='ocr_carea' id='block_1_46' title="bbox 411 4208 2362 4303">
    <p class='ocr_par' dir='ltr' id='par_1_46' title="bbox 411 4208 2362 4303">
     <span class='ocr_line' id='line_1_46' title="bbox 411 4208 2362 4303; baseline 0.012 -40"><span class='ocrx_word' id='word_1_312' title='bbox 411 4208 622 4303; x_wconf 45' lang='lat' dir='ltr'><strong>&quot;fug.</strong></span> <span class='ocrx_word' id='word_1_313' title='bbox 656 4213 820 4303; x_wconf 72' lang='grc' dir='ltr'>ιι</span> <span class='ocrx_word' id='word_1_314' title='bbox 843 4217 1034 4303; x_wconf 52' lang='grc' dir='ltr'><strong>;.Μεικ.</strong></span> <span class='ocrx_word' id='word_1_315' title='bbox 1070 4223 1214 4281; x_wconf 84' lang='lat' dir='ltr'><strong>Dial.</strong></span> <span class='ocrx_word' id='word_1_316' title='bbox 1241 4245 1360 4284; x_wconf 88' lang='lat' dir='ltr'><strong>cum</strong></span> <span class='ocrx_word' id='word_1_317' title='bbox 1391 4231 1622 4303; x_wconf 84' lang='lat' dir='ltr'><strong>Pyrrho.</strong></span> <span class='ocrx_word' id='word_1_318' title='bbox 1699 4233 1744 4265; x_wconf 79' lang='grc'><strong>³⁸</strong></span> <span class='ocrx_word' id='word_1_319' title='bbox 1769 4232 1965 4295; x_wconf 63' lang='lat' dir='ltr'><strong>Grmei,</strong></span> <span class='ocrx_word' id='word_1_320' title='bbox 2023 4248 2130 4286; x_wconf 91' lang='lat' dir='ltr'><strong>non</strong></span> <span class='ocrx_word' id='word_1_321' title='bbox 2160 4231 2362 4287; x_wconf 89' lang='lat' dir='ltr'><strong>Latini.</strong></span> 
     </span>
    </p>
   </div>
   <div class='ocr_carea' id='block_1_47' title="bbox 341 4277 922 4344">
    <p class='ocr_par' dir='ltr' id='par_1_47' title="bbox 341 4277 922 4344">
     <span class='ocr_line' id='line_1_47' title="bbox 341 4277 922 4344; baseline 0.024 -14"><span class='ocrx_word' id='word_1_322' title='bbox 341 4277 391 4310; x_wconf 83' lang='grc'>³⁰</span> <span class='ocrx_word' id='word_1_323' title='bbox 443 4277 637 4336; x_wconf 72' lang='lat' dir='ltr'><strong>Anast.</strong></span> <span class='ocrx_word' id='word_1_324' title='bbox 664 4277 922 4344; x_wconf 79' lang='lat' dir='ltr'><strong>Antioch.</strong></span> 
     </span>
    </p>
   </div>
   <div class='ocr_carea' id='block_1_48' title="bbox 2019 459 3620 533">
    <p class='ocr_par' dir='ltr' id='par_1_48' title="bbox 2019 459 3620 533">
     <span class='ocr_line' id='line_1_48' title="bbox 2019 459 3620 533; baseline 0.001 -21"><span class='ocrx_word' id='word_1_325' title='bbox 2019 460 2173 513; x_wconf 76' lang='grc' dir='ltr'>θείαν</span> <span class='ocrx_word' id='word_1_326' title='bbox 2211 461 2496 533; x_wconf 78' lang='grc' dir='ltr'><strong>ἐνέργειαν</strong></span> <span class='ocrx_word' id='word_1_327' title='bbox 2523 501 2539 524; x_wconf 86' lang='grc'><strong>,</strong></span> <span class='ocrx_word' id='word_1_328' title='bbox 2577 461 2675 515; x_wconf 82' lang='grc' dir='ltr'><strong>καὶ</strong></span> <span class='ocrx_word' id='word_1_329' title='bbox 2723 459 2801 522; x_wconf 87' lang='grc' dir='ltr'><strong>ὡς</strong></span> <span class='ocrx_word' id='word_1_330' title='bbox 2847 459 3140 530; x_wconf 79' lang='grc' dir='ltr'>ἄνθρωπος</span> <span class='ocrx_word' id='word_1_331' title='bbox 3182 459 3475 528; x_wconf 85' lang='grc' dir='ltr'>γενόμενος</span> <span class='ocrx_word' id='word_1_332' title='bbox 3515 462 3620 513; x_wconf 72' lang='grc' dir='ltr'><strong>καὶ</strong></span> 
     </span>
    </p>
   </div>
   <div class='ocr_carea' id='block_1_49' title="bbox 2021 551 3617 626">
    <p class='ocr_par' dir='ltr' id='par_1_49' title="bbox 2021 551 3617 626">
     <span class='ocr_line' id='line_1_49' title="bbox 2021 551 3617 626; baseline -0.001 -22"><span class='ocrx_word' id='word_1_333' title='bbox 2021 553 2155 622; x_wconf 59' lang='grc' dir='ltr'><strong>⁴ἡμῖν</strong></span> <span class='ocrx_word' id='word_1_334' title='bbox 2194 552 2504 622; x_wconf 82' lang='grc' dir='ltr'>ὁμοοὺσιος,</span> <span class='ocrx_word' id='word_1_335' title='bbox 2532 555 2632 622; x_wconf 81' lang='grc' dir='ltr'>τῆς</span> <span class='ocrx_word' id='word_1_336' title='bbox 2664 552 3018 626; x_wconf 76' lang='grc' dir='ltr'><strong>ἀνθρωπίνης</strong></span> <span class='ocrx_word' id='word_1_337' title='bbox 3052 551 3273 622; x_wconf 57' lang='lat' dir='ltr'><strong>quasi»;</strong></span> <span class='ocrx_word' id='word_1_338' title='bbox 3296 564 3323 592; x_wconf 78' lang='grc' dir='ltr'>ι</span> <span class='ocrx_word' id='word_1_339' title='bbox 3369 551 3470 621; x_wconf 83' lang='grc' dir='ltr'>τὴν</span> <span class='ocrx_word' id='word_1_340' title='bbox 3522 555 3617 604; x_wconf 78' lang='grc' dir='ltr'>ἐν·</span> 
     </span>
    </p>
   </div>
   <div class='ocr_carea' id='block_1_50' title="bbox 2020 645 2265 716">
    <p class='ocr_par' dir='ltr' id='par_1_50' title="bbox 2020 645 2265 716">
     <span class='ocr_line' id='line_1_50' title="bbox 2020 645 2265 716; baseline 0.012 -19"><span class='ocrx_word' id='word_1_341' title='bbox 2020 645 2265 716; x_wconf 83' lang='grc' dir='ltr'>έργειαν.</span> 
     </span>
    </p>
   </div>
   <div class='ocr_carea' id='block_1_51' title="bbox 2109 737 3619 809">
    <p class='ocr_par' dir='ltr' id='par_1_51' title="bbox 2109 737 3619 809">
     <span class='ocr_line' id='line_1_51' title="bbox 2109 737 3619 809; baseline -0.003 -16"><span class='ocrx_word' id='word_1_342' title='bbox 2109 742 2310 794; x_wconf 73' lang='grc' dir='ltr'>’ἰστέον</span> <span class='ocrx_word' id='word_1_343' title='bbox 2337 741 2394 793; x_wconf 81' lang='grc' dir='ltr'><strong>δὲ</strong></span> <span class='ocrx_word' id='word_1_344' title='bbox 2426 740 2502 802; x_wconf 86' lang='grc' dir='ltr'>ὼς</span> <span class='ocrx_word' id='word_1_345' title='bbox 2543 739 2671 793; x_wconf 78' lang='grc' dir='ltr'>ἄλλο</span> <span class='ocrx_word' id='word_1_346' title='bbox 2704 740 2852 793; x_wconf 70' lang='grc' dir='ltr'>ἐστὶν</span> <span class='ocrx_word' id='word_1_347' title='bbox 2893 739 3152 809; x_wconf 85' lang='grc' dir='ltr'>ἐνέργεια</span> <span class='ocrx_word' id='word_1_348' title='bbox 3172 779 3187 802; x_wconf 88' lang='grc'><strong>,</strong></span> <span class='ocrx_word' id='word_1_349' title='bbox 3225 739 3324 792; x_wconf 72' lang='grc' dir='ltr'><strong>καὶ</strong></span> <span class='ocrx_word' id='word_1_350' title='bbox 3353 737 3487 792; x_wconf 77' lang='grc' dir='ltr'>ἄλλο</span> <span class='ocrx_word' id='word_1_351' title='bbox 3533 741 3619 790; x_wconf 78' lang='grc' dir='ltr'><strong>ἐν⁹</strong></span> 
     </span>
    </p>
   </div>
   <div class='ocr_carea' id='block_1_52' title="bbox 2023 829 3621 904">
    <p class='ocr_par' dir='ltr' id='par_1_52' title="bbox 2023 829 3621 904">
     <span class='ocr_line' id='line_1_52' title="bbox 2023 829 3621 904; baseline -0.001 -18"><span class='ocrx_word' id='word_1_352' title='bbox 2023 835 2340 904; x_wconf 75' lang='grc' dir='ltr'>εργητικὸν,</span> <span class='ocrx_word' id='word_1_353' title='bbox 2365 833 2462 887; x_wconf 72' lang='grc' dir='ltr'><strong>καὶ</strong></span> <span class='ocrx_word' id='word_1_354' title='bbox 2485 833 2615 886; x_wconf 78' lang='grc' dir='ltr'>ἄλλο</span> <span class='ocrx_word' id='word_1_355' title='bbox 2639 833 2945 904; x_wconf 77' lang='grc' dir='ltr'><strong>ἐνέργημα,</strong></span> <span class='ocrx_word' id='word_1_356' title='bbox 2969 834 3065 886; x_wconf 68' lang='grc' dir='ltr'><strong>καλ⁵</strong></span> <span class='ocrx_word' id='word_1_357' title='bbox 3087 831 3219 886; x_wconf 84' lang='grc' dir='ltr'>ἄλλο</span> <span class='ocrx_word' id='word_1_358' title='bbox 3245 832 3275 882; x_wconf 79' lang='grc' dir='ltr'>ὁ</span> <span class='ocrx_word' id='word_1_359' title='bbox 3299 829 3549 901; x_wconf 79' lang='grc' dir='ltr'><strong>ἐνεργῶν</strong></span> <span class='ocrx_word' id='word_1_360' title='bbox 3569 830 3621 884; x_wconf 66' lang='grc' dir='ltr'><strong>δ.</strong></span> 
     </span>
    </p>
   </div>
   <div class='ocr_carea' id='block_1_53' title="bbox 2036 921 3627 997">
    <p class='ocr_par' dir='ltr' id='par_1_53' title="bbox 2036 921 3627 997">
     <span class='ocr_line' id='line_1_53' title="bbox 2036 921 3627 997; baseline -0.004 -18"><span class='ocrx_word' id='word_1_361' title='bbox 2036 926 2324 997; x_wconf 83' lang='grc' dir='ltr'>Ἐνέργεια</span> <span class='ocrx_word' id='word_1_362' title='bbox 2356 926 2456 996; x_wconf 84' lang='grc' dir='ltr'>μὲν</span> <span class='ocrx_word' id='word_1_363' title='bbox 2488 921 2582 978; x_wconf 80' lang='grc' dir='ltr'><strong>οὖν</strong></span> <span class='ocrx_word' id='word_1_364' title='bbox 2622 926 2833 994; x_wconf 74' lang='grc' dir='ltr'>ἐστινὴ</span> <span class='ocrx_word' id='word_1_365' title='bbox 2883 923 3153 995; x_wconf 83' lang='grc' dir='ltr'>δραστικὴ</span> <span class='ocrx_word' id='word_1_366' title='bbox 3202 921 3302 974; x_wconf 72' lang='grc' dir='ltr'><strong>καὶ</strong></span> <span class='ocrx_word' id='word_1_367' title='bbox 3345 921 3627 991; x_wconf 80' lang='grc' dir='ltr'>οὑσιώδης</span> 
     </span>
    </p>
   </div>
   <div class='ocr_carea' id='block_1_54' title="bbox 2023 1006 3627 1088">
    <p class='ocr_par' dir='ltr' id='par_1_54' title="bbox 2023 1006 3627 1088">
     <span class='ocr_line' id='line_1_54' title="bbox 2023 1006 3627 1088; baseline -0.004 -18"><span class='ocrx_word' id='word_1_368' title='bbox 2023 1019 2127 1088; x_wconf 81' lang='grc' dir='ltr'>τῆς</span> <span class='ocrx_word' id='word_1_369' title='bbox 2154 1017 2372 1086; x_wconf 78' lang='grc' dir='ltr'>φύσεως</span> <span class='ocrx_word' id='word_1_370' title='bbox 2395 1016 2611 1086; x_wconf 75' lang='grc' dir='ltr'>κίνησις</span> <span class='ocrx_word' id='word_1_371' title='bbox 2636 1034 2649 1046; x_wconf 75' lang='grc' dir='ltr'><strong><em>ο</em></strong></span> <span class='ocrx_word' id='word_1_372' title='bbox 2680 1015 3036 1085; x_wconf 79' lang='grc' dir='ltr'>ἐνεργητικὸν</span> <span class='ocrx_word' id='word_1_373' title='bbox 3069 1015 3148 1076; x_wconf 79' lang='grc' dir='ltr'><strong>δὲ,</strong></span> <span class='ocrx_word' id='word_1_374' title='bbox 3178 1016 3214 1083; x_wconf 80' lang='grc' dir='ltr'><strong>ἡ</strong></span> <span class='ocrx_word' id='word_1_375' title='bbox 3243 1013 3410 1082; x_wconf 75' lang='grc' dir='ltr'>φύσις</span> <span class='ocrx_word' id='word_1_376' title='bbox 3455 1012 3522 1077; x_wconf 81' lang='grc' dir='ltr'>ἐξ</span> <span class='ocrx_word' id='word_1_377' title='bbox 3555 1006 3627 1083; x_wconf 78' lang='grc' dir='ltr'>ἦς</span> 
     </span>
    </p>
   </div>
   <div class='ocr_carea' id='block_1_55' title="bbox 2026 1105 3626 1188">
    <p class='ocr_par' dir='ltr' id='par_1_55' title="bbox 2026 1105 3626 1188">
     <span class='ocr_line' id='line_1_55' title="bbox 2026 1105 3626 1188; baseline -0.004 -26"><span class='ocrx_word' id='word_1_378' title='bbox 2026 1111 2280 1181; x_wconf 86' lang='grc' dir='ltr'>ἐνέργεια</span> <span class='ocrx_word' id='word_1_379' title='bbox 2317 1111 2598 1180; x_wconf 77' lang='grc' dir='ltr'><strong>πρόεισιν·</strong></span> <span class='ocrx_word' id='word_1_380' title='bbox 2631 1108 2918 1188; x_wconf 79' lang='grc' dir='ltr'><strong>ἐνέργημα</strong></span> <span class='ocrx_word' id='word_1_381' title='bbox 2963 1107 3050 1172; x_wconf 82' lang='grc' dir='ltr'>δὲ,</span> <span class='ocrx_word' id='word_1_382' title='bbox 3080 1105 3148 1158; x_wconf 83' lang='grc' dir='ltr'>τὸ</span> <span class='ocrx_word' id='word_1_383' title='bbox 3186 1105 3288 1174; x_wconf 79' lang='grc' dir='ltr'>τῆς</span> <span class='ocrx_word' id='word_1_384' title='bbox 3325 1105 3626 1176; x_wconf 78' lang='grc' dir='ltr'><strong>ἐνεργείας</strong></span> 
     </span>
    </p>
   </div>
   <div class='ocr_carea' id='block_1_56' title="bbox 2023 1197 3621 1272">
    <p class='ocr_par' dir='ltr' id='par_1_56' title="bbox 2023 1197 3621 1272">
     <span class='ocr_line' id='line_1_56' title="bbox 2023 1197 3621 1272; baseline -0.005 -16"><span class='ocrx_word' id='word_1_385' title='bbox 2023 1201 2374 1272; x_wconf 75' lang='grc' dir='ltr'><strong>ἀποτέλεσμα</strong></span> <span class='ocrx_word' id='word_1_386' title='bbox 2398 1216 2411 1229; x_wconf 77' lang='grc'><strong><em>⁸</em></strong></span> <span class='ocrx_word' id='word_1_387' title='bbox 2442 1202 2682 1269; x_wconf 82' lang='grc' dir='ltr'>ἐνεργῶν</span> <span class='ocrx_word' id='word_1_388' title='bbox 2709 1201 2790 1259; x_wconf 81' lang='grc' dir='ltr'><strong>δὲ.</strong></span> <span class='ocrx_word' id='word_1_389' title='bbox 2820 1201 2850 1252; x_wconf 85' lang='grc' dir='ltr'>ὁ</span> <span class='ocrx_word' id='word_1_390' title='bbox 2867 1199 3208 1271; x_wconf 81' lang='grc' dir='ltr'><strong>κεχρημένος</strong></span> <span class='ocrx_word' id='word_1_391' title='bbox 3239 1201 3307 1268; x_wconf 83' lang='grc' dir='ltr'><strong>τῇ</strong></span> <span class='ocrx_word' id='word_1_392' title='bbox 3331 1197 3621 1268; x_wconf 67' lang='grc' dir='ltr'>ἐνεργείᾳ,</span> 
     </span>
    </p>
   </div>
   <div class='ocr_carea' id='block_1_57' title="bbox 2025 1289 3623 1364">
    <p class='ocr_par' dir='ltr' id='par_1_57' title="bbox 2025 1289 3623 1364">
     <span class='ocr_line' id='line_1_57' title="bbox 2025 1289 3623 1364; baseline -0.005 -17"><span class='ocrx_word' id='word_1_393' title='bbox 2025 1295 2143 1363; x_wconf 78' lang='grc' dir='ltr'>ἦτοι</span> <span class='ocrx_word' id='word_1_394' title='bbox 2164 1296 2198 1364; x_wconf 81' lang='grc' dir='ltr'>ὴ</span> <span class='ocrx_word' id='word_1_395' title='bbox 2230 1294 2547 1355; x_wconf 75' lang='grc' dir='ltr'><strong>ὑπόστασις.</strong></span> <span class='ocrx_word' id='word_1_396' title='bbox 2580 1293 2814 1360; x_wconf 77' lang='grc' dir='ltr'><strong>Λέγεται</strong></span> <span class='ocrx_word' id='word_1_397' title='bbox 2842 1291 2899 1344; x_wconf 82' lang='grc' dir='ltr'><strong>δὲ</strong></span> <span class='ocrx_word' id='word_1_398' title='bbox 2933 1291 3029 1345; x_wconf 74' lang='grc' dir='ltr'>καὶ</span> <span class='ocrx_word' id='word_1_399' title='bbox 3057 1293 3090 1362; x_wconf 82' lang='grc' dir='ltr'>ἡ</span> <span class='ocrx_word' id='word_1_400' title='bbox 3137 1290 3425 1360; x_wconf 87' lang='grc' dir='ltr'>ἐνέργεια,</span> <span class='ocrx_word' id='word_1_401' title='bbox 3458 1289 3623 1360; x_wconf 82' lang='grc' dir='ltr'>ἐνέρ-</span> 
     </span>
    </p>
   </div>
   <div class='ocr_carea' id='block_1_58' title="bbox 2025 1383 3623 1461">
    <p class='ocr_par' dir='ltr' id='par_1_58' title="bbox 2025 1383 3623 1461">
     <span class='ocr_line' id='line_1_58' title="bbox 2025 1383 3623 1461; baseline -0.004 -18"><span class='ocrx_word' id='word_1_402' title='bbox 2025 1406 2204 1461; x_wconf 85' lang='grc' dir='ltr'>γημα,</span> <span class='ocrx_word' id='word_1_403' title='bbox 2232 1390 2328 1441; x_wconf 75' lang='grc' dir='ltr'><strong>καὶ</strong></span> <span class='ocrx_word' id='word_1_404' title='bbox 2356 1389 2416 1442; x_wconf 85' lang='grc' dir='ltr'>τὸ</span> <span class='ocrx_word' id='word_1_405' title='bbox 2443 1387 2755 1458; x_wconf 82' lang='grc' dir='ltr'>ἐνέργημα,</span> <span class='ocrx_word' id='word_1_406' title='bbox 2789 1386 3064 1455; x_wconf 81' lang='grc' dir='ltr'>ἐνέργεια,</span> <span class='ocrx_word' id='word_1_407' title='bbox 3083 1385 3160 1448; x_wconf 85' lang='grc' dir='ltr'>ὡς</span> <span class='ocrx_word' id='word_1_408' title='bbox 3183 1385 3278 1437; x_wconf 72' lang='grc' dir='ltr'><strong>καὶ</strong></span> <span class='ocrx_word' id='word_1_409' title='bbox 3301 1383 3365 1437; x_wconf 82' lang='grc' dir='ltr'>τὸ</span> <span class='ocrx_word' id='word_1_410' title='bbox 3381 1383 3623 1453; x_wconf 76' lang='grc' dir='ltr'>κτίσμα.</span> 
     </span>
    </p>
   </div>
   <div class='ocr_carea' id='block_1_59' title="bbox 2028 1476 3627 1552">
    <p class='ocr_par' dir='ltr' id='par_1_59' title="bbox 2028 1476 3627 1552">
     <span class='ocr_line' id='line_1_59' title="bbox 2028 1476 3627 1552; baseline -0.004 -18"><span class='ocrx_word' id='word_1_411' title='bbox 2028 1483 2228 1546; x_wconf 81' lang='grc' dir='ltr'><strong>κτίσις.</strong></span> <span class='ocrx_word' id='word_1_412' title='bbox 2271 1482 2428 1535; x_wconf 79' lang='grc' dir='ltr'>Οὕτω</span> <span class='ocrx_word' id='word_1_413' title='bbox 2453 1481 2564 1552; x_wconf 81' lang='grc' dir='ltr'>γάρ</span> <span class='ocrx_word' id='word_1_414' title='bbox 2591 1497 2774 1550; x_wconf 82' lang='grc' dir='ltr'>φαμεν</span> <span class='ocrx_word' id='word_1_415' title='bbox 2801 1519 2816 1544; x_wconf 87' lang='grc'><strong>,</strong></span> <span class='ocrx_word' id='word_1_416' title='bbox 2854 1477 3024 1533; x_wconf 83' lang='grc' dir='ltr'>πᾶσα</span> <span class='ocrx_word' id='word_1_417' title='bbox 3052 1478 3091 1546; x_wconf 81' lang='grc' dir='ltr'><strong><em>ή</em></strong></span> <span class='ocrx_word' id='word_1_418' title='bbox 3122 1478 3325 1544; x_wconf 81' lang='grc' dir='ltr'><strong>κτίσις</strong></span> <span class='ocrx_word' id='word_1_419' title='bbox 3347 1519 3363 1544; x_wconf 86' lang='grc'><strong>,</strong></span> <span class='ocrx_word' id='word_1_420' title='bbox 3389 1477 3468 1532; x_wconf 81' lang='grc' dir='ltr'><strong>τὰ</strong></span> <span class='ocrx_word' id='word_1_421' title='bbox 3501 1476 3627 1531; x_wconf 81' lang='grc' dir='ltr'><strong>κτι-</strong></span> 
     </span>
    </p>
   </div>
   <div class='ocr_carea' id='block_1_60' title="bbox 2030 1575 2553 1647">
    <p class='ocr_par' dir='ltr' id='par_1_60' title="bbox 2030 1575 2553 1647">
     <span class='ocr_line' id='line_1_60' title="bbox 2030 1575 2553 1647; baseline 0.002 -19"><span class='ocrx_word' id='word_1_422' title='bbox 2030 1592 2216 1647; x_wconf 83' lang='grc' dir='ltr'>σματα</span> <span class='ocrx_word' id='word_1_423' title='bbox 2243 1575 2553 1645; x_wconf 78' lang='grc' dir='ltr'>δηλοῦντες.</span> 
     </span>
    </p>
   </div>
   <div class='ocr_carea' id='block_1_61' title="bbox 2110 1750 3629 1826">
    <p class='ocr_par' dir='ltr' id='par_1_61' title="bbox 2110 1750 3629 1826">
     <span class='ocr_line' id='line_1_61' title="bbox 2110 1750 3629 1826; baseline -0.006 -16"><span class='ocrx_word' id='word_1_424' title='bbox 2110 1758 2310 1811; x_wconf 86' lang='grc' dir='ltr'>Ἰστέον</span> <span class='ocrx_word' id='word_1_425' title='bbox 2343 1756 2418 1819; x_wconf 83' lang='grc' dir='ltr'><strong>ὡς</strong></span> <span class='ocrx_word' id='word_1_426' title='bbox 2446 1758 2480 1826; x_wconf 84' lang='grc' dir='ltr'>ἡ</span> <span class='ocrx_word' id='word_1_427' title='bbox 2517 1754 2770 1826; x_wconf 80' lang='grc' dir='ltr'>ἐνέργεια</span> <span class='ocrx_word' id='word_1_428' title='bbox 2814 1751 3033 1822; x_wconf 73' lang='grc' dir='ltr'>κίνησις</span> <span class='ocrx_word' id='word_1_429' title='bbox 3069 1753 3185 1804; x_wconf 87' lang='grc' dir='ltr'>ἐστι</span> <span class='ocrx_word' id='word_1_430' title='bbox 3205 1792 3220 1816; x_wconf 97' lang='grc'><strong>,</strong></span> <span class='ocrx_word' id='word_1_431' title='bbox 3248 1751 3347 1804; x_wconf 76' lang='grc' dir='ltr'><strong>καὶ</strong></span> <span class='ocrx_word' id='word_1_432' title='bbox 3371 1750 3629 1818; x_wconf 83' lang='grc' dir='ltr'>ἐνεργεῖ-</span> 
     </span>
    </p>
   </div>
   <div class='ocr_carea' id='block_1_62' title="bbox 2027 1843 3629 1920">
    <p class='ocr_par' dir='ltr' id='par_1_62' title="bbox 2027 1843 3629 1920">
     <span class='ocr_line' id='line_1_62' title="bbox 2027 1843 3629 1920; baseline -0.007 -16"><span class='ocrx_word' id='word_1_433' title='bbox 2027 1868 2117 1904; x_wconf 85' lang='grc' dir='ltr'><strong>ται</strong></span> <span class='ocrx_word' id='word_1_434' title='bbox 2163 1849 2365 1920; x_wconf 82' lang='grc' dir='ltr'>μᾶλλον</span> <span class='ocrx_word' id='word_1_435' title='bbox 2394 1849 2426 1918; x_wconf 80' lang='grc' dir='ltr'>ἢ</span> <span class='ocrx_word' id='word_1_436' title='bbox 2463 1849 2700 1915; x_wconf 78' lang='grc' dir='ltr'>ἐνεργεῖ,</span> <span class='ocrx_word' id='word_1_437' title='bbox 2728 1845 2912 1909; x_wconf 83' lang='grc' dir='ltr'>καθώς</span> <span class='ocrx_word' id='word_1_438' title='bbox 2943 1861 3110 1915; x_wconf 78' lang='grc' dir='ltr'>φησιν</span> <span class='ocrx_word' id='word_1_439' title='bbox 3133 1845 3164 1898; x_wconf 82' lang='grc' dir='ltr'>ὁ</span> <span class='ocrx_word' id='word_1_440' title='bbox 3186 1843 3453 1911; x_wconf 81' lang='grc' dir='ltr'>Θεολόγος</span> <span class='ocrx_word' id='word_1_441' title='bbox 3490 1843 3629 1914; x_wconf 72' lang='grc' dir='ltr'>Γρηο</span> 
     </span>
    </p>
   </div>
   <div class='ocr_carea' id='block_1_63' title="bbox 2027 1935 3619 2014">
    <p class='ocr_par' dir='ltr' id='par_1_63' title="bbox 2027 1935 3619 2014">
     <span class='ocr_line' id='line_1_63' title="bbox 2027 1935 3619 2014; baseline 0.011 -26"><span class='ocrx_word' id='word_1_442' title='bbox 2027 1946 2208 2014; x_wconf 76' lang='grc' dir='ltr'>γόριος</span> <span class='ocrx_word' id='word_1_443' title='bbox 2268 1945 2326 1995; x_wconf 85' lang='grc' dir='ltr'><strong>ἐν</strong></span> <span class='ocrx_word' id='word_1_444' title='bbox 2371 1941 2448 2011; x_wconf 83' lang='grc' dir='ltr'>τῷ</span> <span class='ocrx_word' id='word_1_445' title='bbox 2499 1941 2630 2011; x_wconf 77' lang='grc' dir='ltr'>περὶ</span> <span class='ocrx_word' id='word_1_446' title='bbox 2674 1939 2770 1993; x_wconf 77' lang='grc' dir='ltr'><strong>τοῦ</strong></span> <span class='ocrx_word' id='word_1_447' title='bbox 2828 1939 2987 2007; x_wconf 78' lang='grc' dir='ltr'>ἁγίου</span> <span class='ocrx_word' id='word_1_448' title='bbox 3040 1935 3372 2006; x_wconf 79' lang='grc' dir='ltr'>Πνεὺματος</span> <span class='ocrx_word' id='word_1_449' title='bbox 3435 1935 3619 2005; x_wconf 61' lang='grc' dir='ltr'>λδγίιν</span> 
     </span>
    </p>
   </div>
   <div class='ocr_carea' id='block_1_64' title="bbox 2033 2023 3616 2101">
    <p class='ocr_par' dir='ltr' id='par_1_64' title="bbox 2033 2023 3616 2101">
     <span class='ocr_line' id='line_1_64' title="bbox 2033 2023 3616 2101; baseline -0.004 -17"><span class='ocrx_word' id='word_1_450' title='bbox 2033 2052 2051 2084; x_wconf 77' lang='grc' dir='ltr'>ι</span> <span class='ocrx_word' id='word_1_451' title='bbox 2089 2033 2152 2086; x_wconf 89' lang='grc' dir='ltr'><strong>Εἰ</strong></span> <span class='ocrx_word' id='word_1_452' title='bbox 2198 2032 2256 2084; x_wconf 81' lang='grc' dir='ltr'><strong>δὲ</strong></span> <span class='ocrx_word' id='word_1_453' title='bbox 2303 2030 2562 2101; x_wconf 79' lang='grc' dir='ltr'>ἐνέργειά.</span> <span class='ocrx_word' id='word_1_454' title='bbox 2615 2032 2802 2092; x_wconf 86' lang='grc' dir='ltr'>ἐστιν,</span> <span class='ocrx_word' id='word_1_455' title='bbox 2850 2027 3284 2096; x_wconf 80' lang='grc' dir='ltr'>ἐνεργηθήσεται</span> <span class='ocrx_word' id='word_1_456' title='bbox 3340 2023 3616 2094; x_wconf 82' lang='grc' dir='ltr'>δηλονότι.</span> 
     </span>
    </p>
   </div>
   <div class='ocr_carea' id='block_1_65' title="bbox 2030 2116 3614 2193">
    <p class='ocr_par' dir='ltr' id='par_1_65' title="bbox 2030 2116 3614 2193">
     <span class='ocr_line' id='line_1_65' title="bbox 2030 2116 3614 2193; baseline -0.004 -16"><span class='ocrx_word' id='word_1_457' title='bbox 2030 2125 2125 2178; x_wconf 74' lang='grc' dir='ltr'>καὶ</span> <span class='ocrx_word' id='word_1_458' title='bbox 2154 2125 2256 2177; x_wconf 75' lang='grc' dir='ltr'><strong>οὐκ</strong></span> <span class='ocrx_word' id='word_1_459' title='bbox 2286 2124 2602 2193; x_wconf 78' lang='grc' dir='ltr'>ἐνεργήσει,</span> <span class='ocrx_word' id='word_1_460' title='bbox 2635 2121 2732 2174; x_wconf 79' lang='grc' dir='ltr'><strong>καὶ</strong></span> <span class='ocrx_word' id='word_1_461' title='bbox 2769 2119 2906 2190; x_wconf 82' lang='grc' dir='ltr'>ὁμοῦ</span> <span class='ocrx_word' id='word_1_462' title='bbox 2941 2118 3018 2190; x_wconf 81' lang='grc' dir='ltr'>τῷ</span> <span class='ocrx_word' id='word_1_463' title='bbox 3055 2116 3440 2189; x_wconf 83' lang='grc' dir='ltr'>ἐνεργηθῆναι,</span> <span class='ocrx_word' id='word_1_464' title='bbox 3470 2117 3614 2170; x_wconf 74' lang='grc' dir='ltr'><strong>παύ-</strong></span> 
     </span>
    </p>
   </div>
   <div class='ocr_carea' id='block_1_66' title="bbox 2031 2234 2264 2270">
    <p class='ocr_par' dir='ltr' id='par_1_66' title="bbox 2031 2234 2264 2270">
     <span class='ocr_line' id='line_1_66' title="bbox 2031 2234 2264 2270; baseline -0.017 0"><span class='ocrx_word' id='word_1_465' title='bbox 2031 2234 2264 2270; x_wconf 78' lang='grc' dir='ltr'>σεται.»</span> 
     </span>
    </p>
   </div>
   <div class='ocr_carea' id='block_1_67' title="bbox 2099 2300 3624 2376">
    <p class='ocr_par' dir='ltr' id='par_1_67' title="bbox 2099 2300 3624 2376">
     <span class='ocr_line' id='line_1_67' title="bbox 2099 2300 3624 2376; baseline -0.005 -15"><span class='ocrx_word' id='word_1_466' title='bbox 2099 2310 2194 2361; x_wconf 85' lang='grc' dir='ltr'><strong>Δεῖ</strong></span> <span class='ocrx_word' id='word_1_467' title='bbox 2239 2308 2294 2360; x_wconf 77' lang='grc' dir='ltr'><strong>δὲ</strong></span> <span class='ocrx_word' id='word_1_468' title='bbox 2345 2306 2662 2376; x_wconf 83' lang='grc' dir='ltr'>γινώσκειν.</span> <span class='ocrx_word' id='word_1_469' title='bbox 2698 2305 2781 2358; x_wconf 82' lang='grc' dir='ltr'><strong>ὅτι</strong></span> <span class='ocrx_word' id='word_1_470' title='bbox 2815 2302 2912 2356; x_wconf 72' lang='grc' dir='ltr'>καὶ</span> <span class='ocrx_word' id='word_1_471' title='bbox 2955 2300 3098 2372; x_wconf 77' lang='grc' dir='ltr'>αὐτὴ</span> <span class='ocrx_word' id='word_1_472' title='bbox 3136 2304 3171 2372; x_wconf 82' lang='grc' dir='ltr'>ἡ</span> <span class='ocrx_word' id='word_1_473' title='bbox 3214 2301 3329 2372; x_wconf 80' lang='grc' dir='ltr'><strong>ζωὴ</strong></span> <span class='ocrx_word' id='word_1_474' title='bbox 3361 2301 3624 2371; x_wconf 75' lang='grc' dir='ltr'>ἐνέργειά</span> 
     </span>
    </p>
   </div>
   <div class='ocr_carea' id='block_1_68' title="bbox 2031 2395 3626 2470">
    <p class='ocr_par' dir='ltr' id='par_1_68' title="bbox 2031 2395 3626 2470">
     <span class='ocr_line' id='line_1_68' title="bbox 2031 2395 3626 2470; baseline -0.004 -15"><span class='ocrx_word' id='word_1_475' title='bbox 2031 2404 2204 2466; x_wconf 78' lang='grc' dir='ltr'>ἐστιν,</span> <span class='ocrx_word' id='word_1_476' title='bbox 2237 2401 2332 2453; x_wconf 59' lang='grc' dir='ltr'><strong>καὶ¹</strong></span> <span class='ocrx_word' id='word_1_477' title='bbox 2369 2401 2403 2470; x_wconf 80' lang='grc' dir='ltr'>ὴ</span> <span class='ocrx_word' id='word_1_478' title='bbox 2451 2399 2644 2469; x_wconf 86' lang='grc' dir='ltr'>πρώτη</span> <span class='ocrx_word' id='word_1_479' title='bbox 2678 2397 2772 2450; x_wconf 74' lang='grc' dir='ltr'>τοῦ</span> <span class='ocrx_word' id='word_1_480' title='bbox 2817 2396 2958 2462; x_wconf 84' lang='grc' dir='ltr'>ζώου</span> <span class='ocrx_word' id='word_1_481' title='bbox 3003 2395 3283 2468; x_wconf 82' lang='grc' dir='ltr'>ἐνέργεια·</span> <span class='ocrx_word' id='word_1_482' title='bbox 3339 2397 3440 2448; x_wconf 76' lang='grc' dir='ltr'><strong>καὶ</strong></span> <span class='ocrx_word' id='word_1_483' title='bbox 3474 2396 3626 2448; x_wconf 79' lang='grc' dir='ltr'>πᾶσα</span> 
     </span>
    </p>
   </div>
   <div class='ocr_carea' id='block_1_69' title="bbox 2030 2486 3624 2564">
    <p class='ocr_par' dir='ltr' id='par_1_69' title="bbox 2030 2486 3624 2564">
     <span class='ocr_line' id='line_1_69' title="bbox 2030 2486 3624 2564; baseline -0.006 -18"><span class='ocrx_word' id='word_1_484' title='bbox 2030 2497 2063 2564; x_wconf 87' lang='grc' dir='ltr'>ἠ</span> <span class='ocrx_word' id='word_1_485' title='bbox 2095 2493 2189 2546; x_wconf 75' lang='grc' dir='ltr'>τοῦ</span> <span class='ocrx_word' id='word_1_486' title='bbox 2220 2491 2358 2558; x_wconf 75' lang='grc' dir='ltr'>ζώου</span> <span class='ocrx_word' id='word_1_487' title='bbox 2396 2491 2703 2562; x_wconf 74' lang='grc' dir='ltr'>οἰκονομία,</span> <span class='ocrx_word' id='word_1_488' title='bbox 2735 2490 2770 2559; x_wconf 78' lang='grc' dir='ltr'>ἦ</span> <span class='ocrx_word' id='word_1_489' title='bbox 2799 2507 2859 2542; x_wconf 87' lang='grc' dir='ltr'><strong>τε</strong></span> <span class='ocrx_word' id='word_1_490' title='bbox 2892 2487 3167 2559; x_wconf 80' lang='grc' dir='ltr'>θρεπτικὴ</span> <span class='ocrx_word' id='word_1_491' title='bbox 3199 2486 3293 2541; x_wconf 73' lang='grc' dir='ltr'><strong>καὶ</strong></span> <span class='ocrx_word' id='word_1_492' title='bbox 3323 2487 3624 2556; x_wconf 78' lang='grc' dir='ltr'><strong>αὐξητικὴ,</strong></span> 
     </span>
    </p>
   </div>
   <div class='ocr_carea' id='block_1_70' title="bbox 2031 2580 3627 2658">
    <p class='ocr_par' dir='ltr' id='par_1_70' title="bbox 2031 2580 3627 2658">
     <span class='ocr_line' id='line_1_70' title="bbox 2031 2580 3627 2658; baseline -0.006 -19"><span class='ocrx_word' id='word_1_493' title='bbox 2031 2589 2202 2658; x_wconf 73' lang='grc' dir='ltr'>ἤγουν</span> <span class='ocrx_word' id='word_1_494' title='bbox 2229 2585 2434 2654; x_wconf 75' lang='grc' dir='ltr'>φυσικὴ</span> <span class='ocrx_word' id='word_1_495' title='bbox 2460 2625 2476 2648; x_wconf 88' lang='grc'><strong>,</strong></span> <span class='ocrx_word' id='word_1_496' title='bbox 2525 2584 2622 2637; x_wconf 73' lang='grc' dir='ltr'><strong>καὶ</strong></span> <span class='ocrx_word' id='word_1_497' title='bbox 2653 2585 2686 2653; x_wconf 79' lang='grc' dir='ltr'><strong>ἡ</strong></span> <span class='ocrx_word' id='word_1_498' title='bbox 2740 2581 2864 2635; x_wconf 80' lang='grc' dir='ltr'>καθ’</span> <span class='ocrx_word' id='word_1_499' title='bbox 2908 2580 3088 2652; x_wconf 80' lang='grc' dir='ltr'>ὁρμὴν</span> <span class='ocrx_word' id='word_1_500' title='bbox 3133 2581 3388 2650; x_wconf 78' lang='grc' dir='ltr'>κίνησις,</span> <span class='ocrx_word' id='word_1_501' title='bbox 3451 2581 3627 2650; x_wconf 70' lang='grc' dir='ltr'>ἧγουν</span> 
     </span>
    </p>
   </div>
   <div class='ocr_carea' id='block_1_71' title="bbox 2031 2669 3626 2747">
    <p class='ocr_par' dir='ltr' id='par_1_71' title="bbox 2031 2669 3626 2747">
     <span class='ocr_line' id='line_1_71' title="bbox 2031 2669 3626 2747; baseline -0.004 -17"><span class='ocrx_word' id='word_1_502' title='bbox 2031 2675 2347 2747; x_wconf 79' lang='grc' dir='ltr'>αἰσθητικὴ,</span> <span class='ocrx_word' id='word_1_503' title='bbox 2386 2677 2480 2728; x_wconf 75' lang='grc' dir='ltr'><strong>καὶ</strong></span> <span class='ocrx_word' id='word_1_504' title='bbox 2510 2677 2542 2744; x_wconf 81' lang='grc' dir='ltr'>ὴ</span> <span class='ocrx_word' id='word_1_505' title='bbox 2574 2673 2760 2745; x_wconf 77' lang='grc' dir='ltr'>νοερὰ,</span> <span class='ocrx_word' id='word_1_506' title='bbox 2795 2673 2890 2725; x_wconf 69' lang='grc' dir='ltr'><strong>καὶ</strong></span> <span class='ocrx_word' id='word_1_507' title='bbox 2920 2673 2953 2742; x_wconf 80' lang='grc' dir='ltr'>ὴ</span> <span class='ocrx_word' id='word_1_508' title='bbox 2999 2669 3357 2736; x_wconf 77' lang='grc' dir='ltr'>ἀὑτεξοὺσιος</span> <span class='ocrx_word' id='word_1_509' title='bbox 3379 2669 3626 2740; x_wconf 79' lang='grc' dir='ltr'>κίνησις.</span> 
     </span>
    </p>
   </div>
   <div class='ocr_carea' id='block_1_72' title="bbox 2031 2759 3631 2840">
    <p class='ocr_par' dir='ltr' id='par_1_72' title="bbox 2031 2759 3631 2840">
     <span class='ocr_line' id='line_1_72' title="bbox 2031 2759 3631 2840; baseline -0.004 -17"><span class='ocrx_word' id='word_1_510' title='bbox 2031 2771 2329 2840; x_wconf 59' lang='grc' dir='ltr'>Δυνάμεως</span> <span class='ocrx_word' id='word_1_511' title='bbox 2362 2769 2420 2821; x_wconf 85' lang='grc' dir='ltr'><strong>δὲ</strong></span> <span class='ocrx_word' id='word_1_512' title='bbox 2443 2768 2819 2838; x_wconf 78' lang='grc' dir='ltr'>ἀποτέλεσμα,</span> <span class='ocrx_word' id='word_1_513' title='bbox 2847 2768 2881 2836; x_wconf 78' lang='grc' dir='ltr'>ἡ</span> <span class='ocrx_word' id='word_1_514' title='bbox 2918 2765 3192 2836; x_wconf 81' lang='grc' dir='ltr'>ἐνέργεια.</span> <span class='ocrx_word' id='word_1_515' title='bbox 3223 2765 3290 2816; x_wconf 82' lang='lat' dir='ltr'><strong>El.</strong></span> <span class='ocrx_word' id='word_1_516' title='bbox 3313 2759 3408 2817; x_wconf 79' lang='grc' dir='ltr'>οὖν</span> <span class='ocrx_word' id='word_1_517' title='bbox 3445 2764 3631 2818; x_wconf 78' lang='grc' dir='ltr'>πάντα</span> 
     </span>
    </p>
   </div>
   <div class='ocr_carea' id='block_1_73' title="bbox 2031 2854 3629 2932">
    <p class='ocr_par' dir='ltr' id='par_1_73' title="bbox 2031 2854 3629 2932">
     <span class='ocr_line' id='line_1_73' title="bbox 2031 2854 3629 2932; baseline -0.003 -18"><span class='ocrx_word' id='word_1_518' title='bbox 2031 2862 2207 2916; x_wconf 80' lang='grc' dir='ltr'>ταῦτα</span> <span class='ocrx_word' id='word_1_519' title='bbox 2239 2859 2558 2932; x_wconf 78' lang='grc' dir='ltr'>θεωροῦμεν</span> <span class='ocrx_word' id='word_1_520' title='bbox 2588 2861 2646 2913; x_wconf 86' lang='grc' dir='ltr'><strong>ἐν</strong></span> <span class='ocrx_word' id='word_1_521' title='bbox 2698 2859 2776 2929; x_wconf 86' lang='grc' dir='ltr'>τῷ</span> <span class='ocrx_word' id='word_1_522' title='bbox 2816 2857 3041 2929; x_wconf 79' lang='grc' dir='ltr'><strong>Χριστῷ</strong></span> <span class='ocrx_word' id='word_1_523' title='bbox 3064 2899 3081 2924; x_wconf 87' lang='grc'><strong>,</strong></span> <span class='ocrx_word' id='word_1_524' title='bbox 3121 2856 3230 2929; x_wconf 77' lang='grc' dir='ltr'>ἄρα</span> <span class='ocrx_word' id='word_1_525' title='bbox 3275 2855 3373 2910; x_wconf 73' lang='grc' dir='ltr'><strong>καὶ</strong></span> <span class='ocrx_word' id='word_1_526' title='bbox 3401 2854 3629 2928; x_wconf 78' lang='grc' dir='ltr'>ἀνθρω-</span> 
     </span>
    </p>
   </div>
   <div class='ocr_carea' id='block_1_74' title="bbox 2034 2954 3118 3029">
    <p class='ocr_par' dir='ltr' id='par_1_74' title="bbox 2034 2954 3118 3029">
     <span class='ocr_line' id='line_1_74' title="bbox 2034 2954 3118 3029; baseline -0.004 -19"><span class='ocrx_word' id='word_1_527' title='bbox 2034 2956 2197 3028; x_wconf 82' lang='grc' dir='ltr'>πίνην</span> <span class='ocrx_word' id='word_1_528' title='bbox 2224 2957 2508 3029; x_wconf 78' lang='grc' dir='ltr'>ἐνέργειαν</span> <span class='ocrx_word' id='word_1_529' title='bbox 2533 2955 2620 3009; x_wconf 83' lang='grc' dir='ltr'>ἐπ’</span> <span class='ocrx_word' id='word_1_530' title='bbox 2647 2954 2815 3010; x_wconf 79' lang='grc' dir='ltr'>αὑτοῦ</span> <span class='ocrx_word' id='word_1_531' title='bbox 2848 2956 3118 3026; x_wconf 78' lang='grc' dir='ltr'>φήσομεν.</span> 
     </span>
    </p>
   </div>
   <div class='ocr_carea' id='block_1_75' title="bbox 2117 3129 3626 3204">
    <p class='ocr_par' dir='ltr' id='par_1_75' title="bbox 2117 3129 3626 3204">
     <span class='ocr_line' id='line_1_75' title="bbox 2117 3129 3626 3204; baseline -0.001 -18"><span class='ocrx_word' id='word_1_532' title='bbox 2117 3133 2398 3204; x_wconf 86' lang='grc' dir='ltr'>Ὲνέργεια</span> <span class='ocrx_word' id='word_1_533' title='bbox 2441 3133 2685 3202; x_wconf 85' lang='grc' dir='ltr'>λέγεται,</span> <span class='ocrx_word' id='word_1_534' title='bbox 2725 3133 2788 3186; x_wconf 77' lang='grc' dir='ltr'><strong>τὸ</strong></span> <span class='ocrx_word' id='word_1_535' title='bbox 2829 3133 3052 3204; x_wconf 83' lang='grc' dir='ltr'>πρῶτον</span> <span class='ocrx_word' id='word_1_536' title='bbox 3089 3133 3147 3185; x_wconf 84' lang='grc' dir='ltr'><strong>ἐν</strong></span> <span class='ocrx_word' id='word_1_537' title='bbox 3183 3134 3316 3202; x_wconf 82' lang='grc' dir='ltr'>ἡμῖν</span> <span class='ocrx_word' id='word_1_538' title='bbox 3361 3129 3626 3185; x_wconf 81' lang='grc' dir='ltr'>συνιστά-</span> 
     </span>
    </p>
   </div>
   <div class='ocr_carea' id='block_1_76' title="bbox 2035 3222 3624 3296">
    <p class='ocr_par' dir='ltr' id='par_1_76' title="bbox 2035 3222 3624 3296">
     <span class='ocr_line' id='line_1_76' title="bbox 2035 3222 3624 3296; baseline -0.002 -17"><span class='ocrx_word' id='word_1_539' title='bbox 2035 3243 2195 3296; x_wconf 87' lang='grc' dir='ltr'>μενον</span> <span class='ocrx_word' id='word_1_540' title='bbox 2225 3227 2404 3295; x_wconf 85' lang='grc' dir='ltr'>νόημα</span> <span class='ocrx_word' id='word_1_541' title='bbox 2425 3241 2438 3254; x_wconf 83' lang='lat'><strong><em>°</em></strong></span> <span class='ocrx_word' id='word_1_542' title='bbox 2476 3226 2569 3278; x_wconf 79' lang='grc' dir='ltr'><strong>καὶ</strong></span> <span class='ocrx_word' id='word_1_543' title='bbox 2604 3225 2750 3278; x_wconf 79' lang='grc' dir='ltr'>ἔστιν</span> <span class='ocrx_word' id='word_1_544' title='bbox 2781 3225 2926 3295; x_wconf 82' lang='grc' dir='ltr'><strong>ἁπλῆ</strong></span> <span class='ocrx_word' id='word_1_545' title='bbox 2953 3225 3046 3278; x_wconf 79' lang='grc' dir='ltr'><strong>καὶ</strong></span> <span class='ocrx_word' id='word_1_546' title='bbox 3074 3225 3303 3294; x_wconf 81' lang='grc' dir='ltr'>ἄσχετος</span> <span class='ocrx_word' id='word_1_547' title='bbox 3340 3222 3624 3294; x_wconf 86' lang='grc' dir='ltr'>ἐνέργεια,</span> 
     </span>
    </p>
   </div>
   <div class='ocr_carea' id='block_1_77' title="bbox 2031 3311 3630 3382">
    <p class='ocr_par' dir='ltr' id='par_1_77' title="bbox 2031 3311 3630 3382">
     <span class='ocr_line' id='line_1_77' title="bbox 2031 3311 3630 3382; baseline -0.005 -12"><span class='ocrx_word' id='word_1_548' title='bbox 2031 3317 2127 3370; x_wconf 81' lang='grc' dir='ltr'>τοῦ</span> <span class='ocrx_word' id='word_1_549' title='bbox 2157 3317 2249 3372; x_wconf 79' lang='grc' dir='ltr'>νοῦ</span> <span class='ocrx_word' id='word_1_550' title='bbox 2281 3315 2401 3370; x_wconf 82' lang='grc' dir='ltr'>καθ’</span> <span class='ocrx_word' id='word_1_551' title='bbox 2429 3315 2593 3368; x_wconf 72' lang='grc' dir='ltr'>αὑτὸν</span> <span class='ocrx_word' id='word_1_552' title='bbox 2621 3315 2846 3382; x_wconf 63' lang='grc' dir='ltr'>ἀςανῶς</span> <span class='ocrx_word' id='word_1_553' title='bbox 2870 3315 2940 3366; x_wconf 72' lang='grc' dir='ltr'>τὰ</span> <span class='ocrx_word' id='word_1_554' title='bbox 2963 3314 3074 3367; x_wconf 75' lang='grc' dir='ltr'>ἴδια</span> <span class='ocrx_word' id='word_1_555' title='bbox 3100 3314 3350 3382; x_wconf 77' lang='grc' dir='ltr'>νοήματα</span> <span class='ocrx_word' id='word_1_556' title='bbox 3383 3311 3630 3381; x_wconf 75' lang='grc' dir='ltr'>προϐαλ-</span> 
     </span>
    </p>
   </div>
   <div class='ocr_carea' id='block_1_78' title="bbox 2033 3401 3628 3480">
    <p class='ocr_par' dir='ltr' id='par_1_78' title="bbox 2033 3401 3628 3480">
     <span class='ocr_line' id='line_1_78' title="bbox 2033 3401 3628 3480; baseline -0.005 -18"><span class='ocrx_word' id='word_1_557' title='bbox 2033 3410 2295 3480; x_wconf 87' lang='grc' dir='ltr'>λομένου,</span> <span class='ocrx_word' id='word_1_558' title='bbox 2342 3403 2416 3463; x_wconf 82' lang='grc' dir='ltr'>ὦν</span> <span class='ocrx_word' id='word_1_559' title='bbox 2462 3407 2632 3477; x_wconf 72' lang='grc' dir='ltr'>χωρὶς</span> <span class='ocrx_word' id='word_1_560' title='bbox 2667 3406 2791 3460; x_wconf 78' lang='grc' dir='ltr'>οὐδὲ</span> <span class='ocrx_word' id='word_1_561' title='bbox 2838 3405 2963 3468; x_wconf 81' lang='grc' dir='ltr'>νοῦς</span> <span class='ocrx_word' id='word_1_562' title='bbox 3005 3403 3072 3457; x_wconf 84' lang='grc' dir='ltr'>ἂν</span> <span class='ocrx_word' id='word_1_563' title='bbox 3102 3402 3328 3473; x_wconf 76' lang='grc' dir='ltr'>κληθείη</span> <span class='ocrx_word' id='word_1_564' title='bbox 3369 3401 3628 3464; x_wconf 80' lang='grc' dir='ltr'><strong>δικαίως.</strong></span> 
     </span>
    </p>
   </div>
   <div class='ocr_carea' id='block_1_79' title="bbox 2034 3493 3630 3568">
    <p class='ocr_par' dir='ltr' id='par_1_79' title="bbox 2034 3493 3630 3568">
     <span class='ocr_line' id='line_1_79' title="bbox 2034 3493 3630 3568; baseline -0.005 -15"><span class='ocrx_word' id='word_1_565' title='bbox 2034 3501 2269 3568; x_wconf 86' lang='grc' dir='ltr'>Λέγεται</span> <span class='ocrx_word' id='word_1_566' title='bbox 2309 3500 2363 3552; x_wconf 82' lang='grc' dir='ltr'><strong>δὲ</strong></span> <span class='ocrx_word' id='word_1_567' title='bbox 2395 3499 2557 3552; x_wconf 78' lang='grc' dir='ltr'>πάλιν</span> <span class='ocrx_word' id='word_1_568' title='bbox 2586 3498 2863 3568; x_wconf 82' lang='grc' dir='ltr'>ἐνέργεια,</span> <span class='ocrx_word' id='word_1_569' title='bbox 2897 3497 2994 3551; x_wconf 72' lang='grc' dir='ltr'><strong>καὶ</strong></span> <span class='ocrx_word' id='word_1_570' title='bbox 3023 3498 3057 3564; x_wconf 86' lang='grc' dir='ltr'>ἡ</span> <span class='ocrx_word' id='word_1_571' title='bbox 3081 3494 3171 3549; x_wconf 81' lang='grc' dir='ltr'><strong>διὰ</strong></span> <span class='ocrx_word' id='word_1_572' title='bbox 3198 3493 3300 3564; x_wconf 80' lang='grc' dir='ltr'>τῆς</span> <span class='ocrx_word' id='word_1_573' title='bbox 3333 3495 3630 3564; x_wconf 72' lang='grc' dir='ltr'>προφορᾶς</span> 
     </span>
    </p>
   </div>
   <div class='ocr_carea' id='block_1_80' title="bbox 2030 3586 3630 3662">
    <p class='ocr_par' dir='ltr' id='par_1_80' title="bbox 2030 3586 3630 3662">
     <span class='ocr_line' id='line_1_80' title="bbox 2030 3586 3630 3662; baseline -0.005 -17"><span class='ocrx_word' id='word_1_574' title='bbox 2030 3591 2124 3645; x_wconf 84' lang='grc' dir='ltr'>τοῦ</span> <span class='ocrx_word' id='word_1_575' title='bbox 2143 3591 2305 3658; x_wconf 86' lang='grc' dir='ltr'>λόγου</span> <span class='ocrx_word' id='word_1_576' title='bbox 2337 3590 2646 3662; x_wconf 70' lang='grc' dir='ltr'>φανέρωσις</span> <span class='ocrx_word' id='word_1_577' title='bbox 2670 3591 2764 3642; x_wconf 74' lang='grc' dir='ltr'><strong>καὶ</strong></span> <span class='ocrx_word' id='word_1_578' title='bbox 2785 3588 3094 3654; x_wconf 79' lang='grc' dir='ltr'>ἐξάπλωσις</span> <span class='ocrx_word' id='word_1_579' title='bbox 3110 3586 3221 3639; x_wconf 81' lang='grc' dir='ltr'><strong>τῶν</strong></span> <span class='ocrx_word' id='word_1_580' title='bbox 3249 3586 3630 3654; x_wconf 82' lang='grc' dir='ltr'>νενοημένων.</span> 
     </span>
    </p>
   </div>
   <div class='ocr_carea' id='block_1_81' title="bbox 2030 3678 3632 3754">
    <p class='ocr_par' dir='ltr' id='par_1_81' title="bbox 2030 3678 3632 3754">
     <span class='ocr_line' id='line_1_81' title="bbox 2030 3678 3632 3754; baseline -0.005 -16"><span class='ocrx_word' id='word_1_581' title='bbox 2030 3683 2178 3754; x_wconf 79' lang='grc' dir='ltr'>Αὕτη</span> <span class='ocrx_word' id='word_1_582' title='bbox 2203 3683 2259 3737; x_wconf 81' lang='grc' dir='ltr'><strong>δὲ</strong></span> <span class='ocrx_word' id='word_1_583' title='bbox 2284 3683 2468 3736; x_wconf 81' lang='grc' dir='ltr'>οὐκέτι</span> <span class='ocrx_word' id='word_1_584' title='bbox 2493 3683 2720 3753; x_wconf 78' lang='grc' dir='ltr'>ἄσχετος</span> <span class='ocrx_word' id='word_1_585' title='bbox 2743 3685 2856 3736; x_wconf 81' lang='grc' dir='ltr'>ἐστι</span> <span class='ocrx_word' id='word_1_586' title='bbox 2880 3683 2976 3735; x_wconf 71' lang='grc' dir='ltr'><strong>καὶ</strong></span> <span class='ocrx_word' id='word_1_587' title='bbox 3006 3681 3175 3750; x_wconf 79' lang='grc' dir='ltr'>ἁπλῆ,</span> <span class='ocrx_word' id='word_1_588' title='bbox 3201 3679 3318 3733; x_wconf 84' lang='grc' dir='ltr'>ἀλλ’</span> <span class='ocrx_word' id='word_1_589' title='bbox 3345 3680 3403 3731; x_wconf 90' lang='grc' dir='ltr'><strong>ἐν</strong></span> <span class='ocrx_word' id='word_1_590' title='bbox 3437 3678 3632 3749; x_wconf 84' lang='grc' dir='ltr'>σχέσει</span> 
     </span>
    </p>
   </div>
   <div class='ocr_carea' id='block_1_82' title="bbox 2031 3771 3628 3847">
    <p class='ocr_par' dir='ltr' id='par_1_82' title="bbox 2031 3771 3628 3847">
     <span class='ocr_line' id='line_1_82' title="bbox 2031 3771 3628 3847; baseline -0.004 -18"><span class='ocrx_word' id='word_1_591' title='bbox 2031 3776 2384 3847; x_wconf 85' lang='grc' dir='ltr'>θεωρουμένη</span> <span class='ocrx_word' id='word_1_592' title='bbox 2417 3777 2480 3827; x_wconf 84' lang='grc' dir='ltr'>ὲκ</span> <span class='ocrx_word' id='word_1_593' title='bbox 2531 3776 2803 3845; x_wconf 84' lang='grc' dir='ltr'>νοήματος</span> <span class='ocrx_word' id='word_1_594' title='bbox 2838 3773 2935 3826; x_wconf 71' lang='grc' dir='ltr'><strong>καὶ</strong></span> <span class='ocrx_word' id='word_1_595' title='bbox 2983 3773 3145 3842; x_wconf 79' lang='grc' dir='ltr'>λόγου</span> <span class='ocrx_word' id='word_1_596' title='bbox 3201 3771 3628 3840; x_wconf 59' lang='grc' dir='ltr'>συντεθειμένη.</span> 
     </span>
    </p>
   </div>
   <div class='ocr_carea' id='block_1_83' title="bbox 2037 3858 3633 3936">
    <p class='ocr_par' dir='ltr' id='par_1_83' title="bbox 2037 3858 3633 3936">
     <span class='ocr_line' id='line_1_83' title="bbox 2037 3858 3633 3936; baseline -0.003 -16"><span class='ocrx_word' id='word_1_597' title='bbox 2037 3869 2148 3921; x_wconf 71' lang='grc' dir='ltr'><strong>Καὶ</strong></span> <span class='ocrx_word' id='word_1_598' title='bbox 2183 3867 2322 3936; x_wconf 81' lang='grc' dir='ltr'>αὐτὴ</span> <span class='ocrx_word' id='word_1_599' title='bbox 2345 3866 2404 3920; x_wconf 81' lang='grc' dir='ltr'><strong>δὲ</strong></span> <span class='ocrx_word' id='word_1_600' title='bbox 2434 3868 2466 3935; x_wconf 84' lang='grc' dir='ltr'>ἡ</span> <span class='ocrx_word' id='word_1_601' title='bbox 2499 3867 2704 3936; x_wconf 84' lang='grc' dir='ltr'>σχέσις,</span> <span class='ocrx_word' id='word_1_602' title='bbox 2734 3867 2800 3935; x_wconf 80' lang='grc' dir='ltr'>ἣν</span> <span class='ocrx_word' id='word_1_603' title='bbox 2829 3865 2945 3935; x_wconf 79' lang='grc' dir='ltr'>ἔχει</span> <span class='ocrx_word' id='word_1_604' title='bbox 2977 3866 3006 3917; x_wconf 80' lang='grc' dir='ltr'>ὁ</span> <span class='ocrx_word' id='word_1_605' title='bbox 3035 3863 3203 3917; x_wconf 84' lang='grc' dir='ltr'>ποιῶν</span> <span class='ocrx_word' id='word_1_606' title='bbox 3229 3858 3362 3934; x_wconf 62' lang='grc' dir='ltr'>πρὸς</span> <span class='ocrx_word' id='word_1_607' title='bbox 3381 3861 3447 3916; x_wconf 79' lang='grc' dir='ltr'>τὸ</span> <span class='ocrx_word' id='word_1_608' title='bbox 3484 3861 3633 3930; x_wconf 84' lang='grc' dir='ltr'>γινό-</span> 
     </span>
    </p>
   </div>
   <div class='ocr_carea' id='block_1_84' title="bbox 2043 3952 3631 4031">
    <p class='ocr_par' dir='ltr' id='par_1_84' title="bbox 2043 3952 3631 4031">
     <span class='ocr_line' id='line_1_84' title="bbox 2043 3952 3631 4031; baseline -0.004 -18"><span class='ocrx_word' id='word_1_609' title='bbox 2043 3977 2241 4031; x_wconf 87' lang='grc' dir='ltr'>μενον,</span> <span class='ocrx_word' id='word_1_610' title='bbox 2298 3959 2552 4029; x_wconf 83' lang='grc' dir='ltr'>ἐνέργειά</span> <span class='ocrx_word' id='word_1_611' title='bbox 2605 3959 2755 4012; x_wconf 77' lang='grc' dir='ltr'>ἐστι’</span> <span class='ocrx_word' id='word_1_612' title='bbox 2803 3959 2898 4012; x_wconf 73' lang='grc' dir='ltr'><strong>καὶ</strong></span> <span class='ocrx_word' id='word_1_613' title='bbox 2951 3958 3085 4010; x_wconf 75' lang='grc' dir='ltr'>αὐτὸ</span> <span class='ocrx_word' id='word_1_614' title='bbox 3132 3956 3194 4010; x_wconf 78' lang='grc' dir='ltr'>τὸ</span> <span class='ocrx_word' id='word_1_615' title='bbox 3248 3952 3631 4026; x_wconf 80' lang='grc' dir='ltr'>ἀποτελούμε-</span> 
     </span>
    </p>
   </div>
   <div class='ocr_carea' id='block_1_85' title="bbox 2039 4047 3631 4123">
    <p class='ocr_par' dir='ltr' id='par_1_85' title="bbox 2039 4047 3631 4123">
     <span class='ocr_line' id='line_1_85' title="bbox 2039 4047 3631 4123; baseline -0.004 -19"><span class='ocrx_word' id='word_1_616' title='bbox 2039 4069 2128 4105; x_wconf 86' lang='grc' dir='ltr'><strong>νον</strong></span> <span class='ocrx_word' id='word_1_617' title='bbox 2162 4050 2275 4122; x_wconf 82' lang='lat'><strong>(&#39;56)</strong></span> <span class='ocrx_word' id='word_1_618' title='bbox 2329 4052 2579 4123; x_wconf 85' lang='grc' dir='ltr'>ἐνέργεια</span> <span class='ocrx_word' id='word_1_619' title='bbox 2629 4049 2880 4115; x_wconf 73' lang='grc' dir='ltr'>λέγεταιο</span> <span class='ocrx_word' id='word_1_620' title='bbox 2914 4051 3009 4104; x_wconf 77' lang='grc' dir='ltr'><strong>καὶ</strong></span> <span class='ocrx_word' id='word_1_621' title='bbox 3045 4048 3108 4102; x_wconf 79' lang='grc' dir='ltr'>τὸ</span> <span class='ocrx_word' id='word_1_622' title='bbox 3148 4049 3248 4120; x_wconf 86' lang='grc' dir='ltr'><strong>μέν</strong></span> <span class='ocrx_word' id='word_1_623' title='bbox 3285 4050 3402 4102; x_wconf 78' lang='grc' dir='ltr'>ἐστι</span> <span class='ocrx_word' id='word_1_624' title='bbox 3442 4047 3631 4118; x_wconf 76' lang='grc' dir='ltr'>ψυχῆς</span> 
     </span>
    </p>
   </div>
   <div class='ocr_carea' id='block_1_86' title="bbox 2459 4229 3625 4305">
    <p class='ocr_par' dir='ltr' id='par_1_86' title="bbox 2459 4229 3625 4305">
     <span class='ocr_line' id='line_1_86' title="bbox 2459 4229 3625 4305; baseline -0.003 -19"><span class='ocrx_word' id='word_1_625' title='bbox 2459 4233 2504 4265; x_wconf 80' lang='grc'><strong><em>⁹⁹</em></strong></span> <span class='ocrx_word' id='word_1_626' title='bbox 2527 4231 2678 4288; x_wconf 88' lang='lat' dir='ltr'><strong>Orat.</strong></span> <span class='ocrx_word' id='word_1_627' title='bbox 2718 4232 2808 4296; x_wconf 80' lang='lat'><strong>37,</strong></span> <span class='ocrx_word' id='word_1_628' title='bbox 2868 4233 3215 4305; x_wconf 87' lang='lat' dir='ltr'><strong>aliquantum</strong></span> <span class='ocrx_word' id='word_1_629' title='bbox 3249 4245 3280 4285; x_wconf 85' lang='lat' dir='ltr'><strong>a</strong></span> <span class='ocrx_word' id='word_1_630' title='bbox 3313 4229 3625 4302; x_wconf 89' lang='lat' dir='ltr'><strong>principio.</strong></span> 
     </span>
    </p>
   </div>
   <div class='ocr_carea' id='block_1_87' title="bbox 1657 4411 2340 4470">
    <p class='ocr_par' dir='ltr' id='par_1_87' title="bbox 1657 4411 2340 4470">
     <span class='ocr_line' id='line_1_87' title="bbox 1657 4411 2340 4470; baseline 0.006 -6"><span class='ocrx_word' id='word_1_631' title='bbox 1657 4411 1888 4467; x_wconf 66' lang='grc' dir='ltr'><strong>νΑιιιίΕ</strong></span> <span class='ocrx_word' id='word_1_632' title='bbox 1930 4413 2340 4470; x_wconf 80' lang='lat' dir='ltr'><strong>LECTIONES.</strong></span> 
     </span>
    </p>
   </div>
   <div class='ocr_carea' id='block_1_88' title="bbox 415 4507 3621 4601">
    <p class='ocr_par' dir='ltr' id='par_1_88' title="bbox 415 4507 3621 4601">
     <span class='ocr_line' id='line_1_88' title="bbox 415 4507 3621 4601; baseline -0.002 -9"><span class='ocrx_word' id='word_1_633' title='bbox 415 4507 631 4601; x_wconf 53' lang='lat' dir='ltr'><strong>!_&quot;,‘3°s,f</strong></span> <span class='ocrx_word' id='word_1_634' title='bbox 659 4513 961 4601; x_wconf 63' lang='grc' dir='ltr'><strong>δεξοίῳε,ξ“</strong></span> <span class='ocrx_word' id='word_1_635' title='bbox 987 4515 1352 4601; x_wconf 15' lang='grc' dir='ltr'><strong>,ἓᾟέογδεηθξι</strong></span> <span class='ocrx_word' id='word_1_636' title='bbox 1379 4534 1714 4601; x_wconf 78' lang='lat' dir='ltr'><strong>expunctum</strong></span> <span class='ocrx_word' id='word_1_637' title='bbox 1739 4536 1821 4582; x_wconf 89' lang='lat' dir='ltr'><strong>est</strong></span> <span class='ocrx_word' id='word_1_638' title='bbox 1850 4529 2081 4584; x_wconf 82' lang='lat' dir='ltr'><strong>inColh.</strong></span> <span class='ocrx_word' id='word_1_639' title='bbox 2121 4532 2168 4584; x_wconf 81' lang='lat' dir='ltr'><strong>i.</strong></span> <span class='ocrx_word' id='word_1_640' title='bbox 2249 4544 2274 4572; x_wconf 74' lang='grc' dir='ltr'>ι</span> <span class='ocrx_word' id='word_1_641' title='bbox 2323 4529 2387 4585; x_wconf 88' lang='grc' dir='ltr'><strong>Ν.</strong></span> <span class='ocrx_word' id='word_1_642' title='bbox 2439 4532 2646 4596; x_wconf 76' lang='grc' dir='ltr'>οὐσίας.</span> <span class='ocrx_word' id='word_1_643' title='bbox 2726 4533 2753 4573; x_wconf 72' lang='grc' dir='ltr'><strong>ι)</strong></span> <span class='ocrx_word' id='word_1_644' title='bbox 2787 4531 2950 4589; x_wconf 77' lang='lat' dir='ltr'><strong>Deest</strong></span> <span class='ocrx_word' id='word_1_645' title='bbox 2998 4530 3268 4587; x_wconf 87' lang='lat' dir='ltr'><strong>articulus</strong></span> <span class='ocrx_word' id='word_1_646' title='bbox 3321 4530 3380 4585; x_wconf 88' lang='lat' dir='ltr'><strong>in</strong></span> <span class='ocrx_word' id='word_1_647' title='bbox 3443 4529 3621 4601; x_wconf 78' lang='lat' dir='ltr'><strong>Regg.</strong></span> 
     </span>
    </p>
   </div>
   <div class='ocr_carea' id='block_1_89' title="bbox 343 4575 3002 4676">
    <p class='ocr_par' dir='ltr' id='par_1_89' title="bbox 343 4575 3002 4676">
     <span class='ocr_line' id='line_1_89' title="bbox 343 4575 3002 4676; baseline 0.011 -46"><span class='ocrx_word' id='word_1_648' title='bbox 343 4575 394 4637; x_wconf 82' lang='lat'><strong>6,</strong></span> <span class='ocrx_word' id='word_1_649' title='bbox 425 4589 479 4632; x_wconf 73' lang='lat' dir='ltr'><strong>et</strong></span> <span class='ocrx_word' id='word_1_650' title='bbox 509 4578 665 4637; x_wconf 90' lang='lat' dir='ltr'><strong>Colb.</strong></span> <span class='ocrx_word' id='word_1_651' title='bbox 696 4575 770 4652; x_wconf 87' lang='lat' dir='ltr'><strong>&#39;t,</strong></span> <span class='ocrx_word' id='word_1_652' title='bbox 802 4585 855 4638; x_wconf 92' lang='lat' dir='ltr'><strong>in</strong></span> <span class='ocrx_word' id='word_1_653' title='bbox 884 4586 947 4639; x_wconf 76' lang='grc' dir='ltr'><strong>ιι.</strong></span> <span class='ocrx_word' id='word_1_654' title='bbox 987 4575 1209 4643; x_wconf 70' lang='lat' dir='ltr'><strong>etei’et</strong></span> <span class='ocrx_word' id='word_1_655' title='bbox 1236 4575 1391 4646; x_wconf 79' lang='lat' dir='ltr'><strong>Coll).</strong></span> <span class='ocrx_word' id='word_1_656' title='bbox 1425 4575 2288 4672; x_wconf 42' lang='lat' dir='ltr'><strong>numinis,“mea&quot;ait;ista...</strong></span> <span class='ocrx_word' id='word_1_657' title='bbox 2315 4575 2695 4658; x_wconf 48' lang='lat' dir='ltr'><strong>{gnatum</strong></span> <span class='ocrx_word' id='word_1_658' title='bbox 2723 4575 3002 4676; x_wconf 59' lang='grc' dir='ltr'><strong>ὲνέεἷὶἕένζ</strong></span> 
     </span>
    </p>
   </div>
   <div class='ocr_carea' id='block_1_90' title="bbox 1909 4753 2143 4811">
    <p class='ocr_par' dir='ltr' id='par_1_90' title="bbox 1909 4753 2143 4811">
     <span class='ocr_line' id='line_1_90' title="bbox 1909 4753 2143 4811; baseline 0.013 -3"><span class='ocrx_word' id='word_1_659' title='bbox 1909 4753 2143 4811; x_wconf 66' lang='lat' dir='ltr'><strong>NOTAE.</strong></span> 
     </span>
    </p>
   </div>
   <div class='ocr_carea' id='block_1_91' title="bbox 343 4881 3618 4974">
    <p class='ocr_par' dir='ltr' id='par_1_91' title="bbox 343 4881 3618 4974">
     <span class='ocr_line' id='line_1_91' title="bbox 343 4881 3618 4974; baseline 0.005 -32"><span class='ocrx_word' id='word_1_660' title='bbox 343 4891 466 4960; x_wconf 82' lang='lat' dir='ltr'><strong>jure</strong></span> <span class='ocrx_word' id='word_1_661' title='bbox 515 4881 871 4952; x_wconf 78' lang='lat' dir='ltr'><strong>subjiciuntur</strong></span> <span class='ocrx_word' id='word_1_662' title='bbox 912 4886 1241 4974; x_wconf 60' lang='lat' dir='ltr'><strong>anathempti</strong></span> <span class='ocrx_word' id='word_1_663' title='bbox 1265 4929 1279 4952; x_wconf 96' lang='lat'><strong>,</strong></span> <span class='ocrx_word' id='word_1_664' title='bbox 1342 4899 1396 4970; x_wconf 75' lang='lat' dir='ltr'><strong>ut</strong></span> <span class='ocrx_word' id='word_1_665' title='bbox 1425 4891 1514 4958; x_wconf 85' lang='lat' dir='ltr'><strong>qui</strong></span> <span class='ocrx_word' id='word_1_666' title='bbox 1558 4890 1828 4945; x_wconf 82' lang='lat' dir='ltr'><strong>Christum</strong></span> <span class='ocrx_word' id='word_1_667' title='bbox 1875 4892 1928 4974; x_wconf 75' lang='lat' dir='ltr'><strong>in</strong></span> <span class='ocrx_word' id='word_1_668' title='bbox 1963 4894 2006 4948; x_wconf 91' lang='lat' dir='ltr'><strong>D</strong></span> <span class='ocrx_word' id='word_1_669' title='bbox 2037 4892 2174 4947; x_wconf 89' lang='lat' dir='ltr'><strong>nihil</strong></span> <span class='ocrx_word' id='word_1_670' title='bbox 2195 4893 2343 4974; x_wconf 67' lang='lat' dir='ltr'><strong>aliud</strong></span> <span class='ocrx_word' id='word_1_671' title='bbox 2373 4895 2819 4974; x_wconf 72' lang='lat' dir='ltr'><strong>cumdeiiniisse,</strong></span> <span class='ocrx_word' id='word_1_672' title='bbox 2857 4898 2964 4974; x_wconf 65' lang='lat' dir='ltr'><strong>nisi</strong></span> <span class='ocrx_word' id='word_1_673' title='bbox 2988 4900 3319 4974; x_wconf 80' lang='lat' dir='ltr'><strong>naturalium</strong></span> <span class='ocrx_word' id='word_1_674' title='bbox 3348 4905 3618 4974; x_wconf 85' lang='lat' dir='ltr'><strong>operatio-</strong></span> 
     </span>
    </p>
   </div>
   <div class='ocr_carea' id='block_1_92' title="bbox 347 4957 1930 5032">
    <p class='ocr_par' dir='ltr' id='par_1_92' title="bbox 347 4957 1930 5032">
     <span class='ocr_line' id='line_1_92' title="bbox 347 4957 1930 5032; baseline 0.006 -27"><span class='ocrx_word' id='word_1_675' title='bbox 347 4957 484 5013; x_wconf 71' lang='lat' dir='ltr'><strong>duas</strong></span> <span class='ocrx_word' id='word_1_676' title='bbox 521 4968 774 5023; x_wconf 78' lang='lat' dir='ltr'><strong>personas</strong></span> <span class='ocrx_word' id='word_1_677' title='bbox 807 4957 1090 5010; x_wconf 87' lang='lat' dir='ltr'><strong>secuerint.</strong></span> <span class='ocrx_word' id='word_1_678' title='bbox 1129 4957 1266 5032; x_wconf 73' lang='lat' dir='ltr'><strong>Non</strong></span> <span class='ocrx_word' id='word_1_679' title='bbox 1284 4961 1420 5032; x_wconf 81' lang='lat' dir='ltr'><strong>enim</strong></span> <span class='ocrx_word' id='word_1_680' title='bbox 1440 4957 1647 5032; x_wconf 71' lang='lat' dir='ltr'><strong>natura</strong></span> <span class='ocrx_word' id='word_1_681' title='bbox 1688 4978 1806 5032; x_wconf 66' lang='lat' dir='ltr'><strong>qua!</strong></span> <span class='ocrx_word' id='word_1_682' title='bbox 1829 4964 1930 5014; x_wconf 89' lang='lat' dir='ltr'><strong>mi-</strong></span> 
     </span>
    </p>
   </div>
   <div class='ocr_carea' id='block_1_93' title="bbox 346 5029 1932 5094">
    <p class='ocr_par' dir='ltr' id='par_1_93' title="bbox 346 5029 1932 5094">
     <span class='ocr_line' id='line_1_93' title="bbox 346 5029 1932 5094; baseline 0.002 -10"><span class='ocrx_word' id='word_1_683' title='bbox 346 5032 487 5084; x_wconf 85' lang='lat' dir='ltr'><strong>nime</strong></span> <span class='ocrx_word' id='word_1_684' title='bbox 553 5035 840 5088; x_wconf 85' lang='lat' dir='ltr'><strong>operatur,</strong></span> <span class='ocrx_word' id='word_1_685' title='bbox 903 5042 1123 5094; x_wconf 85' lang='lat' dir='ltr'><strong>prorsus</strong></span> <span class='ocrx_word' id='word_1_686' title='bbox 1183 5029 1498 5084; x_wconf 73' lang='lat' dir='ltr'><strong>substiterit.</strong></span> <span class='ocrx_word' id='word_1_687' title='bbox 1551 5029 1823 5086; x_wconf 80' lang='lat' dir='ltr'><strong>Nimirum</strong></span> <span class='ocrx_word' id='word_1_688' title='bbox 1878 5033 1932 5087; x_wconf 93' lang='lat' dir='ltr'><strong>in</strong></span> 
     </span>
    </p>
   </div>
   <div class='ocr_carea' id='block_1_94' title="bbox 348 5094 1933 5170">
    <p class='ocr_par' dir='ltr' id='par_1_94' title="bbox 348 5094 1933 5170">
     <span class='ocr_line' id='line_1_94' title="bbox 348 5094 1933 5170; baseline 0.003 -18"><span class='ocrx_word' id='word_1_689' title='bbox 348 5096 547 5170; x_wconf 80' lang='lat' dir='ltr'><strong>primis</strong></span> <span class='ocrx_word' id='word_1_690' title='bbox 590 5094 950 5170; x_wconf 83' lang='lat' dir='ltr'><strong>Eutychianis</strong></span> <span class='ocrx_word' id='word_1_691' title='bbox 1006 5097 1616 5170; x_wconf 71' lang='lat' dir='ltr'><strong>displicebatLeouem</strong></span> <span class='ocrx_word' id='word_1_692' title='bbox 1676 5113 1933 5156; x_wconf 87' lang='lat' dir='ltr'><strong>naturam</strong></span> 
     </span>
    </p>
   </div>
   <div class='ocr_carea' id='block_1_95' title="bbox 348 5168 1937 5242">
    <p class='ocr_par' dir='ltr' id='par_1_95' title="bbox 348 5168 1937 5242">
     <span class='ocr_line' id='line_1_95' title="bbox 348 5168 1937 5242; baseline 0.004 -22"><span class='ocrx_word' id='word_1_693' title='bbox 348 5168 627 5242; x_wconf 75' lang='lat' dir='ltr'><strong>duplicem</strong></span> <span class='ocrx_word' id='word_1_694' title='bbox 667 5168 920 5242; x_wconf 79' lang='lat' dir='ltr'><strong>intulisse</strong></span> <span class='ocrx_word' id='word_1_695' title='bbox 951 5183 1012 5242; x_wconf 61' lang='lat' dir='ltr'><strong>es</strong></span> <span class='ocrx_word' id='word_1_696' title='bbox 1069 5170 1288 5225; x_wconf 86' lang='lat' dir='ltr'><strong>actione</strong></span> <span class='ocrx_word' id='word_1_697' title='bbox 1331 5169 1536 5238; x_wconf 89' lang='lat' dir='ltr'><strong>duplici</strong></span> <span class='ocrx_word' id='word_1_698' title='bbox 1576 5188 1588 5223; x_wconf 89' lang='lat'>:</span> <span class='ocrx_word' id='word_1_699' title='bbox 1629 5174 1751 5242; x_wconf 83' lang='lat' dir='ltr'><strong>Agit</strong></span> <span class='ocrx_word' id='word_1_700' title='bbox 1785 5182 1937 5226; x_wconf 88' lang='lat' dir='ltr'><strong>utra-</strong></span> 
     </span>
    </p>
   </div>
   <div class='ocr_carea' id='block_1_96' title="bbox 346 5238 1935 5312">
    <p class='ocr_par' dir='ltr' id='par_1_96' title="bbox 346 5238 1935 5312">
     <span class='ocr_line' id='line_1_96' title="bbox 346 5238 1935 5312; baseline 0.004 -23"><span class='ocrx_word' id='word_1_701' title='bbox 346 5238 447 5312; x_wconf 77' lang='lat' dir='ltr'><strong>que</strong></span> <span class='ocrx_word' id='word_1_702' title='bbox 495 5238 670 5310; x_wconf 79' lang='lat' dir='ltr'><strong>[arma</strong></span> <span class='ocrx_word' id='word_1_703' title='bbox 693 5253 810 5290; x_wconf 87' lang='lat' dir='ltr'><strong>cum</strong></span> <span class='ocrx_word' id='word_1_704' title='bbox 849 5239 1072 5293; x_wconf 84' lang='lat' dir='ltr'><strong>alterius</strong></span> <span class='ocrx_word' id='word_1_705' title='bbox 1103 5242 1466 5294; x_wconf 83' lang='lat' dir='ltr'><strong>communione</strong></span> <span class='ocrx_word' id='word_1_706' title='bbox 1491 5246 1628 5311; x_wconf 84' lang='lat' dir='ltr'><strong>quod</strong></span> <span class='ocrx_word' id='word_1_707' title='bbox 1663 5238 1935 5312; x_wconf 72' lang='lat' dir='ltr'><strong>proprium</strong></span> 
     </span>
    </p>
   </div>
   <div class='ocr_carea' id='block_1_97' title="bbox 348 5323 447 5366">
    <p class='ocr_par' dir='ltr' id='par_1_97' title="bbox 348 5323 447 5366">
     <span class='ocr_line' id='line_1_97' title="bbox 348 5323 447 5366; baseline -0.02 0"><span class='ocrx_word' id='word_1_708' title='bbox 348 5323 447 5366; x_wconf 73' lang='grc' dir='ltr'>εει.</span> 
     </span>
    </p>
   </div>
   <div class='ocr_carea' id='block_1_98' title="bbox 423 5376 1935 5452">
    <p class='ocr_par' dir='ltr' id='par_1_98' title="bbox 423 5376 1935 5452">
     <span class='ocr_line' id='line_1_98' title="bbox 423 5376 1935 5452; baseline 0.001 -15"><span class='ocrx_word' id='word_1_709' title='bbox 423 5381 536 5452; x_wconf 77' lang='grc'><strong>(56)</strong></span> <span class='ocrx_word' id='word_1_710' title='bbox 567 5380 676 5436; x_wconf 82' lang='lat' dir='ltr'><strong>Kal</strong></span> <span class='ocrx_word' id='word_1_711' title='bbox 707 5376 854 5452; x_wconf 66' lang='lat' dir='ltr'><strong>(tum)</strong></span> <span class='ocrx_word' id='word_1_712' title='bbox 879 5376 945 5431; x_wconf 84' lang='grc' dir='ltr'>τὸ</span> <span class='ocrx_word' id='word_1_713' title='bbox 965 5379 1212 5452; x_wconf 75' lang='grc' dir='ltr'>ἀποτελ.</span> <span class='ocrx_word' id='word_1_714' title='bbox 1251 5377 1480 5452; x_wconf 71' lang='lat' dir='ltr'><strong>Ipsaque</strong></span> <span class='ocrx_word' id='word_1_715' title='bbox 1504 5397 1586 5434; x_wconf 88' lang='lat' dir='ltr'><strong>res</strong></span> <span class='ocrx_word' id='word_1_716' title='bbox 1618 5381 1826 5451; x_wconf 76' lang='lat' dir='ltr'><strong>e/I‘ecta.</strong></span> <span class='ocrx_word' id='word_1_717' title='bbox 1855 5384 1935 5440; x_wconf 82' lang='lat' dir='ltr'><strong>Ad</strong></span> 
     </span>
    </p>
   </div>
   <div class='ocr_carea' id='block_1_99' title="bbox 349 5448 1933 5519">
    <p class='ocr_par' dir='ltr' id='par_1_99' title="bbox 349 5448 1933 5519">
     <span class='ocr_line' id='line_1_99' title="bbox 349 5448 1933 5519; baseline 0.002 -14"><span class='ocrx_word' id='word_1_718' title='bbox 349 5448 814 5519; x_wconf 72' lang='grc' dir='ltr'>Ιιιιιιεένεργείας</span> <span class='ocrx_word' id='word_1_719' title='bbox 853 5450 1228 5517; x_wconf 80' lang='lat' dir='ltr'><strong>acccptiouem</strong></span> <span class='ocrx_word' id='word_1_720' title='bbox 1273 5450 1565 5510; x_wconf 76' lang='lat' dir='ltr'><strong>Maximus.</strong></span> <span class='ocrx_word' id='word_1_721' title='bbox 1604 5448 1670 5505; x_wconf 64' lang='grc' dir='ltr'><strong>ἱιι</strong></span> <span class='ocrx_word' id='word_1_722' title='bbox 1692 5463 1727 5506; x_wconf 86' lang='grc' dir='ltr'>ι.</span> <span class='ocrx_word' id='word_1_723' title='bbox 1765 5455 1824 5515; x_wconf 85' lang='lat' dir='ltr'><strong>ll,</strong></span> <span class='ocrx_word' id='word_1_724' title='bbox 1866 5456 1933 5508; x_wconf 87' lang='lat' dir='ltr'><strong>ad</strong></span> 
     </span>
    </p>
   </div>
   <div class='ocr_carea' id='block_1_100' title="bbox 355 5505 1934 5586">
    <p class='ocr_par' dir='ltr' id='par_1_100' title="bbox 355 5505 1934 5586">
     <span class='ocr_line' id='line_1_100' title="bbox 355 5505 1934 5586; baseline 0.003 -10"><span class='ocrx_word' id='word_1_725' title='bbox 355 5505 551 5576; x_wconf 63' lang='lat' dir='ltr'><strong>Narin.</strong></span> <span class='ocrx_word' id='word_1_726' title='bbox 598 5505 820 5575; x_wconf 57' lang='lat' dir='ltr'><strong>r&#39;ei&#39;ocat</strong></span> <span class='ocrx_word' id='word_1_727' title='bbox 867 5505 1146 5574; x_wconf 72' lang='lat' dir='ltr'><strong>Anastasii</strong></span> <span class='ocrx_word' id='word_1_728' title='bbox 1196 5522 1450 5575; x_wconf 83' lang='lat' dir='ltr'><strong>Antioch.</strong></span> <span class='ocrx_word' id='word_1_729' title='bbox 1498 5505 1732 5586; x_wconf 75' lang='lat' dir='ltr'><strong>dictum,</strong></span> 
     </span>
    </p>
   </div>
   <div class='ocr_carea' id='block_1_101' title="bbox 356 5591 1928 5667">
    <p class='ocr_par' dir='ltr' id='par_1_101' title="bbox 356 5591 1928 5667">
     <span class='ocr_line' id='line_1_101' title="bbox 356 5591 1928 5667; baseline 0.003 -23"><span class='ocrx_word' id='word_1_730' title='bbox 356 5592 556 5645; x_wconf 73' lang='lat' dir='ltr'><strong>Christi</strong></span> <span class='ocrx_word' id='word_1_731' title='bbox 587 5591 867 5667; x_wconf 75' lang='grc' dir='ltr'>ἐνέργειαν</span> <span class='ocrx_word' id='word_1_732' title='bbox 903 5591 1225 5667; x_wconf 79' lang='lat' dir='ltr'><strong>statuentis,</strong></span> <span class='ocrx_word' id='word_1_733' title='bbox 1257 5593 1474 5667; x_wconf 78' lang='lat' dir='ltr'><strong>tametsi</strong></span> <span class='ocrx_word' id='word_1_734' title='bbox 1509 5595 1747 5661; x_wconf 67' lang='grc' dir='ltr'>φυσικὰς</span> <span class='ocrx_word' id='word_1_735' title='bbox 1781 5598 1928 5667; x_wconf 78' lang='grc' dir='ltr'>ἐνερ-</span> 
     </span>
    </p>
   </div>
   <div class='ocr_carea' id='block_1_102' title="bbox 356 5659 1932 5740">
    <p class='ocr_par' dir='ltr' id='par_1_102' title="bbox 356 5659 1932 5740">
     <span class='ocr_line' id='line_1_102' title="bbox 356 5659 1932 5740; baseline 0.004 -24"><span class='ocrx_word' id='word_1_736' title='bbox 356 5662 549 5730; x_wconf 77' lang='grc' dir='ltr'>γείας,</span> <span class='ocrx_word' id='word_1_737' title='bbox 593 5659 866 5716; x_wconf 81' lang='lat' dir='ltr'><strong>naturales</strong></span> <span class='ocrx_word' id='word_1_738' title='bbox 921 5661 1153 5716; x_wconf 81' lang='lat' dir='ltr'><strong>actiones</strong></span> <span class='ocrx_word' id='word_1_739' title='bbox 1214 5663 1393 5728; x_wconf 80' lang='lat' dir='ltr'><strong>plures</strong></span> <span class='ocrx_word' id='word_1_740' title='bbox 1440 5659 1649 5718; x_wconf 78' lang='lat' dir='ltr'><strong>doceret</strong></span> <span class='ocrx_word' id='word_1_741' title='bbox 1681 5709 1694 5734; x_wconf 85' lang='lat'><strong>,</strong></span> <span class='ocrx_word' id='word_1_742' title='bbox 1747 5659 1932 5740; x_wconf 78' lang='lat' dir='ltr'><strong>aitque</strong></span> 
     </span>
    </p>
   </div>
   <div class='ocr_carea' id='block_1_103' title="bbox 2035 4965 3615 5058">
    <p class='ocr_par' dir='ltr' id='par_1_103' title="bbox 2035 4965 3615 5058">
     <span class='ocr_line' id='line_1_103' title="bbox 2035 4965 3615 5058; baseline 0.006 -38"><span class='ocrx_word' id='word_1_743' title='bbox 2035 4979 2160 5054; x_wconf 66' lang='lat' dir='ltr'><strong>nunt</strong></span> <span class='ocrx_word' id='word_1_744' title='bbox 2189 4965 2509 5058; x_wconf 46' lang='lat' dir='ltr'><strong>ilidivugsram</strong></span> <span class='ocrx_word' id='word_1_745' title='bbox 2532 4968 2774 5049; x_wconf 71' lang='lat' dir='ltr'><strong>unionem</strong></span> <span class='ocrx_word' id='word_1_746' title='bbox 2803 4977 2852 5021; x_wconf 87' lang='lat' dir='ltr'><strong>et</strong></span> <span class='ocrx_word' id='word_1_747' title='bbox 2885 4969 3232 5055; x_wconf 48' lang='lat' dir='ltr'><strong>e/fectttm,.rb</strong></span> <span class='ocrx_word' id='word_1_748' title='bbox 3259 4965 3422 5042; x_wconf 77' lang='grc' dir='ltr'>ἔργον</span> <span class='ocrx_word' id='word_1_749' title='bbox 3450 4977 3615 5058; x_wconf 73' lang='grc' dir='ltr'>φημὶ,</span> 
     </span>
    </p>
   </div>
   <div class='ocr_carea' id='block_1_104' title="bbox 2037 5035 3618 5115">
    <p class='ocr_par' dir='ltr' id='par_1_104' title="bbox 2037 5035 3618 5115">
     <span class='ocr_line' id='line_1_104' title="bbox 2037 5035 3618 5115; baseline 0.004 -23"><span class='ocrx_word' id='word_1_750' title='bbox 2037 5038 2132 5092; x_wconf 76' lang='grc' dir='ltr'><strong>καὶ</strong></span> <span class='ocrx_word' id='word_1_751' title='bbox 2166 5035 2265 5106; x_wconf 76' lang='grc' dir='ltr'>τὴν</span> <span class='ocrx_word' id='word_1_752' title='bbox 2291 5035 2513 5115; x_wconf 53' lang='grc' dir='ltr'><strong>πρᾶξρ),</strong></span> <span class='ocrx_word' id='word_1_753' title='bbox 2541 5053 2693 5115; x_wconf 78' lang='lat' dir='ltr'><strong>opus,</strong></span> <span class='ocrx_word' id='word_1_754' title='bbox 2716 5035 2962 5115; x_wconf 74' lang='lat' dir='ltr'><strong>inquam,</strong></span> <span class='ocrx_word' id='word_1_755' title='bbox 2989 5051 3037 5094; x_wconf 88' lang='lat' dir='ltr'><strong>et</strong></span> <span class='ocrx_word' id='word_1_756' title='bbox 3063 5035 3348 5115; x_wconf 64' lang='lat' dir='ltr'><strong>actionem,</strong></span> <span class='ocrx_word' id='word_1_757' title='bbox 3381 5035 3486 5115; x_wconf 73' lang='lat' dir='ltr'><strong>qua</strong></span> <span class='ocrx_word' id='word_1_758' title='bbox 3510 5035 3618 5101; x_wconf 59' lang='lat' dir='ltr'><strong>illis</strong></span> 
     </span>
    </p>
   </div>
   <div class='ocr_carea' id='block_1_105' title="bbox 2036 5105 3614 5180">
    <p class='ocr_par' dir='ltr' id='par_1_105' title="bbox 2036 5105 3614 5180">
     <span class='ocr_line' id='line_1_105' title="bbox 2036 5105 3614 5180; baseline 0.004 -19"><span class='ocrx_word' id='word_1_759' title='bbox 2036 5105 2390 5180; x_wconf 62' lang='lat' dir='ltr'><strong>innotescunt.</strong></span> <span class='ocrx_word' id='word_1_760' title='bbox 2440 5105 2811 5180; x_wconf 78' lang='lat' dir='ltr'><strong>Qperationem</strong></span> <span class='ocrx_word' id='word_1_761' title='bbox 2873 5113 3065 5180; x_wconf 86' lang='lat' dir='ltr'><strong>quippe</strong></span> <span class='ocrx_word' id='word_1_762' title='bbox 3115 5113 3306 5169; x_wconf 80' lang='lat' dir='ltr'><strong>habere</strong></span> <span class='ocrx_word' id='word_1_763' title='bbox 3333 5105 3614 5168; x_wconf 49' lang='lat' dir='ltr'><strong>&#39;rationem</strong></span> 
     </span>
    </p>
   </div>
   <div class='ocr_carea' id='block_1_106' title="bbox 2037 5177 3612 5250">
    <p class='ocr_par' dir='ltr' id='par_1_106' title="bbox 2037 5177 3612 5250">
     <span class='ocr_line' id='line_1_106' title="bbox 2037 5177 3612 5250; baseline 0.004 -18"><span class='ocrx_word' id='word_1_764' title='bbox 2037 5177 2378 5240; x_wconf 78' lang='lat' dir='ltr'><strong>universalis,</strong></span> <span class='ocrx_word' id='word_1_765' title='bbox 2411 5178 2739 5250; x_wconf 13' lang='lat' dir='ltr'><strong>eﬁ&#39;ectumret</strong></span> <span class='ocrx_word' id='word_1_766' title='bbox 2773 5177 2926 5246; x_wconf 75' lang='lat' dir='ltr'><strong>opus,</strong></span> <span class='ocrx_word' id='word_1_767' title='bbox 2956 5177 3325 5250; x_wconf 77' lang='lat' dir='ltr'><strong>particularis.</strong></span> <span class='ocrx_word' id='word_1_768' title='bbox 3361 5184 3612 5240; x_wconf 79' lang='lat' dir='ltr'><strong>Particu-</strong></span> 
     </span>
    </p>
   </div>
   <div class='ocr_carea' id='block_1_107' title="bbox 2041 5249 3613 5312">
    <p class='ocr_par' dir='ltr' id='par_1_107' title="bbox 2041 5249 3613 5312">
     <span class='ocr_line' id='line_1_107' title="bbox 2041 5249 3613 5312; baseline 0.003 -8"><span class='ocrx_word' id='word_1_769' title='bbox 2041 5251 2154 5304; x_wconf 90' lang='lat' dir='ltr'><strong>lare</strong></span> <span class='ocrx_word' id='word_1_770' title='bbox 2185 5258 2382 5312; x_wconf 85' lang='lat' dir='ltr'><strong>autem,</strong></span> <span class='ocrx_word' id='word_1_771' title='bbox 2412 5249 2724 5304; x_wconf 82' lang='lat' dir='ltr'><strong>universalis</strong></span> <span class='ocrx_word' id='word_1_772' title='bbox 2758 5249 2968 5305; x_wconf 85' lang='lat' dir='ltr'><strong>nomine</strong></span> <span class='ocrx_word' id='word_1_773' title='bbox 2996 5254 3207 5307; x_wconf 87' lang='lat' dir='ltr'><strong>donari.</strong></span> <span class='ocrx_word' id='word_1_774' title='bbox 3241 5255 3346 5310; x_wconf 89' lang='lat' dir='ltr'><strong>Sed</strong></span> <span class='ocrx_word' id='word_1_775' title='bbox 3379 5258 3613 5310; x_wconf 63' lang='lat' dir='ltr'><strong>Anastao</strong></span> 
     </span>
    </p>
   </div>
   <div class='ocr_carea' id='block_1_108' title="bbox 2041 5320 3608 5396">
    <p class='ocr_par' dir='ltr' id='par_1_108' title="bbox 2041 5320 3608 5396">
     <span class='ocr_line' id='line_1_108' title="bbox 2041 5320 3608 5396; baseline 0.003 -22"><span class='ocrx_word' id='word_1_776' title='bbox 2041 5323 2182 5374; x_wconf 87' lang='lat' dir='ltr'><strong>sium</strong></span> <span class='ocrx_word' id='word_1_777' title='bbox 2225 5321 2404 5388; x_wconf 89' lang='lat' dir='ltr'><strong>ipsum</strong></span> <span class='ocrx_word' id='word_1_778' title='bbox 2433 5320 2739 5396; x_wconf 74' lang='lat' dir='ltr'><strong>audiamus</strong></span> <span class='ocrx_word' id='word_1_779' title='bbox 2763 5335 2826 5396; x_wconf 55' lang='lat' dir='ltr'><strong>es</strong></span> <span class='ocrx_word' id='word_1_780' title='bbox 2858 5320 3188 5396; x_wconf 81' lang='lat' dir='ltr'><strong>fragmento,</strong></span> <span class='ocrx_word' id='word_1_781' title='bbox 3217 5327 3364 5394; x_wconf 82' lang='lat' dir='ltr'><strong>quod</strong></span> <span class='ocrx_word' id='word_1_782' title='bbox 3395 5341 3517 5396; x_wconf 91' lang='lat' dir='ltr'><strong>cap.</strong></span> <span class='ocrx_word' id='word_1_783' title='bbox 3545 5325 3608 5379; x_wconf 80' lang='lat' dir='ltr'><strong>i5</strong></span> 
     </span>
    </p>
   </div>
   <div class='ocr_carea' id='block_1_109' title="bbox 2035 5391 3608 5466">
    <p class='ocr_par' dir='ltr' id='par_1_109' title="bbox 2035 5391 3608 5466">
     <span class='ocr_line' id='line_1_109' title="bbox 2035 5391 3608 5466; baseline 0.003 -22"><span class='ocrx_word' id='word_1_784' title='bbox 2035 5391 2265 5466; x_wconf 82' lang='lat' dir='ltr'><strong>Colle_ct.</strong></span> <span class='ocrx_word' id='word_1_785' title='bbox 2292 5391 2484 5466; x_wconf 62' lang='lat' dir='ltr'><strong>reperi</strong></span> <span class='ocrx_word' id='word_1_786' title='bbox 2509 5400 2556 5466; x_wconf 76' lang='lat' dir='ltr'><strong>et</strong></span> <span class='ocrx_word' id='word_1_787' title='bbox 2593 5391 2740 5466; x_wconf 84' lang='lat' dir='ltr'><strong>quod</strong></span> <span class='ocrx_word' id='word_1_788' title='bbox 2771 5391 2972 5466; x_wconf 70' lang='lat' dir='ltr'><strong>Noster</strong></span> <span class='ocrx_word' id='word_1_789' title='bbox 3000 5394 3100 5466; x_wconf 82' lang='lat' dir='ltr'><strong>hic</strong></span> <span class='ocrx_word' id='word_1_790' title='bbox 3123 5391 3408 5466; x_wconf 78' lang='lat' dir='ltr'><strong>exeripsit.</strong></span> <span class='ocrx_word' id='word_1_791' title='bbox 3453 5391 3608 5450; x_wconf 77' lang='grc' dir='ltr'>’Ἀνα-</span> 
     </span>
    </p>
   </div>
   <div class='ocr_carea' id='block_1_110' title="bbox 2036 5460 3604 5536">
    <p class='ocr_par' dir='ltr' id='par_1_110' title="bbox 2036 5460 3604 5536">
     <span class='ocr_line' id='line_1_110' title="bbox 2036 5460 3604 5536; baseline 0.002 -24"><span class='ocrx_word' id='word_1_792' title='bbox 2036 5461 2258 5513; x_wconf 85' lang='grc' dir='ltr'>στασίου</span> <span class='ocrx_word' id='word_1_793' title='bbox 2292 5460 2731 5536; x_wconf 38' lang='grc' dir='ltr'>Ἀντιοχεξας-ὲκ</span> <span class='ocrx_word' id='word_1_794' title='bbox 2765 5460 2866 5536; x_wconf 65' lang='grc' dir='ltr'>τοῦ</span> <span class='ocrx_word' id='word_1_795' title='bbox 2913 5463 3042 5536; x_wconf 63' lang='grc' dir='ltr'>τεερὶ</span> <span class='ocrx_word' id='word_1_796' title='bbox 3087 5460 3382 5536; x_wconf 74' lang='grc' dir='ltr'>ἐνεργειῶν</span> <span class='ocrx_word' id='word_1_797' title='bbox 3429 5466 3604 5536; x_wconf 80' lang='grc' dir='ltr'>λόγου.</span> 
     </span>
    </p>
   </div>
   <div class='ocr_carea' id='block_1_111' title="bbox 2033 5529 3604 5602">
    <p class='ocr_par' dir='ltr' id='par_1_111' title="bbox 2033 5529 3604 5602">
     <span class='ocr_line' id='line_1_111' title="bbox 2033 5529 3604 5602; baseline 0.003 -21"><span class='ocrx_word' id='word_1_798' title='bbox 2033 5531 2312 5602; x_wconf 79' lang='lat' dir='ltr'><strong>Anastasii</strong></span> <span class='ocrx_word' id='word_1_799' title='bbox 2332 5529 2666 5602; x_wconf 58' lang='lat' dir='ltr'><strong>Antiocheni,</strong></span> <span class='ocrx_word' id='word_1_800' title='bbox 2685 5547 2750 5585; x_wconf 73' lang='lat' dir='ltr'><strong>ex</strong></span> <span class='ocrx_word' id='word_1_801' title='bbox 2768 5531 2904 5587; x_wconf 84' lang='lat' dir='ltr'><strong>libro</strong></span> <span class='ocrx_word' id='word_1_802' title='bbox 2927 5529 3005 5586; x_wconf 75' lang='lat' dir='ltr'><strong>De</strong></span> <span class='ocrx_word' id='word_1_803' title='bbox 3031 5529 3442 5602; x_wconf 69' lang='lat' dir='ltr'><strong>operationibus.</strong></span> <span class='ocrx_word' id='word_1_804' title='bbox 3467 5529 3604 5588; x_wconf 60' lang='lat' dir='ltr'><strong>&#39;A‘Al’</strong></span> 
     </span>
    </p>
   </div>
   <div class='ocr_carea' id='block_1_112' title="bbox 2033 5599 3606 5678">
    <p class='ocr_par' dir='ltr' id='par_1_112' title="bbox 2033 5599 3606 5678">
     <span class='ocr_line' id='line_1_112' title="bbox 2033 5599 3606 5678; baseline 0.002 -25"><span class='ocrx_word' id='word_1_805' title='bbox 2033 5601 2230 5678; x_wconf 49' lang='grc' dir='ltr'><strong>ἐπειδὴ¹</strong></span> <span class='ocrx_word' id='word_1_806' title='bbox 2272 5599 2590 5678; x_wconf 50' lang='lat' dir='ltr'><strong>normae;</strong></span> <span class='ocrx_word' id='word_1_807' title='bbox 2630 5603 2746 5654; x_wconf 81' lang='grc' dir='ltr'>ἐστι</span> <span class='ocrx_word' id='word_1_808' title='bbox 2777 5603 2902 5678; x_wconf 32' lang='grc' dir='ltr'>τῇς-</span> <span class='ocrx_word' id='word_1_809' title='bbox 2926 5599 3209 5678; x_wconf 78' lang='grc' dir='ltr'>ἐνεργείας</span> <span class='ocrx_word' id='word_1_810' title='bbox 3244 5610 3276 5676; x_wconf 80' lang='grc' dir='ltr'>ὴ</span> <span class='ocrx_word' id='word_1_811' title='bbox 3309 5606 3474 5678; x_wconf 79' lang='grc' dir='ltr'>φωνὴ,</span> <span class='ocrx_word' id='word_1_812' title='bbox 3510 5605 3606 5678; x_wconf 80' lang='grc' dir='ltr'><strong>καὶ</strong></span> 
     </span>
    </p>
   </div>
   <div class='ocr_carea' id='block_1_113' title="bbox 2032 5669 3611 5749">
    <p class='ocr_par' dir='ltr' id='par_1_113' title="bbox 2032 5669 3611 5749">
     <span class='ocr_line' id='line_1_113' title="bbox 2032 5669 3611 5749; baseline 0.003 -26"><span class='ocrx_word' id='word_1_813' title='bbox 2032 5669 2092 5723; x_wconf 78' lang='grc' dir='ltr'>τὸ</span> <span class='ocrx_word' id='word_1_814' title='bbox 2125 5669 2418 5747; x_wconf 72' lang='grc' dir='ltr'>ὁμώνυμον</span> <span class='ocrx_word' id='word_1_815' title='bbox 2473 5669 2682 5748; x_wconf 69' lang='grc' dir='ltr'>πλάνης</span> <span class='ocrx_word' id='word_1_816' title='bbox 2739 5669 3216 5738; x_wconf 68' lang='grc' dir='ltr'>πολλάκιςαῖτιον</span> <span class='ocrx_word' id='word_1_817' title='bbox 3253 5669 3457 5749; x_wconf 76' lang='grc' dir='ltr'>γίνεταί</span> <span class='ocrx_word' id='word_1_818' title='bbox 3498 5675 3611 5738; x_wconf 77' lang='grc' dir='ltr'>τοῖς</span> 
     </span>
    </p>
   </div>
  </div>
