3996 6212
369 198 499 264 1051

1521 207 1582 266 S.
1624 207 1945 266 JOANNIS
1991 209 2414 268 DAMASCENI

3489 211 3634 279 1052

361 325 582 379 quoque
617 318 809 366 nostro
864 310 995 366 Jesu
1051 311 1295 380 Christo,
1330 314 1509 371 virtus
1545 318 1934 372 miraculorum

2052 319 2144 370 τῶν
2171 321 2348 388 ἄρτιον
2380 321 2594 382 κλάσις,
2624 322 2685 374 τὸ
2704 324 2938 378 ἀκοῦσαι
2964 324 3056 378 τὸν
3079 324 3284 396 λεπρὸν
3313 324 3396 388 τὸ,
3419 325 3590 380 Θέλω

361 402 669 456 divinitatis
698 403 870 472 ipsius
903 411 1059 457 actus
1085 413 1200 459 erat
1223 423 1238 470 ;
1265 415 1320 459 at
1379 422 1642 460 manuum
1669 423 1854 476 opera.
1887 418 1941 460 et

362 493 520 554 velle,
557 501 612 544 et
639 493 838 555 dicere,
893 492 1044 556 Volo,
1086 495 1344 549 mundare
1367 497 1434 561 ³³,
1469 497 1830 552 humanitatis
1862 498 1943 566 ip-

362 584 480 635 sius
508 592 625 634 erat
654 584 796 636 actio
839 602 851 637 :
889 599 1029 652 opus
1071 594 1273 650 autem,
1330 587 1601 655 siquidem
1643 588 1938 642 humanam

362 685 616 730 naturam
655 685 892 744 spectes,
931 692 1129 745 panum
1157 678 1352 732 tractio
1377 680 1449 744 ³⁸,
1475 681 1733 750 quodque
1767 682 1943 749 lepro—

363 782 457 820 Sus
488 768 740 829 audierit,
768 766 919 831 Volo;
944 769 988 822 si
1025 778 1206 822 autem
1237 769 1504 837 divinam,
1526 786 1726 840 panum
1757 773 1944 825 multi-

364 855 604 922 plieatio,
624 855 823 923 leprosi
851 856 1148 910 inundatio.
1170 856 1410 928 Utraque
1423 860 1565 914 enim
1580 861 1816 925 actione,
1836 862 1941 916 hoc

361 953 446 1000 cst
474 947 667 1001 animae
683 955 735 1001 et
753 949 1019 1015 corporis,
1052 964 1212 1001 uuam
1248 960 1302 1004 et
1333 951 1601 1014 eamdem,
1633 959 1938 1022 cognatam,

359 1045 414 1090 et
447 1037 731 1106 aequalem,
755 1038 992 1090 divinam
1028 1040 1395 1106 operationem
1412 1042 1754 1096 ostendebat.
1789 1040 1941 1096 Sicut

358 1128 504 1180 enim
523 1129 695 1196 ipsius
714 1137 940 1183 naturas
959 1131 1102 1183 inter
1119 1146 1176 1184 se
1191 1133 1369 1185 unitas
1386 1148 1550 1201 seque
1566 1135 1796 1188 invicem
1819 1149 1942 1200 per-

360 1216 620 1271 vadentes
639 1217 1008 1286 agnoscimus,
1037 1235 1134 1274 nec
1161 1228 1338 1275 tamen
1380 1232 1662 1291 propterea
1710 1223 1941 1276 distinc-

359 1307 562 1361 tionem
581 1321 766 1360 earum
794 1307 1119 1373 inticiamur,
1146 1309 1276 1378 quin
1307 1326 1400 1365 eas
1417 1327 1788 1375 numeramus,
1817 1313 1941 1366 licet

363 1397 659 1451 divnsionis
696 1407 953 1467 expertes
1012 1415 1351 1468 noscamus;
1385 1403 1465 1455 sic
1509 1411 1563 1456 et
1597 1403 1938 1455 voluntatum

363 1496 416 1541 et
453 1488 762 1553 actionum;
793 1489 953 1558 232
979 1498 1092 1542 tum
1130 1492 1602 1560 conjunctionem,
1628 1503 1740 1546 tum
1774 1496 1938 1548 etiam

367 1581 776 1636 distinctionem
809 1585 1184 1652 agnoscimus,
1213 1587 1402 1655 sicque
1433 1603 1528 1640 eas
1559 1601 1936 1648 numeramus,

2040 409 2136 476 τῆς
2167 408 2223 460 δὲ
2255 409 2477 472 θείας,ὁ
2522 412 2632 463 τῶν
2680 413 2864 481 ἄρτων
2909 413 3254 484 πληθυσμδς,
3288 414 3387 466 xui
3437 417 3471 484 ἡ
3524 415 3627 468 τοῦ

2039 497 2240 566 λεπροῦ
2284 499 2576 568 κάθαρσις.
2627 504 2705 553 Δι’
2743 504 3078 574 ἀμφοτέρων
3109 505 3240 573 γὰρ,
3285 504 3376 558 διά
3424 522 3487 558 τε
3519 507 3628 574 τῆς

2039 589 2274 660 ψυχικῆς
2317 593 2602 660 ἐνεργείας
2632 596 2729 648 xui
2776 595 2872 648 τοῦ
2902 595 3177 666 σώματος,
3213 597 3344 665 μίαν
3375 597 3474 648 xui
3520 596 3628 666 τὴν

2039 681 2206 750 αὐτὴν
2267 685 2508 754 συγγενῆ
2574 687 2670 738 xui
2719 686 2841 757 ίσην
2888 688 3226 741 ἐνεδείκνυτο
3285 687 3455 742 αὑτοῦ
3521 687 3630 756 τὴν

2041 769 2190 823 Θείαν
2242 773 2550 841 ἐνέργειαν.
2589 775 2802 844 Ὠσπερ
2859 776 2969 847 γὰρ
3013 777 3115 839 τὰς
3171 775 3364 844 φύσεις
3403 775 3629 844 ἡνωμέ-

2039 878 2134 922 νας
2198 862 2579 932 γινώσκομεν,
2649 867 2748 918 xui
2788 867 2886 937 τὴν
2948 869 3006 919 ἐν
3058 867 3321 932 ἀλλήλαις
3386 867 3628 934 ἐχούσας

2040 950 2436 1022 περιχὼρησιν,
2463 955 2557 1007 xui.
2589 955 2686 1027 τὴν
2720 957 2928 1009 τούτων
2968 957 3233 1028 διαφορὰν
3271 957 3373 1008 οὐκ
3419 953 3628 1025 ἀρνού-

2043 1040 2200 1110 μεθα,
2231 1043 2366 1096 ἀλλὰ
2398 1045 2494 1097 xui
2530 1046 2901 1118 ἀριθμοῦμεν,
2939 1049 3034 1100 xui
3083 1047 3432 1116 ἀδιαιρέτους
3490 1043 3630 1096 ταῦ-

2038 1149 2136 1194 τας
2174 1135 2555 1205 γινώσκομεν,
2596 1137 2739 1192 οῦτω
2800 1140 2894 1192 xui
2950 1139 3060 1192 τῶν
3104 1139 3431 1207 θελημάτων
3456 1175 3473 1197 ο
3529 1136 3628 1187 καὶ

2038 1225 2147 1277 τῶν
2182 1228 2494 1298 ἐνεργειῶν,
2523 1232 2618 1282 καὶ
2654 1231 2714 1284 τὸ
2750 1233 2988 1300 συναφὲς
3031 1229 3402 1300 γινώσκομεν,
3439 1228 3535 1280 καὶ
3565 1228 3629 1278 τὸ

2037 1314 2295 1386 διάφορον
2326 1318 2787 1390 ἐπιγινώσκομεν,
2818 1323 2912 1374 καὶ
2953 1319 3318 1391 ἀριθμοῦμεν,
3351 1318 3452 1370 καὶ
3480 1317 3624 1368 διαί-

2042 1422 2192 1477 ρεσιν
2219 1407 2318 1459 οὐκ
2367 1409 2682 1479 εἰσάγομεν.
2735 1413 2833 1465 Ὃν
2877 1414 3081 1481 τρόπον
3116 1411 3290 1479 γὰρὴ
3337 1406 3482 1476 σὰρξ
3529 1406 3626 1459 καὶ

2039 1498 2319 1564 τεθέωται,
2371 1501 2467 1554 xui
2510 1503 2815 1573 μεταϐολὴν
2845 1504 2948 1574 τῆς
3001 1504 3208 1564 οἰκείας
3257 1503 3320 1553 οὐ
3382 1498 3626 1552 πέπονθε

2042 1587 2279 1656 φύσεως,
2329 1592 2418 1644 τὸν
2470 1593 2634 1647 αὑτὸν
2664 1595 2870 1665 τρόπον
2917 1596 3013 1648 xui
3066 1594 3129 1646 τὸ
3174 1593 3390 1662 θέλημα
3446 1590 3545 1643 xui
3592 1590 3628 1656 ἡ

367 1682 426 1726 ut
453 1683 633 1725 tamen
654 1673 980 1727 divisionem
1006 1690 1112 1727 non
1148 1674 1495 1729 inducamus.
1518 1675 1588 1729 Ut
1616 1677 1760 1730 enim
1787 1690 1938 1740 caro,

2052 1678 2293 1749 ἐνέργεια
2339 1683 2436 1736 xui
2483 1683 2781 1738 τεθέωνται
2837 1686 2931 1738 xui
2969 1685 3078 1738 τῶν
3128 1685 3346 1737 οἰκείων
3381 1682 3486 1734 οὐκ
3536 1679 3626 1743 ἐξα

365 1763 616 1832 quamvis
670 1763 872 1816 deitate
928 1763 1152 1822 donata.
1219 1782 1326 1818 non
1361 1773 1542 1820 tamen
1580 1773 1787 1818 natura:
1824 1780 1938 1818 suze

366 1853 599 1924 proinde
661 1855 1018 1908 mutationem
1085 1856 1514 1922 subiit;eodem
1567 1855 1751 1920 modo,
1817 1855 1940 1909 licet

365 1945 620 1998 voluntas
649 1952 702 1997 et
740 1945 886 1997 actio
908 1944 1193 1997 divinitate
1217 1945 1428 1998 affecta:
1453 1946 1587 2008 sint,
1622 1960 1729 1998 nou
1752 1952 1936 1998 tamen

2048 1767 2292 1823 ίστανται
2325 1772 2496 1842 ὅρων·
2526 1769 2606 1837 εἷς
2637 1777 2746 1845 γάρ
2780 1778 2948 1840 ἐστιν,
2985 1776 3014 1826 ὁ
3070 1774 3230 1828 τοῦτο
3265 1776 3494 1827 κάκεῖνο
3523 1772 3622 1836 ὣν,

2046 1858 2140 1909 xui
2169 1859 2339 1925 οὕτως
2386 1865 2674 1927 κάκείνως,
2718 1867 2840 1935 ἦτοι
2887 1865 3085 1928 θεῖκῶς
3120 1881 3182 1916 τε
3213 1863 3308 1917 xui
3337 1863 3632 1935 ἀνθρωπί-

2047 1967 2178 2012 νως,
2206 1951 2374 2006 θέλων
2403 1957 2497 2007 xui
2519 1956 2778 2027 ἐνεργῶν.

367 2050 399 2088 a
458 2036 662 2090 tinihus
695 2036 812 2090 suis
867 2046 1240 2090 excesserunt.
1272 2037 1420 2091 Unus
1451 2038 1622 2101 enim,
1680 2039 1933 2107 idemque
1971 2049 2076 2106 est,
2108 2044 2201 2112 qui
2249 2053 2305 2098 et
2353 2045 2481 2111 hoc,
2512 2057 2566 2102 et
2613 2048 2747 2102 illud
2777 2057 2903 2115 est;
2938 2047 3128 2102 ethoc
3184 2054 3237 2102 et
3295 2045 3385 2100 illo
3417 2041 3614 2104 modo.

367 2125 475 2180 hoc
505 2134 610 2186 est,
643 2124 828 2179 divino
863 2137 916 2180 et
959 2125 1224 2190 humano,
1269 2128 1382 2180 vult
1404 2136 1457 2180 et
1487 2129 1619 2197 agit.

437 2219 573 2274 Cum
627 2222 809 2290 itaque
849 2220 970 2275 dua:
1027 2222 1080 2274 in
1135 2222 1358 2275 Christo
1398 2234 1604 2276 natura:
1647 2223 1775 2287 sint,
1809 2221 1946 2274 duas

369 2326 588 2381 quoque
617 2312 670 2364 in
708 2327 773 2364 eo
813 2313 1056 2366 actiones
1080 2312 1262 2365 dicere
1302 2329 1527 2367 necesse
1561 2321 1666 2368 est.
1699 2314 1945 2378 Quorum

369 2404 514 2458 enim
539 2404 751 2457 diversa
780 2414 970 2457 natura
1001 2413 1106 2466 est,
1148 2405 1340 2457 horum
1382 2421 1598 2474 quoque
1657 2404 1948 2472 disparest

371 2494 548 2558 actio;
572 2503 625 2549 et
651 2506 860 2555 contra,
893 2510 1127 2564 quorum
1166 2505 1356 2551 natura
1409 2496 1595 2549 eadem
1617 2504 1720 2556 est,
1755 2497 1945 2546 horum

371 2593 428 2643 et
471 2587 616 2640 actio
654 2587 841 2640 eadem
877 2603 888 2638 :
919 2601 1153 2655 quorum
1187 2597 1368 2639 autem
1409 2602 1514 2639 uua
1543 2596 1625 2640 cst
1652 2587 1817 2648 actio,
1847 2585 1946 2638 lio-

371 2694 495 2734 rum
524 2679 706 2740 etiam,
744 2677 1042 2731 secundum
1075 2677 1261 2732 Patres
1285 2677 1600 2730 divinorum
1633 2692 1945 2730 sermonum

371 2767 726 2837 interpretes,
777 2782 882 2820 una
945 2775 1031 2821 est
1063 2768 1306 2821 essentia
1361 2767 1425 2820 ".
1482 2766 1666 2835 Itaque
1715 2767 1945 2818 tittm‘llnt

371 2859 606 2914 alterum
663 2861 738 2914 sit
770 2866 1008 2929 oportet,
1040 2867 1133 2912 aut
1160 2875 1324 2912 uuam
1350 2859 1618 2912 actionem
1654 2860 1704 2911 in
1728 2858 1949 2912 Christo
1979 2881 1982 2884 ’

371 2951 641 3015 dicentes,
691 2965 854 3004 uuam
890 2965 1110 3020 quoque
1161 2950 1462 3004 essentiam
1494 2950 1787 3014 dicamus;
1831 2955 1946 3010 aut,

2123 2227 2226 2279 Δύο
2260 2228 2439 2281 τοίνυν
2459 2228 2557 2291 τὰς
2583 2228 2861 2299 ἐνεργείας
2891 2228 2984 2280 ἐπὶ
3010 2226 3250 2298 Χριστοῦ
3282 2227 3464 2294 λέγειν
3497 2229 3627 2281 ἀνα-

2045 2321 2240 2386 γκαῖον
2266 2319 2355 2371 διὰ
2389 2319 2448 2372 τὸ
2492 2319 2670 2372 διττὸν
2706 2321 2806 2388 τῆς
2842 2317 3078 2387 φύσεως.
3101 2311 3203 2368 Ὧν
3245 2318 3351 2387 γὰρ
3389 2319 3422 2385 ἡ
3458 2316 3626 2384 φύσις

2048 2409 2498 2478 παρηλλαγμένη,
2531 2407 2738 2460 τούτων
2777 2407 3036 2476 διάφορος
3058 2405 3082 2444 ἀ
3132 2408 3164 2476 ἡ
3216 2407 3499 2475 ἐνέργεια,
3530 2409 3628 2459 καί

2045 2489 2120 2548 ὧν
2153 2497 2186 2564 ὴ
2220 2496 2471 2566 ἐνέργεια
2509 2495 2964 2565 παρηλλαγμένη,
3010 2493 3214 2546 τούτων
3243 2494 3276 2562 ἡ
3310 2493 3477 2560 φύσις
3504 2493 3626 2546 eis-

2049 2603 2234 2656 φορος,
2259 2587 2370 2638 Kui
2400 2585 2462 2638 τὸ
2487 2585 2775 2652 ἀνάπαλιν,
2806 2579 2880 2638 ὧν
2907 2586 2940 2655 ἡ
2963 2584 3125 2653 φύσις
3157 2585 3191 2654 ἡ
3226 2583 3390 2653 αὑτὴ,
3417 2583 3630 2636 τούτων

2047 2679 2142 2730 xui
2175 2678 2206 2746 ἡ
2245 2679 2496 2747 ἐνέργεια
2529 2679 2562 2747 ὴ
2585 2677 2743 2747 αὐτὴ,
2771 2677 2865 2730 xui
2893 2670 2966 2729 ὧν
2999 2679 3032 2746 ἡ
3062 2677 3315 2746 ἐνέργεια
3345 2676 3469 2744 μία,
3504 2675 3634 2727 τοῦ·

2045 2785 2154 2819 των
2188 2767 2338 2837 καὶή
2370 2768 2525 2820 οὐσία
2561 2768 2682 2837 μία,
2715 2767 2856 2820 κατὰ
2883 2768 3011 2830 τοὺς
3055 2766 3357 2836 θεηγόρους
3389 2777 3413 2804 ο
3454 2766 3634 2819 Πατέ-

2051 2871 2169 2925 ρας.
2203 2856 2445 2924 ’Λνάγκη
2472 2857 2654 2909 τοίνυν
2675 2857 2821 2910 δυοῖν
2844 2855 3092 2927 θάτερον,
3121 2855 3154 2926 ἢ
3181 2857 3311 2926 μίαν
3343 2856 3636 2928 ἐνέργειαν

2049 2947 2145 2999 ἐπὶ
2172 2946 2412 3016 Χριστοῦ
2439 2947 2719 3015 λέγοντας,
2763 2949 2891 3018 μίαν
2927 2948 3110 3016 λέγειν
3147 2948 3242 3001 xui
3270 2949 3371 3018 τὴν
3413 2949 3634 3012 οὐσίαν,

370 3043 419 3100 si
462 3043 708 3097 veritatis
755 3043 986 3096 studiosi
1037 3057 1250 3105 sumus,
1297 3042 1543 3109 duasque
1585 3041 1852 3094 csseutias
1882 3053 1947 3092 ex

2052 3036 2106 3106 ἥ,
2133 3039 2292 3108 εἴπερ
2330 3037 2432 3106 τῆς
2463 3039 2722 3108 ἀληθείας
2759 3039 3017 3110 ἐχόμεθα,
3055 3041 3150 3092 xui
3177 3039 3270 3092 δύο
3303 3040 3405 3102 τὰς
3440 3040 3638 3103 οὐσίας

371 3132 654 3202 Evangelii
683 3139 737 3186 et
769 3133 991 3185 Patrum
1023 3130 1272 3184 doctrina
1324 3131 1668 3192 confitemur,
1699 3129 1837 3182 duas
1864 3129 1952 3182 iti-

372 3225 496 3280 dem
525 3224 775 3277 actiones
801 3233 1170 3276 cunseutance
1198 3236 1293 3275 cas
1316 3221 1642 3273 comitantes
1667 3219 1948 3272 fateamur.

361 3312 508 3368 'Nam
535 3327 662 3366 cum
693 3312 996 3365 divinitatis
1034 3311 1246 3363 ratione
1273 3309 1426 3362 Patri
1458 3309 1951 3363 consubstantialis

375 3406 472 3468 sit,
505 3403 735 3472 mqualis
767 3416 988 3470 quoque
1016 3408 1280 3470 quantum
1312 3400 1379 3452 ad
1404 3402 1678 3454 actionem
1719 3401 1845 3453 erit.
1874 3403 1952 3454 Ac

375 3509 593 3557 rursus,
621 3506 743 3545 cum
770 3491 908 3544 idem
942 3491 1148 3542 ratione
1168 3489 1516 3542 humanitatis
1536 3490 1692 3542 nobis
1725 3491 1790 3541 sit
1824 3504 1956 3542 con-

374 3586 774 3649 substantialis,
831 3601 928 3656 par
978 3587 1140 3640 etiam
1185 3594 1450 3653 quantum
1482 3585 1547 3637 ad
1579 3585 1951 3653 operationem

373 3681 500 3737 erit.
537 3680 628 3734 Ait
677 3680 876 3749 quippe
900 3679 1089 3732 beatus
1108 3675 1404 3746 Gregorius
1438 3676 1732 3746 episcopus
1757 3675 1954 3747 Nysse-

376 3788 482 3828 nus
497 3772 539 3804 ³⁸
559 3787 605 3824 ει
636 3771 877 3838 Quorum
909 3771 1050 3824 actio
1072 3784 1178 3823 una
1200 3777 1302 3832 est,
1323 3768 1517 3822 horum
1545 3784 1771 3838 prorsus
1790 3778 1843 3823 et
1874 3768 1955 3823 vis

373 3867 588 3924 eadem.
620 3884 639 3916 ι
658 3863 848 3919 Omnis
874 3864 1018 3919 enim
1048 3871 1207 3916 actus
1235 3869 1290 3917 et
1327 3863 1572 3931 operatio
1591 3871 1674 3916 est
1700 3863 1956 3931 potentia:

373 3957 657 4029 perfectio.
699 3955 839 4011 Fieri
883 3970 1045 4025 porro
1084 3955 1288 4024 nequit,
1324 3962 1383 4009 ut
1415 3955 1670 4008 increata:
1687 3963 1954 4009 etcreatze

376 4059 585 4103 natura;
608 4061 711 4101 una
739 4047 808 4101 sit
841 4053 1056 4110 natura,
1079 4045 1160 4099 vis
1190 4056 1241 4099 et
1259 4044 1522 4114 operatio.
1553 4042 1706 4109 Quod
1725 4045 1770 4099 si
1791 4059 1953 4098 unam

377 4145 434 4202 in
461 4143 680 4197 Christo
701 4141 970 4196 actionem
993 4138 1312 4200 dixerimus,
1341 4136 1473 4190 nihil
1504 4135 1684 4189 all‘erri
1723 4135 1944 4205 poterit,

377 4233 512 4303 quin
552 4231 713 4287 Verbi
745 4231 1017 4287 divinitati
1067 4230 1263 4284 anima:
1297 4229 1652 4298 intelligentia
1701 4227 1949 4283 affectio-

2053 3129 2425 3195 εὐαγγελικῶς
2464 3147 2522 3181 τε
2553 3131 2648 3182 xui
2682 3131 2960 3200 πατρικῶς
2988 3130 3381 3200 ὁμολογοῦμεν,
3408 3131 3502 3184 δῦο
3537 3133 3636 3185 xui

2051 3220 2150 3282 τὰς
2199 3219 2480 3288 ἐνεργείας
2526 3220 2878 3291 καταλλήλως
2925 3222 3110 3283 αὐτοῖς
3149 3221 3452 3290 ἑπομένους
3507 3237 3634 3273 συν-

2052 3312 2354 3383 ομολογεῖν.
2374 3312 2686 3384 Ὀμοούσιος
2708 3313 2816 3385 γὰρ
2838 3311 2912 3366 ὢν
2933 3313 3010 3383 τῷ
3031 3313 3148 3383 Θεῷ
3175 3315 3268 3366 xui
3290 3313 3467 3384 Πατρὶ
3487 3312 3636 3365 κατὰ
3684 3313 3688 3316 ’

2051 3403 2148 3474 τὴν
2182 3405 2429 3474 θεότητα,
2461 3404 2576 3467 ἴσος
2609 3404 2763 3458 ἐσται
2814 3405 2909 3458 xui
2941 3406 3082 3458 κατὰ
3129 3404 3226 3475 τὴν
3271 3405 3559 3474 ἐνέργειαν
3582 3403 3632 3458 ί.

2063 3495 2383 3567 Ὀμοούσιος
2409 3496 2465 3550 δὲ
2503 3495 2579 3549 ὢν
2613 3497 2745 3567 ἡμῖν
2777 3497 2804 3548 ὁ
2828 3496 2990 3560 αὐτὸς
3030 3495 3174 3550 κατὰ
3207 3496 3306 3566 τὴν
3338 3496 3632 3566 ἀνθρωπόο

2053 3603 2213 3656 τητα,
2244 3586 2356 3654 ἴσος
2391 3586 2543 3638 ἔσται
2579 3587 2673 3638 καὶ
2702 3585 2844 3638 κατά
2875 3585 2973 3656 τὴν
3009 3587 3315 3654 ἐνέργειαν.
3345 3587 3488 3654 Φησὶ
3521 3586 3640 3655 γὰρ

2055 3681 2083 3732 ὁ
2109 3679 2380 3749 μακάριος
2399 3677 2722 3749 Γρηγόριος,
2743 3679 2768 3730 ὁ
2798 3677 3099 3730 Νυσσαέων
3124 3678 3425 3740 ἐπίσκοπος
3447 3691 3462 3705 ⁸
3497 3670 3632 3730 (Ὧν

2055 3772 2088 3841 ἡ
2127 3770 2379 3840 ἐνέργεια
2426 3769 2542 3839 μία,
2576 3768 2782 3821 τούτων
2830 3769 3047 3831 πάντως
3099 3769 3196 3822 xui
3242 3769 3275 3839 ὴ
3327 3768 3561 3836 δύναμις
3597 3768 3640 3839 ἠ

2057 3865 2216 3934 αὐτή.
2245 3883 2262 3914 ι
2297 3863 2454 3914 Πᾶσα
2490 3861 2600 3931 γὰρ
2633 3859 2886 3930 ἐνέργεια
2923 3858 3209 3935 δυνάμεώς
3252 3861 3401 3912 ἐστιν
3432 3861 3636 3913 ἀποτέ-

2056 3958 2253 4027 λεσμα.
2291 3955 2578 4008 Ἀδύνατον
2610 3953 2667 4006 δὲ
2696 3952 2956 4007 ἁκτίστου
3010 3952 3107 4004 xui
3143 3951 3371 4020 κτιστῆς
3414 3950 3635 4020 φύσεως

2060 4046 2186 4118 μίαν
2217 4045 2399 4116 φύσιν,
2424 4043 2458 4114 ἢ
2480 4043 2732 4112 δύναμιν,
2761 4042 2792 4112 ῆ
2829 4043 3112 4113 ἐνέργειαν
3135 4035 3295 4095 εἶναι.
3327 4041 3388 4093 Εί
3415 4041 3474 4094 δέ
3503 4041 3635 4111 μίαν

2059 4137 2298 4208 Χριστοῦ
2331 4136 2430 4206 τὴν
2457 4135 2744 4206 ἐνέργειαν
2778 4133 3050 4203 εἴποιμεν,
3079 4135 3145 4204 τῇ
3181 4129 3276 4184 τοῦ
3309 4131 3487 4198 Λόγου
3518 4131 3638 4183 θεό-

2058 4247 2180 4303 τητι
2209 4227 2564 4300 προσάψομεν
2589 4225 2689 4294 τῆς
2720 4225 2913 4293 νοερᾶς
2946 4221 3128 4292 ψυχῆς
3158 4221 3228 4274 τὰ
3261 4217 3432 4288 πάθη,
3469 4217 3639 4286 φόϐον

381 4340 500 4390 nes,
565 4332 692 4398 puta
750 4331 976 4389 metum,
1035 4335 1346 4387 maerorem,
1377 4327 1433 4376 et
1471 4321 1664 4375 mortis
1724 4334 1947 4392 angores

2062 4323 2228 4396 φημὶ,
2267 4320 2361 4374 xui
2397 4317 2601 4388 λύπην,
2631 4315 2727 4370 xui
2750 4313 3014 4384 ἀγωνίαν.

381 4419 774 4474 attriliuamus.

452 4498 893 4560 Adversariorum
949 4503 1145 4556 evasio.
1183 4502 1426 4555 Auctoris
1481 4503 1760 4556 instantia.
1798 4531 1870 4545 -
1897 4501 1958 4558 Si

381 4595 620 4651 dixerint
644 4596 712 4661 “,
738 4595 993 4666 equidem
1025 4602 1247 4648 sanctos
1276 4593 1486 4658 Patres,
1519 4609 1643 4648 cum
1674 4595 1742 4648 de
1775 4591 1962 4648 Trini-

2125 4502 2188 4555 Εί
2209 4499 2266 4552 δέ
2295 4498 2528 4566 λέγοιεν,
2557 4495 2634 4557 ὼς
2663 4491 2790 4563 περὶ
2820 4489 2920 4560 τῆς
2941 4487 3102 4556 ἁγίας
3135 4484 3363 4556 Τριάδος
3383 4483 3639 4551 διαλεγό-

2062 4611 2212 4666 μενοι
2239 4593 2289 4644 οἱ
2308 4591 2550 4658 Πατέρες
2566 4587 2613 4638 οἱ
2641 4584 2788 4652 ἅγιοι
2810 4581 3063 4666 ἔφασανε
3084 4596 3098 4610 ο
3126 4572 3306 4647 «Ὦνή
3327 4577 3489 4629 οὐσία
3514 4576 3638 4644 μία,

380 4694 492 4743 tate
521 4687 887 4759 diSputareut,
911 4686 1012 4741 hoc
1046 4685 1411 4748 adstruxisse,
1455 4703 1473 4736 ι
1493 4699 1726 4755 quorum
1761 4700 1868 4739 una
1895 4687 1947 4741 Si}

2057 4685 2262 4739 τούτων
2286 4682 2381 4735 xui
2402 4682 2435 4750 ἡ
2461 4678 2711 4748 ἐνέργεια
2743 4674 2860 4745 μία,
2886 4673 2981 4726 xui
3002 4665 3074 4724 ὧν
3096 4669 3352 4759 διάφορος
3386 4669 3418 4738 ἠ
3451 4667 3639 4759 οὐσία,

381 4780 645 4842 essentia,
677 4793 868 4833 eorum
889 4784 944 4832 et
971 4792 1134 4831 uuam
1165 4776 1432 4831 actionem
1457 4791 1579 4832 esse
1607 4791 1620 4827 :
1645 4784 1700 4830 et
1728 4791 1944 4846 quorun

2059 4773 2264 4826 τούτων
2294 4769 2549 4838 διάφορος
2595 4765 2689 4818 xui
2737 4765 2768 4832 ἡ
2809 4761 3077 4832 ἐνέργεια,
3113 4777 3132 4810 ι
3178 4757 3270 4811 xui
3311 4755 3386 4820 ὡς
3437 4756 3499 4808 οὐ
3530 4757 3642 4827 χρὴ

383 4868 577 4938 dispar
609 4871 681 4923 sit
727 4869 992 4934 essentia,
1030 4869 1226 4922 horum
1282 4883 1503 4938 quoque
1531 4868 1805 4938 disparem
1833 4886 1959 4926 esse

382 4961 694 5029 actionem;
721 4982 737 5013 ›
766 4962 859 5017 sed
899 4977 1008 5016 non
1039 4976 1256 5030 aequum
1291 4976 1432 5022 esse,
1463 4969 1521 5014 ut
1547 4976 1609 5015 ea
1633 4976 1754 5030 qua:
1782 4961 1848 5018 de
1879 4963 1960 5017 di-

381 5053 611 5108 vinitate
635 5053 916 5116 dicuntur,
935 5053 999 5107 ad
1024 5050 1462 5108 incarnationem
1485 5051 1949 5122 detorqueamus;

453 5205 498 5240 ³²
527 5205 720 5262 Matth.
747 5223 865 5270 vm,
923 5205 975 5260 5.

382 5275 515 5348 ltyp.
559 5279 656 5332 Est
682 5278 846 5332 etiam
883 5277 1024 5330 inter
1077 5275 1244 5332 Basil.
1277 5276 1368 5330 45.

2060 4865 2130 4918 τὰ
2179 4863 2280 4932 τῆς
2335 4860 2615 4927 θεολογίας
2667 4856 2759 4908 ἐπὶ
2809 4855 2908 4924 τὴν
2963 4849 3279 4920 οἰκονομίαν
3334 4847 3640 4918 μετάγειν,

2067 4955 2322 5027 ἐροῦμεν,
2365 4953 2414 5005 εἰ
2466 4950 2558 5002 ἐπὶ
2591 4949 2690 5017 τῆς
2724 4944 3002 5013 θεολογίας
3053 4941 3214 5012 μόνον
3263 4939 3484 5010 εἴρηται
3525 4941 3640 5002 τοῖς

2067 5049 2335 5119 Πατράσι,
2369 5043 2466 5098 xui
2493 5043 2596 5096 οὐκ
2629 5040 2744 5093 ἐστι
2779 5040 2874 5092 xui
2906 5035 3044 5108 μετὰ
3071 5036 3172 5105 τὴν
3227 5033 3506 5104 σάρκωσιν
3538 5032 3640 5099 τῆς

1071 5204 1292 5258 "Joan.
1323 5221 1398 5271 vt,
1433 5203 1521 5256 lt.
1599 5204 1643 5235 "‘
1669 5203 1886 5259 Videsis
1936 5203 2037 5258 PP.
2079 5204 2200 5256 loca
2233 5210 2340 5256 aet.
2371 5197 2438 5254 40
2489 5205 2673 5257 sextae,
2710 5193 2905 5267 synodi
3000 5193 3044 5224 ³³
3088 5190 3241 5245 Orat.
3272 5188 3340 5242 de
3358 5198 3555 5241 natura
3586 5193 3645 5240 et

1449 5274 1494 5305 “
1526 5273 1668 5328 Max.
1703 5274 1847 5327 Dial.
1879 5291 1996 5328 cum
2027 5273 2256 5343 Pyrrho.

1677 5411 1912 5468 VAlllAz‘.
1954 5411 2361 5468 LECTIONES.

456 5527 486 5568 «ι
511 5528 642 5584 Cod.
679 5529 736 5582 S.
761 5528 869 5582 Hil.
896 5543 960 5581 ex
977 5526 1329 5598 emend._xui
1345 5524 1619 5598 διάφορος.
1704 5527 1866 5598 elieg.
1898 5526 1952 5592 ‘2,
1990 5524 2198 5581 Colb.l
2244 5522 2553 5594 θεοφόρους.
2613 5517 2679 5574 Ν.
2710 5515 2892 5588 ἁγίας.
2971 5510 2992 5552 ί
3027 5508 3169 5566 Edit.
3198 5505 3286 5561 hic
3337 5510 3391 5558 ει
3446 5500 3640 5557 illi“;

390 5599 508 5652 κατ’
536 5599 835 5670 ἐνέργειαν.
913 5608 937 5645 8
962 5597 1182 5668 ἐρησαν.
1218 5594 1283 5649 Β.
1318 5597 1338 5649 ι
1367 5595 1632 5664 ἔφθασαν.
