3858 6196
207 245 349 315 1Ο53

1238 256 1335 316 DE
1375 257 1550 317 FIDE
1594 260 2057 321 ORTIIODOXA
2097 264 2242 323 LIB.
2296 266 2410 324 III.

3310 265 3452 334 1054

201 362 489 432 ἐνεργείας
540 363 570 417 ὁ
600 363 728 428 Υίδς
759 364 839 436 τῷ
891 366 1066 437 Πατρὶ
1115 370 1214 438 τῆς
1249 370 1463 438 αὐτῆς,
1514 370 1638 424 οὐδὲ
1687 373 1788 442 τῆς

1899 376 1974 429 liis
2002 375 2075 429 ita
2105 378 2586 446 respondebimus:
2619 377 2675 431 Si
2709 377 2774 431 de
2817 378 3102 433 divinitate
3130 380 3307 435 solum
3343 382 3448 436 hoc

199 455 368 522 αὐτῆς
411 453 566 508 ἔσται
617 456 827 519 οὐσίας.
883 458 1003 510 Τίνι
1055 458 1112 511 δὲ
1149 460 1533 530 ἁπονεμοῦμεν
1567 463 1658 513 τό·
1711 464 1775 515 '0

201 545 404 612 Πατήρ
431 563 550 614 μου
591 546 703 613 ἕως
733 548 862 616 ἄρτι
906 547 1226 617 ἐργάζεται,
1253 551 1415 619 κάγὼ
1447 552 1775 621 ἐργάζομαι,

200 636 327 688 καί’
363 639 432 690 Ἀ
477 638 554 690 ἂν
577 639 798 702 ,βλέπει
835 639 941 692 τὸν
974 641 1204 708 Πατέρα
1244 643 1564 706 ποιοῦντα,
1592 644 1777 698 ταῦτα

199 727 299 780 καὶ
350 731 384 781 ό
442 728 570 795 Υἱὸς
624 732 838 798 ὁμοίως
883 734 1059 796 ποιεῖ,
1100 733 1226 786 καί’
1281 737 1349 787 El
1402 735 1530 803 ἐμοὶ
1572 738 1642 789 οὐ
1680 752 1778 788 πι-

200 821 450 872 στεύετε
475 861 490 882 ,
535 821 654 886 τοῖς
694 823 891 891 ἔργοις
934 841 1053 892 μου
1089 825 1489 886 πιστεύσατε.
1535 825 1666 878 καί·
1703 827 1780 880 Τὰ

198 911 378 975 ἔργα,
423 911 464 963 d
515 912 633 979 ἐγω
681 913 849 979 ποιῶ,
900 915 1199 984 μαρτυρεῖ
1252 916 1385 983 περὶ
1431 917 1599 984 ἐμοῦ,
1641 918 1776 970 καίο

203 1002 436 1069 Ὠσπερ
465 1005 497 1056 ὁ
548 1003 748 1070 Πατὴρ
783 1005 993 1072 ἐγείρει
1022 1007 1164 1072 τοὺς
1216 1007 1466 1075 νεκροὺς
1506 1010 1608 1060 καὶ
1644 1009 1781 1068 ζωο-

201 1094 378 1156 ποιεῖ,
404 1095 559 1148 οὕτω
585 1097 681 1147 καὶ
713 1099 745 1149 ό
779 1096 934 1163 Υἱὸς,
953 1098 1057 1163 οὓς
1085 1098 1245 1152 θέλει
1274 1097 1564 1162 (mortali-2i;
1595 1099 1780 1153 Ταῦτα

201 1184 310 1250 γὰρ
343 1184 523 1237 πάντα
558 1186 619 1236 οὐ
670 1185 830 1254 μόνον
871 1189 1154 1258 ὀμοούσιον
1188 1189 1283 1242 κα.)⁵
1316 1191 1453 1258 μετὰ
1503 1191 1780 1260 σάρκωσιν

202 1273 279 1343 τῷ
309 1275 488 1346 Πατρὶ
510 1276 788 1331 δείκνυσιν
808 1280 991 1343 αὑτὸν,
1025 1280 1160 1333 ἀλλὰ
1183 1283 1280 1335 καὶ⁸
1305 1282 1403 1351 τῆς
1437 1282 1608 1351 αὐτῆς
1631 1284 1782 1352 ἐνερ-

203 1366 385 1432 γείας.

275 1630 388 1684 Καὶ
418 1631 612 1684 πάλιν·
635 1633 682 1684 εί
735 1633 769 1702 ἡ
820 1632 950 1702 περὶ
996 1632 1066 1686 τὰ
1100 1631 1228 1686 ὄντα
1265 1633 1492 1703 πρόνοια
1523 1635 1582 1688 οὐ
1617 1635 1782 1705 μόνον

1882 484 1910 520 a
1954 467 2210 523 Patribus
2237 470 2446 523 dictum
2473 479 2580 536 est,
2616 485 2678 523 ac
2701 485 2807 523 non
2838 471 2999 524 etiam
3033 480 3154 540 post
3189 474 3450 527 incarna-

1878 558 2078 610 tionem
2101 557 2270 613 Filius
2286 560 2532 614 eamdem
2553 576 2717 629 quam
2743 559 2900 612 Pater
2917 561 3179 614 actionem
3205 563 3364 616 habet
3378 563 3446 628 ",

1879 646 2122 715 profecto
2152 663 2252 702 nec
2277 649 2523 717 ejusdem
2545 666 2669 702 eum
2701 664 2765 703 eo
2787 649 3107 703 substantia:
3133 651 3252 702 erit.
3277 653 3342 705 At
3361 656 3447 706 cui

1878 739 2094 792 tandem
2124 741 2254 794 illud
2285 742 2730 808 assignabimus:
2763 741 2924 792 Pater
2947 757 3088 793 meus
3116 758 3276 810 usque
3298 747 3450 796 modo

1877 840 2144 897 operatur,
2178 843 2227 883 et
2263 848 2356 900 ego
2379 848 2565 898 operor
2581 833 2646 893 ³³,
2670 841 2724 886 et
2765 850 2778 884 :
2807 831 2935 896 Qua:
2959 832 3092 884 videt
3121 832 3336 885 Patrem
3365 837 3452 902 [a-

1879 923 2120 985 cientem,
2155 923 2265 976 liwc
2307 934 2356 977 et
2388 922 2567 978 Filius
2597 925 2843 977 similiter
2865 925 2992 986 facit
3016 926 3080 988 ³³,
3125 938 3215 979 et:
3249 927 3307 980 Si
3355 930 3452 980 mi-

1879 1012 1933 1064 lii
1965 1029 2066 1065 non
2099 1014 2338 1079 creditis,
2373 1016 2615 1084 operibus
2646 1015 2804 1084 233
2845 1017 2971 1069 meis
3001 1017 3195 1069 credite
3239 1017 3303 1081 ⁵ο,
3347 1029 3398 1071 et
3434 1039 3449 1074 :

1887 1101 2062 1170 Opera
2085 1121 2201 1174 quw
2230 1121 2321 1174 ego
2362 1106 2502 1173 facio
2533 1108 2651 1175 ipsa
2708 1110 3066 1161 testimonium
3095 1109 3360 1174 per/libent
3391 1110 3454 1162 de

1883 1209 1960 1246 me
1986 1197 2052 1257 “,
2090 1205 2142 1248 et
2173 1216 2184 1250 :
2212 1196 2359 1250 Sicut
2391 1197 2554 1251 Pater
2591 1200 2812 1252 suscitat
2847 1211 3082 1253 mortuos
3109 1210 3157 1252 et
3186 1201 3408 1267 vivi/ictu
3435 1215 3453 1251 :

1878 1283 1956 1334 ita
1991 1293 2040 1336 et
2073 1283 2248 1339 Filius
2279 1303 2406 1356 quos
2438 1288 2566 1352 vult,
2595 1289 2822 1356 vivi/icat
2844 1289 2926 1340 "?
2955 1289 3077 1342 [lare
3107 1291 3248 1342 enim
3272 1291 3452 1341 omnia

1883 1389 1990 1425 non
2043 1375 2202 1427 modo
2250 1391 2398 1440 eum,
2431 1377 2592 1430 etiam
2643 1388 2767 1445 post
2801 1379 3255 1440 incarnationem,
3305 1377 3451 1431 Patri

1882 1465 2401 1522 consubstantialem
2436 1484 2558 1523 esse
2613 1470 2926 1534 ostendunt,
2975 1469 3068 1523 sed
3101 1478 3155 1522 et
3205 1467 3451 1522 eamdem

1884 1571 2006 1608 eum
2035 1557 2128 1609 illo
2154 1559 2431 1613 actionem
2471 1575 2712 1615 servare.

1955 1648 2031 1700 Ac
2067 1663 2281 1710 rursus.
2330 1650 2374 1704 si
2425 1653 2766 1719 providentia
2819 1653 2984 1706 totius
3039 1653 3304 1714 universi,
3346 1667 3452 1704 non

205 1723 428 1793 Πατρδς
473 1724 570 1775 καὶ
627 1723 782 1790 ἁγίου
817 1723 1155 1791 Πνεῦματος,
1191 1723 1328 1778 ἀλλά
1370 1726 1464 1778 καὶ
1505 1726 1598 1779 τοῦ
1651 1726 1784 1779 Υίοῦ

1899 1737 2063 1791 solum
2099 1739 2165 1790 ad
2220 1739 2434 1794 Patrem
2469 1752 2518 1795 et
2553 1740 2814 1810 Spiritum
2852 1755 3126 1807 sanctum,
3163 1745 3258 1798 sed
3289 1746 3451 1797 etiam

207 1812 328 1864 ἐστὶ
363 1813 459 1864 καὶ
515 1811 654 1881 μετὰ
698 1811 795 1882 τὴν
847 1813 1156 1880 σάρκωσιν,
1198 1813 1449 1884 ἐνέργεια
1514 1813 1572 1865 δὲ
1625 1812 1785 1866 τοῦτό

208 1905 359 1956 ἐστιν
378 1919 392 1931 ·
427 1903 537 1974 ἄρα
564 1905 656 1956 καὶ
685 1905 821 1973 μετὰ
852 1903 950 1974 τὴν
1000 1906 1277 1975 σὰρκωσιν
1305 1905 1402 1976 τῆς
1433 1904 1605 1973 αὐτῆς
1637 1905 1784 1957 ἐστιν

212 1995 497 2065 ἐνεργείας
525 1996 604 2066 τῷ
635 1996 829 2066 Πατρί.

281 2089 348 2141 Εἰ
373 2089 432 2142 δὲ
463 2091 526 2142 ἐκ
552 2091 658 2142 τῶν
687 2089 982 2159 θαυμάτων
1012 2089 1111 2159 τῆς
1141 2090 1310 2159 αὐτῆς
1342 2088 1528 2150 οὐσίας
1553 2089 1681 2141 ὄντα
1706 2087 1785 2158 τῷ

213 2181 391 2250 Πατρὶ
417 2180 507 2233 τὸν
539 2181 767 2250 Χριστὸν
796 2181 1060 2250 ἔγνωμεν,
1079 2182 1329 2250 ἐνέργεια
1349 2180 1402 2232 δὲ
1416 2179 1550 2232 Θεοῦ
1579 2181 1786 2249 τυγχα-

216 2289 296 2325 νει
317 2274 386 2324 τὰ
407 2271 682 2343 Θαύματα,
712 2273 819 2344 ἄρα
839 2274 976 2343 μετὰ
1008 2273 1284 2342 σάρκωσιν
1311 2273 1409 2341 τῆς
1435 2272 1604 2342 αὐτῆς
1631 2275 1784 2342 ἐνερ-

216 2364 368 2432 γείας
399 2365 521 2417 ἐστὶ
547 2363 622 2434 τῷ
655 2365 849 2434 Πατρί.

285 2455 348 2506 ΕΞ
379 2455 437 2507 δὲ
461 2454 558 2524 μία
620 2454 871 2524 ἐνέργεια
919 2455 1018 2524 τῆς
1069 2453 1322 2523 θεότητος
1361 2452 1524 2506 αὐτοῦ
1557 2453 1652 2506 καὶ
1687 2452 1786 2522 τῆς
1813 2497 1824 2510 .

219 2545 422 2615 σαρκὸς
444 2545 630 2610 αὑτοῦ,
659 2544 910 2607 σύνθετος
937 2545 1110 2609 ἔσται,
1151 2547 1242 2598 καὶ
1267 2544 1438 2608 ἔσται,
1470 2545 1503 2613 ἢ
1535 2544 1726 2614 ἐτέρας
1754 2545 1785 2583 h

219 2638 499 2706 ἐνεργείας
542 2639 692 2708 παρὰ
746 2637 838 2692 τὸν
905 2639 1144 2708 Πατέρα,
1176 2637 1208 2708 ἢ
1245 2638 1338 2690 καὶ
1370 2639 1398 2688 ὁ
1439 2637 1626 2706 Πατὴρ
1659 2654 1785 2689 συν-

220 2728 376 2781 Θέτου
404 2729 686 2798 ἐνεργείας
743 2729 914 2782 ἔσται.
969 2730 1030 2781 Εἰ
1083 2729 1140 2781 δὲ
1177 2728 1431 2782 συνθέτου
1487 2728 1785 2798 ἐνεργείας,

219 2819 376 2890 δῆλον
407 2821 490 2872 ὃτι
515 2823 609 2874 καὶ⁸
636 2819 871 2890 φύσεως.

286 2911 349 2963 Εἰ
380 2909 439 2962 δὲ
461 2910 688 2974 εἴποιεν,
720 2912 801 2962 ὅτι
852 2913 918 2980 τῇ
955 2909 1202 2980 ἐνεργείᾳ
1250 2909 1537 2980 πρόσωπον
1577 2926 1789 2962 συνεισ-

219 3000 431 3067 άγεται,
459 2998 810 3070 ἐροῦμεν,ὃτι
845 3001 893 3052 εί
910 3003 974 3068 τῇ
997 3000 1248 3071 ὲνεργεία
1266 3000 1555 3071 πρόσωπον
1580 3018 1789 3054 συνεισ-

1891 1825 1958 1878 ad
2011 1824 2232 1891 Filium,
2283 1845 2494 1882 necnon
2558 1839 2680 1898 post
2742 1833 3173 1886 incarnationem
3220 1841 3451 1901 spectat,

1891 1914 2134 1983 profecto
2161 1934 2284 1972 cum
2328 1920 2441 1987 ipsa
2477 1921 2549 1973 sit
2575 1923 2738 1984 actio,
2775 1925 3025 1992 sequitur
3055 1939 3178 1976 eum
3209 1923 3454 1977 eamdem

1892 2017 2015 2056 cum
2047 2002 2208 2059 Patre
2247 2007 2517 2062 actionem
2554 2009 2772 2062 habere.

1961 2093 2114 2158 Quod
2150 2095 2197 2148 si
2240 2111 2305 2150 ex
2355 2097 2516 2152 editis
2566 2100 2846 2154 miraculis
2879 2099 3157 2153 Christum
3209 2099 3455 2169 ejusdem

1891 2199 2014 2237 cum
2071 2183 2234 2242 Patre
2281 2190 2533 2243 essentite
2589 2205 2713 2244 esse
2763 2192 3156 2260 comperimus,
3196 2189 3287 2243 Dei
3331 2204 3457 2243 vero

1892 2276 2136 2332 actiones
2188 2280 2450 2332 miracula
2489 2290 2649 2346 sunt,
2688 2290 2903 2350 oportet
2935 2290 2992 2334 ut
3024 2283 3186 2335 etiam
3223 2288 3344 2349 post
3372 2281 3459 2332 in-

1892 2369 2266 2424 carnationem
2297 2371 2541 2440 ejusdem
2573 2389 2694 2426 eum
2729 2372 2886 2427 Patre
2917 2373 3149 2426 actionis
3179 2374 3270 2427 sit.

1962 2460 2118 2524 Quod
2147 2461 2190 2517 si
2231 2479 2336 2517 una
2366 2464 2673 2518 divinitatis
2699 2475 2753 2518 et
2775 2464 2960 2518 carnis
2992 2465 3166 2533 ipsius
3189 2467 3331 2518 actio
3354 2471 3460 2524 est,

1893 2553 2006 2606 haec
2041 2557 2342 2623 composita
2377 2557 2503 2620 erit,
2556 2565 2721 2626 atque
2777 2559 2869 2618 ita,
2917 2565 3010 2610 aut
3057 2557 3330 2610 diversam
3376 2554 3465 2608 ille

1893 2658 1922 2696 a
1955 2642 2114 2697 Patre
2148 2647 2415 2700 actionem
2453 2648 2695 2709 habebit,
2750 2657 2842 2700 aut
2873 2649 3038 2701 etiam
3091 2646 3272 2700 Patris
3319 2646 3465 2698 actio

1894 2734 2195 2801 composita
2237 2737 2360 2790 erit.
2411 2735 2467 2790 Si
2503 2737 2804 2806 composita
2856 2737 3031 2805 ipsius
3076 2738 3220 2790 actio
3272 2733 3460 2797 fuerit,

1895 2838 2027 2878 sane
2049 2833 2103 2877 et
2138 2830 2359 2880 natura.

1967 2912 2091 2966 Non
2123 2915 2308 2982 inferri
2331 2931 2394 2968 ea:
2421 2918 2627 2971 actione
2655 2933 2954 2985 personam,
2995 2917 3071 2970 vel
3111 2915 3364 2969 vicissim.
3395 2942 3466 2951 —

1895 3005 2048 3066 Quod
2089 3006 2132 3057 si
2165 3007 2496 3060 contendant
2525 3024 2632 3061 una
2659 3024 2782 3062 cum
2814 3008 3031 3062 actione
3058 3021 3346 3077 personam
3385 3005 3465 3057 in-

220 3093 434 3160 ἄγεται,
477 3091 620 3145 κατὰ
647 3093 746 3162 τὴν
780 3091 999 3159 εὔλογον
1024 3092 1383 3162 ἀντιστροφὴν
1409 3093 1502 3144 καὶ
1532 3091 1607 3162 τῷ
1630 3111 1794 3163 προσ-

1899 3093 2041 3155 duci,
2095 3102 2206 3148 tum
2269 3095 2664 3166 subjungantus
2692 3098 2778 3153 ‘3:
2817 3097 2870 3151 Si
2919 3114 3025 3151 una
3075 3113 3199 3150 cum
3251 3097 3466 3150 actione

220 3183 350 3253 ώπῳ
381 3184 636 3254 ἐνέργεια
669 3184 1183 3254 συνεισαχοήσεται·
1220 3185 1316 3236 καὶ
1361 3183 1576 3237 ἔσονται
1605 3183 1795 3254 ὥσπερ

218 3275 343 3342 τρία
367 3275 662 3346 πρόσωπα,
686 3276 806 3345 ἦτοι
840 3275 1187 3338 ὑποστάσεις,
1221 3276 1320 3344 τῆς
1352 3274 1510 3342 ἁγίας
1545 3274 1792 3343 Τριάδος,

221 3362 477 3417 οὕτωκαὶ
511 3366 658 3433 τρεῖς
708 3364 1002 3435 ἐνέργειαι,
1057 3363 1089 3435 ἢ
1142 3364 1330 3434 ὥσπερ
1374 3363 1470 3433 μία
1519 3363 1790 3432 ἐνέργεια,

221 3454 358 3508 οὕτω
397 3454 456 3507 ἓν
494 3457 786 3525 πρόσωπον
834 3456 929 3507 καὶ
971 3456 1067 3525 μία
1123 3455 1438 3517 ὑπόστασις.
1480 3455 1540 3506 Oi
1565 3453 1618 3505 δὲ
1647 3453 1796 3521 ἅγιοι

197 3548 462 3618 εΠατέρες
497 3546 800 3615 συμφώνως
831 3548 1109 3617 εἰρήκασι,
1140 3546 1208 3600 τὰ
1243 3549 1343 3616 τῆς
1379 3546 1548 3615 αὐτῆς
1582 3544 1791 3609 οὐσίας,

221 3641 310 3692 καὶ
333 3641 436 3710 τῆς
476 3640 648 3707 αὐτῆς
681 3633 819 3690 εἶναι
847 3638 1144 3708 ἐνεργείας.
1564 3621 1604 3632 η

1890 3199 2122 3253 persona
2169 3186 2468 3253 inducitur,
2519 3198 2952 3245 consentaneum
2985 3191 3226 3243 vicissim
3259 3195 3367 3248 est,
3399 3195 3458 3240 ut

1890 3285 1944 3328 et
1982 3292 2085 3328 una
2123 3294 2246 3330 eum
2280 3294 2512 3346 persona
2557 3283 2701 3335 actio
2731 3282 3021 3335 inferatur.
3055 3283 3230 3349 Atque
3257 3280 3329 3332 ita
3352 3279 3463 3340 liet,

1891 3375 1948 3417 nt
1980 3367 2122 3420 sicut
2156 3376 2268 3423 tres
2304 3377 2431 3423 sunt
2465 3386 2728 3438 personae,
2763 3372 2880 3426 sive
2911 3382 3022 3425 tres
3049 3381 3256 3425 sanctae
3285 3366 3468 3422 Trini-

1887 3459 2017 3512 tatis
2045 3459 2386 3529 Iiypostases,
2415 3463 2494 3516 sic
2523 3472 2634 3518 tres
2663 3479 2881 3532 quoque
2913 3463 3160 3517 actiones
3187 3463 3296 3515 sint
3327 3479 3341 3514 :
3375 3469 3468 3514 aut

1890 3559 2110 3611 contra,
2141 3551 2604 3619 quemadmodum
2638 3569 2743 3606 una
2778 3561 2862 3607 est
2892 3554 3056 3615 actio,
3098 3554 3171 3606 ita
3197 3567 3302 3604 una
3332 3565 3468 3619 quo-

1893 3655 1999 3709 que
2031 3657 2285 3709 persona,
2310 3650 2362 3695 et
2395 3643 2726 3711 ltjvpostasis.
2760 3644 2920 3712 Atqui
2948 3643 3124 3698 sancti
3158 3642 3346 3696 Patres
3365 3643 3467 3695 hoc

221 3749 325 3789 una
391 3748 527 3787 voce
557 3732 884 3792 docuerunt,
932 3746 993 3784 ea
1050 3745 1169 3798 quae
1215 3727 1460 3798 ejusdem
1514 3727 1832 3783 substantia‘
1853 3739 2000 3795 sunt,
2029 3731 2273 3799 ejusdem
2305 3746 2524 3799 quoque
2556 3732 2788 3785 actionis
2821 3747 2963 3785 esse.

291 3825 416 3876 Ἔτι
447 3822 528 3885 δὲ,
559 3821 607 3872 εί
640 3821 704 3889 τῇ
757 3820 1008 3890 ἐνεργείᾳ
1068 3818 1358 3888 πρόσωπον
1391 3819 1792 3884 συνεισάγεται,

219 3918 266 3969 οἱ
297 3916 436 3984 μήτε
472 3913 621 3982 μίαν,
656 3913 794 3980 μήτε
817 3910 910 3962 δύο
935 3909 1170 3980 Χριστοῦ
1204 3909 1300 3971 τὰς
1319 3907 1597 3978 ἐνεργείας
1618 3907 1795 3974 λέγειν

222 4006 602 4066 Θεσπίσαντες,
633 3999 756 4054 οὔτε
793 3998 851 4054 ἓν
883 4001 1172 4070 πρόσωπον
1222 3999 1386 4052 αὑτοῦ
1428 3999 1631 4066 λέγειν,
1667 3995 1794 4050 οὔτε

220 4095 311 4149 δύο
341 4091 702 4164 προσέταξαν.

289 4186 399 4238 Καὶ
426 4184 523 4236 ἐπὶ
551 4183 648 4250 τῆς
677 4179 1186 4250 πεπυρακτωμένης
1215 4177 1271 4231 δὲ
1296 4177 1589 4248 μαχαίρας,
1606 4176 1792 4250 ὥσπερ

222 4279 274 4332 αἱ
307 4276 500 4346 φύσεις
525 4272 785 4335 σώζονται
821 4270 914 4322 τοῦ
961 4286 1021 4322 τε
1058 4269 1229 4340 πυρὸς
1269 4271 1366 4323 καὶ
1403 4270 1496 4322 τοῦ
1548 4269 1787 4341 σιδήρου,

1965 3819 2168 3872 Deinde
2212 3834 2362 3882 vero,
2396 3819 2442 3880 si
2479 3833 2709 3888 persona
2738 3835 2846 3873 una
2884 3835 3010 3873 cum
3055 3819 3273 3872 actione
3301 3816 3469 3872 infer-

1892 3917 2006 3972 tur,
2041 3911 2134 3977 qui
2166 3924 2264 3962 nec
2293 3925 2482 3972 unam,
2523 3924 2624 3962 nec
2671 3909 2810 3963 duas
2850 3909 3052 3963 Christi
3104 3909 3353 3962 actiones
3381 3909 3469 3963 di-

1893 3998 2101 4054 cendas
2150 3998 2630 4068 praescripserunt,
2675 3998 2907 4066 proinde
2954 4013 3132 4067 neque
3177 4012 3468 4067 personam

1893 4107 2086 4153 unam,
2118 4106 2296 4159 neque
2330 4080 2469 4145 ditas
2497 4090 2680 4151 dicere
2703 4098 3107 4159 praeceperunt.

1962 4181 2270 4249 Exemplum
2309 4180 2513 4235 Basilio
2595 4181 2818 4249 aliisque
2891 4182 3184 4250 familiare.
3237 4211 3304 4224 —
3358 4179 3466 4236 Sed

1897 4278 1951 4326 et
2001 4272 2056 4324 in
2109 4272 2358 4324 candenti
2407 4269 2608 4340 gladio,
2644 4270 2720 4325 uti
2783 4277 2896 4323 tum
2957 4270 3121 4340 ignis,
3170 4277 3283 4324 tum
3340 4267 3468 4323 ferri

222 4369 362 4422 οὕτω
395 4368 491 4420 καὶ
514 4365 607 4417 δύο
634 4363 925 4434 ἐνέργειαι,
940 4360 1117 4414 καὶτὰ
1132 4359 1337 4414 τούτων
1352 4361 1790 4431 ἀποτελέσματα.

1899 4370 2105 4415 natura:
2169 4373 2458 4415 servantur
2516 4361 2596 4426 “,
2654 4364 2731 4415 ita
2787 4372 2840 4415 et
2899 4361 3020 4416 dna:
3069 4361 3356 4422 actiones,
3414 4365 3471 4414 et

226 4462 382 4530 ’Ἔχει
417 4458 517 4528 μὲν
548 4456 677 4526 γὰρ,
728 4457 757 4507 ὁ
813 4454 912 4524 μὲν
957 4452 1174 4522 σίδηρος
1220 4451 1279 4505 τὸ
1317 4453 1604 4523 τμητικὸν,
1651 4454 1711 4506 τὸ
1737 4454 1795 4507 δὲ

225 4550 354 4622 πῦρ,
411 4549 473 4601 τὸ
520 4545 836 4609 καυστικὸν,
905 4544 1000 4598 καὶ
1060 4546 1094 4614 ἠ
1128 4543 1264 4614 τομὴ
1295 4543 1414 4612 μὲν,
1450 4544 1549 4610 τῆς
1581 4545 1674 4597 τοῦ
1716 4563 1797 4597 σι-

222 4645 390 4714 δήρου
436 4638 720 4710 ἐνεργείας
770 4637 916 4690 ἐστὶν
970 4636 1344 4704 ἀποτέλεσμα,
1390 4637 1423 4705 ἡ
1470 4636 1527 4688 δὲ
1581 4635 1794 4700 καῦσις,

222 4735 323 4806 τῆς
352 4733 446 4787 τοῦ
481 4733 686 4801 πυρός·
717 4730 810 4782 καὶ
852 4727 1082 4793 σώζεται
1125 4728 1182 4781 τὺ
1226 4728 1432 4781 τούτων
1461 4729 1714 4799 διάφορον
1742 4730 1799 4782 ἐν

222 4831 290 4898 τῇ
319 4825 644 4896 κεκαυμένῃ
701 4825 865 4893 τομῇ,
903 4823 994 4874 καὶ
1051 4824 1108 4873 ἐν
1133 4823 1196 4891 τῇ
1229 4822 1544 4891 τετμημένῃ
1581 4821 1793 4888 καύσει,

223 4920 274 4971 εἱ
296 4918 393 4971 καί
429 4916 568 4986 μήτε
594 4917 627 4984 ἡ
663 4912 857 4973 καῦσις
889 4915 988 4981 τῆς
1007 4911 1180 4982 τομῆς
1230 4910 1350 4980 δίχα
1391 4910 1629 4978 γίγνοιτο
1660 4912 1798 4981 μετὰ

223 5009 324 5077 τὴν
372 5006 592 5068 ἕνωσιν,
637 5006 774 5074 μήτε
829 5005 862 5072 ή
918 5002 1060 5072 τομὴ
1110 5001 1232 5070 δίχα
1258 5001 1358 5070 τῆς
1390 5002 1665 5064 καύσεως·
1705 5005 1799 5055 καὶ

226 5097 349 5153 οὔτε
377 5097 468 5152 διὰ
513 5097 577 5149 τὸ
632 5094 806 5148 διττὸν
851 5093 951 5164 τῆς
1009 5095 1244 5164 φυσικῆς
1274 5093 1556 5163 ἐνεργείας
1589 5093 1682 5145 δύο
1709 5110 1808 5146 πε-

306 5277 352 5308 ³¹
384 5274 528 5330 Max.
560 5274 701 5347 Dial.
726 5292 843 5347 cum
868 5274 1238 5347 Pyrrhoiibid.

233 5365 284 5415 ν,
309 5347 404 5403 2|.
496 5347 542 5378 ⁵³
564 5344 707 5400 Max.
742 5346 878 5400 ibid.

1323 5276 1368 5308 ³⁸
1411 5272 1568 5327 Joan.
1628 5288 1682 5338 v,
1710 5273 1796 5327 Π.

1892 4469 2078 4508 earum
2130 4452 2342 4509 ellecta.
2381 4453 2514 4508 Nam
2560 4461 2614 4508 et
2661 4453 2862 4508 ferrum
2927 4453 3168 4513 secandi,
3229 4459 3284 4506 et
3330 4450 3471 4519 ignis

1894 4543 2087 4598 urendi
2145 4543 2252 4596 vim
2307 4545 2537 4608 habent;
2615 4551 2673 4596 ut
2733 4542 2902 4598 sectio
2970 4542 3187 4610 quidem
3238 4539 3471 4594 actionis

1895 4632 2025 4687 ierri
2080 4647 2218 4702 opus
2271 4633 2362 4698 sit,
2417 4634 2560 4688 ustio
2624 4642 2804 4688 autem
2854 4633 2995 4703 ignis
3059 4649 3073 4686 :
3141 4645 3206 4683 ac
3271 4628 3471 4684 discri-

1899 4741 2046 4790 men,
2098 4735 2210 4779 tum
2266 4726 2322 4779 in
2373 4725 2501 4779 ferri
2537 4725 2748 4780 ardenti
2793 4724 3058 4785 sectione,
3091 4730 3204 4775 tum
3237 4721 3289 4773 in
3324 4729 3473 4773 secta

1903 4819 2120 4872 ustione
2151 4826 2398 4871 servatur
2422 4833 2436 4880 ;
2465 4818 2678 4870 tametsi
2707 4825 2826 4885 post
2859 4813 3170 4884 hujusmodi
3196 4811 3471 4871 unionem,

1901 4924 2003 4963 nec
2025 4909 2166 4962 ustio
2187 4907 2322 4961 citra
2349 4907 2642 4960 sectionem
2663 4907 2753 4971 sit,
2772 4921 2868 4960 nec
2891 4905 3062 4960 sectio
3078 4904 3196 4958 sine
3221 4900 3472 4955 ustione:

1902 5018 2001 5057 nec
2023 5001 2150 5070 quia
2189 5000 2386 5068 duplex
2416 5011 2499 5053 est
2542 4999 2807 5054 naturalis
2833 5003 2974 5052 actio
2995 5039 3010 5064 ,
3051 4997 3190 5052 duos
3250 4991 3478 5064 proinde

1896 5093 2194 5149 candentes
2222 5089 2432 5161 gladios
2464 5088 2699 5142 dicimus
2728 5106 2742 5155 ;
2782 5103 2882 5143 nec
2909 5103 3122 5152 rursus,
3160 5086 3290 5155 quia
3333 5098 3477 5136 unus

1895 5272 1938 5304 ιο
1971 5273 2105 5327 ibid.
2146 5273 2230 5327 ιε).
2310 5269 2738 5335 ‘°Joan.\',21.
2828 5267 2869 5298 ιι
2897 5265 3028 5320 ibid.
3055 5264 3146 5320 εδ.
3242 5258 3475 5316 “Joan-

966 5346 1012 5380 “
1049 5346 1268 5400 Maxitn.
1304 5344 1402 5400 lib.
1435 5344 1510 5398 De
1538 5343 1700 5397 duab.
1740 5343 1841 5398 vol.
1887 5350 1940 5397 et
1971 5343 2121 5397 Dial.
2159 5358 2279 5395 cum
2317 5340 2542 5412 Pyrrho.

1541 5495 1772 5551 VARI/li
1806 5493 2211 5551 LECTIONES.

303 5633 334 5677 δ
359 5631 498 5690 Cod.
525 5632 582 5689 S.
621 5632 735 5692 Ili].
771 5633 835 5689 Β.
869 5632 894 5687 1
935 5640 989 5688 et
1022 5631 1093 5686 M.
1143 5633 1235 5686 καὶ
1288 5630 1503 5700 ἑτέρας.
