3996 6212
366 176 506 242 1055

1546 182 1609 242 S.
1645 179 1966 241 JOANNIS
1993 182 2422 244 DAMASCENI

3512 183 3634 251 1056

359 296 630 351 duntaxat
669 294 928 351 incensus
979 301 1064 351 est
1115 292 1354 364 gladius,
1408 291 1478 347 ob
1532 307 1652 348 eam
1711 305 1938 348 causam

2048 296 2480 364 πυρακτωμένας
2515 294 2790 364 μαχαίρας
2848 295 3052 365 φαμὲν,
3099 293 3228 349 οὔτε
3259 295 3351 348 διὰ
3383 294 3442 348 τδ
3491 314 3638 367 μονα-

358 385 777 440 ειὼειιιηιὶιιιοιη
810 387 1008 442 horum
1052 386 1466 442 distinctionem
1515 384 1934 439 contundimus.

361 476 563 531 Eodem
601 477 763 531 modo
786 477 842 532 in
875 478 1096 534 Christo
1131 493 1352 548 quoque
1381 477 1693 531 divinitatis
1719 477 1940 545 quidem

361 568 556 636 ipsius,
594 569 776 623 divina
797 578 849 624 et
880 572 1226 638 omnipotens
1254 570 1498 638 operatio
1524 576 1610 622 est
1640 585 1652 620 :
1687 567 1943 620 humani-

360 660 490 714 tatis
562 669 745 714 autem
808 661 1006 730 ipsius.
1064 662 1300 714 humana
1351 666 1406 712 et
1455 667 1658 712 nostra:
1721 656 1940 711 similis.

361 749 626 804 Humana:
670 765 832 818 porro
884 752 1116 806 actionis
1152 765 1292 819 opus
1323 749 1378 802 id
1426 748 1546 813 fuit,
1591 747 1741 817 quod
1777 763 1942 801 manu

360 841 599 910 puellam
651 841 891 896 tenuerit
938 852 1101 910 atque
1146 840 1373 895 traxerit
1411 839 1493 902 “;
1529 839 1724 894 divinae
1754 847 1936 892 autem

361 933 508 1004 quod
559 947 677 989 eam
737 934 804 988 ad
855 935 1016 989 vitam
1069 933 1411 988 revocaverit
1456 931 1526 987 “.
1582 931 1740 986 Aliud
1793 929 1940 986 enim

360 1023 488 1090 hoc,
515 1030 570 1078 et
607 1023 753 1077 aliud
781 1023 914 1078 illud
947 1032 1068 1085 est;
1103 1022 1322 1076 tametsi
1352 1023 1408 1074 in
1438 1019 1808 1080 Theandrica,
1843 1031 1943 1071 seu

361 1115 420 1168 in
455 1113 550 1168 Dei
580 1114 744 1168 simul
775 1124 829 1169 et
853 1114 1093 1169 hominis
1119 1113 1339 1168 actione
1369 1121 1646 1181 nequeant
1674 1107 1940 1178 disjungi.

365 1205 522 1272 Quod
551 1207 622 1270 si,
654 1206 782 1276 quia
812 1220 921 1260 una
952 1205 1168 1260 Domini
1202 1217 1439 1274 persona
1470 1201 1587 1256 sive
1626 1199 1944 1270 hypostasis

365 1303 470 1361 est,
498 1313 602 1352 una
621 1313 838 1368 quoque
861 1296 1110 1366 Operatio
1135 1294 1318 1348 futura
1345 1300 1464 1357 est;
1487 1291 1734 1361 profecto
1755 1291 1941 1355 etiam,

366 1388 589 1456 ecquod
609 1405 715 1442 una
737 1403 970 1458 persona
989 1389 1081 1453 sit,
1103 1403 1208 1443 una
1224 1403 1444 1457 quoque
1469 1388 1779 1442 substantia
1799 1383 1924 1438 erit.

2041 385 2189 437 δικὸν
2211 388 2311 454 τῆς
2345 386 2858 456 πεπυρακτωμένης
2897 387 3213 456 μαχαίρας,
3256 388 3522 456 σύγχυσιν
3547 392 3634 460 τῆς

2039 472 2334 536 οὑσιώδους
2393 475 2574 527 αὑτῶν
2617 475 2882 545 διαφορᾶς
2916 477 3309 546 ἐργαζόμεθα.
3359 479 3514 530 υῢτω
3551 482 3634 534 καί

2041 565 2100 616 ὲν
2135 563 2214 633 τῷ
2239 565 2479 635 Χριστῷ,
2517 566 2616 634 τῆς
2651 565 2751 634 μὲν
2806 565 3068 635 θεότητος
3099 566 3304 630 αὑτοῦ,
3335 568 3370 637 ὴ
3399 567 3514 621 θεία
3551 573 3634 623 καὶ

2041 652 2451 723 παντοδύναμος
2474 655 2743 725 ἐνέργεια,
2762 656 2858 725 τῇς
2879 655 2934 708 δὲ
2963 655 3409 726 ἀνθρωπύτητος
3462 657 3630 723 αὑτοῦ,

2044 744 2077 813 ἡ
2114 746 2236 796 καθ’
2259 747 2428 814 ἡμᾶς.
2456 747 2830 816 Ἀποτέλεσμα
2857 747 2916 799 δὲ
2931 747 3028 818 τῆς
3053 747 3161 818 μὲν
3186 747 3558 818 ἀνθρωπίνης,
3579 751 3632 803 τὸ

2044 835 2381 906 κρατηθῆναι
2399 836 2496 906 τὴν
2519 840 2676 908 χεῖρα
2709 837 2802 890 τοῦ
2821 837 3013 900 παιδὸς
3037 840 3138 891 καὶ⁷
3164 837 3518 907 ἑλκυσθῆναι,
3548 841 3633 910 τῆς

2051 926 2108 979 δὲ
2134 927 2307 992 θείας,
2337 929 2370 998 ἡ
2396 927 2920 999 ζωοποίησις.”Αλλο
2941 931 3052 1002 γὰρ
3075 930 3507 994 τοῦτο,κάκεῖνο
3527 931 3632 984 ἓτε-

2043 1033 2156 1088 ρον,
2205 1019 2253 1070 εί
2313 1020 2406 1071 καὶ
2458 1020 2708 1090 ἀλλήλων
2756 1021 3056 1092 ἀχώριστοι
3111 1021 3466 1092 ὑπάρχουσιν
3499 1023 3552 1074 ὲν
3572 1025 3631 1094 τῇ

2042 1105 2328 1178 θεανδρικῇ
2353 1109 2624 1180 ἐνεργείᾳ.
2664 1111 2726 1162 Ei
2754 1111 2812 1163 δὲ
2850 1112 2939 1164 διὰ
2977 1113 3041 1165 τὸ
3081 1112 3221 1182 μίαν
3250 1108 3394 1165 εἶναι
3427 1111 3522 1181 τὴν
3550 1113 3630 1166 τοὺ

2042 1199 2252 1270 Κυρίου
2303 1201 2620 1267 ὑπόστασιν,
2681 1203 2778 1272 μία
2832 1205 2988 1256 ἔσται
3027 1205 3132 1257 καὶ
3179 1206 3214 1274 ἡ
3252 1205 3522 1274 ἐνέργεια,
3553 1205 3632 1258 διὰ

2042 1290 2143 1359 τὴν
2173 1292 2300 1360 μίαν
2338 1296 2666 1361 ὑπόστασιν,
2703 1295 2803 1364 μία
2825 1296 2981 1350 ἔσται
3011 1297 3116 1350 καὶ
3149 1297 3186 1366 ὴ
3220 1295 3398 1350 οὐσία.

440 1477 604 1549 234.
626 1477 690 1531 Et
721 1494 936 1542 rursus,
964 1477 1009 1532 si
1039 1477 1410 1547 operationem
1431 1491 1594 1530 unam
1631 1475 1686 1528 in
1722 1472 1948 1527 Domino

2124 1469 2236 1522 Kal
2258 1470 2454 1524 πάλιν·
2491 1475 2538 1526 εἰ
2570 1474 2699 1544 μίαν
2744 1475 3028 1544 ἐνέργειαν
3063 1474 3163 1525 ἐπὶ
3204 1474 3300 1527 τοῦ
3335 1477 3532 1543 Κυρίου
3563 1479 3633 1531 ετ-

369 1569 618 1625 dieamus
644 1609 658 1633 ,
696 1578 792 1624 aut
827 1569 1072 1623 divinam
1125 1584 1287 1635 esse,
1337 1576 1432 1622 aut
1482 1569 1774 1620 humanam
1798 1605 1812 1629 ,
1850 1568 1946 1616 aut

369 1668 618 1715 neutram
657 1661 972 1715 fatebimur.
1016 1660 1072 1714 Si
1105 1659 1347 1713 divinam
1378 1659 1421 1690 ‘7
1443 1700 1458 1723 ,
1498 1657 1665 1711 Deum
1701 1663 1950 1708 tantum-

366 1753 531 1807 modo
558 1753 734 1822 ipsum
764 1761 948 1806 nostra
975 1766 1205 1805 vacuum
1237 1750 1577 1803 humanitate
1610 1760 1944 1800 asscremus.
1988 1778 1996 1786 -

371 1846 428 1902 Si
463 1845 780 1908 humanam,
822 1842 1096 1896 hominem
1129 1842 1281 1895 illum
1324 1853 1520 1909 purum
1547 1837 1712 1905 impie
1738 1842 1948 1888 astrue-

367 1952 512 1994 mus.
555 1935 612 1989 Si
644 1936 878 2004 denique
916 1949 1014 1988 nec
1045 1932 1310 1995 divinam,
1355 1947 1454 1984 nec
1501 1930 1832 1989 humanam,
1879 1940 1946 1979 ne

369 2028 534 2084 Deum
561 2027 804 2096 quidem,
829 2040 930 2078 nec
963 2024 1239 2078 hominem
1261 2063 1274 2084 ,
1317 2037 1417 2076 nec
1449 2019 1619 2082 Patri,
1656 2033 1754 2071 nec
1784 2017 1946 2070 nobis

363 2135 488 2176 esse
517 2117 1042 2172 consubstantialem
1088 2123 1424 2169 statuemus.
1460 2110 1746 2178 Contingit
1798 2109 1943 2162 enim

364 2227 431 2267 ex
465 2211 666 2265 unione
699 2208 963 2262 identitas
991 2206 1298 2260 secundum
1337 2203 1700 2272 hypostasim,
1740 2214 1842 2253 nec
1877 2198 1945 2252 ob

365 2302 420 2356 id
449 2311 632 2355 tamen
651 2306 969 2352 naturarum
989 2297 1284 2350 discrimen
1305 2296 1576 2348 aufertur.
1599 2291 1822 2344 Servata
1850 2304 1946 2342 au-

366 2401 476 2448 tem
527 2399 852 2446 naturarum
909 2387 1292 2449 distinctione,
1350 2386 1512 2454 plane
1571 2382 1946 2438 servabuntur

363 2483 528 2540 etiam
577 2497 764 2538 earum
810 2480 1180 2549 operationes.
1234 2477 1392 2531 Nulla
1439 2477 1583 2531 enim
1635 2481 1832 2526 natura
1861 2479 1946 2528 est

365 2575 602 2630 actionis
624 2588 845 2643 expers.

435 2665 590 2720 Actio
636 2663 925 2726 naturalis,
970 2671 1194 2715 naturae.
1227 2657 1385 2712 index
1412 2667 1461 2711 et
1500 2668 1649 2711 nota.
1682 2687 1751 2699 —-
1791 2658 1947 2710 [nsu-

370 2775 468 2828 per
495 2757 562 2824 ⁸⁸,
600 2757 648 2812 si
673 2773 780 2811 una
816 2755 1020 2811 Christi
1055 2753 1272 2808 Domini
1308 2752 1454 2805 actio
1481 2759 1588 2815 est,
1623 2760 1716 2805 aut
1759 2757 1942 2804 creata

372 2850 494 2910 erit.
529 2856 624 2903 aut
656 2847 941 2913 increata;
976 2860 1153 2914 neque
1175 2844 1320 2898 enim
1355 2842 1536 2897 media
1565 2843 1672 2897 alia
1697 2843 1944 2913 operatio

369 2941 654 3010 interiecta
682 2947 787 3004 est,
824 2940 903 2994 uti
935 2953 1033 2992 nec
1068 2945 1288 2991 natura.
1340 2934 1520 3002 Quare
1553 2936 1598 2990 si
1625 2944 1809 2990 creata
1841 2942 1948 2998 est,

369 3036 540 3092 solam
588 3042 829 3088 creatam
879 3039 1134 3086 naturam
1183 3029 1449 3084 iudicabit
1479 3047 1492 3083 :
1523 3029 1608 3082 sin
1641 3036 1825 3082 autem
1866 3027 1950 3079 in-

369 3136 576 3188 creata,
626 3125 794 3178 solam
831 3124 1128 3178 inereatam
1156 3122 1460 3176 essentiam
1488 3119 1781 3188 exprimet.
1812 3115 1950 3170 Nam

369 3229 491 3284 qua:
546 3212 821 3265 naturalia
868 3219 1020 3273 sunt,
1073 3225 1139 3262 ea
1196 3224 1320 3264 cum
1384 3207 1600 3262 naturis
1646 3215 1953 3276 congruant

372 3317 600 3358 necesse
647 3309 752 3355 est.
786 3298 974 3368 Neque
1018 3300 1164 3352 enim
1215 3299 1331 3352 ﬁeri
1385 3304 1606 3366 potest,
1645 3307 1703 3351 ut
1756 3307 1952 3351 natura

370 3393 599 3448 exsistat
639 3403 762 3459 qua:
809 3388 1030 3441 minime
1069 3385 1312 3456 perfecta
1363 3385 1455 3438 sit.
1500 3384 1769 3439 Caeterum
1807 3388 1952 3442 actio

375 3491 585 3538 natura;
614 3488 1003 3544 consentanea,
1036 3493 1103 3533 ex
1132 3478 1199 3533 iis
1224 3490 1331 3531 non
1365 3483 1592 3546 estquae
1616 3487 1770 3532 extra
1801 3489 1949 3532 sunt.

381 3574 529 3642 Quod
561 3569 758 3629 exinde
792 3571 1139 3642 perSpicuum
1177 3568 1256 3634 ﬁt,
1287 3568 1435 3640 quod
1471 3569 1590 3624 sine
1634 3570 1953 3637 operatione

383 3674 584 3721 saturae
607 3671 1001 3726 consentanea,
1022 3676 1123 3716 nec
1139 3675 1280 3725 esse,
1308 3675 1408 3716 nec
1429 3661 1688 3731 cognosci
1719 3661 1829 3714 ulla
1850 3677 1945 3714 na-

2048 1577 2267 1631 ποιμεν,
2319 1564 2352 1634 ἢ
2398 1563 2547 1616 θείαν
2597 1563 2806 1634 ταύτην
2845 1564 3102 1634 λέξομεν,
3129 1564 3166 1634 ἢ
3212 1563 3629 1638 ἀνθρωπίνην,ἧ

2044 1653 2358 1738 οὐδετέραγ.
2408 1655 2550 1707 Ἀλλ’
2597 1657 2646 1708 εί
2696 1657 2796 1726 μὲν
2851 1655 3027 1720 θείαν,
3080 1655 3227 1708 Θεὸν
3283 1656 3442 1725 μόνον
3485 1659 3628 1711 αὑτὸν

2045 1743 2252 1812 γυμνὸν
2283 1744 2384 1812 τῆς
2417 1745 2538 1798 καθ’
2563 1748 2716 1816 ἡμᾶς
2742 1747 3180 1818 ἀνθρωπότητος
3219 1747 3468 1816 λέξομεν.
3502 1751 3557 1802 El
3577 1752 3626 1804 δὲ

2045 1836 2416 1905 ἀνθρωπίνην,
2450 1835 2605 1906 ψιλὸν
2633 1839 2795 1893 αὑτὸν
2828 1839 3126 1911 ἄνθρωπον
3149 1838 3620 1912 βλασφημήσομεν.

2045 1926 2111 1977 Εί
2134 1927 2190 1978 δὲ
2218 1927 2338 1980 οὑδὲ
2369 1927 2523 1979 θείαν
2557 1929 2678 1980 οὑδὲ
2721 1929 3103 1999 ἀνθρωπίνην,
3161 1929 3288 1982 οὑδὲ
3342 1929 3462 1982 Θεὸν
3509 1931 3618 1983 οὐδὲ

2045 2017 2350 2088 ἄνθρωπον,
2375 2017 2494 2070 οὐδὲ
2527 2018 2604 2088 τῷ
2635 2019 2828 2088 Πατρὶ,
2867 2019 2988 2071 οὐδὲ
3023 2021 3170 2090 ἡμῖν
3201 2019 3494 2088 ὁμοούσιον.
3527 2021 3609 2073 Ἐκ

2046 2110 2155 2182 γὰρ
2193 2111 2289 2180 τῆς
2315 2111 2562 2175 ὲνώσεως
2581 2115 2613 2181 ή
2633 2113 2756 2165 καθ’
2778 2113 3080 2167 ὑπόστασιν
3103 2115 3376 2184 ταυτότης
3397 2114 3612 2182 γέγονεν,

2045 2201 2107 2254 οὑ
2138 2203 2244 2270 μὴν
2267 2201 2345 2265 δὲ,
2383 2204 2476 2256 καὶ
2501 2205 2534 2272 ἡ
2563 2204 2797 2273 διαφορὰ
2823 2203 2930 2256 τῶν
2958 2203 3190 2273 φύσεων
3222 2203 3497 2275 ἀνῄρηται.
3519 2204 3616 2274 Τῆς

2046 2293 2102 2346 δὲ
2121 2295 2385 2365 διαφορᾶς
2445 2296 2764 2366 σωζομένης
2821 2296 2931 2349 τῶν
2999 2296 3253 2366 φύσεων,
3309 2298 3615 2368 σωθήσονται

2045 2383 2247 2455 δηλαδὴ
2287 2386 2381 2439 καὶ
2409 2387 2467 2438 αἱ
2499 2387 2704 2440 τούτων
2734 2387 3027 2457 ἐνέργειαι.
3067 2389 3149 2441 υὺ
3185 2391 3298 2461 γάρ
3337 2391 3448 2441 ἐστι
3478 2389 3618 2456 φύσις

2046 2475 2430 2546 ὰνενέργητος.

2121 2655 2181 2707 Εί
2208 2655 2303 2724 μία
2325 2654 2420 2708 τοῦ
2470 2655 2741 2708 Δεσπύτου
2781 2655 3018 2725 Χριστοῦ
3072 2657 3109 2726 ἡ
3158 2655 3425 2726 ἐνέργεια,
3458 2655 3489 2724 ἢ
3521 2671 3615 2707 κτι-

2051 2747 2152 2816 στὴ
2180 2747 2354 2808 ἔσται,
2386 2748 2418 2817 ἢ
2448 2746 2704 2810 ἄκτιστος
2723 2763 2738 2778 ·
2776 2747 2939 2817 μέσον
2962 2746 3074 2818 γὰρ
3125 2747 3338 2800 τούτων
3369 2747 3462 2798 οὐκ
3485 2746 3613 2798 ἔστιν

2047 2838 2317 2908 ἐνέργεια,
2341 2837 2531 2910 ὥσπερ
2558 2839 2680 2892 οὑδὲ
2738 2839 2920 2909 φύσις.
2954 2841 3018 2892 El
3042 2836 3146 2894 οὖν
3176 2838 3386 2910 κτιστὴ,
3413 2836 3612 2909 κτιστὴν

2051 2930 2220 3000 μόνην
2248 2928 2478 2999 δηλώσει
2499 2930 2682 2998 φύσινο
2711 2931 2759 2982 εί
2785 2929 2844 2982 δὲ
2874 2931 3160 2994 ἄκτιστος,
3181 2930 3432 2984 ἄκτιστον
3468 2930 3612 2998 μόνην

2049 3023 2445 3093 χαρακτηρίσει
2507 3023 2718 3076 οὑσίαν.
2778 3024 2870 3074 Δεῖ
2911 3022 3022 3094 γὰρ
3054 3011 3288 3087 πάντως
3329 3020 3608 3090 κατάλληλα

2048 3119 2168 3179 ταῖς
2198 3116 2425 3186 φύσεσιν
2467 3113 2606 3170 εἶναι
2627 3117 2697 3169 τὰ
2727 3117 2934 3186 φυσικά
2953 3135 2964 3148 ⁸
3017 3118 3288 3172 ἀδύνατον
3329 3117 3433 3187 γὰρ
3462 3114 3608 3169 ὲλλειο

2051 3207 2188 3270 ποῦς
2213 3207 2428 3278 φύσεως
2485 3208 2720 3280 ὕπαρξιν
2765 3204 2928 3265 εἶναι.
2971 3209 3036 3262 Ἦ
3097 3213 3115 3250 ί
3181 3210 3239 3264 δὲ
3293 3208 3428 3262 κατὰ
3469 3205 3607 3276 φύσιν

2049 3299 2320 3371 ἐνέργεια,
2345 3302 2405 3354 οὑ
2443 3301 2550 3354 τῶν
2596 3301 2752 3364 ἐκτὸς
2803 3302 3042 3372 ὑπάρχει
3075 3304 3177 3356 καὶ
3216 3301 3374 3370 δῆλον
3404 3295 3605 3353 ὅτιοῦτε

2049 3390 2210 3455 εἶναι,
2233 3393 2356 3447 οὕτε
2390 3392 2755 3462 γινώσκεσθαι
2787 3395 2886 3464 τὴν
2932 3394 3097 3465 φύσιν
3128 3394 3356 3448 δυνατὸν
3380 3392 3497 3445 ἄνευ
3526 3389 3607 3458 τῆς

2050 3485 2193 3538 κατὰ
2223 3485 2386 3554 φύσιν
2412 3485 2712 3555 ἐνεργείας.
2749 3487 2825 3537 Δι’
2858 3479 2932 3538 ὧν
2982 3486 3094 3555 γὰρ
3147 3485 3362 3556 ἐνεργεῖ
3383 3481 3605 3536 ἕκαστον,

2049 3575 2148 3646 τὴν
2173 3576 2382 3630 οἰκείαν
2435 3576 2598 3645 φύσιν
2641 3575 2951 3641 πιστοῦται,
3001 3577 3144 3646 ὅπερ
3176 3575 3295 3630 ἐστὶ
3326 3575 3398 3646 μὴ
3435 3567 3605 3642 τρεπό-

2057 3684 2235 3737 μενον.

379 3771 495 3812 .nra
514 3762 712 3826 potest.
732 3753 889 3808 Exeo
914 3753 1058 3808 enim
1079 3752 1224 3822 quod
1246 3753 1452 3821 aliquid
1477 3752 1610 3823 agit,
1646 3761 1856 3808 naturae
1883 3770 1946 3809 su

2048 3768 2408 3831 trgumentum
2434 3759 2650 3826 edit,ab
2671 3775 2735 3814 eo
2758 3759 2902 3829 quod
2937 3770 3022 3817 est
3045 3761 3275 3816 minime
3301 3755 3601 3813 desciscens-

443 3842 713 3899 Praeterea
759 3843 806 3898 si
855 3858 962 3896 una
993 3841 1197 3897 Christi
1233 3843 1378 3896 actio
1407 3849 1513 3906 est,
1547 3842 1737 3898 eadem
1773 3852 1827 3898 et
1859 3844 1946 3898 di-

383 3935 625 3988 vinarum
659 3942 713 3986 et
744 3932 1110 3985 humanarum
1141 3945 1326 3986 rerum
1361 3931 1466 3986 erit
1490 3931 1759 3986 effectrix.
1785 3932 1949 4002 Atqui

2127 3849 2190 3903 Εἰ
2229 3851 2324 3920 μία
2370 3850 2605 3921 Χριστοῦ
2653 3852 2684 3921 ἠ
2744 3851 3018 3920 ἐνέργεια,
3081 3852 3115 3922 ἡ
3157 3849 3296 3919 αὑτὴ
3324 3847 3428 3901 τῶν
3471 3842 3604 3897 θείων

2057 3941 2151 3994 καὶ
2208 3941 2565 4012 ἀνθρωπίνων
2610 3943 2871 4012 ποιητική
2905 3958 2918 3971 ·
2971 3941 3126 3995 οὐδὲν
3153 3943 3210 3996 δὲ
3250 3941 3354 3995 τῶν
3378 3939 3530 3992 ὄντων
3557 3936 3602 3986 ὲν

376 4025 525 4080 nulla
571 4038 662 4078 res
702 4028 786 4077 est
819 4035 940 4091 quae
983 4021 1040 4075 in
1090 4023 1328 4076 naturali
1367 4036 1470 4078 suo
1519 4030 1666 4078 statu
1720 4037 1948 4079 manens

2054 4035 2166 4098 τοῖς
2199 4033 2339 4087 κατὰ
2373 4033 2533 4103 φύσιν
2575 4034 2733 4103 μενον
2764 4035 2834 4088 τὰ
2885 4035 3104 4086 ἐναντία
3152 4036 3328 4088 ποιεῖν
3364 4029 3564 4084 δύναται
3589 4022 3606 4050 ’

376 4115 657 4171 contraria
697 4113 912 4169 allicere
957 4121 1145 4183 queat.
1182 4113 1371 4184 Neque
1407 4115 1556 4170 enim
1605 4116 1749 4187 ignis
1781 4115 1950 4170 refri-

377 4215 532 4281 gerat
559 4215 615 4264 et
643 4205 894 4262 calefacit
922 4224 935 4261 :
977 4221 1155 4276 neque
1190 4220 1333 4277 aqua
1365 4207 1632 4271 exsiccat,
1669 4216 1724 4262 et
1764 4208 1956 4262 hume-

377 4309 514 4357 ctat.
553 4300 802 4366 Quonam
859 4306 1021 4370 pacto
1069 4299 1236 4368 igitur
1283 4300 1376 4355 ille
1424 4300 1519 4372 qui
1568 4310 1764 4355 natura
1813 4299 1955 4355 Deus

376 4403 482 4460 est,
512 4399 568 4448 et
608 4399 807 4447 natura
840 4391 1020 4446 factus
1045 4398 1130 4446 est
1161 4391 1348 4455 homo,
1381 4393 1546 4447 unica
1587 4395 1812 4447 actione
1840 4399 1953 4446 tum

378 4484 645 4543 miracula
669 4483 923 4551 ediderit,
956 4491 1073 4539 tum
1103 4483 1388 4554 passiones
1423 4483 1620 4538 obierit
1647 4484 1670 4537 ?

451 4573 610 4642 Quod
654 4575 704 4631 si
749 4573 1003 4629 Christus
1041 4580 1276 4628 mentem
1308 4573 1602 4628 humanam
1634 4577 1954 4646 assumpsit,

382 4667 490 4722 hoc
517 4673 622 4731 est,
657 4665 895 4719 animam
930 4664 1144 4720 ratione
1177 4672 1231 4720 et
1259 4665 1620 4736 intelligentia
1647 4667 1955 4737 praeditam,

385 4757 648 4829 cogitavit
687 4757 879 4828 procul
918 4756 1119 4822 dubio,
1166 4763 1221 4813 et
1267 4771 1486 4828 semper
1530 4759 1842 4830 cogitabit:
1894 4774 1959 4814 ac

388 4849 616 4920 proinde
643 4852 772 4920 quia
807 4849 1069 4921 cogitatio
1108 4848 1193 4904 est
1234 4849 1438 4905 mentis
1485 4850 1651 4916 actio,
1703 4850 1959 4908 Christus

387 4947 555 5005 certe,
584 4947 858 5010 quatenus
890 4940 1054 4996 homo
1082 4946 1189 5007 est,
1225 4947 1488 4998 actuosus
1519 4949 1624 5010 est,
1658 4950 1712 4998 et
1743 4958 1958 5014 semper

389 5038 670 5088 ICHIOSIIS.

459 5121 660 5181 Christi
694 5125 874 5196 passio
912 5125 1054 5180 actio
1079 5134 1177 5182 est.
1212 5155 1282 5166 —
1305 5125 1446 5194 Quin
1479 5125 1641 5182 etiam
1667 5125 1960 5198 sapientis-

456 5294 508 5331 “
539 5292 675 5352 Luc.
710 5309 833 5363 vnr,
879 5295 968 5352 54.

1059 5295 1104 5328 “
1141 5294 1283 5352 Max.
1323 5296 1467 5352 Dial.
1493 5313 1611 5352 cum
1638 5295 1892 5367 Pyrrho.-
1943 5295 1988 5328 "
2011 5293 2152 5348 Max.
2189 5295 2326 5352 ibid.

2055 4125 2116 4179 οὑ
2139 4126 2246 4197 γὰρ
2271 4125 2332 4179 τὸ
2361 4126 2474 4198 πῦρ
2516 4125 2679 4196 ψύχει
2731 4127 2827 4179 καὶ
2885 4125 3195 4198 θερμαίνει,
3241 4124 3362 4180 οὑδὲ
3389 4117 3599 4191 ξηραίνει

2055 4221 2148 4275 καὶ
2179 4221 2427 4293 ὑγραίνει
2494 4221 2555 4274 τὸ
2599 4219 2778 4292 ὑδωρ’
2817 4219 2934 4283 πῶς
2981 4216 3074 4274 οὖν
3100 4221 3131 4274 ὁ
3172 4219 3331 4289 φύσει
3373 4215 3442 4268 ὢν
3467 4209 3596 4271 Θεὸς,

2056 4312 2150 4364 καὶ
2177 4310 2335 4381 φύσει
2379 4311 2670 4381 γενόμενος
2701 4308 3013 4380 ἄνθρωπος,
3054 4309 3124 4364 τά
3167 4326 3226 4363 τε
3258 4303 3493 4374 θαύματα
3522 4296 3597 4350 καὶ

2053 4403 2125 4457 τὰ
2145 4403 2292 4475 πάθη
2319 4406 2418 4474 μιᾷ
2439 4403 2687 4474 ἐνεργείᾳ
2710 4401 3037 4456 ἀπετέλεσεν
3057 4418 3072 4467 ;

2131 4579 2194 4631 El
2247 4575 2338 4632 οὖν
2399 4557 2664 4631 ανέλαόεν
2710 4577 2738 4629 ὁ
2790 4576 3025 4648 Χριστὸς
3072 4577 3198 4630 νοῦν
3247 4568 3588 4643 ἀνθρώπινον.

2061 4669 2229 4740 ἧγουν
2270 4669 2450 4740 ψυχὴν
2479 4669 2670 4740 νοεράν
2702 4686 2762 4721 τε
2792 4669 2886 4723 καὶ
2938 4668 3183 4739 λογικὴν,
3221 4661 3592 4730 διανοηθήσεται

2061 4762 2300 4825 πάντως,
2324 4761 2418 4814 καὶ
2444 4762 2530 4814 ἀεὶ
2589 4760 3038 4830 διανοηθήσεται·
3091 4761 3334 4830 ἐνέργεια
3364 4754 3415 4806 δὲ
3440 4747 3534 4810 νοῦ,
3560 4746 3586 4811 ἡ

2061 4851 2297 4905 διάνοιαο
2329 4853 2437 4924 ἄρα
2467 4853 2558 4906 καὶ
2590 4852 2725 4907 καθὸ
2747 4853 3034 4925 ἄνθρωπος
3063 4853 3286 4924 ἐνεργὴς
3318 4849 3343 4901 ὁ
3369 4835 3586 4915 Χριστὸς,

2063 4943 2159 4998 καὶ
2187 4943 2277 5000 ἀεὶ
2306 4944 2552 5021 ἐνεργής.

2148 5123 2209 5176 '0
2236 5123 2292 5176 δὲ
2321 5123 2592 5193 ardva-0:90;
2612 5127 2704 5178 καὶ
2730 5124 2902 5195 μέγας
2926 5123 3077 5194 ἅγιος
3107 5095 3580 5190 ἰωάννηςὸχρνσῶ

2416 5295 2460 5328 ⁸⁸
2483 5293 2624 5350 Max.
2653 5294 2788 5350 ibid.

1690 5450 1920 5507 VARIIE
1962 5449 2362 5506 LECTIONES.

471 5586 489 5632 ἱ
531 5585 683 5644 Multi
735 5588 894 5646 codd.
931 5591 998 5643 ιι.
1053 5587 1223 5646 Vetus
1279 5590 1554 5658 interpres
1587 5590 1653 5644 si.
