3996 6212
397 304 536 371 1057

1419 311 1517 373 DE
1538 312 1717 375 FIDE
1748 314 2214 376 ORTHODOXA
2256 314 2403 376 LIB.
2443 316 2559 376 III.

3518 318 3658 386 1058

395 436 594 490 στομος
616 419 673 471 ὲν
696 420 761 489 τῇ
797 419 1063 491 ἑρμηνείᾳ
1092 421 1200 475 τῶν
1228 422 1506 493 Πρᾶξεων,
1543 425 1785 497 δευτέρῳ
1810 426 1972 497 λόγῳ,

2086 431 2251 485 simus
2270 439 2323 484 et
2347 444 2578 500 magnus
2606 428 2698 484 ille
2716 429 2800 483 vir
2827 438 3051 485 sanctus
3063 429 3303 489 Joannes
3324 434 3657 506 Chrysosto—

391 510 539 563 οὕτω
561 510 761 581 φησιν·
802 528 821 562 ι
851 512 965 565 Οὐκ
1011 512 1079 565 ἄν
1116 531 1202 577 τις
1252 515 1511 586 ἁμάρτοι,
1559 519 1650 570 καὶ
1703 519 1764 573 τὸ
1811 518 1982 582 πάθος

391 600 562 653 αὐτοῦ
589 599 789 670 πρᾶξιν
824 602 1083 665 καλέσας.
1128 604 1216 656 Ἐν
1252 604 1333 675 τῷ
1365 606 1473 676 γάρ
1501 607 1572 659 τὰ
1613 606 1629 657 i
1666 609 1846 661 πάντα
1878 626 1983 661 πα·-

392 696 530 750 θεῖν.
557 695 782 765 εποίησε
807 697 868 750 τὸ
902 700 1045 769 μέγα
1096 702 1192 754 καὶ
1238 702 1553 774 θαυμαστὸν
1594 706 1773 759 ἐκεῖνο
1797 706 1978 777 ἔργον,

392 786 488 839 τὸν
516 786 746 841 θάνατον
773 791 1107 858 καταλύσας,
1145 795 1240 847 καὶ
1274 795 1345 849 τὰ
1374 797 1507 851 ἄλλα
1534 799 1709 852 πάντα
1738 801 1979 869 ἐργασά-

400 894 587 945 μενος.
631 899 649 930 ι

466 1065 530 1116 El
554 1065 704 1118 πᾶσα
731 1063 1001 1135 ἐνέργεια,
1040 1066 1258 1134 φύσεώς
1316 1085 1461 1133 τινος
1491 1070 1754 1144 οὐσιώδης
1802 1076 1981 1147 ὁρίζε-

395 1173 486 1211 ται
518 1156 753 1226 κίνησις,
782 1156 858 1220 ὡς
891 1159 941 1210 οἱ
972 1158 1100 1227 περὶ
1126 1159 1300 1213 ταῦτα
1328 1161 1491 1214 δεινοὶ
1516 1163 1850 1235 διειλήφασι,
1876 1169 1978 1221 ποῦ

398 1249 563 1318 φύσιν
606 1267 692 1313 τις
744 1248 885 1303 οἶδεν
933 1251 1268 1321 ἀκίνητον,ἢ
1310 1255 1588 1319 παντελῶς
1618 1258 2000 1330 ἀνενέργητον,

394 1343 430 1414 ἢ
465 1340 745 1413 ἐνέργειαν
800 1342 1036 1414 εὕρηκεν
1062 1346 1086 1383 ¹ι
1116 1344 1178 1397 ού
1216 1348 1453 1416 φυσικῆς
1487 1349 1770 1419 δυνάμεως
1800 1353 1979 1425 ὑπάρ-

396 1451 601 1505 χουσαν
635 1435 889 1504 κίνησιν;
922 1435 1066 1487 Μίαν
1094 1436 1149 1489 δὲ
1178 1438 1414 1507 φυσικὴν
1438 1440 1550 1509 (57)
1572 1442 1670 1511 τὴν
1698 1444 1978 1513 ἐνέργειαν

396 1525 535 1579 Θεοῦ
568 1526 663 1578 καὶ
687 1527 994 1596 ποιήματος
1019 1528 1117 1579 οὐκ
1135 1527 1200 1581 ἄν
1218 1546 1298 1591 τις
1331 1525 1389 1582 εὖ
1420 1532 1634 1599 φρονῶν
1668 1533 1807 1603 δοίη,
1839 1535 1980 1589 κατὰ

392 1618 488 1671 τὸν
515 1619 783 1688 μακάριον
828 1618 1099 1687 Κύριλλον
1119 1636 1131 1648 ·
1160 1620 1281 1673 οὐδὲ
1322 1620 1581 1684 ζωοποιεῖ
1598 1624 1691 1677 τὸν
1729 1627 1978 1697 Λάζαρον

395 1710 431 1779 ἡ
461 1709 776 1782 ἀνθρωπίνη
804 1708 990 1776 φύσις,
1016 1709 1140 1763 οὕτε
1186 1712 1416 1782 δακρύει
1445 1716 1477 1784 ἡ
1515 1715 1671 1786 θεῖκὴ
1726 1717 1973 1783 ἐξουσία·

394 1798 462 1853 τὺ
504 1800 604 1870 μὲν
640 1800 750 1868 γὰρ
774 1800 1035 1870 δάκρυον,
1074 1800 1174 1869 τῆς
1206 1802 1629 1875 ἁνθρωπότητος
1668 1807 1822 1871 ῐδιον,
1860 1810 1891 1876 ἡ
1924 1809 1979 1861 δὲ

395 1890 535 1961 ζωὴ,
565 1892 663 1960 τῆς
708 1893 1077 1947 ὲνυποστάτου
1135 1893 1304 1963 ζωῆς.
1368 1896 1507 1948 Ἀλλ’
1576 1898 1726 1967 ὅμως
1784 1899 1982 1963 κοινῶς

394 1984 727 2053 ἀμφοτέρων
756 1984 1016 2055 ἑκάτερα,
1040 1986 1129 2039 διὰ
1154 1988 1213 2039 τὸ
1256 1988 1454 2041 ταύτὸν
1480 1990 1579 2060 τῆς
1605 1990 1979 2054 ὑποστάσεως.

395 2068 495 2138 Εἷς
527 2074 626 2145 μὲν
652 2074 761 2145 γάρ
798 2077 947 2128 ἐστιν
968 2078 996 2128 ὁ
1020 2077 1274 2148 Χριστὸς,
1305 2078 1401 2132 καὶ
1438 2077 1496 2132 ἓν
1526 2080 1689 2133 αὑτοῦ
1718 2082 1779 2133 τὸ
1811 2082 1983 2153 προσ⁴

394 2183 567 2229 ωπον,
594 2166 710 2236 ἦτοι
730 2168 764 2237 ἡ
785 2167 1084 2231 ὑπόστασις
1104 2184 1117 2198 ο
1150 2169 1264 2220 ἀλλ’
1309 2172 1459 2239 ὅμως
1494 2170 1607 2241 ἔχει
1638 2172 1731 2225 δύο
1765 2174 1979 2241 φύσεις,

394 2259 497 2329 τῆς
522 2258 773 2329 θεότητος
803 2259 900 2311 κει)⁵
928 2260 1028 2329 τῆς
1066 2259 1488 2331 ἀνθρωπότητος
1527 2261 1715 2317 αὑτοῦ.
1761 2263 1856 2315 Ἐκ
1881 2263 1981 2331 μὲν

392 2345 491 2404 οὖν
519 2350 618 2419 τῆς
648 2350 903 2420 θεότητος
932 2351 965 2420 ἡ
1023 2349 1150 2416 δόξα
1184 2350 1431 2418 φυσικῶς
1466 2352 1754 2422 προιοῦσα,
1784 2353 1981 2405 ἑκατέ-

398 2460 495 2513 ρου
520 2442 674 2509 κοινὴ
700 2442 787 2495 διὰ
807 2442 906 2512 τὴν
925 2443 1023 2511 τῆς
1039 2442 1394 2506 ὑποστάσεως
1416 2444 1634 2512 ἐγένετο
1655 2444 1980 2513 ταυτότητα,

394 2535 461 2586 ὲκ
487 2534 542 2588 δὲ
575 2534 674 2603 τῆς
711 2535 934 2603 σαρκὸς,
967 2534 1036 2586 τὰ
1056 2534 1292 2588 ταπεινὰ
1316 2536 1565 2607 ἑκατέρῳ
1602 2534 1621 2573 ι
1659 2536 1835 2591 κοινά.
1884 2532 1982 2600 Εἷς

395 2628 505 2697 γάρ
537 2627 654 2678 ὲστι
688 2628 780 2679 καὶ
814 2626 975 2689 αὐτὸς
1008 2626 1035 2678 ὁ
1057 2627 1215 2679 τοῦτό
1238 2645 1297 2679 τε
1328 2630 1550 2681 κάκεῖνο
1587 2628 1682 2693 ὣν,
1712 2630 1830 2699 ἦτοι
1849 2628 1982 2691 Θεὸς

394 2721 492 2774 καὶ
524 2719 836 2790 ἅνθρωπος.
866 2721 961 2773 καὶ
996 2718 1093 2772 τοῦ
1140 2719 1330 2781 αὐτοῦ,
1373 2719 1442 2773 τά
1495 2738 1552 2773 τε
1588 2720 1688 2790 τῆς
1728 2719 1982 2789 θεότητος

395 2812 492 2866 καὶ
516 2812 582 2865 τὰ
602 2812 703 2881 τῆς
737 2812 1157 2884 ἀνθρωπότητος
1179 2827 1192 2841 ⁸
1224 2811 1323 2873 τὰς
1377 2812 1477 2880 μὲν
1500 2811 1608 2881 γὰρ
1654 2810 1984 2880 θεοσημείας

394 2900 430 2972 ἡ
462 2900 650 2970 θεότης
674 2902 984 2971 εἰργάζετο,
1031 2899 1145 2951 ἀλλ’
1188 2900 1249 2952 οὐ
1278 2900 1404 2968 δίχα
1444 2902 1544 2970 τῆς
1575 2898 1808 2969 σαρκὸςο
1830 2898 1901 2951 τὰ
1922 2898 1978 2949 δὲ

394 2993 632 3047 ταπεινὰ
679 2995 713 3064 ἡ
765 2993 921 3063 σὰρξ,
953 2992 1068 3045 ἀλλ’
1114 2992 1176 3044 οὐ
1224 2992 1393 3063 χωρὶς
1435 2991 1537 3061 τῆς
1575 2990 1980 3060 θεότητος.Καὶ

2083 536 2227 581 mus,
2268 521 2322 573 in
2356 520 2617 573 Actorum
2652 520 3040 589 explanatione
3071 522 3138 583 “,
3170 522 3389 576 homilia
3414 527 3657 580 secunda

2082 613 2165 667 sic
2211 613 2493 682 loquitur:
2540 630 2559 663 ι
2610 611 2765 665 Haud
2821 613 3103 682 quispiam
3160 614 3498 669 aberraverit
3528 655 3543 677 ,
3606 616 3655 670 si

2080 704 2254 773 ipsius
2277 719 2497 773 quoque
2538 705 2847 773 passionem
2876 706 3131 758 actionem
3164 707 3471 774 appellarit.
3500 709 3556 760 In
3591 722 3660 762 eo

2080 794 2224 848 enim
2252 794 2397 863 quod
2421 795 2607 847 omnia
2646 810 2936 864 perpessus
2965 805 3068 857 est,
3098 796 3295 863 ingens
3332 797 3461 850 illud
3496 806 3660 866 atque

2080 886 2391 940 mirandum
2423 902 2564 955 opus
2606 887 2865 955 patravit,
2897 896 3126 941 mortem
3162 889 3476 953 destruens,
3519 889 3657 943 alia-

2082 992 2188 1046 que
2221 978 2400 1031 omnia
2431 994 2685 1047 operans.
2732 997 2751 1031 ›

2150 1069 2353 1124 Christi
2381 1073 2615 1125 actiones
2648 1072 2923 1142 utriusque
2965 1073 3153 1141 formae
3182 1077 3551 1128 communiter.
3588 1104 3660 1115 —

2077 1158 2199 1213 Jam
2247 1160 2293 1215 si
2337 1161 2517 1215 omnis
2547 1162 2793 1230 operatio
2824 1163 2896 1215 ita
2930 1163 3211 1225 deﬁnitur.
3248 1174 3307 1217 ut
3341 1165 3413 1219 sit
3448 1174 3660 1217 natura:

2080 1252 2386 1322 cujuspiam
2421 1254 2801 1308 substantialis
2847 1262 3062 1319 motus,
3095 1256 3240 1310 sicut
3272 1255 3463 1313 harum
3495 1255 3656 1325 periti

2080 1344 2440 1407 tradiderunt,
2460 1346 2681 1398 ubinam
2709 1347 2925 1400 tandem
2954 1348 3153 1416 aliquis
3186 1358 3435 1401 naturam
3469 1350 3659 1403 immo-

2078 1435 2267 1500 bilem,
2293 1448 2386 1491 aut
2419 1438 2757 1505 operationis
2796 1447 3078 1507 expertem
3127 1442 3301 1503 novit,
3368 1450 3462 1493 aut
3506 1441 3654 1508 ejus-

2079 1525 2226 1579 modi
2252 1526 2625 1594 operationem
2660 1526 2891 1589 invenit,
2927 1543 3050 1596 quae
3079 1530 3341 1597 potentiae
3381 1532 3661 1583 naturalis

2079 1623 2262 1671 motus
2313 1631 2421 1669 non
2469 1618 2653 1672 esset?
2698 1617 2870 1673 Unam
2914 1634 3082 1687 porro
3134 1621 3439 1674 naturalem
3499 1621 3662 1690 235

2082 1708 2351 1762 actionem
2382 1706 2472 1763 Dei
2503 1716 2556 1763 et
2578 1716 2864 1773 creaturae,
2896 1726 3057 1765 nemo
3082 1712 3325 1780 prudens
3365 1728 3659 1769 concesse-

2082 1800 2174 1865 rit,
2200 1809 2423 1855 auctore
2459 1801 2620 1855 beato
2644 1801 2850 1872 Cyrillo
2884 1804 2951 1857 αθ.
2975 1802 3089 1859 Νεε
3118 1805 3264 1859 enim
3293 1805 3530 1858 humana
3564 1821 3663 1858 na-

2082 1897 2207 1944 tura
2266 1889 2532 1945 Lazarum
2583 1905 2613 1944 a
2674 1894 2906 1947 mortuis
2942 1894 3144 1947 excitat
3178 1894 3259 1958 5‘;
3324 1910 3425 1949 nec
3462 1910 3661 1950 rursus

2082 1982 2415 2054 lacrymatur
2454 1983 2641 2037 divina
2669 1986 2913 2053 potentia
2939 1985 3221 2055 (lacrymaa
3252 1986 3519 2055 siquidem
3564 1988 3664 2041 htt-

2083 2074 2364 2128 manitatis
2392 2076 2631 2145 propriae
2658 2086 2818 2142 sunt;
2852 2077 2959 2130 vita
2997 2087 3202 2139 autem,
3237 2093 3380 2132 verte
3405 2079 3553 2134 illius
3599 2094 3663 2133 ac

2082 2166 2441 2221 subsistentis
2474 2168 2654 2234 vitae):
2684 2179 2812 2222 sunt
2832 2177 3014 2223 tamen
3041 2176 3273 2238 utraque
3298 2170 3382 2225 his
3411 2186 3664 2224 commu-

2082 2257 2173 2310 nia
2208 2258 2275 2317 “,
2304 2257 2429 2326 quia
2464 2273 2570 2311 una
2612 2259 2915 2328 eademque
2945 2275 3178 2328 persona
3211 2269 3315 2314 est.
3349 2261 3485 2315 Nam
3519 2278 3665 2319 unus

2081 2348 2301 2417 quidem
2344 2347 2597 2403 Christus
2626 2358 2709 2404 est
2732 2389 2747 2411 ,
2780 2360 2942 2419 atque
2971 2366 3077 2404 una
3109 2351 3228 2419 ejus
3262 2368 3519 2421 persona,
3562 2372 3659 2411 seu

2082 2439 2397 2510 hypostasis
2425 2460 2437 2493 :
2468 2450 2724 2494 caeterum
2758 2441 2895 2496 duas
2935 2450 3162 2497 naturas
3204 2444 3390 2509 habet,
3442 2445 3664 2503 deitatis

2082 2530 2341 2583 nimirum
2394 2539 2447 2583 et
2494 2530 2852 2585 humanitatis
2886 2547 3017 2587 suae.
3069 2532 3132 2588 Et
3163 2534 3385 2602 quidem
3430 2537 3659 2591 claritas

2084 2621 2411 2675 naturaliter
2432 2638 2497 2675 ex
2528 2621 2815 2677 divinitate
2844 2625 3125 2692 prodiens,
3160 2627 3381 2694 utrique
3407 2628 3663 2681 substan-

2082 2713 2171 2767 tia!
2202 2716 2517 2768 communis
2549 2714 2740 2768 eﬂecta
2772 2722 2856 2769 est
2895 2716 2965 2768 ob
3001 2730 3251 2785 personae
3280 2717 3617 2771 identitatem
3644 2734 3663 2786 ;

2083 2813 2137 2859 et
2169 2822 2364 2861 rursus
2395 2806 2467 2860 ob
2495 2820 2747 2871 carnem,
2783 2823 2905 2875 quae
2952 2807 3180 2861 humilia
3225 2817 3410 2873 erant,
3444 2810 3666 2879 utrique

2083 2906 2293 2951 naturae
2322 2898 2638 2951 communia
2686 2898 2857 2953 fuere.
2904 2898 3059 2953 Unus
3094 2901 3237 2953 enim
3284 2909 3338 2953 et
3372 2900 3511 2955 idem
3554 2911 3667 2966 est,

2083 2989 2177 3059 qui
2217 2996 2271 3042 et
2321 2988 2425 3041 hoc
2466 2996 2520 3040 et
2565 2988 2700 3041 illud
2752 2996 2861 3053 est,
2920 3004 3119 3059 nempe
3171 2990 3317 3045 Deus
3363 3000 3417 3045 et
3466 2992 3660 3059 homo;

395 3083 679 3157 πασχούσῃ
721 3084 828 3152 γὰρ
874 3086 940 3154 τῇ
990 3084 1153 3154 σαρκὶ
1208 3083 1530 3153 συνημμένη
1578 3078 1646 3153 ἦν
1693 3085 1726 3153 ή
1767 3082 1976 3151 θεότης,

2086 3081 2447 3149 ejusdemque
2488 3090 2637 3144 sunt,
2688 3087 2801 3133 tum
2853 3097 2975 3149 qum
3009 3082 3324 3149 divinitati,
3384 3089 3497 3136 tum
3542 3096 3665 3153 qua

396 3175 613 3247 ἀπαθὴς
638 3176 993 3244 διαμένουσα,
1038 3176 1133 3228 καὶ
1170 3175 1236 3228 τὰ
1264 3175 1412 3245 πάθη
1449 3174 1745 3228 ἐκτελοῦσα
1776 3175 1844 3227 τὰ
1872 3192 1980 3227 σω-

394 3268 584 3336 τήρια,
616 3266 711 3320 καὶ
738 3266 1038 3339 ὲνεργούσῃ
1093 3270 1161 3338 τῇ
1230 3266 1325 3320 τοῦ
1374 3267 1553 3335 Λόγου
1602 3266 1820 3336 θεότητι
1853 3283 1978 3318 συν-

398 3359 643 3430 ημμένος
688 3355 755 3430 ἦν
794 3362 822 3413 ὁ
871 3360 1028 3428 ἆγιος
1056 3358 1203 3425 νοῦς,
1235 3359 1373 3414 νοῶν
1389 3359 1484 3414 καὶ
1512 3359 1669 3422 εἰδὼς
1696 3359 1763 3412 τὰ
1792 3359 1981 3412 τελού-

402 3467 559 3521 μενα.
1974 3446 1979 3449 ⁸

398 3542 795 3614 passionesque
841 3541 1115 3596 salutares
1164 3541 1397 3596 reddens
1432 3548 1486 3595 et
1519 3540 1809 3611 perﬁciens
1855 3558 1870 3594 :

2090 3172 2418 3228 humanitati
2444 3173 2799 3227 conveniunt.
2827 3172 3036 3227 Etenim
3061 3174 3242 3227 divina
3272 3175 3427 3245 signa
3445 3176 3661 3241 edebat,

2090 3270 2145 3315 at
2181 3277 2287 3315 non
2330 3262 2449 3316 sine
2497 3276 2703 3316 carne:
2750 3278 2878 3317 caro
2914 3277 3107 3318 rursus
3152 3264 3377 3318 humilia
3404 3307 3419 3331 ,
3453 3274 3507 3320 at
3552 3281 3667 3325 non

2089 3354 2320 3409 seorsim
2357 3368 2386 3406 a
2420 3353 2728 3408 divinitate.
2780 3352 2914 3408 Nam
2954 3362 3007 3408 et
3055 3356 3286 3425 patienti
3335 3358 3487 3410 carni
3532 3370 3667 3415 con-

2082 3446 2274 3516 juncta
2337 3453 2456 3499 erat
2511 3445 2795 3511 divinitas,
2862 3447 3218 3515 impassibilis
3278 3465 3665 3519 perseverans,

1944 3553 2009 3594 ac
2083 3552 2282 3592 rursus
2349 3539 2600 3607 operanti
2672 3537 2839 3593 Verbi
2903 3538 3184 3593 divinitati
3242 3556 3399 3597 mens
3467 3552 3663 3598 sancta

398 3635 652 3706 copulata
681 3642 823 3697 erat,
855 3635 1105 3704 cogitans
1136 3643 1189 3689 et
1222 3634 1535 3704 intelligens
1566 3648 1627 3687 ea
1662 3649 1783 3703 quae
1814 3631 2238 3702 peragebantur.

470 3726 591 3781 Τῶν
630 3727 727 3796 μὲν
756 3722 847 3779 οὖν
872 3726 1089 3778 οἰκείων
1112 3726 1448 3796 αὐχημάτων
1477 3726 1511 3793 ἡ
1534 3724 1727 3794 θεότης
1764 3723 1841 3793 τῷ
1874 3721 1979 3775 σώ-

405 3835 533 3891 ματι
566 3816 953 3889 μεταδίδωσιν·
980 3816 1121 3888 αὕτη
1152 3817 1209 3870 δὲ
1257 3815 1365 3870 τῶν
1400 3815 1501 3884 τῆς
1537 3816 1740 3885 σαρκὸς
1789 3815 1981 3869 παθῶν

474 3997 702 4070 ⁸⁸,Ηοιῐι
740 4000 794 4056 1.
860 4000 906 4032 ⁵ο
936 4000 1055 4055 Lib.
1086 4012 1234 4051 χχιιι
1263 3997 1442 4065 Thes.,
1479 4016 1529 4055 ο.
1555 4000 1612 4055 2.
1652 3999 1868 4055 Citatur
1895 4010 1980 4055 aet

2086 3999 2112 4053 θ
2138 4008 2310 4056 serue
2339 3998 2555 4069 synodi.

2160 3721 2231 3772 At
2264 3720 2526 3775 divinitas
2573 3720 2795 3788 quidem
2847 3721 3064 3789 corpori
3102 3724 3501 3791 prmrogatiras
3534 3740 3665 3780 suas

2078 3812 2447 3880 impertiebat,
2517 3826 2637 3864 cum
2690 3811 2910 3865 interim
2959 3812 3078 3881 ipsa
3122 3814 3369 3882 corporis
3415 3815 3664 3871 dolorum

2649 3998 2695 4029 ⁸¹
2728 3996 2891 4052 Joan.
2922 4015 2996 4063 XI,
3024 3999 3074 4053 l.
3157 4000 3200 4032 "
3228 3998 3360 4062 Leo,
3384 4000 3546 4069 epist.
3578 4001 3663 4055 10.

1703 4152 1939 4209 νΑιιιΑῑ
1988 4150 2392 4208 LECTIONES.

478 4271 494 4342 ξ
524 4272 655 4325 Cod.
708 4270 766 4326 S.
801 4270 907 4325 Hil.
933 4279 986 4325 et
1017 4272 1318 4342 aliisideest
1347 4273 1445 4325 τά*
1473 4272 1615 4341 apud
1646 4271 1932 4341 Chrysost.
1960 4273 2176 4339 legitur,
2209 4273 2267 4324 ὲν
2302 4272 2411 4340 γὰρ
2442 4270 2519 4342 τῷ
2550 4270 2763 4337 παθεῖν,
2798 4273 3040 4342 ἐποίησε.

3143 4273 3169 4315 ιι
3206 4274 3434 4342 Quidam
3485 4272 3666 4349 εὗρεν.

413 4338 429 4382 ι
463 4340 528 4396 Β.
572 4342 879 4412 Ιὲκατέρων
934 4343 1109 4396 κοινά.
1144 4341 1235 4397 Sic
1259 4351 1413 4399 vetus
1449 4338 1678 4412 interpr.
1710 4338 2093 4396 alterutrorum
2127 4338 2447 4397 communia.
2479 4338 2609 4413 Reg.
2638 4344 2776 4397 alter
2798 4338 3034 4415 ἑκατέρᾳ

1873 4480 2107 4538 NOT/E.

478 4597 589 4668 ('57)
617 4596 773 4650 Μίαν
801 4595 869 4671 δέ
890 4596 1180 4671 φυσικήν.
1223 4594 1613 4671 Unamporm,
1644 4608 1750 4651 etc.
1789 4596 1982 4671 Mpno-
2014 4579 2060 4631 D
2088 4598 2243 4653 deret
2302 4616 2466 4654 unam
2528 4617 2649 4657 esse
2694 4602 3069 4671 operationem
3124 4603 3437 4659 divinitatis
3468 4645 3484 4670 ,
3548 4608 3666 4663 sive

406 4665 619 4723 theleta:
653 4675 774 4734 post
832 4666 1091 4736 Severum
1142 4668 1245 4721 hoc
1293 4665 1489 4736 rCyrilli
1548 4669 1667 4721 loco
1709 4674 1784 4733 (in
1824 4666 1990 4724 Joan.

409 4738 945 4808 p.35‘l)nitehantur
978 4755 988 4788 :
1029 4735 1159 4808 Cum
1186 4735 1592 4806 arcltisynogogi
1623 4738 1789 4805 ﬁliani
1824 4742 1994 4792 susci-

410 4805 558 4865 tavit,
588 4807 827 4871 dicende,
855 4826 872 4857 ι
909 4805 1121 4867 Puella,
1147 4822 1323 4875 surge,
1361 4824 1377 4856 ι
1420 4811 1583 4859 tenuit
1606 4824 1819 4860 manum
1848 4809 1987 4875 ejus;

398 4879 557 4947 jussu
579 4878 787 4947 quidem
811 4878 973 4930 vitam
988 4875 1229 4939 reddens,
1256 4892 1356 4944 quo
1388 4878 1563 4928 omnia
1592 4876 1847 4940 condidit,
1870 4891 1990 4930 tan-

409 4964 569 5018 quam
614 4946 785 5018 ρεαδ,
842 4948 1064 5018 itemque
1107 4948 1337 5018 propria:
1374 4947 1576 5018 carnis,
1635 4947 1763 5016 μίαν
1802 4964 1859 4998 τε
1895 4949 1987 5000 καὶ

410 5015 649 5084 συγγενῆ
670 5017 737 5068 δι’
766 5017 968 5085 ἀμφοῖν
996 5017 1212 5080 δεικνὺς
1244 5016 1341 5085 τὴν
1390 5015 1696 5086 ἐνέργειαν,
1728 5033 1889 5069 ιιηαηι
1935 5028 1985 5071 et

408 5102 743 5155 congenerem
776 5102 865 5153 per
890 5101 1164 5155 utramque
1202 5086 1556 5152 operationem
1590 5086 1764 5139 edens.
1813 5086 1985 5138 Mavi-

410 5172 556 5220 mus,
594 5157 737 5209 Dial.
795 5172 914 5209 cum
962 5156 1172 5226 Pyrrh.
1209 5172 1418 5210 necnon
1478 5156 1728 5223 epistolis
1783 5156 1847 5210 ad
1894 5157 1986 5211 Ni—

406 5226 595 5280 candr.
628 5236 681 5279 et
713 5228 779 5279 ad
810 5225 1109 5281 monachos
1158 5225 1313 5279 Sicil.
1347 5226 1561 5293 reponit
1602 5233 1851 5279 sanetum
1881 5227 1982 5280 do-

406 5304 616 5350 ctorem
644 5297 750 5349 alio
773 5296 914 5358 loco,
948 5296 1128 5358 (Thes.
1160 5296 1255 5349 lib.
1283 5298 1731 5357 xxxn.asscrt.2)
1751 5296 1981 5359 dixisse,

406 5368 488 5419 ὃτι
508 5366 733 5433 ποιητοῦ
761 5367 853 5419 καὶ
877 5366 1183 5436 ποιήματος
1220 5365 1346 5432 μίαν
1371 5364 1650 5436 ἐνέργειαν
1674 5365 1774 5417 οὐκ
1808 5365 1873 5418 ἄν
1898 5384 1982 5430 τις

405 5436 522 5506 δοίη
560 5437 886 5505 σωφρόνωςο
930 5434 1102 5488 unam
1140 5436 1363 5502 [actoris
1414 5444 1462 5487 et
1521 5434 1747 5501 factum:
1790 5452 1980 5503 opera-

409 5507 606 5559 tionem
639 5522 750 5558 esse
810 5506 1039 5573 prudens
1096 5521 1245 5557 nemo
1269 5506 1628 5569 concesserit;
1658 5514 1705 5558 et
1745 5522 1979 5570 rursum,

406 5590 590 5628 eorum
620 5591 734 5643 qua:
760 5575 980 5627 diversae
1006 5586 1207 5628 natura:
1251 5586 1393 5635 sunt,
1424 5576 1682 5628 diversam
1710 5592 1822 5628 esse
1854 5592 1979 5643 ope-

410 5647 669 5698 rationem
703 5660 719 5697 :
754 5660 844 5697 nec
904 5660 1026 5706 non,
1050 5660 1167 5713 qua:
1215 5656 1333 5696 sunt
1363 5644 1595 5711 ejusdem
1626 5647 1971 5712 operationis,

404 5713 644 5781 ejusdem
664 5713 995 5769 substantiae.
1014 5712 1384 5779 Quamobrem
1403 5713 1686 5785 Cyrillum,
1716 5724 1772 5770 ut
1792 5724 1975 5770 osten-

2100 4686 2223 4721 cum
2258 4685 2445 4747 carne,
2471 4671 2785 4747 sivcf‘xtra
2817 4688 3062 4747 carnem,
3102 4688 3264 4747 unam
3308 4676 3515 4731 dixisse
3540 4693 3669 4747 qua

2097 4754 2191 4806 per
2222 4743 2693 4815 utramqueedita
2743 4743 2833 4805 sit,
2871 4742 3090 4815 quando
3115 4743 3347 4797 Verbum
3383 4742 3665 4815 assunipta

2095 4823 2279 4873 carne,
2312 4825 2421 4863 non
2456 4812 2572 4865 solo
2615 4812 2806 4878 jussu,
2840 4814 3106 4865 miracula
3162 4815 3420 4880 patravit,
3472 4812 3664 4871 sed-ct

2092 4889 2380 4943 Contactu,
2438 4896 2730 4951 Corporum
2791 4897 2964 4943 more,
2994 4890 3052 4934 ut
3100 4884 3277 4951 palam
3314 4883 3519 4938 faceret
3541 4901 3660 4938 εει-ς

2094 4963 2213 5019 nem
2244 4965 2403 5001 suam
2443 4950 2717 5002 vivilicam
2745 4966 2889 5012 esse,
2920 4967 3041 5019 qua:
3066 4950 3352 5019 suiipsius.
3386 4969 3493 5007 non
3525 4957 3659 5008 alte-

2090 5018 2208 5089 rius
2227 5030 2409 5076 esset;
2435 5035 2499 5071 eo
2526 5020 2637 5073 fere
2666 5024 2827 5072 modo
2856 5018 2965 5089 quo
2991 5020 3129 5085 ignis
3153 5018 3339 5076 u'nitus
3369 5037 3490 5076 cum
3518 5022 3666 5078 ferro

2088 5086 2276 5157 elﬁcit,
2309 5099 2367 5141 ut
2392 5089 2597 5142 ferrum
2654 5086 2965 5152 comburat,
2997 5091 3132 5144 adeo
3166 5098 3222 5143 ut
3266 5093 3483 5147 adustio
3509 5092 3663 5157 ferri,

2089 5156 2287 5233 ipsius,
2318 5158 2514 5233 nedum
2547 5160 2710 5233 ignis,
2736 5160 3074 5233 prepria_sit.
3115 5161 3353 5215 Basilius
3402 5172 3528 5216 ante
3558 5162 3663 5233 Cy-

2086 5226 2297 5301 rillum,
2364 5226 2608 5301 omnium
2662 5226 2855 5301 forsan
2886 5231 3149 5301 primus,
3197 5233 3504 5301 exemplum
3560 5226 3665 5289 hoc

2088 5298 2419 5352 adhibuerat
2469 5301 2521 5352 in
2581 5299 2725 5352 hom.
2778 5299 2832 5352 in
2872 5298 3005 5353 Chr.
3048 5298 3172 5353 Nat.
3239 5298 3575 5356 Scholiastcs
3599 5307 3663 5358 in

2084 5366 2384 5441 C_ul|ectan.
2416 5376 2563 5423 cont.
2596 5367 2781 5441 ξενον.
2807 5384 2856 5421 c.
2881 5369 2970 5433 20,
2995 5369 3071 5441 ad
3096 5370 3239 5441 hunc
3267 5370 3454 5441 (lyr-illi
3483 5373 3664 5428 locum

2082 5438 2363 5502 observat,
2388 5439 2627 5507 συγγενῆ
2654 5438 2958 5507 ἐνέργειαν,
2999 5439 3134 5492 nihil
3177 5438 3326 5495 esse'
3348 5441 3521 5501 aliud,
3558 5444 3663 5497 nisi

2085 5523 2253 5578 unum
2276 5508 2643 5578 ἀποτέλεσμα,
2664 5508 2927 5578 eiectum,
2958 5509 3103 5578 quod
3125 5526 3153 5563 a
3175 5510 3356 5565 Verbo
3402 5518 3663 5565 contactu

2084 5576 2271 5650 carnis
2319 5577 2527 5631 editum
2552 5576 2559 5577 7
2583 5579 2654 5632 sit
2679 5576 3289 5650 {quinimoﬂaddeudo
3321 5581 3417 5633 xui.
3460 5580 3529 5633 δι’
3557 5582 3665 5650 ἀμο

2084 5648 2364 5725 (populnea
2419 5657 2645 5701 naturas
2700 5655 2925 5717 propter
2974 5649 3222 5706 diversas
3278 5652 3525 5708 actiones
3579 5648 3663 5704 ιιι.

2085 5731 2295 5772 [1111588.
