3996 6212
368 326 392 391 1
402 325 510 390 059

1563 322 1624 382 S.
1654 320 1972 382 JOANNIS
2003 317 2432 380 DAMASCENI

3482 303 3631 369 1060

362 431 626 491 immunis
645 434 910 486 maneret.
940 424 1061 481 Non
1086 423 1252 490 enim,
1279 421 1737 493 quemadmodum
1767 421 1926 477 Verbi

2050 426 2275 495 ῑιαμένει
2306 424 2592 495 ἀμέτοχος.
2625 419 2702 474 Οὐ
2730 418 2862 490 γὰρ,
2897 417 3090 488 ὥσπερ
3109 415 3199 470 διὰ
3222 413 3325 484 τῆς
3353 414 3557 483 σαρκὸς
3588 415 3626 482 ἡ

360 524 623 583 divinitas
653 538 749 592 per
774 535 997 576 carnem
1033 527 1310 589 operatur,
1357 517 1431 570 ita
1475 515 1636 571 etiam
1668 530 1767 583 per
1793 514 1933 568 divi-

360 619 589 679 nitatem
617 628 749 669 caro
778 612 952 683 ipsius
982 609 1411 681 perpetiebatur.
1439 606 1753 660 Divinitatis
1785 606 1931 661 enim

358 722 629 779 organum
656 720 786 760 caro
825 704 944 758 fuit.
980 702 1302 770 Quanquam
1332 700 1500 768 igitur
1530 713 1559 751 a
1596 698 1774 767 prima
1802 712 1937 751 con-

360 802 616 869 ceptione
662 797 874 852 nullum
921 794 1143 849 omnino
1197 792 1336 845 inter
1387 799 1672 859 utramque
1702 788 1935 843 formam

362 892 564 946 divisio
595 890 776 943 locum
810 888 1041 950 invenit,
1072 899 1259 939 verum
1295 882 1460 936 unius
1487 896 1733 951 persona:
1765 880 1936 934 actio-

361 998 485 1045 nes,
538 980 737 1050 quovis
789 986 1032 1047 tempore
1074 976 1233 1030 editae
1285 974 1416 1037 sint,
1477 974 1768 1041 utriusque
1818 970 1937 1024 for-

360 1089 464 1129 maa
493 1073 859 1137 exstiterunt;
897 1084 996 1124 nos
1030 1076 1213 1122 tamen
1262 1080 1325 1120 ea
1375 1080 1497 1134 quae
1543 1065 1683 1118 citra
1714 1078 1938 1133 separa-

363 1166 567 1221 tionem
607 1170 761 1235 gesta
797 1168 946 1225 sunt,
993 1159 1146 1213 nullo
1193 1157 1356 1212 modo
1388 1155 1806 1219 confundimus,
1839 1153 1937 1209 sed

363 1258 494 1328 quid
529 1256 802 1324 cujusque
850 1251 1039 1307 forma:
1078 1256 1229 1305 esset
1282 1265 1348 1304 ex
1399 1263 1627 1318 operum
1662 1246 1936 1317 qualitate

364 1348 770 1419 cognoscimus.

450 1437 601 1493 Verbi
634 1447 765 1490 nutu
800 1434 1105 1487 humanitas
1133 1449 1233 1487 sua
1268 1430 1665 1499 exsequebatur.
1693 1458 1762 1469 —
1794 1427 1939 1494 Quo-

366 1532 514 1586 circa
565 1530 613 1562 ⁸³
662 1527 922 1584 Christus
971 1525 1275 1582 secundum
1335 1533 1627 1591 utramque
1685 1532 1938 1574 naturam

366 1635 522 1677 suam
553 1625 834 1688 operatur,
879 1631 945 1671 ac
992 1616 1046 1669 in
1095 1629 1161 1669 eo
1214 1623 1446 1680 utraque
1480 1620 1677 1665 natura
1709 1626 1832 1665 cum
1861 1609 1941 1662 al-

2037 517 2229 587 θεότης
2258 518 2501 588 ἐνήργει,
2561 511 2701 567 οὕτω
2748 511 2846 566 καὶ
2874 510 2963 564 διά
2985 509 3087 574 τῆς
3135 507 3393 577 θεότητος
3415 506 3449 575 ἡ
3483 503 3633 574 σὰρξ

2035 608 2201 663 αὑτοῦ
2235 609 2492 677 ἔπασχεν.
2537 607 2807 677 Ὀργανον
2841 602 2952 671 γὰρ
2980 604 3014 672 ὴ
3050 599 3191 671 σὰρξ
3228 600 3329 669 τῆς
3363 597 3631 667 θεότητος

2036 698 2425 768 ἐχρημάτισεν.
2462 697 2524 749 Εἰ
2563 696 2656 749 καὶ
2681 694 2859 746 τοίνυν
2884 692 2942 758 ἐξ
2972 692 3146 760 ἄκρας
3171 688 3489 758 συλλήψεως
3512 686 3630 738 οὐδ’

2035 791 2216 843 ὁτιοῦν
2262 789 2595 862 διῃρημένον
2646 782 2714 856 ἦν
2764 785 2863 854 τῆς
2917 783 3186 851 ἑκατέρας
3230 780 3471 851 μορφῆς,
3506 778 3631 830 ἀλλ’

2039 882 2157 945 ἑνὸς
2191 880 2488 950 προσώπου
2514 880 2571 932 αἰ
2603 876 2697 930 τοῦ
2728 876 2925 939 παντὸς
2952 875 3144 945 χρόνου
3166 871 3395 941 πράξεις
3425 869 3632 922 ἑκατέ-

2040 990 2141 1043 ρας
2171 972 2385 1042 μορφῆς
2418 972 2731 1039 γεγόνασιν,
2760 970 2911 1038 ὅμως
2960 965 3101 1020 αὐτὰ
3129 965 3274 1034 ἆπερ
3297 962 3632 1033 ἀχωρίατως

2036 1063 2381 1133 γεγένηνται,
2405 1062 2527 1114 κατ’
2559 1059 2750 1113 οὐδένα
2781 1057 2982 1129 τρόπον
3027 1055 3347 1124 συγχέομεν,
3380 1049 3525 1103 ἀλλὰ
3553 1049 3631 1109 τί,

2038 1155 2199 1216 ποίας
2221 1155 2305 1225 εῐη
2338 1154 2553 1226 μορφῆς
2578 1153 2643 1205 ὲκ
2660 1150 2761 1220 τῆς
2789 1148 2897 1203 τῶν
2920 1148 3098 1219 ἔργων
3117 1145 3405 1215 ποιότητος
3430 1139 3634 1196 αἰσθαο

2038 1245 2263 1317 νόμεθα.

2126 1426 2369 1494 Ἐνεργεῖ
2395 1421 2574 1474 τοίνυν
2625 1420 2654 1472 ὁ
2704 1416 2939 1488 Χριστὸς
2978 1414 3099 1469 καθ’
3147 1410 3418 1483 ἑκατέραν
3460 1405 3632 1464 αὐτοῦ

2040 1517 2148 1570 τῶν
2170 1514 2407 1583 φύσεων,
2433 1512 2530 1565 κα)⁵
2558 1512 2775 1580 ἐνεργεῖ
2793 1508 3033 1577 ἑκατέρα
3056 1503 3217 1575 φύσις
3238 1505 3296 1557 ὲν
3315 1502 3466 1572 αὑτῷ
3492 1500 3633 1571 μετὰ

2041 1610 2139 1679 τῆς
2173 1606 2407 1676 θατέρου
2434 1603 2717 1664 κοινωνίας
2741 1617 2754 1632 ·
2786 1598 2882 1653 τοῦ
2923 1598 3022 1669 μὲν
3055 1599 3232 1665 Λόγου
3283 1594 3632 1663 κατεργαζο-

366 1712 539 1766 terius
572 1707 961 1765 communione
994 1714 1252 1775 operatur
1285 1723 1298 1758 :
1337 1702 1510 1758 Verbo
1538 1704 1796 1757 nimirum
1821 1715 1942 1771 quae

2050 1702 2210 1770 μένου
2248 1699 2390 1769 ἀπερ
2431 1698 2550 1751 ἐστὶ
2577 1693 2670 1747 τοῦ
2699 1693 2897 1761 Λόγου,
2931 1690 3021 1743 διὰ
3068 1689 3167 1759 τὴν
3193 1686 3488 1742 αὐθεντίαν
3538 1685 3635 1737 καὶ

373 1801 534 1857 Verbi
586 1807 737 1862 sunt,
778 1814 902 1853 cum
955 1798 1282 1851 auctoritate
1320 1805 1376 1850 ct
1424 1795 1670 1864 potentia
1716 1768 1940 1848 deitatis

2050 1768 2292 1857 ἕξουσίαν
2338 1794 2436 1861 τῆς
2471 1789 2744 1860 θεότητος,
2794 1788 2894 1841 ὅσα
2936 1786 3083 1839 ἐστὶν
3114 1782 3320 1852 ἀρχικά
3352 1783 3451 1833 καὶ
3477 1779 3634 1850 βασι-

365 1893 664 1958 eﬂiciente;
700 1892 803 1946 hoc
824 1898 909 1945 est
942 1891 1089 1959 regia
1122 1889 1308 1944 omnia
1337 1896 1391 1942 et
1418 1903 1541 1957 qua:
1571 1887 1939 1956 principatum

366 1985 565 2040 decent
597 2004 611 2038 :
653 1998 887 2052 corpore
918 1991 1124 2045 autem,
1158 1996 1281 2051 quae
1318 1989 1449 2034 sunt
1499 1979 1749 2049 corporis
1782 1993 1942 2032 exse-

367 2086 591 2148 quente,
623 2075 692 2130 ad
723 2074 886 2129 Verbi
918 2074 1021 2129 sibi
1050 2073 1208 2137 uniti,
1241 2072 1403 2141 cujus
1444 2071 1611 2126 etiam
1659 2070 1941 2139 proprium

368 2167 574 2223 factum
605 2172 710 2232 est,
747 2165 1056 2219 arbitrium.
1085 2162 1270 2233 Neque
1304 2163 1452 2216 enim
1477 2170 1677 2229 suopte
1718 2170 1849 2213 nutu
1875 2158 1944 2211 ad

369 2257 650 2313 naturales
682 2255 912 2309 ali‘ectus
944 2254 1286 2325 prosiliebat,
1323 2267 1427 2306 nec
1476 2267 1670 2305 rursus
1710 2251 1945 2303 molesta

369 2347 695 2417 refugiebat,
726 2361 789 2400 ac
814 2345 1178 2403 detrectabat.
1211 2350 1305 2396 aut
1343 2346 1406 2397 ea
1445 2358 1566 2412 quae
1589 2356 1816 2396 externa
1860 2339 1946 2392 in-

369 2438 658 2511 gruebant,
691 2437 1040 2506 patiebatur;
1073 2433 1170 2490 sed
1213 2434 1515 2489 secundum
1563 2441 1775 2487 naturae
1807 2446 1944 2485 con-

370 2530 636 2586 ditionem
701 2527 1058 2590 movebatur,
1114 2524 1295 2580 Verbo
1364 2526 1628 2587 volente,
1686 2534 1947 2591 certoque

371 2623 607 2677 consilio
669 2620 1018 2690 permittente
1071 2619 1247 2687 ipsum
1311 2617 1422 2685 pati
1481 2624 1534 2672 ct
1586 2630 1746 2686 agere
1801 2614 1947 2684 quod

371 2714 655 2786 pmprium
683 2718 825 2774 erat,
859 2718 917 2763 ut
944 2724 1041 2780 per
1080 2723 1246 2779 opera
1298 2707 1523 2763 veritati
1571 2715 1779 2761 natura:
1814 2705 1947 2761 ﬁdes

371 2813 735 2862 astrueretur.

444 2896 697 2951 Humana
739 2894 981 2950 Christus
1016 2895 1194 2949 divino
1234 2893 1394 2948 modo
1425 2892 1633 2964 agebat,
1670 2901 1721 2946 et
1764 2908 1792 2946 e
1825 2907 1950 2944 con-

376 2999 476 3047 tra.
505 3019 577 3028 —
601 2988 1073 3054 Quemadmodum
1103 2987 1152 3019 “
1190 2995 1372 3042 autem
1422 3001 1586 3055 supra
1623 3000 1786 3055 quam
1815 2983 1951 3038 sub-

2040 1883 2169 1937 λικά
2187 1898 2201 1912 ·
2236 1880 2329 1934 τοῦ
2361 1880 2418 1933 δὲ
2451 1878 2721 1949 σώματος,
2759 1878 2896 1948 πρὸς
2921 1876 2983 1929 τὸ
3009 1874 3256 1944 βούλημα
3280 1871 3373 1924 τοῦ
3400 1869 3635 1923 ἑνωθέν-

2041 1992 2131 2037 τος
2162 1971 2311 2042 αὐτῷ
2346 1971 2547 2039 Λόγου,
2583 1965 2654 2025 eis
2688 1969 2782 2021 καὶ
2828 1967 3057 2037 τέγονεν
3095 1964 3248 2017 ἴδιον.
3280 1962 3355 2016 Οὐ
3389 1962 3499 2032 γὰρ
3529 1961 3631 2028 ἀφ’

2043 2063 2239 2118 ἑαυτοῦ
2280 2062 2420 2133 πρὸς
2456 2062 2521 2114 τὰ
2563 2059 2770 2129 φυσικά
2802 2058 2953 2127 πάθη
3004 2056 3103 2128 τὴν
3148 2055 3329 2126 ὁρμὴν
3361 2055 3625 2112 ἐποιεῖτο,

2042 2157 2149 2210 οὐδ’
2184 2155 2353 2225 αὐτὴν
2386 2155 2450 2206 ἐκ
2496 2153 2602 2206 τῶν
2642 2150 2905 2222 λυπηρῶν
2936 2147 3193 2220 ἀφορμὴν
3219 2147 3316 2200 καὶ
3353 2144 3627 2213 scapo.qu-

2045 2267 2155 2313 σιν,
2188 2249 2220 2319 ἢ
2261 2248 2329 2300 τὰ
2356 2244 2553 2311 ἔξωθεν
2595 2244 3009 2315 προσπίπτοντα
3054 2240 3314 2308 ἔπασχεν,
3351 2235 3467 2290 ἀλλ’
3513 2236 3630 2287 ἐκι-

2046 2347 2189 2400 νεῖτο
2222 2342 2363 2395 κατά
2394 2340 2493 2411 τὴν
2527 2337 2849 2391 ἀκολουθίαν
2892 2335 2990 2404 τῆς
3021 2332 3262 2401 φύσεως,
3311 2327 3408 2382 τοῦ
3451 2327 3630 2395 Λόγου

2047 2440 2311 2499 θέλοντος,
2353 2436 2446 2488 καὶ
2488 2431 2947 2504 παραχωροῦντος
2986 2426 3346 2496 οἰκονομικῶς
3394 2424 3631 2493 πάσχειν

2046 2532 2179 2584 αὐτὸ
2209 2530 2303 2583 καὶ
2344 2527 2600 2598 πράττειν
2643 2525 2711 2578 τὰ
2772 2525 2899 2589 ἴδια,
2936 2521 3153 2592 ἵναδιά
3176 2518 3285 2573 τῶν
3323 2518 3504 2589 ἔργων
3532 2518 3634 2588 τῆς

2049 2622 2262 2693 φύσεως
2290 2619 2537 2690 πιστωθῇ
2565 2620 2598 2689 ή
2622 2615 2870 2687 ἀλήθεια.

2123 2895 2335 2962 Ὥσπερ
2368 2893 2424 2946 δὲ
2451 2889 2593 2961 ὑπὲρ
2618 2889 2808 2944 οὐσίαν
2829 2884 3066 2958 οὐσιὼθη
3094 2888 3157 2940 ἐκ
3194 2882 3469 2956 παρθένου
3489 2899 3634 2952 κυη-

2052 2983 2183 3046 θεὶς,
2230 2981 2371 3035 οὕτω
2423 2983 2517 3033 καὶ
2568 2981 2707 3050 ὑπὲρ
2739 2980 3026 3049 ἄνθρωπον
3049 2977 3118 3030 τὰ
3166 2977 3275 3029 τῶν
3321 2974 3638 3046 ἀνθρώπων

374 3082 579 3138 stantia
612 3079 774 3146 ierat,
809 3081 1055 3150 virgineo
1105 3086 1264 3148 partu
1321 3077 1694 3134 substantiam
1747 3074 1942 3137 induit,

2053 3077 2291 3146 ἐνήργει,
2322 3075 2415 3126 ἐπὶ
2440 3074 2676 3127 ἀστάτου
2714 3073 2906 3136 ὓδατος
2929 3072 3138 3141 γηῖνοις
3164 3070 3291 3122 ποσὶ
3325 3068 3638 3139 πορευόμε-

376 3175 451 3230 ita
480 3174 646 3229 etiam
675 3188 842 3243 supra
874 3188 1037 3242 quam
1084 3171 1226 3225 ferat
1272 3170 1511 3223 humana
1553 3166 1819 3237 conditio,
1881 3179 1945 3219 ea

374 3276 497 3332 quae
529 3262 812 3314 hominum
842 3267 972 3315 sunt
1003 3260 1230 3328 agebat;
1264 3266 1324 3311 ut
1357 3272 1482 3311 cum
1524 3257 1577 3309 in
1609 3254 1754 3308 llum
1789 3252 1948 3306 mini-

374 3366 572 3421 meque
610 3350 794 3404 stabili
830 3364 971 3418 aqua
1007 3349 1247 3402 terrenis
1298 3347 1527 3416 pedibus
1561 3344 1945 3414 gradiebatur,

376 3457 489 3498 non
525 3449 585 3495 ut
612 3450 770 3495 terra:
797 3440 973 3494 instar
1006 3453 1147 3507 aqua
1174 3437 1582 3499 ohduresceret,
1617 3434 1713 3489 sed
1740 3442 1800 3488 ut
1850 3451 1949 3489 su-

377 3530 767 3605 perexcellenti
791 3529 1094 3584 divinitatis
1131 3527 1372 3599 potentia
1402 3528 1475 3580 ita
1510 3534 1947 3596 compararetur,

377 3630 439 3677 ut
470 3637 818 3693 nequaquam
849 3621 1140 3687 dilllueret,
1185 3635 1287 3676 nec
1333 3634 1720 3688 corporeorum
1752 3618 1949 3688 pedum

376 3713 631 3783 gravitati
659 3712 904 3767 cederet.
936 3711 1054 3766 Non
1085 3712 1232 3766 enim
1264 3711 1509 3765 humano
1536 3725 1687 3764 more
1711 3709 1951 3763 humana

376 3804 686 3867 factitabat,
731 3802 826 3874 qui
877 3817 987 3857 non
1031 3802 1197 3856 homo
1245 3803 1447 3864 solum,
1493 3817 1679 3857 verum
1712 3809 1766 3856 et
1800 3799 1950 3855 Deus

377 3903 524 3952 esset
548 3893 717 3965 (unde
745 3894 1033 3965 passiones
1072 3909 1292 3965 quoque
1339 3895 1513 3964 ipsius
1540 3892 1770 3948 vivificae
1820 3891 1941 3947 fue—

2053 3183 2162 3230 νος,
2186 3166 2246 3218 οὐ
2275 3163 2571 3233 γεωθέντος
2596 3163 2690 3216 τοῦ
2733 3163 2944 3239 ὓρατος,
2981 3161 3117 3216 ἀλλὰ
3151 3163 3215 3231 τῇ
3245 3159 3342 3229 τῆς
3379 3158 3638 3225 θεότητος

2054 3258 2328 3327 ὑπερφυεῖ
2358 3257 2584 3325 δυνάμει
2616 3255 3013 3324 συνισταμένου
3049 3252 3187 3323 πρὸς
3225 3251 3287 3304 τὸ
3318 3249 3635 3319 ἀδιάχυτον,

2055 3349 2149 3403 καὶ
2176 3348 2332 3419 βάρει
2357 3346 2558 3400 ὐλικῶν
2584 3346 2762 3399 ποδῶν
2795 3346 2870 3415 μὴ
2903 3344 3246 3405 ὑπείκοντος.
3280 3342 3395 3396 Οὐκ
3424 3340 3640 3409 ἀνθρω-

2057 3439 2226 3503 πίνως
2257 3439 2365 3510 γὰρ
2394 3440 2631 3508 ἔπραττε
2654 3437 2724 3490 τὰ
2755 3435 3072 3507 ἀνθρώπινα
3090 3451 3105 3466 ο
3127 3435 3190 3487 οὐ
3214 3434 3324 3502 γὰρ
3344 3432 3640 3502 ἄνθρωπος

2060 3532 2241 3602 μόνον,
2268 3530 2401 3585 ἀλλά
2421 3532 2517 3583 καὶ
2538 3530 2673 3594 Θεός
2693 3546 2709 3561 ’
2734 3530 2857 3583 ὅθεν
2883 3530 2979 3583 καὶ
3006 3528 3074 3581 τὰ
3102 3524 3295 3581 “totitoti
3320 3523 3472 3593 πάθη
3498 3521 3641 3587 ζωο-

2054 3621 2183 3675 ποιὰ
2213 3621 2308 3675 καὶ
2335 3621 2580 3693 σωτήρια
2600 3636 2615 3651 ·
2649 3619 2769 3674 οὐδὲ
2798 3618 2998 3683 θεῖκῶς
3035 3619 3260 3689 ἐνήργει
3288 3616 3358 3669 τά
3384 3614 3503 3668 θεῖα
3522 3631 3537 3644 ·
3571 3612 3635 3666 οὐ

2051 3711 2161 3783 γὰρ
2191 3711 2324 3775 Θεὸς
2356 3713 2539 3784 μόνον,
2574 3710 2714 3766 ἀλλὰ
2743 3711 2838 3764 καὶ
2870 3710 3156 3780 ἄνθρωπος
3179 3724 3194 3738 ⁸
3221 3708 3346 3761 ὅθεν
3368 3707 3437 3760 δι’
3461 3703 3635 3774 ἁφῆς,

2053 3803 2149 3855 καὶ⁵
2173 3802 2357 3871 λόγου,
2392 3801 2618 3856 καὶτῶν
2649 3801 2907 3856 τοιούτων
2937 3801 3039 3864 τὰς
3070 3799 3401 3870 θεοσημείας
3442 3799 3636 3868 είργά-

2048 3891 2190 3957 ζετο.

378 3996 510 4044 runt
533 3998 587 4045 et
614 3990 908 4058 salutares)
938 4004 1038 4045 nec
1079 3988 1266 4043 divina
1308 4003 1527 4043 rursum
1560 3987 1749 4043 divino
1780 3988 1942 4042 modo
1979 3988 2211 4058 agebat;
2256 3988 2421 4061 236
2465 3989 2668 4061 quippe
2718 3993 2815 4062 qui
2857 4005 2967 4046 non
3012 3991 3159 4045 Deus
3233 3994 3470 4053 tantum,
3538 3986 3635 4041 s-d

378 4082 608 4228 insupzr
663 4083 827 4139 homo
865 4090 1022 4139 erat:
1072 4083 1429 4154 quamobrem
1494 4090 1665 4148 tactu,
1716 4091 1773 4139 et
1823 4096 2101 4151 sermone,
2170 4085 2405 4156 aliisque
2467 4085 2740 4156 ejusmodi
2804 4084 3177 4149 adminiculis,
3216 4084 3403 4139 divina
3473 4082 3633 4152 signa

380 4180 538 4228 natra
581 4179 656 4227 at.
804 4218 805 4221 η

380 4179 656 4244 patrabat.

451 4259 928 4317 Honotheletarum
974 4264 1264 4334 responsio.
1307 4263 1528 4321 Nullius
1560 4267 1638 4320 rei
1686 4274 1858 4321 status
1886 4282 1942 4319 ea

2119 4263 2183 4316 Et
2217 4263 2277 4318 δὲ
2308 4264 2456 4333 λέγοι
2514 4275 2553 4297 ⁸³
2611 4283 2694 4330 τις
2720 4265 2795 4330 ὡς
2822 4265 2937 4320 Οὐκ
2966 4266 3055 4320 ἐπ’
3083 4266 3363 4338 ἀναιρέσει
3400 4265 3505 4336 τῆς
3536 4267 3637 4320 ἀν-

382 4352 770 4421 comparatione
831 4358 1186 4423 cognoscitur.
1219 4385 1288 4396 —
1327 4356 1424 4410 Sin
1482 4366 1665 4413 autem
1717 4359 1764 4391 ⁸⁸
1824 4359 1942 4428 quis

2050 4358 2330 4432 θρωπίνης
2358 4360 2661 4431 ἐνεργείας,
2694 4362 2823 4432 μίαν
2852 4363 3133 4434 ἐνέργειαν
3161 4363 3253 4415 ἐπὶ
3272 4361 3514 4433 Χριστοῦ
3542 4360 3637 4415 1:5.-

381 4440 567 4497 dieat:
600 4439 721 4497 Non
768 4444 1154 4501 submovendas
1205 4447 1457 4502 humanae
1500 4449 1735 4526 actionis
1776 4450 1942 4521 gratia

2050 4468 2241 4523 γομεν,
2288 4452 2404 4507 ἀλλ’
2444 4454 2632 4523 ἐπειδὴ
2681 4454 2794 4526 (58)
2834 4454 3386 4524 ἀντιόιαστελλομένη
3413 4455 3482 4524 τῇ
3512 4452 3641 4523 θείᾳ

382 4548 548 4590 unam
591 4535 646 4590 in
695 4534 917 4592 Christo
943 4538 1216 4594 actionem
1251 4539 1522 4607 dicimus;
1553 4540 1649 4596 sed
1681 4514 1809 4611 quia
1834 4543 1941 4598 hu-

2048 4543 2300 4617 ἐνεργείᾳ
2323 4543 2495 4608 πάθος
2520 4544 2737 4613 λέγεται
2762 4547 2798 4618 ἡ
2826 4546 3145 4618 ἀνθρωπίνη
3178 4545 3452 4616 ἐνέργεια,
3489 4544 3639 4598 κατὰ

450 4712 500 4747 ⁸⁸
524 4711 654 4778 Leo,
684 4711 845 4783 epist.
872 4710 970 4767 cit.
1040 4711 1089 4745 “
1104 4710 1265 4771 Dion.
1291 4730 1417 4787 cap.
1455 4716 1513 4771 2.
1538 4715 1617 4771 De
1637 4716 1744 4771 div.
1765 4733 1908 4775 nam.
1942 4733 1997 4776 et
2022 4719 2185 4796 epist.
2216 4722 2272 4776 4.
2324 4722 2389 4786 ,⁸⁵
2418 4683 2566 4777 Max.
2606 4722 2749 4778 Dial.
2779 4740 2897 4779 cum
2934 4722 3165 4795 Pyrrho.

1676 4876 1912 4934 VARIE
1950 4878 2356 4938 LECl‘lONES.

453 4963 498 4996 ιη
521 4954 678 5012 Edita
714 4954 882 5026 λέγει.

453 5157 564 5234 (ὅβ)
609 5157 1016 5234 Ἀλλ’-ἐτειρή
1039 5159 1159 5234 Sed
1183 5162 1328 5234 quia
1345 5166 1486 5221 actio
1526 5167 1687 5224 Imma

508 5179 1507 5259 m‘ﬂﬁgum;:iegngitangfgo‘
1526 5179 1780 5259 ﬂuuiana,
1832 5183 1943 5259 etc.
1978 5181 2023 5236 ι)
2057 5179 2162 5259 li_t_:
2199 5199 2219 5232 ι
2255 5182 2687 5259 Ιηειιιιιιηθηιιιιῐι
2733 5195 2828 5243 aut
2867 5192 3117 5247 naturale
3168 5200 3275 5259 est,
3313 5200 3408 5245 aut
3460 5194 3637 5248 artill-

379 5226 646 5311 Nimirum
668 5244 732 5311 es
755 5227 1136 5311 Dial._M.aximi
1152 5226 1275 5287 cum
1301 5232 1511 5307 Pyrrho
1536 5226 1801 5311 discimus
1832 5226 1945 5300 hae;

380 5298 856 5381 reticorunrhunc
896 5298 1604 5381 fuissesensumﬂaturatn
1643 5298 1939 5368 humanam

379 5369 728 5450 instrumenti
763 5369 885 5450 loco
913 5371 1104 5450 deitati
1137 5369 1331 5450 fuisse,
1362 5377 1687 5450 passimque,
1735 5389 1793 5436 ut
1844 5398 1943 5438 no.

381 5438 482 5517 str‘i
523 5438 699 5517 aiunt,
743 5452 804 5493 se
840 5438 1099 5517 habuisse
1141 5441 1198 5495 in
1231 5438 1535 5517 actionibus
1559 5438 1788 5517 Christi,
1827 5454 1942 5509 sive

380 5507 663 5588 naturales
690 5515 896 5588 essent,
917 5509 1032 5588 sive
1072 5518 1286 5588 natura:
1309 5514 1457 5572 vires
1493 5507 1848 5588 excederent;
1885 5507 1941 5577 et

381 5574 526 5632 sicut
551 5567 907 5651 instrumenti
925 5586 980 5634 et
997 5580 1270 5651 moventis
1302 5567 1421 5637 una
1432 5567 1520 5641 est
1528 5567 1716 5651 Baiis?
1730 5567 1820 5646 sic
1832 5567 1937 5647 {mli

383 5656 602 5727 quoque
629 5645 800 5727 inerit
824 5646 1043 5727 deitatis
1080 5658 1146 5727 et_
1161 5650 1539 5727 humanitatis.
1586 5645 1741 5723 Quod
1774 5645 1938 5716 Maii;

381 5711 594 5770 titus‘in
626 5711 914 5781 Opusculis
946 5715 1253 5784 Polemicis,
1279 5734 1334 5790 p.
1364 5722 1427 5778 5t
1466 5736 1521 5779 et
1547 5711 1636 5793 δί
1668 5711 1740 5783 ita
1775 5711 1951 5787 "iéii-‘l-

2054 5252 2344 5338 cialeka‘t
2378 5254 2691 5338 humanitas
2747 5260 3175 5338 instrumentum
3235 5252 3490 5317 naturale
3526 5281 3641 5318 nou

2052 5320 2402 5402 estdeitatis,
2457 5328 2545 5402 cui
2574 5343 2752 5382 coteva
2787 5346 2896 5402 non
2936 5332 3044 5402 psit,
3092 5341 3152 5386 ut
3182 5348 3381 5402 corpus
3415 5334 3640 5389 animae.

2050 5390 2481 5478 instrumentum
2518 5395 2651 5478 item
2696 5400 2985 5478 artiﬁciale
3029 5390 3328 5457 inanimum
3375 5412 3484 5466 est,
3521 5412 3578 5457 et
3609 5420 3644 5460 a

2049 5474 2301 5545 moﬁente
2318 5469 2627 5534 sejunctum
2653 5484 2667 5521 :
2697 5469 3173 5545 humanitasvero
3195 5488 3296 5527 nec
3329 5473 3643 5527 inanimum

2048 5531 2662 5626 gffigpjfplffhueea
2684 5539 2887 5623 deitate
2909 5540 3097 5626 Verbi"
3126 5543 3416 5626 dirempta.
3451 5544 3640 5597 (hete-

2050 5616 2191 5679 rum_
2213 5611 2633 5662 instrumentum
2663 5611 3018 5679 conjunctum
3045 5611 3354 5668 divinitatis
3381 5623 3504 5667 erat
3536 5626 3647 5670 hu-

2048 5673 2305 5736 manitas,
2359 5680 2580 5751 quando
2639 5673 2895 5737 Christus
2947 5685 3213 5741 miracula
3260 5686 3480 5751 edebat,
3535 5701 3645 5742 nec

2060 5752 2238 5798 tamen
2265 5748 2515 5803 naturale
2538 5760 2675 5815 erat,
2708 5766 2808 5807 nec
2834 5754 3135 5811 artiﬁciale.
3163 5773 3186 5811 ι
