3996 6212
346 309 484 376 1061

1346 311 1443 371 DE
1478 311 1655 372 FIDE
1697 311 2165 370 ORTI-IODOXA
2204 311 2352 370 LIB.
2396 313 2490 372 III

3457 320 3591 386 1062

323 426 487 480 τοῦτο
519 422 651 495 μίαν
673 423 958 494 ἐνέργειαν
988 424 1080 478 ἐπὶ
1101 425 1322 494 Χριστῷ
1347 425 1579 497 λέγομεν
1604 445 1617 457 ·
1656 427 1782 498 ἐροῦ
1793 443 1902 496 μενε

2026 439 2184 478 mana
2217 427 2384 487 actio,
2417 436 2475 480 ut
2505 435 2697 480 contra
2727 425 2970 481 divinam
3001 429 3266 486 actionem
3304 433 3592 505 distingui-

322 519 408 572 ὅτι
438 529 466 556 ιι
503 517 645 570 κατά
679 515 868 569 τοῦτον
898 516 989 568 τὸν
1017 516 1204 585 λόγον,
1243 517 1339 570 καλ⁵
1377 519 1426 570 οἱ
1474 519 1603 588 μίαν
1635 519 1796 587 φύσιν
1826 517 1910 570 λέ-

323 626 538 678 γοντες,
593 608 694 660 οὐκ
724 608 811 660 ἐπ’
863 607 1143 678 ἀναιρέσει
1176 609 1277 678 τῆς
1325 608 1675 680 ἀνθρωπίνης
1706 610 1909 682 ταύτην

322 700 596 768 λέγουσιν,
615 699 730 751 ἀλλ’
754 697 944 767 ἐπειδὴ
962 699 1506 770 ἀντιδιαστελλομένη
1531 704 1564 770 ή
1591 702 1906 773 ἀνθρωπίνη

323 791 487 859 φύσις
545 790 681 860 πρὸς
737 789 836 859 τὴν
891 789 1044 842 θείαν
1101 791 1283 859 φύσιν,
1337 791 1616 862 παθητικὴ
1664 793 1907 860 λέγεται.

333 882 515 951 Ἥμᾶς
535 881 592 934 δὲ
625 881 700 951 μὴ
724 883 934 949 γένοιτο
960 884 1026 952 τῇ
1045 882 1182 952 πρὸς
1199 882 1299 953 τὴν
1323 882 1471 935 θείαν
1501 883 1781 953 ἐνέργειαν
1801 885 1911 938 διαο

325 973 489 1041 στολῇ
511 972 692 1034 -πάθος
723 971 823 1042 τὴν
877 972 1229 1043 ἀνθρωπίνην
1274 974 1715 1046 προσαγορεῦσαι
1752 976 1906 1046 κίνη-

324 1079 433 1115 σιν.
468 1060 695 1123 Οὐδενὸς
729 1061 859 1132 γὰρ,
896 1061 1126 1114 καθόλου
1163 1061 1350 1130 φάναι,
1376 1059 1610 1131 ὓπαρξις
1639 1065 1704 1116 ἐκ
1727 1081 1908 1134 παρα-

324 1155 550 1217 θέσεως,
586 1155 620 1224 ἢ
669 1155 732 1206 ἐκ
780 1154 1122 1224 συγκρίσεως
1178 1153 1512 1221 γινώσκεται
1562 1154 1594 1223 ἢ
1645 1156 1904 1225 ὁρίζεται.

323 1245 509 1307 οὕτως
533 1244 932 1314 ὑπαλληλαίτια
955 1243 1317 1314 εὑρηθήσεται
1341 1243 1406 1297 τὰ
1433 1243 1560 1297 ὄντα
1583 1245 1905 1314 πράγματα.

321 1337 386 1390 Εἰ
417 1337 528 1407 γάρ
559 1338 645 1390 διὰ
675 1336 736 1388 τὸ
775 1336 1058 1406 ἐνέργειαν
1113 1331 1252 1388 εἶναι
1283 1336 1382 1405 τὴν
1421 1335 1573 1390 θείαν
1629 1338 1842 1407 κίνησιν
1870 1341 1902 1408 ἡ

321 1427 638 1499 ἀνθρωπίνη
677 1427 849 1490 πάθος
888 1425 1027 1489 ἐστὶ,
1059 1427 1279 1490 πάντως
1319 1429 1414 1481 καὶ
1439 1427 1527 1480 διὰ
1556 1427 1614 1479 τὸ
1647 1427 1854 1497 ἀγαθὴν
1881 1435 1906 1462 ο

323 1519 465 1576 εἶναι
497 1525 596 1592 τὴν
633 1521 784 1574 θείαν
825 1522 988 1586 φύσιν
1042 1521 1254 1590 πονηρὰ
1303 1519 1455 1573 ἔσται
1484 1522 1517 1590 ἡ
1548 1520 1862 1591 ἀνθρωπίνη
1890 1537 1904 1552 ο

323 1617 415 1669 καὶ
445 1614 588 1668 κατὰ
610 1615 707 1684 τὴν
735 1614 832 1666 σὺν
859 1610 1134 1666 ἀντιθέσει
1165 1611 1550 1681 ἀντιστροφὴν,
1585 1612 1673 1664 διὰ
1705 1612 1765 1664 τὸ
1799 1611 1905 1664 πά-

322 1706 416 1770 θος
441 1705 692 1773 λέγεσθαι
725 1705 824 1776 τὴν
848 1703 1198 1774 ἀνθρωπίνην
1228 1705 1461 1776 κίνησιν,
1485 1707 1516 1774 ἡ
1542 1703 1659 1756 Θεία
1691 1703 1904 1772 κίνησις

321 1797 573 1867 ἐνέργεια
603 1795 841 1862 λέγεται,
875 1795 969 1846 καὶ
998 1792 1086 1846 διὰ
1115 1794 1176 1844 τὸ
1219 1795 1465 1863 πονηράν
1511 1790 1650 1846 εἶναι
1679 1794 1777 1862 τὴν
1810 1795 1904 1846 ἀν-

322 1887 605 1959 θρωπίνην
635 1885 819 1954 φύσιν,
850 1881 1030 1952 ἀγαθὴ
1064 1881 1217 1935 ἔσται
1256 1884 1288 1952 ή
1326 1882 1446 1936 θεία
1467 1899 1480 1911 ’
1517 1885 1608 1935 καὶ
1637 1884 1814 1936 πάντα
1849 1883 1905 1935 δὲ

321 1979 393 2032 τὰ
420 1977 697 2046 κτίσματα
729 1973 901 2036 οὕτως
941 1973 1094 2024 ἔσται
1138 1973 1373 2042 πονηρὰ,
1406 1975 1500 2026 καὶ
1553 1973 1813 2042 ψεύσεται
1875 1973 1903 2024 ὁ

323 2067 494 2121 εἰπών
515 2084 529 2098 ·
562 2070 668 2120 Kal
709 2062 871 2119 είδεν
891 2068 924 2118 ό
955 2063 1099 2128 Θεὸς
1129 2062 1328 2121 πάντα
1351 2063 1466 2118 ὅσα
1492 2064 1762 2130 ἐποίησε,
1802 2062 1901 2115 καὶ

324 2160 455 2214 ιδοὺ
485 2159 641 2213 καλὰ
664 2159 826 2212 λίαν.

403 2425 596 2496 Ἡμεῖς
623 2426 679 2478 δέ
705 2443 905 2496 φαμεν,
935 2426 1015 2479 ὅτι
1037 2426 1084 2479 οἱ
1109 2425 1253 2493 ἅγιοι
1287 2423 1529 2494 Πατέρες
1552 2421 1903 2492 πολυτρόπως

321 2517 423 2586 τὴν
449 2516 798 2587 ἀνθρωπίνην
820 2516 1110 2587 ὠνόμασαν
1141 2516 1355 2584 κίνησιν
1389 2515 1523 2583 πρὸς
1553 2513 1650 2575 τὰς
1683 2515 1904 2565 ὑποκει-

326 2610 497 2680 μένας
526 2609 757 2670 ἐννοίας.
791 2608 1252 2679 Προσηγόρευσαν
1283 2606 1391 2675 γὰρ
1417 2605 1584 2674 αὐτὴν
1615 2605 1708 2656 καὶ
1745 2604 1903 2656 δύνα-

326 2717 446 2770 μιν,
485 2700 580 2753 καὶ
604 2699 918 2771 ἐνέργειαν,
956 2699 1051 2752 καὶ
1090 2697 1377 2768 διαφορὰν,
1421 2698 1515 2750 καὶ
1546 2697 1780 2765 κίνησιν,
1813 2695 1903 2748 καὶ

329 2793 591 2862 ἰδιότητα,
627 2792 720 2844 καὶ
747 2790 1031 2859 ποιότητα,
1062 2791 1158 2843 καὶ
1191 2789 1390 2852 πάθος,
1416 2789 1476 2841 οὐ
1501 2787 1641 2841 κατά
1666 2787 1902 2840 ἀντιδιαο

327 2883 522 2952 στολὴν
550 2883 650 2952 τῆς
681 2881 852 2944 θείας,
881 2880 996 2933 ἀλλ’
1022 2879 1097 2943 ὡς
1120 2880 1444 2949 συνεκτικὴν
1483 2879 1584 2947 μὲν
1618 2879 1712 2930 καὶ
1738 2877 1901 2930 ἀναλ-

323 2974 548 3028 λοίωτον
572 2972 800 3042 δύναμιν
818 2988 831 3002 ο
861 2972 1142 3040 ἐνέργειαν
1167 2971 1246 3036 δέ,
1273 2971 1348 3032 ὡς
1378 2968 1900 3040 χαρακτηριστικὴν,

2013 520 2118 575 tur,
2152 510 2354 564 dicitur
2386 513 2591 580 passio,
2630 512 2844 583 liaeque
2881 517 3092 570 ratione
3109 533 3270 572 unam
3294 522 3346 574 in
3371 523 3592 579 Christo

2011 604 2283 657 actionem
2345 604 2650 672 docemus;
2709 621 3040 674 reponemus
3115 610 3304 664 eadem
3369 630 3592 684 qtioquo

2010 695 2224 749 ratione
2263 695 2344 748 illi
2377 697 2468 764 qui
2505 705 2758 750 naturam
2798 713 2961 752 unam
3000 710 3278 764 asserunt,
3324 719 3430 757 non
3479 707 3590 759 tol-

2012 783 2185 838 lenda:
2237 785 2488 839 humana:
2539 801 2707 841 causa
2765 788 2903 841 hanc
2953 797 3240 858 astruere;
3301 794 3396 848 sed
3460 799 3590 864 quia

2013 876 2250 930 humana
2305 889 2524 943 natura,
2581 895 2703 933 cum
2754 897 2818 935 ex
2868 882 3097 936 adverso
3147 884 3330 938 divina
3393 897 3590 943 natura

2010 965 2388 1036 distinguitur,
2443 969 2684 1038 patibilis
2732 971 2954 1027 dicitur.
3006 975 3159 1028 Absit
3193 986 3370 1029 autem
3416 978 3517 1031 hoc
3560 994 3590 1032 ιι

2010 1058 2190 1121 nobis,
2234 1068 2292 1111 ut
2323 1060 2390 1112 ad
2425 1060 2715 1114 humanam
2751 1064 3020 1117 actionem
3079 1081 3108 1118 a
3161 1067 3348 1120 divina
3394 1071 3593 1124 distin-

2009 1149 2306 1216 guendam,
2331 1151 2631 1204 humanum
2656 1163 2858 1207 motum
2892 1157 3200 1224 passionem
3231 1160 3586 1227 aopellemus.

2009 1239 2223 1295 Nullius
2253 1241 2398 1294 enim
2433 1242 2534 1307 rei,
2572 1250 2631 1296 ut
2674 1245 2925 1299 universe
2955 1245 3158 1313 dicam,
3189 1253 3462 1304 exstantia
3494 1260 3589 1305 aut

2009 1338 2184 1385 status
2223 1347 2285 1385 ex
2322 1335 2738 1401 comparatione
2775 1342 2828 1389 et
2864 1337 3163 1392 collatione
3207 1343 3587 1410 cognoscitur,

2009 1430 2103 1476 aut
2131 1417 2407 1476 delinitur.
2459 1423 2572 1478 lloc
2615 1426 2762 1479 enim
2810 1439 2968 1495 pacto
3003 1444 3091 1482 res
3136 1447 3257 1499 quae.
3289 1443 3440 1498 sunt,
3481 1435 3586 1487 sibi

2007 1523 2200 1567 mutuo
2221 1529 2400 1568 causa)
2425 1531 2546 1570 esse
2577 1517 2976 1572 invenirentur.
3019 1519 3150 1573 Nam
3185 1524 3251 1585 si,
3281 1525 3410 1591 quia
3444 1526 3586 1579 divi-

2009 1620 2112 1659 nus
2163 1615 2342 1660 motus
2383 1608 2526 1660 actio
2548 1617 2653 1672 est,
2693 1600 2906 1664 idcirco
2937 1609 3169 1664 ellicitur
3210 1623 3264 1666 ut
3317 1615 3586 1670 humanus

2008 1697 2194 1766 passio
2227 1697 2319 1762 sit,
2362 1699 2552 1766 procul
2606 1699 2772 1754 dubio
2820 1701 2982 1755 etiam
3035 1706 3174 1757 mala
3229 1707 3333 1758 erit
3385 1716 3584 1761 natura

2009 1788 2268 1850 humana,
2302 1789 2430 1856 quia
2473 1789 2658 1842 divina
2695 1790 2833 1843 bona
2865 1799 2970 1845 est.
2999 1791 3064 1845 Et
3112 1795 3354 1848 vicissim
3391 1811 3420 1850 e
3455 1813 3588 1850 con-

2009 1879 2197 1943 trario,
2233 1879 2278 1931 si
2311 1880 2438 1947 quia
2475 1879 2749 1935 humanus
2784 1892 2966 1936 motus
3016 1887 3200 1952 passio
3239 1887 3464 1952 dicitur,
3502 1890 3587 1942 di-

2006 1971 2165 2026 vinus
2211 1970 2440 2040 proinde
2491 1980 2672 2026 motus
2727 1973 2874 2026 actio
2927 1985 3224 2040 censetur,
3287 1980 3361 2032 ita
3419 1981 3585 2034 etiam

2005 2063 2188 2116 divina
2244 2073 2439 2116 natura
2484 2064 2622 2117 bona
2663 2066 2787 2129 erit,
2822 2065 2948 2135 quia
3003 2067 3240 2122 humana
3292 2071 3431 2123 mala
3460 2083 3582 2126 est:
3637 2067 3640 2070 ”

2006 2165 2168 2224 atque
2204 2155 2272 2208 ita
2303 2167 2570 2208 creaturae
2594 2171 2787 2210 omnes
2819 2158 2973 2211 mala:
3008 2168 3190 2224 erunt,
3220 2162 3587 2232 mentitusque

2007 2245 2314 2314 reperietur
2347 2247 2437 2300 ille
2467 2247 2559 2316 qui
2607 2247 2745 2301 dixit
2773 2263 2790 2300 :
2816 2247 2883 2300 Et
2922 2250 3051 2303 vidit
3082 2250 3217 2305 Deus
3242 2264 3436 2307 cuncta
3469 2272 3586 2324 qua:

1950 2379 1953 2383 .
2007 2337 2221 2400 fecerat,
2250 2347 2299 2390 et
2328 2346 2479 2391 erant
2506 2339 2656 2391 valde
2678 2342 2812 2392 horta
2841 2340 2908 2394 ⁵⁸.

2087 2427 2248 2481 Varia
2278 2431 2492 2482 nomina
2521 2430 2804 2484 humanam
2833 2434 3092 2486 actionem
3117 2433 3470 2493 declarantia.
3512 2469 3584 2478 —

2005 2507 2254 2574 Dicimus
2322 2521 2507 2590 itaque
2547 2522 2592 2552 "
2651 2531 2874 2578 sanctos
2930 2523 3116 2581 Patres
3166 2543 3267 2596 pro
3318 2529 3583 2596 subjectis

2006 2613 2107 2668 sibi
2173 2613 2714 2669 considerationibus
2771 2615 3072 2670 humanum
3139 2629 3346 2671 motum
3412 2621 3583 2674 variis

2005 2704 2181 2758 modis
2214 2703 2540 2771 appellasse.
2581 2703 2714 2757 Eum
2749 2706 3022 2774 siquidem
3059 2716 3111 2761 et
3154 2712 3477 2777 potentiam,
3526 2722 3580 2764 ct

2005 2795 2409 2864 operationem,
2465 2804 2519 2849 et
2567 2796 2953 2862 dill‘erentiam,
3003 2808 3057 2853 et
3111 2811 3334 2868 motum,
3368 2812 3420 2856 et
3455 2819 3584 2871 pro-

2004 2889 2318 2956 prietatem,
2354 2895 2407 2940 et
2453 2888 2796 2955 qualitatem,
2849 2899 2900 2942 et
2951 2890 3272 2958 passionem
3328 2894 3583 2946 nomina-

2005 2988 2168 3043 runt;
2210 2991 2316 3030 non
2349 2976 2470 3030 ideo
2503 2987 2680 3032 tamen
2716 2987 2772 3030 ut
2807 2979 2956 3031 illntn
2982 2989 3170 3033 contra
3197 2983 3438 3036 divinum
3466 3000 3582 3038 rno-

324 3067 422 3120 καὶ
451 3066 552 3135 τὴν
581 3068 638 3118 ἐν
671 3066 805 3118 πᾶσι
833 3066 944 3128 τοῖς
995 3063 1299 3133 όμοειδέσιν
1348 3060 1761 3131 ἀπαραλλαξίαν
1801 3061 1902 3127 ἐμ-

2008 3075 2121 3119 tum
2155 3066 2592 3135 distinguerent;
2631 3082 2818 3120 verum
2869 3070 3168 3136 potentiam
3231 3071 3474 3138 quidem,
3525 3082 3584 3126 nt

325 3160 626 3228 φαίνουσαν
653 3174 668 3188 ⁶
698 3159 965 3227 διαφορὰν
1008 3157 1085 3222 δὲ,
1128 3157 1203 3218 ὡς
1236 3155 1592 3225 ἀφοριστικήν
1614 3172 1626 3184 ⁸
1688 3153 1902 3223 κίνησιν

323 3252 404 3313 δέ,
430 3252 506 3314 ὡς
528 3250 866 3319 ἐνδεικτικήν
889 3266 901 3278 ·
934 3249 1170 3318 ἰδιότητα
1197 3247 1276 3310 δὲ,
1299 3247 1375 3309 ὡς
1407 3245 1761 3314 συστατικὴν,
1810 3245 1903 3297 καὶ

326 3340 465 3412 μόνῃ
496 3339 652 3409 αὐτῇ,
693 3339 784 3390 καὶ
831 3338 930 3390 οὐκ
963 3337 1098 3408 ἄλλῃ
1153 3336 1463 3407 προσοῦσαν
1486 3354 1498 3365 ·
1533 3336 1793 3404 ποιότητα
1823 3334 1898 3398 δὲ,

321 3433 399 3495 ὡς
429 3429 695 3484 είδοποιόν
715 3445 728 3458 °
755 3429 927 3492 πάθος
946 3428 1003 3481 δὲ
1024 3468 1038 3492 ,
1076 3428 1150 3490 ὼς
1180 3427 1527 3498 κινουμένην.
1562 3427 1747 3480 Πάντα
1793 3424 1902 3492 γὰρ

321 3522 391 3574 τὰ
423 3523 489 3574 ἐκ
515 3519 608 3572 τοῦ
636 3517 771 3572 Θεοῦ
808 3531 854 3583 Ρ,
881 3518 974 3571 καὶ
1009 3518 1147 3588 μετά
1169 3517 1323 3581 Θεὸν,
1361 3517 1561 3586 πάσχει
1607 3515 1686 3584 τῷ
1731 3517 1902 3568 κινεῖ-

324 3610 471 3676 σθαι,
507 3609 584 3672 ὡς
619 3609 693 3679 μὴ
715 3608 842 3662 ὄντα
869 3608 1242 3676 αὐτοκίνησις,
1265 3606 1298 3676 ἧ
1326 3605 1687 3676 αὐτοδύναμις
1711 3621 1726 3636 ο
1760 3603 1902 3657 κατά

322 3698 732 3768 ἀντιδιαστολὴν
785 3693 898 3761 οὖν,
941 3698 1016 3760 ὡς
1057 3696 1294 3766 εἴρηται,
1329 3695 1464 3748 ἀλλὰ
1495 3697 1636 3748 κατά
1681 3693 1772 3746 τὸν
1808 3695 1902 3764 δη-

326 3790 664 3863 μιουργικῶς
709 3790 842 3859 αὐτῇ
872 3781 899 3838 tt
941 3789 1226 3842 ἐντεθέντα
1253 3787 1402 3856 παρὰ
1432 3789 1531 3856 τῆς
1569 3785 1628 3837 τὸ
1663 3787 1769 3838 πᾶν
1810 3793 1902 3836 συ-

325 3882 673 3954 στησαμένης
705 3881 883 3943 αἰτίας
915 3880 1070 3947 λόγον
1095 3897 1108 3910 ο
1140 3878 1262 3932 ὅθεν
1291 3878 1387 3930 καὶ
1437 3876 1576 3946 μετά
1604 3877 1702 3944 τῆς
1751 3874 1902 3937 θείας

325 3972 799 4042 σιδνεκφωνοῦντες
845 3971 1014 4040 αὐτὴν
1040 4011 1054 4034 ,
1099 3969 1382 4038 ἐνέργειαν
1426 3965 1896 4037 προσηγόρευσαν.

324 4069 396 4121 '0
431 4070 537 4138 γὰρ
571 4067 740 4119 εἰπών
761 4081 773 4096 ο
803 4082 823 4116 ι
867 4063 1115 4134 Ἐνεργεῖ
1139 4062 1247 4132 γάρ
1278 4061 1513 4130 ἐκατέρα
1547 4056 1728 4127 μορφὴ
1764 4056 1899 4125 μετά

320 4157 420 4228 τῆς
447 4157 677 4228 θατέρου
713 4155 1020 4219 κοινωνίας,
1063 4170 1082 4203 ι
1124 4153 1176 4204 τί
1218 4151 1404 4222 ἕτερον
1450 4149 1770 4220 πεποίηκεν,
1813 4149 1900 4220 ἢὸ

320 4249 493 4303 εἰπών
512 4268 524 4282 ·
555 4251 663 4303 Καὶ
697 4249 804 4318 γὰρ
846 4244 1304 4312 τεσσαράκοντα
1333 4242 1558 4320 ἡμέρας
1607 4242 1900 4304 ἀπόσιτος

313 4343 552 4413 μείνας,
584 4341 841 4408 ὕστερον
867 4339 1218 4392 ἐπείνασεν·
1260 4335 1426 4388 ἔδωκε
1456 4335 1564 4404 γὰρ
1615 4336 1679 4404 τῇ
1715 4334 1894 4402 φύσει,

2004 3159 2087 3213 vis
2115 3168 2198 3212 est
2229 3159 2610 3211 conservatrix
2654 3166 2708 3212 et
2762 3159 3141 3226 invariabilis;
3197 3164 3574 3232 Operationem

2005 3259 2208 3312 autem,
2244 3259 2300 3304 ut
2321 3265 2442 3320 quae
2467 3260 2614 3303 certa
2647 3259 2776 3304 nota
2809 3266 2920 3306 rem
2953 3252 3209 3320 exprimit
3231 3292 3246 3315 ,
3267 3264 3319 3307 et
3343 3255 3583 3322 undique

2003 3342 2308 3396 absolutam
2357 3343 2410 3394 in
2441 3342 2698 3395 omnibus
2739 3358 2859 3409 qua:
2898 3342 3142 3410 ejusdem
3181 3345 3383 3412 speciei
3426 3355 3580 3410 sunt,

2002 3433 2414 3488 similitudinem
2466 3433 2748 3498 declarat;
2779 3433 3145 3488 differentiam
3179 3449 3328 3498 vero,
3372 3442 3431 3488 ut
3461 3436 3580 3490 dis-

2005 3524 2422 3589 criminantem;
2477 3532 2726 3585 motum,
2783 3531 2839 3576 ut
2906 3524 3389 3591 manifestantem;
3449 3541 3577 3594 pro-

2003 3617 2312 3684 prietatem,
2341 3615 2868 3676 utconstitucntem,
2893 3623 2946 3668 et
2968 3615 3096 3683 quia
3122 3615 3200 3668 illi
3233 3616 3356 3679 soli,
3388 3623 3442 3670 et
3465 3632 3576 3670 non

2003 3704 2094 3756 alii
2153 3703 2310 3767 insit;
2376 3702 2698 3770 qualitatem
2753 3717 2968 3763 rursus,
3030 3710 3088 3754 ut
3147 3702 3574 3769 informantem;

2000 3793 2312 3862 passionem
2377 3793 2644 3860 denique,
2703 3793 2830 3860 quia
2901 3793 3170 3845 movendo
3242 3792 3321 3844 tit.
3382 3790 3575 3846 Omnia

1999 3885 2323 3952 cnitn,-qu:e
2353 3898 2419 3936 ex
2458 3882 2588 3946 Deo,
2621 3889 2674 3936 et
2706 3892 2829 3952 post
2859 3881 3029 3936 Deum
3072 3890 3223 3946 sunt,
3251 3897 3314 3936 ea
3363 3885 3576 3939 ratione

2000 3976 2304 4046 patiuntur,
2363 3989 2470 4042 qua
2536 3983 2827 4027 moventur
2858 3992 2870 4028 :
2907 3981 3095 4043 utpote
3119 3989 3248 4043 qua:
3297 3990 3406 4028 non
3457 3976 3575 4044 ipsa

1999 4066 2189 4129 motio,
2225 4081 2326 4120 nec
2354 4065 2470 4134 ipsa
2509 4064 2684 4118 virtus
2733 4075 2880 4118 sunt.
2928 4065 3129 4130 Quare,
3181 4067 3323 4120 sicut
3369 4067 3574 4122 dictum

1997 4165 2104 4228 est,
2137 4173 2247 4211 non
2292 4167 2351 4211 ut
2379 4173 2446 4211 ex
2477 4157 2708 4212 adverso
2729 4157 3151 4227 distinguerent,
3182 4158 3253 4211 ita
3285 4175 3572 4228 nuncupa-

1997 4253 2147 4310 runt,
2172 4244 2267 4300 sed
2289 4245 2595 4300 secundum
2624 4246 2889 4300 rationem
2920 4262 3040 4315 qua:
3081 4247 3162 4300 illi
3188 4247 3256 4301 ab
3284 4249 3573 4304 universo-

1998 4351 2120 4389 rum
2165 4335 2443 4390 eﬂ'ectrice
2473 4351 2639 4390 causa
2674 4337 2978 4391 conditoris
3027 4353 3179 4393 more
3227 4339 3396 4393 indita
3445 4341 3567 4395 l‘nit.

321 4435 411 4488 ὅτε
441 4433 599 4505 ἤθελε
629 4433 697 4486 τὰ
745 4431 854 4484 ἴδια
899 4430 1140 4500 ἐνεργεῖν
1160 4446 1172 4458 ο
1207 4427 1240 4496 ἢ
1272 4428 1320 4479 oi
1344 4426 1599 4495 διάφορον
1653 4426 1712 4477 ἐν
1743 4425 1892 4495 αὐτῷ

2005 4427 2128 4482 Nam
2183 4427 2276 4498 qui
2329 4428 2504 4482 dixit:
2533 4427 2658 4498 Agit
2705 4427 2848 4481 enim
2885 4428 2930 4458 "
2964 4438 3194 4498 utraque
3242 4429 3413 4483 forma
3445 4444 3572 4484 eum

321 4528 596 4596 φήσαντες
626 4523 935 4595 ἐνέργειαν,
967 4521 1000 4591 ἢ
1029 4521 1080 4572 oi.
1108 4519 1321 4586 διπλῆν,
1344 4517 1377 4588 ἦ
1401 4518 1451 4569 οἱ
1483 4517 1649 4587 ἄλλην
1680 4518 1774 4570 καὶ
1799 4518 1894 4571 ἀλ-

318 4617 664 4688 λην;Ταῦτα
695 4618 803 4685 γὰρ
848 4614 914 4666 δι’
955 4611 1300 4680 ἀντωνυμίας
1338 4609 1432 4662 δύο
1465 4609 1562 4671 τὰς
1617 4609 1898 4677 ἐνεργείας

324 4709 667 4782 σημαίνουσι.
693 4707 804 4761 Καὶ
829 4706 895 4759 δι’
928 4703 1273 4773 ἀντωνυμίας
1303 4700 1411 4772 γάρ
1437 4700 1695 4763 πολλάκις
1729 4701 1758 4752 ὁ
1779 4701 1899 4771 ἀρι-

323 4801 458 4873 θμὸς
508 4800 860 4864 ἐνδείκνυται,
914 4798 1007 4851 καλ⁹
1057 4795 1146 4848 διὰ
1195 4793 1288 4847 τοῦ
1320 4794 1514 4855 εἰπεῖν,
1553 4791 1696 4845 θεῖον
1752 4803 1772 4830 ι’
1805 4792 1898 4845 καὶ

322 4893 685 4963 ἀνθρώπινον.
723 4891 787 4944 Ἢ
816 4890 923 4961 γάρ
945 4885 1176 4957 διαφορά
1209 4884 1578 4954 διαφερόντων
1631 4883 1747 4935 ἐστὶ
1777 4883 1896 4935 δια-

325 4985 465 5056 φορά
487 4998 502 5014 ⁸
532 4983 603 5036 τά
637 4981 712 5053 μὴ
741 4981 891 5045 ὄντα,
921 4978 1040 5040 πῶς
1077 4975 1404 5038 διοίσουσιν;

2003 4518 2230 4573 alterius
2269 4518 2677 4582 communione,
2711 4517 2844 4586 quid
2877 4517 3024 4572 aliud
3070 4517 3224 4581 fecit,
3267 4533 3430 4587 quam
3475 4519 3571 4587 qui

2003 4609 2141 4664 dixit
2170 4627 2184 4664 :
2221 4609 2288 4663 Et
2309 4626 2427 4663 cum
2445 4609 2748 4678 jejunasset
2778 4609 3135 4680 quadraginta
3157 4610 3358 4675 diebus,
3389 4623 3572 4686 postea

2002 4702 2190 4755 esuriit
2229 4702 2274 4732 ⁵⁹
2307 4701 2476 4770 (dedit
2500 4703 2645 4755 enim
2675 4711 2886 4756 natura:
2905 4703 3125 4770 quando
3148 4704 3321 4757 voluit
3375 4711 3573 4772 utqum

2005 4807 2103 4846 sua
2134 4799 2290 4846 erant
2322 4791 2590 4860 ageret“)
2621 4802 2713 4845 aut
2738 4792 2828 4860 qui
2860 4792 3134 4848 diversam
3171 4793 3226 4848 in
3257 4793 3374 4863 ipso
3398 4792 3571 4848 actio-

2003 4897 2128 4937 nem
2158 4881 2548 4950 praedicarunt,
2584 4892 2678 4935 aut
2702 4883 2794 4953 qui
2824 4883 3119 4953 duplicem,
3161 4893 3255 4939 aut
3279 4885 3372 4954 qui
3410 4885 3570 4938 aliam

2005 4983 2170 5043 atque
2200 4973 2362 5028 aliam
2386 4972 2643 5042 “"1237
2668 4973 2794 5028 Haec
2823 4975 3049 5044 quippe,
3073 4982 3298 5031 mutatis
3329 4975 3570 5029 nomini-

323 5073 429 5129 bus
479 5071 727 5128 actiones
775 5071 914 5126 duas
954 5066 1284 5138 signiﬁcant.
1328 5061 1464 5118 Nam
1515 5071 1569 5119 et
1603 5078 1890 5128 numerus,
1933 5064 2081 5119 haud
2116 5078 2241 5117 raro
2273 5065 2681 5133 permutatione
2714 5065 2996 5120 nominum
3038 5063 3349 5131 indicatur;
3386 5077 3573 5135 quem-

379 5229 426 5262 “
452 5229 591 5285 Gen.
644 5245 682 5292 I,
707 5227 796 5282 51.

323 5298 460 5355 Adv.
489 5290 676 5370 Apoll.
733 5299 777 5329 “
830 5295 1120 5367 Chrysost.
1157 5290 1314 5346 Hom.
1346 5295 1401 5345 in
1429 5291 1489 5346 S.
1513 5290 1711 5344 Thom.

872 5226 916 5258 "
947 5221 1486 5293 Maximinresponsio
1516 5221 1575 5293 ﬁt
1605 5220 1773 5277 citato
1805 5221 2054 5293 Dialogo.

2144 5223 2190 5253 "
2235 5220 2364 5287 Leo,
2407 5221 2570 5292 epist.
2612 5221 2696 5276 l0.
2773 5221 2818 5254 ”
2855 5220 3046 5276 Matth.
3087 5236 3164 5287 tv,
3199 5221 3254 5275 2.
3337 5219 3381 5252 '°
3403 5215 3566 5289 Nyss.

1634 5437 1868 5495 VARIE
1911 5435 2319 5492 LECTIONES.

401 5629 612 5683 InDeest
664 5629 745 5681 ὃτι
778 5628 831 5682 in
859 5626 1112 5680 omnibus
1149 5635 1281 5676 mss.
1359 5629 1383 5656 ο
1428 5619 1580 5674 Edita
1615 5627 1669 5673 et
1728 5617 1976 5672 nonnulli
2028 5615 2150 5669 cod.
2211 5613 2433 5679 ἀγαθόν.

328 5716 466 5758 mss.
502 5699 702 5761 αὐτοῖς.
735 5699 804 5752 At
834 5693 1194 5752 Combelisius
1219 5691 1502 5762 legendum
1522 5691 1658 5760 αὐτῇ
1688 5690 1920 5743 monuit.

2513 5626 2540 5664 P
2607 5615 2762 5672 Edita
2796 5621 2860 5673 ἐκ
2901 5621 2993 5674 τοῦ
3033 5621 3186 5678 Θεοῦ.
3261 5633 3288 5672 ιι
3319 5620 3471 5680 Edita
3511 5633 3566 5682 ct

2003 5696 2024 5723 τ
2059 5687 2238 5751 Edita,
2273 5683 2416 5737 θεῖον
2443 5684 2521 5739 δέ.
