3996 6212
420 313 564 382 1063

1589 314 1650 372 S.
1683 311 2001 372 JOANNIS
2032 309 2461 372 DAMASCENI

3533 299 3674 366 1064

424 425 720 483 admodum
749 432 802 480 et
827 421 1079 482 dicendo.
1107 422 1252 493 quod
1290 421 1538 477 divinum
1597 430 1651 476 et
1699 423 1995 476 humanum
2036 431 2123 477 est
2165 423 2233 477 ".
2277 420 2588 476 Diﬂ‘erentia
2629 419 2775 474 enim
2823 430 3006 473 rerqu
3055 427 3247 470 earum
3287 419 3373 470 est
3413 411 3677 472 diﬂereu-

421 520 525 583 tia,
567 533 672 590 qua
706 517 849 572 inter
878 531 936 570 se
971 515 1247 580 differunt;
1282 530 1390 582 quo
1423 523 1599 569 autem
1628 523 1788 584 pacto
1826 515 2106 578 ditlerant,
2138 529 2261 583 qua:
2293 528 2402 568 non
2434 513 2605 568 sunt?

1040 609 1192 663 C\P.
1223 607 1368 660 XVI.

425 703 682 758 Adversus
703 717 788 755 eos
811 701 901 768 qui
922 701 1136 753 dicunt:
1161 701 1222 753 Si
1241 699 1464 767 duplicis
1487 707 1691 751 natura:
1707 710 1752 752 et
1769 701 1992 753 actionis

490 785 567 828 est
599 775 770 831 homo.
804 787 1006 824 necesse
1033 783 1108 823 est
1138 781 1238 822 tres
1269 787 1382 824 esse
1413 770 1467 822 in
1501 768 1712 823 Christo
1745 781 1989 834 naturas,

492 844 806 911 totidemqur
844 842 1073 893 actiones
1102 840 1292 893 dicere.

493 997 676 1064 Quivis
730 997 887 1050 homo
931 995 1155 1060 duplicis
1206 1005 1434 1050 natum.
1462 1026 1530 1035 —
1559 994 1752 1062 Quivis
1804 994 1990 1057 homo,

421 1107 544 1146 cum
579 1107 641 1143 ex
684 1090 902 1144 naturis
946 1090 1183 1153 duabus,
1229 1098 1357 1158 puta
1398 1090 1581 1142 anima
1636 1096 1692 1143 et
1736 1101 1992 1156 corpore,

419 1181 764 1250 compositus
800 1180 893 1245 sit,
925 1195 1100 1250 eaque
1125 1181 1179 1233 in
1204 1180 1389 1249 seipso
1419 1179 1735 1234 invaribilia
1765 1179 1991 1240 habeat,

422 1274 546 1326 duae
577 1272 810 1328 subinde
849 1282 1057 1326 naturae
1094 1273 1325 1326 dicetur.
1352 1272 1648 1326 Amborum
1679 1272 1824 1326 enim
1862 1285 1992 1339 pro-

423 1366 709 1434 prietates,
763 1365 928 1417 etiam
983 1373 1106 1433 post
1153 1364 1458 1417 uuitionem
1520 1363 1742 1418 retinet.
1808 1360 1995 1429 Neque

420 1457 568 1511 enim
599 1471 800 1524 corpus
826 1455 1132 1508 immortale
1151 1463 1256 1518 est,
1276 1453 1370 1508 sed
1401 1451 1991 1515 interitui.obnoxium;

423 1561 525 1602 nec
557 1549 737 1600 anima
784 1548 1053 1610 mortalis,
1097 1547 1191 1610 sed
1232 1545 1558 1598 immortalis
1591 1562 1603 1596 :
1642 1558 1743 1597 nec
1775 1557 1994 1596 rursum

422 1652 628 1704 corpus
675 1637 948 1690 invisibile
993 1646 1098 1700 est,
1148 1649 1250 1689 nec
1285 1636 1466 1688 anima
1505 1634 1685 1688 oculis
1715 1634 1998 1702 corporeis

421 1730 666 1798 conspici
703 1737 884 1797 potest
914 1747 926 1781 :
963 1728 1057 1782 sed
1108 1728 1222 1782 haec
1259 1729 1480 1796 quidem
1531 1726 1855 1787 rationalis,
1910 1726 1998 1779 in-

421 1822 693 1892 telligens,
723 1829 778 1875 et
810 1821 1130 1889 incorporea
1159 1829 1277 1884 est;
1319 1818 1450 1872 illud
1500 1827 1681 1871 autem
1721 1833 1995 1879 crassum,

425 1913 778 1982 aspectabile,
811 1922 865 1966 et
913 1911 1127 1965 ratione
1165 1926 1378 1965 carens.
1424 1909 1542 1964 Non
1603 1911 1770 1965 unius
1818 1920 1996 1964 autem

2615 603 2864 658 ΚΕΦΑΛ.
2903 604 2996 668 ις’
3023 598 3149 672 [ει].

2095 699 2253 765 Πρὸς
2307 697 2450 762 τοὺς
2491 696 2782 764 λέγοντας
2809 694 2924 763 (59)
2957 709 2974 724 ο
3012 695 3104 765 Et
3132 691 3242 744 δύο
3282 689 3527 765 δεήσεων
3572 693 3679 765 καὶ

2165 761 2476 835 ἐνεργειῶν
2525 761 2944 830 δ’ᾶνθρωπος,
2974 763 3222 835 ἀνάγκη
3275 761 3374 812 ἐπὶ
3416 762 3683 835 Χριστοῦ

2164 831 2320 922 τρεῖςῖ
2365 838 2613 906 φύσεις.
2643 836 2739 888 καὶ
2796 834 3097 896 τοσαύτας
3129 831 3332 898 ,δέγειν
3373 831 3480 896 τὰς
3512 831 3685 898 ἐγερ-

2165 923 2350 974 τείας.

2179 997 2238 1049 Ὀ
2274 998 2372 1067 μὲν
2393 995 2517 1049 καθ’
2537 996 2745 1049 ἕκαστα
2778 993 3160 1064 ἄνθρωπος-,ὲκ
3186 991 3278 1044 δύο
3318 991 3689 1062 συγκείμενος

2098 1091 2333 1159 φύσεων,
2367 1089 2545 1158 ψυχῆς
2575 1104 2636 1139 τε
2674 1087 2769 1139 καὶ
2799 1087 3054 1154 σώματος
3074 1125 3086 1148 ,
3116 1085 3210 1136 καὶ
3236 1082 3440 1143 ταύτας
3470 1083 3690 1152 tipata-

2097 1182 2332 1250 ϐλήτους
2364 1180 2503 1250 ἔχων
2531 1181 2588 1231 έν
2622 1179 2820 1248 ἑαυτῷ,
2851 1177 2946 1229 δύο
2983 1176 3174 1244 φύσεις
3205 1177 3464 1238 εἰκότως⁹
3484 1175 3694 1245 λεχθήο

2099 1287 2272 1323 σεται·
2312 1271 2474 1330 σώζει
2533 1269 2641 1337 γὰρ
2678 1267 2976 1335 ἑκατέρων,
3011 1265 3106 1317 καὶ
3155 1265 3295 1332 μετὰ
3331 1263 3432 1334 τὴν
3457 1264 3689 1322 ἕνωσιν.

2096 1363 2194 1432 τὴν
2228 1362 2462 1430 φυσικὴν
2500 1361 2758 1426 ἰδιότητα.
2791 1358 2933 1410 υῦτε
2958 1359 3070 1426 γὰρ
3097 1357 3157 1408 τὸ
3187 1356 3348 1423 σῶμα
3383 1355 3688 1416 ἀθάνατον.

2099 1452 2236 1505 ἀλλὰ
2262 1452 2502 1521 φθαρτόν
2529 1468 2542 1482 ι
2575 1449 2699 1501 οὔτε
2734 1450 2766 1518 ἠ
2794 1448 2940 1517 ψυχὴ
2983 1447 3173 1517 θνητὴ,
3210 1447 3324 1499 ἀλλ’
3362 1446 3634 1509 ἀθάνατος
3673 1463 3688 1474 “

2097 1543 2221 1596 οὔτε
2257 1542 2316 1594 τὸ
2361 1543 2519 1611 σῶμα
2571 1541 2824 1610 ἀόρατον,
2874 1538 2998 1590 οὔτε
3048 1540 3081 1607 ἡ
3131 1538 3281 1607 ψυχὴ
3345 1537 3691 1606 σωματικοῖς

2098 1634 2393 1703 ὀφθαλμοῖς
2432 1634 2602 1702 ὁρατή
2642 1649 2656 1662 ο
2690 1631 2827 1684 ἀλλὰ
2866 1633 2899 1697 ἡ
2935 1631 3032 1701 μὲν
3051 1674 3066 1695 ,
3094 1629 3287 1698 λογικὴ
3313 1670 3328 1694 ,
3354 1629 3450 1681 καὶ
3481 1629 3650 1696 νοερὰ
3671 1667 3688 1692 ,

2101 1728 2193 1779 καὶ
2219 1726 2523 1794 ἀσώματος,
2557 1726 2618 1777 τὸ
2643 1725 2720 1786 δὲ,
2755 1724 2900 1794 παχύ
2934 1739 3017 1789 τε,
3051 1723 3144 1776 καὶ
3177 1722 3396 1792 ὁρατὸν,
3434 1721 3532 1774 καὶ
3561 1721 3691 1774 ἅλο-

2099 1833 2214 1884 γον.
2246 1817 2321 1869 Οὐ
2364 1817 2493 1886 μιᾶς
2523 1816 2578 1868 δὲ
2607 1815 2842 1877 φύσεως.
2861 1814 2929 1866 τὰ
2961 1813 3080 1866 κατ’
3108 1813 3296 1865 οὐσίαν
3320 1814 3690 1881 amatama-

2105 1925 2243 1979 μενα
2265 1925 2278 1938 ·
2311 1908 2373 1959 οὐ
2410 1908 2540 1977 μιᾶς
2572 1907 2679 1976 ἄρα
2701 1906 2888 1968 οὑσῖας
2914 1904 3059 1974 ψυχή
3091 1921 3152 1957 τε
3186 1906 3281 1956 καὶ
3321 1903 3506 1974 σῶμα.

426 2013 634 2057 natura:
680 2016 809 2058 sunt
840 2018 927 2067 ea,
960 2019 1081 2074 qua:
1119 2004 1368 2058 essentiae
1404 2003 1616 2057 ratione
1645 2017 1709 2057 ex
1742 2002 1995 2072 opposito
2035 2000 2359 2055 dividuntur
2389 2016 2402 2052 :
2435 2014 2547 2052 non
2592 2013 2724 2069 ergo
2783 1997 2964 2050 anima
3046 2005 3101 2050 et
3151 2010 3356 2065 corpus
3429 1993 3688 2063 ejusdem

426 2104 556 2151 sunt
595 2098 875 2151 essentne.

493 2187 574 2241 Ae
611 2183 843 2252 rursus,‘
870 2187 916 2242 si
950 2187 1171 2240 animal
1202 2186 1491 2246 rationale,
1541 2185 1790 2247 mortale,
1834 2185 1996 2237 homo

2167 2179 2281 2233 Καὶ
2323 2179 2484 2233 πάλιν
2514 2193 2528 2206 '
2559 2179 2609 2230 ei
2644 2176 2781 2242 ζῶον
2824 2176 3042 2245 λογικὸν
3077 2176 3272 2247 θνητὸν
3301 2178 3328 2230 ὁ
3371 2176 3690 2247 ἄνθρωπος,

423 2285 548 2343 est;
578 2278 759 2331 omnis
794 2286 976 2330 autem
1019 2276 1261 2339 definitio
1307 2275 1586 2344 subjectae
1630 2284 1854 2329 naturas
1911 2289 2000 2327 ex-

427 2370 641 2439 plicat:
683 2366 931 2436 profecto
979 2381 1105 2420 cum
1158 2381 1265 2419 non
1327 2366 1467 2420 idem
1527 2375 1729 2419 natura
1790 2365 1860 2418 sit
1909 2380 1999 2416 ra-

425 2462 630 2518 tionale
679 2467 845 2528 atque
900 2458 1164 2519 mortale,
1200 2458 1453 2527 sequitur
1492 2472 1623 2526 ergo
1680 2464 1740 2511 ut
1795 2472 1993 2510 secun-

425 2554 555 2609 dum
583 2550 919 2606 definitionis
948 2566 1061 2604 suae
1083 2565 1350 2616 normam,
1388 2549 1554 2603 homo
1585 2564 1693 2602 non
1732 2549 1802 2603 sit
1835 2549 1998 2602 unius

425 2655 658 2700 natura.

501 2734 669 2791 Unius
694 2744 902 2788 natura!
931 2750 1106 2787 omnes
1156 2732 1387 2786 homines
1413 2739 1535 2785 sunt
1572 2739 1781 2799 sumpta
1809 2738 2000 2782 natura

424 2845 520 2898 pro
553 2828 740 2896 specie.
779 2827 918 2892 Quin
950 2835 998 2879 et
1033 2841 1210 2879 omnes
1239 2840 1321 2877 res
1352 2831 1565 2876 creata.
1601 2820 1802 2875 Neutra
1846 2819 2000 2873 modo

423 2921 484 2974 in
513 2917 722 2974 Christo
773 2933 880 2969 una
931 2925 1126 2969 natura
1174 2923 1272 2969 est.
1307 2943 1376 2953 —
1401 2914 1554 2978 Quod
1592 2913 1638 2966 si
1670 2912 2004 2981 quandoque

426 3011 593 3064 unius
623 3017 837 3062 natura:
863 3008 1030 3060 homo
1053 3022 1178 3061 esse
1211 3005 1446 3067 dicatur,
1477 3013 1606 3057 tunc
1634 3003 1838 3072 speciei
1885 3003 2004 3056 loco

426 3111 641 3156 naturae
681 3114 877 3153 nomen
929 3107 1263 3165 usurpatur;
1300 3105 1356 3150 ut
1389 3098 1515 3151 dum
1567 3097 1823 3160 dicimus,
1856 3097 2004 3149 nulla

427 3199 640 3246 naturae
669 3189 979 3244 diﬂ'erentia
1012 3190 1284 3242 hominem
1314 3189 1383 3242 ab
1409 3187 1629 3241 homine
1657 3188 2000 3256 discrepare;

427 3282 539 3334 imo
570 3296 693 3334 cum
725 3280 914 3333 eodem
942 3279 1104 3332 modo
1130 3294 1321 3332 omnes
1357 3278 1606 3331 homines
1637 3279 2002 3346 coagmentati

429 3369 560 3434 sint,
613 3384 675 3421 ex
728 3371 910 3420 anima
957 3375 1010 3421 et
1047 3383 1276 3436 corpore
1325 3368 1638 3435 compositi,
1692 3366 2006 3436 singulique

428 3459 553 3513 dum
598 3459 708 3512 sint
743 3467 978 3522 naturae,
1015 3459 1118 3512 sub
1151 3473 1313 3509 unam
1363 3457 1588 3526 proinde
1635 3455 2004 3511 definitionem

2104 2273 2210 2334 πᾶς
2241 2269 2296 2322 δὲ
2335 2270 2460 2340 ὅρος
2502 2267 2611 2321 τῶν
2641 2267 3022 2337 ὑποκειμένων
3067 2267 3284 2335 φύσεών
3318 2267 3468 2320 ἐστιν
3514 2268 3694 2336 δηλω-

2099 2369 2280 2432 τικὸς,
2316 2368 2376 2420 οὐ
2406 2367 2602 2420 ταυτὸν
2632 2368 2690 2420 δὲ
2735 2366 2877 2420 κατὰ
2923 2367 3013 2420 τὸν
3047 2366 3150 2436 τῆς
3183 2366 3399 2435 φύσεως
3434 2368 3593 2435 λόγον
3633 2369 3692 2421 τὸ

2102 2459 2319 2527 λογικὸν
2358 2458 2432 2528 τῷ
2467 2457 2664 2528 θνητῷ.
2703 2458 2819 2510 Οὐκ
2855 2456 2962 2529 ἄρα
2993 2459 3124 2526 μιᾶς
3158 2457 3373 2526 φύσεως
3410 2459 3496 2529 εἴη
3534 2459 3563 2510 ό
3592 2459 3694 2513 ἇν-

2101 2550 2323 2621 θρωπος
2354 2549 2495 2603 κατὰ
2525 2549 2617 2602 τὸν
2637 2547 2730 2602 τοῦ
2754 2550 2956 2602 οἰκείου
2979 2549 3210 2618 ὁρισμοῦ
3245 2549 3470 2604 κανόνα.

2173 2732 2235 2784 ΕΞ
2264 2729 2321 2782 δὲ
2345 2730 2558 2797 λέγοιτό
2607 2747 2737 2783 ποτε
2771 2730 2898 2800 μιᾶς
2927 2728 3145 2799 φύσεως
3177 2730 3205 2781 ό
3226 2729 3535 2800 ἄνθρωπος,
3566 2731 3700 2784 ἀντὶ

2103 2823 2196 2877 τοῦ
2244 2823 2414 2885 εἴδους
2457 2821 2518 2874 τὸ
2559 2822 2661 2891 τῆς
2709 2821 2924 2890 φύσεως
2963 2822 3448 2893 παραλαμϐάνεται
3491 2824 3697 2891 όνομα,

2104 2915 2373 2983 λεγόντων
2409 2913 2571 2985 ἡμῶν
2597 2953 2613 2976 ,
2651 2914 2734 2966 ὅτι
2780 2915 2841 2968 οὐ
2879 2915 3185 2968 διαλλάττει
3244 2917 3533 2985 ἄνθρωπος
3591 2919 3701 2969 ἀν-

2106 3005 2324 3075 θρώπου
2371 3004 2512 3057 κατά
2545 3021 2665 3056 τινα
2703 3003 2919 3074 φύσεως
2957 3004 3250 3076 διαφοράν·
3279 3006 3415 3059 ἀλλὰ
3451 3005 3552 3076 τὴν
3595 3008 3700 3059 αὖ·

2106 3098 2203 3167 τὴν
2249 3096 2510 3149 σύστασιν
2533 3095 2749 3164 ἔχοντες
2786 3097 2988 3159 πάντες
3030 3099 3080 3148 οἱ
3131 3097 3444 3167 ἄνθρωποι,
3481 3097 3577 3150 καὶ
3638 3100 3701 3150 ὲκ

2106 3189 2282 3258 ψυχῆς
2335 3188 2733 3257 συντεθειμένοι
2765 3190 2859 3241 καὶ
2907 3189 3158 3258 σώματος
3178 3229 3191 3250 ,
3217 3191 3311 3241 καὶ
3337 3189 3429 3241 δύο
3456 3189 3699 3252 ἕκαστος

2112 3280 2306 3349 φύσεις
2327 3279 2628 3342 τελοῦντες,
2653 3281 2853 3350 ὑφ’ἓνα
2885 3280 3086 3343 πάντες
3113 3282 3338 3352 ὁρισμὸν
3371 3283 3695 3349 ἀνάγονται.

2110 3371 2221 3424 Καὶ
2269 3373 2330 3424 οὐ
2367 3372 2674 3442 παράλογον
2722 3371 2880 3424 τοῦτο
2914 3413 2928 3435 ,
2962 3373 3123 3425 ὁπότε
3171 3374 3264 3426 uel.
3321 3373 3548 3426 πάντων
3592 3375 3697 3426 τῶν

2110 3462 2362 3527 κτιστῶν,
2391 3462 2466 3524 ὡς
2505 3462 2748 3532 γενητῶν
2774 3503 2788 3527 ,
2823 3463 2951 3532 μίαν
3005 3463 3167 3530 φύσιν
3206 3467 3234 3517 ό
3273 3465 3417 3536 ἱερὸς
3457 3465 3700 3519 Ἀθανά-

428 3551 624 3621 redigi.
655 3550 845 3619 Neque
880 3550 932 3603 id
965 3563 994 3600 a
1024 3550 1236 3602 ratione
1259 3549 1497 3601 alienum
1522 3548 1767 3615 videtur;
1801 3549 1999 3617 quippe

2113 3569 2226 3615 σιος
2281 3553 2520 3622 ἔφησεν,
2551 3555 2608 3608 ἐν
2652 3553 2729 3624 τῷ
2783 3555 2924 3608 κατὰ
2971 3556 3078 3608 τῶν
3117 3556 3598 3627 βλασφημούντων
3641 3556 3701 3612 τὸ

429 3657 557 3697 cum
595 3656 754 3695 sacer
779 3641 1140 3702 Athanasius,
1172 3643 1224 3694 in
1258 3656 1323 3694 ea
1360 3640 1633 3703 oratione,
1663 3656 1828 3710 quam
1863 3641 2006 3696 seri-

429 3732 542 3802 psit
580 3731 846 3785 adversus
887 3731 1029 3793 illus,
1076 3730 1168 3799 qui
1218 3729 1481 3800 Spiritum
1534 3738 1784 3784 sanctum
1839 3731 2006 3800 impie

431 3822 834 3892 deprimebant,
855 3837 1016 3875 unam
1038 3821 1282 3874 omnium
1314 3836 1495 3874 rerum
1516 3821 1880 3882 conditarum,
1902 3837 2007 3892 qua

433 3921 563 3969 sunt
594 3914 851 3977 conditae,
895 3921 1150 3966 naturam
1191 3927 1316 3967 esse
1348 3913 1570 3977 dixerit,
1602 3911 1668 3967 ad
1701 3913 1846 3967 hunc
1885 3929 2003 3968 mo-

433 4006 563 4060 dum
618 4005 849 4074 loquens
924 4018 938 4055 :
1021 4003 1178 4069 Quod
1232 4011 1413 4057 autem
1469 4001 1714 4073 Spiritus
1775 4013 2006 4060 sanctus

434 4108 604 4163 supra
651 4107 738 4148 res
781 4099 1000 4148 creatas
1047 4094 1308 4156 emineat,
1370 4094 1629 4162 aliudque
1685 4095 1756 4149 sit
1816 4106 2009 4165 praeter

435 4193 812 4239 creaturarum
839 4194 1113 4248 naturam,
1139 4199 1200 4238 ac
1226 4186 1484 4256 proprius
1515 4187 1843 4255 divinitatis,
1880 4189 2010 4244 hinc

502 4360 548 4396 ⁸⁸
567 4361 756 4432 Cyrill.
796 4364 850 4417 in
875 4361 1036 4416 Joan.
1078 4363 1174 4418 lib.
1205 4378 1328 4418 vm.

2111 3643 2336 3714 Πνεῦμα
2361 3645 2420 3696 τὸ
2447 3646 2601 3713 ἅγιον
2627 3645 2770 3718 λόγῳ
2798 3648 3000 3701 οὑτωσὶ
3027 3649 3204 3716 λέγων
3223 3666 3237 3679 ·
3261 3652 3342 3703 ὅτι
3364 3649 3420 3702 δὲ
3450 3650 3571 3703 ἄνω
3604 3651 3698 3720 τῆς

2113 3737 2347 3800 κτίσεώς
2382 3739 2497 3792 ἐστι
2541 3735 2604 3791 τὸ
2659 3741 2882 3810 Πνεῦμα
2923 3742 2984 3794 τὸ
3031 3743 3184 3809 ἅγιον
3224 3746 3263 3807 ι,
3290 3745 3385 3796 καὶ
3433 3743 3570 3796 ἄλλο
3602 3744 3696 3812 μὲν

2116 3827 2268 3895 παρὰ
2295 3828 2393 3897 τὴν
2416 3828 2524 3881 τῶν
2555 3831 2795 3900 γενητῶν
2825 3832 3008 3900 φύσιν,
3042 3834 3171 3885 ἴδιον
3198 3833 3252 3887 δὲ
3289 3835 3385 3904 τῆς
3412 3833 3694 3904 θεότητος,

2110 3919 2285 3984 ἔξεστι
2319 3920 2481 3972 πάλιν
2518 3923 2766 3975 συνιδεῖν.
2787 3924 2902 3975 Πᾶν
2931 3925 3038 3997 γὰρ
3069 3925 3096 3977 ὃ
3127 3925 3320 3988 κοινῶς
3352 3926 3447 3978 καὶ
3470 3927 3534 3977 ὲν
3566 3927 3692 3979 πολ-

2112 4010 2222 4073 λοῖς
2255 4010 2548 4083 θεωρεῖται
2575 4054 2589 4078 ,
2620 4013 2680 4066 οὔ
2711 4033 2817 4067 τινι
2850 4019 2948 4086 μὲν
2987 4019 3184 4081 πλέον,
3219 4019 3326 4070 τινὶ
3365 4018 3421 4071 δὲ
3467 4018 3694 4070 ἔλαττον

2116 4101 2389 4172 ὑπάρχον,
2418 4104 2574 4157 οὐσία
2605 4107 2949 4178 ὀνομάζεται.
2995 4106 3148 4162 Ἐπεὶ
3191 4106 3285 4163 οὖν
3332 4111 3438 4173 πᾶς
3481 4110 3695 4179 ἄνθρω-

2117 4208 2218 4255 πος
2244 4194 2308 4245 ἐκ
2338 4193 2518 4263 ψυχῆς
2551 4197 2667 4250 ἐστι
2699 4200 3104 4270 συντεθειμένος
3126 4202 3218 4253 καὶ
3259 4202 3533 4271 σώματος,
3556 4199 3696 4254 κατὰ

1717 4454 1950 4511 νΑΒΙπίΕ
1993 4456 2401 4516 LECTIONES.

511 4577 536 4605 ³
571 4567 639 4622 R.
670 4569 810 4625 2926
848 4569 989 4639 ἔχειν
1029 4569 1272 4631 εἰκότως,
1309 4567 1382 4620 ita
1414 4567 1762 4622 emendatum
1802 4571 1854 4622 in
1892 4573 2015 4626 cod.
2043 4571 2100 4627 S.
2138 4572 2247 4629 ﬂil.

440 4635 531 4692 hic
587 4642 766 4694 verbis
803 4635 1029 4694 totidem
1084 4656 1192 4692 non
1250 4640 1445 4708 legitur
1495 4639 1639 4708 apud
1687 4639 2080 4696 Athanasium.

2325 4577 2344 4613 ί
2379 4577 2542 4633 Deest
2575 4578 2634 4631 τὸ
2664 4577 2818 4647 ἆγιον
2852 4579 2906 4633 in
2955 4580 3280 4650 quibusdam
3311 4597 3446 4638 mss.
3502 4580 3688 4637 Locus

1911 4776 2142 4832 ΝΟΤᾸΞ.

512 4865 622 4936 (39)
663 4865 1008 4940 "puerone
1061 4868 1376 4940 ᾅέγοντας.
1423 4866 1706 4940 Adversus
1737 4885 1823 4922 eos
1850 4906 1863 4930 ,
1897 4880 2002 4923 etc.
2039 4874 2084 4927 D
2113 4886 2222 4925 non
2282 4871 2715 4940 acceperit,rvel
2784 4887 2892 4926 non
2950 4875 3277 4930 custodierit
3332 4876 3688 4935 incolumem.

445 4935 683 4990 Alteram
711 4935 1313 5007 'solvitSeveriauorum
1348 4938 1894 5007 argumentationem,
1924 4947 2001 5004 ut,

441 5007 690 5072 quamvis
750 5009 911 5059 homo
957 5021 1022 5059 ex
1061 5006 1234 5060 rebus
1286 5005 1514 5059 diversae
1552 5017 1782 5065 naturze,
1819 5009 2002 5062 anima

443 5077 654 5129 scilicet
677 5083 730 5128 et
747 5084 1254 5144 eorpore,constet,
1288 5091 1394 5128 una
1429 5085 1606 5129 tamen
1634 5077 1874 5130 humana
1905 5093 2005 5130 na-

443 5151 573 5216 tura
589 5146 688 5216 psit,
729 5145 896 5216 idque
946 5145 1017 5199 ob
1050 5147 1290 5199 rationes
1335 5146 1552 5216 easdem
1599 5161 1736 5213 quas
1764 5186 1778 5206 ,
1805 5163 1924 5216 cap.
1951 5149 2006 5208 5,

444 5214 626 5266 attulit
645 5229 660 5276 ;
678 5213 920 5283 adeoque
938 5218 1152 5284 preprie
1178 5214 1450 5284 loquendo
1471 5216 1611 5269 duas
1634 5213 2008 5270 tantummodo

446 5293 676 5336 naturas
713 5285 910 5337 habere
942 5283 1446 5338 Christum.Favet
1487 5284 1767 5347 Leontius,
1798 5286 1892 5340 lib.
1929 5285 2008 5340 De

444 5362 570 5424 sect.
623 5359 743 5424 act.
768 5348 820 5416 τ,
857 5360 914 5424 et
967 5354 1063 5424 lib.
1098 5352 1294 5424 tCout.
1345 5352 1497 5408 Nest.
1547 5363 1595 5407 et
1633 5353 1880 5424 Eutych"
1916 5357 2011 5410 ubi

446 5421 702 5476 observat
734 5423 1019 5478 haereticos
1048 5423 1162 5477 haec
1190 5423 1480 5491 objeeisse,
1512 5439 1622 5478 non
1657 5433 1714 5477 ut
1743 5421 1896 5479 'duas
1923 5441 2013 5479 na-

446 5496 602 5563 turas
630 5499 941 5563 astruerent
959 5491 1101 5562 (nam
1129 5501 1177 5546 et
1207 5509 1321 5558 nos,
1339 5493 1536 5561 inquit,
1558 5497 1652 5547 καὶ
1676 5492 1834 5547 τοῦτο
1855 5495 2010 5563 στέρ-

448 5557 755 5631 ξομενΣῨΙιοσ
790 5557 1202 5631 amplectamur),
1241 5557 1334 5631 sed
1392 5557 1450 5615 ut
1478 5564 1816 5627 evincerent,
1843 5557 2008 5618 uuam

449 5641 573 5682 esse
594 5629 797 5702 Christi
829 5639 1100 5693 naturam,
1130 5629 1238 5685 non
1272 5630 1430 5694 duas,
1463 5631 1862 5702 Dominamque
1882 5635 2010 5688 alie-

452 5710 584 5749 num
623 5697 864 5752 facerent
885 5714 915 5751 a
946 5708 1132 5754 nostra
1180 5711 1402 5764 natura,
1425 5715 1591 5769 quam
1626 5701 1710 5756 vel
1741 5697 1808 5758 ab
1849 5704 2006 5771 initio

2115 4939 2453 5016 Subjunggit}
2496 4941 2557 4992 'H
2603 4939 2660 4992 δὲ
2682 4940 2797 5016 τῶν
2829 4941 3014 5012 μερῶν
3052 4946 3238 5016 εἰςίτὰ
3275 4947 3415 5016 μέρη
3447 4947 3688 5002 ὑποδιαί-

2114 5026 2286 5080 ρεσις,
2321 5011 2380 5082 οὐ
2411 5009 2747 5082 δογματικῆς
2778 5009 3256 5082 ὲὼίσυντομὶας,
3275 5009 3415 5069 ὀὑὂὲ
3437 5017 3533 5069 τοῦ
3564 5036 3684 5071 συν-

2111 5081 2668 5152 τετμῃμένουηκατὰ-
2697 5081 2762 5152 τὸ
2792 5081 3125 5150 Εὑαγγέλιον
3155 5083 3338 5152 λόγου,
3377 5085 3516 5138 ἀλλὰ
3569 5105 3686 5141 σκε-

2113 5150 2312 5222 πτικῇς
2340 5149 2571 5218 θεωρίας
2591 5167 2604 5180 ο
2638 5149 2821 5222 Altera
2853 5149 2968 5204 vero
3014 5149 3248 5216 partium
3274 5155 3328 5207 in
3357 5165 3534 5222 partes
3567 5158 3685 5211 sub-

2112 5219 2444 5299 divisionon
2495 5229 2573 5274 est
2627 5221 2741 5288 ejus
2793 5222 3063 5299 breuitatis
3111 5241 3225 5299 quo:
3271 5219 3399 5299 ﬁdei
3434 5227 3687 5280 doctrina:

2114 5293 2420 5363 conveniat,
2462 5305 2620 5363 neque
2678 5293 2932 5347 sermonis
3007 5293 3290 5348 secundum
3346 5294 3686 5363 Evangelium

2115 5357 2426 5436 nobreviuti,
2448 5357 3332 5436 _sed__scepticae_§pecu_lationis'
3369 5357 3552 5436 aruit)
3597 5366 3686 5436 καὶ

2117 5426 2276 5496 σῶμα
2299 5429 2360 5481 οὐ
2397 5431 2536 5499 μέρη
2566 5426 2825 5499 Χριστοῦ,
2860 5426 3002 5504 ἀλλὰ.
3023 5434 3161 5503 μέρη
3193 5432 3286 5486 τοῦ
3317 5426 3552 5504 μέροσξξ
3571 5435 3685 5486 ani-

2114 5514 2202 5549 ma
2236 5507 2284 5550 et
2324 5514 2510 5573 corpus
2533 5515 2662 5573 _non
2718 5509 2842 5554 sunt
2879 5500 3075 5556 Christi
3100 5500 3347 5569 'partes',
3378 5500 3470 5557 sed
3523 5504 3683 5573 partis

2110 5576 2321 5641 partes:
2345 5568 2545 5638 alioqui
2573 5585 2676 5641 non
2705 5579 2809 5624 tres
2836 5573 3031 5641 solum,
3059 5568 3150 5626 sed
3181 5573 3360 5641 plures
3389 5568 3606 5627 natura:
3634 5575 3682 5624 iu

2112 5636 2322 5759 :JIiristo
2350 5636 2593 5706 confiteri
2617 5648 2873 5707 oporteat.
2920 5639 3150 5698 Leontio
3181 5636 3384 5700 Noster
3424 5643 3680 5712 suﬂ'raga-

2137 5722 2218 5759 ur.

2137 5722 2218 5759 ω’.
