3996 6212
443 303 581 371 ιωι

1643 296 1702 357 S.
1743 295 2062 359 JOANNIS
2096 296 2524 357 DAMASCENI

3582 293 3722 362 1076

439 423 552 467 tem
587 407 953 480 comparavit.
979 406 1059 462 Ita
1088 405 1293 478 quippe
1327 415 1456 461 ante
1507 405 1852 460 salutiferam
1899 420 2025 474 pas~

2131 420 2229 469 πος
2257 406 2317 458 τὸ
2344 407 2607 476 ποτήριον
2664 404 2840 458 πίνειν
2871 403 3129 476 ἔμελλενο
3163 405 3223 460 ού
3271 405 3380 476 γὰρ
3434 403 3514 470 ὡς
3561 407 3724 472 Θεὸς.

439 507 658 563 sionem
694 518 852 560 suam
886 501 1171 572 loquitur:
1198 499 1379 564 Pater,
1402 500 1449 552 si
1471 499 1588 566 ﬁeri
1621 506 1810 568 potest,
1847 507 2023 552 trans-

442 607 528 652 eat
567 612 602 651 α
631 611 716 650 me
743 594 890 649 calix
916 593 1097 648 ists".
1126 590 1264 646 Illud
1290 606 1457 660 porro
1487 597 1726 652 constat,
1757 588 1902 658 quod
1964 595 2025 642 ut

446 691 614 744 homo
653 687 882 744 calicem
907 685 1188 741 bibiturus
1220 692 1372 737 erat:
1405 697 1515 736 non
1553 683 1701 736 enim
1741 690 1800 735 ut
1859 681 2022 735 Deus.

445 783 630 848 Quare
655 787 920 848 tanquam
961 777 1125 831 homo
1161 774 1390 829 calicem
1425 774 1660 829 transire
1698 774 1832 828 vult.
1897 772 2026 828 Haec

448 883 633 926 autem
661 869 830 926 verba
865 883 895 922 a
921 866 1161 922 naturali
1196 872 1373 931 metu,
1403 874 1458 920 et
1485 865 1864 920 imbecillitate
1898 877 2026 934 pro-

451 961 591 1016 fecta
631 968 780 1016 sunt.
825 957 1221 1022 Verumtamen,
1256 956 1458 1025 inquit,
1513 972 1618 1011 non
1634 972 1748 1010 mea
1780 956 2025 1010 voluntas

447 1053 628 1122 ﬁat”,
663 1056 768 1106 hoc
807 1059 917 1116 est,
952 1063 1062 1119 qua
1099 1048 1314 1102 ratione
1339 1047 1573 1102 diversa:
1603 1062 1632 1101 a
1659 1055 1714 1101 te
1743 1062 1864 1102 sum
1897 1047 2028 1101 sub-

447 1145 708 1209 stantiae;
760 1142 852 1197 sed
904 1151 1020 1206 tua,
1049 1141 1154 1196 hoc
1203 1148 1288 1196 est
1336 1155 1478 1205 mea,
1513 1147 1786 1210 quatenus
1835 1139 2025 1194 eadem

447 1237 580 1292 mihi
616 1251 682 1291 ac
713 1237 813 1290 tibi
837 1234 1146 1290 substantia
1165 1241 1271 1288 est.
1294 1231 1427 1298 Quae
1447 1232 1667 1302 quidem
1692 1231 1886 1286 iterum
1909 1232 2026 1286 for-

447 1329 522 1388 tis
547 1330 715 1384 animi
754 1328 918 1382 verba
969 1325 1298 1397 sunl.2ﬁ.2
1321 1325 1536 1380 Etenim
1567 1325 1750 1379 anima
1785 1324 2026 1390 Domini,

447 1414 543 1484 qui
575 1412 809 1482 benigna
842 1426 940 1466 sua
969 1411 1272 1466 .voluntate
1308 1409 1473 1462 homo
1507 1423 1636 1464 vere
1669 1408 1846 1462 factus
1881 1415 2027 1471 erat,

447 1521 574 1562 cum
626 1505 930 1560 naturalem
977 1501 1355 1557 inﬁrmitatem
1396 1510 1526 1554 ante
1575 1509 1801 1570 experta
1858 1507 2029 1565 esset,

448 1605 712 1669 percepto
744 1596 960 1651 doloris
1030 1607 1195 1649 sensu
1231 1608 1296 1648 cx
1331 1593 1581 1662 corporis
1627 1591 2028 1662 disjunctione,

447 1690 634 1745 divina
694 1703 918 1744 rursum
965 1687 1253 1743 voluntate
1304 1683 1701 1747 corroborata,
1767 1683 2031 1739 adversus

2139 495 2225 560 Ὣς
2257 495 2546 566 ἄνθρωπος
2587 496 2768 550 τοίνυν
2807 495 2950 550 θέλει
2982 498 3044 550 τὸ
3080 498 3341 568 ποτήριον
3379 497 3683 569 παρελθεῖν
3708 513 3726 530 ο

2127 585 2300 640 ταῦτα
2331 586 2428 657 τῆς
2481 587 2719 658 φυσικῆς
2763 587 2966 652 δειλίας
3009 588 3078 641 τὰ
3135 589 3386 660 ῥήματα·
3430 590 3613 658 Πλὴν
3634 589 3726 659 μὴ

2126 679 2193 731 τὸ
2225 677 2376 747 ἐμὸν
2403 678 2668 748 γενέσθω
2703 677 2953 748 θέλημα,
2977 680 3094 750 ἦτοι
3143 679 3264 733 καθ’
3287 680 3317 733 ὃ
3349 679 3442 733 σοῦ
3467 681 3729 751 ὲτεροού-

2131 771 2246 834 σιός
2273 773 2411 842 είμι,
2448 771 2584 825 ἀλλά
2608 773 2670 824 τὸ
2695 769 2807 838 σὺν,
2840 771 2960 842 ἦτοι
2991 771 3054 824 τὸ
3096 770 3228 842 ὲμδν
3261 771 3356 824 καὶ
3379 769 3470 824 σὺν
3505 770 3559 836 δ,
3599 757 3737 824 καθ’

2126 863 2156 916 ό
2195 865 2278 917 σοὶ
2307 864 2530 934 πέφυκα
2564 863 2852 936 ὀμοούσιος
2871 881 2884 894 ·
2917 863 3093 917 ταῦτα
3122 863 3224 932 τῆς
3245 864 3536 933 εὐτολμίας
3557 862 3730 917 πάλιν

2132 955 2356 1025 ῥήματα
2378 970 2392 983 ⁸
2428 954 2694 1026 πρότερον
2724 955 2833 1024 7&9
2867 953 2966 1023 τῆς
3017 953 3254 1024 φυσικῆς
3283 953 3572 1016 ἀσθενείας
3600 969 3730 1006 πει-

2133 1045 2380 1114 ραθεῖσα,
2416 1047 2537 1098 κατ’
2571 1045 2826 1115 αἴσθησιν
2848 1044 2948 1113 τὴν
2983 1046 3076 1097 ἐπὶ
3105 1043 3182 1113 τῷ
3211 1043 3484 1114 χωρισμῷ
3513 1045 3612 1096 καί
3635 1042 3732 1097 τοῦ

2131 1134 2386 1206 σώματος
2435 1136 2527 1189 καὶ
2573 1136 2810 1206 φυσικὴν
2863 1133 3210 1205 συμπάθειαν
3256 1134 3508 1187 παθοῦσα
3563 1136 3602 1204 ἡ
3634 1134 3734 1188 τοῦ

2132 1227 2345 1298 Κυρίου
2376 1227 2545 1298 ψυχὴ,
2585 1225 2662 1289 ὡς
2691 1225 2910 1295 ἀληθῶς
2949 1224 3242 1297 ἀνθρώπου
3271 1225 3570 1296 γενομένου
3607 1228 3736 1279 κατ’

2132 1320 2385 1374 εὐδοκίαν
2412 1318 2579 1373 αὑτοῦ
2601 1335 2614 1348 ⁸
2639 1315 2799 1381 αὖθις
2818 1318 2896 1389 τῷ
2921 1319 3051 1389 θείῳ
3078 1319 3411 1392 νευρωθεϊσα
3431 1317 3735 1388 θελήματι,

2132 1414 2226 1467 τοῦ
2258 1413 2493 1468 θανάτου
2539 1411 3040 1486 καταθαρῤύνεται.
3087 1411 3307 1482 Ἐπειδὴ
3344 1410 3453 1482 7&9
3495 1413 3524 1465 ό
3562 1411 3737 1474 αὐτὸς

2132 1502 2348 1578 ὃλοεῆν
2376 1506 2510 1569 Θεὸς
2530 1505 2668 1576 μετά
2684 1505 2784 1576 τῆς
2804 1503 3232 1575 ἀνθρωπότητος
3261 1501 3450 1569 αὑτοῦ,
3483 1503 3582 1555 καὶ
3609 1501 3738 1564 ἂος

2133 1590 2423 1666 ἄνθ’βωπος
2455 1597 2595 1666 μετά
2624 1595 2725 1666 τῆς
2773 1593 2941 1648 αὐτοῦ
2991 1593 3278 1661 θεότητος,
3324 1592 3490 1654 αὐτὸς
3522 1591 3602 1653 ὡς
3636 1590 3735 1643 ἇν-

2136 1689 2354 1759 θρωπος
2385 1690 2444 1742 ἑν
2478 1686 2659 1758 ἑαυτῷ
2691 1686 2786 1738 καὶ
2813 1685 2881 1739 δι’
2912 1683 3109 1739 ἑαυτοῦ
3144 1683 3380 1748 ὑπέταξε
3412 1683 3475 1735 τὸ
3514 1681 3735 1753 ἀνθρώ-

449 1789 684 1837 mortem
712 1779 1004 1836 audaciam
1037 1777 1303 1848 concipit.
1373 1774 1508 1829 Nam
1564 1775 1695 1846 quia
1758 1784 1814 1828 et
1879 1781 2029 1830 totus

2136 1797 2293 1834 πινον
2313 1782 2392 1850 τῷ
2413 1778 2534 1850 Θεῷ
2562 1781 2654 1850 καὶ
2690 1777 2892 1848 Πατρὶ,
2914 1776 3087 1830 τύπον
3120 1777 3254 1846 ἡμῖν
3284 1775 3482 1829 ἑαυτὸν
3505 1776 3735 1844 ἄριστον

452 1870 601 1928 Deus
635 1878 756 1925 erat
783 1883 909 1923 cum
935 1882 1033 1922 sua
1063 1866 1433 1929 humanitate,
1464 1871 1517 1918 et
1537 1871 1688 1918 totus
1716 1865 1882 1918 homo
1903 1879 2028 1918 cum

458 1977 556 2022 sua
591 1962 904 2027 divinitate,
940 1961 1058 2030 ipse
1086 1968 1347 2028 tanquam
1380 1957 1547 2010 bomo
1581 1956 1634 2009 in
1665 1971 1726 2010 se
1756 1966 1810 2010 et
1845 1971 1942 2025 per
1969 1973 2029 2011 se

2137 1872 2229 1924 καὶ
2264 1873 2632 1942 ύπόγραμμον
2657 1870 2852 1934 διδοὺς,
2891 1867 2987 1922 καὶ
3023 1867 3266 1938 ὑπήκοος
3302 1867 3380 1937 τῷ
3415 1866 3596 1938 Πατρὶ
3635 1866 3733 1933 γέο

2135 1980 2311 2030 γονεν.

475 2055 508 2110 d
535 2052 686 2124 quod
719 2054 1024 2108 humanum
1053 2057 1194 2116 erat,
1228 2049 1341 2104 Deo
1373 2057 1427 2104 et
1462 2047 1610 2101 Patri
1668 2048 1928 2118 subjecit,
1963 2059 2018 2102 et
2059 2049 2207 2108 Patri
2242 2054 2424 2108 factus
2483 2053 2769 2120 obediens,
2811 2049 3329 2123 prastantissimam
3381 2065 3500 2105 sese
3566 2050 3738 2104 nobis

454 2142 682 2202 formam
712 2153 768 2200 et
794 2145 1103 2214 exemplum
1141 2141 1391 2212 praebuit.

523 2235 758 2291 Frustra
810 2237 949 2290 ratio
979 2238 1032 2290 in
1064 2235 1296 2296 homine,
1323 2235 1370 2302 si
1399 2231 1534 2311 desit
1570 2231 1652 2287 iiii
1697 2232 1937 2286 iibertas.
1965 2262 2036 2274 -ο

454 2329 656 2386 Libere
691 2345 854 2398 porro
915 2327 1135 2382 volebat
1177 2333 1293 2380 tum
1329 2325 1549 2389 divinae,
1607 2335 1719 2378 lum
1781 2324 2036 2378 humana:

455 2423 762 2478 voluntatis
792 2419 1026 2472 ratione.
1059 2417 1224 2474 Omni
1270 2417 1476 2487 quippe
1526 2424 1736 2470 natura:
1782 2415 2037 2470 rationali

457 2513 628 2569 libera
657 2512 915 2566 voluntas
949 2525 977 2563 a
1009 2519 1207 2564 natura
1237 2508 1405 2563 insita
1431 2514 1538 2562 est.
1576 2507 1854 2572 Quorsum
1887 2507 2032 2562 enim

457 2604 661 2676 alioqui
690 2611 898 2674 partem
936 2601 1269 2656 rationalem
1311 2599 1559 2663 habebit,
1610 2599 1657 2654 si
1717 2614 1825 2653 non
1867 2598 2040 2654 libere

404 2752 406 2755 ,
457 2694 869 2750 ratiocinatur?
917 2691 1052 2746 Nam
1097 2691 1406 2746 naturalem
1445 2689 1668 2760 quidem
1723 2691 2032 2760 appetitum

457 2802 710 2842 summus
741 2784 944 2856 Opiter
989 2784 1171 2839 brutis
1203 2782 1372 2836 etiam
1409 2780 1628 2846 indidit,
1663 2794 1778 2849 quo
1823 2779 1891 2835 ad
1926 2795 2042 2835 sua:

2212 2232 2593 2296 Λύτεξουσίως
2646 2231 2704 2285 δὲ
2749 2230 2908 2302 ἧθελε
2951 2228 3031 2300 τῷ
3089 2227 3221 2299 θείῳ
3265 2228 3360 2282 καὶ
3401 2229 3738 2304 ἀνθρωπίνῳ

2138 2322 2425 2394 θελήματι.
2458 2323 2616 2395 Πάσῃ
2639 2322 2746 2394 7&9
2782 2322 2976 2392 λογικῇ
3009 2320 3170 2390 φύσει
3197 2320 3417 2384 πάντως
3437 2322 3735 2392 ἐμπέφυκε

2137 2415 2199 2468 τὸ
2229 2415 2581 2482 αὐτεξούσιον
2629 2416 2871 2489 θέλημα.,
2895 2419 2991 2484 Et;
3024 2421 3079 2473 τί
3103 2419 3212 2492 7&9
3249 2419 3359 2485 ἕξει
3390 2422 3453 2474 τὸ
3485 2422 3735 2491 λογικὸν,

2141 2505 2217 2576 μὴ
2253 2505 2623 2572 αὐτεξουσίως
2671 2507 3030 2579 λογιζομένη;
3086 2510 3185 2580 τὴν
3215 2511 3314 2582 μὲν
3348 2512 3460 2583 7&9
3492 2514 3739 2585 φυσικὴν

2135 2592 2316 2667 θρεξιν
2335 2596 2429 2650 καὶ
2455 2600 2568 2662 τοῖς
2595 2598 2813 2667 ἀλόγοις
2843 2598 3003 2664 ζώοις
3021 2603 3048 2654 ό
3070 2603 3410 2673 Δημιουργὸς
3443 2604 3738 2677 ἐνέσπειρε

2137 2686 2277 2756 πρὸς
2329 2685 2590 2740 σύστασιν
2635 2689 2738 2759 τῆς
2794 2688 3002 2753 οἰκείας
3037 2690 3254 2759 φύσεως
3295 2692 3740 2761 ἠναγκασμέναις

2137 2780 2274 2834 αὐτὰ
2303 2779 2563 2849 ἄγουσαν.
2601 2780 2779 2849 Λόγου
2820 2781 2932 2854 γὰρ
2963 2782 3304 2853 ἀμοιροῦντα
3337 2793 3361 2822 ε
3401 2783 3464 2836 ού
3504 2783 3760 2858 δύναται,

465 2887 680 2936 natura:
709 2877 1194 2933 conservationem
1225 2877 1552 2931 necessitate
1576 2873 1876 2928 ducuntur.
1897 2871 2035 2928 Cum

2141 2871 2316 2941 ἄγειν,
2367 2871 2482 2926 ἀλλ’
2512 2871 2707 2940 ἄγεται
2739 2872 2845 2925 ὑπὸ
2873 2873 2972 2942 τῆς
3005 2874 3244 2944 φυσικῆς
3264 2873 3521 2943 ὀρέξεως.
3567 2874 3741 2928 Ὅθεν

457 2969 607 3025 enim
641 2968 855 3024 ratione
880 2975 1128 3031 careant,
1169 2967 1374 3022 ducere
1412 2981 1521 3020 non
1561 2971 1815 3034 possunt,
1847 2979 2035 3018 verum

2146 2962 2262 3033 ἅμα
2299 2965 2333 3033 ἡ
2368 2963 2549 3032 ὄρεξις
2579 2964 2826 3034 γένηται,
2858 2964 3062 3028 εὐθέως
3091 2966 3187 3019 καὶ
3229 2967 3262 3036 ἡ
3295 2966 3433 3038 πρὸς
3461 2967 3563 3038 τὴν
3594 2971 3739 3038 πρᾶ-

458 3061 698 3116 naturali
727 3059 1012 3115 ducuntur
1038 3058 1303 3129 appetitu.
1360 3055 1443 3140 iis
1502 3070 1613 3126 quo
1647 3055 1725 3121 tit,
1783 3063 1842 3110 ut
1875 3055 2035 3109 simul

2149 3053 2228 3118 ξιν
2249 3054 2395 3124 όρμή
2417 3069 2431 3086 ο
2463 3055 2524 3108 ού
2560 3054 2668 3125 γὰρ
2697 3053 2862 3126 λόγῳ,
2893 3055 2926 3126 ἢ
2955 3055 3140 3126 βουλῇ,
3173 3055 3206 3126 ἦ
3245 3056 3456 3126 σκέψει,
3488 3057 3522 3128 ἦ
3554 3057 3735 3129 κρίσει

459 3158 628 3220 atque
668 3148 942 3219 appetitus
975 3147 1174 3213 oritur,
1207 3135 1395 3203 statim
1427 3146 1496 3200 ad
1541 3145 1810 3216 agendum
1855 3144 2035 3214 prosi-

2148 3145 2434 3216 κέχρηται.
2467 3144 2630 3197 Ὅθεν
2651 3143 2775 3198 οὔτε
2805 3146 2881 3210 ὡς
2901 3145 3101 3217 ἀρετὴν
3125 3147 3377 3217 μετιόντα
3407 3139 3736 3211 ἐπαινεῖται,

458 3241 619 3294 liant.
652 3240 842 3309 Neque
864 3241 1013 3294 enim
1039 3240 1258 3293 ratione
1284 3246 1381 3292 aut
1412 3237 1671 3303 consilio,
1697 3242 1798 3289 aut
1854 3233 2035 3289 consi-

2142 3237 2238 3289 καὶ
2271 3235 2661 3306 μακαρίζεται,
2715 3235 2843 3289 οὔτε
2884 3236 2963 3301 ὡς
2993 3235 3189 3290 κακίαν
3221 3237 3531 3310 πράττοντα
3569 3239 3736 3292 κολάς-

458 3331 768 3394 deratione,
819 3339 914 3384 aut
959 3329 1173 3396 judicio
1229 3335 1481 3382 utuntur.
1541 3328 1619 3382 Ac
1665 3325 1899 3396 proinde
1939 3339 2035 3381 nec

2141 3325 2316 3390 ζεται.
2351 3325 2412 3378 'H
2443 3325 2500 3378 δὲ
2529 3327 2723 3398 λογικὴ
2757 3327 2921 3397 φύσις
2945 3327 3062 3398 ἔχει
3096 3328 3194 3396 μὲν
3229 3329 3328 3398 τὴν
3359 3331 3597 3401 φυσικὴν
3618 3329 3739 3402 δρε-

462 3420 615 3474 velut
637 3420 830 3476 virtuti
856 3417 1139 3474 studentia
1177 3417 1500 3480 laudantur,
1532 3431 1598 3471 ac
1633 3417 1790 3470 beata
1814 3430 2035 3470 censen-

2141 3415 2224 3483 ξιν
2255 3417 2608 3486 κινουμένην,
2657 3419 2764 3471 ὑπὸ
2795 3419 2851 3472 δὲ
2890 3418 2985 3471 τοῦ
3017 3420 3191 3487 Λόγου
3231 3420 3510 3491 ἀγομένην
3543 3438 3603 3473 τε
3641 3423 3736 3474 καὶ

461 3518 555 3565 tur
583 3527 598 3577 ;
634 3523 736 3565 nec
775 3519 1036 3577 tanquam
1067 3507 1275 3560 malum
1309 3506 1529 3576 agentia
1562 3506 1898 3577 plectuntur.
1939 3507 2035 3560 Na-

2144 3507 2554 3579 ρυθμιζομένην
2585 3510 2811 3563 ἐπὶτῶν
2841 3511 3227 3580 φυλασσόντων
3255 3511 3316 3564 τὸ
3348 3513 3492 3565 κατά
3531 3512 3698 3580 φύσιν
3721 3530 3734 3544 ·

465 3611 585 3656 tura
622 3614 754 3655 vero
785 3598 1072 3654 rationalis
1123 3598 1286 3653 habet
1317 3596 1541 3667 quidem
1592 3597 1900 3652 naturaiem
1947 3612 2035 3667 ap-

2142 3597 2234 3652 τοῦ
2270 3599 2378 3670 γὰρ
2413 3600 2590 3668 Λόγου
2624 3602 2953 3672 προτέρημα
2991 3601 3150 3655 τοῦτό
3189 3603 3357 3667 ἐστιν,
3402 3605 3436 3674 ἡ
3476 3604 3707 3672 αύτεξού

461 3693 719 3762 petitum,
743 3691 838 3762 qui
863 3699 1194 3756 moveatur;
1236 3688 1508 3758 ejusmodi
1559 3699 1764 3752 tamen,
1801 3697 1858 3741 ut
1894 3688 1946 3742 in
1972 3689 2035 3742 ii

2152 3705 2265 3749 σιος
2303 3688 2542 3758 θέλησις,
2574 3691 2768 3761 ἥντινα.
2815 3691 3056 3761 φυσικὴν
3088 3693 3146 3743 ὲν
3183 3691 3262 3761 τῷ
3291 3691 3496 3763 λογικῷ
3554 3710 3737 3763 φαμεν

461 3799 584 3854 qua:
616 3792 835 3839 natura;
869 3791 1296 3838 consentaneum
1349 3781 1733 3837 rectitudinem
1786 3788 2035 3846 servant,

2149 3779 2400 3851 stiv'qow'
2430 3779 2510 3832 διὸ
2536 3783 2630 3833 καὶ
2658 3780 2733 3844 ὡς
2757 3781 2960 3852 ἀρετὴν
2998 3765 3260 3852 μετιοῦσα
3299 3783 3608 3836 ἐπαινεῖται
3642 3785 3735 3836 καί

463 3873 731 3928 aratione
751 3873 1089 3944 gubernetur
1115 3886 1178 3927 ac
1206 3879 1592 3941 componatur.
1619 3868 1872 3926 Rationis
1895 3870 2035 3926 enim

2155 3869 2544 3942 μακαρίζεται,
2588 3871 2684 3924 καὶ
2707 3871 2782 3934 ὡς
2813 3870 3016 3925 κακίαν
3055 3871 3319 3942 μετιοῦσα
3349 3870 3666 3936 κολάζεται.

466 3967 831 4038 praecellrntia
860 3965 976 4020 lucc
1006 3970 1113 4030 est,
1157 3963 1348 4019 liberae
1401 3963 1688 4033 potestatis
1723 3964 2017 4018 voluntas:
2057 3978 2221 4032 quam
2251 3963 2472 4033 quidem
2503 3963 2806 4019 naturalem
2853 3973 3061 4018 motum
3128 3965 3182 4020 in
3269 3965 3580 4021 substantia
3650 3980 3735 4019 ra-

462 4062 655 4118 tionali
690 4060 946 4115 dicimus.
993 4056 1176 4126 anue
1211 4055 1280 4110 de
1319 4070 1487 4111 causa
1528 4063 1584 4111 ct
1614 4070 1742 4111 cum
1785 4056 2039 4112 virtutem
2071 4055 2230 4121 colit,
2259 4055 2476 4135 laudem
2499 4057 2728 4118 obtinet,
2776 4069 2839 4109 ac
2873 4056 3027 4110 beata
3052 4056 3425 4125 praedicatur;
3496 4069 3553 4112 et
3608 4071 3732 4111 cum

467 4172 526 4212 se
545 4154 680 4209 vitio
711 4153 882 4214 dedit,
917 4151 1162 4221 punitur.

540 4246 750 4300 Divina:
778 4253 826 4299 et
851 4244 1099 4297 humanae
1131 4243 1422 4297 voluntatis
1449 4242 1736 4296 discrimen
1775 4242 1828 4295 in
1883 4241 2044 4297 Chri-

466 4345 570 4392 sto.
593 4364 665 4376 —
695 4335 837 4403 Ergo
851 4332 894 4367 σε
935 4332 1156 4387 volebat
1183 4330 1404 4401 quidem
1437 4329 1654 4384 Domini
1675 4330 2048 4391 animalibere

464 4427 724 4492 excitata,
762 4423 855 4480 sed
897 4437 962 4478 ea
986 4422 1155 4477 libere
1182 4419 1402 4475 demum
1443 4419 1679 4486 volebat,
1714 4436 1836 4490 qua:
1863 4419 2047 4474 divina

469 4517 642 4588 ipsius
670 4513 928 4570 voluntas
956 4511 1095 4567 velle
1123 4526 1241 4564 cam
1277 4511 1518 4564 volebat.
1549 4509 1668 4565 Non
1699 4511 1846 4566 enim
1884 4509 2048 4566 Verbi

2225 4237 2390 4290 Ὥστε
2408 4235 2564 4307 ἢθελε
2601 4235 2699 4306 μὲν
2734 4237 3095 4304 αὐτεξουσίως
3125 4238 3415 4308 κινουμένη
3448 4237 3598 4307 ήτοῦ
3627 4240 3738 4291 Κυ-

2153 4328 2272 4401 ρίὸυ
2313 4328 2482 4399 ψυχὴ,
2507 4329 2622 4382 ἀλλ’
2653 4331 2835 4382 ὲκείνα
2867 4329 3226 4394 αὐτεξουσίως
3248 4330 3462 4401 ἢθελεν,
3495 4329 3531 4383 ἃ
3556 4332 3590 4400 ἡ
3620 4330 3738 4384 θεία

2156 4421 2324 4498 αὑτοῦ
2357 4421 2578 4491 θέλησις
2609 4420 2766 4492 ἤθελε
2800 4420 2977 4474 θέλειν
3028 4421 3226 4492 αὐτήν.
3259 4422 3335 4474 Ού
3371 4422 3482 4492 γὰρ
3504 4421 3740 4493 νεύματι

2149 4511 2246 4566 τοῦ
2280 4512 2458 4582 Λόγου
2493 4513 2526 4582 ἡ
2560 4511 2698 4584 σὰρξ
2730 4515 2964 4566 ἐκινεῖτο
2987 4528 3001 4543 ο
3033 4513 3128 4566 καὶ
3160 4512 3403 4582 Μωῦσῆς
3433 4512 3461 4551 ά
3491 4512 3601 4584 7&9
3647 4515 3744 4568 καὶ

467 4616 606 4663 nutu
638 4621 770 4661 caro
801 4605 1156 4666 movebatur,
1201 4601 1362 4670 juxta
1415 4617 1479 4656 ac
1526 4602 1707 4658 Moses
1759 4615 1813 4658 ct
1865 4604 2035 4658 sancti

2153 4605 2356 4666 πάντες
2385 4607 2438 4659 οί
2469 4606 2616 4674 ἅγιοι
2644 4605 2875 4676 νεύματι
2897 4605 3026 4676 θείῳ
3047 4605 3352 4659 ἐκινοῦντο·
3385 4605 3503 4659 ἀλλ’
3521 4607 3552 4658 ό
3579 4607 3744 4671 αὐτὸς

465 4712 659 4754 omnes
689 4697 880 4753 divino
904 4703 1040 4750 nutu
1075 4695 1480 4749 movebantur:
1512 4710 1699 4751 verum
1733 4695 1874 4752 idem
1907 4697 2044 4766 ipse,

467 4805 591 4845 cum
623 4798 677 4846 ct
711 4787 857 4843 Dcus
888 4795 943 4843 et
973 4787 1138 4842 homo
1168 4795 1345 4848 esset.
1383 4797 1497 4842 tum
1533 4788 1720 4844 divina
1743 4831 1758 4856 ,
1793 4799 1907 4844 tum
1942 4793 2044 4846 hu-

468 4897 630 4938 mana
656 4881 941 4936 voluntate
966 4880 1206 4935 volebat.
1241 4878 1326 4935 0b
1354 4894 1474 4935 eam
1510 4896 1738 4937 causam
1772 4898 1881 4939 non
1913 4898 2047 4938 con-

467 4973 593 5030 silio
627 4990 691 5030 ac
731 4972 1010 5030 sententia
1034 5015 1047 5036 ,
1086 4971 1182 5027 sed
1222 4973 1496 5029 naturalis
1538 4974 1722 5043 potius
1759 4974 2046 5030 facultatis

469 5066 720 5128 ratione,
751 5054 875 5120 dua:
917 5063 1132 5118 Domini
1169 5065 1490 5120 voluntates
1530 5065 1673 5122 inter
1713 5083 1773 5123 se
1807 5067 2045 5124 disside-

463 5156 622 5212 bant.
671 5155 886 5212 Etcuim
941 5155 1127 5210 divina
1181 5156 1308 5226 ejus
1359 5157 1614 5212 voluntas
1655 5157 1911 5228 principii
1952 5175 2048 5214 ex-

541 5333 1019 5408 "_Mattli.___xxvt,
1058 5337 1161 5401 59;
1211 5335 1355 5408 Luc.
1404 5353 1544 5402 xm,
1579 5336 1666 5392 42.
1702 5337 1884 5393 Locus
1917 5355 2061 5408 sepe

469 5405 646 5484 et‘cit.
680 5412 789 5459 act.
823 5405 889 5460 10
953 5415 1124 5462 sexta
1187 5407 1408 5481 synodi.
1467 5408 1682 5465 “ibid.

2152 4695 2235 4761 είς
2257 4697 2333 4751 ὣν
2368 4698 2502 4761 Θεός
2525 4715 2584 4751 τε
2616 4698 2709 4751 καὶ
2747 4698 3054 4769 ἄνθρωπος,
3080 4699 3223 4753 κατά
3245 4714 3302 4750 τε
3335 4698 3436 4768 τὴν
3467 4699 3624 4754 θείαν
3646 4699 3743 4753 καὶ

2153 4790 2253 4862 τὴν
2289 4789 2643 4862 ἀνθρωπίνην
2672 4789 2830 4860 ἤθελε
2861 4789 3084 4860 θέλησιν
3103 4807 3116 4822 ο
3148 4788 3230 4843 διὸ
3249 4790 3312 4844 ού
3337 4789 3555 4862 γνώμῃ,
3585 4808 3742 4860 φυσι-

2155 4883 2225 4952 κῇ
2249 4881 2303 4934 δὲ
2335 4881 2536 4951 μᾶλλον
2580 4880 2830 4952 δυνάμει,
2878 4883 2934 4934 αἱ
2977 4881 3072 4936 δύο
3118 4880 3213 4934 τοῦ
3243 4881 3450 4952 Κυρίου
3492 4881 3739 4952 θελήσεις

2151 4972 2404 5044 διέφερον
2437 4971 2703 5043 ἀλλήλων.
2773 4974 2835 5026 'H
2874 4974 2975 5045 μὲν
3005 4973 3114 5045 γὰρ
3144 4974 3268 5028 θεία
3312 4973 3484 5029 αὐτοῦ
3519 4973 3740 5042 θέλησις

2152 5068 2386 5138 ἄναρχός
2417 5084 2478 5120 τε
2512 5069 2608 5120 καὶ
2631 5070 2971 5140 παντουργὸς
2999 5065 3086 5138 ἦν,
3113 5069 3389 5138 ἑπομένην
3415 5068 3623 5138 ἔχουσα
3641 5068 3742 5137 τὴν

2157 5157 2405 5228 δύναμιν,
2439 5157 2533 5211 καὶ
2554 5158 2768 5230 ἀπαθής
2792 5174 2804 5189 ⁸
2831 5160 2865 5229 ἡ
2890 5159 2946 5212 δὲ
2977 5159 3294 5230 ἀνθρωπίνη
3326 5157 3493 5212 αὑτοῦ
3518 5157 3741 5227 θέλησις

2094 5337 2164 5392 ab
2199 5339 2524 5404 Athanasio,
2559 5336 2814 5393 Nasianz.
2850 5347 2904 5392 et
2969 5337 3393 5406 Chrysostomo,
3445 5335 3742 5406 expositus

1768 5410 1809 5440 "
1843 5405 2011 5461 Μία(
2043 5406 2165 5462 Dial
2195 5423 2313 5463 cum
2343 5408 2572 5478 Pyrrho.
2603 5407 2766 5480 Grcg.
2794 5407 2926 5462 Naz.
2953 5424 3039 5478 ep.
3088 5405 3138 5474 ί,
3173 5406 3240 5462 ad
3270 5405 3422 5463 (Ἀθά.

1785 5521 2024 5578 νΑιιιΑε
2067 5519 2478 5577 LECTIONES.

541 5640 569 5678 δ
603 5640 662 5695 In
687 5640 846 5694 editis
873 5641 1026 5695 deest
1054 5645 1144 5697 ml.
1167 5641 1279 5694 σύν.
1325 5653 1346 5679 ε
1381 5641 1529 5694 Multi
1555 5643 1774 5696 codices
1799 5640 2106 5710 ἀμοιροῦσα
2143 5681 2153 5692 .
2196 5680 2208 5694 .

2251 5680 2262 5694 .
2309 5635 3383 5713 turmatim.Acontraorationis_seriem1
3419 5648 3545 5703 qua:
3575 5633 3741 5713 In.“

493 5721 627 5766 cum
659 5709 1019 5767 rationalibus
1049 5712 1375 5767 substantiis
1409 5722 1711 5781 comparat.
1748 5703 1918 5766 lidius
1940 5703 2136 5768 'farcut
2158 5703 2489 5782 interpretes
2515 5717 2568 5764 et
2589 5709 2742 5765 Colb.
2784 5703 2957 5763 1559f
3015 5705 3039 5744 ἀ
3074 5705 3184 5761 Als.
3217 5705 3442 5776 Μωσῆς.
