3996 6212
349 287 486 352 1089
1413 281 1508 342 DE
1546 281 1722 342 FIDE
1751 279 1919 340 ORT]

2031 274 2210 338 )OXA
2255 272 2401 333 LIB.
2437 272 2549 333 ιΙῐ.
3471 266 3609 334 1090

344 412 402 448 τε
430 394 744 464 ἐφιέμενος,
779 393 873 445 καὶ
906 392 1152 459 φυσικῶς
1182 391 1238 443 ὲν
1271 390 1436 472 πείρᾳ
1463 390 1668 443 τούτων
1704 389 1919 457 γενόμε-

2039 385 2177 447 buit,
2208 399 2364 439 suam
2397 381 2616 451 quidem
2651 394 2779 448 erga
2822 375 2913 432 illa
2955 392 3075 448 quae
3116 386 3366 433 naturam
3402 377 3608 432 consti-

344 497 465 546 νος*
503 483 561 533 ἐν
597 477 653 532 δὲ
685 482 795 542 τοῖς
830 479 1151 549 φθαρτικοῖς
1182 477 1280 548 τὴν
1331 469 1609 547 ἀφορμὴν,
1642 477 1717 539 ὡς
1749 477 1815 528 ’ἐν
1850 472 1919 544 τῷ

2036 486 2202 530 tuunt
2252 472 2677 545 propensionem
2731 469 3052 533 ostendens,
3110 478 3225 523 tum
3265 469 3376 523 cibi
3419 477 3608 537 potus-

345 571 520 643 καιρῷ
555 571 763 633 πάθους
793 569 1056 630 ἑκουσίως
1106 569 1205 639 τὴν
1253 569 1388 638 πρὸς
1420 568 1513 621 τὸν
1561 567 1792 622 θάνατον
1831 584 1919 619 συ-

2031 583 2136 636 que
2169 577 2222 622 et
2271 564 2450 621 somni
2501 561 2832 632 cupiditate,
2901 567 3014 612 tum
3081 558 3230 613 facto
3287 559 3486 613 horum
3535 574 3606 614 ex

342 663 538 734 στολὴν
563 660 916 732 ποιήσασθαι.
941 661 1004 712 Εἰ
1024 661 1132 730 γάρ
1161 659 1254 711 καὶ
1276 659 1426 729 νόμῳ
1457 658 1674 728 φύσεως
1712 659 1924 726 ἐγίνετο

343 757 406 806 sit
438 753 734 822 γινόμενα,
791 751 907 804 ἀλλ’
962 751 1023 802 ού
1076 749 1201 804 καθ’
1260 752 1409 821 ἡμᾶς
1462 747 1918 819 ἣναγκασμένως.

353 841 653 902 Ἑκουσίως
683 841 793 911 γὰρ
827 839 897 894 τὰ
933 839 1142 909 φυσικὰ
1169 839 1341 893 θέλων
1379 839 1727 906 κατεδέξατο.
1752 838 1920 892 ’Ὥστε

338 933 482 1000 αὑτὴ
512 933 544 1001 ή
574 932 771 996 δειλία,
805 931 902 983 καὶ⁸
935 933 962 984 6
993 929 1178 1000 φόϐος,
1212 932 1307 985 καὶ
1343 933 1376 1002 ἡ
1403 931 1636 998 ἀγωνία,
1679 929 1788 983 τῶν
1820 948 1918 999 φυο

340 1023 512 1076 σικῶν
545 1025 663 1076 ἐστι
704 1024 798 1078 καὶ
836 1023 1179 1094 ἀδιασλήτων
1211 1022 1426 1089 παθῶν,
1455 1023 1551 1075 καὶ
1593 1021 1668 1093 μὴ
1697 1023 1920 1075 ὑποκει-

346 1116 525 1185 μένων
549 1115 820 1186 ἁμαρτίᾳ.

2028 668 2242 712 natura
2271 656 2488 726 legibus
2531 641 2826 724 per'iculo;
2861 652 2915 706 in
2954 651 3024 706 iis
3064 658 3247 723 autem
3291 665 3415 719 qua
3467 652 3609 705 inte-

2026 748 2193 802 ritum
2260 747 2507 816 pariunt,
2554 744 2738 815 fugam
2799 741 3170 814 praatendens,
3215 749 3274 794 ut
3327 740 3608 809 passionis

2027 846 2274 907 tempore
2305 837 2498 891 mortis
2544 836 2741 890 timore
2783 833 3094 888 voluntarie
3135 831 3606 899 compressiones!)

2027 927 2331 983 admiserit.
2383 927 2707 996 Quanquam
2749 926 2896 980 enim
2949 933 3163 978 natura:
3213 923 3332 989 lege
3378 921 3605 986 ﬁebant,

2027 1037 2150 1092 qua
2182 1021 2422 1087 ﬁebant;
2451 1029 2508 1073 at
2541 1033 2650 1073 non
2687 1026 2748 1072 ut
2781 1016 2836 1070 in
2873 1015 3034 1070 nobis
3075 1015 3125 1068 vi
3158 1023 3210 1069 et
3265 1011 3604 1067 necessario.

2025 1114 2100 1168 Ea
2147 1113 2416 1184 siquidem
2464 1125 2586 1181 quae
2633 1119 2834 1165 natura
2880 1116 3062 1171 erant,
3105 1114 3305 1177 sponte
3339 1113 3394 1158 et
3427 1105 3608 1162 libens

339 1206 605 1274 suscepit.
646 1205 720 1256 Ac
754 1201 982 1272 proinde
1024 1213 1196 1257 metus
1224 1201 1336 1267 hic,
1373 1211 1427 1258 et
1471 1201 1789 1273 trepidatio,
1819 1217 2124 1272 pavorque,
2175 1202 2448 1257 naturalis
2512 1210 2569 1256 et
2625 1199 2927 1269 inculpata,
2972 1212 3076 1253 nec
3147 1197 3401 1267 subjecta
3480 1209 3607 1266 pee-

337 1306 462 1350 cato
491 1294 707 1348 aﬂ'ectio
748 1302 852 1348 est.

414 1385 571 1439 Ἐστι
596 1386 755 1439 πάλιν
781 1386 974 1451 δειλία,
1000 1387 1032 1456 ἡ
1061 1393 1125 1438 ὲκ
1157 1386 1451 1458 προδοσίας
1482 1388 1760 1458 λογισμῶν
1788 1404 1917 1441 συνο

339 1478 634 1547 ισταμένη,
696 1477 792 1530 καὶ
833 1478 1116 1544 ἀπιστίας,
1158 1479 1252 1532 καὶ
1286 1479 1382 1532 τοῦ
1415 1480 1630 1547 ἀγνοεῖν
1678 1480 1776 1551 τὴν
1822 1479 1917 1534 τοῦ

338 1565 570 1621 θανάτου
615 1566 802 1637 ὥραν,
851 1565 927 1631 ὡς
974 1570 1105 1622 ὅταν
1159 1567 1356 1631 νυκτὸς
1405 1569 1692 1639 δειλιῶμεν
1742 1569 1918 1639 ψόφου

336 1659 483 1723 τινος
511 1658 834 1728 γινομένου·
882 1660 1006 1730 ἥτις
1060 1660 1210 1730 παρὰ
1273 1659 1439 1728 φύσιν
1488 1661 1658 1724 ἐστὶν,
1711 1661 1779 1730 ἢν
1826 1660 1919 1713 καὶ

2031 1655 2149 1725 quis
2206 1653 2403 1709 mortis
2473 1652 2666 1707 horam
2702 1651 2936 1721 ignoret,
2980 1651 3227 1719 exsurgit
3280 1669 3294 1704 :

335 1751 648 1823 ὁριζόμενοι
677 1750 911 1821 λέγομεν
937 1769 952 1784 ο
982 1751 1134 1822 παρά
1179 1751 1340 1819 φύσιν
1376 1752 1550 1805 δειλία
1584 1750 1704 1804 ἐστὶ
1736 1751 1918 1822 παρά-

337 1844 494 1911 λογος
518 1842 770 1912 συστολὴ.
809 1842 1028 1913 Ταύτην
1056 1844 1083 1895 6
1117 1841 1322 1912 Κύριος
1355 1842 1415 1895 ού
1452 1842 1805 1914 προσήκατοσ
1839 1842 1919 1894 διὸ

331 1933 461 2006 ρὺδὲ
493 1931 758 1986 ὲδειλίασὲ
789 1951 943 1997 ποτε,
971 1935 1019 1986 εί
1054 1933 1128 2004 μὴ
1162 1934 1218 1985 ὲν
1251 1933 1330 2004 τῷ
1357 1933 1450 1986 τοῦ
1477 1933 1684 1996 πάθους
1720 1931 1917 2003 καιρῷ,

341 2027 392 2078 εἰ
427 2027 522 2077 καὶ
546 2026 911 2096 οἰκονομικῶς
945 2025 1139 2079 ἑαυτὸν
1173 2026 1490 2080 συνέστελλε
1520 2027 1783 2089 πολλάκις
1806 2041 1818 2054 ’
1856 2027 1916 2078 οὐ

339 2118 448 2188 γὰρ
478 2118 664 2186 ἠγνόει
698 2117 786 2170 τὸν
815 2117 1029 2188 καιρόν.

416 2374 536 2427 Ὅτι
573 2373 630 2427 δὲ
662 2371 880 2444 ἀληθῶς
906 2373 1192 2442 ἐδειλίασε,
1229 2374 1396 2446 φησὶν
1448 2378 1476 2430 6
1515 2377 1660 2450 ἱερὸς
1693 2377 1919 2432 Ἀθανά-

345 2482 460 2530 σιος
483 2468 540 2518 ἐν
562 2465 638 2536 τῷ
677 2468 818 2520 κατά
846 2467 936 2521 τοῦ
967 2466 1348 2538 ’Λπολιναρίου
1375 2467 1550 2540 λόγῳ·
1587 2487 1605 2520 ι
1632 2469 1732 2522 Διὰ
1759 2468 1920 2522 τοῦτο

343 2560 371 2610 6
395 2558 597 2628 Κύριος
627 2554 812 2626 ἔλεγεν
832 2576 847 2590 ·
871 2559 1003 2614 Νῦν
1027 2560 1070 2627 ,ἡ
1099 2559 1270 2628 ψυχή
1292 2549 1411 2628 μόυ
1440 2559 1809 2628 τετάρακται.
1846 2561 1920 2613 Τὸ

341 2647 421 2710 δὲ,
445 2647 579 2711 νῦν,
621 2647 779 2700 τοῦτό
811 2649 982 2711 ἐστιν,
1015 2650 1103 2702 ὅτε
1135 2650 1424 2721 ἠθέλησεν,
1465 2635 1613 2722 ὅμως
1649 2651 1833 2722 μέντοι
1859 2652 1920 2705 τὸ

342 2739 400 2791 ὒν
440 2737 836 2792 ὲπιδείκνυται’
887 2741 948 2792 ού
987 2741 1092 2811 γὰρ
1134 2739 1194 2794 τὸ
1229 2742 1306 2813 μὴ
1342 2741 1402 2795 ὃν
1444 2739 1518 2806 ὡς
1571 2744 1746 2814 παρὸν
1786 2743 1918 2799 ὠνό-

345 2829 539 2898 μαζεν,
573 2829 648 2893 ὡς
687 2831 908 2902 δοκήσει
949 2833 1254 2905 γινομένων
1283 2836 1393 2888 τῶν
1436 2834 1780 2906 λεγομένων·
1814 2836 1919 2907 φύ-

344 2938 430 2973 σει
458 2922 567 2993 γὰρ
600 2923 694 2975 καὶ
725 2923 956 2996 ἀληθεία
984 2925 1052 2978 τά
1092 2926 1271 2979 πάντα
1317 2927 1548 2994 ἐγίνετο.
1586 2947 1602 2978 ι
1637 2925 1749 2980 Καὶ
1799 2928 1918 2998 μεθ’

2103 1380 2234 1446 Qui:
2267 1395 2370 1433 non
2414 1376 2704 1431 naturalis.
2757 1375 2915 1428 Hunc
2943 1373 3185 1429 Christus
3217 1392 3319 1428 non
3363 1377 3602 1434 admisit“

2025 1471 2174 1527 -Ει
2217 1485 2440 1526 rursum
2487 1468 2639 1524 aliud
2691 1469 2908 1524 timoris
2947 1484 3144 1538 genus,
3182 1470 3326 1538 quod
3360 1485 3425 1524 ex
3455 1472 3606 1542 cogi-

2025 1564 2298 1618 tationum
2345 1560 2652 1616 defectione
2697 1567 2751 1614 et
2787 1557 3113 1620 ditiidentia,
3149 1574 3326 1628 exque
3365 1575 3430 1614 eo
3457 1561 3604 1631 quod

3358 1661 3421 1706 ut
3475 1667 3602 1708 cum

2023 1755 2211 1811 noctu,
2258 1745 2455 1799 oborto
2507 1744 2695 1814 aliquo
2751 1743 3017 1812 strepitu,
3057 1745 3252 1798 timore
3280 1743 3550 1799 aﬂicimur
3584 1763 3602 1800 :

2020 1837 2114 1908 qui
2147 1835 2369 1907 quidem
2423 1836 2591 1890 timor
2639 1851 2749 1890 non
2799 1835 3072 1889 naturalis
3102 1841 3208 1901 est,
3248 1835 3440 1904 sicque
3468 1834 3604 1890 deli-

2022 1927 2214 1981 nitur:
2257 1926 2446 1981 Timor
2507 1941 2617 1980 non
2665 1925 2962 1988 naturalis,
2997 1932 3080 1979 est
3134 1924 3429 1994 improvisa
3469 1940 3604 1981 con-

2021 2018 2245 2075 tractio.
2310 2017 2470 2072 llunc
2517 2032 2685 2086 porro
2749 2017 3001 2071 timorem
3058 2015 3325 2070 Dominus
3360 2031 3470 2070 non
3507 2031 3601 2072 as—
3687 2024 3694 2028 ’

2020 2110 2277 2180 sumpsit.
2309 2107 2658 2179 Quapropter
2681 2123 2963 2178 nunquam
2998 2107 3210 2172 timuit,
3241 2107 3347 2162 nisi
3385 2109 3598 2178 passio-

2020 2200 2105 2254 nis
2148 2209 2392 2270 tempore
2436 2215 2449 2252 :
2497 2199 2604 2252 etsi
2647 2198 2852 2268 alioqui
2900 2205 3057 2254 certo
3097 2199 3337 2253 consilio
3363 2213 3508 2270 saepe
3540 2215 3603 2257 se

2021 2290 2305 2346 subduxit.
2341 2289 2458 2343 Non
2494 2289 2642 2345 enim
2675 2297 2893 2358 tempus
2927 2288 3241 2359 ignorabat.

2090 2381 2247 2447 Quod
2289 2389 2472 2435 autem
2519 2395 2650 2434 vere
2696 2380 2964 2444 timuerit,
3012 2379 3175 2435 testis
3231 2387 3317 2435 est
3368 2387 3603 2438 sanctus

2020 2473 2355 2528 Athanasius
2413 2474 2468 2526 in
2521 2470 2787 2526 Oratione
2857 2469 3122 2526 adversus
3198 2469 3601 2540 Apollinarium

2019 2565 2108 2620 bis
2145 2565 2352 2620 verbis:
2389 2582 2406 2614 ι
2455 2561 2538 2618 0b
2572 2577 2690 2617 eam
2740 2576 2967 2616 causam
3028 2561 3248 2616 dicebat
3287 2560 3553 2619 Dominus
3584 2580 3598 2616 :

2020 2655 2179 2710 Nunc
2231 2657 2408 2710 animo
2457 2671 2571 2710 mea
2600 2653 2813 2708 turbata
2857 2664 2932 2709 est
2961 2653 3028 2706 ³⁸.
3083 2651 3240 2719 Quod
3281 2663 3461 2708 autem
3498 2653 3600 2718 ait,

2020 2765 2178 2814 nunc,
2210 2748 2352 2802 idem
2389 2755 2478 2802 est
2517 2761 2604 2813 ac,
2659 2761 2784 2801 cum
2835 2745 3030 2800 voluit.
3075 2746 3334 2800 Attamen
3367 2745 3420 2798 id
3451 2747 3598 2814 quod

2020 2849 2138 2895 erat
2177 2839 2445 2895 ostendit.
2480 2836 2600 2894 Non
2651 2838 2799 2893 enim
2849 2837 2985 2892 illud
3026 2835 3170 2906 quod
3221 2852 3331 2892 non
3365 2845 3509 2900 erat,
3535 2851 3599 2892 ac

2021 2930 2067 2986 si
2103 2930 2269 3002 248
2299 2931 2536 2994 adesset,
2593 2929 2900 2983 nominavit
2947 2947 2961 2982 :
3017 2928 3244 2998 perinde
3293 2928 3507 2983 scilicet
3536 2942 3603 2982 ac

343 3012 511 3084 ἔτερα
530 3029 544 3044 ο
577 3033 594 3064 ι
622 3014 892 3086 Οὐδαμῶς
920 3016 976 3069 δὲ
1018 3015 1212 3088 θεότης
1243 3017 1418 3081 πάθος
1455 3018 1766 3087 προσίεται,
1793 3019 1916 3088 δίχα

2031 3023 2067 3078 si
2102 3024 2156 3077 in
2186 3023 2428 3092 speciem
2458 3023 2726 3079 duntarat
2765 3021 2966 3078 tierent
2997 3037 3059 3076 ea
3092 3035 3216 3091 quae
3243 3021 3598 3076 dicebautur.

346 3103 657 3172 πάσχοντος
697 3103 974 3175 σώματος,
1017 3106 1139 3159 οὐδὲ
1169 3106 1415 3178 ταραχὴν
1457 3107 1550 3159 καί¹
1590 3105 1770 3178 λύπην
1801 3109 1922 3161 ἐπι-

342 3192 640 3257 δείκνυται,
663 3193 786 3264 δίχα
806 3194 985 3265 ψυχῆς
1002 3195 1347 3268 λυπουμένης
1362 3197 1453 3250 καὶ
1483 3199 1917 3270 ταρασσομένης

343 3282 467 3336 οὔτε
495 3285 755 3356 ἀδημονεῖ
782 3287 874 3340 καὶ
925 3287 1312 3360 προσεύχεται,
1353 3289 1476 3359 δίχα
1500 3291 1740 3360 νοήσεως
1791 3291 1922 3361 ἀδη-

348 3373 616 3443 μονούσης
664 3377 758 3427 καὶ
811 3376 1293 3446 προσευχομένης·
1331 3375 1469 3429 ἀλλὰ
1535 3377 1645 3447 γάρ
1697 3375 1797 3429 κᾶν
1845 3377 1918 3448 μὴ

346 3465 620 3533 ἡττήματι
653 3467 868 3534 φύσεως
907 3468 1191 3520 συνέϐαινε
1217 3467 1285 3522 τὰ
1315 3469 1597 3538 γινόμενα,
1648 3467 1764 3521 ἀλλ’
1793 3469 1920 3520 ἐπι-

344 3553 509 3619 δείξει
544 3557 833 3628 ὑπάρξεως
865 3559 1074 3627 ἐγίνετο
1097 3568 1160 3614 ω.
1195 3577 1214 3610 ι
1263 3559 1336 3610 Τὸ
1369 3558 1446 3620 δὲ,
1489 3558 1777 3627 ἠττήματι
1810 3559 1921 3628 spti-

344 3662 499 3714 σεως
523 3649 607 3719 μὴ
640 3651 996 3720 συμϐαίνειν
1036 3651 1104 3703 τὰ
1136 3652 1436 3721 γινόμενα,
1468 3651 1529 3703 τὸ
1557 3650 1633 3721 μὴ
1648 3650 1922 3714 ἀκουσίως

343 3741 520 3793 ταῦτα
560 3742 797 3812 ὑπομένε
810 3760 876 3806 ιν,
908 3743 1081 3812 δηλοῖ.

2025 3112 2232 3168 Natura
2263 3114 2409 3168 enim
2438 3128 2502 3168 ac
2532 3129 2659 3168 vere
2681 3113 2877 3185 omnia
2899 3113 3255 3168 ﬁebant.iAc
3285 3119 3408 3182 post
3436 3112 3546 3166 alia
3581 3129 3597 3165 :

2025 3201 2188 3258 Nullo
2218 3213 2402 3258 autem
2429 3203 2595 3258 modo
2636 3203 2892 3259 divinitas
2917 3204 3230 3274 passionem
3251 3203 3450 3274 recipit
3480 3203 3604 3259 sine

2027 3307 2258 3362 corpore
2292 3293 2438 3363 quod
2467 3293 2734 3363 patiatur,
2762 3308 2862 3347 nec
2886 3293 3007 3349 sine
3035 3295 3218 3348 anima
3251 3309 3374 3364 quae
3407 3293 3602 3350 triste-

2027 3393 2120 3437 tur
2146 3399 2209 3437 ac
2237 3383 2516 3450 turbetur,
2564 3384 2934 3440 turbationem
2981 3399 3392 3455 tnmroremque
3416 3392 3606 3440 osten-

2027 3473 2106 3527 dit
2137 3491 2148 3525 :
2192 3488 2368 3542 neque
2398 3473 2558 3527 anxia
2586 3481 2690 3534 est,
2721 3483 2774 3528 et
2814 3482 3006 3528 exorat
3038 3482 3219 3528 mente
3254 3487 3600 3544 nequaquam

2027 3565 2189 3617 anxia
2224 3572 2279 3618 et
2309 3571 2594 3619 exorante.
2623 3564 2836 3619 Etenim
2877 3566 3130 3634 quamvis
3169 3581 3278 3619 non
3314 3566 3473 3620 victa:
3503 3580 3603 3619 na-

2027 3661 2166 3709 turae
2223 3654 2672 3710 consternatione
2737 3655 2838 3710 ista
2889 3655 3296 3724 contingerent,
3359 3663 3601 3710 attamen

2029 3744 2172 3798 facta
2196 3754 2330 3800 sunt
2371 3753 2431 3799 ut
2476 3745 2601 3815 quis
2630 3753 2776 3800 esset
2833 3746 3008 3814 palam
3063 3745 3438 3799 innotesceret
3467 3744 3536 3797 ".
3578 3763 3598 3794 ι

346 3831 502 3897 Quod
558 3841 741 3888 autem
799 3849 908 3888 non
955 3845 1166 3888 natum
1217 3833 1628 3889 succumbentis
1699 3832 1915 3904 ignavia
1955 3835 2364 3908 contingerent,
2395 3851 2518 3907 qua:
2557 3836 2785 3901 ﬂebant,
2832 3835 2960 3890 hinc
2994 3835 3167 3904 liquet
3230 3834 3378 3904 quod
3454 3831 3601 3887 haud

347 3921 558 3978 invitus
585 3935 646 3976 ea
677 3921 1028 3975 sustinuerit.

832 4011 1082 4065 ΚΕΦΛΛ.
1119 4013 1221 4064 KA'
1255 4009 1423 4083 [ειη.

577 4103 711 4169 Περὶ
750 4102 858 4171 τῆς
897 4103 1004 4157 τοῦ
1052 4105 1269 4171 Κυρίου
1323 4103 1690 4173 προσευχῆς.

421 4194 704 4264 Προσευχή
745 4195 893 4246 ἐστιν
923 4194 1188 4258 ἀνάϐασις
1213 4194 1306 4247 νοῦ
1337 4195 1473 4265 πρὸς
1507 4195 1661 4260 Θεὸν,
1694 4194 1727 4265 ἢ
1766 4195 1921 4263 αἴτη-

2627 4009 2778 4064 CAP.
2807 4007 2999 4063 XXlV.

2533 4101 2605 4156 De
2640 4102 2852 4156 Domini
2882 4102 3140 4156 oratione.

2102 4192 2241 4260 Quid
2273 4193 2467 4258 oratio,
2499 4203 2655 4263 atque
2695 4200 2752 4245 ut
2779 4191 3022 4246 Christus
3058 4193 3307 4247 oraverit.
3328 4191 3604 4249 —0ratio

353 4300 438 4348 σις
469 4285 576 4336 τῶν
599 4285 985 4355 προσηκόντων
1017 4287 1169 4356 παρὰ
1193 4285 1358 4360 Θεοῦ.
1393 4287 1513 4350 Πῶς
1535 4288 1714 4339 τοίνυν
1747 4290 1775 4340 ὁ
1806 4286 1919 4339 Κύ-

2031 4295 2113 4344 est
2162 4300 2428 4341 ascensus
2472 4285 2670 4340 mentis
2721 4285 2773 4338 in
2832 4282 3040 4339 Deum:
3097 4295 3191 4338 aut
3228 4299 3418 4339 eorum
3481 4301 3606 4357 qua:

357 4392 473 4445 ριος
498 4376 589 4429 ἐπὶ
638 4376 915 4446 Λαζάρου,
971 4379 1067 4432 καὶ
1108 4380 1165 4431 ὲν
1210 4377 1289 4448 τῷ
1337 4378 1514 4450 καιρῷ
1561 4379 1654 4431 τοῦ
1717 4379 1922 4438 πάθους

355 4463 732 4533 προσηύχετο;
791 4465 926 4518 Οὔτε
983 4466 1091 4537 γὰρ
1145 4467 1464 4530 ἀναϐάσεως
1507 4467 1607 4538 τῆς
1653 4467 1788 4540 πρὺς
1836 4469 1925 4522 τὸν

2031 4388 2402 4435 consentanea
2450 4386 2580 4433 sunt
2619 4378 2920 4448 postulatio
2956 4392 2984 4430 a
3027 4375 3156 4432 Deo.
3205 4377 3309 4443 Qui
3351 4393 3480 4450 ergo
3510 4379 3606 4432 tle-

2036 4459 2216 4526 bat-ut
2258 4469 2519 4525 Dominus
2553 4468 2609 4523 in
2655 4467 2846 4522 Lazari
2893 4468 3252 4523 suscitatione
3288 4483 3352 4523 ac
3385 4468 3602 4538 passio-

353 4552 489 4607 Θεὸν
520 4555 689 4608 ἐδεῖτο
721 4557 748 4609 6
771 4555 924 4620 ἆγιος
954 4557 1119 4611 αὑτοῦ
1144 4557 1290 4624 νοῦς,
1318 4557 1464 4624 ἅπαξ
1484 4558 1604 4612 καθ’
1629 4560 1919 4614 ὑπόστασιν

2033 4566 2121 4619 nis
2179 4571 2428 4633 tempore
2471 4560 2700 4615 oraret?
2761 4575 2939 4629 neque
2985 4559 3136 4613 enim
3184 4567 3376 4614 sancta
3430 4557 3604 4629 ipsius

353 4647 434 4717 τῷ
461 4645 580 4716 Θεῴ
632 4647 790 4718 Λόγῳ
820 4650 1118 4720 ἡνωμένος,
1153 4650 1276 4704 οὔτε
1325 4651 1424 4720 τῆς
1473 4651 1624 4723 παρὰ
1667 4651 1802 4706 Θεοῦ
1846 4654 1919 4705 ai-

2036 4671 2192 4711 mens
2217 4654 2522 4710 elevatione
2573 4651 2627 4706 in
2677 4649 2845 4706 Deum
2881 4650 3098 4720 egebat,
3131 4651 3334 4721 quippe
3362 4665 3487 4720 quae
3517 4665 3604 4706 se-

351 4738 564 4808 δεήσεως
587 4753 600 4768 υ
639 4735 721 4801 εἷς
740 4739 851 4810 γάρ
873 4741 1020 4793 ἐστιν
1048 4744 1082 4794 6'
1104 4742 1368 4812 Χριστός·
1395 4742 1534 4796 ἀλλά
1562 4743 1624 4796 τὸ
1660 4743 1919 4814 ἡμέτερον

2036 4746 2142 4802 mel
2170 4745 2280 4800 Deo
2328 4743 2626 4800 secundum
2679 4742 3025 4812 bypostasim
3070 4743 3220 4797 unita
3269 4749 3460 4808 esset;
3507 4759 3606 4799 nec

353 4827 725 4898 οἰκειούμενος
766 4840 792 4867 η
829 4831 1144 4901 πρόσωπον,
1175 4835 1269 4887 καὶ
1314 4834 1504 4889 τυπῶν
1546 4837 1604 4888 ὲν
1655 4836 1835 4905 ἑαυτῷ
1869 4835 1919 4888 τὶ

2031 4852 2250 4892 rursum
2286 4833 2335 4890 ei
2362 4848 2504 4903 opus
2533 4841 2674 4895 erat,
2699 4842 2754 4885 ut
2779 4830 3078 4901 quidquam
3109 4847 3139 4885 a
3171 4831 3282 4886 Deo
3303 4833 3608 4902 postularet

355 4921 648 4990 ἡμέτερον,
681 4923 774 4976 καὶ
806 4923 1178 4993 ὑπογραμμὸς
1215 4926 1346 4995 ἡμῖν
1387 4927 1695 4998 γενόμενος,
1729 4928 1824 4981 καὶ
1853 4927 1919 4981 δι·

2031 4931 2214 4999 (unus
2265 4927 2411 4982 enim
2449 4931 2532 4978 est
2559 4922 2878 4993 Christus),
2921 4938 3112 4977 verum
3150 4923 3281 4992 quia
3317 4939 3606 4995 personam

353 5010 574 5064 δάσκων
626 5014 774 5082 ἡμᾶς
810 5013 966 5084 παρὰ
1020 5014 1157 5068 Θεοῦ
1205 5018 1397 5081 αίτεῖν,
1431 5019 1523 5070 καὶ
1581 5019 1722 5089 πρὸς
1770 5019 1919 5072 eam

2032 5027 2278 5074 nostram
2336 5015 2665 5081 sustinebat,
2741 5013 2795 5068 id
2873 5013 3019 5083 quod
3075 5025 3324 5070 nostrum
3380 5023 3502 5071 erat
3551 5017 3608 5071 in

357 5101 762 5170 ἀνατείνεσθαι,
798 5104 893 5158 καὶ
916 5104 1008 5159 διὰ
1033 5104 1128 5159 τοῦ
1163 5105 1320 5174 άγίου
1347 5105 1514 5160 αὑτοῦ
1551 5107 1643 5161 νοῦ
1673 5107 1919 5162 ὁδοποιῶη

2035 5111 2219 5181 seipse
2267 5108 2601 5179 exprimens,
2653 5121 2774 5161 sese
2805 5106 2962 5162 nobis
3006 5106 3316 5175 exemplum
3349 5107 3605 5176 prabuit,

453 5274 506 5310 "
539 5276 700 5333 Joan.
766 5295 838 5334 xtl
867 5317 884 5344 ,
931 5280 1020 5335 $7.

365 5279 700 5404 ﬁu;;:)oati.
766 5295 884 5344 xu,
931 5280 1020 5335 S7.
1113 5281 1260 5394 "IS.
1322 5282 1586 5339 Athenas.
1651 5283 1723 5337 De
1788 5283 2018 5340 sctitrri
2072 5282 2297 5339 Idaeum
2358 5280 2605 5344 Christi,
2667 5287 2858 5334 contra
2932 5279 3339 5350 Apollinarem,

3416 5294 3609 5338 versus

1677 5479 1912 5535 VARUE
1955 5479 2358 5537 LECTIONES.

427 5574 466 5596 ’³
493 5576 629 5646 Reg.
653 5575 706 5640 ι,
727 5573 887 5646 Colb.
923 5572 948 5626 t
983 5570 1308 5646 ιπράττετο.
1336 5573 1503 5629 Vetus
1542 5573 1768 5644 interpr.
1802 5579 2112 5646 agebantur.
2153 5573 2216 5628 li.
2242 5573 2384 5628 292i
2420 5575 2629 5644 ἐγίνετο
2664 5573 2730 5628 τὰ
2763 5569 3086 5642 τελούμενα.
3166 5579 3191 5609 π
3228 5570 3364 5628 Cod.
3406 5571 3464 5628 S.
3495 5572 3601 5630 llil.

361 5646 433 5700 ιι.
452 5646 506 5709 5,
541 5642 698 5700 Cbib.
731 5644 757 5697 1
791 5642 1229 5712 οἰκειωσάμενος.
1685 5642 1701 5644 “
1840 5642 1848 5643 “
1943 5645 1962 5654 "
