3996 6212
377 268 514 336 1093

1505 267 1566 325 S.
1611 264 1935 326 JOANNIS
1973 264 2402 325 DAMASCENI

3514 257 3656 322 ῙῙθθ

378 383 448 435 ιειὶ
495 390 684 449 corpus
729 383 852 434 ante
906 373 1376 434 resurrectionem;
1425 371 1728 440 posteriori,
1782 371 1959 423 incor-

2064 370 2168 440 γὰρ
2193 371 2262 422 τὰ
2294 369 2613 440 ἀνθρώπινα
2642 365 2819 421 ταῦτα
2850 365 3018 437 πάθη,
3068 368 3281 432 πεῖναν,
3316 365 3504 438 δίψαν,
3551 372 3652 424 x6-

381 471 747 544 ruptibile.—
780 464 1172 538 Corruptionis
1222 464 1265 496 “
1313 463 1570 519 vocabuli
1627 463 1831 532 duplex
1873 469 1960 518 est

377 562 732 636 signiﬁcatio.
765 559 902 616 Nam
937 569 992 615 et
1021 573 1125 630 pro
1157 557 1417 613 humanis
1449 557 1607 611 hisce
1636 555 1959 626 perpessio‘

333 658 542 713 'nibus
588 661 916 725 usurpatur,
961 666 1160 722 nempe
1218 649 1383 715 fame,
1438 648 1554 715 siti,
1604 647 1956 712 lassitudine,

377 751 661 805 clavorum
709 744 1103 818 perforatione,
1157 751 1352 807 morte,
1389 757 1488 797 seu
1533 741 1733 796 animas
1761 757 1790 795 a
1831 756 1960 796 cor-

380 860 510 917 pore
551 839 922 912 separatione,
973 837 1206 906 aliisque
1253 834 1308 890 id
1337 849 1509 903 genus
1551 854 1564 888 :
1601 849 1711 904 quo
1731 834 1954 904 quidem

377 952 542 993 sensu
567 930 908 1003 corruptioni
937 929 1234 984 obnoxium
1281 927 1455 982 fuisse
1501 926 1717 985 Domini
1751 941 1955 996 corpus

335 1031 612 1098 ,dicimus
648 1047 661 1082 :
698 1027 812 1080 haec
856 1023 1002 1079 enim
1057 1021 1241 1075 omnia
1305 1027 1502 1090 sponte
1558 1020 1823 1089 suscepit.
1878 1018 1958 1072 Ac

317 1097 343 1105 ’⁷
377 1137 574 1176 rursus
631 1115 1008 1186 corruptionis
1069 1127 1174 1167 vox
1238 1111 1534 1182 perlectam
1593 1110 1845 1180 corporis
1899 1109 1955 1165 in

374 1215 648 1268 elementa
695 1206 1008 1276 exquibus
1061 1205 1428 1273 compositum
1482 1210 1587 1268 est,
1634 1202 1958 1258 dissolutio-

378 1320 502 1359 nem
532 1300 1073 1367 exstinctionemque
1101 1295 1413 1366 signiﬁcat;
1448 1311 1570 1364 quae
1593 1295 1758 1350 etiam
1785 1309 1814 1348 a
1844 1295 1959 1364 ple-

377 1393 564 1461 risque
610 1386 876 1459 διαφθορὰ
929 1385 1261 1458 appellatur.
1298 1383 1454 1449 Quod
1509 1383 1731 1454 quidem
1761 1398 1959 1438 corru-

2063 479 2187 526 πον,
2218 461 2318 532 τὴν
2355 461 2466 515 τῶν
2501 461 2650 532 ἥλων
2679 459 2986 530 διάτρησιν,
3026 459 3280 524 θάνατον,
3319 459 3441 530 ἦτοι
3471 477 3652 531 χωρι-

2065 554 2202 623 σμὸν
2230 554 2412 624 ψυχῆς
2443 553 2510 607 ὲκ
2535 551 2634 606 τοῦ
2675 552 2953 623 σώματος,
2984 552 3078 605 καὶ
3105 552 3176 605 τὰ
3207 551 3459 606 τοιαῦτα.
3487 552 3654 606 Κατά

2061 646 2224 700 τοῦτο
2274 646 2335 700 τὸ
2386 646 2792 718 σημαινόμενον
2855 644 3100 716 φθαρτὸν
3148 643 3210 698 τὸ
3273 643 3370 698 τοῦ
3435 644 3656 718 Κυρίου

2066 738 2229 810 σῶμά
2266 756 2474 810 φαμεν,
2506 739 2692 794 Πάντα
2717 738 2826 809 γὰρ
2863 737 3039 792 ταῦτα
3072 736 3352 800 ἑκουσίως
3391 735 3655 791 ἀνέλαϐε.

2065 831 2333 900 Σημαίνει
2370 830 2428 883 δὲ
2465 831 2499 902 ἡ
2549 830 2726 902 φθορὰ
2759 831 2852 885 καὶ
2895 830 2995 902 τὴν
3019 828 3236 883 τελείαν
3263 828 3359 882 τοῦ
3390 827 3658 896 σώματος

2068 925 2150 986 είς
2175 922 2246 976 τὰ
2283 922 2342 988 ἐξ
2371 916 2446 976 ὧν
2475 923 2736 994 συνετέθη
2771 925 3037 994 στοιχεῖα,
3067 922 3316 978 διάλυσιν
3363 923 3460 976 καὶ
3493 925 3654 992 ἀφα-

2065 1014 2257 1085 νισμόν
2280 1032 2295 1046 ο
2329 1015 2452 1086 ἥτις
2494 1015 2694 1087 μᾶλλον
2743 1015 2850 1068 ὑπὸ
2890 1015 3100 1070 πολλῶν
3132 1014 3403 1086 διαφθορά
3447 1014 3658 1084 ὀνομά-

2066 1109 2239 1173 ζεται.
2290 1107 2510 1179 Ταύτης
2569 1110 2767 1181 πεῖραν
2820 1108 2882 1162 τὸ
2934 1108 3029 1161 τοῦ
3081 1108 3290 1178 Κυρίου
3340 1106 3502 1177 σῶμα
3550 1108 3658 1162 οὐκ

2065 1199 2245 1270 ἔσχεν,
2276 1200 2348 1265 ὥς
2377 1217 2542 1270 φησιν
2570 1204 2598 1255 ὁ
2625 1203 2912 1273 προφήτης
2946 1200 3142 1254 Δαϐίδσ
3180 1200 3304 1253 Ὅτι
3330 1201 3444 1253 οὐκ
3468 1200 3658 1268 ἐγκα-

2065 1294 2375 1362 ταλείψεις
2397 1293 2514 1362 τὴν
2538 1292 2753 1364 ψυχήν
2768 1311 2890 1364 μου
2919 1296 3009 1360 είς
3033 1294 3208 1362 ᾅδην,
3248 1291 3394 1347 οὐδὲ
3429 1291 3658 1358 δώσεις

2066 1386 2174 1439 τὸν
2211 1386 2388 1442 ὅσιόν
2415 1403 2534 1442 σου
2562 1387 2714 1443 ἰδεῖν
2745 1387 3095 1458 διαφθοράν.

377 1483 581 1552 ptionis
625 1495 803 1551 genus
851 1476 1068 1534 Domini
1113 1489 1322 1545 corpus
1369 1481 1655 1544 expertum
1692 1487 1799 1527 non
1837 1472 1962 1536 fuit,
2006 1485 2068 1530 ut
2121 1477 2202 1532 ait
2243 1476 2415 1531 David
2460 1478 2771 1548 propheta:
2823 1476 3088 1542 Quoniam
3153 1492 3258 1530 non
3320 1477 3656 1547 derelinques

374 1576 612 1631 animam
634 1589 809 1628 meam
835 1570 892 1625 in
939 1568 1170 1639 inferno,
1199 1583 1292 1622 nec
1334 1565 1486 1620 dabis
1515 1575 1763 1620 sanctum
1814 1575 1962 1621 tuum
1997 1570 2170 1624 videre
2203 1574 2590 1640 corruptionem
2627 1572 2692 1626 ¹³.

446 1710 610 1781 252
655 1707 869 1764 Iuliani
909 1717 958 1763 et
1016 1707 1213 1763 Gaiani
1251 1708 1487 1764 haeresis.
1512 1706 1866 1774 —Quocirca
1899 1709 1967 1764 de
1998 1697 2040 1753 Β

375 1803 562 1874 priore
608 1801 986 1872 corruptionis
1059 1800 1481 1867 signiﬁcatione,
1539 1799 1959 1871 incorruptibile

376 1900 503 1949 ante
532 1889 1005 1947 resurrectionem
1036 1887 1209 1944 fuisse
1250 1886 1468 1943 Domini
1503 1903 1727 1960 corpus,
1757 1891 1823 1946 ad
1871 1893 1959 1947 in-

377 1991 494 2040 star
529 1981 719 2038 vesani
765 1980 916 2036 illius
955 1977 1156 2034 Juliani
1209 1985 1264 2033 et
1292 1977 1510 2044 Gaiani,
1557 1994 1809 2035 asserere
1855 1983 1960 2036 im-

382 2073 530 2138 pium
587 2080 692 2127 est.
734 2070 872 2126 Nam
912 2071 957 2126 si
1014 2071 1438 2142 incorruptibile
1472 2080 1612 2138 erat,
1656 2090 1766 2129 non
1808 2086 1962 2133 certe.

378 2165 624 2235 ejusdem
664 2163 951 2219 nobiscum
980 2164 1306 2220 substantias
1340 2165 1445 2219 fuit
1475 2184 1489 2221 :
1526 2166 1660 2235 quin
1700 2175 1753 2223 et
1784 2169 1961 2223 Immi-

379 2273 508 2309 num
549 2262 763 2309 tantum
796 2254 1078 2326 opinione,
1120 2269 1184 2310 ac
1215 2271 1327 2311 non
1357 2271 1483 2312 vere
1509 2272 1571 2312 ea
1601 2259 1954 2328 contigerint,

376 2361 500 2417 quze
565 2346 868 2417 contigisse
943 2346 1296 2417 evangelista:
1365 2358 1694 2414 memorant,
1762 2349 1956 2418 fames,

379 2438 523 2502 sitis,
578 2438 740 2504 clavi,
794 2438 988 2494 lateris
1038 2439 1263 2504 vulnus,
1297 2455 1467 2496 mors.
1516 2440 1648 2506 Qua:
1682 2442 1726 2496 si
1764 2443 1950 2513 opina-

377 2530 527 2584 tione
553 2528 823 2583 duntaxat
860 2529 1216 2593 exstiterunt,
1267 2529 1453 2584 illusio
1498 2530 1668 2600 igitur
1706 2547 1770 2585 ac
1808 2547 1972 2596 mera

380 2621 529 2674 larva
563 2629 680 2675 crat
720 2620 1081 2676 humanitatis
1127 2629 1425 2692 assumptae
1474 2625 1817 2692 mysterium,
1871 2633 1957 2677 at-

378 2727 485 2782 que
511 2713 649 2766 adeo
691 2713 951 2783 opinione
991 2726 1054 2766 ac
1098 2726 1207 2767 non
1251 2727 1380 2768 vere
1413 2712 1593 2769 lactus
1625 2715 1953 2782 erithomo;

376 2811 441 2858 et'
467 2804 728 2874 Opinione
773 2818 838 2858 ac
898 2818 1006 2859 non
1031 2819 1158 2860 vere
1191 2804 1340 2858 salus
1375 2804 1536 2859 nobis
1592 2804 1754 2859 allata
1811 2807 1953 2860 erit:

377 2895 524 2964 quod
590 2893 772 2949 absitl
854 2901 910 2949 et
965 2895 1059 2965 qui
1117 2894 1242 2949 talia
1311 2893 1612 2959 aﬂirmant,
1687 2909 1717 2949 a
1783 2896 1959 2952 salute

376 3002 606 3058 prorsus
669 2985 926 3042 excidant
989 2985 1054 3038 “.
1123 2982 1238 3040 Nos
1268 2999 1400 3041 vero
1472 2985 1705 3040 salutem
1771 3002 1954 3042 veram

377 3078 662 3134 consecuti
709 3093 903 3134 sumus
946 3087 1000 3134 et
1051 3092 1476 3149 consequemur.
1541 3075 1812 3134 Czeterum
1871 3064 2027 3135 εει-(ἶ

377 3170 556 3224 cuuda
615 3167 992 3239 corruptionis
1058 3167 1481 3240 signiﬁcatione,
1537 3168 1956 3239 incorruptibilc

377 3275 579 3328 corpus
624 3259 844 3314 Domini
885 3260 1236 3324 conﬁtemur,
1284 3259 1741 3328 quemadmodum
1777 3260 1954 3316 sancti

377 3349 571 3405 Patres
603 3349 766 3404 nobis
796 3348 1163 3403 tradiderunt.
1200 3348 1342 3413 Quin
1374 3347 1680 3402 secundum
1711 3350 1948 3419 priorem

381 3441 528 3495 hunc
556 3454 780 3510 quoque
809 3454 1035 3496 sensum
1073 3446 1198 3508 post
1231 3437 1539 3493 Salvatoris
1582 3440 1951 3495 resurrectio—

381 3549 503 3588 nem
554 3532 982 3603 incorruptibile
1020 3531 1149 3587 item
1216 3545 1419 3601 corpus
1472 3531 1648 3602 ipsius
1698 3531 1954 3588 dicimus.

382 3625 514 3679 Nam
544 3633 600 3681 et
638 3625 858 3696 corpori
904 3633 1101 3680 nostro
1148 3621 1414 3679 Dominus
1465 3623 1956 3689 resurrectionem,

379 3732 444 3772 ac
475 3716 716 3773 subinde
766 3715 1240 3785 incorruptionem
1275 3729 1375 3784 per
1422 3728 1624 3785 corpus
1657 3729 1817 3769 suum
1857 3715 1962 3770 do-

379 3809 548 3874 navit,
607 3817 667 3862 ut
711 3808 807 3879 qui
842 3814 896 3863 et
923 3806 1352 3863 resurrectionis
1396 3812 1452 3861 et
1495 3805 1956 3876 impassibilitatis

378 3901 634 3970 primitiae
681 3901 843 3957 nobis
866 3900 1045 3956 factus
1099 3899 1171 3956 sit
1197 3901 1264 3954 ⁸⁸.
1326 3898 1571 3968 Oportet,
1598 3899 1675 3954 ait
1735 3897 1956 3954 divinus

379 3993 692 4062 Apostolus,
715 3992 1055 4061 corruptibile
1071 3991 1167 4046 hoc
1188 3991 1404 4046 induere
1418 3989 1868 4060 incorruptionem
1889 3988 1956 4044 “.

2143 1709 2457 1780 Ἀφθαρτον
2493 1709 2591 1781 μὲν
2635 1706 2728 1763 οὖν
2774 1709 2835 1763 τὸ
2878 1708 2972 1762 τοῦ
3006 1707 3213 1779 Κυρίου
3253 1707 3413 1778 σῶμα
3468 1707 3656 1777 λέγειν

2061 1803 2206 1857 κατά
2235 1803 2326 1857 τὸν
2355 1803 2686 1874 παράφρονα
2755 1801 3038 1855 Ἰουλιανὸν
3067 1801 3164 1856 καὶ
3216 1801 3466 1866 Γαῖανδν,
3504 1802 3656 1855 κατὰ

2060 1896 2120 1950 τὸ
2157 1906 2178 1932 ι
2205 1895 2420 1967 πρῶτον
2446 1895 2546 1964 τῆς
2572 1893 2780 1965 φθορᾶς
2810 1891 3238 1963 σημαινόμενον,
3262 1891 3368 1964 πρὸ
3385 1892 3487 1962 τῆς
3511 1893 3652 1944 ἀνα-

2063 1989 2305 2050 στάσεως
2329 2029 2342 2053 ,
2379 1985 2596 2050 ἀσεϐές.
2631 1986 2694 2039 El
2725 1983 2834 2054 γὰρ
2863 1983 3235 2057 ἀδιάφθαρτον
3257 2023 3273 2048 ,
3322 1983 3423 2054 οὐχ
3455 1983 3658 2055 bimo-5-

2063 2096 2177 2133 0".OV
2208 2081 2366 2150 ἡμῖν,
2399 2076 2537 2132 ἀλλά
2566 2077 2660 2130 καὶ
2683 2077 2928 2147 δοκήσει,
2971 2075 3066 2130 καὶ
3093 2075 3193 2128 οὐκ
3225 2075 3454 2148 ἀληθείᾳ
3481 2077 3654 2145 γέγοο

2060 2188 2171 2234 νεν,
2218 2170 2253 2225 δι
2288 2161 2574 2240 γεγονέναι
2614 2168 2749 2240 φησὶ
2785 2167 2846 2222 τὸ
2874 2164 3240 2236 Εὑαγγέλιον,
3284 2166 3386 2237 τὴν
3427 2170 3647 2232 πεῖναν,

2059 2263 2156 2335 τὴν
2189 2262 2370 2333 δίψαν,
2404 2263 2530 2322 τοὺς
2559 2261 2744 2334 ἥλους,
2778 2259 2876 2330 τὴν
2905 2259 3005 2329 τῆς
3053 2257 3298 2329 πλευρᾶς
3336 2257 3511 2323 νύξιν,
3553 2259 3650 2311 τὲν

2061 2354 2312 2408 θάνατον.
2375 2354 2437 2408 Εἰ
2488 2354 2546 2407 δὲ
2590 2354 2811 2424 δοκήσει
2869 2350 3098 2420 γέγονε,
3150 2351 3492 2421 φενακισμὺς
3546 2352 3649 2404 καὶ

2062 2447 2237 2518 σκηνὴ
2277 2448 2338 2500 τὸ
2378 2447 2478 2516 τῆς
2519 2445 2837 2516 οἰκονομίας
2872 2444 3204 2515 μυστήριον,
3251 2443 3346 2496 καὶ
3392 2443 3643 2514 δοκήσει,

2059 2542 2154 2593 καὶ
2197 2540 2297 2592 οὐκ
2336 2539 2566 2610 ἀληθείᾳ
2615 2537 2838 2610 γέγονεν
2888 2536 3206 2607 ἄνθρωπος,
3256 2537 3350 2590 καὶ
3392 2536 3645 2606 δοκήσει,

2059 2632 2155 2686 καὶ
2181 2633 2281 2684 οὐκ
2316 2630 2550 2701 ἀληθεία
2601 2629 2929 2700 σεσὼσμεθα
2952 2645 2964 2659 ·
3017 2628 3132 2682 ἀλλ’
3170 2629 3352 2696 ἄπαγε
3379 2669 3394 2691 ,
3447 2629 3541 2681 καὶ
3590 2633 3646 2682 oi

2058 2723 2229 2776 ταῦτα
2259 2722 2514 2790 λέγοντες
2551 2721 2652 2792 τῆς
2683 2721 2958 2792 σωτηρίας
2981 2721 3407 2793 ἀμοιρείτωσαν.
3445 2721 3647 2790 Ἡμεῖς

2059 2816 2117 2869 δὲ
2155 2816 2254 2886 τῆς
2300 2814 2535 2886 ἀληθοῦς
2565 2815 2836 2886 σωτηρίας
2873 2815 3140 2885 ἐτύχομεν
3173 2815 3265 2868 καὶ
3307 2815 3640 2884 τευξόμεθα.

2060 2911 2218 2965 Κατά
2282 2911 2338 2963 δὲ
2386 2910 2447 2962 τὸ
2496 2910 2749 2977 δεύτερον
2802 2909 2900 2978 τῆς
2952 2908 3160 2981 φθορᾶς
3209 2909 3641 2979 σημαινόμενον.

2061 3002 2376 3073 ἄφθαρτον,
2430 3003 2548 3073 ἦτοι
2607 3000 2935 3071 ἀδιάφθορον
2980 3001 3354 3072 ὁμολογοῦμεν
3415 3002 3475 3054 τὸ
3543 3002 3640 3055 τοῦ

2062 3095 2270 3168 Κυρίου
2306 3095 2502 3163 σῶμα,
2557 3091 2744 3156 καθὼς
2795 3093 2926 3163 ἡμῖν
2978 3093 3030 3145 οἱ
3087 3093 3338 3164 θεοφόροι
3393 3093 3641 3164 Πατὲρες

2062 3185 2524 3259 παραδεδώκασι·
2585 3183 2725 3255 μετά
2777 3184 2960 3254 μέντοι
3018 3184 3117 3255 τὴν
3155 3185 3219 3237 ὲκ
3274 3185 3488 3256 νεκρῶν
3543 3185 3640 3238 τοῦ

2060 3277 2316 3349 Σωτῆρος
2362 3276 2681 3342 ἀνάστασιν,
2714 3275 2809 3329 καὶ
2839 3272 2985 3328 κατὰ
3019 3277 3080 3327 τὸ
3123 3274 3342 3345 πρῶτον
3372 3276 3641 3345 σημαινό-

2063 3387 2242 3440 μενον,
2291 3368 2568 3440 ἄφθαρτον
2593 3367 2654 3422 τὸ
2683 3366 2778 3422 τοῦ
2815 3367 3025 3438 Κυρίου
3074 3366 3236 3437 σῶμα
3279 3383 3464 3436 φαμεν
3491 3384 3505 3397 ο
3542 3366 3640 3420 καὶ

2059 3461 2138 3533 τῷ
2170 3460 2430 3533 ἡμετέρῳ
2467 3459 2578 3531 γὰρ
2604 3457 2820 3530 σώματι
2853 3459 2955 3529 τήν
2982 3475 3042 3511 τε
3072 3457 3372 3512 ἀνάστασιν
3399 3459 3495 3510 καὶ
3537 3457 3640 3528 τὴν

2064 3555 2204 3626 μετὰ
2233 3553 2404 3610 ταῦτα
2433 3551 2744 3624 ἀφθαρσίαν
2769 3551 2798 3605 ὁ
2831 3550 3040 3622 Κύριος
3079 3550 3167 3604 διά
3202 3548 3299 3603 τοῦ
3341 3551 3475 3602 ἰδίου
3506 3550 3639 3602 ἐδωο

2062 3649 2269 3719 ρήσατο
2304 3645 2578 3716 σώματος,
2608 3645 2772 3709 αὐτὸς
2793 3645 3022 3718 ἀπαρχὴ
3044 3644 3144 3714 τῆς
3171 3660 3230 3697 τε
3260 3642 3638 3707 ἀναστάσεως,

2060 3737 2154 3792 καὶ
2189 3737 2291 3808 τῆς
2313 3735 2646 3807 ἀφθαρσίας,
2682 3737 2776 3790 καὶ
2805 3737 2904 3808 τῆς
2934 3733 3203 3797 ἀπαθείας
3225 3744 3252 3773 α
3302 3733 3436 3802 ἡμῖν
3485 3732 3642 3799 γενό-

2070 3848 2248 3902 μενος.
2306 3828 2410 3884 Δεῖ
2449 3830 2556 3899 γὰρ
2602 3830 2668 3883 τὸ
2720 3827 2985 3899 φθαρτὸν
3033 3827 3210 3881 τοῦτο
3261 3824 3643 3878 ἐνδύσασθαι

2063 3923 2429 3992 ἀφθαρσίαν,
2465 3922 2632 3993 φησὶν
2659 3923 2687 3975 ὁ
2716 3921 2858 3986 θεῖος
2897 3919 3240 3982 Ἀπόστολος.

453 4125 497 4194 ίε
528 4125 722 4181 Leont.
758 4126 832 4180 De
864 4137 988 4181 sect.
1029 4137 1137 4182 act.
1171 4125 1259 4188 Ιθ,
1304 4135 1358 4182 et
1391 4125 1538 4180 Dial.
1582 4133 1722 4180 cont.
1754 4123 2164 4194 Aphlhartodoc.
2245 4123 2289 4155 ”
2313 4121 2462 4178 Psal.
2485 4140 2580 4189 lxv,
2605 4123 2690 4178 lO.
2771 4125 2815 4155 "
2837 4124 3029 4179 Anast.
3060 4120 3257 4177 Sinait.
3288 4119 3341 4173 in
3385 4117 3638 4188 Ὀδηγῷ,

385 4209 440 4264 p.
480 4193 606 4251 993.
684 4197 768 4250 ¹⁵Ι
796 4196 924 4252 Cor.
956 4213 1044 4263 xv,
1073 4196 1167 4252 20.
1245 4194 1289 4226 ¹⁸
1336 4196 1471 4251 ibid.
1505 4196 1592 4251 55.

1644 4344 1875 4401 νΑΒυΕ
1917 4343 2318 4401 LECTIONES.

459 4487 484 4550 Ξ
514 4477 657 4550 Cod.
679 4476 777 4550 ξε..-
797 4475 901 4550 l_lil.
935 4486 990 4534 et
1015 4476 1126 4550 alii
1148 4477 1371 4550 plurimi
1392 4478 1581 4550 ξΑφθα

388 4548 482 4604 καὶ
507 4548 736 4604 Γαῖανὸν
765 4546 965 4615 λέγειν,
1001 4546 1252 4604 mrito.
1329 4559 1356 4591 ι
1391 4546 1561 4622 Regg.

1685 4494 1716 4560 ν
1751 4473 1992 4560 μὲνιοῦν
2033 4478 2183 4560 κατὲ
2219 4477 2313 4560 ςιὺν
2354 4474 2935 4560 .παράφροναῄ(ϐοιὺ.
2977 4476 3303 4560 ᾉ-,ἄφρονα)
3348 4476 3644 4533 Ἱουλιανδν

1645 4546 1983 4613 ἀθανασίαςε
2026 4549 2109 4605 sic
2142 4546 2318 4604 Faber
2346 4546 2810 4605 immortalitatem
2837 4548 3044 4617 posuit.

1885 4710 2118 4772 NOTE.

386 4857 596 4916 corpus,
621 4843 823 4916 orcoiov,
859 4843 980 4915 οὐχὶ
1004 4843 1100 4898 τοῦ
1130 4844 1566 4916 πρωτοπλάστου
1603 4839 1958 4916 μδνονρλλὰ
1987 4825 2032 4881 Ῑ)
2063 4846 2256 4902 Patres
2296 4846 2498 4902 dicunt.
2535 4845 2642 4901 Sed
2673 4845 2738 4900 de
2778 4844 2860 4900 Itis
2904 4859 3010 4916 non
3035 4852 3115 4916 est
3157 4841 3642 4916 nuncdisputaudi

387 4913 480 4986 καὶ
505 4912 566 4964 τὸ
611 4913 890 4986 Δ’ξηιαξξιιερον
917 4910 1036 4986 {ob
1081 4910 1189 4986 γὰρ
1230 4915 1301 4969 δι’
1344 4915 1508 4986 αὐτὸν
1547 4910 1754 4966 ἐκεῖνον
1784 4910 1952 4986 ἦλθεν

389 4981 574 5055 μόνον,
599 4981 737 5036 ἀλλὰ
791 4981 886 5036 καὶ
923 4983 990 5055 δι’
1028 4981 1180 5054 quae
1205 5025 1220 5049 ,
1273 4985 1430 5055 quale
1470 4993 1607 5044 erat,
1641 4999 1744 5036 non
1781 4981 1952 5055 solum

385 5051 576 5122 Adami
602 5066 795 5122 corpus
818 5092 833 5114 .
879 5054 969 5106 sed
997 5051 1158 5107 etiam
1200 5051 1440 5109 nostrum
1469 5072 1486 5110 :
1519 5062 1698 5121 utpote
1726 5053 1815 5122 qui
1847 5069 1951 5107 non

386 5121 528 5175 illius
575 5121 840 5176 duntaxat
891 5139 1054 5178 causa
1107 5127 1324 5188 venerit,
1363 5141 1538 5179 verum
1569 5121 1949 5178 etiam'uostri.

385 5191 520 5244 Cum
558 5194 696 5246 enim
730 5195 1022 5247 communis
1057 5207 1190 5250 esset
1214 5194 1446 5258 morbus,
1480 5193 1630 5249 valde
1665 5193 1955 5246 absurdum

387 5261 596 5328 fuisset.
631 5265 788 5317 unius
819 5263 1027 5331 quidem
1056 5281 1168 5318 esse
1204 5265 1454 5328 similem,
1502 5275 1808 5318 cwterorum
1841 5279 1956 5317 vero

387 5331 702 5387 dissimilem
746 5333 1026 5403 :quinimo
1080 5334 1342 5388 Adamum
1398 5337 1449 5388 in
1486 5335 1653 5401 prima
1693 5335 1956 5387 constitu-

388 5403 527 5457 tione
565 5419 662 5456 sua
698 5419 800 5457 nou
851 5403 1096 5458 habuisse
1127 5415 1184 5457 nt
1224 5406 1278 5458 in
1313 5414 1481 5458 totum
1510 5412 1644 5458 esset
1683 5405 1960 5456 immorta-

389 5473 475 5544 lis,
508 5474 772 5543 μητιδήγε
793 5516 807 5540 ,
859 5475 953 5544 καὶ
1004 5474 1067 5528 τὸ
1099 5474 1385 5544 ἄφθαρτον
1408 5515 1422 5538 ,
1467 5484 1663 5544 quanto
1697 5474 1870 5544 minus
1899 5482 1959 5544 ut

390 5541 808 5614 utcorrupliltilis
836 5559 855 5598 :
886 5543 1086 5614 alioqui
1116 5547 1215 5598 οὐκ
1245 5541 1309 5598 ἂν
1343 5541 1497 5613 οἶμαι
1532 5545 1626 5598 τοῦ
1666 5543 1826 5608 ξύλου
1855 5543 1956 5614 τῆς

389 5607 537 5684 ζωῇς
572 5607 956 5684 προσεδέησεν,
988 5607 1116 5682 opus
1167 5615 1216 5668 ei
1261 5630 1363 5668 non
1400 5607 1596 5682 'fuisset
1636 5607 1956 5684 (ignobilia,

393 5679 544 5747 cujus
571 5679 979 5750 participatione
1017 5679 1257 5750 privatus
1288 5700 1381 5753 per
1410 5679 1696 5752 peccatum'
1723 5683 1860 5750 fuit,
1899 5691 1954 5735 ut

2060 4928 2262 4986 tempus
2291 4957 2306 4979 ,
2357 4918 2441 4970 ὅτι
2477 4916 2615 4988 μηδὲ
2657 4916 2840 4988 δόγμα
2885 4915 2946 4968 τὸ
2987 4912 3251 4988 κατᾲαὺν
3299 4911 3481 4988 ἶΔδᾲμ
3509 4929 3644 4988 συγ-ς

2058 4982 2234 5058 χάνει·
2265 4989 2459 5057 dogma
2478 4982 2674 5058 quippe
2699 4982 2823 5058 ﬁdei
2848 5001 2951 5058 non
2978 4995 3059 5058 est
3097 4983 3151 5036 id
3180 4982 3318 5058 quod
3349 4982 3426 5058 ad
3447 4983 3640 5036 Διίοωί

2060 5051 2261 5113 statum
2291 5051 2511 5127 spectat.
2543 5051 2667 5112 Non
2699 5051 2845 5112 'venit
2889 5056 3143 5127 Dominus
3169 5053 3374 5106 saluum
3396 5051 3641 5127 facturus

2064 5123 2328 5183 Adamuni
2363 5129 2644 5195 insontem,
2694 5137 2751 5180 ut
2808 5126 3001 5180 similis
3030 5127 3079 5180 ei
3108 5125 3256 5193 fieret
3284 5163 3298 5185 ,
3345 5123 3436 5175 sed
3473 5124 3640 5195 magis

2062 5200 2261 5268 peccati
2291 5215 2437 5254 reum
2467 5193 2518 5254 et
2539 5191 2660 5268 jam
2695 5199 2904 5267 lapsum
2926 5237 2942 5259 ,
2996 5197 3086 5248 ἵνα
3110 5191 3190 5264 ’δὴ
3235 5191 3641 5261 συμπεπονθὼς

2066 5269 2217 5339 αὐτῷ
2241 5311 2256 5334 ,
2288 5279 2346 5322 ut
2392 5286 2498 5323 una
2526 5267 2645 5322 cum
2682 5268 2776 5322 illo
2805 5268 3014 5335 patiens
3041 5281 3194 5339 .-ιι-πα
3224 5279 3429 5339 quoque
3463 5279 3639 5317 serunt
3699 5267 3708 5275 '

2064 5334 2515 5394 eum'suscitaret.
2543 5340 2682 5406 Quia
2715 5353 2862 5410 “vero
2893 5335 3132 5410 haeretici
3158 5334 3477 5410 e§_Patr_um
3505 5348 3641 5402 quo-

2065 5409 2316 5465 rumdam
2367 5402 2798 5464 auctoritatibus
2854 5407 3160 5463 inferebant
3186 5402 3392 5459 Christi
3436 5417 3642 5472 corpus

2067 5479 2236 5534 fuisse
2266 5493 2304 5552 a7
2330 5482 2681 5552 corruptione
2726 5478 2963 5552 liberum
2984 5475 3250 5552 ,__duplex_
3281 5472 3418 5552 illud
3448 5488 3644 5552 corru-

2068 5553 2227 5674 ptlelae
2258 5543 2546 5633 distinguit
2593 5565 2788 5622 genus,
2822 5549 2966 5619 quod
3003 5543 3203 5602 Noster
3234 5543 3396 5599 initio
3440 5543 3641 5616 capitis

2068 5635 2118 5674 Ct
2139 5635 2339 5674 usserit.

2068 5635 2339 5677 οιιιεεθηι.
