3996 6212
327 309 466 378 11θῖ

281 571 287 582 ,
325 515 544 584 aliaque
577 513 630 567 id
673 510 911 582 generis.
950 508 1084 562 Nam
1133 509 1235 562 etsi
1265 519 1384 576 post
1437 510 1904 564 resurrectionem

322 608 508 663 cibum
551 605 790 676 gustavit
817 607 885 664 ”,
917 619 1026 656 non
1055 610 1234 656 tamen
1267 603 1318 655 id
1355 613 1566 657 natura:
1593 604 1708 673 lege
1731 603 1907 657 couti-

324 697 430 770 git:
460 713 640 768 neque
664 697 810 751 enim
856 693 1000 748 fame
1032 694 1339 760 laboravit;
1376 693 1474 748 sed
1509 703 1660 748 certa
1683 695 1907 764 dispen-

325 789 558 850 satione,
593 795 650 840 ut
682 786 838 840 Iidem
871 786 1159 846 faceret,se
1190 799 1313 838 vere
1345 783 1412 836 ad
1436 783 1599 838 vitam
1650 785 1903 850 rediisse,

323 879 682 949 eamdemque
738 893 860 934 esse
912 891 1138 930 carnem
1194 891 1316 946 quae
1365 891 1487 930 cum
1521 887 1734 931 mortua
1771 876 1908 931 fuis-

324 981 428 1038 set,
483 971 780 1026 revixerat.
848 968 1120 1022 Cancrum
1179 967 1385 1021 nullam
1432 977 1643 1022 natura:
1697 978 1903 1038 partem

285 1126 290 1130 _
324 1065 546 1136 abjecil,
583 1079 692 1118 non
724 1077 927 1130 corpus
957 1101 971 1123 ,
1015 1075 1122 1114 non
1155 1061 1415 1114 animam.
1459 1060 1600 1128 Quin
1640 1062 1826 1131 potius
1854 1069 1906 1114 et

323 1170 528 1226 corpus
557 1163 610 1207 et
643 1153 884 1206 animam
916 1151 1127 1202 ratione
1153 1157 1206 1202 et
1234 1150 1540 1212 intellectu,
1575 1150 1906 1219 volendique

322 1255 376 1299 et
423 1243 618 1314 agendi
680 1241 946 1294 facultate
1014 1239 1295 1308 prteditam
1353 1238 1563 1304 habuit,
1605 1239 1794 1309 siCque
1849 1240 1905 1293 in

322 1337 525 1390 cmlum
559 1332 805 1388 ascendit
832 1370 846 1394 ,
902 1341 1068 1399 atque
1102 1329 1166 1382 ad
1191 1327 1370 1383 Patris
1414 1329 1692 1386 dexteram
1730 1331 1902 1396 sedet,

320 1428 509 1482 divino
534 1423 888 1492 humanoque
923 1420 1084 1474 modo
1117 1421 1352 1475 saiutem
1387 1429 1629 1476 nostram
1675 1421 1903 1476 volens:

321 1519 508 1574 divino
533 1517 752 1588 quidem
805 1531 913 1580 qua
964 1514 1130 1568 rebus
1173 1514 1428 1568 omnibus
1462 1515 1752 1583 providet,
1810 1529 1906 1569 eas

319 1619 660 1666 conservans
697 1616 750 1662 et
790 1607 1146 1678 gubernans;
1184 1607 1422 1662 humano
1454 1614 1637 1661 autem
1672 1622 1906 1662 conver-

321 1705 591 1760 sationem
623 1716 805 1766 suam,
839 1714 1004 1770 quam
1031 1699 1086 1752 in
1115 1699 1278 1754 terris
1314 1698 1506 1770 gessit,
1538 1706 1718 1753 mente
1749 1713 1905 1752 reco-

1535 307 1596 366 S.
1627 307 1946 367 JOANNIS
1989 307 2417 367 DAMASCENI

324 421 659 493 ruptiouem,
689 408 910 485 famem,
945 417 1092 472 sitim
1120 456 1134 481 ,
1184 431 1463 475 somnum.
1494 415 1901 480 lassitudinem,

2015 415 2160 484 νόμῳ
2213 415 2432 484 φύσεως
2461 428 2472 441 ‘

3456 302 3599 365 13M

2529 414 2588 467 οὐ
2642 414 2754 486 γὰρ
2796 414 3116 470 ἐπείνασεν·
3163 415 3484 486 οἱκονομίας
3537 419 3598 469 δὲ

2008 509 2234 578 τρόπῳ,
2274 508 2335 560 τὸ
2390 507 2591 579 ἀληθὲς
2635 509 3000 579 πιστούμενος
3046 509 3147 580 τῆς
3212 509 3598 570 ἀναστάσεως.

2006 600 2082 664 ὡς
2117 600 2253 670 αὐτή
2302 602 2480 664 ἐστιν,
2535 602 2568 671 ἡ
2613 600 2877 672 σάρξ(60)
2929 604 2961 672 ἡ
3016 600 3268 655 παθοῦσα
3325 603 3422 656 καὶ
3459 603 3599 656 ἀναο

2009 693 2220 744 στᾶσον
2253 691 2406 746 οὐδὲν
2436 692 2492 744 δὲ
2537 691 2645 746 τῶν
2689 693 2790 762 τῆς
2834 692 3051 763 φύσεως
3102 693 3286 764 μερῶν
3330 693 3597 749 ἀπέθετο.

2006 781 2067 834 οὐ
2105 780 2297 851 σῶμα,
2341 781 2402 834 οὐ
2436 781 2614 853 ψυχὴν
2639 824 2653 847 ,
2695 783 2831 836 ἀλλά
2881 783 3066 836 καὶτὸ
3115 783 3296 853 σῶμα,
3349 785 3447 836 καὶ
3489 787 3598 854 τὴν

2007 872 2188 944 ψυχὴν
2219 874 2447 945 λογικήν
2471 891 2531 927 τε
2560 875 2655 928 καὶ
2686 875 2906 947 νοεράν,
2943 876 3240 948 θελητικήν
3267 893 3327 929 τε
3363 877 3462 928 καὶ
3507 879 3597 928 ἐν·

2007 964 2310 1035 εργητικὴν
2345 964 2633 1034 κέκτηται,
2661 967 2756 1019 καὶ
2781 966 2954 1030 οὕτως
2979 966 3036 1020 ἑν
3062 966 3216 1038 δεξιᾷ
3245 966 3341 1020 τοῦ
3373 967 3598 1042 [ἰατρὸς

2007 1055 2336 1121 καθέζεται,
2395 1055 2564 1109 θέλων
2598 1056 2796 1119 θεῖκῶς
2844 1073 2903 1110 τε
2938 1057 3041 1110 καὶ
3087 1057 3457 1127 ἀνθρωπίνως
3489 1057 3599 1124 τὴν

2007 1147 2168 1216 ἡμῶν
2204 1147 2504 1218 σωτηρίαν,
2535 1148 2628 1202 καὶ
2660 1147 2920 1218 ἐνεργῶν,
2960 1149 3156 1212 θεῖκῶς
3185 1148 3314 1218 μὲν,
3346 1148 3446 1217 τὴν
3480 1147 3598 1199 τῶν

2007 1235 2144 1290 ὅλων
2179 1237 2438 1308 πρόνοιάν
2469 1255 2532 1290 τε
2583 1238 2676 1290 καὶ¹
2709 1240 3060 1308 συντήρησιν,
3093 1239 3186 1292 καὶ
3225 1237 3596 1308 κυϐέρνησιν,

2007 1326 2366 1404 ἀνθρωπίνως
2407 1328 2493 1392 δὲ,
2533 1328 2887 1398 μεμνημένος
2923 1329 3035 1382 τῶν
3072 1329 3165 1383 ἐπὶ
3216 1331 3319 1400 γῆς
3369 1329 3544 1384 αὑτοῦ
3569 1329 3599 1367 ἀ

2007 1420 2322 1492 διατριϐῶν,
2376 1423 2521 1494 ὁρῶν
2550 1439 2608 1476 τε
2645 1421 2742 1481 καὶ
2775 1425 3060 1493 γινώσκων
3083 1467 3098 1492 ,
3143 1426 3219 1488 ὡς
3259 1423 3366 1477 ὑπὸ
3407 1424 3600 1494 πάσης

2007 1519 2396 1585 προσκυνεῖται
2449 1521 2549 1589 τῆς
2592 1520 2822 1589 λογικῆς
2871 1519 3127 1583 κτίσεως.
3169 1517 3439 1572 Γινώσκει
3480 1519 3601 1587 γάρ

2008 1602 2042 1673 ἡ
2072 1603 2207 1670 ἁγία
2251 1604 2418 1658 αὑτοῦ
2454 1605 2622 1678 ψυχὴ,
2653 1607 2737 1660 ὅτι
2779 1624 2839 1660 τε
2869 1606 2993 1662 καθ’
3023 1607 3325 1661 ὑπόστασιν
3355 1606 3433 1677 τῷ
3472 1606 3601 1675 Θεῷ

2008 1695 2167 1768 Λόγῳ
2190 1697 2420 1768 ἥνωται,
2451 1699 2548 1752 καὶ
2579 1704 3110 1773 συμπροσκυνεῖται,
3142 1702 3218 1765 ὡς
3260 1699 3399 1755 Θεοῦ
3421 1701 3600 1770 ψυχὴ.

319 1798 463 1861 lens,
503 1795 809 1864 vidensque
861 1800 916 1847 et
969 1791 1158 1847 sciens
1211 1805 1270 1846 se
1328 1791 1397 1845 ab
1452 1790 1600 1844 omni
1649 1798 1907 1845 creatura

2015 1791 2103 1844 καὶ
2128 1791 2228 1861 οὐχ
2256 1792 2331 1856 ὡς
2361 1793 2550 1858 ἁπλῶς
2575 1794 2746 1866 ψυχή.
2781 1795 2891 1849 Καὶ
2921 1795 2983 1847 τὸ
3013 1794 3283 1863 ἀναϐῆναι
3312 1793 3369 1846 δὲ
3395 1793 3463 1845 ἐκ
3490 1793 3601 1861 γῆς

320 1887 576 1943 rationali
625 1885 866 1941 adorari.
944 1883 1160 1938 Sanctae
1222 1882 1426 1938 etenim
1484 1882 1659 1952 ipsius
1709 1884 1906 1938 animae

317 1992 661 2052 compertum
703 1986 787 2034 est
815 2019 830 2044 ,
862 1985 976 2031 tum
1023 1976 1170 2046 quod
1226 1974 1336 2030 Deo
1394 1973 1577 2030 Verbo
1600 1975 1904 2030 secundum

320 2071 658 2144 hypostasim
689 2068 842 2122 unita
869 2067 972 2130 sit,
1023 2075 1137 2120 tttm
1179 2065 1323 2134 quod
1362 2077 1473 2118 una
1524 2077 1650 2118 cum
1703 2078 1770 2118 eo
1812 2061 1909 2117 ad-

320 2168 529 2220 oretur,
569 2158 644 2211 uti
674 2155 764 2210 Dei
798 2155 1004 2217 anima,
1033 2167 1096 2206 ac
1129 2167 1235 2206 non
1259 2160 1320 2206 ut
1348 2151 1673 2220 simpliciter
1705 2152 1906 2205 anima.

2011 1884 2091 1946 εἰς
2120 1884 2372 1953 οὐρανὸν,
2407 1885 2505 1938 καὶ
2548 1887 2610 1939 τὸ
2643 1886 2952 1957 καταϐῆναι
2982 1887 3040 1940 δὲ
3089 1887 3274 1953 πάλιν,
3318 1886 3602 1956 ὲνέργειαί

2013 1977 2119 2028 εἰσι
2170 1979 2652 2048 περιγραφομένου
2705 1979 2990 2050 σώματος’
3054 1979 3219 2033 Οὕτω
3264 1980 3372 2048 τὰρ
3405 1979 3605 2032 πάλιν

2013 2066 2327 2122 ἐλεύσεται
2349 2109 2364 2134 ,
2394 2070 2560 2140 φησι,
2594 2071 2743 2140 πρὸς
2776 2071 2953 2141 ὑμᾶς,
2982 2071 3055 2124 ὃν
3087 2072 3312 2139 τρόπον
3338 2071 3603 2124 ἐθεάσα-

2014 2160 2128 2212 σθε
2173 2160 2361 2214 αὑτὸν
2399 2162 2809 2231 πορευόμενον
2841 2164 2928 2228 εις
2958 2163 3064 2215 τὸν
3090 2163 3374 2231 οὐραγόν.

320 2253 463 2318 Quin
501 2252 600 2302 hoc
642 2262 864 2317 quoque
910 2246 1086 2316 ipsum
1139 2243 1284 2314 quod
1331 2261 1360 2297 e
1400 2251 1546 2298 terra
1596 2242 1650 2296 in
1709 2244 1911 2298 caelum
1951 2249 2224 2317 ascendit,
2271 2265 2335 2305 ac
2371 2251 2552 2307 denuo
2579 2254 2952 2309 descensurus
2981 2263 3086 2314 est,
3154 2254 3402 2308 actiones
3471 2261 3606 2307 sunt

320 2342 574 2412 corporis
623 2335 1082 2406 circumscripti:
1131 2333 1220 2389 Sic
1249 2335 1430 2400 enim,
1457 2333 1659 2404 inquit,
1720 2349 1906 2389 rursus
1945 2339 2112 2394 veniet
2144 2341 2213 2394 ad
2247 2358 2359 2407 vos,
2422 2343 2865 2414 quemadmodum
2915 2345 3121 2400 uidistis
3165 2353 3514 2400 eum-euntem
3547 2346 3602 2400 iu

321 2437 507 2492 calum
542 2433 609 2488 ⁸³.

990 2562 1140 2620 CAP.
1172 2562 1234 2619 11.

619 2683 695 2737 De
733 2679 967 2736 sessione
997 2677 1066 2733 ad
1095 2676 1367 2732 dexteram
1411 2675 1612 2730 Patris.

395 2799 568 2855 Porro
598 2796 881 2852 Christum
918 2792 984 2847 ad
1014 2794 1298 2847 dexteram
1328 2790 1422 2846 Dei
1441 2799 1494 2844 et
1515 2790 1694 2846 Patris
1716 2790 1908 2846 sedere

2546 2571 2802 2624 ΚΕΦΑΛ.
2834 2570 2889 2622 B'
2929 2568 3099 2644 [ora].

2112 2683 2252 2751 Περὶ
2276 2683 2387 2754 τῆς
2429 2687 2497 2738 ἐκ
2523 2684 2740 2752 δεξιῶν
2774 2685 2882 2742 τοῦ
2911 2685 3145 2756 Πατρός
3179 2687 3494 2757 καθέδρας.

2100 2797 2198 2851 Ἐκ
2225 2797 2416 2865 δεξιῶν
2457 2798 2517 2853 δὲ
2555 2798 2649 2853 τοῦ
2680 2797 2815 2853 Θεοῦ
2846 2799 2942 2854 καὶ
2983 2801 3199 2871 Πατρὺς
3244 2801 3602 2856 κεκαθικέναι

321 2891 684 2965 corporaliter
709 2887 982 2942 dicimus:
1015 2899 1117 2938 nec
1150 2882 1384 2955 proinde
1430 2881 1537 2936 loci
1595 2882 1772 2935 instar
1795 2895 1907 2937 esse

2015 2891 2194 2962 φαμὲν
2226 2891 2315 2944 τὸν
2357 2892 2595 2962 Χριστὸν
2641 2892 3012 2963 σωματικῶς,
3061 2894 3122 2947 οὐ
3151 2894 3386 2965 τοπικὴν
3423 2894 3480 2947 δὲ
3511 2895 3604 2947 δε-

323 2985 504 3041 Patris
525 2984 807 3039 dexteram
843 2979 1203 3032 allirmamus.
1234 2973 1337 3040 Qui
1379 2973 1525 3028 enim
1569 2972 1686 3028 fieri
1718 2973 1907 3044 possit,

2017 2984 2136 3051 ξιάν
2161 2982 2254 3036 τοῦ
2287 2983 2500 3054 Πατρὸς
2535 2984 2794 3055 λέγομεν.
2832 2984 2958 3048 Πῶς
2984 2984 3094 3056 γάρ
3123 2987 3150 3039 ὁ
3181 2987 3605 3058 ἀπερίγραπτος

325 3089 386 3133 ιιι
419 3077 516 3148 qui
544 3069 1088 3142 circumscriptionis
1126 3076 1213 3124 est
1243 3081 1464 3136 expers,
1495 3066 1618 3119 loco
1639 3064 1907 3119 deﬁnitam

2015 3071 2247 3142 τοπικὴν
2279 3073 2432 3143 σχοίη
2465 3071 2649 3137 δεξιάν
2677 3090 2692 3140 ;
2728 3074 2890 3138 Δεξιά
2923 3075 3031 3146 γὰρ
3059 3077 3153 3129 καὶ
3187 3078 3462 3148 ἀριστερά
3491 3079 3604 3132 τῶν

325 3171 606 3226 dexteram
665 3163 893 3219 habeat?
953 3161 1153 3218 Dextra
1183 3160 1330 3214 enim
1361 3167 1414 3214 et
1460 3158 1688 3213 sinistra
1719 3155 1788 3212 iis
1826 3156 1907 3211 de-

2019 3165 2563 3234 περιγεγραμμένων
2594 3165 2704 3218 εἰσί
2729 3182 2742 3197 ·
2770 3166 2954 3234 δεξιὰν
2985 3168 3042 3222 δὲ
3074 3168 3166 3222 τοῦ
3203 3170 3417 3241 Harpe;
3442 3172 3605 3239 λέγοι

327 3279 477 3317 mum
511 3257 871 3322 conveniunt,
899 3270 1022 3324 quae
1043 3256 1167 3308 loco
1194 3251 1907 3314 circumscribunturﬁuo

2024 3271 2124 3320 μεν
2157 3255 2260 3325 τὴν
2303 3255 2465 3320 δόξαν
2504 3258 2598 3310 καὶ
2639 3257 2737 3328 τὴν
2766 3260 2932 3331 τιμὴν
2963 3260 3064 3330 τῆς
3093 3243 3348 3332 ὄεότητος
3371 3303 3385 3327 ,
3419 3264 3478 3316 ὲν
3574 3266 3603 3317 ὁ

328 3354 477 3409 circa
519 3366 612 3420 per
642 3357 876 3417 patemw
897 3345 1110 3398 dextrae
1143 3343 1472 3398 vocabulum
1533 3341 1913 3411 significamus

328 3441 636 3498 divinitatis
670 3438 932 3491 honorem
989 3443 1041 3488 et
1084 3431 1312 3503 gloriam
1342 3471 1357 3497 ,
1423 3431 1476 3484 in
1519 3445 1626 3500 qua
1655 3444 1780 3484 cum
1821 3429 1916 3484 Dei

335 3531 514 3588 Filius
547 3571 562 3596 ,
613 3538 875 3600 tanquam
909 3524 1052 3581 Deus
1095 3523 1361 3592 Patrique
1392 3520 1913 3586 consubstantialis,

331 3635 459 3682 ante
487 3624 686 3680 saecula
715 3629 884 3685 esset,
913 3619 982 3674 ad
1010 3626 1320 3674 extremum
1357 3629 1488 3669 caro
1521 3613 1698 3670 factus
1724 3628 1922 3684 corpo-

330 3735 429 3776 reo
460 3733 680 3790 quoque
709 3713 893 3770 .modo
927 3711 1216 3774 considet,
1263 3709 1318 3763 in
1352 3711 1599 3764 eamdem
1652 3707 1911 3762 nimirum

2018 3345 2112 3398 τοῦ
2164 3345 2298 3400 Θεοῦ
2339 3347 2469 3412 Υἱὸς
2509 3350 2614 3421 πρὸ
2650 3349 2864 3405 αἰώνων
2889 3352 3172 3424 ὑπάρχων,
3200 3355 3278 3418 ὡς
3317 3355 3471 3422 Θεὸς,
3507 3359 3604 3411 καὶ

2023 3436 2101 3508 τῷ
2130 3438 2307 3510 Πατρὶ
2340 3440 2628 3510 ὁμοούσιος
2653 3483 2669 3508 ,
2715 3443 2804 3496 ἐπ’
2834 3444 3083 3514 ἐσχάτων
3121 3448 3432 3516 σαρκωθεὶς
3453 3487 3468 3511 ,
3505 3450 3602 3502 καὶ

2027 3531 2357 3600 σωματικῶς
2405 3533 2684 3604 κάθηται,
2734 3536 3189 3608 συνδοξασθείσης
3239 3541 3339 3609 τῆς
3397 3543 3602 3613 σαρκὸς

2027 3621 2212 3675 αὑτοῦ·
2246 3630 2642 3696 προσκυνεῖται
2663 3627 2772 3699 γάρ
2808 3632 2905 3700 μιᾷ
2933 3632 3303 3702 προσκυνήσει
3336 3633 3479 3704 μετά
3502 3634 3602 3704 τῆς

2024 3713 2225 3783 σαρκὸς
2255 3716 2420 3769 αὐτοῦ
2455 3717 2560 3771 ὑπὸ
2588 3718 2772 3789 πάσης
2799 3717 2900 3789 τῆς
2924 3719 3173 3782 κτίσεως.
3551 3740 3554 3742 '

331 3811 562 3885 gloriam
594 3808 767 3865 ascita
805 3807 978 3878 ipsius
1009 3819 1193 3860 carne.
1255 3801 1374 3859 Una
1430 3801 1577 3858 enim
1609 3800 2074 3868 eademquecum
2128 3822 2226 3863 sua
2281 3823 2448 3871 carne
2494 3809 2818 3866 adoratioue
2867 3811 2938 3866 ab
2984 3813 3242 3869 omnibus
3272 3815 3480 3869 creatis
3513 3829 3606 3868 re-

333 3907 438 3962 bus
460 3903 661 3959 colitur
686 3901 757 3954 ".

405 4063 452 4095 ¹¹
474 4061 611 4117 Luc.
645 4073 793 4123 xxiv,
827 4057 919 4112 45.
993 4055 1040 4086 ¹⁸
1063 4055 1181 4108 Aet.
1215 4068 1259 4116 ι,
1302 4051 1389 4107 Η.

1466 4053 1511 4084 εδ
1543 4052 1743 4106 Athan.
1775 4048 1900 4104 Jun.
1935 4065 1990 4120 p.
2019 4047 2089 4104 45
2118 4047 2185 4103 ad
2225 4049 2378 4116 Ant.;
2411 4050 2574 4106 Basil.
2598 4049 2693 4106 lib.
2729 4050 2805 4107 De
2836 4050 3038 4122 Spiritu
3079 4062 3282 4117 sancto,
3309 4069 3434 4123 cap.
3460 4055 3510 4108 6.

1649 4203 1883 4259 VARle
1923 4202 2330 4261 LECTIONES.

411 4332 441 4375 ιι
475 4330 670 4387 Deerat
693 4323 882 4392 αὐτοῦ,
907 4325 963 4380 in
993 4322 1174 4379 editis.

1867 4481 2095 4539 NOTAE.

414 4604 550 4675 (GOL
577 4599 866 4675 negant
907 4599 1249 4675 éO’ft_0'dpE.
1299 4601 1657 4675 Eamdetuque
1701 4615 1915 4675 carnem
1954 4601 1995 4658 ο
2016 4603 2136 4674 jam
2189 4605 2510 4672 terrenisque
2549 4601 2925 4675 oﬂ'eotionihus
2966 4601 3171 4675 Christi
3204 4603 3619 4675 caroiobnoxiu

342 4670 472 4730 esse.
506 4672 647 4728 Huic
667 4670 935 4728 doctrina:
964 4671 1252 4743 Origenes,
1286 4670 1910 4743 uteratiG‘nosticorum

345 4745 564 4816 placitis
599 4743 845 4816 imbutus
871 4786 902 4816 ,Α
937 4741 1283 4816 repugnavit.
1314 4741 1638 4816 Marcellum
1665 4743 1914 4816 A'ncyra-

344 4811 477 4870 imm
512 4814 730 4868 omitto.
764 4811 822 4866 In
853 4811 1054 4868 dialﬁﬁ
1086 4811 1440 4878 Theodoreti,
1474 4811 1761 4867 Eranistes
1803 4813 1914 4866 hae-

347 4886 552 4942 reticus
574 4923 589 4949 ,
627 4890 854 4954 rogatus
875 4927 890 4951 ,
932 4899 1044 4954 quo
1079 4893 1322 4954 tempore
1351 4883 1667 4940 humanitas
1699 4881 1913 4954 Christi

346 4967 566 5012 exstare
616 4953 893 5024 desierit,
949 4953 1245 5024 respondet
1282 4956 1475 5011 saltem
1520 4953 1802 5024 pararem
1855 4953 1918 5005 ἐκ

346 5024 562 5097 νεκρῶν
590 5023 888 5097 ἀνάστασιν
918 5026 951 5095 ή
994 5023 1133 5097 σάρξ
1162 5024 1382 5097 ἐδέξατο
1408 5023 1630 5095 τὴνεῑς
1661 5023 1918 5094 θεότητος

349 5093 514 5167 φύσιν
550 5093 886 5167 μεταϐολήν,
925 5093 1153 5150 ἑαιοὶη
1199 5096 1433 5167 divinant
1463 5093 1920 5167 natur-nmmum-

350 5164 1107 5222 t'iouemudmisit.Neminem
1127 5175 1328 5221 terreat
1367 5165 1454 5220 hic
1471 5164 1733 5234 'l‘heologi
1763 5165 1917 5220 locus

349 5247 492 5293 orat.
520 5238 613 5302 49,
655 5235 747 5290 ubi
768 5235 1046 5291 Christum
1086 5244 1532 5302 venturumcsse
1552 5233 1707 5295 dicit,
1731 5233 1917 5288 οὐκέτι

348 5309 450 5433 ζὼν
483 5300 698 5378 σάρκαο
749 5305 849 5360 οὐκ
889 5304 1182 5377 ἀσώματον
1220 5305 1276 5359 δέ
1305 5320 1318 5335 ·
1355 5300 1438 5368 οἷς
1487 5305 1544 5358 δὲ
1596 5305 1759 5368 αὐτὸς
1807 5302 1918 5358 οἶδε

381 5381 530 5433 όγοις
585 5375 982 5433 θεοειδεστέοου
1034 5375 1305 5433 σώματος.
1362 5374 1486 5430 Νοη
1546 5376 1656 5433 iam
1705 5376 1918 5433 cuidem

381 5381 530 5449 όγοις
559 5374 982 5448 θεοειδεστέρου
1015 5374 1305 5446 σώματος.
1362 5374 1486 5430 Νοη
1534 5376 1656 5444 jam
1691 5376 1918 5449 quidem

349 5446 506 5504 illum
531 5463 741 5502 carnem
771 5463 790 5501 :
819 5446 1066 5502 ueterum
1107 5463 1210 5500 non
1250 5449 1636 5514 incorporeum,
1667 5446 1922 5500 diviniori

348 5521 632 5574 euistente
665 5533 904 5586 corpore,
935 5517 1198 5588 quomodo
1239 5518 1348 5586 ipse
1384 5517 1564 5588 novit,
1610 5527 1667 5588 ut
1699 5517 1763 5588 ob
1809 5517 1920 5588 illis

351 5592 440 5661 qui
470 5606 523 5661 se
549 5591 884 5661 conﬁxerunt
932 5586 1260 5661 aspicietur,
1308 5589 1404 5643 καὶ
1430 5587 1604 5661 ,μείνῃ
1633 5586 1765 5650 Θεὸς
1815 5587 1920 5654 ἔξω

351 5658 683 5729 παχύτητος,
717 5658 953 5729 Deaeque
980 5660 1150 5729 cuntis
1173 5659 1438 5712 crassitiei
1466 5674 1649 5713 exsors
1686 5665 1919 5729 maneat.

354 5727 574 5782 Nicetes
603 5727 873 5795 siquidem
907 5727 1024 5782 haec
1051 5727 1463 5797 interpretatur,
1499 5736 1555 5780 ut
1579 5727 1920 5783 naturatibus

2018 4673 2124 4729 non
2155 4675 2248 4739 sit,
2287 4683 2418 4744 puta
2451 4674 2606 4743 fami,
2634 4673 2747 4744 siti,
2793 4673 2984 4744 aliisve
3024 4673 3437 4744 inﬁrmitatibus
3463 4690 3480 4727 :
3509 4691 3618 4728 non

2021 4753 2197 4799 tamen
2230 4743 2293 4797 ut
2315 4745 2658 4813 incorporeus
2681 4743 2773 4813 sit
2795 4781 2812 4808 ,
2843 4743 2935 4812 qui
2967 4743 3178 4797 nativas
3210 4745 3452 4812 corporis
3487 4759 3619 4811 pro-

2019 4816 2273 4885 prietates
2327 4831 2432 4868 non
2463 4810 2713 4883 objecerit
2741 4851 2757 4876 ,
2796 4810 3048 4885 nimirum
3093 4810 3630 4885 triugm'dimeusioi

2021 4883 2139 4941 item
2165 4929 2179 4950 ,
2230 4885 2496 4955 formam,
2547 4893 2598 4938 et
2635 4893 2827 4955 (cetera
2865 4883 2919 4955 id
2969 4898 3150 4951 genus.
3182 4883 3421 4953 Foreque
3477 4884 3616 4936 illud

2020 4972 2208 5024 corpus
2231 4953 2488 5021 divinius,
2517 4953 2658 5024 quod
2692 4962 2742 5008 et
2767 4953 2910 5007 cerni
2931 4962 3110 5024 queat,
3137 4963 3187 5008 et
3217 4955 3433 5009 interim
3461 4970 3619 5008 cras-

2019 5022 2159 5082 sitiei
2197 5041 2382 5094 expers
2413 5022 2644 5089 maneat,
2673 5032 2852 5093 utpote
2879 5039 2983 5076 non
3013 5022 3132 5091 jam
3165 5039 3317 5088 caro,
3353 5025 3447 5079 sed
3478 5025 3618 5078 inter

2021 5114 2258 5160 carnem,
2289 5105 2338 5150 et
2371 5096 2426 5150 id
2453 5094 2595 5165 quod
2625 5095 3004 5165 incorporeum
3033 5104 3134 5157 est,
3168 5095 3396 5148 mediam
3424 5111 3619 5163 quam-

2020 5171 2149 5222 dam
2180 5163 2713 5222 rationem/iubens.
2753 5163 2958 5219 Nicetis
2983 5165 3392 5222 expositionem
3433 5167 3621 5218 ﬁrmat

2019 5236 2404 5293 Nazianzenus
2429 5235 2746 5306 ipse,epist.
2777 5235 2800 5289 ι
2831 5233 2902 5306 ad
2932 5232 3194 5306 Cle_dou_.,
3223 5235 3315 5289 ubi
3342 5235 3620 5306 adversus

2021 5308 2426 5378 Apollinarium
2453 5303 3051 5378 'deiitiitﬁanathetnati
3071 5304 3308 5378 subesse
3335 5305 3432 5374 qui
3463 5305 3622 5359 dixe-

2021 5373 2096 5433 rit
2125 5379 2404 5433 Christum
2434 5375 2820 5446 ἀποτεθεῖσθαι
2863 5373 2958 5428 νῦν
3002 5373 3102 5446 τὴν
3145 5374 3334 5446 σάρκα
3345 5373 3367 5437 ζ
3397 5391 3622 5446 carnem

2022 5449 2352 5518 deposuisse.
2390 5446 2455 5518 Et
2489 5455 2641 5502 certe
2671 5444 3078 5518 Athenagoras,
3106 5444 3434 5518 quo‘nuilus
3479 5445 3623 5518 alter

2023 5512 2225 5574 fortius
2249 5515 2434 5572 carnis
2453 5512 2920 5571 resurrectionem
2935 5512 3198 5580 defendit,
3223 5515 3420 5569 eodem
3449 5516 3623 5570 modo

2023 5590 2283 5651 dixerat,
2337 5602 2436 5643 nos
2505 5594 2628 5655 post
2683 5585 3152 5642 resurrectionem
3209 5584 3477 5650 futuros,
3517 5586 3618 5654 οὐκ

2023 5660 2098 5723 ὡς
2129 5660 2335 5728 σάρκες
2361 5698 2376 5721 ,
2411 5655 2514 5710 κᾶν
2543 5655 2760 5728 ἔχωμεν
2786 5695 2801 5722 ,
2845 5671 2948 5710 non
3001 5655 3140 5712 velut
3171 5670 3362 5710 carnes
3413 5657 3618 5720 simus,

2041 5729 2248 5785 tametsi
2278 5729 2584 5782 habeamus.
