  <div class='ocr_page' id='page_1' title='image "/cluster/home/n/w/nwhite01/storage/ocr_20150623/94/hvd.32044073502098/559.png"; bbox 0 0 3960 6198; ppageno 0'>
   <div class='ocr_carea' id='block_1_1' title="bbox 279 357 418 426">
    <p class='ocr_par' dir='ltr' id='par_1_1' title="bbox 279 357 418 426">
     <span class='ocr_line' id='line_1_1' title="bbox 279 357 418 426; baseline -0.029 0"><span class='ocrx_word' id='word_1_1' title='bbox 279 357 418 426; x_wconf 71' lang='grc'><strong>1107</strong></span> 
     </span>
    </p>
   </div>
   <div class='ocr_carea' id='block_1_2' title="bbox 1525 375 2397 442">
    <p class='ocr_par' dir='ltr' id='par_1_2' title="bbox 1525 375 2397 442">
     <span class='ocr_line' id='line_1_2' title="bbox 1525 375 2397 442; baseline 0.007 -6"><span class='ocrx_word' id='word_1_2' title='bbox 1525 375 1585 436; x_wconf 92' lang='lat' dir='ltr'><strong>S.</strong></span> <span class='ocrx_word' id='word_1_3' title='bbox 1610 375 1930 439; x_wconf 79' lang='lat' dir='ltr'><strong>JOANNIS</strong></span> <span class='ocrx_word' id='word_1_4' title='bbox 1966 379 2397 442; x_wconf 84' lang='lat' dir='ltr'><strong>DAMASCENI</strong></span> 
     </span>
    </p>
   </div>
   <div class='ocr_carea' id='block_1_3' title="bbox 3416 381 3558 450">
    <p class='ocr_par' dir='ltr' id='par_1_3' title="bbox 3416 381 3558 450">
     <span class='ocr_line' id='line_1_3' title="bbox 3416 381 3558 450; baseline 0.028 -4"><span class='ocrx_word' id='word_1_5' title='bbox 3416 381 3558 450; x_wconf 75' lang='lat'><strong>1108</strong></span> 
     </span>
    </p>
   </div>
   <div class='ocr_carea' id='block_1_4' title="bbox 275 471 1865 560">
    <p class='ocr_par' dir='ltr' id='par_1_4' title="bbox 275 471 1865 550">
     <span class='ocr_line' id='line_1_4' title="bbox 275 471 1865 550; baseline 0.007 -24"><span class='ocrx_word' id='word_1_6' title='bbox 275 475 380 539; x_wconf 77' lang='lat' dir='ltr'><strong>est,</strong></span> <span class='ocrx_word' id='word_1_7' title='bbox 405 478 461 528; x_wconf 90' lang='lat' dir='ltr'><strong>et</strong></span> <span class='ocrx_word' id='word_1_8' title='bbox 485 486 593 526; x_wconf 83' lang='lat' dir='ltr'><strong>non</strong></span> <span class='ocrx_word' id='word_1_9' title='bbox 621 471 815 530; x_wconf 87' lang='lat' dir='ltr'><strong>Pater:</strong></span> <span class='ocrx_word' id='word_1_10' title='bbox 836 472 1078 545; x_wconf 77' lang='lat' dir='ltr'><strong>Spiritus</strong></span> <span class='ocrx_word' id='word_1_11' title='bbox 1101 486 1349 546; x_wconf 88' lang='lat' dir='ltr'><strong>sanctus,</strong></span> <span class='ocrx_word' id='word_1_12' title='bbox 1378 479 1642 550; x_wconf 78' lang='lat' dir='ltr'><strong>Spiritus,</strong></span> <span class='ocrx_word' id='word_1_13' title='bbox 1668 497 1732 536; x_wconf 88' lang='lat' dir='ltr'><strong>ac</strong></span> <span class='ocrx_word' id='word_1_14' title='bbox 1761 497 1865 537; x_wconf 90' lang='lat' dir='ltr'><strong>non</strong></span> 
     </span>
    </p>
   </div>
   <div class='ocr_carea' id='block_1_5' title="bbox 1975 471 3557 560">
    <p class='ocr_par' dir='ltr' id='par_1_5' title="bbox 1978 485 3557 560">
     <span class='ocr_line' id='line_1_5' title="bbox 1978 485 3557 560; baseline 0.003 -21"><span class='ocrx_word' id='word_1_15' title='bbox 1978 487 2073 540; x_wconf 82' lang='grc' dir='ltr'>καὶ</span> <span class='ocrx_word' id='word_1_16' title='bbox 2103 487 2164 540; x_wconf 73' lang='grc' dir='ltr'>οὐ</span> <span class='ocrx_word' id='word_1_17' title='bbox 2199 489 2427 559; x_wconf 72' lang='grc' dir='ltr'>Πατήρο</span> <span class='ocrx_word' id='word_1_18' title='bbox 2481 485 2709 557; x_wconf 78' lang='grc' dir='ltr'><strong>Πνεῦμα</strong></span> <span class='ocrx_word' id='word_1_19' title='bbox 2754 487 2913 557; x_wconf 75' lang='grc' dir='ltr'>ἅγιον</span> <span class='ocrx_word' id='word_1_20' title='bbox 2966 489 3028 543; x_wconf 69' lang='grc' dir='ltr'><strong>τὸ</strong></span> <span class='ocrx_word' id='word_1_21' title='bbox 3062 487 3312 560; x_wconf 80' lang='grc' dir='ltr'>Πνεῦμα,</span> <span class='ocrx_word' id='word_1_22' title='bbox 3353 490 3449 545; x_wconf 65' lang='grc' dir='ltr'>καὶ</span> <span class='ocrx_word' id='word_1_23' title='bbox 3491 491 3557 543; x_wconf 80' lang='grc' dir='ltr'>οὐ</span> 
     </span>
    </p>
   </div>
   <div class='ocr_carea' id='block_1_6' title="bbox 280 561 1858 641">
    <p class='ocr_par' dir='ltr' id='par_1_6' title="bbox 280 561 1858 641">
     <span class='ocr_line' id='line_1_6' title="bbox 280 561 1858 641; baseline 0.007 -21"><span class='ocrx_word' id='word_1_24' title='bbox 280 566 462 634; x_wconf 80' lang='lat' dir='ltr'><strong>Pater,</strong></span> <span class='ocrx_word' id='word_1_25' title='bbox 493 582 596 624; x_wconf 90' lang='lat' dir='ltr'><strong>nec</strong></span> <span class='ocrx_word' id='word_1_26' title='bbox 621 561 818 624; x_wconf 82' lang='lat' dir='ltr'><strong>Filius.</strong></span> <span class='ocrx_word' id='word_1_27' title='bbox 851 568 1175 641; x_wconf 78' lang='lat' dir='ltr'><strong>Proprietas</strong></span> <span class='ocrx_word' id='word_1_28' title='bbox 1222 573 1370 627; x_wconf 86' lang='lat' dir='ltr'><strong>enim</strong></span> <span class='ocrx_word' id='word_1_29' title='bbox 1399 573 1700 630; x_wconf 84' lang='lat' dir='ltr'><strong>immobilis</strong></span> <span class='ocrx_word' id='word_1_30' title='bbox 1741 586 1858 632; x_wconf 87' lang='lat' dir='ltr'><strong>est:</strong></span> 
     </span>
    </p>
   </div>
   <div class='ocr_carea' id='block_1_7' title="bbox 277 661 1864 738">
    <p class='ocr_par' dir='ltr' id='par_1_7' title="bbox 277 661 1864 738">
     <span class='ocr_line' id='line_1_7' title="bbox 277 661 1864 738; baseline 0.004 -24"><span class='ocrx_word' id='word_1_31' title='bbox 277 674 514 729; x_wconf 87' lang='lat' dir='ltr'><strong>quonam</strong></span> <span class='ocrx_word' id='word_1_32' title='bbox 539 661 684 716; x_wconf 78' lang='lat' dir='ltr'><strong>enim</strong></span> <span class='ocrx_word' id='word_1_33' title='bbox 709 663 817 716; x_wconf 86' lang='lat' dir='ltr'><strong>alio</strong></span> <span class='ocrx_word' id='word_1_34' title='bbox 852 669 1014 718; x_wconf 86' lang='lat' dir='ltr'><strong>modo</strong></span> <span class='ocrx_word' id='word_1_35' title='bbox 1067 666 1379 734; x_wconf 69' lang='lat' dir='ltr'><strong>proprietas</strong></span> <span class='ocrx_word' id='word_1_36' title='bbox 1405 675 1667 733; x_wconf 87' lang='lat' dir='ltr'><strong>maneret,</strong></span> <span class='ocrx_word' id='word_1_37' title='bbox 1701 667 1864 738; x_wconf 67' lang='lat'><strong>255</strong></span> 
     </span>
    </p>
   </div>
   <div class='ocr_carea' id='block_1_8' title="bbox 276 751 1858 824">
    <p class='ocr_par' dir='ltr' id='par_1_8' title="bbox 276 751 1858 824">
     <span class='ocr_line' id='line_1_8' title="bbox 276 751 1858 824; baseline 0.004 -18"><span class='ocrx_word' id='word_1_38' title='bbox 276 751 323 806; x_wconf 97' lang='lat' dir='ltr'><strong>si</strong></span> <span class='ocrx_word' id='word_1_39' title='bbox 351 762 664 808; x_wconf 72' lang='lat' dir='ltr'><strong>moveretur</strong></span> <span class='ocrx_word' id='word_1_40' title='bbox 687 770 864 824; x_wconf 75' lang='lat' dir='ltr'><strong>exque</strong></span> <span class='ocrx_word' id='word_1_41' title='bbox 901 757 1007 810; x_wconf 84' lang='lat' dir='ltr'><strong>alia</strong></span> <span class='ocrx_word' id='word_1_42' title='bbox 1044 757 1096 811; x_wconf 90' lang='lat' dir='ltr'><strong>in</strong></span> <span class='ocrx_word' id='word_1_43' title='bbox 1122 759 1286 811; x_wconf 90' lang='lat' dir='ltr'><strong>aliam</strong></span> <span class='ocrx_word' id='word_1_44' title='bbox 1312 758 1603 814; x_wconf 75' lang='lat' dir='ltr'><strong>transiret?</strong></span> <span class='ocrx_word' id='word_1_45' title='bbox 1635 759 1714 814; x_wconf 85' lang='lat' dir='ltr'><strong>0b</strong></span> <span class='ocrx_word' id='word_1_46' title='bbox 1739 775 1858 814; x_wconf 88' lang='lat' dir='ltr'><strong>eam</strong></span> 
     </span>
    </p>
   </div>
   <div class='ocr_carea' id='block_1_9' title="bbox 275 844 1860 923">
    <p class='ocr_par' dir='ltr' id='par_1_9' title="bbox 275 844 1860 923">
     <span class='ocr_line' id='line_1_9' title="bbox 275 844 1860 923; baseline 0.006 -24"><span class='ocrx_word' id='word_1_47' title='bbox 275 860 500 901; x_wconf 86' lang='lat' dir='ltr'><strong>causam</strong></span> <span class='ocrx_word' id='word_1_48' title='bbox 538 844 633 901; x_wconf 86' lang='lat' dir='ltr'><strong>Dei</strong></span> <span class='ocrx_word' id='word_1_49' title='bbox 677 844 874 912; x_wconf 88' lang='lat' dir='ltr'><strong>Filius,</strong></span> <span class='ocrx_word' id='word_1_50' title='bbox 901 849 1143 906; x_wconf 81' lang='lat' dir='ltr'><strong>hominis</strong></span> <span class='ocrx_word' id='word_1_51' title='bbox 1174 850 1319 906; x_wconf 91' lang='lat' dir='ltr'><strong>ﬁlius</strong></span> <span class='ocrx_word' id='word_1_52' title='bbox 1346 852 1422 916; x_wconf 91' lang='lat' dir='ltr'><strong>ﬁt,</strong></span> <span class='ocrx_word' id='word_1_53' title='bbox 1454 859 1510 906; x_wconf 88' lang='lat' dir='ltr'><strong>ut</strong></span> <span class='ocrx_word' id='word_1_54' title='bbox 1538 853 1860 923; x_wconf 89' lang='lat' dir='ltr'><strong>proprietati</strong></span> 
     </span>
    </p>
   </div>
   <div class='ocr_carea' id='block_1_10' title="bbox 276 935 1860 1010">
    <p class='ocr_par' dir='ltr' id='par_1_10' title="bbox 276 935 1860 1010">
     <span class='ocr_line' id='line_1_10' title="bbox 276 935 1860 1010; baseline 0.007 -23"><span class='ocrx_word' id='word_1_55' title='bbox 276 935 631 992; x_wconf 89' lang='lat' dir='ltr'><strong>immobilitas</strong></span> <span class='ocrx_word' id='word_1_56' title='bbox 657 952 756 994; x_wconf 90' lang='lat' dir='ltr'><strong>sua</strong></span> <span class='ocrx_word' id='word_1_57' title='bbox 779 946 1014 995; x_wconf 82' lang='lat' dir='ltr'><strong>constet.</strong></span> <span class='ocrx_word' id='word_1_58' title='bbox 1050 939 1188 996; x_wconf 88' lang='lat' dir='ltr'><strong>Nam</strong></span> <span class='ocrx_word' id='word_1_59' title='bbox 1223 958 1346 997; x_wconf 92' lang='lat' dir='ltr'><strong>cum</strong></span> <span class='ocrx_word' id='word_1_60' title='bbox 1377 941 1470 998; x_wconf 88' lang='lat' dir='ltr'><strong>Dei</strong></span> <span class='ocrx_word' id='word_1_61' title='bbox 1504 943 1671 999; x_wconf 80' lang='lat' dir='ltr'><strong>Filius</strong></span> <span class='ocrx_word' id='word_1_62' title='bbox 1695 951 1860 1010; x_wconf 87' lang='lat' dir='ltr'><strong>esset,</strong></span> 
     </span>
    </p>
   </div>
   <div class='ocr_carea' id='block_1_11' title="bbox 277 1027 1862 1106">
    <p class='ocr_par' dir='ltr' id='par_1_11' title="bbox 277 1027 1862 1106">
     <span class='ocr_line' id='line_1_11' title="bbox 277 1027 1862 1106; baseline 0.006 -26"><span class='ocrx_word' id='word_1_63' title='bbox 277 1027 456 1082; x_wconf 79' lang='lat' dir='ltr'><strong>factus</strong></span> <span class='ocrx_word' id='word_1_64' title='bbox 487 1034 570 1083; x_wconf 91' lang='lat' dir='ltr'><strong>est</strong></span> <span class='ocrx_word' id='word_1_65' title='bbox 607 1027 845 1087; x_wconf 86' lang='lat' dir='ltr'><strong>hominis</strong></span> <span class='ocrx_word' id='word_1_66' title='bbox 872 1031 1040 1101; x_wconf 88' lang='lat' dir='ltr'><strong>ﬁlius,</strong></span> <span class='ocrx_word' id='word_1_67' title='bbox 1070 1048 1135 1088; x_wconf 81' lang='lat' dir='ltr'><strong>ex</strong></span> <span class='ocrx_word' id='word_1_68' title='bbox 1169 1041 1357 1089; x_wconf 84' lang='lat' dir='ltr'><strong>sancta</strong></span> <span class='ocrx_word' id='word_1_69' title='bbox 1388 1033 1611 1106; x_wconf 84' lang='lat' dir='ltr'><strong>Virgine</strong></span> <span class='ocrx_word' id='word_1_70' title='bbox 1640 1050 1862 1090; x_wconf 90' lang='lat' dir='ltr'><strong>carnem</strong></span> 
     </span>
    </p>
   </div>
   <div class='ocr_carea' id='block_1_12' title="bbox 274 1126 1864 1200">
    <p class='ocr_par' dir='ltr' id='par_1_12' title="bbox 274 1126 1864 1200">
     <span class='ocr_line' id='line_1_12' title="bbox 274 1126 1864 1200; baseline 0.006 -28"><span class='ocrx_word' id='word_1_71' title='bbox 274 1135 521 1186; x_wconf 83' lang='lat' dir='ltr'><strong>sumens,</strong></span> <span class='ocrx_word' id='word_1_72' title='bbox 566 1137 666 1178; x_wconf 88' lang='lat' dir='ltr'><strong>nec</strong></span> <span class='ocrx_word' id='word_1_73' title='bbox 692 1131 982 1195; x_wconf 84' lang='lat' dir='ltr'><strong>propterea</strong></span> <span class='ocrx_word' id='word_1_74' title='bbox 1022 1126 1090 1182; x_wconf 86' lang='lat' dir='ltr'><strong>ab</strong></span> <span class='ocrx_word' id='word_1_75' title='bbox 1121 1141 1184 1182; x_wconf 88' lang='lat' dir='ltr'><strong>ea</strong></span> <span class='ocrx_word' id='word_1_76' title='bbox 1227 1127 1565 1198; x_wconf 84' lang='lat' dir='ltr'><strong>proprietate</strong></span> <span class='ocrx_word' id='word_1_77' title='bbox 1602 1143 1725 1200; x_wconf 63' lang='lat' dir='ltr'><strong>quae</strong></span> <span class='ocrx_word' id='word_1_78' title='bbox 1772 1127 1864 1182; x_wconf 85' lang='lat' dir='ltr'><strong>Fi-</strong></span> 
     </span>
    </p>
   </div>
   <div class='ocr_carea' id='block_1_13' title="bbox 276 1214 924 1274">
    <p class='ocr_par' dir='ltr' id='par_1_13' title="bbox 276 1214 924 1274">
     <span class='ocr_line' id='line_1_13' title="bbox 276 1214 924 1274; baseline 0.006 -6"><span class='ocrx_word' id='word_1_79' title='bbox 276 1215 411 1269; x_wconf 89' lang='lat' dir='ltr'><strong>lium</strong></span> <span class='ocrx_word' id='word_1_80' title='bbox 453 1214 610 1272; x_wconf 89' lang='lat' dir='ltr'><strong>decet</strong></span> <span class='ocrx_word' id='word_1_81' title='bbox 628 1218 924 1274; x_wconf 82' lang='lat' dir='ltr'><strong>excedens.</strong></span> 
     </span>
    </p>
   </div>
   <div class='ocr_carea' id='block_1_14' title="bbox 345 1304 1860 1369">
    <p class='ocr_par' dir='ltr' id='par_1_14' title="bbox 345 1304 1860 1369">
     <span class='ocr_line' id='line_1_14' title="bbox 345 1304 1860 1369; baseline 0.005 -9"><span class='ocrx_word' id='word_1_82' title='bbox 345 1304 507 1362; x_wconf 72' lang='lat' dir='ltr'><strong>Nota:</strong></span> <span class='ocrx_word' id='word_1_83' title='bbox 526 1315 577 1362; x_wconf 82' lang='lat' dir='ltr'><strong>et</strong></span> <span class='ocrx_word' id='word_1_84' title='bbox 631 1307 963 1366; x_wconf 76' lang='lat' dir='ltr'><strong>characteres</strong></span> <span class='ocrx_word' id='word_1_85' title='bbox 1015 1311 1209 1368; x_wconf 67' lang='lat' dir='ltr'><strong>divina:</strong></span> <span class='ocrx_word' id='word_1_86' title='bbox 1261 1322 1491 1368; x_wconf 73' lang='lat' dir='ltr'><strong>uatum.</strong></span> <span class='ocrx_word' id='word_1_87' title='bbox 1540 1311 1649 1369; x_wconf 84' lang='lat' dir='ltr'><strong>Cur</strong></span> <span class='ocrx_word' id='word_1_88' title='bbox 1685 1311 1860 1367; x_wconf 84' lang='lat' dir='ltr'><strong>Filius</strong></span> 
     </span>
    </p>
   </div>
   <div class='ocr_carea' id='block_1_15' title="bbox 273 1400 1861 1476">
    <p class='ocr_par' dir='ltr' id='par_1_15' title="bbox 273 1400 1861 1476">
     <span class='ocr_line' id='line_1_15' title="bbox 273 1400 1861 1476; baseline 0.006 -24"><span class='ocrx_word' id='word_1_89' title='bbox 273 1400 608 1457; x_wconf 73' lang='lat' dir='ltr'><strong>incarnatus.</strong></span> <span class='ocrx_word' id='word_1_90' title='bbox 632 1434 702 1445; x_wconf 93' lang='lat'><strong><em>—</em></strong></span> <span class='ocrx_word' id='word_1_91' title='bbox 722 1401 877 1460; x_wconf 82' lang='lat' dir='ltr'><strong>Hanc</strong></span> <span class='ocrx_word' id='word_1_92' title='bbox 903 1419 1071 1476; x_wconf 91' lang='lat' dir='ltr'><strong>porro</strong></span> <span class='ocrx_word' id='word_1_93' title='bbox 1093 1405 1189 1464; x_wconf 88' lang='lat' dir='ltr'><strong>Dei</strong></span> <span class='ocrx_word' id='word_1_94' title='bbox 1221 1405 1398 1464; x_wconf 88' lang='lat' dir='ltr'><strong>Filius</strong></span> <span class='ocrx_word' id='word_1_95' title='bbox 1430 1407 1672 1462; x_wconf 91' lang='lat' dir='ltr'><strong>uthomo</strong></span> <span class='ocrx_word' id='word_1_96' title='bbox 1704 1409 1861 1464; x_wconf 86' lang='lat' dir='ltr'><strong>ﬁeret</strong></span> 
     </span>
    </p>
   </div>
   <div class='ocr_carea' id='block_1_16' title="bbox 272 1493 1858 1564">
    <p class='ocr_par' dir='ltr' id='par_1_16' title="bbox 272 1493 1858 1564">
     <span class='ocr_line' id='line_1_16' title="bbox 272 1493 1858 1564; baseline 0.005 -18"><span class='ocrx_word' id='word_1_97' title='bbox 272 1507 496 1549; x_wconf 81' lang='lat' dir='ltr'><strong>causam</strong></span> <span class='ocrx_word' id='word_1_98' title='bbox 530 1493 754 1564; x_wconf 84' lang='lat' dir='ltr'><strong>habuit,</strong></span> <span class='ocrx_word' id='word_1_99' title='bbox 794 1507 854 1552; x_wconf 92' lang='lat' dir='ltr'><strong>ut</strong></span> <span class='ocrx_word' id='word_1_100' title='bbox 901 1497 954 1553; x_wconf 90' lang='lat' dir='ltr'><strong>id</strong></span> <span class='ocrx_word' id='word_1_101' title='bbox 996 1512 1191 1555; x_wconf 86' lang='lat' dir='ltr'><strong>rursus</strong></span> <span class='ocrx_word' id='word_1_102' title='bbox 1255 1499 1464 1554; x_wconf 86' lang='lat' dir='ltr'><strong>homini</strong></span> <span class='ocrx_word' id='word_1_103' title='bbox 1531 1499 1858 1556; x_wconf 89' lang='lat' dir='ltr'><strong>beneﬁcium</strong></span> 
     </span>
    </p>
   </div>
   <div class='ocr_carea' id='block_1_17' title="bbox 273 1583 1856 1662">
    <p class='ocr_par' dir='ltr' id='par_1_17' title="bbox 273 1583 1856 1662">
     <span class='ocr_line' id='line_1_17' title="bbox 273 1583 1856 1662; baseline 0.006 -24"><span class='ocrx_word' id='word_1_104' title='bbox 273 1583 513 1652; x_wconf 81' lang='lat' dir='ltr'><strong>aﬁ‘erret,</strong></span> <span class='ocrx_word' id='word_1_105' title='bbox 541 1587 702 1658; x_wconf 88' lang='lat' dir='ltr'><strong>cujus</strong></span> <span class='ocrx_word' id='word_1_106' title='bbox 738 1590 915 1660; x_wconf 85' lang='lat' dir='ltr'><strong>gratia</strong></span> <span class='ocrx_word' id='word_1_107' title='bbox 954 1589 1108 1644; x_wconf 88' lang='lat' dir='ltr'><strong>illum</strong></span> <span class='ocrx_word' id='word_1_108' title='bbox 1153 1607 1183 1646; x_wconf 89' lang='lat' dir='ltr'><strong>a</strong></span> <span class='ocrx_word' id='word_1_109' title='bbox 1209 1590 1482 1662; x_wconf 88' lang='lat' dir='ltr'><strong>principio</strong></span> <span class='ocrx_word' id='word_1_110' title='bbox 1509 1592 1856 1648; x_wconf 81' lang='lat' dir='ltr'><strong>condiderat.</strong></span> 
     </span>
    </p>
   </div>
   <div class='ocr_carea' id='block_1_18' title="bbox 275 1673 1859 1752">
    <p class='ocr_par' dir='ltr' id='par_1_18' title="bbox 275 1673 1859 1752">
     <span class='ocr_line' id='line_1_18' title="bbox 275 1673 1859 1752; baseline 0.005 -22"><span class='ocrx_word' id='word_1_111' title='bbox 275 1673 557 1746; x_wconf 85' lang='lat' dir='ltr'><strong>Siquidem</strong></span> <span class='ocrx_word' id='word_1_112' title='bbox 601 1693 726 1734; x_wconf 91' lang='lat' dir='ltr'><strong>eum</strong></span> <span class='ocrx_word' id='word_1_113' title='bbox 781 1681 847 1736; x_wconf 89' lang='lat' dir='ltr'><strong>ad</strong></span> <span class='ocrx_word' id='word_1_114' title='bbox 893 1681 1188 1752; x_wconf 86' lang='lat' dir='ltr'><strong>imaginem</strong></span> <span class='ocrx_word' id='word_1_115' title='bbox 1235 1697 1414 1750; x_wconf 90' lang='lat' dir='ltr'><strong>suam,</strong></span> <span class='ocrx_word' id='word_1_116' title='bbox 1462 1683 1743 1740; x_wconf 89' lang='lat' dir='ltr'><strong>intellectu</strong></span> <span class='ocrx_word' id='word_1_117' title='bbox 1804 1691 1859 1740; x_wconf 89' lang='lat' dir='ltr'><strong>et</strong></span> 
     </span>
    </p>
   </div>
   <div class='ocr_carea' id='block_1_19' title="bbox 277 1767 1858 1840">
    <p class='ocr_par' dir='ltr' id='par_1_19' title="bbox 277 1767 1858 1840">
     <span class='ocr_line' id='line_1_19' title="bbox 277 1767 1858 1840; baseline 0.006 -20"><span class='ocrx_word' id='word_1_118' title='bbox 277 1767 531 1825; x_wconf 79' lang='lat' dir='ltr'><strong>libertate</strong></span> <span class='ocrx_word' id='word_1_119' title='bbox 576 1770 868 1840; x_wconf 65' lang='lat' dir='ltr'><strong>prmditum</strong></span> <span class='ocrx_word' id='word_1_120' title='bbox 931 1771 1247 1838; x_wconf 82' lang='lat' dir='ltr'><strong>eﬁinxerat;</strong></span> <span class='ocrx_word' id='word_1_121' title='bbox 1309 1780 1523 1830; x_wconf 79' lang='lat' dir='ltr'><strong>necnon</strong></span> <span class='ocrx_word' id='word_1_122' title='bbox 1561 1774 1626 1829; x_wconf 88' lang='lat' dir='ltr'><strong>ad</strong></span> <span class='ocrx_word' id='word_1_123' title='bbox 1660 1774 1858 1830; x_wconf 85' lang='lat' dir='ltr'><strong>simili-</strong></span> 
     </span>
    </p>
   </div>
   <div class='ocr_carea' id='block_1_20' title="bbox 1979 579 3558 654">
    <p class='ocr_par' dir='ltr' id='par_1_20' title="bbox 1979 579 3558 654">
     <span class='ocr_line' id='line_1_20' title="bbox 1979 579 3558 654; baseline 0 -20"><span class='ocrx_word' id='word_1_124' title='bbox 1979 580 2192 651; x_wconf 77' lang='grc' dir='ltr'>Πατὴρ,</span> <span class='ocrx_word' id='word_1_125' title='bbox 2223 581 2347 634; x_wconf 79' lang='grc' dir='ltr'>οὐδὲ</span> <span class='ocrx_word' id='word_1_126' title='bbox 2380 579 2525 646; x_wconf 80' lang='grc' dir='ltr'>Υἱός.</span> <span class='ocrx_word' id='word_1_127' title='bbox 2565 581 2630 635; x_wconf 83' lang='grc' dir='ltr'>Ἠ</span> <span class='ocrx_word' id='word_1_128' title='bbox 2661 581 2770 652; x_wconf 85' lang='grc' dir='ltr'><strong>γὰρ</strong></span> <span class='ocrx_word' id='word_1_129' title='bbox 2803 581 3007 653; x_wconf 80' lang='grc' dir='ltr'><strong>ἰδιότης</strong></span> <span class='ocrx_word' id='word_1_130' title='bbox 3031 581 3293 652; x_wconf 86' lang='grc' dir='ltr'>ἀκίνητος</span> <span class='ocrx_word' id='word_1_131' title='bbox 3321 600 3334 614; x_wconf 79' lang='grc' dir='ltr'><strong>ο</strong></span> <span class='ocrx_word' id='word_1_132' title='bbox 3366 583 3400 654; x_wconf 79' lang='grc' dir='ltr'>ἢ</span> <span class='ocrx_word' id='word_1_133' title='bbox 3435 583 3558 645; x_wconf 79' lang='grc' dir='ltr'><strong>πῶς</strong></span> 
     </span>
    </p>
   </div>
   <div class='ocr_carea' id='block_1_21' title="bbox 1974 673 3560 746">
    <p class='ocr_par' dir='ltr' id='par_1_21' title="bbox 1974 673 3560 746">
     <span class='ocr_line' id='line_1_21' title="bbox 1974 673 3560 746; baseline 0 -18"><span class='ocrx_word' id='word_1_134' title='bbox 1974 674 2042 728; x_wconf 85' lang='grc' dir='ltr'>ἂν</span> <span class='ocrx_word' id='word_1_135' title='bbox 2077 673 2278 746; x_wconf 76' lang='grc' dir='ltr'><strong>ἰδιότης</strong></span> <span class='ocrx_word' id='word_1_136' title='bbox 2305 673 2458 743; x_wconf 83' lang='grc' dir='ltr'>μένοι</span> <span class='ocrx_word' id='word_1_137' title='bbox 2489 673 2786 745; x_wconf 82' lang='grc' dir='ltr'><strong>κινουμένη</strong></span> <span class='ocrx_word' id='word_1_138' title='bbox 2829 673 2918 726; x_wconf 61' lang='grc' dir='ltr'>καὶ</span> <span class='ocrx_word' id='word_1_139' title='bbox 2952 673 3370 746; x_wconf 74' lang='grc' dir='ltr'>μεταπίπτουσα</span> <span class='ocrx_word' id='word_1_140' title='bbox 3398 691 3414 738; x_wconf 91' lang='grc'><strong>;</strong></span> <span class='ocrx_word' id='word_1_141' title='bbox 3454 674 3560 728; x_wconf 71' lang='grc' dir='ltr'><strong>Διὰ</strong></span> 
     </span>
    </p>
   </div>
   <div class='ocr_carea' id='block_1_22' title="bbox 1971 753 3556 837">
    <p class='ocr_par' dir='ltr' id='par_1_22' title="bbox 1971 753 3556 837">
     <span class='ocr_line' id='line_1_22' title="bbox 1971 753 3556 837; baseline 0.001 -19"><span class='ocrx_word' id='word_1_142' title='bbox 1971 766 2132 820; x_wconf 83' lang='grc' dir='ltr'>τοῦτο</span> <span class='ocrx_word' id='word_1_143' title='bbox 2179 768 2208 820; x_wconf 85' lang='grc' dir='ltr'>ὁ</span> <span class='ocrx_word' id='word_1_144' title='bbox 2255 765 2384 829; x_wconf 82' lang='grc' dir='ltr'>Υἱὸς</span> <span class='ocrx_word' id='word_1_145' title='bbox 2433 765 2530 819; x_wconf 85' lang='grc' dir='ltr'>τοῦ</span> <span class='ocrx_word' id='word_1_146' title='bbox 2565 765 2740 831; x_wconf 83' lang='grc' dir='ltr'>Θεοῦ,</span> <span class='ocrx_word' id='word_1_147' title='bbox 2790 765 2914 830; x_wconf 66' lang='grc' dir='ltr'>Υίδι,</span> <span class='ocrx_word' id='word_1_148' title='bbox 2971 753 3262 837; x_wconf 75' lang='grc' dir='ltr'>ἀνθρώπου</span> <span class='ocrx_word' id='word_1_149' title='bbox 3317 767 3556 834; x_wconf 87' lang='grc' dir='ltr'>γίνεται,</span> 
     </span>
    </p>
   </div>
   <div class='ocr_carea' id='block_1_23' title="bbox 1973 859 3556 932">
    <p class='ocr_par' dir='ltr' id='par_1_23' title="bbox 1973 859 3556 932">
     <span class='ocr_line' id='line_1_23' title="bbox 1973 859 3556 932; baseline 0 -20"><span class='ocrx_word' id='word_1_150' title='bbox 1973 859 2061 913; x_wconf 81' lang='grc' dir='ltr'>ἵνα</span> <span class='ocrx_word' id='word_1_151' title='bbox 2113 859 2275 931; x_wconf 84' lang='grc' dir='ltr'>μείνῃ</span> <span class='ocrx_word' id='word_1_152' title='bbox 2334 860 2367 932; x_wconf 84' lang='grc' dir='ltr'><strong>ἡ</strong></span> <span class='ocrx_word' id='word_1_153' title='bbox 2425 859 2630 928; x_wconf 75' lang='grc' dir='ltr'><strong>ἰδιότης</strong></span> <span class='ocrx_word' id='word_1_154' title='bbox 2678 859 2954 929; x_wconf 86' lang='grc' dir='ltr'>ἀκίνητος.</span> <span class='ocrx_word' id='word_1_155' title='bbox 3012 859 3139 922; x_wconf 83' lang='grc' dir='ltr'>Υίὸς</span> <span class='ocrx_word' id='word_1_156' title='bbox 3191 859 3298 930; x_wconf 75' lang='grc' dir='ltr'><strong>γὰρ</strong></span> <span class='ocrx_word' id='word_1_157' title='bbox 3332 859 3410 913; x_wconf 78' lang='grc' dir='ltr'>ὢν</span> <span class='ocrx_word' id='word_1_158' title='bbox 3457 859 3556 914; x_wconf 76' lang='grc' dir='ltr'>τοῦ</span> 
     </span>
    </p>
   </div>
   <div class='ocr_carea' id='block_1_24' title="bbox 1970 950 3559 1023">
    <p class='ocr_par' dir='ltr' id='par_1_24' title="bbox 1970 950 3559 1023">
     <span class='ocr_line' id='line_1_24' title="bbox 1970 950 3559 1023; baseline 0.001 -19"><span class='ocrx_word' id='word_1_159' title='bbox 1970 950 2146 1020; x_wconf 83' lang='grc' dir='ltr'><strong>Θεοῦ,</strong></span> <span class='ocrx_word' id='word_1_160' title='bbox 2190 951 2319 1015; x_wconf 80' lang='grc' dir='ltr'>Υἱὸς</span> <span class='ocrx_word' id='word_1_161' title='bbox 2360 951 2652 1023; x_wconf 80' lang='grc' dir='ltr'>ἀνθρώπου</span> <span class='ocrx_word' id='word_1_162' title='bbox 2694 951 2949 1020; x_wconf 80' lang='grc' dir='ltr'>γέγονεν,</span> <span class='ocrx_word' id='word_1_163' title='bbox 3001 950 3308 1022; x_wconf 74' lang='grc' dir='ltr'>σαρκωθεὶς</span> <span class='ocrx_word' id='word_1_164' title='bbox 3351 954 3417 1005; x_wconf 81' lang='grc' dir='ltr'>ὲκ</span> <span class='ocrx_word' id='word_1_165' title='bbox 3454 955 3559 1023; x_wconf 80' lang='grc' dir='ltr'>τῆς</span> 
     </span>
    </p>
   </div>
   <div class='ocr_carea' id='block_1_25' title="bbox 1971 1033 3559 1117">
    <p class='ocr_par' dir='ltr' id='par_1_25' title="bbox 1971 1033 3559 1117">
     <span class='ocr_line' id='line_1_25' title="bbox 1971 1033 3559 1117; baseline -0.001 -17"><span class='ocrx_word' id='word_1_166' title='bbox 1971 1045 2137 1112; x_wconf 82' lang='grc' dir='ltr'><strong>ἁγίας</strong></span> <span class='ocrx_word' id='word_1_167' title='bbox 2188 1044 2500 1117; x_wconf 64' lang='grc' dir='ltr'>Παρθένου,</span> <span class='ocrx_word' id='word_1_168' title='bbox 2534 1033 2644 1099; x_wconf 59' lang='grc' dir='ltr'>καῖ</span> <span class='ocrx_word' id='word_1_169' title='bbox 2665 1045 2766 1099; x_wconf 86' lang='grc' dir='ltr'>οὐκ</span> <span class='ocrx_word' id='word_1_170' title='bbox 2805 1043 3007 1108; x_wconf 77' lang='grc' dir='ltr'>ἐκστὰς</span> <span class='ocrx_word' id='word_1_171' title='bbox 3030 1041 3050 1082; x_wconf 71' lang='grc' dir='ltr'><em>τ</em></span> <span class='ocrx_word' id='word_1_172' title='bbox 3098 1044 3198 1115; x_wconf 83' lang='grc' dir='ltr'>τῆς</span> <span class='ocrx_word' id='word_1_173' title='bbox 3229 1044 3390 1116; x_wconf 83' lang='grc' dir='ltr'>ὑῖκῆς</span> <span class='ocrx_word' id='word_1_174' title='bbox 3425 1045 3559 1098; x_wconf 76' lang='grc' dir='ltr'>ἰδιό-</span> 
     </span>
    </p>
   </div>
   <div class='ocr_carea' id='block_1_26' title="bbox 1967 1154 2151 1208">
    <p class='ocr_par' dir='ltr' id='par_1_26' title="bbox 1967 1154 2151 1208">
     <span class='ocr_line' id='line_1_26' title="bbox 1967 1154 2151 1208; baseline 0.027 -17"><span class='ocrx_word' id='word_1_175' title='bbox 1967 1154 2151 1208; x_wconf 84' lang='grc' dir='ltr'>τητος.</span> 
     </span>
    </p>
   </div>
   <div class='ocr_carea' id='block_1_27' title="bbox 2050 1309 3561 1390">
    <p class='ocr_par' dir='ltr' id='par_1_27' title="bbox 2050 1309 3561 1390">
     <span class='ocr_line' id='line_1_27' title="bbox 2050 1309 3561 1390; baseline -0.001 -18"><span class='ocrx_word' id='word_1_176' title='bbox 2050 1315 2476 1389; x_wconf 86' lang='grc' dir='ltr'>Ἐνηνθρώπησε</span> <span class='ocrx_word' id='word_1_177' title='bbox 2511 1315 2568 1370; x_wconf 84' lang='grc' dir='ltr'>δὲ</span> <span class='ocrx_word' id='word_1_178' title='bbox 2594 1317 2627 1370; x_wconf 79' lang='grc' dir='ltr'><strong>ὁ</strong></span> <span class='ocrx_word' id='word_1_179' title='bbox 2659 1316 2788 1381; x_wconf 60' lang='lat' dir='ltr'><strong>rte;</strong></span> <span class='ocrx_word' id='word_1_180' title='bbox 2816 1315 2911 1372; x_wconf 81' lang='grc' dir='ltr'><strong>τοῦ</strong></span> <span class='ocrx_word' id='word_1_181' title='bbox 2959 1315 3118 1381; x_wconf 76' lang='grc' dir='ltr'>Θεοῦ,</span> <span class='ocrx_word' id='word_1_182' title='bbox 3175 1317 3242 1370; x_wconf 78' lang='grc' dir='ltr'><strong>ἵν’</strong></span> <span class='ocrx_word' id='word_1_183' title='bbox 3281 1316 3369 1387; x_wconf 76' lang='grc' dir='ltr'><strong>ἐφ’</strong></span> <span class='ocrx_word' id='word_1_184' title='bbox 3398 1309 3561 1390; x_wconf 78' lang='grc' dir='ltr'>ᾧπερ</span> 
     </span>
    </p>
   </div>
   <div class='ocr_carea' id='block_1_28' title="bbox 1967 1406 3563 1481">
    <p class='ocr_par' dir='ltr' id='par_1_28' title="bbox 1967 1406 3563 1481">
     <span class='ocr_line' id='line_1_28' title="bbox 1967 1406 3563 1481; baseline 0 -20"><span class='ocrx_word' id='word_1_185' title='bbox 1967 1407 2192 1478; x_wconf 76' lang='grc' dir='ltr'>ἐποίησε</span> <span class='ocrx_word' id='word_1_186' title='bbox 2219 1407 2310 1461; x_wconf 76' lang='grc' dir='ltr'>τὸν</span> <span class='ocrx_word' id='word_1_187' title='bbox 2337 1407 2650 1481; x_wconf 78' lang='grc' dir='ltr'>ἄνθρωπον,</span> <span class='ocrx_word' id='word_1_188' title='bbox 2671 1407 2838 1462; x_wconf 87' lang='grc' dir='ltr'>πάλιν</span> <span class='ocrx_word' id='word_1_189' title='bbox 2860 1406 3010 1480; x_wconf 77' lang='grc' dir='ltr'>αὐτῷ</span> <span class='ocrx_word' id='word_1_190' title='bbox 3029 1407 3345 1480; x_wconf 75' lang='grc' dir='ltr'>χαρίσηταιο</span> <span class='ocrx_word' id='word_1_191' title='bbox 3375 1408 3563 1478; x_wconf 75' lang='grc' dir='ltr'>εποίη-</span> 
     </span>
    </p>
   </div>
   <div class='ocr_carea' id='block_1_29' title="bbox 1969 1497 3562 1571">
    <p class='ocr_par' dir='ltr' id='par_1_29' title="bbox 1969 1497 3562 1571">
     <span class='ocr_line' id='line_1_29' title="bbox 1969 1497 3562 1571; baseline 0 -19"><span class='ocrx_word' id='word_1_192' title='bbox 1969 1514 2029 1552; x_wconf 89' lang='grc' dir='ltr'><strong>σε</strong></span> <span class='ocrx_word' id='word_1_193' title='bbox 2062 1497 2172 1571; x_wconf 87' lang='grc' dir='ltr'><strong>γὰρ</strong></span> <span class='ocrx_word' id='word_1_194' title='bbox 2201 1497 2365 1554; x_wconf 78' lang='grc' dir='ltr'>αὐτὸν</span> <span class='ocrx_word' id='word_1_195' title='bbox 2389 1498 2508 1553; x_wconf 83' lang='grc' dir='ltr'>κατ’</span> <span class='ocrx_word' id='word_1_196' title='bbox 2532 1498 2715 1554; x_wconf 77' lang='grc' dir='ltr'><strong>εἰκόνα</strong></span> <span class='ocrx_word' id='word_1_197' title='bbox 2732 1498 2948 1566; x_wconf 79' lang='grc' dir='ltr'>ἑαυτοῦ,</span> <span class='ocrx_word' id='word_1_198' title='bbox 2977 1499 3162 1570; x_wconf 79' lang='grc' dir='ltr'>νοερὸν</span> <span class='ocrx_word' id='word_1_199' title='bbox 3179 1499 3276 1553; x_wconf 79' lang='grc' dir='ltr'>καὶ</span> <span class='ocrx_word' id='word_1_200' title='bbox 3296 1498 3562 1564; x_wconf 82' lang='grc' dir='ltr'>αὐτεξού-</span> 
     </span>
    </p>
   </div>
   <div class='ocr_carea' id='block_1_30' title="bbox 1967 1591 3564 1664">
    <p class='ocr_par' dir='ltr' id='par_1_30' title="bbox 1967 1591 3564 1664">
     <span class='ocr_line' id='line_1_30' title="bbox 1967 1591 3564 1664; baseline 0 -18"><span class='ocrx_word' id='word_1_201' title='bbox 1967 1609 2104 1659; x_wconf 90' lang='grc' dir='ltr'>σιον,</span> <span class='ocrx_word' id='word_1_202' title='bbox 2135 1592 2231 1647; x_wconf 74' lang='grc' dir='ltr'>καὶ</span> <span class='ocrx_word' id='word_1_203' title='bbox 2261 1591 2384 1646; x_wconf 85' lang='grc' dir='ltr'>καθ’</span> <span class='ocrx_word' id='word_1_204' title='bbox 2413 1591 2696 1664; x_wconf 80' lang='grc' dir='ltr'>ὁμοίωσιν,</span> <span class='ocrx_word' id='word_1_205' title='bbox 2718 1593 2839 1664; x_wconf 77' lang='grc' dir='ltr'>ἦτοι</span> <span class='ocrx_word' id='word_1_206' title='bbox 2875 1593 2933 1646; x_wconf 82' lang='grc' dir='ltr'>ὲν</span> <span class='ocrx_word' id='word_1_207' title='bbox 2967 1595 3190 1664; x_wconf 81' lang='grc' dir='ltr'><strong>ἀρεταῖς</strong></span> <span class='ocrx_word' id='word_1_208' title='bbox 3221 1592 3447 1658; x_wconf 80' lang='grc' dir='ltr'>τέλειον,</span> <span class='ocrx_word' id='word_1_209' title='bbox 3483 1592 3564 1657; x_wconf 82' lang='grc' dir='ltr'><strong>ὡς</strong></span> 
     </span>
    </p>
   </div>
   <div class='ocr_carea' id='block_1_31' title="bbox 1967 1675 3565 1756">
    <p class='ocr_par' dir='ltr' id='par_1_31' title="bbox 1967 1675 3565 1756">
     <span class='ocr_line' id='line_1_31' title="bbox 1967 1675 3565 1756; baseline -0.001 -18"><span class='ocrx_word' id='word_1_210' title='bbox 1967 1683 2188 1755; x_wconf 74' lang='grc' dir='ltr'>ἐφικτὸν</span> <span class='ocrx_word' id='word_1_211' title='bbox 2220 1683 2513 1755; x_wconf 85' lang='grc' dir='ltr'>ἀνθρώπου</span> <span class='ocrx_word' id='word_1_212' title='bbox 2543 1684 2701 1756; x_wconf 83' lang='grc' dir='ltr'>φύσει</span> <span class='ocrx_word' id='word_1_213' title='bbox 2718 1703 2732 1716; x_wconf 89' lang='grc'><strong>·</strong></span> <span class='ocrx_word' id='word_1_214' title='bbox 2760 1675 2924 1738; x_wconf 73' lang='grc' dir='ltr'>αὗται</span> <span class='ocrx_word' id='word_1_215' title='bbox 2947 1685 3057 1756; x_wconf 82' lang='grc' dir='ltr'><strong>γὰρ</strong></span> <span class='ocrx_word' id='word_1_216' title='bbox 3082 1685 3248 1737; x_wconf 72' lang='grc' dir='ltr'>οίονεὶ</span> <span class='ocrx_word' id='word_1_217' title='bbox 3275 1685 3565 1755; x_wconf 75' lang='grc' dir='ltr'>χαρακτῆ-</span> 
     </span>
    </p>
   </div>
   <div class='ocr_carea' id='block_1_32' title="bbox 1966 1775 3565 1848">
    <p class='ocr_par' dir='ltr' id='par_1_32' title="bbox 1966 1775 3565 1848">
     <span class='ocr_line' id='line_1_32' title="bbox 1966 1775 3565 1848; baseline -0.001 -19"><span class='ocrx_word' id='word_1_218' title='bbox 1966 1792 2058 1848; x_wconf 89' lang='grc' dir='ltr'><strong>ρες</strong></span> <span class='ocrx_word' id='word_1_219' title='bbox 2082 1775 2183 1847; x_wconf 86' lang='grc' dir='ltr'><strong>τῆς</strong></span> <span class='ocrx_word' id='word_1_220' title='bbox 2209 1775 2362 1839; x_wconf 80' lang='grc' dir='ltr'><strong>Θείας</strong></span> <span class='ocrx_word' id='word_1_221' title='bbox 2387 1775 2694 1847; x_wconf 85' lang='grc' dir='ltr'>ὑπάρχουσι</span> <span class='ocrx_word' id='word_1_222' title='bbox 2725 1775 2961 1846; x_wconf 81' lang='grc' dir='ltr'>φύσεως,</span> <span class='ocrx_word' id='word_1_223' title='bbox 3009 1777 3069 1830; x_wconf 78' lang='grc' dir='ltr'>τὸ</span> <span class='ocrx_word' id='word_1_224' title='bbox 3104 1777 3431 1848; x_wconf 80' lang='grc' dir='ltr'><strong>ἀμέριμνον,</strong></span> <span class='ocrx_word' id='word_1_225' title='bbox 3465 1777 3565 1828; x_wconf 79' lang='grc' dir='ltr'>καὶ</span> 
     </span>
    </p>
   </div>
   <div class='ocr_carea' id='block_1_33' title="bbox 278 1861 1865 1942">
    <p class='ocr_par' dir='ltr' id='par_1_33' title="bbox 278 1861 1865 1935">
     <span class='ocr_line' id='line_1_33' title="bbox 278 1861 1865 1935; baseline 0.003 -20"><span class='ocrx_word' id='word_1_226' title='bbox 278 1861 526 1918; x_wconf 88' lang='lat' dir='ltr'><strong>tudinem</strong></span> <span class='ocrx_word' id='word_1_227' title='bbox 561 1877 743 1929; x_wconf 89' lang='lat' dir='ltr'><strong>suam,</strong></span> <span class='ocrx_word' id='word_1_228' title='bbox 788 1864 840 1919; x_wconf 95' lang='lat' dir='ltr'><strong>id</strong></span> <span class='ocrx_word' id='word_1_229' title='bbox 876 1871 982 1930; x_wconf 91' lang='lat' dir='ltr'><strong>est,</strong></span> <span class='ocrx_word' id='word_1_230' title='bbox 1030 1864 1183 1919; x_wconf 91' lang='lat' dir='ltr'><strong>omni</strong></span> <span class='ocrx_word' id='word_1_231' title='bbox 1220 1864 1490 1919; x_wconf 88' lang='lat' dir='ltr'><strong>virtutum</strong></span> <span class='ocrx_word' id='word_1_232' title='bbox 1517 1880 1715 1934; x_wconf 84' lang='lat' dir='ltr'><strong>genere</strong></span> <span class='ocrx_word' id='word_1_233' title='bbox 1745 1880 1865 1935; x_wconf 90' lang='lat' dir='ltr'><strong>per-</strong></span> 
     </span>
    </p>
   </div>
   <div class='ocr_carea' id='block_1_34' title="bbox 1975 1861 3561 1942">
    <p class='ocr_par' dir='ltr' id='par_1_34' title="bbox 1975 1867 3561 1942">
     <span class='ocr_line' id='line_1_34' title="bbox 1975 1867 3561 1942; baseline -0.001 -20"><span class='ocrx_word' id='word_1_234' title='bbox 1975 1869 2406 1941; x_wconf 81' lang='grc' dir='ltr'>άπερίσπαστον,</span> <span class='ocrx_word' id='word_1_235' title='bbox 2443 1871 2538 1924; x_wconf 73' lang='grc' dir='ltr'>καὶ</span> <span class='ocrx_word' id='word_1_236' title='bbox 2563 1869 2843 1942; x_wconf 78' lang='grc' dir='ltr'><strong>ἀκέραιον,</strong></span> <span class='ocrx_word' id='word_1_237' title='bbox 2897 1869 2960 1923; x_wconf 81' lang='grc' dir='ltr'>τὸ</span> <span class='ocrx_word' id='word_1_238' title='bbox 3010 1867 3235 1938; x_wconf 75' lang='grc' dir='ltr'>ἀγαθὸν,</span> <span class='ocrx_word' id='word_1_239' title='bbox 3265 1869 3328 1921; x_wconf 78' lang='grc' dir='ltr'>τὸ</span> <span class='ocrx_word' id='word_1_240' title='bbox 3367 1869 3561 1937; x_wconf 58' lang='grc' dir='ltr'>σοφὰν,</span> 
     </span>
    </p>
   </div>
   <div class='ocr_carea' id='block_1_35' title="bbox 276 1955 1868 2028">
    <p class='ocr_par' dir='ltr' id='par_1_35' title="bbox 276 1955 1868 2028">
     <span class='ocr_line' id='line_1_35' title="bbox 276 1955 1868 2028; baseline 0.001 -17"><span class='ocrx_word' id='word_1_241' title='bbox 276 1955 506 2024; x_wconf 83' lang='lat' dir='ltr'><strong>fectum,</strong></span> <span class='ocrx_word' id='word_1_242' title='bbox 541 1965 809 2027; x_wconf 87' lang='lat' dir='ltr'><strong>quantum</strong></span> <span class='ocrx_word' id='word_1_243' title='bbox 838 1959 1060 2028; x_wconf 87' lang='lat' dir='ltr'><strong>quidem</strong></span> <span class='ocrx_word' id='word_1_244' title='bbox 1112 1958 1368 2013; x_wconf 76' lang='lat' dir='ltr'><strong>humana:</strong></span> <span class='ocrx_word' id='word_1_245' title='bbox 1426 1965 1636 2013; x_wconf 84' lang='lat' dir='ltr'><strong>naturae</strong></span> <span class='ocrx_word' id='word_1_246' title='bbox 1668 1972 1868 2013; x_wconf 84' lang='lat' dir='ltr'><strong>conse-</strong></span> 
     </span>
    </p>
   </div>
   <div class='ocr_carea' id='block_1_36' title="bbox 276 2047 1867 2122">
    <p class='ocr_par' dir='ltr' id='par_1_36' title="bbox 276 2047 1867 2122">
     <span class='ocr_line' id='line_1_36' title="bbox 276 2047 1867 2122; baseline 0.003 -22"><span class='ocrx_word' id='word_1_247' title='bbox 276 2047 371 2119; x_wconf 86' lang='lat' dir='ltr'><strong>qui</strong></span> <span class='ocrx_word' id='word_1_248' title='bbox 406 2048 596 2104; x_wconf 80' lang='lat' dir='ltr'><strong>datum</strong></span> <span class='ocrx_word' id='word_1_249' title='bbox 620 2057 789 2106; x_wconf 88' lang='lat' dir='ltr'><strong>esset.</strong></span> <span class='ocrx_word' id='word_1_250' title='bbox 843 2048 939 2105; x_wconf 77' lang='lat' dir='ltr'><strong>liae</strong></span> <span class='ocrx_word' id='word_1_251' title='bbox 969 2050 1170 2122; x_wconf 88' lang='lat' dir='ltr'><strong>quippe</strong></span> <span class='ocrx_word' id='word_1_252' title='bbox 1216 2050 1416 2106; x_wconf 74' lang='lat' dir='ltr'><strong>divina:</strong></span> <span class='ocrx_word' id='word_1_253' title='bbox 1457 2058 1668 2105; x_wconf 70' lang='lat' dir='ltr'><strong>naturae</strong></span> <span class='ocrx_word' id='word_1_254' title='bbox 1698 2050 1867 2106; x_wconf 86' lang='lat' dir='ltr'><strong>veluti</strong></span> 
     </span>
    </p>
   </div>
   <div class='ocr_carea' id='block_1_37' title="bbox 279 2143 1868 2214">
    <p class='ocr_par' dir='ltr' id='par_1_37' title="bbox 279 2143 1868 2214">
     <span class='ocr_line' id='line_1_37' title="bbox 279 2143 1868 2214; baseline -0.001 -17"><span class='ocrx_word' id='word_1_255' title='bbox 279 2151 418 2198; x_wconf 76' lang='lat' dir='ltr'><strong>notae</strong></span> <span class='ocrx_word' id='word_1_256' title='bbox 444 2149 594 2207; x_wconf 88' lang='lat' dir='ltr'><strong>sunt,</strong></span> <span class='ocrx_word' id='word_1_257' title='bbox 625 2158 822 2214; x_wconf 89' lang='lat' dir='ltr'><strong>nempe</strong></span> <span class='ocrx_word' id='word_1_258' title='bbox 851 2158 980 2207; x_wconf 77' lang='lat' dir='ltr'><strong>cura</strong></span> <span class='ocrx_word' id='word_1_259' title='bbox 1015 2159 1077 2200; x_wconf 89' lang='lat' dir='ltr'><strong>ac</strong></span> <span class='ocrx_word' id='word_1_260' title='bbox 1095 2143 1466 2200; x_wconf 84' lang='lat' dir='ltr'><strong>sollicitudine</strong></span> <span class='ocrx_word' id='word_1_261' title='bbox 1489 2158 1705 2209; x_wconf 80' lang='lat' dir='ltr'><strong>vacare,</strong></span> <span class='ocrx_word' id='word_1_262' title='bbox 1735 2143 1868 2198; x_wconf 91' lang='lat' dir='ltr'><strong>sim-</strong></span> 
     </span>
    </p>
   </div>
   <div class='ocr_carea' id='block_1_38' title="bbox 277 2233 1866 2308">
    <p class='ocr_par' dir='ltr' id='par_1_38' title="bbox 277 2233 1866 2308">
     <span class='ocr_line' id='line_1_38' title="bbox 277 2233 1866 2308; baseline 0.003 -21"><span class='ocrx_word' id='word_1_263' title='bbox 277 2233 541 2302; x_wconf 84' lang='lat' dir='ltr'><strong>plicitate,</strong></span> <span class='ocrx_word' id='word_1_264' title='bbox 597 2235 882 2303; x_wconf 89' lang='lat' dir='ltr'><strong>bonitate,</strong></span> <span class='ocrx_word' id='word_1_265' title='bbox 917 2237 1187 2308; x_wconf 86' lang='lat' dir='ltr'><strong>sapientia</strong></span> <span class='ocrx_word' id='word_1_266' title='bbox 1252 2245 1306 2293; x_wconf 89' lang='lat' dir='ltr'><strong>et</strong></span> <span class='ocrx_word' id='word_1_267' title='bbox 1359 2236 1580 2307; x_wconf 76' lang='lat' dir='ltr'><strong>iustitia</strong></span> <span class='ocrx_word' id='word_1_268' title='bbox 1635 2237 1866 2307; x_wconf 86' lang='lat' dir='ltr'><strong>pollere,</strong></span> 
     </span>
    </p>
   </div>
   <div class='ocr_carea' id='block_1_39' title="bbox 279 2329 1867 2400">
    <p class='ocr_par' dir='ltr' id='par_1_39' title="bbox 279 2329 1867 2400">
     <span class='ocr_line' id='line_1_39' title="bbox 279 2329 1867 2400; baseline 0.002 -17"><span class='ocrx_word' id='word_1_269' title='bbox 279 2338 447 2400; x_wconf 85' lang='lat' dir='ltr'><strong>atque</strong></span> <span class='ocrx_word' id='word_1_270' title='bbox 481 2329 550 2385; x_wconf 88' lang='lat' dir='ltr'><strong>ab</strong></span> <span class='ocrx_word' id='word_1_271' title='bbox 583 2330 732 2384; x_wconf 89' lang='lat' dir='ltr'><strong>omni</strong></span> <span class='ocrx_word' id='word_1_272' title='bbox 775 2331 911 2386; x_wconf 89' lang='lat' dir='ltr'><strong>vitio</strong></span> <span class='ocrx_word' id='word_1_273' title='bbox 946 2331 1180 2386; x_wconf 88' lang='lat' dir='ltr'><strong>liberum</strong></span> <span class='ocrx_word' id='word_1_274' title='bbox 1215 2346 1360 2388; x_wconf 86' lang='lat' dir='ltr'><strong>esse.</strong></span> <span class='ocrx_word' id='word_1_275' title='bbox 1398 2329 1570 2385; x_wconf 87' lang='lat' dir='ltr'><strong>Porro</strong></span> <span class='ocrx_word' id='word_1_276' title='bbox 1592 2344 1716 2384; x_wconf 92' lang='lat' dir='ltr'><strong>cum</strong></span> <span class='ocrx_word' id='word_1_277' title='bbox 1766 2329 1867 2386; x_wconf 91' lang='lat' dir='ltr'><strong>ho-</strong></span> 
     </span>
    </p>
   </div>
   <div class='ocr_carea' id='block_1_40' title="bbox 279 2420 1868 2492">
    <p class='ocr_par' dir='ltr' id='par_1_40' title="bbox 279 2420 1868 2492">
     <span class='ocr_line' id='line_1_40' title="bbox 279 2420 1868 2492; baseline 0 -18"><span class='ocrx_word' id='word_1_278' title='bbox 279 2422 480 2476; x_wconf 87' lang='lat' dir='ltr'><strong>minem</strong></span> <span class='ocrx_word' id='word_1_279' title='bbox 517 2421 570 2475; x_wconf 91' lang='lat' dir='ltr'><strong>in</strong></span> <span class='ocrx_word' id='word_1_280' title='bbox 595 2436 663 2477; x_wconf 89' lang='lat' dir='ltr'><strong>eo</strong></span> <span class='ocrx_word' id='word_1_281' title='bbox 685 2431 830 2479; x_wconf 88' lang='lat' dir='ltr'><strong>statu</strong></span> <span class='ocrx_word' id='word_1_282' title='bbox 868 2422 1267 2488; x_wconf 83' lang='lat' dir='ltr'><strong>constituisset,</strong></span> <span class='ocrx_word' id='word_1_283' title='bbox 1295 2432 1356 2477; x_wconf 89' lang='lat' dir='ltr'><strong>ut</strong></span> <span class='ocrx_word' id='word_1_284' title='bbox 1401 2438 1459 2478; x_wconf 89' lang='lat' dir='ltr'><strong>se</strong></span> <span class='ocrx_word' id='word_1_285' title='bbox 1483 2420 1588 2492; x_wconf 87' lang='lat' dir='ltr'><strong>ipsi</strong></span> <span class='ocrx_word' id='word_1_286' title='bbox 1619 2434 1868 2476; x_wconf 82' lang='lat' dir='ltr'><strong>commu-</strong></span> 
     </span>
    </p>
   </div>
   <div class='ocr_carea' id='block_1_41' title="bbox 279 2508 1866 2580">
    <p class='ocr_par' dir='ltr' id='par_1_41' title="bbox 279 2508 1866 2580">
     <span class='ocr_line' id='line_1_41' title="bbox 279 2508 1866 2580; baseline -0.002 -16"><span class='ocrx_word' id='word_1_287' title='bbox 279 2510 517 2580; x_wconf 88' lang='lat' dir='ltr'><strong>nicaret,</strong></span> <span class='ocrx_word' id='word_1_288' title='bbox 541 2527 658 2566; x_wconf 86' lang='lat' dir='ltr'><strong>eum</strong></span> <span class='ocrx_word' id='word_1_289' title='bbox 679 2512 872 2566; x_wconf 87' lang='lat' dir='ltr'><strong>etenim</strong></span> <span class='ocrx_word' id='word_1_290' title='bbox 895 2511 941 2544; x_wconf 81' lang='lat'><strong>&quot;</strong></span> <span class='ocrx_word' id='word_1_291' title='bbox 966 2511 1252 2580; x_wconf 78' lang='lat' dir='ltr'><strong>fecerat,ut</strong></span> <span class='ocrx_word' id='word_1_292' title='bbox 1275 2511 1588 2580; x_wconf 74' lang='lat' dir='ltr'><strong>corruptela:</strong></span> <span class='ocrx_word' id='word_1_293' title='bbox 1605 2508 1866 2564; x_wconf 77' lang='lat' dir='ltr'><strong>obnoxius</strong></span> 
     </span>
    </p>
   </div>
   <div class='ocr_carea' id='block_1_42' title="bbox 279 2600 1867 2674">
    <p class='ocr_par' dir='ltr' id='par_1_42' title="bbox 279 2600 1867 2674">
     <span class='ocr_line' id='line_1_42' title="bbox 279 2600 1867 2674; baseline -0.003 -18"><span class='ocrx_word' id='word_1_294' title='bbox 279 2618 384 2657; x_wconf 87' lang='lat' dir='ltr'><strong>non</strong></span> <span class='ocrx_word' id='word_1_295' title='bbox 407 2611 561 2668; x_wconf 77' lang='lat' dir='ltr'><strong>esset,</strong></span> <span class='ocrx_word' id='word_1_296' title='bbox 604 2618 702 2674; x_wconf 90' lang='lat' dir='ltr'><strong>per</strong></span> <span class='ocrx_word' id='word_1_297' title='bbox 731 2603 817 2659; x_wconf 92' lang='lat' dir='ltr'><strong>sui</strong></span> <span class='ocrx_word' id='word_1_298' title='bbox 863 2602 1427 2664; x_wconf 85' lang='lat' dir='ltr'><strong>communicationem</strong></span> <span class='ocrx_word' id='word_1_299' title='bbox 1473 2601 1538 2656; x_wconf 89' lang='lat' dir='ltr'><strong>ad</strong></span> <span class='ocrx_word' id='word_1_300' title='bbox 1610 2600 1867 2654; x_wconf 89' lang='lat' dir='ltr'><strong>incorru-</strong></span> 
     </span>
    </p>
   </div>
   <div class='ocr_carea' id='block_1_43' title="bbox 279 2695 1866 2766">
    <p class='ocr_par' dir='ltr' id='par_1_43' title="bbox 279 2695 1866 2766">
     <span class='ocr_line' id='line_1_43' title="bbox 279 2695 1866 2766; baseline -0.004 -16"><span class='ocrx_word' id='word_1_301' title='bbox 279 2697 526 2766; x_wconf 90' lang='lat' dir='ltr'><strong>ptionem</strong></span> <span class='ocrx_word' id='word_1_302' title='bbox 554 2712 678 2752; x_wconf 91' lang='lat' dir='ltr'><strong>eum</strong></span> <span class='ocrx_word' id='word_1_303' title='bbox 711 2695 1073 2757; x_wconf 84' lang='lat' dir='ltr'><strong>subvehebat.</strong></span> <span class='ocrx_word' id='word_1_304' title='bbox 1091 2695 1360 2762; x_wconf 85' lang='lat' dir='ltr'><strong>Quoniam</strong></span> <span class='ocrx_word' id='word_1_305' title='bbox 1381 2701 1560 2748; x_wconf 91' lang='lat' dir='ltr'><strong>autem</strong></span> <span class='ocrx_word' id='word_1_306' title='bbox 1585 2707 1680 2761; x_wconf 87' lang='lat' dir='ltr'><strong>per</strong></span> <span class='ocrx_word' id='word_1_307' title='bbox 1707 2705 1866 2745; x_wconf 89' lang='lat' dir='ltr'><strong>man-</strong></span> 
     </span>
    </p>
   </div>
   <div class='ocr_carea' id='block_1_44' title="bbox 278 2779 1864 2858">
    <p class='ocr_par' dir='ltr' id='par_1_44' title="bbox 278 2779 1864 2858">
     <span class='ocr_line' id='line_1_44' title="bbox 278 2779 1864 2858; baseline -0.006 -16"><span class='ocrx_word' id='word_1_308' title='bbox 278 2788 392 2842; x_wconf 86' lang='lat' dir='ltr'><strong>dati</strong></span> <span class='ocrx_word' id='word_1_309' title='bbox 425 2787 778 2843; x_wconf 82' lang='lat' dir='ltr'><strong>violationem</strong></span> <span class='ocrx_word' id='word_1_310' title='bbox 819 2785 1080 2858; x_wconf 83' lang='lat' dir='ltr'><strong>imaginis</strong></span> <span class='ocrx_word' id='word_1_311' title='bbox 1122 2785 1325 2841; x_wconf 71' lang='lat' dir='ltr'><strong>divina:</strong></span> <span class='ocrx_word' id='word_1_312' title='bbox 1350 2782 1612 2838; x_wconf 87' lang='lat' dir='ltr'><strong>ductibus</strong></span> <span class='ocrx_word' id='word_1_313' title='bbox 1643 2789 1696 2837; x_wconf 90' lang='lat' dir='ltr'><strong>et</strong></span> <span class='ocrx_word' id='word_1_314' title='bbox 1733 2779 1864 2835; x_wconf 87' lang='lat' dir='ltr'><strong>cha-</strong></span> 
     </span>
    </p>
   </div>
   <div class='ocr_carea' id='block_1_45' title="bbox 281 2872 1866 2940">
    <p class='ocr_par' dir='ltr' id='par_1_45' title="bbox 281 2872 1866 2940">
     <span class='ocr_line' id='line_1_45' title="bbox 281 2872 1866 2940; baseline -0.005 -8"><span class='ocrx_word' id='word_1_315' title='bbox 281 2878 590 2933; x_wconf 85' lang='lat' dir='ltr'><strong>racteribns</strong></span> <span class='ocrx_word' id='word_1_316' title='bbox 613 2877 926 2933; x_wconf 87' lang='lat' dir='ltr'><strong>obscuratis</strong></span> <span class='ocrx_word' id='word_1_317' title='bbox 973 2891 1037 2932; x_wconf 92' lang='lat' dir='ltr'><strong>ac</strong></span> <span class='ocrx_word' id='word_1_318' title='bbox 1067 2876 1286 2940; x_wconf 84' lang='lat' dir='ltr'><strong>deletis,</strong></span> <span class='ocrx_word' id='word_1_319' title='bbox 1354 2875 1408 2929; x_wconf 89' lang='lat' dir='ltr'><strong>in</strong></span> <span class='ocrx_word' id='word_1_320' title='bbox 1444 2872 1707 2928; x_wconf 86' lang='lat' dir='ltr'><strong>malitiam</strong></span> <span class='ocrx_word' id='word_1_321' title='bbox 1739 2885 1866 2939; x_wconf 89' lang='lat' dir='ltr'><strong>pro-</strong></span> 
     </span>
    </p>
   </div>
   <div class='ocr_carea' id='block_1_46' title="bbox 280 2960 1866 3035">
    <p class='ocr_par' dir='ltr' id='par_1_46' title="bbox 280 2960 1866 3035">
     <span class='ocr_line' id='line_1_46' title="bbox 280 2960 1866 3035; baseline -0.006 -11"><span class='ocrx_word' id='word_1_322' title='bbox 280 2969 480 3035; x_wconf 82' lang='lat' dir='ltr'><strong>voluti,</strong></span> <span class='ocrx_word' id='word_1_323' title='bbox 506 2969 694 3025; x_wconf 89' lang='lat' dir='ltr'><strong>divina</strong></span> <span class='ocrx_word' id='word_1_324' title='bbox 730 2968 1235 3026; x_wconf 86' lang='lat' dir='ltr'><strong>communicatione</strong></span> <span class='ocrx_word' id='word_1_325' title='bbox 1256 2966 1686 3029; x_wconf 82' lang='lat' dir='ltr'><strong>orbatisumus:</strong></span> <span class='ocrx_word' id='word_1_326' title='bbox 1722 2960 1866 3015; x_wconf 84' lang='lat' dir='ltr'><strong>Nam</strong></span> 
     </span>
    </p>
   </div>
   <div class='ocr_carea' id='block_1_47' title="bbox 280 3054 1867 3132">
    <p class='ocr_par' dir='ltr' id='par_1_47' title="bbox 280 3054 1867 3132">
     <span class='ocr_line' id='line_1_47' title="bbox 280 3054 1867 3132; baseline -0.004 -16"><span class='ocrx_word' id='word_1_327' title='bbox 280 3079 397 3132; x_wconf 76' lang='lat' dir='ltr'><strong>qua:</strong></span> <span class='ocrx_word' id='word_1_328' title='bbox 429 3063 652 3118; x_wconf 78' lang='lat' dir='ltr'><strong>societas</strong></span> <span class='ocrx_word' id='word_1_329' title='bbox 690 3063 794 3117; x_wconf 83' lang='lat' dir='ltr'><strong>luci</strong></span> <span class='ocrx_word' id='word_1_330' title='bbox 826 3063 896 3117; x_wconf 85' lang='lat' dir='ltr'><strong>ad</strong></span> <span class='ocrx_word' id='word_1_331' title='bbox 925 3062 1164 3118; x_wconf 80' lang='lat' dir='ltr'><strong>tenebras</strong></span> <span class='ocrx_word' id='word_1_332' title='bbox 1193 3060 1264 3114; x_wconf 67' lang='lat'><strong>’9?</strong></span> <span class='ocrx_word' id='word_1_333' title='bbox 1291 3067 1455 3130; x_wconf 88' lang='lat' dir='ltr'><strong>atque</strong></span> <span class='ocrx_word' id='word_1_334' title='bbox 1486 3073 1514 3112; x_wconf 88' lang='lat' dir='ltr'><strong>a</strong></span> <span class='ocrx_word' id='word_1_335' title='bbox 1547 3057 1656 3111; x_wconf 90' lang='lat' dir='ltr'><strong>vita</strong></span> <span class='ocrx_word' id='word_1_336' title='bbox 1687 3054 1867 3111; x_wconf 83' lang='lat' dir='ltr'><strong>exclu-</strong></span> 
     </span>
    </p>
   </div>
   <div class='ocr_carea' id='block_1_48' title="bbox 282 3150 1862 3221">
    <p class='ocr_par' dir='ltr' id='par_1_48' title="bbox 282 3150 1862 3221">
     <span class='ocr_line' id='line_1_48' title="bbox 282 3150 1862 3221; baseline -0.006 -11"><span class='ocrx_word' id='word_1_337' title='bbox 282 3154 351 3220; x_wconf 88' lang='lat' dir='ltr'><strong>si,</strong></span> <span class='ocrx_word' id='word_1_338' title='bbox 374 3153 429 3209; x_wconf 91' lang='lat' dir='ltr'><strong>in</strong></span> <span class='ocrx_word' id='word_1_339' title='bbox 456 3155 652 3210; x_wconf 91' lang='lat' dir='ltr'><strong>mortis</strong></span> <span class='ocrx_word' id='word_1_340' title='bbox 677 3154 960 3209; x_wconf 84' lang='lat' dir='ltr'><strong>interitum</strong></span> <span class='ocrx_word' id='word_1_341' title='bbox 986 3153 1305 3209; x_wconf 87' lang='lat' dir='ltr'><strong>incidimus:</strong></span> <span class='ocrx_word' id='word_1_342' title='bbox 1325 3150 1862 3221; x_wconf 91' lang='lat' dir='ltr'><strong>quoniam,inquam,</strong></span> 
     </span>
    </p>
   </div>
   <div class='ocr_carea' id='block_1_49' title="bbox 1970 1959 3564 2033">
    <p class='ocr_par' dir='ltr' id='par_1_49' title="bbox 1970 1959 3564 2033">
     <span class='ocr_line' id='line_1_49' title="bbox 1970 1959 3564 2033; baseline -0.001 -19"><span class='ocrx_word' id='word_1_343' title='bbox 1970 1960 2030 2014; x_wconf 71' lang='grc' dir='ltr'>τὸ</span> <span class='ocrx_word' id='word_1_344' title='bbox 2055 1960 2283 2027; x_wconf 88' lang='grc' dir='ltr'>δίκαιον,</span> <span class='ocrx_word' id='word_1_345' title='bbox 2312 1961 2375 2015; x_wconf 77' lang='grc' dir='ltr'>τὸ</span> <span class='ocrx_word' id='word_1_346' title='bbox 2400 1961 2582 2033; x_wconf 83' lang='grc' dir='ltr'>πάσης</span> <span class='ocrx_word' id='word_1_347' title='bbox 2611 1959 2814 2024; x_wconf 77' lang='grc' dir='ltr'>κακίας</span> <span class='ocrx_word' id='word_1_348' title='bbox 2838 1959 3142 2032; x_wconf 76' lang='grc' dir='ltr'>ἐλεύθερον.</span> <span class='ocrx_word' id='word_1_349' title='bbox 3186 1959 3277 2012; x_wconf 85' lang='grc' dir='ltr'>Ἑν</span> <span class='ocrx_word' id='word_1_350' title='bbox 3302 1961 3564 2030; x_wconf 69' lang='grc' dir='ltr'>κοινωνία</span> 
     </span>
    </p>
   </div>
   <div class='ocr_carea' id='block_1_50' title="bbox 1973 2048 3566 2125">
    <p class='ocr_par' dir='ltr' id='par_1_50' title="bbox 1973 2048 3566 2125">
     <span class='ocr_line' id='line_1_50' title="bbox 1973 2048 3566 2125; baseline -0.001 -19"><span class='ocrx_word' id='word_1_351' title='bbox 1973 2053 2075 2124; x_wconf 80' lang='grc' dir='ltr'>μὲν</span> <span class='ocrx_word' id='word_1_352' title='bbox 2135 2048 2230 2107; x_wconf 79' lang='grc' dir='ltr'><strong>οὖν</strong></span> <span class='ocrx_word' id='word_1_353' title='bbox 2285 2053 2482 2107; x_wconf 80' lang='grc' dir='ltr'>ἑαυτοῦ</span> <span class='ocrx_word' id='word_1_354' title='bbox 2541 2053 2896 2125; x_wconf 85' lang='grc' dir='ltr'>καταστήσας</span> <span class='ocrx_word' id='word_1_355' title='bbox 2957 2051 3049 2106; x_wconf 82' lang='grc' dir='ltr'>τὸν</span> <span class='ocrx_word' id='word_1_356' title='bbox 3108 2050 3396 2123; x_wconf 85' lang='grc' dir='ltr'>ἄνθρωπον</span> <span class='ocrx_word' id='word_1_357' title='bbox 3447 2051 3566 2121; x_wconf 78' lang='grc' dir='ltr'>(ἐπ’</span> 
     </span>
    </p>
   </div>
   <div class='ocr_carea' id='block_1_51' title="bbox 1969 2143 3560 2218">
    <p class='ocr_par' dir='ltr' id='par_1_51' title="bbox 1969 2143 3560 2218">
     <span class='ocr_line' id='line_1_51' title="bbox 1969 2143 3560 2218; baseline -0.002 -18"><span class='ocrx_word' id='word_1_358' title='bbox 1969 2145 2254 2218; x_wconf 81' lang='grc' dir='ltr'>ἀφθαρσίᾳ</span> <span class='ocrx_word' id='word_1_359' title='bbox 2313 2145 2341 2188; x_wconf 71' lang='grc'><strong><em>⁸</em></strong></span> <span class='ocrx_word' id='word_1_360' title='bbox 2395 2147 2502 2218; x_wconf 83' lang='grc' dir='ltr'>γὰρ</span> <span class='ocrx_word' id='word_1_361' title='bbox 2557 2145 2748 2200; x_wconf 77' lang='grc' dir='ltr'>τοῦτον</span> <span class='ocrx_word' id='word_1_362' title='bbox 2781 2145 3027 2216; x_wconf 79' lang='grc' dir='ltr'>ἐποίησε,</span> <span class='ocrx_word' id='word_1_363' title='bbox 3088 2143 3176 2197; x_wconf 78' lang='grc' dir='ltr'><strong>διὰ</strong></span> <span class='ocrx_word' id='word_1_364' title='bbox 3204 2146 3306 2216; x_wconf 81' lang='grc' dir='ltr'>τῆς</span> <span class='ocrx_word' id='word_1_365' title='bbox 3361 2144 3560 2198; x_wconf 79' lang='grc' dir='ltr'>ἑαυτοῦ</span> 
     </span>
    </p>
   </div>
   <div class='ocr_carea' id='block_1_52' title="bbox 1969 2232 3565 2307">
    <p class='ocr_par' dir='ltr' id='par_1_52' title="bbox 1969 2232 3565 2307">
     <span class='ocr_line' id='line_1_52' title="bbox 1969 2232 3565 2307; baseline -0.001 -20"><span class='ocrx_word' id='word_1_366' title='bbox 1969 2235 2259 2298; x_wconf 71' lang='grc' dir='ltr'>κοινωνίας</span> <span class='ocrx_word' id='word_1_367' title='bbox 2287 2235 2564 2307; x_wconf 83' lang='grc' dir='ltr'><strong>ἀνήγαγεν</strong></span> <span class='ocrx_word' id='word_1_368' title='bbox 2590 2234 2752 2289; x_wconf 83' lang='grc' dir='ltr'>αὑτὸν</span> <span class='ocrx_word' id='word_1_369' title='bbox 2794 2233 2930 2306; x_wconf 75' lang='grc' dir='ltr'>πρὸς</span> <span class='ocrx_word' id='word_1_370' title='bbox 2951 2233 3010 2286; x_wconf 84' lang='grc' dir='ltr'>τὸ</span> <span class='ocrx_word' id='word_1_371' title='bbox 3037 2232 3335 2305; x_wconf 79' lang='grc' dir='ltr'>ἄφθαρτον)</span> <span class='ocrx_word' id='word_1_372' title='bbox 3361 2251 3374 2264; x_wconf 74' lang='grc' dir='ltr'><strong>ο</strong></span> <span class='ocrx_word' id='word_1_373' title='bbox 3408 2235 3565 2286; x_wconf 79' lang='grc' dir='ltr'>ἐπει-</span> 
     </span>
    </p>
   </div>
   <div class='ocr_carea' id='block_1_53' title="bbox 1967 2324 3564 2401">
    <p class='ocr_par' dir='ltr' id='par_1_53' title="bbox 1967 2324 3564 2401">
     <span class='ocr_line' id='line_1_53' title="bbox 1967 2324 3564 2401; baseline -0.003 -19"><span class='ocrx_word' id='word_1_374' title='bbox 1967 2327 2033 2401; x_wconf 82' lang='grc' dir='ltr'>δὴ</span> <span class='ocrx_word' id='word_1_375' title='bbox 2065 2327 2162 2382; x_wconf 74' lang='grc' dir='ltr'><strong>καὶ</strong></span> <span class='ocrx_word' id='word_1_376' title='bbox 2212 2326 2298 2382; x_wconf 73' lang='grc' dir='ltr'><strong>διὰ</strong></span> <span class='ocrx_word' id='word_1_377' title='bbox 2351 2328 2454 2398; x_wconf 85' lang='grc' dir='ltr'>τῆς</span> <span class='ocrx_word' id='word_1_378' title='bbox 2486 2326 2850 2399; x_wconf 85' lang='grc' dir='ltr'>παραϐάσεως</span> <span class='ocrx_word' id='word_1_379' title='bbox 2900 2326 2999 2396; x_wconf 81' lang='grc' dir='ltr'><strong>τῆς</strong></span> <span class='ocrx_word' id='word_1_380' title='bbox 3047 2325 3266 2396; x_wconf 75' lang='grc' dir='ltr'>ἐντολῆς</span> <span class='ocrx_word' id='word_1_381' title='bbox 3295 2324 3424 2389; x_wconf 78' lang='grc' dir='ltr'>τοὺς</span> <span class='ocrx_word' id='word_1_382' title='bbox 3455 2325 3564 2396; x_wconf 81' lang='grc' dir='ltr'>τῆς</span> 
     </span>
    </p>
   </div>
   <div class='ocr_carea' id='block_1_54' title="bbox 1969 2417 3564 2490">
    <p class='ocr_par' dir='ltr' id='par_1_54' title="bbox 1969 2417 3564 2490">
     <span class='ocr_line' id='line_1_54' title="bbox 1969 2417 3564 2490; baseline 0 -18"><span class='ocrx_word' id='word_1_383' title='bbox 1969 2418 2122 2482; x_wconf 86' lang='grc' dir='ltr'>θείας</span> <span class='ocrx_word' id='word_1_384' title='bbox 2151 2418 2360 2482; x_wconf 81' lang='grc' dir='ltr'>εἰκόνος</span> <span class='ocrx_word' id='word_1_385' title='bbox 2385 2419 2747 2490; x_wconf 77' lang='grc' dir='ltr'>χαρακτῆρας</span> <span class='ocrx_word' id='word_1_386' title='bbox 2801 2417 3167 2490; x_wconf 78' lang='grc' dir='ltr'>ὲξεφώσαμέν</span> <span class='ocrx_word' id='word_1_387' title='bbox 3189 2435 3247 2470; x_wconf 90' lang='grc' dir='ltr'><strong>τε</strong></span> <span class='ocrx_word' id='word_1_388' title='bbox 3296 2417 3392 2471; x_wconf 70' lang='grc' dir='ltr'><strong>καί</strong></span> <span class='ocrx_word' id='word_1_389' title='bbox 3432 2435 3564 2472; x_wconf 72' lang='lat' dir='ltr'><strong>aw-</strong></span> 
     </span>
    </p>
   </div>
   <div class='ocr_carea' id='block_1_55' title="bbox 1968 2506 3563 2580">
    <p class='ocr_par' dir='ltr' id='par_1_55' title="bbox 1968 2506 3563 2580">
     <span class='ocr_line' id='line_1_55' title="bbox 1968 2506 3563 2580; baseline -0.001 -18"><span class='ocrx_word' id='word_1_390' title='bbox 1968 2509 2225 2580; x_wconf 83' lang='grc' dir='ltr'>εχέαμεν,</span> <span class='ocrx_word' id='word_1_391' title='bbox 2252 2509 2348 2562; x_wconf 76' lang='grc' dir='ltr'>καὶ</span> <span class='ocrx_word' id='word_1_392' title='bbox 2373 2511 2430 2562; x_wconf 83' lang='grc' dir='ltr'>ὲν</span> <span class='ocrx_word' id='word_1_393' title='bbox 2457 2507 2628 2578; x_wconf 80' lang='grc' dir='ltr'>κακίᾳ</span> <span class='ocrx_word' id='word_1_394' title='bbox 2643 2507 3062 2578; x_wconf 84' lang='grc' dir='ltr'>γενόμενοι,τῆς</span> <span class='ocrx_word' id='word_1_395' title='bbox 3092 2506 3242 2570; x_wconf 85' lang='grc' dir='ltr'>θείας</span> <span class='ocrx_word' id='word_1_396' title='bbox 3267 2507 3563 2571; x_wconf 86' lang='grc' dir='ltr'>κοινωνίας</span> 
     </span>
    </p>
   </div>
   <div class='ocr_carea' id='block_1_56' title="bbox 1969 2596 3562 2669">
    <p class='ocr_par' dir='ltr' id='par_1_56' title="bbox 1969 2596 3562 2669">
     <span class='ocr_line' id='line_1_56' title="bbox 1969 2596 3562 2669; baseline 0.001 -17"><span class='ocrx_word' id='word_1_397' title='bbox 1969 2597 2400 2669; x_wconf 77' lang='grc' dir='ltr'>ἑγυμνώθημεν·</span> <span class='ocrx_word' id='word_1_398' title='bbox 2429 2598 2526 2663; x_wconf 81' lang='grc' dir='ltr'>Τίς</span> <span class='ocrx_word' id='word_1_399' title='bbox 2545 2598 2655 2666; x_wconf 72' lang='grc' dir='ltr'>γὰρ</span> <span class='ocrx_word' id='word_1_400' title='bbox 2679 2597 2977 2666; x_wconf 76' lang='grc' dir='ltr'>μετουσία</span> <span class='ocrx_word' id='word_1_401' title='bbox 3010 2596 3154 2668; x_wconf 70' lang='grc' dir='ltr'>φωτὶ</span> <span class='ocrx_word' id='word_1_402' title='bbox 3181 2599 3208 2638; x_wconf 79' lang='grc' dir='ltr'>ιι</span> <span class='ocrx_word' id='word_1_403' title='bbox 3228 2598 3378 2666; x_wconf 75' lang='grc' dir='ltr'>πρὸς</span> <span class='ocrx_word' id='word_1_404' title='bbox 3407 2601 3562 2653; x_wconf 73' lang='grc' dir='ltr'>σκό-</span> 
     </span>
    </p>
   </div>
   <div class='ocr_carea' id='block_1_57' title="bbox 1965 2683 3561 2757">
    <p class='ocr_par' dir='ltr' id='par_1_57' title="bbox 1965 2683 3561 2757">
     <span class='ocr_line' id='line_1_57' title="bbox 1965 2683 3561 2757; baseline 0.002 -19"><span class='ocrx_word' id='word_1_405' title='bbox 1965 2700 2110 2750; x_wconf 79' lang='grc' dir='ltr'>τος;</span> <span class='ocrx_word' id='word_1_406' title='bbox 2143 2684 2240 2737; x_wconf 79' lang='grc' dir='ltr'>καὶ</span> <span class='ocrx_word' id='word_1_407' title='bbox 2274 2683 2380 2748; x_wconf 73' lang='grc' dir='ltr'><strong>ἔξω</strong></span> <span class='ocrx_word' id='word_1_408' title='bbox 2430 2684 2531 2754; x_wconf 84' lang='grc' dir='ltr'>τῆς</span> <span class='ocrx_word' id='word_1_409' title='bbox 2563 2683 2708 2756; x_wconf 81' lang='grc' dir='ltr'>ζωῆς</span> <span class='ocrx_word' id='word_1_410' title='bbox 2755 2686 3058 2756; x_wconf 86' lang='grc' dir='ltr'>γενόμενοι,</span> <span class='ocrx_word' id='word_1_411' title='bbox 3087 2689 3154 2757; x_wconf 80' lang='grc' dir='ltr'><strong>τῇ</strong></span> <span class='ocrx_word' id='word_1_412' title='bbox 3189 2685 3284 2740; x_wconf 77' lang='grc' dir='ltr'>τοῦ</span> <span class='ocrx_word' id='word_1_413' title='bbox 3318 2686 3561 2741; x_wconf 77' lang='grc' dir='ltr'>Θανάτου</span> 
     </span>
    </p>
   </div>
   <div class='ocr_carea' id='block_1_58' title="bbox 1968 2776 3561 2848">
    <p class='ocr_par' dir='ltr' id='par_1_58' title="bbox 1968 2776 3561 2848">
     <span class='ocr_line' id='line_1_58' title="bbox 1968 2776 3561 2848; baseline 0.001 -17"><span class='ocrx_word' id='word_1_414' title='bbox 1968 2776 2148 2847; x_wconf 75' lang='grc' dir='ltr'>φθορᾷ</span> <span class='ocrx_word' id='word_1_415' title='bbox 2176 2776 2528 2845; x_wconf 79' lang='grc' dir='ltr'>ὑπεπέσομεν</span> <span class='ocrx_word' id='word_1_416' title='bbox 2567 2778 2584 2817; x_wconf 77' lang='grc' dir='ltr'><strong>ἱ</strong></span> <span class='ocrx_word' id='word_1_417' title='bbox 2611 2791 2628 2806; x_wconf 71' lang='grc' dir='ltr'><strong>ο</strong></span> <span class='ocrx_word' id='word_1_418' title='bbox 2655 2776 2842 2848; x_wconf 73' lang='grc' dir='ltr'>ἐπειδὴ</span> <span class='ocrx_word' id='word_1_419' title='bbox 2872 2777 3145 2847; x_wconf 77' lang='grc' dir='ltr'>μετέδωκε</span> <span class='ocrx_word' id='word_1_420' title='bbox 3179 2778 3274 2832; x_wconf 80' lang='grc' dir='ltr'><strong>τοῦ</strong></span> <span class='ocrx_word' id='word_1_421' title='bbox 3306 2778 3561 2848; x_wconf 79' lang='grc' dir='ltr'>κρείττο-</span> 
     </span>
    </p>
   </div>
   <div class='ocr_carea' id='block_1_59' title="bbox 1968 2867 3561 2941">
    <p class='ocr_par' dir='ltr' id='par_1_59' title="bbox 1968 2867 3561 2941">
     <span class='ocr_line' id='line_1_59' title="bbox 1968 2867 3561 2941; baseline 0.001 -19"><span class='ocrx_word' id='word_1_422' title='bbox 1968 2883 2079 2935; x_wconf 91' lang='grc' dir='ltr'>νος,</span> <span class='ocrx_word' id='word_1_423' title='bbox 2106 2867 2204 2921; x_wconf 79' lang='grc' dir='ltr'>καὶ</span> <span class='ocrx_word' id='word_1_424' title='bbox 2223 2867 2323 2920; x_wconf 85' lang='grc' dir='ltr'>οὐκ</span> <span class='ocrx_word' id='word_1_425' title='bbox 2346 2867 2714 2938; x_wconf 82' lang='grc' dir='ltr'>ὲφυλάξαμεν,</span> <span class='ocrx_word' id='word_1_426' title='bbox 2740 2867 3264 2940; x_wconf 82' lang='grc' dir='ltr'>μεταλαμϐάνειτοῦ</span> <span class='ocrx_word' id='word_1_427' title='bbox 3288 2871 3561 2941; x_wconf 81' lang='grc' dir='ltr'>χείρονος,</span> 
     </span>
    </p>
   </div>
   <div class='ocr_carea' id='block_1_60' title="bbox 1968 2957 3566 3030">
    <p class='ocr_par' dir='ltr' id='par_1_60' title="bbox 1968 2957 3566 3030">
     <span class='ocr_line' id='line_1_60' title="bbox 1968 2957 3566 3030; baseline 0.004 -20"><span class='ocrx_word' id='word_1_428' title='bbox 1968 2958 2067 3028; x_wconf 75' lang='grc' dir='ltr'>τῆς</span> <span class='ocrx_word' id='word_1_429' title='bbox 2099 2957 2377 3030; x_wconf 80' lang='grc' dir='ltr'>ἡμετέρας</span> <span class='ocrx_word' id='word_1_430' title='bbox 2405 2957 2549 3027; x_wconf 78' lang='grc' dir='ltr'>λέγω</span> <span class='ocrx_word' id='word_1_431' title='bbox 2595 2958 2834 3029; x_wconf 81' lang='grc' dir='ltr'>φύσεως,</span> <span class='ocrx_word' id='word_1_432' title='bbox 2875 2958 2967 3013; x_wconf 84' lang='grc' dir='ltr'>ἵνα</span> <span class='ocrx_word' id='word_1_433' title='bbox 3015 2959 3084 3014; x_wconf 71' lang='grc' dir='ltr'>δι’</span> <span class='ocrx_word' id='word_1_434' title='bbox 3134 2961 3332 3015; x_wconf 82' lang='grc' dir='ltr'>ἑαυτοῦ</span> <span class='ocrx_word' id='word_1_435' title='bbox 3375 2963 3472 3016; x_wconf 72' lang='grc' dir='ltr'>καὶ</span> <span class='ocrx_word' id='word_1_436' title='bbox 3503 2965 3566 3018; x_wconf 80' lang='grc' dir='ltr'>ὲν</span> 
     </span>
    </p>
   </div>
   <div class='ocr_carea' id='block_1_61' title="bbox 1969 3048 3560 3120">
    <p class='ocr_par' dir='ltr' id='par_1_61' title="bbox 1969 3048 3560 3120">
     <span class='ocr_line' id='line_1_61' title="bbox 1969 3048 3560 3120; baseline 0.003 -18"><span class='ocrx_word' id='word_1_437' title='bbox 1969 3048 2152 3119; x_wconf 79' lang='grc' dir='ltr'>ἑαυτῷ</span> <span class='ocrx_word' id='word_1_438' title='bbox 2189 3049 2522 3120; x_wconf 79' lang='grc' dir='ltr'>άνακαινίση</span> <span class='ocrx_word' id='word_1_439' title='bbox 2582 3049 2682 3118; x_wconf 84' lang='grc' dir='ltr'>μὲν</span> <span class='ocrx_word' id='word_1_440' title='bbox 2737 3053 2798 3102; x_wconf 73' lang='grc' dir='ltr'>τὸ</span> <span class='ocrx_word' id='word_1_441' title='bbox 2837 3050 2959 3104; x_wconf 86' lang='grc' dir='ltr'>κατ’</span> <span class='ocrx_word' id='word_1_442' title='bbox 3018 3050 3229 3115; x_wconf 85' lang='grc' dir='ltr'>είκόνα,</span> <span class='ocrx_word' id='word_1_443' title='bbox 3284 3051 3380 3106; x_wconf 68' lang='grc' dir='ltr'>καὶ</span> <span class='ocrx_word' id='word_1_444' title='bbox 3427 3053 3560 3107; x_wconf 78' lang='grc' dir='ltr'>καθ’</span> 
     </span>
    </p>
   </div>
   <div class='ocr_carea' id='block_1_62' title="bbox 1968 3140 3566 3214">
    <p class='ocr_par' dir='ltr' id='par_1_62' title="bbox 1968 3140 3566 3214">
     <span class='ocr_line' id='line_1_62' title="bbox 1968 3140 3566 3214; baseline 0.001 -19"><span class='ocrx_word' id='word_1_445' title='bbox 1968 3141 2252 3210; x_wconf 85' lang='grc' dir='ltr'>ὁμοίωσιν,</span> <span class='ocrx_word' id='word_1_446' title='bbox 2300 3140 2488 3212; x_wconf 79' lang='grc' dir='ltr'><strong>διδάξῃ</strong></span> <span class='ocrx_word' id='word_1_447' title='bbox 2523 3141 2581 3193; x_wconf 80' lang='grc' dir='ltr'>δὲ</span> <span class='ocrx_word' id='word_1_448' title='bbox 2630 3140 2724 3195; x_wconf 81' lang='grc' dir='ltr'>καὶ</span> <span class='ocrx_word' id='word_1_449' title='bbox 2778 3142 2928 3212; x_wconf 81' lang='grc' dir='ltr'>ἡμᾶς</span> <span class='ocrx_word' id='word_1_450' title='bbox 2957 3141 3058 3211; x_wconf 82' lang='grc' dir='ltr'>τὴν</span> <span class='ocrx_word' id='word_1_451' title='bbox 3101 3143 3360 3214; x_wconf 67' lang='grc' dir='ltr'>ἐνάρετον</span> <span class='ocrx_word' id='word_1_452' title='bbox 3403 3144 3566 3197; x_wconf 79' lang='grc' dir='ltr'>πολι-</span> 
     </span>
    </p>
   </div>
   <div class='ocr_carea' id='block_1_63' title="bbox 283 3229 1865 3318">
    <p class='ocr_par' dir='ltr' id='par_1_63' title="bbox 283 3243 1863 3318">
     <span class='ocr_line' id='line_1_63' title="bbox 283 3243 1863 3318; baseline -0.007 -15"><span class='ocrx_word' id='word_1_453' title='bbox 283 3249 637 3316; x_wconf 73' lang='grc' dir='ltr'>ιητεειιιηιίιιε</span> <span class='ocrx_word' id='word_1_454' title='bbox 690 3247 858 3312; x_wconf 87' lang='lat' dir='ltr'><strong>illud,</strong></span> <span class='ocrx_word' id='word_1_455' title='bbox 928 3248 1076 3318; x_wconf 89' lang='lat' dir='ltr'><strong>quod</strong></span> <span class='ocrx_word' id='word_1_456' title='bbox 1136 3246 1298 3301; x_wconf 89' lang='lat' dir='ltr'><strong>nobis</strong></span> <span class='ocrx_word' id='word_1_457' title='bbox 1352 3243 1670 3313; x_wconf 88' lang='lat' dir='ltr'><strong>impertitus</strong></span> <span class='ocrx_word' id='word_1_458' title='bbox 1721 3247 1863 3304; x_wconf 87' lang='lat' dir='ltr'><strong>erat,</strong></span> 
     </span>
    </p>
   </div>
   <div class='ocr_carea' id='block_1_64' title="bbox 1975 3229 3560 3318">
    <p class='ocr_par' dir='ltr' id='par_1_64' title="bbox 1975 3229 3560 3303">
     <span class='ocr_line' id='line_1_64' title="bbox 1975 3229 3560 3303; baseline 0.001 -17"><span class='ocrx_word' id='word_1_459' title='bbox 1975 3233 2142 3299; x_wconf 84' lang='grc' dir='ltr'>τείαν,</span> <span class='ocrx_word' id='word_1_460' title='bbox 2173 3231 2382 3301; x_wconf 86' lang='grc' dir='ltr'>ταύτην</span> <span class='ocrx_word' id='word_1_461' title='bbox 2409 3231 2478 3284; x_wconf 81' lang='grc' dir='ltr'><strong>δι’</strong></span> <span class='ocrx_word' id='word_1_462' title='bbox 2507 3229 2705 3284; x_wconf 77' lang='grc' dir='ltr'>ἑαυτοῦ</span> <span class='ocrx_word' id='word_1_463' title='bbox 2731 3232 2965 3303; x_wconf 82' lang='grc' dir='ltr'>ποιήσας</span> <span class='ocrx_word' id='word_1_464' title='bbox 2991 3241 3005 3281; x_wconf 76' lang='grc' dir='ltr'><strong>ι</strong></span> <span class='ocrx_word' id='word_1_465' title='bbox 3037 3233 3172 3302; x_wconf 75' lang='grc' dir='ltr'>ἡμῖν</span> <span class='ocrx_word' id='word_1_466' title='bbox 3206 3233 3560 3302; x_wconf 80' lang='grc' dir='ltr'>εὐεπίϐατον,</span> 
     </span>
    </p>
   </div>
   <div class='ocr_carea' id='block_1_65' title="bbox 287 3330 1867 3404">
    <p class='ocr_par' dir='ltr' id='par_1_65' title="bbox 287 3330 1867 3404">
     <span class='ocr_line' id='line_1_65' title="bbox 287 3330 1867 3404; baseline -0.004 -15"><span class='ocrx_word' id='word_1_467' title='bbox 287 3337 512 3392; x_wconf 89' lang='lat' dir='ltr'><strong>minime</strong></span> <span class='ocrx_word' id='word_1_468' title='bbox 547 3337 987 3400; x_wconf 83' lang='lat' dir='ltr'><strong>custodivimus;</strong></span> <span class='ocrx_word' id='word_1_469' title='bbox 1037 3336 1249 3390; x_wconf 91' lang='lat' dir='ltr'><strong>idcirco</strong></span> <span class='ocrx_word' id='word_1_470' title='bbox 1280 3334 1403 3403; x_wconf 88' lang='lat' dir='ltr'><strong>ejus</strong></span> <span class='ocrx_word' id='word_1_471' title='bbox 1440 3333 1586 3404; x_wconf 85' lang='lat' dir='ltr'><strong>quod</strong></span> <span class='ocrx_word' id='word_1_472' title='bbox 1617 3330 1867 3386; x_wconf 81' lang='lat' dir='ltr'><strong>deteri-us</strong></span> 
     </span>
    </p>
   </div>
   <div class='ocr_carea' id='block_1_66' title="bbox 284 3424 1862 3495">
    <p class='ocr_par' dir='ltr' id='par_1_66' title="bbox 284 3424 1862 3495">
     <span class='ocr_line' id='line_1_66' title="bbox 284 3424 1862 3495; baseline -0.002 -15"><span class='ocrx_word' id='word_1_473' title='bbox 284 3435 388 3491; x_wconf 89' lang='lat' dir='ltr'><strong>est,</strong></span> <span class='ocrx_word' id='word_1_474' title='bbox 421 3433 624 3481; x_wconf 58' lang='lat' dir='ltr'><strong>nostra!</strong></span> <span class='ocrx_word' id='word_1_475' title='bbox 655 3427 869 3481; x_wconf 89' lang='lat' dir='ltr'><strong>scilicet</strong></span> <span class='ocrx_word' id='word_1_476' title='bbox 895 3434 1130 3490; x_wconf 68' lang='lat' dir='ltr'><strong>naturae,</strong></span> <span class='ocrx_word' id='word_1_477' title='bbox 1171 3426 1450 3495; x_wconf 83' lang='lat' dir='ltr'><strong>particeps</strong></span> <span class='ocrx_word' id='word_1_478' title='bbox 1489 3424 1608 3494; x_wconf 90' lang='lat' dir='ltr'><strong>ipse</strong></span> <span class='ocrx_word' id='word_1_479' title='bbox 1659 3425 1742 3487; x_wconf 87' lang='lat' dir='ltr'><strong>tit,</strong></span> <span class='ocrx_word' id='word_1_480' title='bbox 1800 3430 1862 3477; x_wconf 90' lang='lat' dir='ltr'><strong>ut</strong></span> 
     </span>
    </p>
   </div>
   <div class='ocr_carea' id='block_1_67' title="bbox 289 3517 1856 3588">
    <p class='ocr_par' dir='ltr' id='par_1_67' title="bbox 289 3517 1856 3588">
     <span class='ocr_line' id='line_1_67' title="bbox 289 3517 1856 3588; baseline 0.001 -20"><span class='ocrx_word' id='word_1_481' title='bbox 289 3533 381 3587; x_wconf 76' lang='lat' dir='ltr'><strong>per</strong></span> <span class='ocrx_word' id='word_1_482' title='bbox 413 3533 472 3572; x_wconf 90' lang='lat' dir='ltr'><strong>se</strong></span> <span class='ocrx_word' id='word_1_483' title='bbox 504 3517 724 3588; x_wconf 87' lang='lat' dir='ltr'><strong>quidem</strong></span> <span class='ocrx_word' id='word_1_484' title='bbox 759 3527 813 3573; x_wconf 90' lang='lat' dir='ltr'><strong>et</strong></span> <span class='ocrx_word' id='word_1_485' title='bbox 853 3519 907 3573; x_wconf 86' lang='lat' dir='ltr'><strong>in</strong></span> <span class='ocrx_word' id='word_1_486' title='bbox 942 3535 1001 3574; x_wconf 84' lang='lat' dir='ltr'><strong>se</strong></span> <span class='ocrx_word' id='word_1_487' title='bbox 1049 3518 1311 3588; x_wconf 81' lang='lat' dir='ltr'><strong>imaginis</strong></span> <span class='ocrx_word' id='word_1_488' title='bbox 1361 3517 1856 3586; x_wconf 89' lang='lat' dir='ltr'><strong>similitudinisque</strong></span> 
     </span>
    </p>
   </div>
   <div class='ocr_carea' id='block_1_68' title="bbox 285 3609 1866 3678">
    <p class='ocr_par' dir='ltr' id='par_1_68' title="bbox 285 3609 1866 3678">
     <span class='ocr_line' id='line_1_68' title="bbox 285 3609 1866 3678; baseline -0.001 -14"><span class='ocrx_word' id='word_1_489' title='bbox 285 3609 540 3666; x_wconf 88' lang='lat' dir='ltr'><strong>decorem</strong></span> <span class='ocrx_word' id='word_1_490' title='bbox 570 3611 886 3678; x_wconf 74' lang='lat' dir='ltr'><strong>instauret,</strong></span> <span class='ocrx_word' id='word_1_491' title='bbox 925 3625 1028 3668; x_wconf 86' lang='lat' dir='ltr'><strong>nos</strong></span> <span class='ocrx_word' id='word_1_492' title='bbox 1081 3625 1216 3668; x_wconf 87' lang='lat' dir='ltr'><strong>vero</strong></span> <span class='ocrx_word' id='word_1_493' title='bbox 1257 3611 1563 3666; x_wconf 83' lang='lat' dir='ltr'><strong>virtutibus</strong></span> <span class='ocrx_word' id='word_1_494' title='bbox 1614 3615 1866 3664; x_wconf 78' lang='lat' dir='ltr'><strong>ornatam</strong></span> 
     </span>
    </p>
   </div>
   <div class='ocr_carea' id='block_1_69' title="bbox 287 3698 1868 3773">
    <p class='ocr_par' dir='ltr' id='par_1_69' title="bbox 287 3698 1868 3773">
     <span class='ocr_line' id='line_1_69' title="bbox 287 3698 1868 3773; baseline -0.001 -20"><span class='ocrx_word' id='word_1_495' title='bbox 287 3700 510 3772; x_wconf 68' lang='lat' dir='ltr'><strong>agendae</strong></span> <span class='ocrx_word' id='word_1_496' title='bbox 541 3701 666 3756; x_wconf 83' lang='lat' dir='ltr'><strong>vitae</strong></span> <span class='ocrx_word' id='word_1_497' title='bbox 689 3701 983 3766; x_wconf 90' lang='lat' dir='ltr'><strong>rationem,</strong></span> <span class='ocrx_word' id='word_1_498' title='bbox 1010 3717 1110 3773; x_wconf 88' lang='lat' dir='ltr'><strong>per</strong></span> <span class='ocrx_word' id='word_1_499' title='bbox 1155 3717 1215 3757; x_wconf 89' lang='lat' dir='ltr'><strong>se</strong></span> <span class='ocrx_word' id='word_1_500' title='bbox 1239 3700 1400 3756; x_wconf 87' lang='lat' dir='ltr'><strong>nobis</strong></span> <span class='ocrx_word' id='word_1_501' title='bbox 1447 3698 1608 3755; x_wconf 82' lang='lat' dir='ltr'><strong>facile</strong></span> <span class='ocrx_word' id='word_1_502' title='bbox 1662 3699 1729 3754; x_wconf 90' lang='lat' dir='ltr'><strong>ad</strong></span> <span class='ocrx_word' id='word_1_503' title='bbox 1750 3714 1868 3754; x_wconf 87' lang='lat' dir='ltr'><strong>eam</strong></span> 
     </span>
    </p>
   </div>
   <div class='ocr_carea' id='block_1_70' title="bbox 288 3791 1869 3865">
    <p class='ocr_par' dir='ltr' id='par_1_70' title="bbox 288 3791 1869 3865">
     <span class='ocr_line' id='line_1_70' title="bbox 288 3791 1869 3865; baseline -0.001 -18"><span class='ocrx_word' id='word_1_504' title='bbox 288 3796 393 3850; x_wconf 86' lang='lat' dir='ltr'><strong>iter</strong></span> <span class='ocrx_word' id='word_1_505' title='bbox 428 3795 709 3862; x_wconf 88' lang='lat' dir='ltr'><strong>muniens,</strong></span> <span class='ocrx_word' id='word_1_506' title='bbox 748 3795 1001 3862; x_wconf 85' lang='lat' dir='ltr'><strong>edoceat,</strong></span> <span class='ocrx_word' id='word_1_507' title='bbox 1031 3811 1096 3852; x_wconf 86' lang='lat' dir='ltr'><strong>ac</strong></span> <span class='ocrx_word' id='word_1_508' title='bbox 1129 3810 1229 3865; x_wconf 83' lang='lat' dir='ltr'><strong>per</strong></span> <span class='ocrx_word' id='word_1_509' title='bbox 1262 3794 1384 3849; x_wconf 78' lang='lat' dir='ltr'><strong>vita:</strong></span> <span class='ocrx_word' id='word_1_510' title='bbox 1412 3791 1869 3850; x_wconf 85' lang='lat' dir='ltr'><strong>communicatio-</strong></span> 
     </span>
    </p>
   </div>
   <div class='ocr_carea' id='block_1_71' title="bbox 289 3881 1871 3971">
    <p class='ocr_par' dir='ltr' id='par_1_71' title="bbox 289 3881 1871 3971">
     <span class='ocr_line' id='line_1_71' title="bbox 289 3881 1871 3971; baseline -0.002 -33"><span class='ocrx_word' id='word_1_511' title='bbox 289 3901 410 3940; x_wconf 87' lang='lat' dir='ltr'><strong>nem</strong></span> <span class='ocrx_word' id='word_1_512' title='bbox 441 3886 509 3940; x_wconf 88' lang='lat' dir='ltr'><strong>ab</strong></span> <span class='ocrx_word' id='word_1_513' title='bbox 533 3885 759 3942; x_wconf 87' lang='lat' dir='ltr'><strong>interitu</strong></span> <span class='ocrx_word' id='word_1_514' title='bbox 805 3886 1071 3971; x_wconf 74' lang='lat' dir='ltr'><strong>vindicet,</strong></span> <span class='ocrx_word' id='word_1_515' title='bbox 1107 3885 1282 3940; x_wconf 81' lang='lat' dir='ltr'><strong>factus</strong></span> <span class='ocrx_word' id='word_1_516' title='bbox 1315 3885 1431 3954; x_wconf 90' lang='lat' dir='ltr'><strong>ipse</strong></span> <span class='ocrx_word' id='word_1_517' title='bbox 1480 3881 1741 3955; x_wconf 60' lang='lat' dir='ltr'><strong>primitiae</strong></span> <span class='ocrx_word' id='word_1_518' title='bbox 1769 3896 1871 3936; x_wconf 90' lang='lat' dir='ltr'><strong>no-</strong></span> 
     </span>
    </p>
   </div>
   <div class='ocr_carea' id='block_1_72' title="bbox 1974 3323 3561 3397">
    <p class='ocr_par' dir='ltr' id='par_1_72' title="bbox 1974 3323 3561 3397">
     <span class='ocr_line' id='line_1_72' title="bbox 1974 3323 3561 3397; baseline 0 -17"><span class='ocrx_word' id='word_1_519' title='bbox 1974 3326 2072 3380; x_wconf 80' lang='grc' dir='ltr'>καὶ</span> <span class='ocrx_word' id='word_1_520' title='bbox 2107 3327 2174 3397; x_wconf 75' lang='grc' dir='ltr'><strong>τῇ</strong></span> <span class='ocrx_word' id='word_1_521' title='bbox 2207 3325 2307 3395; x_wconf 82' lang='grc' dir='ltr'>τῆς</span> <span class='ocrx_word' id='word_1_522' title='bbox 2337 3324 2486 3396; x_wconf 81' lang='grc' dir='ltr'>ζωῆς</span> <span class='ocrx_word' id='word_1_523' title='bbox 2519 3324 2780 3395; x_wconf 77' lang='grc' dir='ltr'>κοινωνίᾳ</span> <span class='ocrx_word' id='word_1_524' title='bbox 2826 3323 3166 3396; x_wconf 69' lang='grc' dir='ltr'>ἐλευθερώσῃ</span> <span class='ocrx_word' id='word_1_525' title='bbox 3189 3325 3292 3397; x_wconf 80' lang='grc' dir='ltr'>τῆς</span> <span class='ocrx_word' id='word_1_526' title='bbox 3326 3325 3561 3397; x_wconf 75' lang='grc' dir='ltr'>φθορᾶς,</span> 
     </span>
    </p>
   </div>
   <div class='ocr_carea' id='block_1_73' title="bbox 1973 3415 3565 3488">
    <p class='ocr_par' dir='ltr' id='par_1_73' title="bbox 1973 3415 3565 3488">
     <span class='ocr_line' id='line_1_73' title="bbox 1973 3415 3565 3488; baseline 0 -18"><span class='ocrx_word' id='word_1_527' title='bbox 1973 3417 2200 3488; x_wconf 81' lang='grc' dir='ltr'>ἀπαρχὴ</span> <span class='ocrx_word' id='word_1_528' title='bbox 2257 3417 2551 3486; x_wconf 87' lang='grc' dir='ltr'>γενόμενος</span> <span class='ocrx_word' id='word_1_529' title='bbox 2607 3416 2706 3487; x_wconf 83' lang='grc' dir='ltr'>τῆς</span> <span class='ocrx_word' id='word_1_530' title='bbox 2755 3415 2916 3487; x_wconf 81' lang='grc' dir='ltr'>ἡμῶν</span> <span class='ocrx_word' id='word_1_531' title='bbox 2957 3415 3330 3481; x_wconf 79' lang='grc' dir='ltr'>ἀναστάσεως,</span> <span class='ocrx_word' id='word_1_532' title='bbox 3377 3418 3473 3470; x_wconf 75' lang='grc' dir='ltr'>καὶ</span> <span class='ocrx_word' id='word_1_533' title='bbox 3500 3417 3565 3470; x_wconf 74' lang='grc' dir='ltr'><strong>τὸ</strong></span> 
     </span>
    </p>
   </div>
   <div class='ocr_carea' id='block_1_74' title="bbox 1975 3505 3565 3580">
    <p class='ocr_par' dir='ltr' id='par_1_74' title="bbox 1975 3505 3565 3580">
     <span class='ocr_line' id='line_1_74' title="bbox 1975 3505 3565 3580; baseline 0 -18"><span class='ocrx_word' id='word_1_534' title='bbox 1975 3507 2279 3579; x_wconf 80' lang='grc' dir='ltr'>ἀχρειωθὲν</span> <span class='ocrx_word' id='word_1_535' title='bbox 2297 3507 2391 3562; x_wconf 77' lang='grc' dir='ltr'>καὶ</span> <span class='ocrx_word' id='word_1_536' title='bbox 2415 3506 2700 3579; x_wconf 78' lang='grc' dir='ltr'>συντριϐὲν</span> <span class='ocrx_word' id='word_1_537' title='bbox 2732 3505 2926 3572; x_wconf 80' lang='grc' dir='ltr'>σκεῦος</span> <span class='ocrx_word' id='word_1_538' title='bbox 2957 3508 3310 3580; x_wconf 82' lang='grc' dir='ltr'>ἁνακαινίσῃ,</span> <span class='ocrx_word' id='word_1_539' title='bbox 3345 3509 3432 3562; x_wconf 78' lang='grc' dir='ltr'>ἵνα</span> <span class='ocrx_word' id='word_1_540' title='bbox 3461 3509 3565 3579; x_wconf 84' lang='grc' dir='ltr'>τῆς</span> 
     </span>
    </p>
   </div>
   <div class='ocr_carea' id='block_1_75' title="bbox 1973 3599 3564 3674">
    <p class='ocr_par' dir='ltr' id='par_1_75' title="bbox 1973 3599 3564 3674">
     <span class='ocr_line' id='line_1_75' title="bbox 1973 3599 3564 3674; baseline 0 -18"><span class='ocrx_word' id='word_1_541' title='bbox 1973 3603 2297 3674; x_wconf 84' lang='grc' dir='ltr'>τυραννίδος</span> <span class='ocrx_word' id='word_1_542' title='bbox 2323 3601 2418 3657; x_wconf 81' lang='grc' dir='ltr'><strong>τοῦ</strong></span> <span class='ocrx_word' id='word_1_543' title='bbox 2455 3602 2707 3656; x_wconf 89' lang='grc' dir='ltr'>διαϐόλου</span> <span class='ocrx_word' id='word_1_544' title='bbox 2737 3600 3120 3674; x_wconf 85' lang='grc' dir='ltr'>λυτρώσηται,</span> <span class='ocrx_word' id='word_1_545' title='bbox 3153 3602 3293 3673; x_wconf 80' lang='grc' dir='ltr'>πρὸς</span> <span class='ocrx_word' id='word_1_546' title='bbox 3327 3599 3564 3670; x_wconf 75' lang='grc' dir='ltr'>θεογνω-</span> 
     </span>
    </p>
   </div>
   <div class='ocr_carea' id='block_1_76' title="bbox 1977 3692 3563 3766">
    <p class='ocr_par' dir='ltr' id='par_1_76' title="bbox 1977 3692 3563 3766">
     <span class='ocr_line' id='line_1_76' title="bbox 1977 3692 3563 3766; baseline 0 -19"><span class='ocrx_word' id='word_1_547' title='bbox 1977 3694 2100 3750; x_wconf 89' lang='grc' dir='ltr'>σίαν</span> <span class='ocrx_word' id='word_1_548' title='bbox 2131 3697 2281 3766; x_wconf 77' lang='grc' dir='ltr'>ἡμᾶς</span> <span class='ocrx_word' id='word_1_549' title='bbox 2318 3694 2581 3762; x_wconf 84' lang='grc' dir='ltr'>καλέσας,</span> <span class='ocrx_word' id='word_1_550' title='bbox 2614 3695 2710 3748; x_wconf 66' lang='grc' dir='ltr'>καὶ</span> <span class='ocrx_word' id='word_1_551' title='bbox 2735 3692 2985 3766; x_wconf 83' lang='grc' dir='ltr'>νευρώσῃ</span> <span class='ocrx_word' id='word_1_552' title='bbox 3009 3734 3025 3761; x_wconf 94' lang='grc'><strong>,</strong></span> <span class='ocrx_word' id='word_1_553' title='bbox 3056 3695 3150 3748; x_wconf 77' lang='grc' dir='ltr'>καὶ</span> <span class='ocrx_word' id='word_1_554' title='bbox 3185 3693 3453 3766; x_wconf 80' lang='grc' dir='ltr'>παιδεύσῃ</span> <span class='ocrx_word' id='word_1_555' title='bbox 3491 3693 3563 3747; x_wconf 86' lang='grc' dir='ltr'><strong>δι’</strong></span> 
     </span>
    </p>
   </div>
   <div class='ocr_carea' id='block_1_77' title="bbox 1977 3786 3560 3863">
    <p class='ocr_par' dir='ltr' id='par_1_77' title="bbox 1977 3786 3560 3863">
     <span class='ocr_line' id='line_1_77' title="bbox 1977 3786 3560 3863; baseline 0.003 -23"><span class='ocrx_word' id='word_1_556' title='bbox 1977 3786 2259 3858; x_wconf 78' lang='grc' dir='ltr'>ὑπομονῆς</span> <span class='ocrx_word' id='word_1_557' title='bbox 2293 3788 2388 3843; x_wconf 71' lang='grc' dir='ltr'><strong>καὶ</strong></span> <span class='ocrx_word' id='word_1_558' title='bbox 2415 3787 2801 3855; x_wconf 82' lang='grc' dir='ltr'>ταπεινώσεως</span> <span class='ocrx_word' id='word_1_559' title='bbox 2822 3791 3223 3846; x_wconf 82' lang='grc' dir='ltr'>καταπαλαίειν</span> <span class='ocrx_word' id='word_1_560' title='bbox 3244 3791 3336 3846; x_wconf 80' lang='grc' dir='ltr'>τὸν</span> <span class='ocrx_word' id='word_1_561' title='bbox 3361 3790 3560 3863; x_wconf 65' lang='lat' dir='ltr'><strong>stipav-</strong></span> 
     </span>
    </p>
   </div>
   <div class='ocr_carea' id='block_1_78' title="bbox 1976 3897 2084 3934">
    <p class='ocr_par' dir='ltr' id='par_1_78' title="bbox 1976 3897 2084 3934">
     <span class='ocr_line' id='line_1_78' title="bbox 1976 3897 2084 3934; baseline 0.009 -1"><span class='ocrx_word' id='word_1_562' title='bbox 1976 3897 2084 3934; x_wconf 90' lang='grc' dir='ltr'>νον.</span> 
     </span>
    </p>
   </div>
   <div class='ocr_carea' id='block_1_79' title="bbox 288 3968 3561 4047">
    <p class='ocr_par' dir='ltr' id='par_1_79' title="bbox 288 3968 3561 4047">
     <span class='ocr_line' id='line_1_79' title="bbox 288 3968 3561 4047; baseline 0.001 -17"><span class='ocrx_word' id='word_1_563' title='bbox 288 3985 420 4031; x_wconf 68' lang='lat' dir='ltr'><strong>atrae</strong></span> <span class='ocrx_word' id='word_1_564' title='bbox 441 3977 892 4040; x_wconf 82' lang='lat' dir='ltr'><strong>resurrectionis,</strong></span> <span class='ocrx_word' id='word_1_565' title='bbox 925 3968 1090 4047; x_wconf 84' lang='lat' dir='ltr'><strong>atque</strong></span> <span class='ocrx_word' id='word_1_566' title='bbox 1116 3975 1380 4044; x_wconf 80' lang='lat' dir='ltr'><strong>innovate</strong></span> <span class='ocrx_word' id='word_1_567' title='bbox 1408 3988 1542 4029; x_wconf 86' lang='lat' dir='ltr'><strong>vase</strong></span> <span class='ocrx_word' id='word_1_568' title='bbox 1593 3971 1741 4043; x_wconf 90' lang='lat' dir='ltr'><strong>quod</strong></span> <span class='ocrx_word' id='word_1_569' title='bbox 1775 3969 2045 4026; x_wconf 78' lang='lat' dir='ltr'><strong>obtritum</strong></span> <span class='ocrx_word' id='word_1_570' title='bbox 2114 3977 2169 4023; x_wconf 90' lang='lat' dir='ltr'><strong>et</strong></span> <span class='ocrx_word' id='word_1_571' title='bbox 2203 3969 2398 4026; x_wconf 86' lang='lat' dir='ltr'><strong>inutile</strong></span> <span class='ocrx_word' id='word_1_572' title='bbox 2459 3968 2735 4027; x_wconf 85' lang='lat' dir='ltr'><strong>redditum</strong></span> <span class='ocrx_word' id='word_1_573' title='bbox 2805 3971 3007 4042; x_wconf 77' lang='lat' dir='ltr'><strong>fuerat,</strong></span> <span class='ocrx_word' id='word_1_574' title='bbox 3081 3989 3183 4031; x_wconf 87' lang='lat' dir='ltr'><strong>nos</strong></span> <span class='ocrx_word' id='word_1_575' title='bbox 3236 3975 3460 4032; x_wconf 88' lang='lat' dir='ltr'><strong>demum</strong></span> <span class='ocrx_word' id='word_1_576' title='bbox 3493 3976 3561 4032; x_wconf 86' lang='lat' dir='ltr'><strong>ad</strong></span> 
     </span>
    </p>
   </div>
   <div class='ocr_carea' id='block_1_80' title="bbox 290 4064 3564 4141">
    <p class='ocr_par' dir='ltr' id='par_1_80' title="bbox 290 4064 3564 4141">
     <span class='ocr_line' id='line_1_80' title="bbox 290 4064 3564 4141; baseline -0.001 -15"><span class='ocrx_word' id='word_1_577' title='bbox 290 4072 375 4126; x_wconf 86' lang='lat' dir='ltr'><strong>sui</strong></span> <span class='ocrx_word' id='word_1_578' title='bbox 407 4071 778 4141; x_wconf 86' lang='lat' dir='ltr'><strong>cognitionem</strong></span> <span class='ocrx_word' id='word_1_579' title='bbox 823 4081 1057 4126; x_wconf 86' lang='lat' dir='ltr'><strong>vocante</strong></span> <span class='ocrx_word' id='word_1_580' title='bbox 1087 4067 1220 4134; x_wconf 88' lang='lat' dir='ltr'><strong>Deo,</strong></span> <span class='ocrx_word' id='word_1_581' title='bbox 1253 4084 1282 4123; x_wconf 90' lang='lat' dir='ltr'><strong>a</strong></span> <span class='ocrx_word' id='word_1_582' title='bbox 1317 4067 1526 4124; x_wconf 89' lang='lat' dir='ltr'><strong>diaboli</strong></span> <span class='ocrx_word' id='word_1_583' title='bbox 1585 4065 1880 4140; x_wconf 88' lang='lat' dir='ltr'><strong>tyrannide</strong></span> <span class='ocrx_word' id='word_1_584' title='bbox 1913 4072 2155 4137; x_wconf 89' lang='lat' dir='ltr'><strong>ereptos,</strong></span> <span class='ocrx_word' id='word_1_585' title='bbox 2207 4064 2558 4134; x_wconf 87' lang='lat' dir='ltr'><strong>corroboret,</strong></span> <span class='ocrx_word' id='word_1_586' title='bbox 2590 4077 2644 4123; x_wconf 92' lang='lat' dir='ltr'><strong>et</strong></span> <span class='ocrx_word' id='word_1_587' title='bbox 2687 4082 2786 4139; x_wconf 85' lang='lat' dir='ltr'><strong>per</strong></span> <span class='ocrx_word' id='word_1_588' title='bbox 2847 4069 3171 4140; x_wconf 79' lang='lat' dir='ltr'><strong>patientiam</strong></span> <span class='ocrx_word' id='word_1_589' title='bbox 3223 4075 3280 4125; x_wconf 87' lang='lat' dir='ltr'><strong>et</strong></span> <span class='ocrx_word' id='word_1_590' title='bbox 3335 4069 3564 4125; x_wconf 87' lang='lat' dir='ltr'><strong>humili-</strong></span> 
     </span>
    </p>
   </div>
   <div class='ocr_carea' id='block_1_81' title="bbox 289 4155 3128 4236">
    <p class='ocr_par' dir='ltr' id='par_1_81' title="bbox 289 4155 3128 4236">
     <span class='ocr_line' id='line_1_81' title="bbox 289 4155 3128 4236; baseline -0.003 -17"><span class='ocrx_word' id='word_1_591' title='bbox 289 4171 455 4219; x_wconf 80' lang='lat' dir='ltr'><strong>tatem</strong></span> <span class='ocrx_word' id='word_1_592' title='bbox 517 4162 588 4217; x_wconf 91' lang='lat' dir='ltr'><strong>ad</strong></span> <span class='ocrx_word' id='word_1_593' title='bbox 633 4162 1017 4236; x_wconf 79' lang='lat' dir='ltr'><strong>debellandum</strong></span> <span class='ocrx_word' id='word_1_594' title='bbox 1074 4161 1516 4230; x_wconf 88' lang='lat' dir='ltr'><strong>vincendumque</strong></span> <span class='ocrx_word' id='word_1_595' title='bbox 1563 4168 1861 4231; x_wconf 72' lang='lat' dir='ltr'><strong>tyrannum</strong></span> <span class='ocrx_word' id='word_1_596' title='bbox 1902 4155 2216 4216; x_wconf 75' lang='lat' dir='ltr'><strong>erudiat&quot;.</strong></span> <span class='ocrx_word' id='word_1_597' title='bbox 3119 4157 3128 4170; x_wconf 76' lang='grc'><strong><em>³</em></strong></span> 
     </span>
    </p>
   </div>
   <div class='ocr_carea' id='block_1_82' title="bbox 361 4256 1873 4328">
    <p class='ocr_par' dir='ltr' id='par_1_82' title="bbox 361 4256 1873 4328">
     <span class='ocr_line' id='line_1_82' title="bbox 361 4256 1873 4328; baseline -0.001 -16"><span class='ocrx_word' id='word_1_598' title='bbox 361 4257 495 4325; x_wconf 68' lang='lat' dir='ltr'><strong>Quae</strong></span> <span class='ocrx_word' id='word_1_599' title='bbox 561 4274 653 4327; x_wconf 77' lang='lat' dir='ltr'><strong>per</strong></span> <span class='ocrx_word' id='word_1_600' title='bbox 715 4260 1136 4313; x_wconf 70' lang='lat' dir='ltr'><strong>incarnationem</strong></span> <span class='ocrx_word' id='word_1_601' title='bbox 1191 4259 1434 4328; x_wconf 63' lang='lat' dir='ltr'><strong>praestita</strong></span> <span class='ocrx_word' id='word_1_602' title='bbox 1499 4258 1626 4313; x_wconf 85' lang='lat' dir='ltr'><strong>sint.</strong></span> <span class='ocrx_word' id='word_1_603' title='bbox 1681 4256 1873 4313; x_wconf 80' lang='lat' dir='ltr'><strong>Crucis</strong></span> 
     </span>
    </p>
   </div>
   <div class='ocr_carea' id='block_1_83' title="bbox 292 4349 1873 4420">
    <p class='ocr_par' dir='ltr' id='par_1_83' title="bbox 292 4349 1873 4420">
     <span class='ocr_line' id='line_1_83' title="bbox 292 4349 1873 4420; baseline -0.001 -16"><span class='ocrx_word' id='word_1_604' title='bbox 292 4349 492 4404; x_wconf 76' lang='lat' dir='ltr'><strong>Christi</strong></span> <span class='ocrx_word' id='word_1_605' title='bbox 548 4350 646 4404; x_wconf 84' lang='lat' dir='ltr'><strong>ais.</strong></span> <span class='ocrx_word' id='word_1_606' title='bbox 686 4349 835 4404; x_wconf 70' lang='lat' dir='ltr'><strong>Mors</strong></span> <span class='ocrx_word' id='word_1_607' title='bbox 861 4367 954 4420; x_wconf 83' lang='lat' dir='ltr'><strong>per</strong></span> <span class='ocrx_word' id='word_1_608' title='bbox 1017 4349 1222 4405; x_wconf 81' lang='lat' dir='ltr'><strong>Christi</strong></span> <span class='ocrx_word' id='word_1_609' title='bbox 1273 4365 1480 4404; x_wconf 83' lang='lat' dir='ltr'><strong>crucem</strong></span> <span class='ocrx_word' id='word_1_610' title='bbox 1539 4349 1723 4402; x_wconf 79' lang='lat' dir='ltr'><strong>utilior</strong></span> <span class='ocrx_word' id='word_1_611' title='bbox 1765 4349 1873 4402; x_wconf 83' lang='lat' dir='ltr'><strong>vita</strong></span> 
     </span>
    </p>
   </div>
   <div class='ocr_carea' id='block_1_84' title="bbox 292 4436 1872 4493">
    <p class='ocr_par' dir='ltr' id='par_1_84' title="bbox 292 4436 1872 4493">
     <span class='ocr_line' id='line_1_84' title="bbox 292 4436 1872 4493; baseline 0.001 -2"><span class='ocrx_word' id='word_1_612' title='bbox 292 4436 522 4492; x_wconf 83' lang='lat' dir='ltr'><strong>reddita.</strong></span> <span class='ocrx_word' id='word_1_613' title='bbox 563 4465 630 4476; x_wconf 83' lang='lat'><strong>——</strong></span> <span class='ocrx_word' id='word_1_614' title='bbox 667 4437 960 4493; x_wconf 85' lang='lat' dir='ltr'><strong>Enimvero</strong></span> <span class='ocrx_word' id='word_1_615' title='bbox 1019 4439 1201 4493; x_wconf 90' lang='lat' dir='ltr'><strong>cultus</strong></span> <span class='ocrx_word' id='word_1_616' title='bbox 1293 4442 1599 4493; x_wconf 67' lang='lat' dir='ltr'><strong>daemonum</strong></span> <span class='ocrx_word' id='word_1_617' title='bbox 1658 4437 1872 4493; x_wconf 87' lang='lat' dir='ltr'><strong>desiit:</strong></span> 
     </span>
    </p>
   </div>
   <div class='ocr_carea' id='block_1_85' title="bbox 2048 4253 3567 4329">
    <p class='ocr_par' dir='ltr' id='par_1_85' title="bbox 2048 4253 3567 4329">
     <span class='ocr_line' id='line_1_85' title="bbox 2048 4253 3567 4329; baseline 0.001 -21"><span class='ocrx_word' id='word_1_618' title='bbox 2048 4253 2334 4308; x_wconf 73' lang='grc' dir='ltr'>Πέπαυται</span> <span class='ocrx_word' id='word_1_619' title='bbox 2361 4254 2493 4323; x_wconf 79' lang='grc' dir='ltr'>γοῦν</span> <span class='ocrx_word' id='word_1_620' title='bbox 2515 4254 2550 4327; x_wconf 74' lang='grc' dir='ltr'>ἡ</span> <span class='ocrx_word' id='word_1_621' title='bbox 2575 4255 2687 4310; x_wconf 82' lang='grc' dir='ltr'><strong>τῶν</strong></span> <span class='ocrx_word' id='word_1_622' title='bbox 2702 4255 2975 4327; x_wconf 83' lang='grc' dir='ltr'>δαιμόνων</span> <span class='ocrx_word' id='word_1_623' title='bbox 3012 4254 3304 4329; x_wconf 78' lang='grc' dir='ltr'>θρησκεία,</span> <span class='ocrx_word' id='word_1_624' title='bbox 3326 4258 3360 4328; x_wconf 81' lang='grc' dir='ltr'>ἠ</span> <span class='ocrx_word' id='word_1_625' title='bbox 3388 4257 3567 4321; x_wconf 82' lang='grc' dir='ltr'>κτίσις</span> 
     </span>
    </p>
   </div>
   <div class='ocr_carea' id='block_1_86' title="bbox 1976 4346 3568 4420">
    <p class='ocr_par' dir='ltr' id='par_1_86' title="bbox 1976 4346 3568 4420">
     <span class='ocr_line' id='line_1_86' title="bbox 1976 4346 3568 4420; baseline 0.001 -20"><span class='ocrx_word' id='word_1_626' title='bbox 1976 4347 2056 4418; x_wconf 83' lang='grc' dir='ltr'>τῷ</span> <span class='ocrx_word' id='word_1_627' title='bbox 2087 4346 2216 4418; x_wconf 87' lang='grc' dir='ltr'>θείῳ</span> <span class='ocrx_word' id='word_1_628' title='bbox 2257 4347 2518 4417; x_wconf 81' lang='grc' dir='ltr'>ἡγίασται</span> <span class='ocrx_word' id='word_1_629' title='bbox 2573 4347 2789 4420; x_wconf 81' lang='grc' dir='ltr'>αἵματι,</span> <span class='ocrx_word' id='word_1_630' title='bbox 2829 4349 3007 4420; x_wconf 60' lang='grc' dir='ltr'>βωμοὶ</span> <span class='ocrx_word' id='word_1_631' title='bbox 3055 4350 3149 4403; x_wconf 81' lang='grc' dir='ltr'>καὶ</span> <span class='ocrx_word' id='word_1_632' title='bbox 3175 4350 3297 4404; x_wconf 66' lang='grc' dir='ltr'>ναοὶ</span> <span class='ocrx_word' id='word_1_633' title='bbox 3330 4349 3568 4402; x_wconf 74' lang='grc' dir='ltr'>εἰδώλων</span> 
     </span>
    </p>
   </div>
   <div class='ocr_carea' id='block_1_87' title="bbox 1977 4437 3570 4512">
    <p class='ocr_par' dir='ltr' id='par_1_87' title="bbox 1977 4437 3570 4512">
     <span class='ocr_line' id='line_1_87' title="bbox 1977 4437 3570 4512; baseline 0 -20"><span class='ocrx_word' id='word_1_634' title='bbox 1977 4437 2339 4510; x_wconf 82' lang='grc' dir='ltr'>καθῄρηνται,</span> <span class='ocrx_word' id='word_1_635' title='bbox 2365 4438 2669 4507; x_wconf 88' lang='grc' dir='ltr'>θεογνωσία</span> <span class='ocrx_word' id='word_1_636' title='bbox 2701 4440 3060 4510; x_wconf 81' lang='grc' dir='ltr'>πεφύτευται,</span> <span class='ocrx_word' id='word_1_637' title='bbox 3100 4442 3275 4512; x_wconf 83' lang='grc' dir='ltr'>Τριάς</span> <span class='ocrx_word' id='word_1_638' title='bbox 3307 4441 3570 4512; x_wconf 74' lang='grc' dir='ltr'>ήὸμοού-</span> 
     </span>
    </p>
   </div>
   <div class='ocr_carea' id='block_1_88' title="bbox 291 4528 1865 4622">
    <p class='ocr_par' dir='ltr' id='par_1_88' title="bbox 291 4530 1865 4592">
     <span class='ocr_line' id='line_1_88' title="bbox 291 4530 1865 4592; baseline -0.002 -6"><span class='ocrx_word' id='word_1_639' title='bbox 291 4537 546 4586; x_wconf 84' lang='lat' dir='ltr'><strong>creatura</strong></span> <span class='ocrx_word' id='word_1_640' title='bbox 620 4545 688 4588; x_wconf 71' lang='lat' dir='ltr'><strong>ex</strong></span> <span class='ocrx_word' id='word_1_641' title='bbox 775 4530 970 4586; x_wconf 77' lang='lat' dir='ltr'><strong>divine</strong></span> <span class='ocrx_word' id='word_1_642' title='bbox 1043 4544 1244 4592; x_wconf 81' lang='lat' dir='ltr'><strong>cruore</strong></span> <span class='ocrx_word' id='word_1_643' title='bbox 1312 4530 1663 4587; x_wconf 83' lang='lat' dir='ltr'><strong>sanctitatem</strong></span> <span class='ocrx_word' id='word_1_644' title='bbox 1739 4543 1865 4584; x_wconf 52' lang='lat' dir='ltr'><strong>con.</strong></span> 
     </span>
    </p>
   </div>
   <div class='ocr_carea' id='block_1_89' title="bbox 1975 4528 3572 4622">
    <p class='ocr_par' dir='ltr' id='par_1_89' title="bbox 1979 4528 3572 4609">
     <span class='ocr_line' id='line_1_89' title="bbox 1979 4528 3572 4609; baseline 0 -25"><span class='ocrx_word' id='word_1_645' title='bbox 1979 4547 2114 4598; x_wconf 87' lang='grc' dir='ltr'>σιος,</span> <span class='ocrx_word' id='word_1_646' title='bbox 2143 4533 2177 4601; x_wconf 89' lang='grc' dir='ltr'><strong>ἡ</strong></span> <span class='ocrx_word' id='word_1_647' title='bbox 2201 4530 2461 4595; x_wconf 76' lang='grc' dir='ltr'>ἄκτιστος</span> <span class='ocrx_word' id='word_1_648' title='bbox 2486 4531 2678 4603; x_wconf 74' lang='grc' dir='ltr'>θεύτης</span> <span class='ocrx_word' id='word_1_649' title='bbox 2716 4533 2755 4609; x_wconf 24' lang='grc' dir='ltr'><strong>ιι.</strong></span> <span class='ocrx_word' id='word_1_650' title='bbox 2776 4532 3123 4605; x_wconf 81' lang='grc' dir='ltr'>λατρεύεται,</span> <span class='ocrx_word' id='word_1_651' title='bbox 3155 4528 3238 4597; x_wconf 76' lang='grc' dir='ltr'>εἷς</span> <span class='ocrx_word' id='word_1_652' title='bbox 3265 4533 3400 4596; x_wconf 82' lang='grc' dir='ltr'>Θεὸς</span> <span class='ocrx_word' id='word_1_653' title='bbox 3435 4533 3572 4602; x_wconf 80' lang='grc' dir='ltr'>ἀλη-</span> 
     </span>
    </p>
   </div>
   <div class='ocr_carea' id='block_1_90' title="bbox 290 4621 1865 4694">
    <p class='ocr_par' dir='ltr' id='par_1_90' title="bbox 290 4622 1865 4694">
     <span class='ocr_line' id='line_1_90' title="bbox 290 4622 1865 4694; baseline 0 -17"><span class='ocrx_word' id='word_1_654' title='bbox 290 4624 497 4688; x_wconf 71' lang='grc' dir='ltr'>ιςωι-ἰιι</span> <span class='ocrx_word' id='word_1_655' title='bbox 532 4638 642 4678; x_wconf 69' lang='lat' dir='ltr'><strong>ara</strong></span> <span class='ocrx_word' id='word_1_656' title='bbox 663 4623 977 4694; x_wconf 77' lang='lat' dir='ltr'><strong>templaque</strong></span> <span class='ocrx_word' id='word_1_657' title='bbox 1027 4623 1296 4688; x_wconf 82' lang='lat' dir='ltr'><strong>idolorum</strong></span> <span class='ocrx_word' id='word_1_658' title='bbox 1327 4624 1509 4678; x_wconf 75' lang='lat' dir='ltr'><strong>diruta</strong></span> <span class='ocrx_word' id='word_1_659' title='bbox 1561 4629 1689 4678; x_wconf 87' lang='lat' dir='ltr'><strong>sunt</strong></span> <span class='ocrx_word' id='word_1_660' title='bbox 1721 4641 1734 4676; x_wconf 88' lang='lat'><strong>:</strong></span> <span class='ocrx_word' id='word_1_661' title='bbox 1782 4622 1865 4677; x_wconf 74' lang='lat' dir='ltr'><strong>De]</strong></span> 
     </span>
    </p>
   </div>
   <div class='ocr_carea' id='block_1_91' title="bbox 1975 4621 3573 4694">
    <p class='ocr_par' dir='ltr' id='par_1_91' title="bbox 1979 4621 3573 4694">
     <span class='ocr_line' id='line_1_91' title="bbox 1979 4621 3573 4694; baseline -0.001 -18"><span class='ocrx_word' id='word_1_662' title='bbox 1979 4622 2147 4688; x_wconf 82' lang='grc' dir='ltr'>θινδς,</span> <span class='ocrx_word' id='word_1_663' title='bbox 2177 4621 2508 4694; x_wconf 81' lang='grc' dir='ltr'>δημιουργὸς</span> <span class='ocrx_word' id='word_1_664' title='bbox 2531 4621 2642 4676; x_wconf 82' lang='grc' dir='ltr'><strong>τῶν</strong></span> <span class='ocrx_word' id='word_1_665' title='bbox 2677 4622 2934 4678; x_wconf 84' lang='grc' dir='ltr'>ἁπάντων</span> <span class='ocrx_word' id='word_1_666' title='bbox 2961 4623 3057 4677; x_wconf 73' lang='grc' dir='ltr'>καὶ</span> <span class='ocrx_word' id='word_1_667' title='bbox 3099 4623 3334 4694; x_wconf 77' lang='grc' dir='ltr'>Κύριος·</span> <span class='ocrx_word' id='word_1_668' title='bbox 3371 4622 3573 4694; x_wconf 70' lang='grc' dir='ltr'>ἀρεταὶ</span> 
     </span>
    </p>
   </div>
   <div class='ocr_carea' id='block_1_92' title="bbox 292 4714 1876 4788">
    <p class='ocr_par' dir='ltr' id='par_1_92' title="bbox 292 4714 1876 4788">
     <span class='ocr_line' id='line_1_92' title="bbox 292 4714 1876 4788; baseline 0 -18"><span class='ocrx_word' id='word_1_669' title='bbox 292 4717 534 4788; x_wconf 78' lang='lat' dir='ltr'><strong>cognitio</strong></span> <span class='ocrx_word' id='word_1_670' title='bbox 589 4718 646 4772; x_wconf 92' lang='lat' dir='ltr'><strong>in</strong></span> <span class='ocrx_word' id='word_1_671' title='bbox 670 4717 870 4773; x_wconf 90' lang='lat' dir='ltr'><strong>animis</strong></span> <span class='ocrx_word' id='word_1_672' title='bbox 916 4715 1199 4772; x_wconf 88' lang='lat' dir='ltr'><strong>hominum</strong></span> <span class='ocrx_word' id='word_1_673' title='bbox 1245 4715 1455 4771; x_wconf 88' lang='lat' dir='ltr'><strong>insita:</strong></span> <span class='ocrx_word' id='word_1_674' title='bbox 1505 4714 1876 4776; x_wconf 83' lang='lat' dir='ltr'><strong>consubstan-</strong></span> 
     </span>
    </p>
   </div>
   <div class='ocr_carea' id='block_1_93' title="bbox 293 4807 1874 4875">
    <p class='ocr_par' dir='ltr' id='par_1_93' title="bbox 293 4807 1874 4875">
     <span class='ocr_line' id='line_1_93' title="bbox 293 4807 1874 4875; baseline 0.002 -16"><span class='ocrx_word' id='word_1_675' title='bbox 293 4809 441 4866; x_wconf 84' lang='lat' dir='ltr'><strong>tialis</strong></span> <span class='ocrx_word' id='word_1_676' title='bbox 456 4807 723 4875; x_wconf 86' lang='lat' dir='ltr'><strong>Trinitas,</strong></span> <span class='ocrx_word' id='word_1_677' title='bbox 747 4811 994 4866; x_wconf 84' lang='lat' dir='ltr'><strong>iucreata</strong></span> <span class='ocrx_word' id='word_1_678' title='bbox 1037 4809 1238 4865; x_wconf 91' lang='lat' dir='ltr'><strong>colitur</strong></span> <span class='ocrx_word' id='word_1_679' title='bbox 1255 4807 1552 4875; x_wconf 66' lang='lat' dir='ltr'><strong>divinitas;</strong></span> <span class='ocrx_word' id='word_1_680' title='bbox 1586 4823 1750 4873; x_wconf 91' lang='lat' dir='ltr'><strong>unus,</strong></span> <span class='ocrx_word' id='word_1_681' title='bbox 1787 4809 1874 4864; x_wconf 85' lang='lat' dir='ltr'><strong>in-</strong></span> 
     </span>
    </p>
   </div>
   <div class='ocr_carea' id='block_1_94' title="bbox 1981 4715 3574 4788">
    <p class='ocr_par' dir='ltr' id='par_1_94' title="bbox 1981 4715 3574 4788">
     <span class='ocr_line' id='line_1_94' title="bbox 1981 4715 3574 4788; baseline -0.002 -17"><span class='ocrx_word' id='word_1_682' title='bbox 1981 4715 2379 4782; x_wconf 81' lang='grc' dir='ltr'>πολιτεύονται,</span> <span class='ocrx_word' id='word_1_683' title='bbox 2437 4717 2791 4782; x_wconf 78' lang='grc' dir='ltr'>ἀναστάσεως</span> <span class='ocrx_word' id='word_1_684' title='bbox 2838 4717 2997 4782; x_wconf 80' lang='grc' dir='ltr'>ἐλπὶς</span> <span class='ocrx_word' id='word_1_685' title='bbox 3045 4716 3135 4771; x_wconf 79' lang='grc' dir='ltr'><strong>διά</strong></span> <span class='ocrx_word' id='word_1_686' title='bbox 3183 4715 3288 4788; x_wconf 83' lang='grc' dir='ltr'>τῆς</span> <span class='ocrx_word' id='word_1_687' title='bbox 3327 4715 3574 4787; x_wconf 69' lang='grc' dir='ltr'>Χριστοῦ</span> 
     </span>
    </p>
   </div>
   <div class='ocr_carea' id='block_1_95' title="bbox 1979 4807 3574 4882">
    <p class='ocr_par' dir='ltr' id='par_1_95' title="bbox 1979 4807 3574 4882">
     <span class='ocr_line' id='line_1_95' title="bbox 1979 4807 3574 4882; baseline -0.002 -17"><span class='ocrx_word' id='word_1_688' title='bbox 1979 4809 2334 4872; x_wconf 80' lang='grc' dir='ltr'>ἀναστάσεως</span> <span class='ocrx_word' id='word_1_689' title='bbox 2358 4807 2683 4881; x_wconf 80' lang='grc' dir='ltr'>δεδώρηται,</span> <span class='ocrx_word' id='word_1_690' title='bbox 2731 4811 3016 4882; x_wconf 78' lang='grc' dir='ltr'>φρίττουσι</span> <span class='ocrx_word' id='word_1_691' title='bbox 3063 4810 3192 4874; x_wconf 79' lang='grc' dir='ltr'>τοὺς</span> <span class='ocrx_word' id='word_1_692' title='bbox 3227 4809 3398 4864; x_wconf 83' lang='grc' dir='ltr'>πάλαι</span> <span class='ocrx_word' id='word_1_693' title='bbox 3433 4810 3574 4862; x_wconf 79' lang='grc' dir='ltr'>ὑπο-</span> 
     </span>
    </p>
   </div>
   <div class='ocr_carea' id='block_1_96' title="bbox 294 4899 1865 4975">
    <p class='ocr_par' dir='ltr' id='par_1_96' title="bbox 294 4899 1865 4969">
     <span class='ocr_line' id='line_1_96' title="bbox 294 4899 1865 4969; baseline -0.001 -13"><span class='ocrx_word' id='word_1_694' title='bbox 294 4917 483 4969; x_wconf 78' lang='lat' dir='ltr'><strong>quam,</strong></span> <span class='ocrx_word' id='word_1_695' title='bbox 545 4900 690 4958; x_wconf 81' lang='lat' dir='ltr'><strong>Deus</strong></span> <span class='ocrx_word' id='word_1_696' title='bbox 769 4917 956 4965; x_wconf 77' lang='lat' dir='ltr'><strong>verus,</strong></span> <span class='ocrx_word' id='word_1_697' title='bbox 1035 4901 1419 4956; x_wconf 86' lang='lat' dir='ltr'><strong>universorum</strong></span> <span class='ocrx_word' id='word_1_698' title='bbox 1479 4899 1735 4954; x_wconf 84' lang='lat' dir='ltr'><strong>conditor</strong></span> <span class='ocrx_word' id='word_1_699' title='bbox 1813 4915 1865 4955; x_wconf 78' lang='lat' dir='ltr'><strong>ac</strong></span> 
     </span>
    </p>
   </div>
   <div class='ocr_carea' id='block_1_97' title="bbox 1975 4899 3575 4975">
    <p class='ocr_par' dir='ltr' id='par_1_97' title="bbox 1978 4901 3575 4975">
     <span class='ocr_line' id='line_1_97' title="bbox 1978 4901 3575 4975; baseline 0 -20"><span class='ocrx_word' id='word_1_700' title='bbox 1978 4901 2219 4974; x_wconf 84' lang='grc' dir='ltr'>χειρίους</span> <span class='ocrx_word' id='word_1_701' title='bbox 2248 4901 2573 4972; x_wconf 79' lang='grc' dir='ltr'>ἀνθρώπους</span> <span class='ocrx_word' id='word_1_702' title='bbox 2601 4905 2652 4956; x_wconf 80' lang='grc' dir='ltr'>οἱ</span> <span class='ocrx_word' id='word_1_703' title='bbox 2681 4903 2937 4975; x_wconf 85' lang='grc' dir='ltr'>δαίμονες</span> <span class='ocrx_word' id='word_1_704' title='bbox 2959 4919 2975 4935; x_wconf 89' lang='grc'><strong>·</strong></span> <span class='ocrx_word' id='word_1_705' title='bbox 3017 4905 3113 4958; x_wconf 74' lang='grc' dir='ltr'>καὶ</span> <span class='ocrx_word' id='word_1_706' title='bbox 3154 4901 3218 4956; x_wconf 80' lang='grc' dir='ltr'><strong>τό</strong></span> <span class='ocrx_word' id='word_1_707' title='bbox 3247 4919 3313 4972; x_wconf 87' lang='grc' dir='ltr'><strong>γε</strong></span> <span class='ocrx_word' id='word_1_708' title='bbox 3350 4901 3575 4974; x_wconf 80' lang='grc' dir='ltr'>θαυμα-</span> 
     </span>
    </p>
   </div>
   <div class='ocr_carea' id='block_1_98' title="bbox 297 4992 1870 5066">
    <p class='ocr_par' dir='ltr' id='par_1_98' title="bbox 297 4992 1870 5066">
     <span class='ocr_line' id='line_1_98' title="bbox 297 4992 1870 5066; baseline -0.002 -19"><span class='ocrx_word' id='word_1_709' title='bbox 297 4993 615 5062; x_wconf 90' lang='lat' dir='ltr'><strong>Dominus;</strong></span> <span class='ocrx_word' id='word_1_710' title='bbox 679 4994 915 5050; x_wconf 86' lang='lat' dir='ltr'><strong>virtutes</strong></span> <span class='ocrx_word' id='word_1_711' title='bbox 961 4993 1164 5066; x_wconf 78' lang='lat' dir='ltr'><strong>studio</strong></span> <span class='ocrx_word' id='word_1_712' title='bbox 1206 5001 1334 5046; x_wconf 89' lang='lat' dir='ltr'><strong>sunt</strong></span> <span class='ocrx_word' id='word_1_713' title='bbox 1371 5011 1383 5046; x_wconf 90' lang='lat'>:</span> <span class='ocrx_word' id='word_1_714' title='bbox 1445 4992 1870 5046; x_wconf 84' lang='lat' dir='ltr'><strong>resurrectionis</strong></span> 
     </span>
    </p>
   </div>
   <div class='ocr_carea' id='block_1_99' title="bbox 367 5171 1585 5248">
    <p class='ocr_par' dir='ltr' id='par_1_99' title="bbox 367 5171 1585 5248">
     <span class='ocr_line' id='line_1_99' title="bbox 367 5171 1585 5248; baseline 0.002 -21"><span class='ocrx_word' id='word_1_715' title='bbox 367 5177 412 5248; x_wconf 62' lang='grc' dir='ltr'>εξ</span> <span class='ocrx_word' id='word_1_716' title='bbox 453 5175 610 5248; x_wconf 84' lang='lat' dir='ltr'><strong>Vulg.</strong></span> <span class='ocrx_word' id='word_1_717' title='bbox 661 5177 796 5248; x_wconf 83' lang='lat' dir='ltr'><strong>Sap.</strong></span> <span class='ocrx_word' id='word_1_718' title='bbox 827 5191 888 5244; x_wconf 85' lang='grc' dir='ltr'><strong>ιι,</strong></span> <span class='ocrx_word' id='word_1_719' title='bbox 922 5174 1017 5243; x_wconf 71' lang='grc'><strong>25,</strong></span> <span class='ocrx_word' id='word_1_720' title='bbox 1055 5171 1585 5230; x_wconf 70' lang='grc' dir='ltr'>ἱιιεπιενηιὶηαῡὶίεηι.</span> 
     </span>
    </p>
   </div>
   <div class='ocr_carea' id='block_1_100' title="bbox 297 5247 546 5304">
    <p class='ocr_par' dir='ltr' id='par_1_100' title="bbox 297 5247 546 5304">
     <span class='ocr_line' id='line_1_100' title="bbox 297 5247 546 5304; baseline 0 -1"><span class='ocrx_word' id='word_1_721' title='bbox 297 5248 353 5303; x_wconf 88' lang='lat' dir='ltr'><strong>in</strong></span> <span class='ocrx_word' id='word_1_722' title='bbox 386 5247 546 5304; x_wconf 77' lang='lat' dir='ltr'><strong>Joan.</strong></span> 
     </span>
    </p>
   </div>
   <div class='ocr_carea' id='block_1_101' title="bbox 1689 5177 2236 5242">
    <p class='ocr_par' dir='ltr' id='par_1_101' title="bbox 1689 5177 2236 5242">
     <span class='ocr_line' id='line_1_101' title="bbox 1689 5177 2236 5242; baseline 0.007 -12"><span class='ocrx_word' id='word_1_723' title='bbox 1689 5177 1779 5230; x_wconf 80' lang='lat' dir='ltr'><strong>&quot;l</strong></span> <span class='ocrx_word' id='word_1_724' title='bbox 1849 5177 1979 5236; x_wconf 87' lang='lat' dir='ltr'><strong>Cor.</strong></span> <span class='ocrx_word' id='word_1_725' title='bbox 2015 5195 2090 5242; x_wconf 79' lang='lat' dir='ltr'><strong>vr,</strong></span> <span class='ocrx_word' id='word_1_726' title='bbox 2147 5179 2236 5234; x_wconf 75' lang='lat' dir='ltr'><strong>M.</strong></span> 
     </span>
    </p>
   </div>
   <div class='ocr_carea' id='block_1_102' title="bbox 1983 4993 3576 5067">
    <p class='ocr_par' dir='ltr' id='par_1_102' title="bbox 1983 4993 3576 5067">
     <span class='ocr_line' id='line_1_102' title="bbox 1983 4993 3576 5067; baseline -0.001 -21"><span class='ocrx_word' id='word_1_727' title='bbox 1983 4994 2131 5057; x_wconf 71' lang='grc' dir='ltr'>στὸν,</span> <span class='ocrx_word' id='word_1_728' title='bbox 2159 4995 2244 5066; x_wconf 65' lang='grc' dir='ltr'><strong>ὅτιΔ</strong></span> <span class='ocrx_word' id='word_1_729' title='bbox 2275 4995 2448 5050; x_wconf 81' lang='grc' dir='ltr'>ταῦτα</span> <span class='ocrx_word' id='word_1_730' title='bbox 2475 4996 2653 5050; x_wconf 84' lang='grc' dir='ltr'>πάντα</span> <span class='ocrx_word' id='word_1_731' title='bbox 2677 4996 2766 5050; x_wconf 79' lang='grc' dir='ltr'><strong>διὰ</strong></span> <span class='ocrx_word' id='word_1_732' title='bbox 2797 4995 3056 5067; x_wconf 79' lang='grc' dir='ltr'>σταυροῦ,</span> <span class='ocrx_word' id='word_1_733' title='bbox 3096 4996 3191 5050; x_wconf 71' lang='grc' dir='ltr'><strong>καὶ</strong></span> <span class='ocrx_word' id='word_1_734' title='bbox 3227 4993 3443 5061; x_wconf 85' lang='grc' dir='ltr'>παθῶν,</span> <span class='ocrx_word' id='word_1_735' title='bbox 3483 4995 3576 5046; x_wconf 68' lang='grc' dir='ltr'>καὶ</span> 
     </span>
    </p>
   </div>
   <div class='ocr_carea' id='block_1_103' title="bbox 2340 5173 3575 5245">
    <p class='ocr_par' dir='ltr' id='par_1_103' title="bbox 2340 5173 3575 5245">
     <span class='ocr_line' id='line_1_103' title="bbox 2340 5173 3575 5245; baseline -0.006 -14"><span class='ocrx_word' id='word_1_736' title='bbox 2340 5179 2384 5210; x_wconf 82' lang='grc'><strong><em>³⁸</em></strong></span> <span class='ocrx_word' id='word_1_737' title='bbox 2408 5179 2607 5234; x_wconf 81' lang='lat' dir='ltr'><strong>Athan.</strong></span> <span class='ocrx_word' id='word_1_738' title='bbox 2643 5179 2742 5233; x_wconf 87' lang='lat' dir='ltr'><strong>lib.</strong></span> <span class='ocrx_word' id='word_1_739' title='bbox 2771 5176 2845 5231; x_wconf 85' lang='lat' dir='ltr'><strong>De</strong></span> <span class='ocrx_word' id='word_1_740' title='bbox 2878 5177 3127 5238; x_wconf 69' lang='lat' dir='ltr'><strong>interm;</strong></span> <span class='ocrx_word' id='word_1_741' title='bbox 3158 5173 3352 5245; x_wconf 83' lang='lat' dir='ltr'><strong>Cyrill.</strong></span> <span class='ocrx_word' id='word_1_742' title='bbox 3410 5173 3507 5227; x_wconf 89' lang='lat' dir='ltr'><strong>tib.</strong></span> <span class='ocrx_word' id='word_1_743' title='bbox 3537 5189 3575 5234; x_wconf 81' lang='grc' dir='ltr'><strong>ι,</strong></span> 
     </span>
    </p>
   </div>
   <div class='ocr_carea' id='block_1_104' title="bbox 1595 5390 2272 5447">
    <p class='ocr_par' dir='ltr' id='par_1_104' title="bbox 1595 5390 2272 5447">
     <span class='ocr_line' id='line_1_104' title="bbox 1595 5390 2272 5447; baseline 0 -1"><span class='ocrx_word' id='word_1_744' title='bbox 1595 5390 1826 5446; x_wconf 69' lang='grc' dir='ltr'><strong>νΑΙὶΙᾹΞ</strong></span> <span class='ocrx_word' id='word_1_745' title='bbox 1867 5390 2159 5446; x_wconf 73' lang='lat' dir='ltr'><strong>LECTION</strong></span> <span class='ocrx_word' id='word_1_746' title='bbox 2171 5391 2272 5447; x_wconf 85' lang='lat' dir='ltr'><strong>ES.</strong></span> 
     </span>
    </p>
   </div>
   <div class='ocr_carea' id='block_1_105' title="bbox 377 5530 1865 5602">
    <p class='ocr_par' dir='ltr' id='par_1_105' title="bbox 377 5531 1865 5602">
     <span class='ocr_line' id='line_1_105' title="bbox 377 5531 1865 5602; baseline -0.003 -14"><span class='ocrx_word' id='word_1_747' title='bbox 377 5533 398 5572; x_wconf 72' lang='grc' dir='ltr'><strong>ί</strong></span> <span class='ocrx_word' id='word_1_748' title='bbox 433 5532 591 5588; x_wconf 83' lang='lat' dir='ltr'><strong>Multi</strong></span> <span class='ocrx_word' id='word_1_749' title='bbox 625 5531 790 5589; x_wconf 87' lang='lat' dir='ltr'><strong>codd.</strong></span> <span class='ocrx_word' id='word_1_750' title='bbox 824 5549 918 5585; x_wconf 90' lang='grc' dir='ltr'><strong>και</strong></span> <span class='ocrx_word' id='word_1_751' title='bbox 943 5533 1044 5585; x_wconf 75' lang='grc' dir='ltr'><strong>οὐκ</strong></span> <span class='ocrx_word' id='word_1_752' title='bbox 1082 5531 1301 5602; x_wconf 81' lang='grc' dir='ltr'>ἐξέστη.</span> <span class='ocrx_word' id='word_1_753' title='bbox 1341 5531 1408 5588; x_wconf 71' lang='lat' dir='ltr'><strong>Ii.</strong></span> <span class='ocrx_word' id='word_1_754' title='bbox 1439 5533 1462 5586; x_wconf 77' lang='lat' dir='ltr'><strong>l</strong></span> <span class='ocrx_word' id='word_1_755' title='bbox 1489 5533 1583 5586; x_wconf 73' lang='grc' dir='ltr'>καὶ</span> <span class='ocrx_word' id='word_1_756' title='bbox 1605 5534 1706 5585; x_wconf 84' lang='grc' dir='ltr'>οὐκ</span> <span class='ocrx_word' id='word_1_757' title='bbox 1730 5531 1865 5595; x_wconf 63' lang='grc' dir='ltr'>ἐξέσι</span> 
     </span>
    </p>
   </div>
   <div class='ocr_carea' id='block_1_106' title="bbox 1975 5530 3580 5602">
    <p class='ocr_par' dir='ltr' id='par_1_106' title="bbox 1975 5530 3580 5602">
     <span class='ocr_line' id='line_1_106' title="bbox 1975 5530 3580 5602; baseline -0.003 -17"><span class='ocrx_word' id='word_1_758' title='bbox 1975 5533 2074 5602; x_wconf 80' lang='grc' dir='ltr'>τῆς</span> <span class='ocrx_word' id='word_1_759' title='bbox 2121 5533 2327 5596; x_wconf 81' lang='grc' dir='ltr'>οἰκείας</span> <span class='ocrx_word' id='word_1_760' title='bbox 2392 5531 2670 5601; x_wconf 80' lang='grc' dir='ltr'>ἰδιότητος.</span> <span class='ocrx_word' id='word_1_761' title='bbox 2719 5530 3025 5602; x_wconf 15' lang='grc' dir='ltr'>δὶεγνθιιιε,</span> <span class='ocrx_word' id='word_1_762' title='bbox 3065 5531 3338 5602; x_wconf 77' lang='lat' dir='ltr'><strong>interpres</strong></span> <span class='ocrx_word' id='word_1_763' title='bbox 3364 5539 3416 5583; x_wconf 79' lang='lat' dir='ltr'><strong>et</strong></span> <span class='ocrx_word' id='word_1_764' title='bbox 3460 5545 3580 5602; x_wconf 62' lang='lat' dir='ltr'><strong>non</strong></span> 
     </span>
    </p>
   </div>
   <div class='ocr_carea' id='block_1_107' title="bbox 301 5604 1225 5672">
    <p class='ocr_par' dir='ltr' id='par_1_107' title="bbox 301 5604 1225 5672">
     <span class='ocr_line' id='line_1_107' title="bbox 301 5604 1225 5672; baseline -0.001 -15"><span class='ocrx_word' id='word_1_765' title='bbox 301 5606 514 5658; x_wconf 77' lang='lat' dir='ltr'><strong>secessit</strong></span> <span class='ocrx_word' id='word_1_766' title='bbox 546 5620 578 5656; x_wconf 90' lang='lat' dir='ltr'><strong>a</strong></span> <span class='ocrx_word' id='word_1_767' title='bbox 613 5605 832 5672; x_wconf 82' lang='lat' dir='ltr'><strong>propria</strong></span> <span class='ocrx_word' id='word_1_768' title='bbox 881 5604 1225 5670; x_wconf 79' lang='lat' dir='ltr'><strong>proprietate.</strong></span> 
     </span>
    </p>
   </div>
   <div class='ocr_carea' id='block_1_108' title="bbox 304 5672 1694 5742">
    <p class='ocr_par' dir='ltr' id='par_1_108' title="bbox 304 5672 1694 5742">
     <span class='ocr_line' id='line_1_108' title="bbox 304 5672 1694 5742; baseline -0.001 -15"><span class='ocrx_word' id='word_1_769' title='bbox 304 5674 536 5732; x_wconf 75' lang='lat' dir='ltr'><strong>scilicet,</strong></span> <span class='ocrx_word' id='word_1_770' title='bbox 577 5682 632 5726; x_wconf 89' lang='lat' dir='ltr'><strong>et</strong></span> <span class='ocrx_word' id='word_1_771' title='bbox 690 5689 789 5740; x_wconf 86' lang='lat' dir='ltr'><strong>pro</strong></span> <span class='ocrx_word' id='word_1_772' title='bbox 823 5674 1100 5741; x_wconf 81' lang='grc' dir='ltr'>ἀνήγαγεν</span> <span class='ocrx_word' id='word_1_773' title='bbox 1152 5673 1354 5728; x_wconf 88' lang='lat' dir='ltr'><strong>habent</strong></span> <span class='ocrx_word' id='word_1_774' title='bbox 1379 5672 1694 5742; x_wconf 81' lang='grc' dir='ltr'>ἀναγαγών.</span> 
     </span>
    </p>
   </div>
   <div class='ocr_carea' id='block_1_109' title="bbox 306 5742 1752 5810">
    <p class='ocr_par' dir='ltr' id='par_1_109' title="bbox 306 5742 1752 5810">
     <span class='ocr_line' id='line_1_109' title="bbox 306 5742 1752 5810; baseline 0.001 -16"><span class='ocrx_word' id='word_1_775' title='bbox 306 5743 417 5796; x_wconf 78' lang='lat' dir='ltr'><strong>fere</strong></span> <span class='ocrx_word' id='word_1_776' title='bbox 449 5755 642 5794; x_wconf 88' lang='lat' dir='ltr'><strong>omnes</strong></span> <span class='ocrx_word' id='word_1_777' title='bbox 671 5750 724 5794; x_wconf 85' lang='lat' dir='ltr'><strong>et</strong></span> <span class='ocrx_word' id='word_1_778' title='bbox 757 5742 1100 5810; x_wconf 77' lang='lat' dir='ltr'><strong>antiquiores</strong></span> <span class='ocrx_word' id='word_1_779' title='bbox 1139 5743 1344 5797; x_wconf 86' lang='lat' dir='ltr'><strong>habent</strong></span> <span class='ocrx_word' id='word_1_780' title='bbox 1371 5743 1752 5810; x_wconf 65' lang='grc' dir='ltr'>ὑπεπέσαμεθ.</span> 
     </span>
    </p>
   </div>
   <div class='ocr_carea' id='block_1_110' title="bbox 304 5809 1486 5883">
    <p class='ocr_par' dir='ltr' id='par_1_110' title="bbox 304 5809 1486 5883">
     <span class='ocr_line' id='line_1_110' title="bbox 304 5809 1486 5883; baseline 0.001 -19"><span class='ocrx_word' id='word_1_781' title='bbox 304 5811 548 5883; x_wconf 70' lang='grc' dir='ltr'>ἡμεῖςν..</span> <span class='ocrx_word' id='word_1_782' title='bbox 574 5810 666 5862; x_wconf 75' lang='grc' dir='ltr'>καὶ</span> <span class='ocrx_word' id='word_1_783' title='bbox 692 5809 895 5878; x_wconf 69' lang='grc' dir='ltr'>ταύτην</span> <span class='ocrx_word' id='word_1_784' title='bbox 925 5812 989 5863; x_wconf 77' lang='grc' dir='ltr'>δι’</span> <span class='ocrx_word' id='word_1_785' title='bbox 1014 5811 1208 5863; x_wconf 62' lang='grc' dir='ltr'>ἑαυτοῦ</span> <span class='ocrx_word' id='word_1_786' title='bbox 1235 5814 1486 5882; x_wconf 78' lang='grc' dir='ltr'>ποιήσας.</span> 
     </span>
    </p>
   </div>
   <div class='ocr_carea' id='block_1_111' title="bbox 1338 5599 1865 5711">
    <p class='ocr_par' dir='ltr' id='par_1_111' title="bbox 1338 5603 1865 5711">
     <span class='ocr_line' id='line_1_111' title="bbox 1338 5603 1865 5657; baseline -0.004 -1"><span class='ocrx_word' id='word_1_787' title='bbox 1338 5604 1362 5642; x_wconf 74' lang='grc' dir='ltr'><em>ε</em></span> <span class='ocrx_word' id='word_1_788' title='bbox 1392 5603 1456 5656; x_wconf 74' lang='grc' dir='ltr'>Β.</span> <span class='ocrx_word' id='word_1_789' title='bbox 1515 5603 1658 5657; x_wconf 66' lang='lat'><strong>2924</strong></span> <span class='ocrx_word' id='word_1_790' title='bbox 1715 5603 1801 5654; x_wconf 78' lang='grc' dir='ltr'><strong>ἐπ’</strong></span> <span class='ocrx_word' id='word_1_791' title='bbox 1853 5620 1865 5654; x_wconf 87' lang='grc' dir='ltr'><strong>ι</strong></span> 
     </span>
     <span class='ocr_line' id='line_1_112' title="bbox 1338 5672 1834 5711; baseline 0 0"><span class='ocrx_word' id='word_1_792' title='bbox 1338 5681 1350 5711; x_wconf 78' lang='grc' dir='ltr'><strong>ι</strong></span> <span class='ocrx_word' id='word_1_793' title='bbox 1380 5672 1674 5711; x_wconf 66' lang='grc' dir='ltr'><strong>ἆυηνηνιτιυ</strong></span> <span class='ocrx_word' id='word_1_794' title='bbox 1811 5675 1834 5711; x_wconf 86' lang='lat' dir='ltr'><strong>h</strong></span> 
     </span>
    </p>
   </div>
   <div class='ocr_carea' id='block_1_112' title="bbox 1975 5599 3582 5711">
    <p class='ocr_par' dir='ltr' id='par_1_112' title="bbox 1975 5599 3582 5711">
     <span class='ocr_line' id='line_1_113' title="bbox 1975 5599 3582 5674; baseline -0.002 -18"><span class='ocrx_word' id='word_1_795' title='bbox 1975 5599 2187 5674; x_wconf 71' lang='grc' dir='ltr'>αρσέαν.</span> <span class='ocrx_word' id='word_1_796' title='bbox 2253 5603 2304 5656; x_wconf 83' lang='lat' dir='ltr'><strong>in</strong></span> <span class='ocrx_word' id='word_1_797' title='bbox 2363 5599 2553 5656; x_wconf 84' lang='lat' dir='ltr'><strong>multis</strong></span> <span class='ocrx_word' id='word_1_798' title='bbox 2591 5601 2754 5656; x_wconf 86' lang='lat' dir='ltr'><strong>codd.</strong></span> <span class='ocrx_word' id='word_1_799' title='bbox 2797 5599 3225 5671; x_wconf 60' lang='lat' dir='ltr'><strong>dcestydtp‘sinc</strong></span> <span class='ocrx_word' id='word_1_800' title='bbox 3257 5599 3582 5668; x_wconf 83' lang='lat' dir='ltr'><strong>parenthesi</strong></span> 
     </span>
     <span class='ocr_line' id='line_1_114' title="bbox 1975 5668 3570 5711; baseline 0 0"><span class='ocrx_word' id='word_1_801' title='bbox 1975 5674 2004 5711; x_wconf 82' lang='lat' dir='ltr'><strong>h</strong></span> <span class='ocrx_word' id='word_1_802' title='bbox 2061 5675 2081 5711; x_wconf 70' lang='lat' dir='ltr'>l</span> <span class='ocrx_word' id='word_1_803' title='bbox 2146 5674 2325 5711; x_wconf 54' lang='lat' dir='ltr'><strong>amni.»-</strong></span> <span class='ocrx_word' id='word_1_804' title='bbox 2418 5670 2587 5711; x_wconf 67' lang='lat' dir='ltr'><strong>Volua</strong></span> <span class='ocrx_word' id='word_1_805' title='bbox 2625 5674 2835 5711; x_wconf 74' lang='lat' dir='ltr'><strong>inlnrnr</strong></span> <span class='ocrx_word' id='word_1_806' title='bbox 2890 5673 3075 5711; x_wconf 74' lang='lat' dir='ltr'><strong>nncnil</strong></span> <span class='ocrx_word' id='word_1_807' title='bbox 3105 5668 3256 5711; x_wconf 62' lang='lat' dir='ltr'><strong>lamis,</strong></span> <span class='ocrx_word' id='word_1_808' title='bbox 3341 5670 3361 5709; x_wconf 68' lang='grc' dir='ltr'>ξ</span> <span class='ocrx_word' id='word_1_809' title='bbox 3396 5671 3570 5711; x_wconf 67' lang='grc' dir='ltr'>ίῖησίιί</span> 
     </span>
    </p>
   </div>
   <div class='ocr_carea' id='block_1_113' title="bbox 1857 5674 3582 5811">
    <p class='ocr_par' dir='ltr' id='par_1_113' title="bbox 1857 5674 3582 5811">
     <span class='ocr_line' id='line_1_115' title="bbox 1869 5674 3579 5742; baseline -0.002 -16"><span class='ocrx_word' id='word_1_810' title='bbox 1869 5674 2025 5727; x_wconf 84' lang='lat' dir='ltr'><strong>Colb.</strong></span> <span class='ocrx_word' id='word_1_811' title='bbox 2061 5675 2082 5726; x_wconf 83' lang='grc'>1</span> <span class='ocrx_word' id='word_1_812' title='bbox 2146 5674 2345 5741; x_wconf 72' lang='grc' dir='ltr'>φωτός,</span> <span class='ocrx_word' id='word_1_813' title='bbox 2418 5674 2587 5725; x_wconf 74' lang='lat' dir='ltr'><strong>Vetus</strong></span> <span class='ocrx_word' id='word_1_814' title='bbox 2625 5674 2850 5742; x_wconf 85' lang='lat' dir='ltr'><strong>interpr.</strong></span> <span class='ocrx_word' id='word_1_815' title='bbox 2890 5674 3076 5741; x_wconf 84' lang='lat' dir='ltr'><strong>posuit</strong></span> <span class='ocrx_word' id='word_1_816' title='bbox 3104 5674 3260 5723; x_wconf 84' lang='lat' dir='ltr'><strong>lucis.</strong></span> <span class='ocrx_word' id='word_1_817' title='bbox 3341 5674 3361 5709; x_wconf 67' lang='grc' dir='ltr'>ξ</span> <span class='ocrx_word' id='word_1_818' title='bbox 3396 5674 3579 5723; x_wconf 78' lang='lat' dir='ltr'><strong>Codd.</strong></span> 
     </span>
     <span class='ocr_line' id='line_1_116' title="bbox 1857 5739 3582 5811; baseline 0 -19"><span class='ocrx_word' id='word_1_819' title='bbox 1857 5740 1870 5792; x_wconf 86' lang='lat' dir='ltr'><strong>i</strong></span> <span class='ocrx_word' id='word_1_820' title='bbox 1921 5743 2072 5811; x_wconf 70' lang='lat' dir='ltr'><strong>Regii</strong></span> <span class='ocrx_word' id='word_1_821' title='bbox 2115 5743 2336 5808; x_wconf 79' lang='lat' dir='ltr'><strong>quidam</strong></span> <span class='ocrx_word' id='word_1_822' title='bbox 2395 5754 2447 5796; x_wconf 88' lang='lat' dir='ltr'><strong>et</strong></span> <span class='ocrx_word' id='word_1_823' title='bbox 2481 5743 2808 5804; x_wconf 85' lang='lat' dir='ltr'><strong>Colbertini,</strong></span> <span class='ocrx_word' id='word_1_824' title='bbox 2857 5756 3070 5798; x_wconf 83' lang='lat' dir='ltr'><strong>necnon</strong></span> <span class='ocrx_word' id='word_1_825' title='bbox 3128 5739 3185 5795; x_wconf 86' lang='lat' dir='ltr'><strong>S.</strong></span> <span class='ocrx_word' id='word_1_826' title='bbox 3216 5739 3326 5795; x_wconf 81' lang='lat' dir='ltr'><strong>ﬂii.</strong></span> <span class='ocrx_word' id='word_1_827' title='bbox 3352 5739 3582 5805; x_wconf 76' lang='grc' dir='ltr'>διδάξας</span> 
     </span>
    </p>
   </div>
   <div class='ocr_carea' id='block_1_114' title="bbox 1568 5813 2814 5883">
    <p class='ocr_par' dir='ltr' id='par_1_114' title="bbox 1568 5813 2814 5883">
     <span class='ocr_line' id='line_1_117' title="bbox 1568 5813 2814 5883; baseline 0.003 -18"><span class='ocrx_word' id='word_1_828' title='bbox 1568 5814 1588 5851; x_wconf 62' lang='grc' dir='ltr'>ιε</span> <span class='ocrx_word' id='word_1_829' title='bbox 1636 5814 1700 5865; x_wconf 71' lang='grc' dir='ltr'>Β.</span> <span class='ocrx_word' id='word_1_830' title='bbox 1730 5814 1764 5866; x_wconf 73' lang='lat'>‘2</span> <span class='ocrx_word' id='word_1_831' title='bbox 1801 5813 1962 5883; x_wconf 71' lang='grc' dir='ltr'>φύσις</span> <span class='ocrx_word' id='word_1_832' title='bbox 2003 5818 2082 5869; x_wconf 85' lang='lat' dir='ltr'><strong>sic</strong></span> <span class='ocrx_word' id='word_1_833' title='bbox 2117 5813 2292 5868; x_wconf 79' lang='lat' dir='ltr'><strong>Faber</strong></span> <span class='ocrx_word' id='word_1_834' title='bbox 2328 5814 2566 5867; x_wconf 85' lang='lat' dir='ltr'><strong>incrcata</strong></span> <span class='ocrx_word' id='word_1_835' title='bbox 2599 5825 2814 5869; x_wconf 85' lang='lat' dir='ltr'><strong>natura.</strong></span> 
     </span>
    </p>
   </div>
   <div class='ocr_carea' id='block_1_115' title="bbox 2146 5668 3579 5742">
    <p class='ocr_par' dir='ltr' id='par_1_115' title="bbox 2146 5668 3579 5742">
     <span class='ocr_line' id='line_1_118' title="bbox 2146 5668 3579 5742; baseline -0.001 -18"><span class='ocrx_word' id='word_1_836' title='bbox 2146 5674 2345 5741; x_wconf 72' lang='grc' dir='ltr'>φωτός,</span> <span class='ocrx_word' id='word_1_837' title='bbox 2418 5670 2587 5725; x_wconf 70' lang='lat' dir='ltr'><strong>Vetus</strong></span> <span class='ocrx_word' id='word_1_838' title='bbox 2625 5674 2850 5742; x_wconf 85' lang='lat' dir='ltr'><strong>interpr.</strong></span> <span class='ocrx_word' id='word_1_839' title='bbox 2890 5668 3076 5741; x_wconf 81' lang='lat' dir='ltr'><strong>posuit</strong></span> <span class='ocrx_word' id='word_1_840' title='bbox 3104 5668 3296 5742; x_wconf 21' lang='lat' dir='ltr'><strong>lucis.”</strong></span> <span class='ocrx_word' id='word_1_841' title='bbox 3341 5670 3372 5742; x_wconf 65' lang='lat' dir='ltr'><strong>i_</strong></span> <span class='ocrx_word' id='word_1_842' title='bbox 3396 5671 3579 5742; x_wconf 63' lang='lat' dir='ltr'><strong>Codd.</strong></span> 
     </span>
    </p>
   </div>
  </div>
