3960 6198
351 358 488 428 1109

1433 368 1530 428 DE
1569 371 1750 432 FIDE
1789 371 2252 436 ORTIIODOXA
2287 378 2433 438 LIB.
2473 380 2566 440 IV.

3476 380 3610 445 1110

345 473 586 528 θανάτου
619 473 1003 546 κᾶτώρθωταιθ
1045 475 1124 540 εἰς
1149 476 1330 531 πᾶσαν
1348 476 1448 548 τὴν
1467 480 1572 550 γῆν
1603 481 1664 535 τὸ
1686 483 1932 552 Εὐαγγέ-

2045 499 2161 555 spes
2192 500 2290 553 per
2318 484 2522 541 Christi
2544 486 3006 542 resurrectionem
3035 487 3236 544 donata
3268 498 3354 546 est
3384 509 3398 546 :
3429 493 3612 551 homi-

343 566 457 619 λιον
491 566 962 645 τῆςηθεογνωσίας
1010 569 1372 640 κεκήρυκται,
1423 571 1484 624 οὐ
1534 575 1778 645 πολέμῳ,
1836 577 1930 631 καὶ

344 657 554 721 ὅπλοις,
593 659 688 710 καὶ⁵
732 659 1118 730 στρατοπέδοις
1145 662 1274 725 τοὺς
1308 663 1586 729 ἐναντίους
1625 667 1931 738 τροπούμε-

344 767 434 802 νον
465 747 510 814 1,
539 749 657 802 ἀλλ’
688 750 861 820 ὀλίγοι
889 752 1108 821 γυμνοὶ,
1146 755 1372 825 πτωχοὶ,
1416 756 1510 810 καὶ
1552 758 1928 829 ἀγράμματοι,

344 842 687 912 διωκόμενοι,
715 842 1074 912 αἰκιζόμενοι,
1107 844 1525 918 θανατούμενοι,
1551 852 1933 922 σταυρωθέντα

349 933 538 1004 σαρκὶ,
590 933 680 987 καὶ
733 933 964 990 θανόντα
1008 937 1409 1008 κηρύττοντες,
1459 941 1568 994 τῶν
1623 945 1803 1011 σοφῶν
1840 947 1934 999 καὶ

346 1025 591 1080 δυνατῶν
625 1028 1046 1098 κατεκράτησαν
1063 1045 1078 1059 '
1098 1031 1286 1085 εἵπετο
1307 1033 1415 1105 γὰρ
1441 1034 1628 1100 αὐτοῖς
1642 1035 1738 1090 τοῦ
1770 1055 1935 1092 σταυ·

351 1117 625 1188 ρωθὲντος
657 1120 691 1190 ἡ
714 1120 1130 1194 παντοδύναμος
1155 1123 1403 1198 δύναμις..
1437 1127 1496 1182 Ὀ
1519 1123 1746 1193 θάνᾶτος
1771 1131 1800 1183 ό
1831 1132 1936 1186 πά-

348 1211 441 1264 λαι
471 1210 854 1282 φοϐερώτατος
897 1214 1128 1287 ἣττηται
1151 1257 1167 1282 ,
1215 1217 1310 1272 καὶ
1341 1218 1444 1291 τῆς
1477 1219 1625 1293 ζωῆς
1651 1211 1745 1276 νῦν
1773 1223 1934 1292 bara-

349 1303 715 1377 λαιστύγητος
737 1315 777 1346 ω
807 1308 902 1361 καὶ
937 1308 1168 1380 μισητδς
1193 1311 1569 1384 προκρίνεται.
1612 1314 1800 1369 Ταῦτα
1837 1315 1937 1387 τῆς

349 1395 447 1449 τοῦ
478 1397 722 1469 Χριστοῦ
747 1401 1054 1472 παρουσίας
1077 1402 1148 1456 τὰ
1171 1405 1577 1477 κατορθώματα
1592 1421 1608 1437 ·
1640 1406 1816 1462 ταῦτα
1836 1408 1939 1479 τῆς

350 1486 519 1542 αὐτοῦ
539 1488 822 1560 δυνάμεως
843 1491 915 1546 τὰ
937 1494 1322 1566 γνωρίσματα.
1348 1497 1422 1552 Οὐ
1439 1496 1548 1570 γὰρ
1572 1498 1648 1563 ὡς
1662 1499 1756 1554 ’διὰ
1783 1501 1939 1556 Μωῦ-

2031 591 2130 632 nes
2157 592 2297 647 quos
2335 579 2616 650 mancipio
2646 579 2978 636 constrictos
3021 583 3298 648 tenebant,
3329 583 3612 641 daamones

2031 670 2462 740 perhorrescunt
2502 671 2804 742 :quodque
2858 670 3153 726 mirificum
3203 683 3310 741 est,
3341 674 3455 730 lyaeo
3496 691 3615 732 om-

2033 758 2123 811 nia
2184 773 2280 828 per
2331 773 2556 814 crucem
2599 761 2991 831 cruciatusque
3038 776 3109 816 ac
3165 771 3404 818 mortem
3457 776 3614 835 gesta

2034 858 2210 905 sunt:
2253 848 2606 922 Evangelium
2642 866 2752 921 quo
2815 850 2910 907 Dei
2945 852 3186 923 cognitio
3244 857 3443 924 patuit,
3499 864 3616 910 toto

2035 942 2169 998 orbe
2224 945 2630 1015 promulgatum
2662 952 2788 1013 est.;
2829 959 2943 999 non
3004 945 3146 1000 bello
3198 947 3496 1017 armisque,
3562 955 3616 1003 et

2035 1035 2373 1092 exercitibus
2402 1035 2750 1091 adversarios
2801 1035 3044 1092 fundens
3081 1052 3313 1092 :verum
3365 1037 3616 1094 homines

2036 1125 2219 1195 pauci,
2244 1126 2398 1193 nudi,
2423 1140 2722 1197 pauperes,
2748 1139 2812 1180 ac
2827 1125 3136 1182 litterarum
3168 1127 3358 1192 rudes,
3389 1128 3620 1184 insecta-

2037 1217 2280 1273 tionibus
2313 1232 2379 1274 ac
2413 1217 2738 1275 verberibus
2783 1217 2998 1284 afﬂicti,
3043 1220 3167 1276 neci
3197 1220 3333 1288 dati,
3358 1237 3492 1277 eum
3525 1223 3620 1294 qui

2037 1307 2095 1363 in
2129 1323 2350 1365 crucem
2381 1318 2546 1367 actus
2581 1319 2947 1383 mortuusque
2985 1313 3186 1379 fuerat,
3223 1315 3616 1385 praedicantes,

2039 1400 2236 1459 doctos
2269 1410 2322 1459 et
2361 1413 2612 1474 potentes
2639 1416 2993 1478 superarunt.
3040 1407 3237 1464 Eorum
3267 1408 3410 1465 enim
3433 1423 3620 1465 comes

2039 1494 2233 1549 aderat
2283 1496 2638 1568 omnipotens
2686 1498 2864 1555 virtus
2909 1513 2976 1555 ac
3031 1507 3276 1570 potestas
3321 1499 3619 1558 Crucilixi.

352 1582 515 1650 σέως,
543 1583 639 1638 ἕνα
665 1584 792 1638 λαὸν
814 1582 875 1650 ἐξ
894 1585 1174 1655 Αἰγύπτου
1201 1588 1417 1660 καὶτῆς
1440 1588 1643 1659 Φαραὼ
1673 1589 1937 1657 δουλείας,

355 1675 635 1732 θάλασσαν
677 1679 976 1752 διαστήσας
1004 1682 1255 1737 διέσωσε.
1288 1683 1478 1738 Πᾶσαν
1509 1683 1567 1736 δὲ
1616 1683 1814 1754 μᾶλλον
1841 1684 1941 1756 τὴν

2039 1585 2182 1652 Quin
2224 1601 2375 1645 mors
2399 1588 2543 1660 ipsa,
2571 1605 2694 1662 quae
2728 1599 2998 1648 terrorem
3032 1593 3336 1648 maximum
3359 1593 3492 1649 olim
3533 1594 3619 1647 in-

2039 1677 2276 1746 ferebat,
2331 1689 2611 1752 prostrata
2660 1683 2803 1752 fuit;
2829 1691 2891 1740 et
2929 1699 3052 1755 quae
3081 1684 3360 1755 quondam
3407 1685 3535 1740 odio
3566 1694 3621 1740 et

353 1767 761 1841 ἀνθρωπότητα
803 1771 872 1825 ἐκ
905 1771 1114 1843 φθορᾶς
1160 1772 1404 1828 θανάτου
1461 1773 1559 1826 καὶ¹
1607 1772 1704 1826 τοῦ
1741 1773 1939 1845 πικροῦ

2045 1769 2263 1826 horrori
2293 1781 2435 1839 erat,
2475 1773 2591 1828 vita
2625 1771 2740 1843 jam
2786 1773 2971 1846 potior
3001 1773 3260 1834 habetur.
3292 1774 3465 1846 ’256
3493 1773 3621 1828 Haec

351 1861 646 1930 τυράννου,
673 1839 681 1841 ⁷
707 1863 807 1934 τῆς
861 1839 1140 1934 ἁμαρτίας
1187 1864 1496 1936 ἐρρύσατοο
1553 1867 1616 1919 οὐ
1660 1865 1753 1937 βίᾳ
1792 1839 1940 1935 ἄγων

2045 1861 2249 1920 Christi
2307 1864 2576 1922 adventus
2626 1839 2895 1935 praeclara
2931 1867 3176 1922 facinora
3211 1885 3224 1922 :
3281 1839 3397 1922 ιέεὲ
3420 1839 3620 1938 ipsius

354 1950 494 2022 πρὸς
521 1953 746 2025 ἀρετὴν,
784 1955 846 2008 οὐ
887 1958 958 2026 γῇ
990 1956 1342 2026 καταχωννῦς
1370 1956 1502 2027 (6⁸5),
1527 1956 1622 2011 κα)⁵
1658 1956 1797 2024 πυρὶ
1817 1957 1940 2026 φλέ-

2045 1955 2299 2025 potentiae
2360 1955 2571 2012 indicia
2628 1958 2930 2014 luculenta.
2998 1957 3120 2013 Non
3181 1958 3353 2024 enim,
3405 1965 3464 2012 ut
3528 1971 3624 2026 per

355 2061 490 2111 γων,
515 2046 610 2099 καὶ
630 2045 1025 2102 λιθοϐολεῖσθαι
1058 2047 1421 2120 προστάσσων
1453 2049 1579 2112 τοὺς
1599 2049 1940 2119 ἁμαρτάνον-

2045 2047 2310 2120 lloysem,
2366 2051 2632 2121 populum
2686 2066 2857 2107 unum
2903 2067 2976 2108 ex
3024 2050 3265 2122 Aigypto
3312 2065 3378 2106 ac
3434 2049 3623 2106 servili

355 2153 480 2202 τας,
523 2135 659 2190 ἀλλὰ
713 2138 982 2208 πραότητι
1039 2139 1136 2194 καὶ
1173 2139 1531 2212 μακροθυμίᾳ
1579 2139 1783 2194 πείθων
1815 2142 1940 2206 τοὺς

2045 2139 2348 2198 Pharaonis
2379 2141 2516 2215 iugo
2565 2143 2830 2200 dissectis
2864 2144 3040 2200 maris
3071 2142 3236 2198 undis
3266 2142 3522 2197 liberavit
3552 2141 3622 2206 ἰ,

354 2227 684 2299 ἀνθρώπους
725 2231 1024 2302 αἱρεῖσθαι
1059 2232 1161 2304 τὴν
1218 2232 1443 2304 ἀρετὴν,
1506 2232 1748 2296 καὶτοῖς
1802 2233 1940 2304 ὑπὲρ

2045 2249 2232 2290 verum
2281 2249 2448 2290 omne
2495 2234 2682 2306 potius
2723 2235 3034 2292 humanum
3083 2250 3266 2307 genus
3317 2249 3385 2289 ex
3425 2233 3624 2288 mortis

352 2319 563 2392 ταύτης
583 2322 984 2392 Δὲναμιλλὲἱσθαι
1011 2323 1217 2388 πόνοις,
1242 2324 1337 2377 καὶ
1357 2322 1710 2395 ὲνηδύνεσθαι
1726 2341 1741 2356 ’
1767 2323 1937 2378 πάλαι

2045 2328 2274 2384 interitu
2311 2339 2374 2385 et
2414 2329 2620 2386 acerba
2657 2329 2866 2401 peccati
2927 2327 3224 2402 tyrannide
3269 2326 3575 2384 vindicavit
3605 2344 3641 2382 εί

356 2413 461 2482 μὲν
483 2413 593 2485 γὰρ
623 2415 1034 2487 ἁμαρτάνοντες
1063 2416 1338 2487 ᾐκίζοντο,
1367 2418 1463 2471 καὶ
1505 2416 1586 2470 ἐτι
1619 2416 1720 2488 τῆς
1753 2418 1935 2489 ἁμαρ-

2045 2434 2155 2475 non
2195 2421 2420 2492 quidem
2465 2422 2533 2478 ad
2579 2423 2844 2478 virtutem
2895 2421 2948 2478 vi
2997 2421 3258 2494 adigeus;
3307 2434 3420 2475 non
3477 2428 3625 2474 terra

351 2505 478 2571 τίας
499 2507 830 2578 ἀντείχοντο,
866 2508 963 2562 καὶ
1015 2507 1136 2572 θεὸς
1175 2507 1363 2572 αὐτοῖς
1391 2511 1426 2581 ἡ
1451 2509 1698 2581 ἁμαρτία
1733 2509 1937 2578 λελόγι-

2045 2511 2307 2579 obruens,
2354 2528 2468 2569 non
2523 2513 2761 2571 ﬂammis
2821 2527 3088 2580 exurens,
3146 2528 3258 2570 non
3309 2511 3424 2584 peti
3477 2509 3626 2567 saxis

353 2610 487 2652 στο·
532 2597 628 2652 νῦν
669 2598 727 2652 δὲ
773 2599 914 2670 ὑπὲρ
956 2598 1243 2663 εὐσεϐείας
1285 2598 1383 2654 καὶ
1411 2599 1617 2671 ἀρετῆς
1645 2600 1938 2672 αἰκισμοὺς

2045 2614 2370 2674 peceatores
2393 2606 2627 2677 jubens,
2660 2621 2851 2664 verum
2902 2605 3330 2663 mansuetudine
3375 2619 3442 2660 ac
3490 2603 3628 2659 leni-

351 2688 659 2760 αίροῦνται,
691 2691 788 2745 καὶ
818 2689 1205 2763 στρεϐλώσεις,
1237 2693 1331 2745 καὶ
1365 2690 1617 2746 θάνατον.

2046 2701 2158 2750 tate
2204 2695 2461 2752 homines
2486 2696 2554 2752 ad
2586 2696 2849 2754 virtutem
2895 2695 3318 2768 amplexandam
3349 2694 3626 2756 alliciens.

353 2792 522 2855 atque
575 2787 655 2841 ita
691 2799 1046 2857 comparans,
1119 2796 1184 2842 ut
1249 2799 1350 2857 pro
1401 2801 1466 2843 ea
1518 2786 1881 2857 adipiscenda
1927 2787 2118 2844 labore
2175 2798 2230 2846 et
2297 2793 2607 2848 certamina
2663 2792 2773 2848 leti
2822 2791 3192 2862 susciperent.
3229 2787 3447 2844 Etenim
3495 2787 3644 2841 olims

350 2879 575 2949 quidem
612 2881 742 2938 licet
766 2896 895 2938 cum
921 2884 1224 2952 peecabant
1260 2895 1454 2952 poenas
1483 2881 1720 2947 luerent,
1759 2879 1940 2936 adhuc
1973 2887 2156 2938 tamen
2189 2895 2416 2954 peccato
2447 2884 2728 2942 mordicus
2787 2883 3164 2949 adhaerebant,
3235 2881 3385 2953 quod
3455 2881 3630 2936 instar

351 2973 606 3030 numinis
637 2973 927 3030 haberent.
969 2974 1042 3029 At
1080 2987 1258 3046 .nunc
1324 2980 1519 3029 contra
1589 2973 1811 3045 pietatis
1874 2973 2207 3045 virtutisque
2258 2990 2428 3032 causa
2510 2977 2744 3033 verbera
2795 2985 2851 3032 et
2905 2974 3207 3041 cruciatus,
3285 2979 3635 3043 mortemque

351 3063 786 3134 amplectuntur.

424 3152 591 3225 Εὖγε,
617 3151 663 3212 ὧ
691 3159 897 3230 Χριστὲ
925 3160 1062 3215 Θεοῦ
1092 3160 1256 3231 Λόγε,
1283 3159 1382 3213 καὶ
1413 3159 1597 3228 σοφία,
1649 3159 1744 3212 καὶ
1777 3156 1935 3210 δύνα-

2108 3155 2283 3225 Euge,
2307 3154 2549 3220 Christe,
2595 3153 2693 3211 Dei
2723 3152 2989 3218 Verbum,
3019 3152 3403 3223 sapientia,.et
3431 3158 3630 3224 poten-

356 3267 472 3319 μις,
506 3251 602 3303 καὶ
640 3250 743 3304 Θεὲ
772 3252 1174 3324 παντοκράτωρ
1193 3267 1208 3282 °
1253 3252 1307 3306 τί
1343 3268 1428 3306 σοι
1455 3249 1660 3305 τούτων
1684 3248 1940 3304 ἁπάντων

2047 3249 2157 3316 tia,
2184 3256 2352 3319 atque
2377 3247 2732 3317 omnipotens
2779 3245 2944 3313 Deus,
2979 3245 3111 3318 quid
3152 3246 3250 3302 tibi
3282 3260 3385 3301 nos
3435 3246 3631 3317 inopes

354 3343 406 3392 οἱ
449 3340 644 3412 ἄποροι
689 3343 852 3413 ἡμεῖς
895 3343 1280 3415 ἀντιδοίημεν;
1315 3343 1394 3397 Σὰ
1441 3342 1551 3413 γὰρ
1581 3341 1820 3409 ἅπαντα,
1851 3343 1940 3396 καὶ

2046 3350 2102 3397 et
2131 3343 2286 3414 egeni
2321 3357 2420 3412 pro
2449 3340 2573 3396 istis
2601 3339 2865 3396 omnibus
2901 3337 3304 3411 rependemus?
3333 3337 3447 3394 Tua
3479 3337 3626 3394 enim

357 3434 531 3497 αἰτεῖς
563 3435 695 3506 παρ’
728 3435 891 3506 ’ἡμῶν
937 3435 1114 3502 οὐδὲν,
1155 3436 1190 3507 ἢ
1220 3437 1281 3490 τὸ
1317 3434 1610 3500 σώζεσθαι,
1633 3435 1798 3500 αὐτὸς
1849 3437 1940 3491 καὶ

2047 3443 2178 3492 sunt
2202 3435 2407 3490 omnia.
2437 3431 2582 3499 Quin
2611 3430 2750 3487 nihil
2785 3431 3086 3502 quidquam
3121 3443 3152 3483 a
3171 3426 3332 3485 nobis
3351 3428 3628 3499 exposcis,

355 3524 520 3579 τοῦτο
539 3527 738 3594 διδοὺς,
764 3528 860 3582 καὶ
883 3527 1223 3598 λαμϐάνουσι
1253 3536 1284 3566 ιι
1317 3528 1478 3600 χάριν
1497 3527 1676 3591 εἰδὼς,
1705 3527 1775 3581 δι’
1803 3528 1946 3598 ἄφα-

356 3634 450 3672 τον
503 3619 822 3691 ἀγαθότητα
843 3635 860 3653 ο
913 3619 1004 3673 ’σοὶ
1057 3619 1237 3691 χάρις,
1269 3621 1347 3690 τῷ
1375 3619 1438 3673 τὸ
1475 3614 1616 3673 εἶναι
1669 3619 1943 3686 δεδωκότι,

357 3707 454 3759 καὶ
483 3707 546 3762 τὸ
573 3705 633 3762 εὖ
665 3703 806 3763 εἶναι
834 3712 1210 3781 χαρισαμένῳ,
1247 3709 1358 3765 κάκ
1376 3709 1569 3764 τούτου
1592 3710 1946 3782 παραπεσόν-

357 3812 462 3860 τας
492 3799 893 3868 ἐπαναγαγόντι
923 3799 1061 3872 πρὸς
1082 3799 1261 3866 τοῦτο,
1290 3798 1381 3855 διὰ
1404 3800 1507 3871 τῆς
1526 3801 1745 3871 ἀφὰτου.
1765 3808 1790 3837 ο
1813 3817 1946 3871 συγ-

358 3891 735 3958 καταϐάσεως.

891 4070 1145 4125 sema.
1171 4068 1228 4124 E’
1259 4068 1438 4142 [ou].

364 4161 524 4230 Πρὸς
549 4165 693 4228 τοὺς
736 4161 1101 4244 ἐρωτῶντας,
1129 4164 1184 4218 el
1225 4173 1254 4212 Ρ
1278 4162 1623 4244 Eia-datamq-
1663 4157 1772 4214 τοῦ
1808 4160 1946 4230 Χρι-

643 4231 795 4287 στοῦ
819 4232 1033 4300 κτιστή
1055 4234 1246 4297 ἐστιν,
1272 4232 1312 4301 ἣ
1343 4231 1652 4298 ἆκτιστος.

450 4323 512 4376 Ἦ
542 4323 840 4390 ὑπόστασις
856 4324 951 4379 τοῦ
971 4325 1107 4380 Θεοῦ
1134 4326 1309 4395 Λόγου
1335 4326 1444 4398 πρὸ
1465 4329 1566 4398 τῆς
1591 4325 1944 4398 σαρκώσεως,

365 4417 515 4486 ἁπλῆ
542 4412 632 4487 ἦν,
671 4417 763 4470 καὶ
797 4417 1112 4482 ἀσύνθετος,
1166 4421 1261 4473 καὶ
1307 4420 1621 4491 ἀσώματος,
1664 4419 1758 4474 καὶ
1787 4419 1945 4474 ἄκτι-

2046 3525 2158 3583 nisi
2188 3526 2424 3584 salutem
2457 3533 2705 3580 nostram
2739 3543 2754 3580 :
2789 3523 2955 3594 cujus
2985 3535 3110 3576 cum
3142 3530 3200 3575 tu
3255 3521 3374 3591 ipse
3402 3519 3629 3590 largitor

2041 3621 2148 3687 sis,
2178 3620 2548 3675 nihilominus
2575 3633 2679 3688 pro
2705 3615 3069 3672 inenarrabili
3102 3621 3196 3668 tua
3236 3612 3487 3669 bonitate
3519 3611 3629 3668 illis

2047 3709 2282 3783 gratiam
2341 3711 2535 3773 babes,
2581 3709 2677 3779 qui
2730 3722 2852 3764 eam
2911 3712 3354 3776 consequuntur.
3409 3690 3630 3757 Gratias

2045 3802 2176 3868 tibi,
2211 3801 2308 3872 qui
2337 3808 2394 3856 et
2421 3813 2545 3856 esse
2584 3806 2640 3855 et
2693 3799 2835 3855 bene
2883 3813 3009 3855 esse
3039 3796 3204 3851 nobis
3255 3791 3625 3857 concessisti;

2047 3906 2284 3964 cumque
2307 3892 2436 3947 hinc
2457 3891 2878 3955 excidissemus,
2894 3885 3265 3958 inexplicabili
3293 3883 3629 3941 demissione

2046 3994 2104 4042 et
2140 3983 2481 4057 indulgentia
2506 3982 2699 4039 eodem
2734 3997 2836 4038 nos
2865 3979 3159 4036 reduxisti.

2711 4071 2867 4128 CAP.
2901 4070 2968 4126 ν.

2049 4167 2130 4224 Ad
2158 4185 2247 4224 eos
2295 4168 2384 4222 aui
2412 4176 2658 4238 quarunt
2689 4180 2708 4220 :
2737 4163 2886 4221 Sitne
2927 4162 3132 4238 Christi
3157 4177 3384 4233 persona
3425 4167 3628 4222 creata,

2649 4253 2720 4290 an
2747 4237 2982 4290 increata
3003 4236 3031 4291 ?

2121 4330 2617 4402 Monophysitarum
2648 4325 3040 4382 cavillationem
3066 4324 3231 4379 aliam
3266 4322 3448 4378 diluit.
3474 4319 3629 4377 Chri-

2050 4423 2120 4480 sti
2178 4438 2401 4494 persona
2455 4422 2692 4475 increata
2725 4427 2772 4472 et
2807 4413 3226 4484 creata—{Dei
3275 4411 3442 4467 Verbi
3506 4427 3630 4482 per-

367 4525 514 4570 στος,
541 4507 886 4579 σαρκωθεῖσα
905 4509 963 4563 δὲ
993 4509 1159 4581 αῦτη,
1188 4509 1378 4580 γέγονε
1403 4511 1499 4565 καὶ
1520 4512 1587 4582 τῇ
1619 4511 1784 4582 σαρκὶ
1811 4511 1940 4566 ὑπό-

2055 4527 2216 4578 sona,
2253 4519 2383 4566 ante
2421 4523 2645 4564 carnem
2685 4513 3024 4575 assutnptam
3066 4501 3296 4574 simplex
3335 4510 3476 4567 erat,
3525 4517 3629 4556 nec

368 4614 580 4662 στασις,
632 4600 726 4652 καὶ
780 4600 971 4669 γέγονε
1032 4600 1288 4666 σύνθετος
1325 4605 1390 4656 ὲκ
1444 4601 1724 4672 θεότητος,
1761 4598 1829 4675 ἦς
1862 4604 1950 4657 ἀεὶ

367 4685 504 4759 εἶχε,
541 4692 633 4744 καὶ
667 4691 725 4759 ἐξ
749 4687 819 4765 ἦς
843 4692 1178 4765 προσείληφε
1209 4694 1413 4765 σαρκός
1434 4710 1449 4726 ·
1481 4695 1577 4749 καὶ
1634 4695 1793 4766 φέρει
1840 4694 1948 4750 τῶν

366 4782 461 4835 δύο
488 4783 704 4852 φύσεων
750 4784 819 4838 τὰ
865 4782 1152 4857 ἰδιώματα,
1189 4786 1246 4840 ὲν
1274 4786 1398 4840 δυσὶ
1433 4785 1809 4860 γνωριζομὲνη
1843 4787 1948 4858 φύ-

368 4893 519 4929 σεσιν
537 4892 550 4904 ·
591 4877 736 4931 ὥστε
765 4879 799 4947 ὴ
831 4877 969 4950 αὐτὴ
1001 4877 1100 4950 μία
1120 4878 1442 4947 ὑπόστασις,
1467 4879 1723 4954 ἄκτιστός
1750 4881 1810 4934 τέ
1831 4881 1950 4934 ἐστι

367 4971 434 5039 τῇ
471 4967 708 5040 θεότητι,
749 4969 847 5023 καὶ
889 4969 1084 5042 κτιστὴ
1110 4974 1177 5043 τῇ
1209 4971 1612 5044 ἀνθρωπότητι,
1649 4972 1819 5045 όρατὴ
1855 4974 1949 5028 καὶ

368 5061 636 5134 ἀόρατος·
691 5063 814 5118 ἐπεὶ
848 5063 1296 5137 ἀναγκαζόμεθα,
1346 5064 1382 5137 ἦ
1440 5064 1667 5138 διαιρεῖν
1712 5065 1804 5120 τὸν
1850 5063 1948 5119 ἕνα

445 5218 486 5250 ³⁸
524 5217 700 5276 Exod.
743 5236 856 5283 xiv.
895 5220 983 5277 16.

2050 4605 2376 4676 composita,
2448 4601 2700 4672 corporis
2755 4613 2954 4669 expers
3004 4603 3058 4652 et
3107 4596 3374 4650 increata.
3408 4593 3485 4647 Ex
3517 4608 3630 4663 quo

2049 4709 2230 4756 autem
2290 4713 2511 4753 carnem
2571 4694 2850 4763 suscepit,
2919 4690 3074 4745 carni
3122 4703 3343 4759 quoque
3391 4700 3628 4756 persona

2051 4791 2196 4848 facta
2227 4799 2334 4853 est,
2369 4783 2792 4858 compositaque
2827 4784 3003 4841 evasit
3034 4799 3098 4838 ex
3128 4780 3438 4845 divinitate,
3463 4792 3627 4847 quant

2056 4896 2339 4952 nunquam
2379 4893 2489 4933 non
2537 4877 2748 4943 habuit,
2780 4885 2836 4930 ct
2875 4890 2942 4930 ex
2981 4888 3151 4929 carne
3206 4886 3372 4942 quam
3413 4883 3628 4925 assum-

2057 4975 2188 5046 psit,
2222 4971 2472 5043 geritque
2524 4969 2666 5024 adeo
2711 4965 2949 5035 duplicis
2979 4968 3188 5018 natura:
3237 4959 3624 5030 proprietates,

2057 5070 2116 5120 ut
2177 5075 2300 5134 qua:
2358 5059 2415 5115 in
2471 5060 2685 5116 duabus
2739 5055 2963 5113 naturis
3013 5059 3302 5109 noscatur.
3333 5049 3453 5117 Quo
3477 5049 3536 5105 ﬁt
3565 5056 3626 5104 ut

1671 5290 1908 5347 VARUE
1950 5289 2363 5349 LECTIONES.

451 5401 466 5440 ι
499 5401 717 5475 βοῶ-ει
737 5397 1216 5475 τροπούμενοςηε.
1247 5398 1443 5475 Ηὶίεοι
1465 5400 1665 5475 Noster
1686 5399 2065 5475 τροποόμενοι.
2141 5409 2183 5431 ⁸⁸
2217 5398 2374 5455 Edita
2407 5395 2677 5468 στυγητὸς
2729 5394 2826 5449 καὶ
2865 5391 3097 5468 μισητὸς
3141 5389 3330 5448 πάλαι.
3419 5396 3450 5426 τι
3478 5385 3623 5442 Edit.

369 5475 467 5526 καὶ
501 5471 820 5546 λαμϐάνεις.
899 5481 924 5510 ο
950 5471 1113 5530 Colb.
1137 5471 1165 5528 1
1197 5479 1253 5527 et
1285 5471 1377 5527 alii
1397 5471 1730 5544 ἀφράστοιο(
1781 5481 1808 5521 ν
1837 5471 1967 5528 Mss.
1991 5473 2047 5542 ή.

1892 5608 2124 5667 NOTAE.

449 5737 561 5806 (63)
605 5737 698 5806 Οὺί
739 5734 816 5806 γῆ
855 5731 1276 5806 κιιταχωννύςΣ
1336 5729 1463 5806 Non
1505 5736 1656 5806 terra
1705 5727 1949 5783 obrueus.

377 5800 643 5880 Theologi
671 5800 853 5864 denuo
887 5800 1068 5865 verbis
1100 5801 1373 5874 significat
1397 5800 1715 5870 deglutiissc
1747 5809 1950 5855 terram

2062 5725 2271 5786 Datban
2322 5733 2371 5777 ct
2417 5720 2644 5793 Abirou,
2684 5728 2739 5774 et
2784 5714 3094 5793 immissum
3147 5712 3348 5793 ignem,
3386 5725 3495 5793 quo
3521 5707 3630 5765 du-

2060 5784 2202 5851 centi
2236 5803 2288 5851 ct
2319 5792 2714 5865 quinquaginta
2746 5788 2851 5846 viri
2884 5801 3007 5844 cum
3041 5784 3180 5843 Core
3217 5784 3520 5856 perierunt,
