3960 6198
329 379 463 449 liii
1496 393 1556 450 S.
1599 388 1920 452 JOANNIS

2038 387 2404 448 AMASCENI
3459 381 3601 446 1112

328 510 439 553 una
473 495 777 568 eademque
807 510 1043 569 persona
1092 505 1146 554 et
1197 498 1506 558 divinitatis
1551 503 1768 558 ratione
1825 501 1912 557 inv

2038 499 2273 572 [ριστδν,
2297 498 2392 554 δύο
2437 496 2539 564 τὰς
2591 496 2926 562 ὑποστάσεις
2970 493 3307 565 λέγοντες,ἦ
3342 493 3438 564 τὴν
3485 494 3602 547 τῶν

330 596 517 644 creata
554 589 650 656 sit,
679 594 733 644 et
764 597 949 644 creata
982 588 1199 647 ratione
1223 589 1622 660 humanitatis;
1667 591 1907 648 visibilis

2038 592 2236 661 ρύσεων
2280 591 2567 665 ἀρνεῖσθαι
2616 589 2904 662 διαφορὰν.
2958 588 3053 644 καὶ
3081 587 3291 660 τροπὴν
3327 586 3602 654 εἰσάγειν,

333 681 502 737 simul
534 686 588 738 et
619 681 937 738 invisibilis.
992 680 1130 736 Nam
1185 683 1385 754 alioqui
1418 685 1474 738 in
1505 699 1598 740 eas
1626 683 1910 756 angustias

2038 685 2110 739 ιαὶ
2141 683 2424 756 σύγχυσιν.

335 773 695 840 adducemur,
735 783 796 830 ut
834 775 919 831 vel
985 791 1158 830 unum
1211 777 1578 848 eumdemque
1635 777 1918 833 Christum
1953 775 2288 842 dividamus,
2321 776 2462 832 duas
2491 790 2758 848 personas
2794 773 3113 839 asserendo,
3191 771 3279 826 vel
3373 781 3606 826 natura-

335 882 460 922 rum
494 865 910 922 distinctionem
973 866 1309 936 inticiantes,
1371 871 1794 927 conversionem
1827 869 1910 925 vel
1949 869 2336 927 confusionem
2365 869 2711 924 inducamus.

969 983 1129 1040 CAP.
1182 971 1277 1040 γι.

2535 982 2788 1036 ΚΕΦΛΔ.
2842 984 2912 1050 (τ’
2951 980 3119 1054 [oe].

642 1093 869 1162 Quando
903 1094 1147 1154 Christus
1189 1107 1268 1154 est
1301 1099 1618 1171 appellatus.

2283 1096 2425 1167 Περὶ
2445 1096 2575 1166 τοῦ,
2608 1096 2755 1152 πότε
2783 1095 3010 1166 ἐκλήθη
3046 1099 3325 1167 Χριστός.

407 1202 552 1272 Νοη,
583 1205 1300 1283 quemadmodumquidam
1338 1210 1478 1267 falso
1516 1208 1819 1282 praedicant
1849 1208 1915 1274 ³²,

2093 1212 2208 1283 Οὐχ
2235 1209 2312 1276 ὥς
2342 1227 2485 1275 τινες
2508 1209 2622 1282 (6b)
2652 1207 3077 1281 ψευδηγοροῦσι,
3106 1209 3216 1282 πρὸ
3243 1210 3345 1279 τῆς
3368 1211 3433 1263 ἐκ
3458 1210 3618 1280 Παρ-

340 1311 498 1353 mens
529 1304 657 1354 ante
713 1313 937 1354 carnem
969 1281 1318 1371 ex‘Virgine
1380 1310 1745 1372 assumptam,
1808 1299 1920 1356 Deo

2038 1281 2183 1356 )évoui
2201 1281 2532 1374 σαρκώσεως
2548 1301 2578 1355 6
2606 1298 2732 1365 νοῦς
2756 1299 2940 1371 ήνώθη
2959 1299 3039 1370 τῷ
3063 1299 3185 1370 Θεῷ
3214 1301 3393 1371 Λόγῳ,
3417 1301 3516 1353 καὶ
3548 1303 3619 1353 ἐκ

343 1387 524 1445 Verbo
556 1391 816 1460 copulata
879 1400 986 1456 est,
1033 1400 1091 1448 et
1141 1395 1258 1462 jam
1301 1403 1419 1449 tum
1475 1394 1680 1450 Christi
1716 1407 1916 1448 nomen

2038 1397 2146 1472 πόσε
2175 1396 2379 1468 ἐκλήθη
2415 1395 2680 1469 Χριστός;
2737 1393 2901 1449 τοῦτο
2927 1393 3038 1448 τῶν
3097 1395 3410 1467 Ὠριγὲνους
3435 1394 3620 1465 ληρηο

343 1481 578 1552 accepit.
618 1479 1007 1538 Commentum
1034 1484 1181 1538 enim
1212 1485 1320 1540 hoc
1361 1486 1510 1541 inter
1543 1485 1798 1555 Origenis
1825 1484 1920 1539 de-

2038 1488 2214 1561 μάτων
2245 1489 2308 1542 τὸ
2341 1489 2516 1562 ἀτόπη
2526 1505 2624 1559 μα,
2651 1486 3005 1560 προδπαρξιν
3028 1487 3221 1558 ψυχῶν
3243 1487 3621 1558 δογματίσανο

345 1575 635 1630 liramenta
671 1585 1015 1654 recensetur,
1049 1580 1144 1648 qui
1181 1577 1393 1632 animas
1436 1578 1764 1649 corporibus
1798 1589 1923 1632 esse

2038 1600 2136 1646 τος.
2193 1583 2384 1654 Ἦμεῖς
2429 1582 2488 1636 δὲ
2539 1581 2774 1653 Χριστὸν
2830 1580 3157 1651 γεγενῆσθαί
3202 1589 3232 1630 ιι
3278 1597 3462 1650 φαμεν
3521 1578 3620 1630 τὸν

347 1666 680 1722 vetustiores
716 1648 996 1723 docuerit:
1032 1668 1142 1724 Nos
1170 1684 1301 1725 vero
1348 1648 1572 1735 Filium,
1600 1670 1760 1740 257
1793 1668 1924 1725 Dei-

2038 1674 2158 1728 Υἱδν
2181 1648 2278 1727 καί
2298 1673 2472 1742 Λόγον
2501 1648 2603 1728 τοῦ.
2618 1672 2779 1740 Θεοῦ,
2805 1648 2984 1742 ἀιρόῦ
3011 1648 3072 1726 ἓν
3093 1648 3299 1742 γαστρὶ
3317 1648 3419 1741 τῆς
3446 1670 3622 1738 ἁγίας

346 1775 456 1830 que
489 1758 748 1827 Verbum,
792 1767 908 1816 tum
959 1760 1183 1816 demum
1219 1762 1394 1818 fuisse
1436 1762 1720 1818 Christum
1761 1776 1925 1818 voca-

2039 1767 2232 1819 ’Δειπα
2242 1763 2431 1836 ρθένου
2454 1767 2757 1836 ἐσκήνωσε,
2784 1765 2880 1818 καὶ
2900 1763 3038 1834 σὰρξ
3055 1764 3344 1836 ἀτρέπτως
3370 1761 3620 1830 ἐγένετο,

348 1859 579 1922 tumque
628 1868 757 1910 esse
837 1853 1101 1920 dicimus,
1154 1869 1279 1911 cum
1330 1865 1538 1912 sanctae
1602 1872 1928 1928 semperque

2038 1858 2124 1912 καὶ
2145 1857 2372 1928 ὲχρίσθη
2400 1858 2434 1928 ἡ
2463 1856 2600 1926 σὰρξ
2625 1859 2691 1928 τῇ
2721 1856 2960 1926 θεότητι.
2993 1856 3189 1926 Χρίσις
3213 1854 3323 1926 γὰρ
3353 1853 3496 1925 αῦτη
3520 1853 3625 1923 τῆς

350 1943 594 2016 Virginis
643 1955 858 2001 uterum
904 1946 1287 2018 inhabitando,
1325 1964 1457 2005 caro
1486 1949 1631 2004 citra
1664 1949 1926 2005 mutatio-

351 2051 475 2093 nem
504 2038 670 2093 ullam
719 2039 901 2095 t'actus
947 2048 1056 2104 est,
1109 2048 1388 2111 unctaque
1434 2055 1563 2095 caro
1597 2040 1702 2096 fuit
1732 2041 1929 2096 divini-

350 2135 485 2184 tate.
523 2127 649 2185 Hazc
694 2145 930 2202 namque
965 2130 1328 2188 humanitatis
1371 2132 1563 2187 unctio
1598 2131 1830 2198 exstitit,
1869 2138 1930 2186 ut

351 2221 434 2276 ait
496 2219 795 2293 Gregorius
848 2221 1160 2294 TheOIOgus
1214 2224 1280 2278 ³³.
1336 2221 1736 2281 Sanctissimus
1798 2224 1929 2278 item

349 2314 700 2370 Alexandria
727 2316 934 2386 praesul
979 2315 1226 2387 Cyrillus
1251 2315 1577 2387 imperatori
1619 2313 1930 2371 Theodosio

351 2405 602 2463 scribens
633 2406 701 2471 “,
735 2406 791 2461 in
831 2406 976 2462 hunc
1025 2407 1246 2463 modum
1279 2408 1528 2478 loquitur
1557 2426 1570 2462 :
1603 2426 1624 2460 ι
1659 2405 1929 2477 Equidem

352 2497 737 2553 necessarium
769 2513 895 2554 esse
921 2498 1184 2565 arbitror,
1220 2506 1282 2554 ut
1331 2514 1434 2556 nec
1483 2498 1724 2556 Verbum
1786 2497 1931 2570 quod

353 2603 421 2646 ex
472 2588 582 2646 Deo
626 2588 748 2645 siue
791 2589 1136 2645 humanitate
1181 2599 1371 2645 natum
1421 2598 1527 2655 est,
1586 2605 1688 2646 nec
1736 2605 1933 2647 rursus

354 2679 646 2751 templum,
697 2679 845 2751 quod
893 2696 958 2736 es
991 2681 1225 2737 muliere
1275 2690 1431 2750 partu
1479 2681 1689 2737 editum
1740 2691 1847 2747 est,
1884 2682 1931 2738 si

356 2769 539 2828 Verbo
577 2773 794 2828 unitum
819 2787 932 2828 non
965 2775 1060 2839 sit,
1081 2772 1270 2830 Jesum
1317 2774 1599 2830 Christum
1642 2789 1934 2845 nuncupe-

356 2879 500 2921 mus.
533 2865 752 2922 Etenim
789 2863 1028 2921 Verbum
1065 2867 1212 2937 quod
1243 2882 1310 2922 es
1343 2866 1455 2923 Deo
1482 2876 1588 2934 est,
1630 2883 1740 2923 non
1775 2867 1936 2922 aliter

355 2953 618 3012 Christus
649 2964 932 3020 censetur.
974 2957 1080 3012 nisi
1116 2965 1395 3027 quatenus
1427 2973 1526 3027 per
1567 2957 1936 3028 dispensatio-

357 3047 446 3104 nis
501 3047 763 3102 unionem
815 3061 1022 3102 arcano
1055 3048 1219 3103 modo
1269 3062 1392 3103 cum
1436 3048 1777 3105 humanitate
1804 3063 1938 3106 con-

2031 1947 2479 2019 ἀνθρωπότητος,
2508 1946 2584 2012 ὥς
2605 1963 2774 2018 φησιν
2800 1949 2830 2001 6
2852 1946 3114 2016 Θεολόγος
3145 1947 3475 2017 Γρηγόριος.
3506 1946 3626 2000 Καὶ

2029 2042 2058 2094 6
2089 2029 2384 2110 ἱερώτατος
2430 2038 2488 2092 δὲ
2515 2040 2544 2093 ό
2590 2039 2691 2109 τῆς
2729 2037 3125 2110 Ἀλεξανδρέων
3179 2037 3451 2110 Κύριλλος
3479 2037 3627 2108 πρὸς

2029 2133 2122 2186 τὸν
2141 2131 2370 2203 βασιλέα
2395 2131 2675 2186 Θεοδόσιον
2699 2132 2948 2204 γράφων,
2968 2132 3096 2187 τάδε
3118 2131 3324 2202 ἔφησεν
3345 2141 3392 2170 τ·
3414 2149 3432 2183 ι
3457 2132 3621 2201 Χρῆ-

2031 2242 2120 2281 ναι
2153 2223 2262 2296 γὰρ
2303 2223 2482 2294 ἔγωγέ
2523 2240 2690 2296 φημι,
2741 2226 2878 2296 μήτε
2909 2225 3002 2279 τὸν
3053 2227 3118 2279 ἐκ
3145 2224 3284 2278 Θεοῦ
3316 2224 3487 2293 Λόγον
3523 2224 3626 2276 ἁν-

2032 2318 2382 2391 θρωπότητος
2409 2319 2552 2389 δίχα,
2588 2319 2726 2389 μήτε
2763 2317 2868 2390 μὴν
2897 2318 2988 2372 τὸν
3019 2319 3085 2373 ἐκ
3116 2315 3381 2387 γυναικὸς
3421 2317 3629 2370 ἀποτε-

2031 2411 2232 2484 χθέντα
2253 2412 2403 2476 ναὸν,
2430 2413 2531 2483 οὐχ
2559 2411 2826 2467 ἐνωθέντα
2847 2411 2924 2483 τῷ
2952 2411 3132 2482 Λόγῳ,
3149 2409 3387 2482 Χριστὸν
3407 2407 3632 2481 Ἰησοῦν

2032 2501 2421 2575 ὀνομάζεσθαι.
2462 2502 2872 2576 ’Λνθρωπότητι
2901 2503 3012 2573 γὰρ
3043 2501 3165 2556 καθ’
3189 2501 3384 2554 ἕνωσιν
3413 2501 3633 2554 οἰκονο-

2037 2595 2205 2668 μικὴν
2227 2596 2561 2668 ἁπορῤήτως
2590 2593 3059 2666 συνενηνεγμένος
3093 2594 3124 2647 6
3156 2593 3222 2646 ὲκ
3252 2589 3388 2645 Θεοῦ
3422 2589 3631 2659 Λόγος.

2035 2692 2240 2744 νοεῖται
2277 2687 2535 2760 Χριστός.
2573 2705 2592 2738 ι
2631 2686 2743 2741 Καὶ
2774 2686 2912 2757 πρὸς
2960 2685 3060 2749 τὰς
3089 2683 3370 2755 βασιλίδας
3402 2681 3586 2745 οῦτως
3609 2695 3631 2710 ⁶

2041 2796 2062 2831 ι
2098 2780 2257 2844 Τινές
2295 2793 2480 2848 φασιν,
2517 2778 2602 2831 ὅτι
2655 2775 2716 2830 τὸ
2751 2774 3011 2844 Χριστὸς
3063 2774 3238 2845 δνομα
3285 2771 3488 2846 πρέπει
3527 2774 3638 2826 καὶ

2039 2873 2190 2944 μόνῳ
2214 2873 2310 2926 καὶ
2333 2871 2440 2943 ἰδίᾳ
2469 2871 2592 2924 καθ’
2621 2867 2784 2924 αὐτὸν
2825 2868 3125 2938 νοουμένῳ,
3162 2866 3261 2921 καὶ
3293 2865 3634 2937 ὑπάρχοντι,

2037 2961 2116 3034 τῷ
2151 2964 2216 3016 ὲκ
2243 2961 2379 3015 Θεοῦ
2411 2959 2628 3031 [ἰατρὸς
2659 2958 2975 3028 γεννηθέντι
3006 2958 3190 3029 Λόγῳ.
3233 2958 3425 3028 Ἡμεῖς
3442 2956 3503 3010 δὲ
3526 2955 3639 3025 οὑχ

2039 3054 2182 3110 οὕτω
2214 3051 2573 3123 δεδιδάγμεθα
2607 3053 2849 3123 φρονεῖν,
2879 3049 2913 3120 ἢ
2949 3049 3164 3119 λέγειν’
3191 3049 3282 3103 ὅτε
3303 3049 3412 3117 γὰρ
3429 3046 3638 3116 γέγονε

355 3141 616 3242 junctum
657 3140 782 3196 fuit.
829 3161 848 3194 ι
901 3139 1255 3212 Rursumque
1299 3141 1368 3196 ad
1422 3142 1810 3212 imperatrices
1860 3143 1934 3198 ita

2043 3143 2184 3216 σὰρξ
2213 3145 2244 3198 6
2291 3143 2469 3212 Λόγος
2491 3185 2507 3210 ,
2543 3142 2667 3196 τότε
2702 3141 2800 3196 καὶ
2842 3140 3163 3213 ὠνομάσθαι
3195 3139 3428 3212 λέγομεν
3459 3139 3641 3194 αὑτὸν

360 3219 956 3298 εοιίιιὶι³⁸εσριιίᾶωιι
1027 3231 1240 3287 Christi
1295 3245 1522 3298 nomen,
1574 3230 1756 3288 Verbo
1809 3233 1937 3299 soli,

361 3324 803 3392 singulatimque
848 3325 906 3378 in
957 3338 1018 3379 se
1056 3323 1412 3380 considerato
1440 3333 1494 3378 et
1536 3325 1845 3392 exsistenti,
1881 3333 1944 3381 ut

361 3429 393 3468 a
424 3413 584 3468 Patre
613 3412 855 3483 genitum
888 3421 994 3479 est,
1018 3413 1320 3468 convenire
1352 3425 1634 3470 asserunt.
1671 3413 1784 3471 Nos
1811 3431 1942 3473 vero

361 3507 440 3560 ita
471 3505 680 3560 sentire
715 3511 770 3560 et
795 3503 945 3575 loqui
976 3517 1323 3576 nequaquam
1344 3504 1524 3561 edocti
1561 3522 1772 3564 sumus.
1804 3508 1940 3564 Nam

363 3596 588 3668 quando
619 3595 858 3652 Verbum
916 3595 1123 3651 factum
1173 3603 1265 3652 est
1322 3610 1474 3661 caro,
1525 3605 1642 3652 tum
1699 3599 1942 3668 primum

363 3687 528 3745 etiam
557 3687 839 3744 Christum
875 3686 1066 3745 Jesum
1092 3688 1438 3744 nominatum
1476 3687 1652 3746 fuisse
1677 3690 1939 3747 dicimus.

365 3778 501 3837 Nam
543 3780 674 3852 quia
725 3781 1120 3836 essultationis
1166 3781 1309 3847 oleo,
1347 3781 1466 3838 sive
1500 3781 1736 3852 Spiritu,
1770 3795 1800 3835 a
1833 3780 1943 3836 Deo

366 3878 422 3928 et
457 3869 619 3928 Patre
641 3879 842 3928 unctus
874 3879 980 3938 est,
1001 3880 1235 3927 eatenus
1264 3870 1519 3928 Christus
1542 3872 1848 3943 appellatur
1871 3870 1939 3939 “_.

368 3962 524 4033 Quod
550 3975 731 4021 autem
761 3966 951 4021 unctio
981 3965 1036 4021 in
1063 3964 1412 4022 humanitate
1453 3965 1596 4022 facta
1627 3965 1722 4032 sit,
1750 3966 1804 4021 in
1834 3964 1940 4022 du-

2041 3234 2279 3309 Χριστδν
2313 3234 2543 3306 Ἰησοῦν.
2583 3233 2802 3305 Ἐπειδὴ
2855 3233 2964 3304 γὰρ
2993 3231 3282 3304 κέχρισται
3327 3231 3410 3303 τῷ
3459 3230 3643 3302 ιλαίῳ

2039 3327 2138 3398 τῆς
2175 3325 2574 3395 ἀγαλλιάσεως,
2636 3325 2758 3396 ἦτοι
2803 3322 2883 3394 τῷ
2912 3321 3194 3393 Πνεῦματι
3225 3333 3270 3388 ³,
3326 3321 3480 3392 παρὰ
3534 3320 3639 3374 τοῦ

2040 3417 2178 3472 Θεοῦ
2231 3419 2326 3472 καὶ
2390 3416 2606 3488 Πατρός
2631 3458 2646 3483 ,
2702 3415 2961 3487 ταύτῃτοι
2998 3413 3237 3486 Χριστὸς
3275 3412 3637 3485 ὀνομάζεται.

2043 3509 2170 3563 Ὅτι
2199 3509 2258 3564 δὲ
2288 3508 2418 3581 περ)⁸
2447 3507 2509 3562 τδ
2529 3505 2871 3579 ἀνθρώπινον
2894 3506 2928 3576 ἡ
2959 3506 3162 3578 χρίσις,
3199 3505 3302 3558 οὐκ
3325 3503 3390 3558 ἂν
3419 3503 3642 3558 ἐνδοιά-

2047 3601 2164 3656 σειέ
2189 3618 2274 3665 τις
2297 3601 2406 3654 τῶν
2433 3599 2568 3670 ὀρθὰ
2588 3601 2804 3670 φρονεῖν
2825 3596 3117 3652 εἰωθότων.
3143 3615 3163 3648 ι
3181 3597 3290 3649 Καὶ
3305 3594 3644 3658 Ἀθανὰσιος

2047 3694 2106 3750 δὲ
2141 3696 2170 3749 6
2193 3693 2554 3764 παναοίδιμος
2581 3693 2640 3745 ὲν
2679 3691 2756 3762 τῷ
2783 3692 2913 3764 περὶ
2937 3691 3041 3762 τῆς
3093 3689 3472 3761 σωηριὼδους
3502 3689 3641 3741 ὲπι-

2050 3784 2280 3854 φανείας
2307 3783 2473 3853 λόγῳ,
2495 3775 2601 3837 ὧδέ
2629 3797 2708 3852 πη
2738 3780 2886 3850 λέγει
2907 3796 2922 3811 ο
2963 3799 2983 3832 ι
3020 3779 3079 3833 '0
3100 3779 3469 3851 προῦπάρχων
3496 3776 3643 3841 Θεὸς

2046 3875 2155 3945 πρὸ
2208 3875 2310 3943 τῆς
2359 3875 2419 3927 ὲν
2470 3872 2637 3945 σαρκὶ
2685 3869 3002 3942 ἐπιδημίας,
3055 3870 3156 3924 οὐκ
3198 3865 3268 3941 ἦν
3314 3869 3637 3940 ἄνθρωπος,

2046 3966 2185 4021 ἀλλὰ
2239 3965 2374 4029 Θεὸς
2428 3960 2498 4036 ἦν
2527 3963 2667 4035 πρὸς
2694 3964 2790 4018 τὸν
2811 3963 2966 4027 Θεὸν,
2994 3961 3225 4034 ἀόρατος
3270 3961 3366 4014 καὶ
3411 3959 3645 4029 ἀπαθὴς

445 4139 491 4215 ξξ
515 4139 686 4215 tam:
709 4139 966 4215 Otfigenis
993 4141 1143 4215 l_i_b._u
1169 4109 1326 4215 ΠερὶΔ
1350 4142 1558 4215 ἀρχῶν,
1599 4157 1720 4200 cao.
1757 4143 1810 4198 6.
1887 4143 1932 4174 ³³

2038 4150 2112 4198 at.
2155 4142 2244 4208 36,
2314 4156 2424 4198 non
2466 4143 2628 4213 longe
2674 4155 2705 4196 a
2762 4140 2890 4198 line.
2961 4139 3008 4172 ⁸⁸
3036 4137 3183 4195 Edit.
3239 4137 3482 4210 Paris.p.
3541 4140 3640 4196 25.

375 4210 421 4243 ³⁸
456 4207 593 4266 ibid.
637 4226 691 4282 p.
755 4207 842 4268 54'.
921 4213 967 4246 '°
996 4209 1163 4269 Hebr.
1226 4207 1268 4279 ις
1301 4211 1352 4268 9.

1681 4364 1768 4418 VA
1779 4361 1918 4420 “UE
1955 4360 2255 4419 LECTION
2263 4361 2363 4418 ES.

449 4494 662 4551 «Edita
695 4489 1078 4564 γεγεννῆσθαι.
1161 4502 1183 4529 ι
1217 4488 1350 4545 Mss.
1384 4487 1512 4542 τάδε
1542 4485 1695 4557 φησι.

1795 4496 1816 4524 ³
1851 4483 1983 4538 Mss.
2025 4481 2104 4554 τῷ
2139 4482 2282 4552 ἁγίῳ
2313 4481 2615 4553 Πνεῦματι.

1893 4649 2125 4707 NOTAE.

447 4755 727 4833 (60.012;
756 4752 836 4833 ὣς
857 4766 1040 4832 τιττες-
1080 4744 1216 4833 Νιξη,
1236 4743 1676 4833 recusandus
1712 4744 1955 4833 9954992
1988 4747 2031 4801 υ

375 4813 489 4886 (διὰ
518 4813 632 4884 ίέἱο
680 4813 1047 4894 S'oplironius,
1081 4813 1258 4894 epist.
1278 4817 1345 4870 ad
1390 4815 1548 4894 Serg.
1581 4833 1596 4870 :
1632 4813 1957 4894 incantatur

389 4884 613 4955 Verbum
632 4884 796 4959 Deus,
821 4908 922 4947 non
948 4884 1138 4960 efﬁcta}
1157 4889 1313 4960 prius
1331 4887 1480 4960 carni
1503 4884 1802 4960 copulatus.
1820 4900 1958 4952 pra:-

377 4971 667 5040 formatove
697 4975 746 5020 et
766 4955 1051 5040 jam_in'se
1079 4955 1383 5040 subsistenti
1417 4971 1630 5040 corpore
1673 4955 1955 5040 implexus.

375 5029 439 5094 οὐ
468 5029 864 5112 προῦπωτᾶσῃ
877 5032 1025 5112 ψυχῇ
1049 5029 1454 5112 συντιθέμενος,
1471 5037 1699 5080 autcum
1719 5037 1958 5112 exstante

377 5097 526 5181 prin;
552 5110 734 5181 anima
761 5097 1104 5181 compositus.
1135 5097 1224 5152 sed
1262 5097 1383 5180 sunt
1414 5097 1800 5181 utrumquead
1833 5098 1958 5150 sub-

378 5166 674 5236 sistendum
699 5166 950 5231 venirent.
992 5171 1258 5240 Origenes
1295 5169 1535 5223 animam
1592 5166 1799 5220 Christi
1831 5182 1956 5240 per-

381 5252 509 5306 inde
540 5251 820 5304 Cbristum
851 5245 1021 5310 fuisse
1047 5237 1338 5310 antequam
1388 5246 1730 5302 nasceretur,
1745 5237 1958 5310 tenuit,

382 5323 478 5377 lib.
510 5337 547 5375 ιι
592 5318 730 5387 Περὶ
774 5309 977 5387 ἀρχῶν
1000 5353 1014 5377 ,
1052 5326 1172 5380 cap.
1194 5306 1279 5373 '6;
1338 5309 1715 5387 insitiuatquc_
1745 5306 1958 5361 beatam

385 5394 525 5447 hanc
555 5377 1076 5445 animam'm'eritam
1100 5377 1223 5436 esse
1256 5387 1316 5432 ut
1338 5394 1462 5434 cum
1495 5377 1677 5433 Verbo
1696 5377 1961 5447 iungere-

385 5471 509 5518 tur:
543 5461 676 5518 Cum
705 5458 856 5513 liberi
890 5453 1101 5528 arbitrii
1124 5449 1399 5528 facultate,
1426 5463 1841 5528 unumquemque
1873 5463 1965 5500 va-

385 5517 874 5588 rietasanimorum
905 5534 954 5580 et
976 5517 1253 5578 diversitas
1279 5519 1570 5584 habuisset,
1603 5517 1670 5572 ut
1700 5517 1840 5572 alius
1875 5532 1966 5568 ar-

387 5605 643 5663 dentiore.
701 5600 842 5654 alius
881 5597 1115 5650 tenuiore
1168 5602 1216 5646 et
1263 5590 1495 5663 exiliore_
1529 5605 1655 5658 erga
1691 5598 1960 5663 auctorem

389 5655 546 5728 suum
573 5655 752 5724 arnore
787 5676 1064 5726 teneretur.
1101 5663 1198 5716 illa
1229 5663 1430 5723 anima,
1461 5658 1524 5712 de
1555 5655 1659 5730 qua
1706 5658 1841 5710 dixit
1877 5655 1942 5730 .le

393 5727 507 5805 sus,
540 5741 665 5809 quia
698 5757 715 5787 ι
749 5737 916 5790 Nemo
946 5734 1143 5809 auferet
1169 5750 1203 5784 a
1230 5749 1308 5809 me
1333 5727 1796 5809 animanr'hmeant,
1830 5747 1851 5809 ι
1878 5727 1958 5808 .ab

395 5798 853 5868 initio'crcatara',
898 5815 944 5857 ct
989 5804 1228 5869 deinceps
1267 5799 1694 5868 inseparabiliter
1726 5798 1773 5852 ei
1799 5806 1846 5852 et
1873 5798 1956 5850 in-

2058 4737 2474 4796 dissociabititer
2504 4734 2787 4796 iubereris,
2829 4739 3008 4802 utpote
3037 4731 3336 4802 sapientiae,
3368 4738 3418 4786 et
3466 4729 3648 4787 Verbo

2061 4811 2184 4874 Dei,
2217 4819 2267 4865 et
2290 4809 2519 4872 veritati,
2548 4815 2598 4861 et
2625 4805 2730 4859 luci
2762 4817 2920 4874 verte,
2947 4811 2998 4857 et
3023 4811 3134 4856 tota
3164 4802 3648 4874 totum‘recipiens.

2061 4871 2217 4953 atque
2243 4881 2298 4934 in
2325 4879 2436 4953 ejus
2458 4878 2626 4932 lucem
2655 4873 3224 4953 splendoremque'ipsa
3251 4871 3465 4953 cadens,
3492 4872 3654 4953 facta

2060 4941 2142 5008 esi
2166 4967 2286 5006 cum
2317 4941 2429 5019 ipso
2457 4965 2595 5003 unus
2625 4941 2876 5019 spiritus,
2898 4941 3006 5019 etc.
3055 4941 3357 5019 Nonuenim
3392 4943 3654 5019 possibile

2061 5032 2200 5086 erat.
2241 5013 2345 5077 Dei
2373 5029 2625 5074 naturam
2655 5013 2877 5086 corpori
2917 5015 3028 5086 sine
3073 5013 3366 5086 ntediatore
3404 5014 3645 5086 misceri.

2064 5083 2348 5158 Nascitur,
2385 5098 2444 5144 ut
2472 5091 2729 5151 diximus,
2785 5085 2922 5139 Deus
2970 5083 3146 5149 homo,
3180 5083 3279 5137 illa
3335 5083 3648 5137 substantia

2061 5167 2362 5225 exsistente,
2394 5160 2479 5214 cui
2503 5161 2680 5229 utique
2701 5165 2884 5210 contra
2909 5164 3282 5229 naturam_n_0n
3303 5165 3417 5208 erat
3452 5169 3649 5229 corpus

2064 5223 2377 5292 assumere:
2411 5230 2503 5285 sed
2536 5223 2698 5298 neque
2728 5242 2912 5280 rursus
2942 5226 3124 5278 anima
3154 5223 3271 5298 illa.
3309 5233 3487 5298 utpote
3513 5224 3647 5276 sub-

2063 5306 2266 5359 stantia
2311 5294 2672 5360 rationabilis,
2725 5305 2913 5350 contra
2939 5305 3188 5348 naturam
3234 5294 3420 5347 habuit
3454 5307 3650 5360 capere

2062 5375 2253 5435 Deum.
2290 5375 2345 5426 in
2376 5388 2552 5440 quem.
2589 5377 2647 5423 ut
2685 5367 2926 5440 superius
2951 5364 3476 5440 diximus_,_uelut_in
3518 5364 3648 5440 Ver:

2066 5447 2187 5498 bunt
2213 5433 2267 5499 et
2297 5433 2615 5509 sapientiam
2643 5433 2760 5492 tota
2781 5439 3158 5509 iantcesserat.
3188 5433 3310 5509 Hoe
3326 5433 3646 5509 Adamantii

2066 5514 2298 5577 dictum,
2334 5503 2573 5568 Verbum
2609 5509 2784 5564 media
2813 5505 2996 5577 anima
3052 5519 3176 5560 esse
3220 5503 3434 5557 unitum
3463 5503 3645 5577 carni,

2068 5573 2478 5640 meliori'sensu
2515 5576 3410 5649 usurpavitNazianzenus,queat
3432 5573 3646 5649 utinam

2067 5656 2251 5726 potius
2274 5640 2669 5726 A‘spcctaverit'
2703 5647 2933 5703 Rutinus
2979 5647 3033 5700 in
3081 5642 3327 5718 Exposit.
3376 5640 3645 5715 Symboli,

2066 5721 2230 5796 quam
2261 5721 2512 5796 Ori'genis
2546 5721 2654 5776 sui.
