3864 6198
1267 285 1366 348 DE
1406 288 1585 350 FIDE
1614 289 2073 357 OBTHODOXA
2101 298 2250 360 LIB.
2283 301 2381 362 IV.

1844 588 2075 644 salutari
2114 592 2339 647 adventu
2399 593 2620 660 Christi,
2662 592 2743 649 sic
2787 593 3071 663 loquitur:
3103 612 3121 645 ι
3160 594 3305 651 Deus
3328 601 3420 663 qui

166 664 288 761 “in?
340 659 617 761 θιδιξξὶξῇιο
664 677 830 761 (illam
878 666 935 721 in
981 684 1149 727 came
1187 673 1496 743 adveniret.
1527 684 2069 749 nequaquam'bomo
2102 695 2247 755 erat,
2307 688 2406 744 sed
2445 659 2610 746 Deus
2651 690 2796 761 apud
2860 659 3057 756 Deum,
3125 659 3423 747 invisibilis

170 756 220 799 ct
244 754 631 853 impassibilis.
669 756 961 830 Postquam
995 773 1177 821 autem
1216 766 1398 825 factus
1427 779 1512 826 est
1544 771 1730 840 homo,
1768 774 1974 834 Christi
2014 789 2473 853 nomenpropter
2512 754 2735 838 carnem
2771 781 2968 837 accivit
3004 754 3144 849 sibi;
3177 782 3425 852 quando-

165 843 387 911 quidem
423 849 612 914 passio
652 858 736 906 est
786 868 937 910 mors
974 859 1219 913 nominis
1266 860 1431 931 hujus
1465 867 1808 923 consectaria
1840 879 1990 925 sunt.
2022 893 2042 926 ι
2249 843 2269 853 ⁸
2354 843 2370 853 ’
2790 868 2793 877 Α

231 939 295 991 ΕΞ
318 939 378 992 δὲ
407 944 504 995 καὶ
542 944 575 1014 ἡ
605 942 726 997 θεία
747 946 938 1021 Γραφή
967 969 1136 1022 φησι·
1176 954 1278 1007 Διὰ
1327 957 1504 1011 τοῦτο
1540 959 1748 1028 ἔχρισέ

165 1044 237 1081 σε
280 1033 315 1084 ὀ
366 1033 536 1099 Θεὸς,
574 1039 609 1089 ὁ
638 1038 781 1105 Θεός
823 1054 959 1108 σου,
1001 1042 1208 1098 ἔλαιον
1231 1047 1650 1117 ἀγαλλιάσεως
1696 1063 1746 1118 ιι,

168 1120 340 1176 ἰστέον
366 1123 444 1187 ὡς
465 1125 725 1192 πολλάκις
762 1129 1080 1205 κέχρηταιὴ
1113 1134 1231 1188 θεία
1273 1137 1462 1208 Ιῖραφὴ
1482 1138 1561 1209 τῷ
1602 1156 1747 1213 παρ-

165 1214 407 1282 ῳχηκότι
451 1216 631 1286 χρόνῳ
684 1220 805 1274 ἀντὶ
861 1222 954 1276 τοῦ
993 1225 1301 1296 μέλλοντος,
1356 1229 1431 1294 ὡς
1458 1230 1547 1284 τό·
1584 1232 1745 1287 Μετὰ

166 1304 352 1358 ταῦτα
406 1306 508 1360 ἐπὶ
552 1308 663 1378 τῆς
706 1311 821 1381 γῆς
870 1314 1058 1385 ὤφθη,
1090 1319 1192 1371 καὶ
1241 1320 1365 1387 τοῖς
1414 1321 1746 1392 ἀνθρώποις

166 1398 661 1487 συνανεστράφη.
699 1402 866 1458 Οὔπω
895 1406 1005 1479 γὰρ
1030 1408 1185 1481 ὤφθη
1208 1450 1223 1476 ,
1250 1412 1369 1466 οὐδὲ
1387 1416 1748 1487 συνανεστρά-

170 1501 237 1555 ’,τη
274 1486 412 1552 Θεὸς
466 1492 793 1563 ἀνθρώποις,
835 1497 923 1550 ὅτε
976 1499 1151 1553 ταῦτα
1200 1502 1436 1572 ἐλέγετο.
1484 1506 1595 1560 Καὶ
1643 1486 1740 1559 τό⁰

194 1580 307 1631 Exi
344 1579 467 1632 τῶν
503 1584 785 1655 ποταμῶν
814 1597 843 1628 ν
870 1591 1255 1660 Βαϐυλῶνος,
1310 1596 1440 1650 ἐκεῖ
1465 1598 1745 1653 ἐκαθίσα-

1922 965 2080 1032 Quod
2134 969 2272 1026 siin
2321 969 2522 1026 divinis
2571 983 2790 1042 quoque
2839 967 3138 1037 Scripturis
3175 967 3419 1023 dicitur:

1852 1054 2139 1126 Propterea
2163 1059 2314 1112 unxit
2334 1068 2381 1113 te
2406 1058 2569 1125 Deus,
2602 1059 2746 1113 Deus
2780 1067 2919 1123 tuus,
2967 1056 3079 1111 oleo
3120 1057 3317 1110 (milia:
3352 1058 3419 1123 ³⁷,

1853 1149 1996 1204 scire
2045 1149 2238 1205 attinet
2260 1148 2601 1221 Scripturam
2634 1164 2847 1205 sacram
2870 1148 3141 1220 praeterito
3179 1154 3423 1217 tempore

1853 1253 1953 1309 pro
1980 1237 2164 1293 futuro
2188 1254 2332 1310 saepe
2357 1241 2457 1295 uti.
2490 1240 2611 1306 Quo
2642 1241 2697 1295 in
2730 1255 2927 1311 genere
2957 1238 3089 1291 illud
3108 1244 3192 1292 est
3220 1256 3234 1291 :
3263 1237 3422 1292 Post-

1851 1330 1960 1383 Itazc
1990 1330 2045 1383 in
2086 1338 2228 1384 terra
2269 1330 2411 1385 visus
2444 1339 2543 1397 est,
2571 1340 2619 1385 et
2647 1347 2765 1385 cum
2804 1330 3102 1383 hominibus
3149 1345 3423 1382 conversa-

1852 1429 1936 1474 tus
1964 1430 2043 1475 est
2067 1421 2131 1474 ³⁸.
2149 1419 2391 1476 Necdum
2416 1421 2560 1478 enim
2589 1422 2741 1477 visus
2771 1420 2947 1476 fuerat
2983 1420 3146 1483 Deus,
3173 1434 3275 1474 nec
3298 1434 3423 1477 cum

1852 1510 2171 1568 hominibus
2216 1524 2473 1570 versatus
2506 1514 2704 1580 fuerat,
2735 1528 2859 1569 cum
2896 1514 3012 1568 haec
3044 1512 3366 1567 dicebantur
3403 1529 3418 1566 :

1850 1602 2092 1673 Itemque
2139 1603 2319 1659 illud:
2356 1603 2525 1674 Super
2571 1605 2795 1674 ﬂumina
2838 1605 3131 1675 Babylonis
3181 1604 3294 1657 illic
3340 1618 3424 1660 se-

166 1684 296 1734 μειο,
339 1671 443 1724 καὶ
481 1673 888 1748 ἐκλαύσαμεν.
936 1680 1160 1736 Οὐδέπω
1197 1683 1308 1756 γὰρ
1351 1686 1526 1741 ταῦτα
1560 1689 1749 1757 ἐγεγό-

1860 1671 2026 1749 dimus
2068 1705 2117 1750 et
2145 1696 2397 1771 ﬂeuimus
2435 1671 2505 1751 ἓν.
2534 1671 2788 1752 Nondum
2833 1671 2979 1753 enim
3018 1696 3132 1751 hate
3178 1694 3423 1768 contige-

175 1777 269 1813 νει.

713 1861 962 1919 ΚΕΦΑΛ.
996 1866 1207 1939 2111'].

174 1944 308 2030 Περὶ
337 1946 487 2030 τοὺς
505 1948 945 2030 ἐπερῳτῶντιις,
969 1960 1022 2011 εὶ
1043 1924 1391 2030 ᾃζῦοὲρύσεις
1416 1961 1751 2030 ἐγέννησεν

238 2017 275 2083 ἡ
314 2019 458 2099 sitia
494 2017 800 2099 βεοτόκος,
843 2017 1014 2081 κὰιεὶ
1037 2027 1145 2082 δύο
1172 2017 1407 2099 ’φύσειξ-
1432 2017 1530 2085 ἐπὶ
1555 2017 1741 2090 σὲαὺξ-

230 2088 344 2153 ροῦ
368 2088 718 2158 ἐκρέμαντο.

238 2177 458 2243 Φύσεως
486 2181 589 2251 μέν
615 2185 732 2239 ἐστι
756 2186 817 2239 τὸ
835 2188 1103 2260 ἀγένητον
1135 2192 1229 2246 καὶ
1261 2194 1509 2265 γενητὸν,
1541 2195 1628 2249 διὰ
1655 2197 1748 2251 τοῦ

179 2267 290 2331 ἑνὸς
314 2286 353 2323 ν
398 2275 771 2346 γραφόμενον,
811 2281 951 2352 ὅπερ
996 2282 1148 2354 δηλοί
1178 2286 1238 2338 τὸ
1273 2285 1529 2341 ἀκτιστον
1564 2289 1660 2343 καὶ
1690 2290 1752 2343 τὸ

180 2361 389 2415 κτιστύν
408 2378 422 2392 ·
454 2365 518 2417 τὸ
566 2366 625 2420 δὲ
649 2368 944 2441 ἀγέννητον
963 2375 1057 2428 καὶ
1095 2377 1374 2448 γεννητὸν,
1405 2380 1466 2432 οὐ
1500 2380 1748 2450 φύσεως,

180 2451 289 2544 ἀλλ’
308 2454 665 2523 ὑποστάσεως
684 2478 700 2495 ο
725 2462 842 2533 ἤτοι
869 2465 930 2517 τὸ
960 2468 1287 2540 γεννηθῆναι
1331 2472 1423 2525 καὶ
1457 2472 1531 2542 μὴ
1561 2489 1753 2544 γεννη-

182 2542 329 2635 θῇναι
348 2562 364 2578 ο
400 2547 539 2621 ὅπερ
565 2550 654 2605 διά
680 2552 791 2607 τῶν
818 2555 913 2608 δύο
933 2573 1011 2610 νν
1034 2559 1323 2631 ἐκφέρεται
1357 2576 1406 2616 κ.
1456 2564 1611 2617 Ἔστι
1653 2542 1751 2635 μέν

184 2634 266 2691 οὖν
293 2642 325 2709 ἡ
359 2640 458 2709 μὲν
481 2641 601 2696 θεία
624 2644 786 2713 φύσις
810 2647 1097 2719 ἀγένητος,
1121 2652 1242 2722 ἦτοι
1275 2655 1548 2721 ᾶκτιστος,
1574 2634 1752 2711 πάντα

182 2729 236 2781 δὲ
270 2731 338 2784 τά
369 2734 512 2801 μετά
559 2734 659 2806 τὴν
693 2737 843 2792 θείαν
892 2740 1056 2808 φύσιν
1108 2746 1332 2814 γενητὰ,
1383 2748 1503 2818 ἦτοι
1534 2748 1749 2803 κτιστά.

183 2818 468 2891 Θεωρεῖται
493 2824 677 2879 τοίνυν
709 2828 766 2880 ὲν
801 2829 899 2898 μὲν
932 2834 999 2902 τῇ
1028 2831 1149 2905 θείᾳ
1180 2836 1273 2888 καὶ
1303 2836 1545 2907 ἀκτίστῳ
1570 2838 1750 2906 φύσει,

185 2912 240 2962 τὸ
276 2913 373 2981 μὲν
395 2915 693 2987 ἀγέννητον
722 2919 780 2971 ὲν
814 2920 894 2991 τῷ
916 2923 1123 2995 Πατρί’
1176 2926 1235 2977 οὐ
1284 2926 1393 2998 γὰρ
1448 2928 1712 3000 ἐγεννήθη
1736 2945 1750 2959 ⁸

1852 1796 1994 1842 rant.

2487 1879 2639 1936 CAP.
2677 1878 2790 1935 VII.

1849 1980 1929 2024 Aa
1953 1988 2040 2026 eos
2066 1975 2157 2042 qui
2179 1973 2543 2033 sciscitantur,
2580 1988 2649 2025 an
2677 1978 2866 2042 sancta
2890 1968 2986 2023 Dei
3006 1966 3247 2042 Genitria:
3287 1966 3424 2020 duas

1922 2040 2145 2097 naturas
2198 2044 2470 2113 genuerit;
2515 2051 2562 2094 et
2619 2057 2688 2095 an
2745 2040 2866 2094 duce
2913 2048 3121 2092 natura:
3164 2040 3220 2090 in
3274 2051 3427 2092 cruce

1920 2113 2279 2181 pependerint.

1920 2200 2326 2257 Severianorum
2379 2209 2535 2257 so.vtt
2584 2200 2952 2270 objectionem.
3008 2196 3200 2252 Prima
3239 2214 3273 2253 ιι
3316 2197 3426 2253 Deo

1850 2303 2052 2361 creata,
2093 2296 2348 2367 ingenita,
2396 2296 2451 2350 id
2479 2299 2570 2363 ﬁest
2618 2311 2722 2349 non
2775 2311 2907 2348 nata
2958 2308 3025 2347 ex
3081 2292 3227 2347 aliis.
3268 2290 3426 2361 Gigni

1849 2403 2084 2457 personae
2110 2398 2209 2455 est,
2246 2405 2349 2443 non
2378 2400 2607 2444 natum.
2630 2420 2699 2430 -—-
2732 2388 3018 2456 Ἀγενητον
3075 2392 3129 2439 et
3177 2382 3425 2453 γενητὸν,

1851 2495 1976 2535 cum
2008 2482 2172 2537 unico
2205 2498 2235 2536 ν
2274 2482 2595 2538 scribuntur
2624 2481 2691 2548 δθ,
2722 2488 2935 2534 natura!
2963 2477 3320 2541 conveniunt,
3350 2475 3429 2530 si-

1852 2574 2218 2645 gniﬁcantque
2258 2574 2562 2630 increatum
2604 2581 2660 2629 et
2698 2580 2946 2628 creatum
2984 2590 2998 2625 :
3032 2579 3089 2623 at
3130 2569 3429 2638 ἀγέννητον

1851 2673 1906 2719 et
1930 2666 2210 2735 γεννητὸν,
2240 2665 2292 2720 id
2324 2673 2431 2733 est,
2474 2665 2778 2738 ingenitum
2813 2671 2867 2719 et
2898 2663 3139 2733 genitum
3159 2701 3175 2726 ,
3209 2659 3299 2714 ubi
3330 2658 3430 2713 du—

1851 2756 1980 2827 plici
1998 2774 2057 2811 vv
2086 2757 2413 2824 elieruntur,
2439 2773 2549 2812 non
2581 2764 2811 2819 naturze.
2842 2753 2936 2809 sed
2960 2767 3207 2823 persona:
3236 2765 3434 2805 conve-

1853 2848 2034 2903 niunt.
2064 2848 2235 2903 Porro
2264 2849 2447 2903 divina
2496 2849 2715 2919 quidem
2750 2856 2966 2910 natura,
3017 2844 3281 2912 ἀγένητος
3326 2848 3430 2907 est,

1856 2939 1972 2994 sive
2020 2938 2303 2993 increata:
2336 2947 2532 2993 caetera
2590 2952 2720 2991 vero
2774 2945 2971 3006 preter
3022 2932 3188 3001 258
3236 2931 3431 2999 ipsam,

186 3001 241 3053 τὸ
339 3006 596 3077 γεννητὸν
631 3011 689 3061 ὲν
726 3011 803 3081 τῷ
825 3012 941 3082 Υίῷ
965 3030 979 3047 ο
1023 3016 1089 3068 ὲκ
1120 3017 1337 3088 Πατρὸς
1369 3027 1398 3067 7
1430 3019 1538 3091 γὰρ
1566 3021 1750 3084 ἀϊδίως

1860 3029 2081 3099 γενητὰ,
2117 3030 2232 3084 sive
2294 3029 2460 3084 facta.
2497 3001 2897 3083 Consideratur
2930 3024 3115 3092 itaque
3149 3022 3205 3075 in
3249 3018 3433 3073 divina

189 3095 498 3167 γεγέννηται
520 3115 534 3128 ·
565 3100 627 3152 τὸ
653 3099 709 3152 δὲ
732 3103 1066 3173 ὲκπορευτὸν
1088 3110 1146 3161 ἐν
1174 3107 1252 3178 τῷ
1284 3110 1426 3181 ἁγίῳ
1450 3111 1749 3182 Πνεύματι.

198 3193 446 3249 Ἑκάστου
477 3195 537 3248 δὲ
567 3195 741 3261 εἴδους
773 3199 949 3264 ζώων,
985 3202 1053 3255 τὰ
1079 3202 1179 3273 μὲν
1216 3204 1426 3275 πρῶτα,
1456 3208 1749 3279 ἀγέννητα,

187 3282 401 3339 ἀλλὀὐκ
422 3286 665 3357 ἀγένητα
683 3306 696 3320 ’
720 3290 980 3359 γεγόνασι
1008 3293 1115 3362 γὰρ
1146 3294 1250 3347 ὑπὸ
1272 3294 1365 3348 τοῦ
1381 3297 1750 3369 Δημιουργοῦ,

187 3377 279 3429 οὐκ
308 3378 675 3450 ἐγεννήθησαν
702 3380 758 3434 δὲ
793 3381 852 3448 ἐξ
875 3384 1094 3452 ὁμοίων.
1130 3386 1348 3450 Γένεσις
1379 3387 1480 3456 μὲν
1505 3388 1614 3458 γὰρ
1639 3390 1755 3443 κτί-

191 3482 267 3529 σις
287 3468 435 3521 ἐστί’
483 3469 736 3540 γέννησις
769 3470 846 3535 δὲ,
879 3473 975 3525 ἐπὶ
1018 3475 1116 3543 μὲν
1147 3475 1305 3539 Θεοῦ,
1338 3478 1404 3530 ὲκ
1442 3478 1604 3547 μόνου
1637 3481 1752 3534 Πα-

188 3557 337 3626 τρὺς,
380 3561 671 3630 ὀμοουσίου
713 3561 843 3615 Υίοῦ
881 3562 1143 3633 πρόοδος·
1184 3565 1275 3617 ἐπὶ
1310 3565 1367 3618 δὲ
1402 3566 1509 3619 τῶν
1562 3569 1751 3637 σωμά-

188 3665 285 3702 των
315 3661 359 3712 ι,
392 3653 513 3723 ήὲκ
538 3657 829 3726 συναφείας
859 3657 1088 3729 ἄρρενός
1119 3675 1178 3711 τε
1212 3660 1309 3712 καὶ
1343 3659 1581 3729 θηλείας,
1619 3663 1752 3731 ὁμο-

187 3743 357 3797 ουσίου
390 3745 746 3817 ὑποστάσεως
777 3749 1023 3820 πρόοδος.
1054 3749 1217 3804 ’Ὅθεν
1248 3749 1591 3822 γινώσκομεν
1616 3750 1752 3822 (65),

185 3833 254 3898 ὡς
277 3836 379 3889 οὐκ
403 3836 521 3891 ἔστι
553 3837 771 3907 φύσεως
797 3839 860 3893 τὸ
889 3841 1207 3909 γεννᾶσθαι,
1234 3842 1352 3895 ἀλλ’
1381 3842 1754 3908 ὑποστάσεως.

184 3926 240 3978 Ei
272 3927 383 3999 γὰρ
414 3929 632 3997 φύσεως
655 3925 746 4001 ἦν,
771 3931 874 3985 οὐκ
918 3931 985 3987 ἂν
1029 3933 1088 3987 ὲν
1124 3936 1191 4005 τῇ
1226 3933 1387 4003 φύσει
1409 3934 1470 3988 τὸ
1500 3934 1759 4006 γεννητὸν

180 4018 467 4090 ὲθεωρεῖτο
488 4021 584 4075 καὶ
603 4023 665 4076 τὸ
686 4022 1005 4094 ἀγέννητον.
1040 4024 1368 4087 ’Υπόστασιν
1391 4025 1572 4079 τοίνυν
1601 4025 1760 4095 ἐγέν-

181 4127 339 4181 νησεν
364 4115 399 4183 ὴ
451 4113 585 4182 ἁγία
633 4114 897 4179 Θεοτόκος
930 4117 988 4169 ἐν
1015 4116 1137 4170 δυσὶ⁵
1180 4116 1594 4190 γνωριζομένην
1638 4120 1761 4183 ταῖς

180 4201 395 4270 φύσεσι,
444 4203 660 4275 θεότητι
699 4204 819 4275 μὲν,
852 4206 916 4259 ὲκ
948 4206 1163 4278 Πατρδς
1186 4207 1541 4278 γεννηθεῖσαν
1583 4209 1753 4280 ἀχρό-

1855 3121 2075 3191 quidem
2107 3129 2161 3177 et
2208 3122 2450 3177 increata
2485 3127 2702 3185 natura,
2754 3118 2981 3190 ingeniti
3021 3116 3333 3187 proprietas
3378 3111 3433 3164 in

1853 3213 2016 3269 Patre
2040 3212 2242 3283 (neque
2266 3211 2412 3267 enim
2440 3211 2533 3267 ille
2563 3211 2779 3282 genitus
2792 3209 2920 3281 est),
2946 3203 3227 3279 generatio
3254 3208 3434 3256 autem

1850 3307 1908 3361 in
1947 3304 2086 3360 Filio
2114 3304 2406 3376 (siquidem
2441 3318 2508 3359 ex
2535 3302 2697 3358 Patre
2729 3302 3061 3371 sempiterne
3112 3302 3277 3351 natus
3308 3291 3433 3364 est);

1856 3397 2142 3469 processio
2191 3396 2426 3466 denique
2487 3397 2543 3451 in
2594 3394 2799 3465 Spiritu
2840 3398 3053 3449 sancto.
3099 3387 3158 3442 ln
3194 3384 3439 3457 qualibet

1858 3495 2040 3543 autem
2073 3487 2434 3541 animantium
2470 3485 2674 3555 specie,
2711 3498 2773 3538 ea
2803 3498 2927 3554 qua:
2954 3488 3081 3537 sunt
3106 3478 3284 3548 primo
3310 3488 3436 3542 pro-

1859 3579 2023 3634 ducta
2055 3577 2327 3647 ἀγέννητα
2357 3577 2600 3646 quidem,
2636 3577 2752 3631 sive
2773 3573 3012 3646 ingenita
3046 3577 3214 3632 sunt;
3251 3573 3307 3619 at
3328 3579 3438 3618 non

1858 3668 1988 3723 item
2020 3668 2278 3736 ἀγένητα,
2310 3666 2394 3721 vel
2449 3665 2713 3719 increata.
2750 3663 2964 3718 Etenim
2994 3675 3026 3713 a
3068 3671 3286 3713 summo
3313 3655 3442 3723 Opi-

1860 3755 1964 3810 ﬁce
2010 3761 2195 3808 creata
2249 3758 2416 3817 sunt;
2459 3765 2569 3805 non
2616 3757 2799 3804 autem
2849 3764 2917 3803 ex
2962 3744 3240 3802 similibus
3286 3749 3436 3796 nata.

1860 3843 1997 3899 Nam
2024 3844 2265 3913 γένησις,
2320 3841 2547 3912 quidem
2577 3839 2788 3895 creatio
2823 3846 2924 3893 est.
2960 3835 3031 3890 At
3064 3835 3340 3904 γέννησις,
3383 3832 3435 3885 id

1861 3944 1968 4003 est,
2000 3935 2305 4008 generatio,
2334 3948 2462 3989 cum
2490 3933 2560 3988 de
2590 3932 2701 3986 Deo
2725 3930 2928 4002 agitur,
2958 3936 3044 3985 est
3077 3926 3442 3982 consubstana

1863 4028 2010 4083 tialis
2060 4026 2185 4081 Filii
2235 4042 2302 4083 ex
2359 4025 2478 4081 solo
2532 4023 2697 4077 Patre
2742 4029 3097 4077 ortus:cum
3133 4027 3317 4074 autem
3373 4018 3442 4073 de

1863 4116 2210 4188 corporibus,
2248 4112 2741 4171 consubstantialis
2780 4126 3034 4182 personae
3068 4125 3136 4165 ex
3185 4108 3356 4163 maris
3386 4115 3441 4161 et

1860 4208 2077 4267 feminae
2106 4207 2395 4280 complexu
2427 4220 2745 4278 processus.
2775 4203 2854 4259 Ex
2903 4218 3014 4275 quo
3056 4200 3441 4274 perspicimus.

178 4310 305 4361 νως,
329 4294 419 4347 ἐπ’
450 4295 699 4367 ἐσχάτων
727 4296 809 4362 δὲ,
835 4298 893 4350 ὲν
922 4298 1099 4370 χρόνῳ
1137 4298 1197 4367 ἐξ
1224 4298 1414 4370 ¹αὐτῆς
1454 4299 1750 4370 σαρκωθεῖ-

1863 4301 2015 4374 gigni
2044 4315 2156 4356 non
2192 4299 2260 4354 ad
2285 4308 2560 4365 naturam,
2585 4295 2683 4353 sed
2717 4296 2782 4352 ad
2810 4309 3106 4367 personam
3146 4291 3439 4364 pertinere.

178 4401 297 4451 σαν,
327 4388 427 4441 καὶ
461 4387 627 4459 σαρκὶ
652 4388 1003 4460 τικτομένην.

1862 4393 2000 4449 Nam
2024 4394 2072 4450 si
2106 4393 2173 4449 ad
2203 4400 2457 4448 naturam
2487 4397 2784 4463 spectaret,
2807 4390 3230 4460 haudquaquam
3258 4384 3313 4438 in
3335 4397 3442 4437 una

174 4476 480 4549 eademque
508 4485 708 4535 natura
732 4480 975 4552 genitum
1004 4488 1060 4538 et
1090 4480 1396 4555 ingenitum
1421 4494 1761 4542 cerneretur.
1798 4484 1932 4541 Eam
1980 4486 2052 4541 ob
2092 4500 2207 4542 rem
2255 4492 2448 4542 sancta
2480 4481 2579 4539 Dei
2608 4481 2862 4538 Genitrix
2904 4490 3197 4551 personam
3261 4471 3446 4544 genuit

256 4618 301 4649 ³⁷
319 4617 470 4675 Psal.
511 4634 659 4686 mv,
690 4621 743 4676 8.
823 4621 870 4655 ³⁸
919 4620 1155 4677 Barucb.
1208 4637 1291 4690 ιιι,
1321 4621 1410 4681 38.

1517 4623 1563 4656 ³⁹
1597 4621 1746 4680 Psal.
1779 4638 2003 4689 cxxxvr,
2038 4624 2091 4679 i.

2207 4621 2253 4655 ⁸ο
2284 4621 2418 4694 Sup.
2480 4622 2576 4679 lib.
2607 4637 2648 4692 1,
2681 4636 2734 4677 c.
2765 4620 2815 4677 9.

1518 4758 1755 4815 VARle
1782 4756 2192 4815 LECTIONES.

248 4869 271 4942 Ρ
318 4869 383 4926 in
440 4871 628 4930 multis
677 4871 838 4929 codd.
898 4879 953 4929 et
1017 4872 1162 4942 apud
1214 4872 1575 4942 Athanasium
1634 4874 1724 4927 ὅτε
1783 4868 1879 4927 οὗν
1922 4872 1984 4926 τὺ
2045 4871 2281 4942 Χριστὸς
2339 4869 2693 4942 ὅνομαίβίχα
2725 4868 2835 4942 riis;
2862 4885 2931 4921 σα

2971 4867 3067 4931 κὸς
3091 4859 3473 4938 προσάγεται.’

249 4885 271 4909 ι
318 4885 383 4926 ιη
440 4885 628 4930 mutus
677 4885 838 4929 coeo.
898 4885 953 4929 et
1017 4885 1162 4955 apua
1214 4885 1575 4952 Athanasium
1634 4885 1724 4955 οτε
1783 4885 1879 4927 ουν
1922 4885 2001 4956 το⁸
2045 4885 2281 4954 ὶςριστος
2339 4885 2513 4954 ονορςα
2568 4885 2693 4940 οιχα
2725 4885 3067 4990 της-σαρκος
3091 4885 3445 4938 προσαγεται.

177 4947 203 4977 ³
230 4939 441 5015 Desunt
466 4943 571 5015 ira;
626 4942 748 4998 dua:
777 4958 968 5015 ,voces
1010 4959 1086 5015 in
1142 4944 1267 4999 cod.
1306 4941 1529 5015 S._Hil.
1594 4944 1827 5015 aliisque
1849 4945 2058 5015 Regiis,
2086 4960 2142 5015 in
2184 4941 2427 5015 Colb_._et
2457 4940 2626 5015 ιιιΝἈ
2680 4949 2708 4979 τ
2738 4937 2886 4993 Ldit.
2939 4939 3029 5015 _nt
3056 4937 3149 4991 τὸν
3183 4936 3449 5007 ποταμόν.

182 5021 213 5055 ι
238 5012 300 5070 In
320 5014 391 5068 Pa.
411 5013 554 5068 2427
576 5028 746 5084 supra
776 5014 976 5070 lineam
1008 5014 1250 5083 λέγεται.
1325 5021 1354 5062 γ
1378 5012 1445 5068 R.
1477 5014 1513 5068 2
1545 5020 1600 5068 et
1635 5014 1707 5068 N.
1738 5012 1806 5067 ἐκ
1836 5012 2197 5086 τοῦᾚατρός.

2275 5022 2297 5050 ι
2316 5012 2444 5069 Mss.
2483 5011 2721 5083 plurima
2752 5008 3086 5079 κτισμάτων.

1687 5147 1920 5205 ΝΟΤᾸΞ.

247 5263 364 5334 (65)
404 5263 583 5335 Ὅθεν
653 5261 1053 5335 γιῖὠσκομεν.
1110 5262 1197 5319 Ex
1244 5280 1346 5335 quo
1391 5264 1761 5335 perspicimus.

179 5335 333 5401 Quod
372 5333 697 5389 Latinorum
722 5333 941 5389 Patrum
973 5334 1142 5405 aliqui
1163 5333 1440 5399 dixerant,
1464 5333 1761 5391 essentiam

180 5406 423 5459 divinam
463 5405 695 5475 gignere,
713 5415 767 5459 et
799 5405 969 5475 gigni,
1005 5406 1109 5461 hoc
1135 5405 1363 5475 tandem
1394 5407 1647 5473 usurpari
1675 5421 1766 5475 ve:-

182 5477 281 5528 tuit
310 5473 562 5550 synodus
599 5490 653 5528 tv
677 5473 1088 5531 Lateranensis.
1120 5473 1416 5550 Generatio
1462 5476 1668 5550 quippe
1697 5473 1764 5528 ad

186 5546 486 5600 essentiam
547 5554 868 5601 naturamve
924 5562 1034 5601 non
1084 5547 1432 5613 terminatur,
1460 5546 1566 5601 nisi
1612 5553 1761 5599 utea

182 5616 440 5670 subsistit
474 5615 526 5669 in
556 5629 810 5685 persona.
849 5614 941 5670 Sic
964 5617 1126 5685 vulgo
1149 5616 1323 5671 ϐιωθί
1370 5625 1561 5672 contra
1596 5616 1764 5682 Apol-

186 5684 467 5743 linaristas
496 5694 550 5742 et
578 5684 947 5756 Eutycbianos
970 5684 1341 5757 disputarunt.
1368 5685 1502 5742 Nam
1530 5695 1584 5741 ut
1617 5687 1765 5740 Ano-

1866 5282 2066 5335 nymus
2121 5264 2266 5335 apud
2319 5262 2691 5335 Euthymium,
2725 5276 2781 5331 p.
2808 5258 2864 5324 2,
2912 5258 2999 5314 ιίι.
3052 5255 3187 5335 8_ait
3221 5274 3235 5311 :
3276 5254 3449 5335 Beat:

1924 5307 2703 5407 quidemigenuit;
2719 5307 2821 5384 non
2846 5307 3021 5385 autem
3044 5329 3330 5407 deitatem;

1867 5395 2085 5461 deitvatis
2118 5395 2342 5475 persona
2382 5395 2634 5458 naturam
2680 5395 3309 5475 ’humanam_as_sum‘psi_t.
3348 5395 3450 5475 llic

1866 5487 1942 5532 est
1973 5476 2071 5530 Dei
2098 5468 2297 5541 Filius,
2322 5483 2403 5539 ut,
2434 5476 2523 5544 qui
2551 5475 2607 5547 in
2648 5473 2789 5526 caelis
2823 5480 2924 5537 est,
2957 5468 3352 5547 Filiusnitidem
3377 5468 3447 5547 sit

1868 5548 1923 5601 in
1952 5547 2126 5613 terris,
2151 5556 2199 5600 et
2227 5537 2520 5615 proprietas
2546 5545 2766 5597 immota
2787 5550 3115 5612 permaneat.
3136 5537 3290 5611 Gigni
3308 5537 3453 5594 enim

1872 5637 1971 5673 non
2006 5629 2214 5672 natura:
2239 5617 2356 5684 fuit,
2375 5614 2463 5671 sed
2487 5630 2741 5684 persona.
