3960 6198
277 207 408 271 1121
1096 274 1099 277 λ
1340 214 1437 276 DE
1460 215 1634 275 FIDE
1664 213 2129 275 ORTHODOXA
2170 216 2314 275 LIB.
2342 214 2419 276 IV
3422 213 3559 277 1122

272 329 420 398 ὓδωρ
466 328 566 398 μὲν
616 331 694 392 εἰς
748 332 1117 404 ἀναγέννησιν
1166 332 1261 386 καὶ
1316 332 1607 387 ἔπίκλυσιν
1654 334 1754 403 τῆς
1809 349 1861 386 τε

1970 333 2373 405 consequentiae
2396 345 2563 387 causa
2598 346 2697 389 nos
2720 330 2865 387 Deus
2887 330 3211 387 condiderat
3240 333 3321 400 “;
3352 332 3556 388 violato

270 420 555 489 ἁμαρτίας
608 421 703 474 καὶ
758 424 859 493 τῆς
914 423 1155 495 φθορᾶςο
1200 419 1341 495 αἷμα
1382 424 1462 489 δὲ,
1498 425 1659 477 πότον
1712 424 1861 494 ζωῆς

1970 434 2151 481 autem
2177 425 2298 495 ejus
2325 432 2619 493 praecepto,
2652 423 2846 479 mortis
2881 424 3021 487 labe,
3060 440 3124 477 ne
3156 432 3477 493 perpetuum
3502 434 3558 480 et

268 511 447 563 ἀϊδίου
482 511 761 582 πρόξενον.
812 514 1063 577 Ἐντολὰς
1092 515 1149 568 δὲ
1185 517 1319 585 ἡμῖν
1347 516 1546 569 δέδωκε
1575 515 1641 567 δι’
1674 514 1861 577 ὓδατος

1969 515 2284 571 immortale
2312 516 2518 570 malum
2553 524 2722 577 esset,
2751 529 2852 570 nos
2887 515 3015 568 item
3064 515 3427 581 multaverat;
3475 517 3557 570 id-

268 603 681 670 ἁναγεννᾶσῦαι
704 606 799 657 καὶ
830 605 1169 677 Πνεύματος,
1199 607 1266 659 δι’
1297 607 1591 671 ἐντεύξεως
1624 606 1720 660 καὶ
1746 606 1867 658 ἐπι·-

269 694 549 765 κλήσεως,
585 695 664 764 τῷ
700 695 855 749 ὕδατι
907 698 1297 767 ὲπιφοιτῶντος
1350 699 1444 752 τοῦ
1480 698 1639 767 ἁγίου
1690 697 1864 751 Πνεύ-

271 803 472 856 ματος.
524 787 746 858 Ἐπειδὴ
771 788 879 859 γὰρ
921 788 1142 854 διπλοῦς
1170 792 1198 843 ό
1226 790 1533 861 ἄνθρωπος,
1566 789 1631 841 ἐκ
1683 787 1864 858 ψυχῆς

267 893 334 929 τε
362 876 461 928 καὶ
500 875 779 946 σώματος,
803 877 1000 948 διπλῆν
1045 881 1177 951 ἡμῖν
1208 879 1376 934 ἔδωκε
1406 879 1502 931 καὶ
1534 877 1631 948 τὴν
1654 877 1865 948 κάθαρ-

270 984 383 1031 σιν,
432 966 499 1019 δι⁹
534 966 729 1031 ὕδατός
780 986 841 1020 τε
873 970 982 1036 ,καὶ
1034 969 1351 1041 ΙΙνεύματος
1376 985 1389 999 ⁸
1414 966 1510 1021 τοῦ
1564 968 1664 1038 μὲν
1686 967 1859 1020 Πνεύ-

270 1074 468 1126 ματος,
507 1059 569 1111 τὸ
613 1061 733 1112 κατ’
776 1060 963 1113 εἰκόνα
1016 1062 1111 1114 καὶ
1152 1060 1276 1116 καθ’
1323 1061 1582 1131 ὁμοίωσιν
1619 1060 1677 1111 ὲν
1729 1061 1860 1129 ἡμῖν

269 1149 747 1213 ἀνακαινίζοντος,
779 1150 954 1230 cosas
986 1151 1199 1216 ὓδατος,
1230 1153 1319 1206 διὰ
1351 1152 1452 1223 τῆς
1479 1150 1570 1204 τοῦ
1611 1150 1866 1219 Πνεύμα-

266 1256 368 1302 τος
395 1240 621 1310 χάριτος
657 1241 1015 1311 καθαίροντος
1038 1244 1099 1296 τὸ
1130 1243 1291 1314 σῶμα
1311 1243 1413 1313 τῆς
1440 1241 1737 1313 ἁμαρτίας,
1763 1243 1859 1295 καὶ

263 1331 368 1401 τῆς
426 1331 634 1402 φθορᾶς
663 1333 1103 1397 ἁπαλλὰττοντος
1129 1375 1144 1400 ,
1170 1334 1266 1387 καὶ
1316 1334 1416 1404 τὴν
1468 1332 1564 1387 τοῦ
1616 1332 1851 1386 Θανάτου

264 1420 459 1473 εἰκόνα
510 1421 911 1492 ὲκπληροῦντος
942 1422 1035 1476 τοῦ
1072 1423 1285 1490 ὓδατος,
1327 1423 1420 1477 τὸν
1457 1423 1513 1477 δὲ
1552 1423 1652 1494 τῆς
1701 1423 1848 1494 ζωῆς

266 1511 573 1584 ἀρραϐῶνα
600 1517 976 1586 παρεχομένου
1012 1516 1107 1569 τοῦ
1138 1515 1479 1587 Πνεύματος.

265 1606 547 1674 duplicem
610 1606 843 1675 proinde
894 1608 1056 1663 nobis
1116 1610 1496 1681 purgationem
1538 1607 1707 1674 dedit,
1761 1623 1859 1679 per
1890 1622 2088 1679 aquam
2124 1607 2386 1662 nimirum
2422 1615 2477 1663 et
2511 1606 2779 1677 Spiritum
2815 1626 2830 1662 :

1967 606 2119 662 circo
2165 621 2263 676 pro
2302 621 2402 661 sua
2454 606 2795 674 indulgentia
2846 619 2967 660 sese
2996 605 3193 669 1scrvis
3239 605 3553 669 inclinans,

1966 697 2249 767 nostrique
2287 696 2487 752 similis
2515 695 2763 758 ell‘ectus,
2796 695 3065 763 passione
3098 709 3197 749 sua
3238 708 3337 747 nos
3372 710 3401 746 a
3434 710 3557 747 cor-

1966 788 2222 858 ruptione
2257 787 2581 849 vindicavit,
2632 794 2687 841 et
2723 801 2791 840 ex
2842 793 3039 841 sancto
3092 793 3146 839 et
3205 786 3557 838 iuunaculato

1968 893 2071 934 suo
2109 879 2282 934 latere
2326 879 2500 934 venia:
2549 877 2756 932 fontem
2806 876 2968 931 nobis
3005 877 3188 930 emisit
3224 876 3268 907 ⁶¹
3304 895 3315 930 :
3354 890 3553 943 aquam

1970 972 2179 1026 scilicet
2207 971 2273 1024 ad
2307 969 2811 1039 regenerationem,
2852 982 3068 1022 necnon
3101 967 3310 1034 peccati
3347 976 3399 1020 ct
3432 982 3557 1018 cor-

1971 1064 2200 1132 ruptelae
2246 1062 2677 1124 abstersionem;
2716 1060 3043 1130 sanguinem
3076 1073 3205 1113 vero
3258 1059 3309 1111 in
3364 1066 3553 1125 potum

1972 1155 2065 1224 qui
2108 1153 2277 1207 vitam
2307 1162 2566 1207 aeternam
2614 1159 2956 1221 procuraret.
2995 1149 3138 1216 Quin
3186 1151 3288 1204 hoc
3331 1165 3553 1219 quoque

1968 1244 2252 1299 mandavit
2287 1245 2467 1305 nobis,
2506 1252 2566 1297 ut
2625 1259 2720 1313 per
2766 1257 2966 1311 aquam
2998 1251 3052 1297 et
3092 1240 3357 1310 Spiritum
3403 1256 3552 1308 rcge-

1965 1350 2292 1390 neraremur
2321 1336 2389 1397 “,
2422 1334 2629 1404 Spiritu
2663 1344 2855 1389 sancto
2886 1334 2954 1388 ad
2987 1348 3185 1403 aquam
3235 1332 3551 1394 accedente,

1965 1441 2063 1496 per
2098 1426 2325 1481 verbum
2361 1432 2415 1479 et
2451 1425 2757 1479 orationem
2800 1425 2867 1479 ⁸³.
2919 1423 3052 1477 Nam
3088 1423 3348 1492 quoniam
3391 1422 3555 1474 homo

1965 1516 2170 1586 duplici
2200 1522 2398 1569 natura
2424 1522 2665 1581 constat,
2706 1515 2888 1569 anima
2931 1515 3143 1570 scilicet
3193 1522 3250 1568 et
3296 1528 3550 1582 corpore,

2909 1607 2991 1662 sic
3067 1620 3259 1674 nempe
3307 1612 3364 1658 ut
3425 1602 3551 1672 Spi-

268 1698 412 1754 ritus
447 1698 645 1756 divinae
666 1700 923 1772 imaginis
951 1700 1438 1772 similitudinisque
1466 1703 1635 1759 decus
1668 1702 1725 1757 in
1756 1703 1917 1759 nobis
1966 1704 2320 1767 instauraret,
2371 1717 2512 1772 aqua
2566 1716 2695 1757 vero
2757 1716 2855 1771 per
2921 1698 3159 1769 Spiritus
3221 1699 3452 1768 gratiam
3519 1721 3557 1760 α

266 1802 497 1861 peccato
517 1806 723 1862 corpus
749 1791 1319 1863 mundaret,atquea
1378 1796 1736 1866 corruptione
1794 1795 2025 1851 liberum
2081 1794 2355 1860 redderet,
2445 1807 2587 1864 aqua
2646 1793 2868 1864 quidem
2920 1793 3115 1849 mortis
3196 1790 3550 1846 simulacrum

265 1881 630 1950 exprimente,
657 1879 860 1950 Spiritu
896 1887 1075 1935 autem
1104 1881 1227 1935 vitae
1264 1882 1466 1953 pignus
1498 1893 1553 1939 et
1586 1884 1948 1940 arrhabonem
1979 1884 2264 1955 largiente.

356 1974 478 2026 Ἀπ’
501 1975 679 2044 ἀρχῆς
698 1973 804 2045 γὰρ
832 1973 1077 2043 Πνεῦμα
1094 1975 1242 2029 Θεοῦ
1263 1975 1387 2043 τοῖς
1408 1977 1629 2031 ὕδασιν
1647 1978 1859 2047 ἐπερέ-

2032 1977 2197 2047 Αᾳιιιε
2224 1978 2300 2031 vis
2346 1977 2682 2048 purgatoria.
2713 2009 2780 2019 —
2811 1975 3023 2032 Etenim
3055 1991 3084 2030 a
3121 1975 3395 2046 principio
3430 1972 3553 2043 Spi-

262 2082 406 2135 ρετο
430 2080 442 2094 ·
471 2066 565 2118 καὶ
593 2065 801 2119 ἄνωθεν
833 2065 866 2135 ή
915 2065 1109 2136 Γραφὴ
1157 2072 1428 2139 μαρτυρεί
1479 2068 1559 2140 τῷ
1586 2069 1760 2135 ὕδατι,
1786 2070 1862 2134 ὥς

269 2160 389 2210 ἐστι
438 2156 832 2228 καθαρτήριον.
875 2159 999 2213 Ἐπὶ
1028 2158 1155 2213 Νῶε
1180 2159 1249 2212 δι’
1279 2158 1473 2225 ὕδατος
1506 2163 1536 2214 ό
1582 2161 1717 2225 Θεὸς
1761 2163 1863 2233 τὴν

267 2247 543 2319 κοσμικὴν
570 2249 846 2319 ἁμαρτίαν
866 2249 1194 2305 κατέκλυσε.
1216 2252 1293 2304 Δι’
1327 2251 1520 2315 ὓδατος
1567 2255 1679 2317 πᾶς
1722 2253 1862 2307 ἀκά-

267 2339 471 2410 θαρτος
501 2339 644 2393 κατὰ
665 2340 755 2393 τὸν
793 2339 959 2411 νόμον
996 2341 1320 2414 καθαίρεται
1344 2344 1391 2411 ἱ,
1420 2344 1515 2397 καὶ
1544 2343 1726 2397 αὐτῶν
1754 2344 1863 2397 τῶν

267 2432 505 2501 ἱματίων
542 2432 895 2502 πλυνομὲνων
946 2433 1025 2504 τῷ
1076 2433 1254 2499 ὕδατι,
1294 2434 1495 2500 ἔδειξεν
1542 2436 1728 2499 Ἠλίας
1764 2437 1863 2508 τὴν

266 2526 431 2593 χάριν
459 2523 552 2577 τοῦ
570 2524 709 2577 Πνεύ
719 2541 890 2595 ματος
916 2527 1385 2598 συμμεμιγμένην
1410 2526 1487 2597 τῷ
1506 2527 1683 2593 ὕδατι,
1704 2527 1857 2581 ὕδατι

269 2614 478 2685 φλέξας
505 2615 607 2688 τὴν
655 2616 1044 2674 ὁλοκαύτωσιν.
1082 2620 1193 2671 Καὶ
1226 2619 1415 2689 σχεδὸν
1460 2619 1679 2675 ἅπαντα
1718 2621 1859 2674 κατὰ

269 2708 367 2759 τὸν
400 2707 564 2778 νόμον
622 2707 774 2762 ὕδατι
829 2709 1213 2782 καθαρίζεται·
1242 2711 1310 2765 τὰ
1338 2710 1446 2780 γὰρ
1496 2711 1690 2781 ὁρατὰ,
1718 2710 1859 2781 σύμ·

266 2802 405 2854 ϐολα
460 2802 569 2856 τῶν
615 2803 922 2873 νοουμένων
957 2803 1095 2857 είσίν
1127 2822 1140 2835 ο
1176 2805 1211 2877 ὴ
1257 2804 1443 2873 μέντοι
1495 2804 1860 2874 ἁναγέννησις

262 2894 417 2947 κατὰ
473 2892 655 2965 ψυχὴν
706 2894 958 2963 γίνεται’
1000 2895 1182 2959 πίστις
1234 2893 1343 2964 γὰρ
1403 2894 1665 2947 υἱοθετεῖν
1710 2890 1857 2957 οἶδε,

266 2984 453 3038 καίτοι
492 2986 655 3049 ὄντας
699 2985 980 3057 κτίσματα
1009 2986 1099 3040 διὰ
1140 2986 1236 3040 τοῦ
1269 2985 1612 3058 Πνεύματος,
1649 2986 1745 3040 καὶ
1778 2985 1858 3049 εἰς

261 3075 371 3145 τὴν
399 3076 634 3147 ἀρχαίαν
666 3076 828 3146 ἄγειν
864 3078 1268 3149 μακαριότητα.

1967 2070 2103 2122 ritus
2158 2068 2374 2121 Domini
2420 2068 2691 2137 ferebatur
2746 2085 2903 2137 super
2953 2085 3119 2138 aquas
3169 2068 3257 2119 “:
3315 2068 3446 2136 quin
3496 2074 3551 2120 et

1967 2160 2240 2217 lustrandi
2294 2162 2497 2215 virtute
2527 2162 2807 2229 praeditam
2850 2176 2971 2216 esse
3023 2175 3219 2230 aquam
3257 2158 3550 2227 Scriptura

1963 2253 2077 2324 jam
2134 2252 2264 2307 olim
2320 2260 2662 2308 contestatur
2727 2252 2794 2304 ⁸⁸.
2844 2251 2959 2306 Noe
3014 2251 3353 2320 temporibus
3407 2249 3552 2303 Deus

1970 2343 2159 2398 mundi
2218 2354 2502 2413 peccatum
2568 2359 2665 2414 per
2690 2344 2847 2414 261
2886 2358 3083 2414 aquam
3137 2343 3272 2398 eluit
3326 2343 3394 2395 “.
3448 2340 3553 2395 Prr

1967 2449 2163 2504 aquam
2194 2435 2445 2504 quisquis
2494 2436 2813 2489 immundus
2839 2443 2977 2501 erat,
3020 2435 3135 2504 lege
3169 2434 3549 2504 prmcipientc,

1968 2526 2359 2591 mundabatur,
2391 2534 2445 2581 et
2478 2526 2554 2580 ita
2586 2525 2807 2596 quidem
2843 2537 2901 2581 ut
2933 2536 2987 2581 et
3017 2527 3151 2595 ipsae
3190 2534 3370 2579 vestes
3407 2540 3549 2592 aqua

1965 2626 2151 2671 essent
2176 2618 2483 2673 abluendae.
2516 2617 2661 2673 Elias
2690 2617 2930 2689 Spirit‘us
2971 2618 3206 2688 gratiam
3258 2616 3548 2669 admistani

1968 2709 2127 2778 aquis
2155 2709 2419 2773 ostendit,
2445 2717 2561 2763 tum
2591 2709 2850 2763 nimirum
2880 2724 3004 2762 cum
3038 2708 3421 2762 holocaustum
3455 2706 3551 2757 ad-

1968 2800 2139 2855 hibita
2155 2816 2309 2871 aqua
2345 2801 2610 2856 cremavit
2638 2801 2704 2855 ".
2746 2800 3009 2870 Peneque
3034 2799 3216 2854 omnia
3243 2796 3547 2853 secundum

1966 2893 2139 2962 legem
2170 2906 2313 2961 aqua
2362 2890 2722 2945 mundantur.
2766 2890 2872 2946 Res
2904 2891 3047 2945 enim
3080 2889 3327 2945 visibiles
3357 2904 3546 2942 earum

1962 2994 2084 3050 quae
2115 2987 2294 3035 mente
2343 2979 2725 3048 percipiuntur
2777 2980 2933 3048 signa
2989 2986 3139 3034 sunt.
3179 2977 3547 3048 Regeneratio

1962 3087 2127 3143 porro
2157 3071 2211 3125 in
2247 3071 2436 3125 animo
2466 3069 2772 3140 perﬁcitur.
2810 3069 2977 3126 Fides
3009 3071 3211 3140 quippe
3263 3070 3371 3123 vim
3419 3085 3539 3123 eam

265 3168 461 3232 habet,
518 3179 578 3225 ut
632 3169 885 3240 quamvis
936 3184 968 3224 e
1025 3170 1192 3225 rebus
1251 3168 1455 3225 creatis
1513 3169 1709 3233 simus,
1766 3181 1865 3238 per
1902 3162 2168 3235 Spiritum
2197 3176 2300 3219 nos
2338 3162 2392 3216 in
2423 3160 2519 3217 Dei
2558 3160 2702 3216 ﬁlios
2729 3160 2964 3232 adoptet,
2999 3170 3165 3231 atque
3231 3160 3300 3215 ad
3359 3161 3545 3230 pristi-
3586 3228 3589 3231 η

265 3278 401 3319 nam
436 3261 753 3317 felicitatem
775 3261 929 3317 velut
967 3260 1315 3333 postliminio
1346 3270 1590 3317 revocet.

354 3355 420 3408 Ἥ
453 3354 551 3425 μὲν
575 3348 669 3408 οὖν
716 3353 827 3407 τῶν
875 3354 1163 3425 ἁμαρτιῶν
1192 3343 1386 3423 ἄφεσις
1417 3392 1431 3417 ,
1460 3355 1625 3408 πᾶσιν
1660 3352 1861 3422 ὁμοίως

2037 3346 2303 3416 Baptismi
2352 3346 2530 3415 gratia
2574 3360 2674 3413 pro
2731 3344 3126 3411 suscipiendum
3159 3341 3261 3410 ﬁde
3309 3348 3358 3393 et
3394 3357 3546 3395 mun-

262 3448 361 3503 διὰ
391 3445 486 3501 τοῦ
524 3444 904 3517 βαπτίσματος
952 3446 1187 3499 δίδοται·
1212 3447 1246 3515 ἠ
1275 3445 1332 3498 δὲ
1370 3444 1530 3517 χάρις
1565 3444 1660 3499 τοῦ
1684 3445 1857 3498 Πνεύ-

264 3555 447 3609 ματος
468 3537 610 3592 κατὰ
635 3537 733 3607 τὴν
764 3536 1057 3606 ἀναλογίαν
1080 3538 1178 3608 τῆς
1210 3536 1447 3601 πίστεως
1476 3538 1569 3590 καὶ
1595 3538 1694 3607 τῆς
1724 3553 1859 3608 προ-

265 3630 621 3701 καθὰρσεως.
654 3628 771 3684 Νῦν
812 3629 912 3699 μὲν
945 3623 1040 3682 οὖν
1087 3627 1177 3682 διὰ
1206 3626 1302 3680 τοῦ
1336 3627 1724 3698 βαπτίσματος
1758 3628 1857 3698 τὴν

266 3720 527 3793 ἀπαρχὴν
558 3721 653 3774 τοῦ
672 3722 831 3790 ἁγίου
858 3720 997 3774 Πνεύ
1007 3736 1177 3791 ματος
1203 3717 1687 3790 λαμϐάνομεν,καὶ
1712 3718 1857 3788 ἁρχὴ

266 3813 461 3884 ἑτέρου
496 3812 611 3883 βίου
635 3812 847 3883 γίνεται
880 3813 1010 3883 ἡμῖν
1039 3812 1072 3882 ἡ
1098 3810 1489 3880 παλιγγενεσία
1514 3849 1529 3877 ,
1562 3810 1656 3864 καὶ
1687 3826 1855 3880 σφρα-

262 3906 385 3973 γὶς,
416 3905 509 3959 καὶ
538 3904 931 3975 φυλακτήριον,
962 3903 1058 3957 καὶ
1093 3901 1377 3972 φωτισμός
1397 3903 1441 3963 ι.

341 4082 466 4153 Χρὴ
516 4081 573 4134 δὲ
618 4080 768 4152 πάσῃ
814 4078 1042 4150 δυνάμει
1094 4076 1354 4146 ἀσφαλῶς
1407 4076 1595 4148 τηρεῖν
1629 4076 1858 4140 ἑαυτοὺς
1914 4082 1919 4087 ’

267 4174 548 4244 καθαροὺς
573 4172 683 4228 ἁπδ
704 4170 967 4243 ῥυπαρῶν
994 4169 1195 4241 ἔργων,
1230 4168 1319 4224 ἵνα
1353 4167 1428 4240 μὴ
1470 4168 1631 4221 πάλιν
1666 4168 1857 4239 ὥσπερ

268 4264 421 4321 κύων
453 4264 547 4317 ἐπὶ
590 4263 681 4317 τὸν
716 4263 848 4317 ἴδιον
898 4261 1093 4332 ἔμετον
1130 4260 1584 4332 ἐπιστρέψαντες,
1635 4258 1858 4323 δούλους

268 4355 439 4411 πάλιν
471 4355 699 4417 ἑαυτοὺς
726 4354 827 4423 τῆς
858 4351 1135 4423 ἁμαρτίας
1169 4351 1507 4421 ποιήσωμεν.
1538 4349 1729 4414 Πίστις
1751 4350 1859 4420 γὰρ

267 4442 443 4513 χωρὶς
473 4440 651 4512 ἔργων
700 4440 871 4512 νεκρὰ
912 4440 1062 4492 ἐστιν
1086 4479 1100 4502 ,
1127 4438 1330 4508 ὁμοίως
1364 4438 1461 4491 καὶ
1516 4435 1653 4507 ἔργα
1687 4440 1858 4508 χωρὶς

270 4535 533 4596 πίστεως.
565 4532 629 4585 Ἦ
654 4532 766 4603 γὰρ
796 4530 1005 4602 ἀληθὴς
1034 4530 1222 4594 πίστις
1250 4528 1341 4583 atat
1368 4529 1477 4583 τῶν
1505 4528 1687 4600 ἔργων
1707 4530 1856 4585 δοκι-

272 4626 531 4696 μάξεται.

1959 3439 2116 3494 ditia.
2144 3468 2213 3479 —
2248 3436 2509 3523 Quamv‘is
2537 3447 2716 3490 autem
2761 3442 3113 3504 peccatorum
3152 3434 3405 3488 remissio
3430 3452 3547 3486 um-

1959 3529 2122 3583 nibus
2152 3543 2248 3597 per
2278 3542 2435 3597 aqua:
2456 3522 2799 3595 baptismum
2847 3525 3046 3579 detur:
3082 3522 3321 3592 Spirilus
3360 3532 3541 3579 tamen

1957 3618 2132 3689 gratia
2160 3631 2261 3687 pro
2291 3616 2414 3671 tidei
2446 3630 2509 3668 ac
2539 3614 2750 3683 prazviae
2778 3612 3121 3683 purgationis
3151 3612 3315 3665 modo
3345 3627 3545 3665 conce—

1958 3709 2128 3763 ditur.
2165 3708 2232 3761 Et
2257 3722 2403 3761 nunc
2434 3707 2657 3775 quidem
2682 3705 2925 3774 Spiritus
2952 3704 3126 3760 sancti
3152 3704 3425 3772 primitias
3450 3722 3545 3773 per

1959 3797 2295 3866 baptismum
2324 3795 2643 3862 accipimus,
2672 3802 2725 3847 et
2757 3793 3100 3861 regeneratio
3121 3830 3137 3855 ,
3180 3793 3409 3848 alterius
3439 3812 3545 3847 nu.

1957 3888 2044 3942 bis
2072 3886 2197 3941 vitae
2225 3885 2466 3950 initium,
2492 3892 2547 3937 et
2572 3882 2940 3954 signaculum,
2974 3890 3029 3937 et
3074 3882 3423 3953 praesidium,
3487 3891 3543 3939 et

1959 3976 2291 4032 illuminatio
2319 3974 2574 4031 ellieilur.

2026 4068 2297 4124 Caeterum
2332 4067 2383 4121 in
2418 4065 2470 4121 id
2505 4066 2665 4122 nobis
2688 4065 2819 4120 totis
2853 4065 3062 4123 viribus
3093 4076 3176 4123 est
3197 4067 3536 4131 enitendum,

1958 4177 2028 4217 ne
2059 4162 2215 4217 canis
2261 4162 2434 4215 instar
2470 4158 2538 4214 ad
2573 4158 2840 4213 vomitum
2888 4158 3188 4213 redeuntes
3229 4160 3291 4225 ⁸³,
3331 4164 3536 4231 peccati

1957 4253 2325 4323 nosmetipsos
2384 4251 2568 4306 denuo
2621 4248 2878 4305 servituti
2935 4253 3331 4321 maneipemus.
3370 4254 3537 4309 Fides

1958 4345 2229 4415 siquidem
2255 4344 2374 4400 sine
2409 4343 2671 4414 operibus
2697 4349 2911 4396 mortua
2938 4350 3041 4409 est,
3077 4342 3317 4413 itemque
3349 4360 3534 4414 opera,

1960 4438 2175 4493 sublata
2227 4436 2332 4492 llde
2362 4436 2428 4490 θ’.
2454 4434 2594 4491 Vera
2638 4434 2840 4506 quippe
2875 4433 3009 4491 ﬁdes
3042 4450 3138 4505 per
3169 4449 3332 4505 opera
3386 4452 3538 4490 com—

1960 4532 2246 4603 probatur.

342 4716 730 4786 Βαπτιζόμεθα
757 4714 814 4768 δὲ
867 4715 944 4776 είς
982 4712 1084 4784 τὴν
1115 4712 1279 4782 ἁγίαν
1309 4713 1518 4783 Τριὰδα
1541 4753 1557 4779 ,
1590 4714 1674 4767 ὃτι
1712 4712 1851 4766 αὐτὰ

2027 4705 2136 4762 Cur
2172 4706 2227 4759 in
2254 4703 2569 4760 Trinitatem
2592 4703 2942 4772 baptizemur.
2964 4730 3035 4743 -—
3061 4701 3142 4756 0b
3171 4700 3223 4756 id
3257 4716 3385 4755 vero
3408 4701 3452 4732 7°
3482 4700 3535 4754 in

268 4805 342 4857 τὰ
379 4802 753 4874 βαπτιζόμενα
799 4800 993 4873 χρῄζει
1038 4802 1135 4872 τῆς
1180 4802 1343 4871 ἁγίας
1389 4802 1622 4873 Τριὰδος
1648 4804 1727 4866 είς
1750 4802 1851 4872 τὴν

270 4896 452 4949 αὐτῶν
504 4895 768 4950 σύστασίν
792 4911 851 4948 τε
903 4893 1002 4949 καὶ
1032 4893 1297 4965 διαμονὴν
1320 4932 1335 4958 ,
1361 4894 1457 4946 καλ⁵
1490 4893 1754 4947 ἀδύνατον
1779 4892 1855 4963 μὴ

343 5051 389 5082 ⁸⁸
435 5050 678 5107 Metliod.
743 5050 840 5105 lib.
900 5048 977 5104 De
1022 5064 1223 5103 resurr.
1314 5046 1358 5079 “
1404 5045 1564 5101 Joan.
1622 5047 1853 5113 xix,54.

272 5121 318 5152 ⁸⁸
356 5121 528 5177 [.evit.
587 5138 676 5184 xv,
709 5120 796 5173 10.
860 5120 906 5153 ⁸⁸
935 5120 1072 5175 Gen.
1106 5134 1194 5188 vr,
1236 5117 1323 5171 17.
1397 5118 1440 5188 '_7
1472 5116 1538 5188 Ill
1574 5116 1707 5188 Reg.
1747 5132 1903 5178 XVIII,
1956 5114 2047 5170 52.

269 5189 404 5247 Naz.
454 5199 595 5248 orat.
656 5191 756 5259 ‘0;
788 5190 993 5245 Athan.
1048 5188 1119 5245 ad
1164 5186 1358 5258 Serap.
1392 5186 1467 5242 De
1494 5186 1887 5253 Spir.'sancto.

1959 4808 2206 4855 sanctam
2236 4795 2562 4851 Trinitatem
2611 4793 2977 4863 baptizamur,
3019 4795 3149 4863 quia
3186 4808 3306 4861 qua:
3353 4793 3533 4862 bapti-

1963 4899 2180 4955 zantur,
2209 4886 2278 4942 ad
2311 4887 2417 4953 sui,
2444 4894 2560 4940 tum
2595 4884 3073 4951 constitutionem,
3108 4892 3223 4939 tum
3251 4898 3535 4939 conserva-

1958 5045 2003 5077 υ
2031 5042 2191 5099 Joan.
2251 5057 2341 5111 ιιι.
2364 5042 2416 5095 5.
2500 5039 2544 5072 ⁸³
2571 5037 2736 5111 Greg.
2790 5048 2931 5111 orat.
2972 5039 3062 5106 48.
3125 5108 3145 5111 Α
3167 5036 3448 5111 f‘Gen._i,

2154 5113 2198 5145 ⁸⁸
2233 5111 2275 5167 ll
2322 5110 2469 5167 Petr.
2497 5127 2557 5177 ιι,
2587 5107 2707 5166 22.⁷
2795 5109 2839 5141 θ’
2872 5108 2991 5165 Jac.
3034 5125 3095 5176 ιι,
3119 5108 3209 5163 26.
3288 5109 3334 5139 ⁷⁰
3369 5107 3532 5177 Greg.

1586 5336 1825 5403 VARIA‘I
1867 5333 2271 5395 LECTIONES.

347 5461 368 5504 ι
422 5462 574 5518 Multi
624 5462 841 5518 codices
892 5456 1234 5525 ἑκαθαίρετο.
1304 5453 1428 5525 cod.
1485 5453 1541 5507 S.
1612 5454 1720 5509 llil.
1786 5454 1840 5508 in
1894 5469 2067 5525 marg.
2118 5452 2151 5521 ἢ
2223 5448 2574 5525 ἐκεκὰίὶαρ-το.

2683 5451 2698 5495 3
2759 5445 2815 5501 In
2882 5444 3118 5500 “.2626
3168 5445 3386 5499 additur
3439 5444 3535 5496 καὶ

271 5514 574 5604 ἁγιασμόςν.-
631 5514 975 5604 Sic—Faber,
1032 5514 1125 5598 qui
1187 5524 1469 5604 transtulit
1526 5534 1575 5604 et
1618 5526 1945 5581 illuminalio
1984 5514 2045 5580 εἴ
2090 5514 2547 5588 δάηεεὶβσιιιὶοζιιι
2569 5516 2635 5575 R.
2662 5516 2823 5584 299.4,
2858 5532 2955 5588 pro
2978 5515 3274 5585 φωτισμὺς,
3308 5514 3537 5569 habetur

273 5595 569 5677 ἁγιασμὸς,
619 5604 701 5661 sic
730 5612 889 5659 vetus
940 5595 1167 5669 interpr.
1218 5595 1592 5664 sanctiﬁcatio.
