3960 6198
497 161 632 230 1127
1740 168 1801 228 S.
1835 166 2061 229 JOA‘N‘N

2187 164 2612 226 DAMASCE‘NI
3621 161 3727 230 1128

493 287 578 333 est
607 293 622 328 :
659 274 755 331 Est
802 276 941 331 enim
976 275 1107 346 fides
1136 291 1202 331 ea:
1231 273 1416 330 auditu
1437 276 1508 331 ⁸⁸.
1549 277 1868 350 Scripturas
1903 295 2057 333 nam-

2167 278 2424 348 στεύομεν
2458 281 2522 348 τῇ
2556 274 2876 348 διδασκαλίᾳ
2913 274 2998 328 τοῦ
3033 274 3208 344 ἁγίου
3242 272 3578 342 Πνεῦματος.
3606 279 3724 350 Ait-.1;

494 383 602 440 que
629 382 820 424 sacras
848 367 1140 432 audiendo,
1169 365 1412 440 Spiritus
1444 368 1624 423 sancti
1665 368 1930 425 doctrinae
1950 383 2058 424 cre-

2175 371 2231 424 δὲ
2261 370 2563 424 τελειοῦται
2596 371 2732 422 πᾶσι
2757 370 2871 430 τοῖς
2901 366 3362 437 νομοθετηθεῖσιν
3380 366 3484 419 ὑπὸ
3506 367 3595 420 τοῦ
3623 371 3727 440 Χρι-

495 464 701 519 dimus.
772 461 954 532 Atque
1007 462 1124 517 haec
1183 461 1320 518 ﬁdes
1369 476 1465 532 per
1517 461 1706 516 omnia
1741 463 1856 527 illa,
1891 475 2059 532 quas:

2179 461 2329 525 στοῦ,
2357 463 2503 532 ἔργῳ
2537 460 2891 522 πιστεύουσα,
2937 458 3278 518 εὐσεϐοῦσα,
3306 458 3404 510 καὶ
3427 458 3522 519 τὰς
3547 460 3727 524 ἐντολὰς

496 552 718 608 Christo
742 560 946 607 statuta
969 560 1117 617 sunt,
1137 551 1420 622 perficitur
1445 569 1459 605 :
1482 565 1648 622 opere
1668 547 1920 607 videlicet
1947 565 2060 606 cre-

2179 555 2490 625 πράττουσα
2532 552 2640 606 -τοῦ
2707 549 3201 613 ἀνακαινίσαντος,
3234 549 3409 618 ἡμᾶς.
3447 549 3502 601 ’0
3532 551 3629 621 γὰρ
3672 555 3728 622 μὴ

498 643 656 708 deus,
686 643 948 714 pietatem
979 645 1192 708 colens,
1224 652 1280 698 et
1308 644 1430 713 ejus
1468 644 1560 712 qui
1593 658 1696 700 nos
1725 642 2062 706 instauravit,

2182 644 2323 698 κατὰ
2354 644 2460 716 τὴν
2484 643 2782 715 παράδοσιν
2819 643 2920 710 τῆς
2962 640 3276 706 καθολικῆς
3320 640 3631 707 Ἐκκλησίας
3667 659 3731 695 1::-

499 735 789 804 przeceptis
815 734 1147 803 obsequens.
1176 730 1312 786 Nam
1340 734 1434 802 qui
1467 732 1773 788 secundum
1808 731 2063 788 Ecclesia

2184 737 2412 803 στεύων,
2444 737 2477 807 ἢ
2512 736 2785 789 κοινωνῶν
2833 733 2922 788 διὰ
2986 734 3103 787 τῶν
3161 731 3391 786 ἀτόπων
3463 730 3626 802 ἔργων
3670 735 3729 805 τῷ

500 825 782 880 catholicte
811 825 1161 879 traditionem
1185 838 1298 878 non
1333 823 1529 890 credit,
1567 825 1654 880 vel
1685 839 1780 894 per
1806 824 2064 892 ﬂagitiosa

1333 823 1529 890 credit,
1567 825 1654 880 vel
1685 839 1780 894 per
1806 824 2078 892 ﬂagitiosa
2181 829 2434 896 διαδόλῳ,
2467 825 2696 889 ἄπιστός
2718 825 2888 880 ἐστιν.

501 928 666 984 opera
706 928 831 968 cum
884 912 1100 967 diabolo
1147 911 1547 978 communicat,
1578 912 1668 965 hic
1697 909 1938 965 inﬁdelis
1969 917 2076 964 est.

574 1000 734 1056 Fides
768 1001 964 1056 donum
992 999 1247 1068 Spiritus.
1293 1030 1362 1042 ——
1383 999 1598 1056 Rursus
1640 1019 1653 1055 :
1680 999 1841 1053 Fides
1859 1009 1934 1052 est
1959 1013 2080 1066 spe-

2259 1003 2433 1056 Ἔστι
2459 1000 2516 1054 δὲ
2541 998 2704 1053 πάλιν
2748 997 2952 1062 πίστις
2973 993 3397 1064 ἐλπιζομένων
3414 996 3727 1063 ὑπόστασις,

503 1092 796 1147 randarum
845 1091 1148 1146 substantia
1195 1107 1391 1157 rerum,
1433 1101 1797 1160 argumentum
1849 1106 1951 1143 non
1987 1104 2067 1156 ap-

2185 1083 2540 1163 πραγμάτων
2565 1090 2817 1158 ἔλεγχος
2842 1089 2916 1141 οὐ
2948 1083 3388 1154 βλεπομένων,
3410 1084 3727 1155 natorum;

505 1183 833 1252 parentium,
863 1182 910 1259 ’f’
940 1181 1024 1236 vel
1054 1187 1137 1236 est
1164 1196 1290 1252 spes
1321 1181 1541 1236 minime
1563 1181 1728 1235 dubia
1777 1195 1880 1234 nec
1910 1179 2069 1232 ambi-

2187 1183 2282 1236 καὶ
2312 1181 2624 1251 ἀδιάκριτος
2653 1179 2811 1242 ἐλπὶς
2851 1177 2962 1231 τῶν
3005 1193 3070 1229 τε
3128 1175 3241 1229 ὑπὸ
3272 1175 3412 1229 Θεοῦ
3440 1178 3562 1247 ἡμῖν
3586 1178 3722 1249 inm-

507 1287 634 1343 δυο,
698 1287 805 1342 qua
836 1271 1171 1327 conﬁdimus
1205 1271 1343 1339 fore,
1372 1283 1428 1325 ut
1465 1287 1586 1342 quae
1635 1271 1791 1326 nobis
1821 1271 2071 1324 divinitus

2187 1273 2488 1343 γελμένων,
2527 1270 2624 1324 καὶ
2654 1269 2756 1340 τῆς
2785 1267 2896 1322 τῶν
2945 1268 3236 1337 αἰτήσεων
3280 1266 3441 1336 ἡμῶν
3468 1268 3719 1337 ὲπιτυχίας.

509 1365 780 1436 promissa
840 1373 989 1430 sunt,
1029 1371 1085 1419 et
1140 1378 1261 1433 quae
1292 1364 1658 1432 postulamus,
1690 1362 2073 1432 adipiscamur.

2200 1365 2262 1418 'H
2291 1365 2386 1434 μὲν
2410 1357 2502 1415 οὖν
2531 1359 2751 1430 πρώτη,
2780 1362 2882 1430 τῆς
2919 1357 3208 1430 ἡμετέρας
3239 1356 3467 1426 γνώμης
3499 1359 3659 1429 suam)
3680 1361 3721 1412 δὲ

507 1458 583 1511 Ac
607 1457 756 1527 prior
781 1455 1024 1526 quidem,
1053 1462 1259 1510 nostra:
1283 1456 1590 1510 voluntatis
1617 1464 1702 1510 est
1728 1473 1743 1522 ;
1784 1455 1958 1508 altera
1985 1468 2071 1506 au-

1915 1469 1958 1506 'a
1985 1468 2084 1506 au-
2189 1453 2438 1527 δευτέρα,
2469 1452 2579 1507 τῶν
2619 1451 2976 1523 χαρισμάτων
2999 1448 3102 1502 τοῦ
3135 1449 3479 1519 Πνεῦματος.

509 1556 618 1603 tem
655 1549 800 1602 inter
823 1546 1066 1616 Spiritus
1093 1547 1237 1601 dona
1277 1546 1548 1601 censenda
1574 1555 1676 1602 est.
1983 1609 1998 1618 ρ

578 1639 849 1709 Spiritalis
905 1639 1256 1692 circumcisio.
1282 1668 1350 1678 —
1383 1637 1681 1692 Sciendum
1736 1645 1822 1691 est
1873 1619 2079 1701 autem,
2115 1627 2142 1686 Ε

2152 1633 2160 1680 ἰ
2267 1629 2467 1684 Ἰστέον
2489 1629 2547 1683 δὲ
2579 1630 2662 1683 ὅτι
2689 1627 2776 1681 διὰ
2795 1627 2888 1682 τοῦ
2915 1625 3315 1698 βαπτίσματος
3338 1629 3716 1697 περιτεμνόμεθα

509 1735 946 1804 integumentum
969 1746 1130 1786 omne
1153 1731 1298 1801 quod
1327 1745 1355 1784 a
1383 1731 1670 1785 nativitate
1686 1729 2073 1783 contraximus.

2190 1726 2334 1780 ἅπαν
2356 1725 2416 1778 τὸ
2450 1724 2557 1778 ἀπὸ
2582 1724 2848 1792 γενέσεως
2877 1723 3176 1793 κάλυμμα,
3196 1722 3319 1792 ἦτοι
3345 1722 3442 1794 τὴν
3475 1724 3713 1793 ἁμαρτίαν,

512 1831 797 1895 peccatum
839 1822 1071 1886 scilicet,
1109 1836 1205 1892 per
1227 1821 1558 1891 baptismum
1591 1821 2076 1885 circumcidi,uos-

2190 1817 2286 1870 καὶ
2326 1816 2661 1887 Ἰσραηλῖται
2684 1813 3079 1886 πνευματικοὶ,
3121 1814 3222 1867 καὶ
3255 1813 3393 1867 Θεοῦ
3412 1815 3528 1878 λαὸς
3547 1832 3715 1886 xper-

511 1931 618 1988 que
675 1913 952 1986 spiritales
1006 1911 1286 1969 lsraelitas
1325 1929 1389 1968 ac
1428 1912 1521 1968 Dei
1552 1913 1811 1984 p0pulum
1841 1912 1980 1968 licri.
2185 1907 2432 1978 τίξομεν.

1142 2002 1297 2059 CAP.
1334 2002 1427 2057 XI.
2687 2001 2706 2053 l

2687 1998 2938 2053 ΚΕΦΑΛ.
2975 1998 3070 2052 IA'
3105 1996 3287 2070 [my].

847 2095 925 2151 De
957 2112 1128 2159 cruce,
1161 2096 1248 2148 ubi
1277 2111 1489 2150 rursum
1520 2094 1584 2150 de
1619 2095 1743 2164 ﬁde.
2299 2095 2411 2160 Περ

2299 2091 2437 2160 Περὶ
2457 2091 2748 2160 σταυροῦ,
2786 2092 2856 2145 ἐν
2891 2085 2940 2159 ᾧ
2969 2091 3063 2145 ἔτι
3087 2090 3193 2144 καὶ
3231 2090 3362 2158 περὶ
3389 2090 3622 2154 πίστεως.

581 2181 775 2239 Rerum
826 2187 944 2254 ipsa
1001 2184 1202 2238 creatio
1237 2184 1482 2238 humanis
1531 2186 1823 2240 rationibus
1853 2199 2088 2253 compreé

2273 2181 2336 2236 Ὀ
2361 2185 2546 2252 λόγος
2573 2186 2605 2236 ὀ
2624 2181 2731 2236 τοῦ
2759 2181 3052 2250 σταυροῦ,
3095 2181 3227 2246 τοῖς
3260 2179 3374 2249 μὲν
3415 2179 3711 2246 ἀπολλυμέ-

514 2274 668 2330 hendi
703 2292 806 2329 non
855 2284 1043 2344 potest.
1110 2274 1272 2328 Fides
1317 2276 1563 2330 universa
1600 2279 1910 2331 necessaria.
1950 2278 2078 2344 Quia

2190 2291 2320 2341 νοις
2345 2275 2535 2344 μωρία
2562 2272 2713 2338 ἐστὶ,
2739 2272 2864 2339 τοῖς
2889 2272 2956 2326 δὲ
2988 2272 3361 2342 σωζομένοις
3393 2271 3536 2340 ἡμῖν,
3565 2271 3706 2324 δύνα-

515 2366 667 2434 ﬁdes.
706 2394 776 2405 -—
813 2363 1038 2420 Verbum
1107 2366 1278 2419 crucis
1338 2366 1676 2434 pereuntibus
1712 2366 1919 2434 quidem
1955 2367 2079 2422 stul-

2186 2385 2288 2437 μις
2315 2366 2463 2421 Θεοῦ
2512 2367 2701 2420 ἐστιν.
2744 2365 2808 2418 '0
2845 2365 2958 2434 μὲν
2987 2363 3106 2436 γὰρ
3157 2363 3534 2433 πνευματικὸς
3555 2362 3709 2414 πάντα

521 2459 641 2511 titia
673 2465 750 2510 est
782 2475 800 2512 :
832 2458 900 2510 iis
925 2464 1098 2510 autem
1134 2458 1224 2526 qui
1251 2457 1386 2510 salvi
1413 2457 1568 2526 ﬁunt,
1588 2457 1642 2509 id
1671 2468 1748 2510 est
1775 2458 1953 2521 nobis,
1991 2459 2085 2515 Dei

2191 2457 2522 2527 ἀνακρίνει,
2552 2455 2816 2526 ψυχικὸς
2853 2455 2922 2508 δὲ
2976 2454 3304 2524 ἅνθρωπος
3333 2455 3402 2508 οὐ
3434 2451 3634 2520 δέχεται
3652 2452 3705 2504 τὰ

516 2547 684 2602 uirtus
715 2544 870 2600 est".
899 2542 1032 2598 Nam
1064 2546 1362 2615 spiritualis
1396 2545 1605 2617 quidem
1625 2548 1837 2616 judicat
1866 2551 2043 2603 omnia
2072 2569 2080 2606 ;

2219 2551 2299 2605 ὀὗ
2358 2551 2724 2620 Πνεύματος.
2794 2547 2991 2618 Μωρία
3051 2549 3165 2619 γάρ
3195 2549 3310 2600 ἐστι
3343 2547 3447 2607 τοῖς
3477 2543 3540 2613 μὴ
3565 2544 3706 2596 πίστει
3779 2581 3783 2584 η

516 2637 766 2691 animalis
794 2644 967 2690 autem
991 2635 1143 2690 homo
1163 2652 1262 2688 non
1287 2638 1507 2706 percipit
1532 2653 1594 2691 ea
1615 2655 1732 2708 qua:
1757 2638 1851 2692 Dei
1880 2651 2003 2694 sunt
2021 2643 2080 2695 θ’.

2192 2645 2529 2715 δεχομένοις,
2579 2645 2673 2697 καὶ
2726 2643 2788 2696 τὸ
2843 2627 3050 2712 ἀγαθὸν
3086 2642 3184 2695 καὶ
3227 2639 3596 2708 παντοδὺναμον
3631 2638 3701 2690 τοῦ

518 2729 763 2783 Stultitia
792 2729 941 2783 enim
977 2726 1086 2782 illis
1118 2736 1226 2792 est,
1255 2729 1347 2798 qui
1381 2745 1444 2783 ea
1492 2731 1826 2800 suscipiunt,
1857 2749 1959 2788 nec
1997 2732 2082 2789 Dei

2194 2735 2330 2789 Θεοῦ
2372 2735 2764 2804 λογιζομένοις,
2831 2735 2945 2788 ἀλλ’
2980 2734 3352 2805 ἀνθρωπίνοις
3393 2732 3479 2783 καὶ
3505 2731 3701 2797 φυσικοῖς

517 2821 812 2875 bonitatem
835 2826 888 2874 et
903 2819 1351 2888 omnipotentiam
1373 2820 1751 2888 considerant;
1776 2837 1962 2878 verum
2003 2839 2081 2878 res

2193 2827 2472 2898 λογισμοῖς
2507 2826 2831 2898 ἐξερευνῶσι
2879 2836 2906 2878 P
2948 2827 3018 2880 τὰ
3055 2827 3180 2879 θεῖα
3201 2839 3216 2854 ’
3250 2825 3418 2879 πάντα
3440 2823 3535 2892 γὰρ
3553 2821 3608 2876 τὰ
3630 2819 3699 2872 τοῦ

515 2911 729 2968 divinas
759 2911 1010 2966 humanis
1034 2911 1486 2982 naturalibusque
1525 2912 1833 2970 rationibus
1872 2915 2079 2971 investi-

2136 2960 2166 3017 Β
2197 2917 2331 2972 Θεοῦ
2358 2917 2498 2988 ὑπὲρ
2532 2918 2696 2986 φύσιν
2729 2918 2858 2981 εἰσὶ,
2909 2921 3004 2972 καὶ
3043 2916 3230 2983 λόγον,
3277 2915 3372 2968 καὶ
3416 2912 3620 3017 ἔννοιαν;
3656 2909 3700 2961 ΕΞ

518 3010 671 3073 gant.
685 3000 902 3056 Etenim
923 3015 1048 3072 quae
1076 3000 1169 3057 Dei
1197 3010 1348 3066 sunt,
1368 3012 1618 3058 naturam
1637 3012 1689 3058 et
1704 3004 2021 3061 Sermonem
2042 3016 2082 3062 el

2132 2997 2166 3017 υ
2199 3009 2308 3079 γάρ
2339 3026 2424 3072 τις
2448 3009 2736 3079 λογίσηται
2767 3009 2914 3070 ὅπως
2946 3009 3011 3060 ἐκ
3031 3007 3131 3061 τοῦ
3154 3009 3229 3078 μὴ
3246 3007 3395 3068 ὄντος
3415 3005 3486 3066 είς
3510 3002 3561 3054 τὸ
3577 2997 3696 3062 εἶναι,

518 3092 898 3162 cogitationem
949 3101 1237 3162 superant.
1273 3091 1407 3147 Nam
1441 3093 1488 3150 si
1522 3095 1646 3164 quis
1707 3095 1893 3152 animo
1917 3097 2082 3152 volva:

2196 3102 2342 3166 τίνος
2398 3118 2460 3154 τε
2489 3101 2678 3154 ἕνεκεν
2710 3101 3031 3172 παρήγαγεν
3082 3101 3113 3152 ὁ
3154 3099 3287 3160 Θεὸς
3345 3095 3409 3148 τὰ
3437 3095 3605 3152 πάντα,
3630 3092 3697 3142 καὶ

519 3198 760 3253 quonam
815 3193 998 3256 pacto,
1032 3192 1086 3239 et
1124 3199 1226 3240 cur
1266 3184 1409 3240 Deus
1446 3187 1629 3240 omnia
1665 3202 1729 3243 ex
1772 3188 1944 3244 nihilo
1972 3204 2083 3259 pro«

2199 3195 2447 3263 φυσικοῖς
2469 3193 2752 3263 λογισμοῖς
2807 3192 3009 3262 φθάσαι
3056 3190 3350 3261 ἐϐουλήθη,
3384 3188 3441 3241 οὐ
3473 3182 3694 3250 καταλαμ-

519 3274 773 3338 duxerit,
848 3276 1310 3346 naturalibusque
1376 3278 1685 3334 rationibus
1757 3280 1811 3334 id
1876 3283 2083 3351 assequi

2197 3286 2370 3340 ὁάνει.
2401 3285 2623 3356 Ψυχικὴ
2655 3286 2762 3356 γάρ
2796 3286 2942 3337 ἐστιν
2971 3285 3003 3354 ἡ
3035 3283 3245 3354 γνῶσις
3274 3282 3408 3349 αῦτη
3434 3278 3515 3331 καὶ
3550 3274 3692 3341 δαιμο-

519 3362 835 3428 contendat,
855 3380 1197 3436 nequaquam
1239 3369 1342 3422 hoc
1365 3371 1805 3440 comprehendet.
1831 3374 2083 3431 Auimalit

2199 3372 2414 3445 νιώδης.
2449 3375 2511 3427 Εἰ
2533 3374 2589 3426 δέ
2619 3390 2704 3437 τις
2738 3373 2922 3426 πίστει
2965 3373 3491 3443 χειραγωγούμενος,
3519 3361 3692 3431 ἀγαθὸν.

519 3454 666 3507 enim
697 3463 752 3508 et
782 3454 1050 3510 diabolica
1081 3465 1166 3512 est
1189 3458 1507 3528 hujusmodi
1532 3464 1784 3518 scientia.
1827 3464 1931 3531 Qui
1962 3483 2083 3522 vero

2198 3468 2294 3521 καὶ¹
2323 3465 2755 3536 παντοδύναμον,
2806 3466 2903 3519 καὶ
2945 3465 3170 3532 ἀληθὲς,
3201 3463 3296 3516 καὶ
3337 3461 3501 3527 σοφὸν,
3543 3451 3694 3508 καὶδέ-

521 3542 625 3597 tide
655 3544 820 3598 veluti
848 3559 1011 3600 manu
1043 3547 1264 3615 ductus,
1293 3547 1464 3604 Deum
1503 3552 1730 3620 bonum,
1764 3562 1818 3610 et
1848 3557 2085 3628 omnipo-

2199 3574 2353 3612 καιον
2393 3557 2454 3609 τὸ
2482 3556 2638 3608 Θεῖον
2689 3555 2997 3626 λογίσηται,
3035 3556 3266 3625 εὑρήσει
3313 3552 3476 3605 πάντα
3505 3546 3599 3597 λεία
3626 3540 3692 3591 καὶ

521 3641 745 3702 tentem,
781 3642 834 3689 et.
875 3651 1088 3703 verum,
1125 3646 1179 3692 et
1205 3640 1529 3708 sapientem,
1558 3643 1833 3714 etjustum
1870 3649 2085 3720 cogitat,

2198 3650 2400 3721 ὁμαλὰ,
2426 3650 2522 3703 καὶ
2568 3648 2687 3701 ὁδὸν
2731 3647 2966 3702 εὐθεῖαν.
3011 3647 3206 3709 Ἑκτὸς
3235 3643 3340 3714 γὰρ
3376 3640 3577 3696 πίστεως
3599 3631 3690 3721 ἁδρ-

521 3724 704 3779 omuia
745 3725 906 3795 plana
952 3737 1004 3782 et
1033 3730 1348 3798 aequabilia,
1402 3733 1665 3806 viamque
1697 3747 1902 3794 rectam
1945 3718 2085 3796 inve-

2198 3718 2356 3798 νατον
2411 3741 2686 3811 σωθῆναιο
2747 3739 2926 3792 πίστει
2979 3737 3091 3810 γὰρ
3135 3737 3332 3800 πάντα,
3363 3730 3428 3785 τά
3453 3744 3506 3781 τε
3533 3718 3691 3791 ἀνθρὼ-

524 3818 653 3872 niet.
680 3816 814 3873 Nam
853 3818 968 3874 fieri
1007 3837 1114 3876 non
1140 3833 1318 3894 potest
1346 3834 1406 3880 ut
1443 3829 1566 3898 quis
1597 3829 1717 3886 sine
1740 3831 1842 3888 nde
1861 3835 2088 3891 salutem

2198 3854 2352 3901 πινα,
2408 3835 2478 3890 τά
2520 3851 2580 3887 τε
2623 3832 2971 3903 πνευματικά
3046 3831 3407 3886 συνίστανται.
3459 3818 3573 3875 Οὔτε
3613 3813 3685 3880 γάρ

519 3917 892 3979 consequatur
906 3910 978 3963 ”.
1014 3909 1148 3968 Fide
1173 3915 1443 3984 siquidem
1474 3926 1588 3973 tum
1617 3918 1858 3976 humana
1887 3925 2083 3988 omnia,

2197 3927 2443 3999 γεωργὸς
2495 3926 2650 3989 ἐκτὸς
2701 3926 2936 3989 πίστεως
2989 3924 3183 3995 τέμνει
3231 3920 3333 3990 γῆς
3379 3906 3684 3999 αῦ).ακα·οὖκ

522 4011 634 4053 tum
706 4000 1016 4070 spiritualia
1064 4014 1342 4062 constant.
1379 4006 1565 4080 Neque
1609 4012 1755 4067 enim
1787 4015 2026 4084 agricola
2049 4014 2086 4046 "

2198 3997 2438 4085 ἔμπορος
2473 4013 2654 4086 μικρῷ
2702 4012 2842 4084 ξύλῳ
2893 4013 2992 4085 τὴν
3047 4011 3245 4066 ἑαυτοῦ
3304 4006 3468 4077 ψυχὴν
3508 3997 3571 4068 τῷ

522 4090 639 4145 sine
695 4089 800 4145 fide
839 4106 1029 4147 arvum
1075 4096 1397 4163 proscindit,
1437 4114 1540 4155 nec
1581 4081 1857 4158 mercator
1889 4105 2086 4176 exiguo

2197 4081 2410 4176 νομὲνῳ
2429 4081 2531 4174 τῆς
2560 4081 2836 4173 (θαλάσσης
2863 4081 3094 4171 πελάγει
3134 4097 3509 4172 παραδίδωσιν·
3536 4088 3584 4140 οὐ
3613 4081 3684 4150 76-

523 4177 670 4247 liguo
703 4189 894 4235 vectus
923 4181 1162 4236 animam
1186 4199 1343 4240 suam
1370 4184 1687 4245 furentibus
1733 4193 1899 4248 maris
1933 4193 2087 4250 undis

2202 4213 2292 4268 μοι
2323 4195 2691 4260 συνίστανται,
2721 4195 2822 4247 οὐκ
2858 4194 2987 4248 ἄλλο
3012 4211 3067 4246 τι
3097 4192 3207 4246 τῶν
3239 4192 3295 4242 ὲν
3320 4185 3390 4255 τῷ
3415 4182 3518 4254 βίῳ.
3544 4176 3682 4268 Πίστει

521 4269 837 4335 committit,
876 4285 980 4325 nec
1016 4273 1364 4330 matrimonia
1393 4280 1822 4346 contrahuntur,
1864 4298 1966 4339 nec
2003 4286 2085 4341 de-

521 4358 683 4380 ηιμ,
711 4359 851 4380 _.,__,
898 4362 980 4380 ﬁ“.
1006 4363 1020 4380 .
1112 4379 1117 4380 ,
1653 4372 1666 4380 .
1764 4374 1782 4380 -
2055 4378 2063 4380 -

2121 4319 2175 4380 Β
2198 4262 2428 4358 νοοῦμεν
2458 4288 2522 4340 ὲκ
2543 4285 2638 4339 τοῦ
2709 4285 2786 4357 μὴ
2822 4285 2977 4349 ὄντος
3026 4287 3106 4348 είς
3133 4283 3193 4337 τὸ
3241 4273 3454 4333 εἶναιτὰ
3479 4268 3619 4380 iam
3636 4262 3681 4380 τῇ

521 4358 687 4427 niquc
708 4359 854 4414 aliud
891 4362 1189 4434 quidquam
1230 4381 1420 4422 eorum
1464 4386 1588 4441 qua:
1614 4372 1726 4428 vita
1760 4374 1885 4440 fert,
1919 4378 2085 4433 susci-

2121 4352 2175 4380 ν
2198 4378 2292 4433 τοῦ
2321 4352 2457 4432 Θεοῦ
2487 4352 2723 4448 δυνάμει
2775 4352 3060 4449 παρῆχθαι
3087 4392 3102 4406 ⁶
3138 4375 3312 4429 πάντα
3343 4368 3407 4422 τά
3425 4383 3475 4418 τε
3497 4362 3591 4414 Θεία
3614 4352 3679 4404 καὶ

523 4448 690 4541 pitur.
739 4447 873 4506 Fide
925 4453 1286 4526 intelligimus
1347 4456 1443 4514 Dei
1503 4465 1756 4532 potentia
1796 4474 1995 4522 cuncta
2027 4484 2087 4524 ex

2196 4469 2268 4524 τὰ
2297 4447 2822 4541 άνθρὼπιναίπίστει
2863 4447 3262 4540 κατορθοῦμεν.
3304 4462 3475 4520 mm;
3504 4452 3550 4506 δέ
3575 4451 3680 4501 ἐστιν

522 4539 696 4594 nihilo
744 4542 1009 4610 producta
1073 4561 1220 4602 esse.
1249 4546 1382 4605 Fide
1415 4553 1600 4607 omnia
1649 4564 1798 4610 recte
1824 4557 2086 4626 gerimus,

1651 4564 1798 4610 recte
1824 4557 2094 4626 gerimus,
2199 4539 2766 4633 ἀπολυπραγμόνητος
2798 4539 3215 4631 συγκατάθεσις.

522 4637 637 4684 tum
668 4633 925 4698 humana,
961 4643 1074 4688 tum
1103 4635 1307 4694 divina.
1332 4640 1494 4698 Fides
1521 4658 1684 4711 porro
1711 4655 1794 4701 est
1822 4663 2086 4705 assensus

521 4722 670 4775 omni
698 4725 915 4778 curiosa
943 4725 1298 4798 inquisitione
1319 4747 1522 4789 vacans
1545 4736 1616 4788 ".
3645 4794 3662 4806 -

592 4813 794 4870 Christi
822 4833 998 4871 rerum
1022 4820 1170 4874 nulla
1195 4823 1494 4880 mirabilior
1518 4829 1854 4904 cruce._Ejus
1889 4831 2088 4904 bene/i-

2265 4827 2422 4879 Πᾶσα
2480 4824 2577 4895 μὲν
2639 4819 2732 4877 οῦν
2801 4823 3000 4895 πρᾶξις
3056 4824 3149 4878 καὶ
3188 4805 3554 4904 θαυματουργία

520 4906 1050 4978 cia.—Quanquam
1088 4920 1270 4969 autem
1297 4919 1478 4972 omnis
1516 4900 1720 4975 Christi
1743 4923 1890 4977 actio
1919 4932 1973 4978 et

2200 4917 2436 4991 Χριστοῦ
2480 4887 2738 4987 μεγίστη,
2798 4887 2894 4970 καὶ
2934 4887 3082 4982 νΘεία,
3129 4914 3219 4970 καὶ
3262 4887 3544 4976 οέιυμαστή’

523 4999 840 5055 raculorum
867 5002 1054 5069 editio,
1079 5007 1363 5076 praeclara,
1395 5009 1578 5065 divina
1596 5027 1656 5067 ac
1680 5015 1948 5071 mirabilis
1970 5026 2087 5073 est:

2201 5013 2418 5066 πάντων
2442 5011 2561 5064 ἐστὶ
2592 5009 3036 5080 Θαυμαστότερον
3064 5011 3092 5063 ὁ
3109 5008 3278 5078 τίμιος
3303 4995 3448 5054 αὑτοῦ
3479 4980 3662 5080 σταγράῇ

523 5089 660 5144 nihil
689 5099 866 5147 tamen
906 5102 1002 5170 est
1029 5110 1092 5150 ex
1133 5098 1388 5155 omnibus
1420 5101 1565 5170 quod
1616 5102 1979 5162 admiratione
2010 5108 2087 5163 di-

2195 5106 2272 5158 Δι’
2308 5103 2519 5168 οὕδενδς
2546 5103 2658 5175 γὰρ
2691 5077 2879 5174 ἐτέρου
2910 5077 3186 5162 ὁόάνᾶτος
3213 5093 3531 5162 κατήργηται,
3559 5077 3663 5144 ’ἴτυν

593 5256 640 5336 se.
675 5254 832 5308 Rom,
1105 5259 1176 5336 __’°
1211 5257 1374 5336 Hebr.
1409 5275 1485 5336 τι,
1523 5262 1574 5318 1.
1659 5265 1701 5297 ⁹¹
1739 5264 1912 5322 lCor.
1948 5285 1986 5333 l,
2013 5268 2102 5324 23.

2095 5310 2102 5324 .
2210 5269 2466 5324 "lCor.
2512 5268 2696 5336 ".15.
2789 5269 2834 5300 θ’
2888 5266 3050 5320 Hebr.
3102 5283 3172 5330 xl,
3221 5263 3269 5315 6.
3380 5251 3420 5285 νδ
3473 5235 3659 5298 Basil-i"

526 5325 822 5393 psal.cxv.
899 5329 946 5360 ³⁸
993 5326 1162 5383 Basil.
1239 5330 1337 5383 cit.
1419 5331 1525 5386 loc.

1805 5423 2038 5480 ἾΔΒΙᾹΞ
2073 5421 2476 5481 LECTIONES.

591 5532 619 5574 ρ
650 5521 821 5579 Codd.
855 5525 968 5583 fere
988 5542 1179 5584 omnes
1209 5529 1492 5600 ἐρευνῶσι.
