3960 6198
356 281 492 345 1133

1414 277 1513 338 DE
1550 275 1728 336 FIDE
1764 269 2230 336 ORTIIODOXA
2275 268 2402 329 LIB
2471 265 2568 326 IV.

3471 256 3608 324 1134

349 400 539 468 σαῖκὴ,
573 397 968 469 σταυροτύπως
1032 395 1132 466 τὴν
1187 394 1468 448 θάλασσαν
1507 392 1784 463 πλήξασα,
1836 389 1932 443 καὶ

2047 385 2430 446 ηηάἰριιτιιιιιίί,
2464 389 2578 436 tum
2610 381 2760 452 virga
2803 379 3064 448 Mosaica,
3099 399 3206 454 qua
3241 381 3412 438 veluti
3441 395 3610 436 cruce

351 491 576 545 σώσασα
603 490 702 560 μὲν
718 490 811 542 τὸν
852 488 1093 559 Ἰσραὴλ,
1127 486 1328 558 Φαραὼ
1349 486 1407 539 δὲ
1432 486 1698 556 βυθίσασα
1717 501 1732 515 ο
1750 486 1934 554 χεῖρες

352 581 720 652 σταυροειδῶς
755 579 1150 649 ἐκτεινόμεναι,
1183 577 1394 632 καὶτὸν
1424 577 1676 647 Ἀμαλὴκ
1702 572 1935 644 τροπού-

354 687 550 742 μεναι·
600 669 741 740 ξύλῳ
797 670 858 723 τὸ
891 670 1090 738 πικρὸν
1141 667 1287 735 ὕδωρ
1344 667 1791 736 γλυκαινόμενον,
1839 663 1936 717 καὶ

353 761 531 831 πέτρα
575 759 890 832 ῥηγνυμένη
949 759 1044 812 καὶ
1091 758 1402 828 προχέουσα
1459 756 1706 824 νάματα·
1740 752 1935 825 ῥάϐδος

353 851 434 920 τῷ
457 849 668 921 ’Δαρὼν
689 850 750 902 τὸ
783 849 882 918 τῆς
901 849 1183 920 ἱεραρχίας
1199 847 1416 917 ἀξίωμα
1439 843 1894 916 χρηματίζουσαδ
1917 860 1932 874 ο

355 943 480 1010 ὄφις
511 943 607 994 ἐπὶ
632 939 790 1006 ξύλου
823 940 1315 1010 θριαμϐευόμενος,
1354 937 1429 1001 ὡς
1451 936 1808 1007 νενέχρωται,
1842 931 1936 987 τοῦ

357 1034 518 1100 ξύλου
554 1033 680 1096 τοὺς
720 1033 914 1102 νεκρὸν
947 1031 1192 1101 ὁρῶντας
1219 1031 1312 1083 τὸν
1349 1028 1542 1099 ἐχθρὸν
1577 1025 1938 1089 διασώζοντος

357 1128 486 1184 τοὺς
514 1124 896 1189 πιστεύοντας,
947 1123 1022 1185 ὼς
1061 1122 1299 1192 Χριστὸς
1356 1123 1413 1174 ὲν
1475 1119 1640 1191 σαρκὶ
1661 1116 1938 1190 ἁμαρτίας

361 1216 639 1289 ἁμαρτίαν
673 1216 777 1269 οὐκ
806 1215 981 1286 εἰδυία
1025 1215 1052 1254 ιι
1102 1213 1476 1286 προσήλωται.
1513 1213 1755 1281 Μωῦσῆς
1785 1210 1812 1261 ὁ
1843 1209 1940 1281 μὲ-

362 1327 500 1378 γας,
560 1310 845 1377 Ὄψεσθε,
890 1305 1028 1376 βοῶν
1053 1306 1190 1374 (75),
1226 1303 1343 1372 τὴν
1392 1303 1546 1371 ζωὴν
1613 1301 1782 1372 ὑμῶν
1839 1301 1938 1354 ἐπὶ

363 1402 559 1467 ξύλου
644 1398 1025 1468 κρεμαμένην
1095 1393 1387 1452 ἀπέναντι
1446 1393 1565 1448 τῶν
1619 1391 1942 1463 ὀφθαλμῶν

364 1488 552 1557 ὑμῶν,
618 1488 884 1550 Ἡσαΐας·
928 1487 1114 1553 Ὅλην
1172 1483 1288 1552 τὴν
1335 1483 1566 1553 ἡμέραν
1611 1481 1942 1537 διεπέτασιι

365 1579 471 1642 τὰς
496 1575 700 1646 χεῖράς
715 1594 834 1644 μου
860 1574 1012 1643 πρὸς
1038 1573 1192 1628 λαὸν
1217 1572 1579 1628 ἀπειθοῦντα
1635 1572 1733 1625 καὶ
1775 1570 1939 1624 ἀντι-

365 1669 642 1736 λέγοντα.
678 1667 742 1719 Οἱ
786 1664 945 1718 τοῦτο
987 1676 1009 1704 ο
1073 1663 1532 1737 προσκυνοῦντες,
1571 1663 1673 1733 τῆς
1719 1661 1940 1733 μερίδος

366 1761 624 1830 τύχοιμεν
651 1758 886 1830 Χριστοῦ
908 1757 1004 1811 τοῦ
1029 1755 1471 1827 ἐσταυρωμένον.
1515 1755 1710 1824 ’Λμήν.

861 1935 1114 1990 ΚΕΦΑΛ.
1155 1933 1233 1988 113'
1274 1933 1449 2006 [nev].

546 2029 687 2098 Περὶ
724 2029 830 2082 τοῦ
864 2026 1234 2097 προσκυνεῖν
1269 2026 1420 2094 πρὸς
1448 2022 1768 2090 ἀνατολάς.

439 2120 554 2190 Οὐχ
604 2118 811 2181 ἁπλῶς,
836 2116 946 2171 οὐδ’
983 2117 1058 2182 ὡς
1086 2118 1264 2188 ἔτυχε,
1296 2115 1440 2170 κατὰ
1484 2113 1749 2178 ἀνατολὰς
1781 2131 1950 2185 προσ-

372 2212 666 2282 κυνοῦμεν.
709 2209 848 2264 Ἀλλ’
897 2210 1084 2280 ἐπειδὴ
1119 2209 1178 2276 ἐξ
1213 2211 1417 2281 ὁρατῆς
1460 2224 1521 2261 τε
1570 2208 1662 2261 καὶ
1687 2206 1946 2278 ἀοράτου,

372 2307 492 2376 ητοι
548 2303 742 2375 νοητῆς
792 2301 888 2355 κσύ⁸
943 2301 1208 2372 αἰσθητῆς
1259 2299 1650 2370 συντεθείμεθα
1700 2299 1946 2367 φύσεως,

373 2396 571 2466 διπλῆν
616 2395 712 2447 καὶ
753 2394 850 2464 τὴν
905 2393 1276 2464 προσκύνησιν
1319 2391 1400 2464 τῷ
1435 2392 1766 2464 Δημιουργῷ
1791 2409 1952 2464 προσ-

373 2490 582 2557 άγομεν
601 2502 616 2515 °
647 2485 834 2556 ὥσπερ
858 2486 953 2538 καὶ
995 2485 1070 2555 τῷ
1099 2484 1175 2554 νῷ
1205 2484 1479 2555 ψάλλομεν
1499 2485 1595 2538 καὶ
1620 2488 1736 2548 τοῖς
1765 2501 1951 2554 σωμα-

375 2583 548 2643 τικοῖς
573 2579 796 2650 χείλεσι,
828 2578 923 2630 καὶ
954 2576 1333 2648 βαπτιζόμεθα
1373 2577 1526 2632 ὕδατί
1559 2595 1620 2631 τε
1661 2579 1755 2632 καὶ
1775 2577 1951 2630 Πνεύ-

379 2690 534 2738 ματι,
566 2672 660 2726 καὶ
692 2670 896 2732 διπλῶς
923 2669 1001 2740 τῷ
1032 2669 1224 2739 Κυρίῳ
1263 2667 1552 2738 ἐνούμεθα,
1601 2667 1710 2721 τῶν
1741 2685 1951 2738 μυστη-

379 2764 512 2836 ρίων
549 2763 888 2832 μετέχοντες,
934 2761 1162 2830 καὶτῆς
1210 2760 1302 2812 τοῦ
1349 2761 1669 2831 Πνεύματος
1707 2760 1948 2832 χάριτος.

2036 491 2365 547 percussum
2394 482 2478 529 est
2506 488 2677 538 mare,
2703 482 2757 527 et
2787 488 2910 541 quae
2939 473 3122 529 Israeli
3146 475 3377 530 salutem
3399 472 3604 536 fert-ns,

2034 565 2375 622 Pharaonem
2395 565 2554 636 aquis
2573 565 2762 618 mersit
2778 565 2846 630 ¹¹,
2869 574 2981 619 tum
3001 581 3195 620 manus
3219 568 3274 620 in
3292 566 3473 622 crucis
3494 565 3609 620 for-

2037 671 2186 710 mam
2221 670 2500 726 expansae,
2539 663 2700 724 alque
2720 653 3055 708 Amalecitas
3086 654 3140 707 in
3177 652 3355 721 fugam
3390 662 3610 708 verten-

2037 753 2120 800 tes
2145 745 2188 776 ¹³
2221 761 2236 797 :
2274 760 2417 814 aqua
2459 746 2588 799 item
2629 758 2814 798 amara
2879 745 3024 814 ligno
3050 743 3302 798 edulcata
3326 743 3390 807 ίδ,
3419 759 3612 814 rupes-

2037 851 2144 906 que
2202 836 2367 908 virga:
2419 849 2523 906 0pc
2572 836 2790 905 dirupta
2821 835 3014 891 latices
3061 835 3294 890 fundens
3336 835 3379 867 ’⁸
3414 854 3426 888 :
3463 838 3612 904 virga

2037 929 2243 982 Aaroni
2281 930 2575 984 sacerdotii
2635 929 2958 999 dignitatem
2994 937 3221 1000 prepter
3250 929 3495 984 divinum
3529 947 3612 986 rc-

2040 1035 2306 1089 Sponsum
2334 1021 2588 1077 sanciens
2613 1021 2654 1053 ¹⁶
2690 1037 2704 1074 :
2738 1032 2956 1076 erectus
2982 1021 3167 1091 tropzei
3198 1036 3349 1076 more
3385 1023 3434 1076 in
3467 1022 3614 1092 ligno

2040 1127 2295 1184 Serpens,
2337 1114 2505 1167 veluti
2543 1123 2791 1168 mortuus
2814 1114 2880 1177 ”,
2935 1112 3085 1182 ligno
3118 1113 3352 1169 salutem
3377 1114 3445 1170 iis
3478 1113 3614 1170 alie-

2055 1212 2236 1267 rente,
2295 1205 2389 1274 qui
2441 1219 2565 1258 cum
2608 1204 2711 1260 ﬁde
2737 1215 3014 1259 mortuum
3054 1204 3262 1260 hostem
3293 1214 3614 1273 cernerent;

2041 1293 2182 1349 sicut
2213 1293 2485 1360 Christus,
2507 1295 2558 1348 in
2582 1310 2747 1351 carne
2785 1297 2996 1368 peccati
3027 1298 3233 1364 nescia,
3275 1297 3422 1368 ligno
3449 1301 3620 1354 conli-

2043 1401 2148 1438 xus
2172 1385 2293 1439 fuit.
2325 1387 2551 1457 Magnus
2578 1387 2792 1458 Moyses
2818 1388 3079 1443 inclamat
3117 1408 3130 1443 :
3178 1388 3432 1445 Videbitis
3457 1390 3619 1445 vitam

2040 1485 2268 1530 vestram
2286 1477 2337 1532 in
2371 1477 2514 1548 ligno
2530 1477 2833 1546 pendentem
2861 1480 2922 1534 ob
2947 1481 3121 1535 oculos
3140 1492 3336 1536 vestros
3366 1481 3430 1536 ¹⁸.
3451 1483 3619 1538 Isaias

2043 1568 2219 1621 item:
2269 1567 2404 1622 Tota
2447 1569 2532 1623 die
2572 1571 2802 1637 expandi
2844 1589 3031 1627 manus
3086 1591 3230 1629 meas
3267 1574 3338 1628 ad
3369 1576 3620 1644 populum

2043 1673 2146 1710 non
2174 1659 2466 1714 credentem
2491 1669 2538 1713 et
2579 1662 3022 1718 contradicentem
3045 1664 3106 1716 ιθ.
3138 1663 3248 1722 Nos
3277 1667 3372 1738 qui
3401 1683 3618 1723 crucem

1973 1733 2014 1787 Β
2044 1747 2363 1812 adoramus,
2398 1750 2464 1803 ad
2495 1749 2724 1814 Christi,
2771 1753 2865 1821 qui
2899 1753 3050 1807 cruci
3084 1733 3413 1823 aﬂivus'est,
3445 1758 3621 1827 parti-

2049 1838 2379 1907 cipationem
2409 1841 2615 1895 utinam
2639 1843 3058 1910 perveniamus.
3103 1846 3302 1902 Amen.

2683 1932 2836 1989 CAP.
2867 1933 2983 1988 XII.

2472 2025 2547 2080 De
2567 2025 2878 2082 adoratione
2901 2028 2971 2082 ad
3001 2030 3270 2085 orientem.

2119 2110 2232 2169 Cur
2247 2113 2489 2170 Ecclesia
2533 2116 2601 2170 ad
2631 2117 2882 2171 orientem
2907 2120 3240 2189 exteriusque
3257 2119 3464 2177 adoret.
3494 2125 3625 2176 Tra-

2047 2207 2181 2261 ditio
2219 2225 2322 2262 non
2348 2209 2565 2280 scripta.
2623 2222 2690 2253 -'-
2720 2210 2840 2267 Non
2891 2221 3114 2278 temere,
3147 2227 3250 2269 nec
3285 2215 3404 2270 sine
3431 2229 3622 2279 causa,

2050 2303 2117 2356 ad
2147 2302 2415 2358 orientem
2452 2303 2708 2360 conversi
2741 2303 3060 2362 adoramus.
3097 2305 3256 2371 Nam,
3293 2309 3421 2378 quia
3447 2323 3513 2362 cx
3541 2309 3624 2361 vi—

2050 2393 2204 2449 sibili
2247 2394 2414 2449 simul
2441 2407 2497 2450 et
2520 2395 2784 2454 invisibili
2835 2407 3062 2465 natura,
3097 2399 3202 2454 hoc
3231 2408 3321 2455 est
3347 2400 3624 2471 spirituali

2049 2489 2103 2537 et
2159 2484 2408 2539 sensibili
2463 2494 2805 2550 constamus,
2866 2487 3030 2559 266
3084 2486 3357 2558 duplicem
3408 2476 3628 2558 quoque

2052 2574 2428 2629 adorationem
2467 2575 2712 2631 Creatori
2753 2576 3110 2642 adhibemus,
3165 2577 3624 2648 quemadmodum

2050 2676 2104 2721 et
2126 2673 2328 2731 mente,
2360 2668 2725 2737 corporisque
2751 2667 2912 2722 labiis
2931 2667 3205 2732 canimus,
3243 2682 3456 2724 necnon
3484 2681 3627 2737 aqua

2053 2756 2220 2812 simul
2256 2765 2311 2811 et
2345 2759 2547 2826 spiritu
2572 2758 2952 2828 baptizamur;
2988 2757 3302 2829 duplicique
3331 2759 3491 2812 modo
3521 2759 3628 2813 ί)οο

2053 2849 2203 2903 mino
2225 2851 2573 2918 c0pulamur,
2597 2849 2726 2904 dum
2757 2857 3129 2912 sacramenta,
3147 2859 3200 2903 et
3231 2848 3359 2904 dum
3386 2849 3629 2919 Spiritus

2055 2942 2284 3010 gratiam
2318 2942 2677 3011 percipimus.

462 3031 614 3110 Ἐπεὶ
642 3031 822 3084 τοίνυν
851 3028 961 3101 (76)
1013 3030 1042 3081 ὁ
1091 3029 1223 3092 Θεὸς
1272 3028 1387 3095 φῶς
1433 3027 1551 3080 ἐστι
1598 3025 1808 3096 νοητὸν,
1860 3026 1946 3079 καῖ

2126 3030 2396 3096 Quoniam
2425 3031 2592 3100 mitur
2661 3032 2805 3086 Deus
2837 3029 3123 3101 spirituale
3151 3031 3336 3085 lumen
3365 3039 3450 3086 est
3467 3031 3533 3096 ’⁸,
3566 3045 3631 3084 ae

379 3124 530 3194 ἥλιος
545 3123 911 3192 δικαιοσύνης,
925 3122 1022 3175 δια)⁸
1055 3120 1314 3191 Ἀνατολὴ
1331 3122 1388 3172 ὲν
1409 3123 1527 3184 ταῖς
1549 3121 1798 3191 Γραφαῖς
1824 3119 1946 3172 ὠνό-

2056 3123 2315 3178 Christus
2340 3123 2420 3177 sol
2441 3123 2725 3192 justitiaa“
2754 3132 2808 3178 et
2841 3123 3038 3179 Oriens
3057 3125 3100 3156 "
3125 3124 3180 3178 in
3198 3124 3374 3179 sacris
3407 3123 3632 3180 Litteris

383 3231 585 3285 μασται
621 3214 912 3284 ὁΧριστὸς,
941 3211 1232 3266 ἀναθετέον
1253 3211 1401 3282 αὐτῷ
1428 3210 1528 3282 τὴν
1575 3211 1843 3280 ἀνατολὴν
1876 3213 1957 3272 εἰς

382 3306 776 3375 προσκύνησιν.
801 3305 917 3358 Πᾶν
941 3303 1049 3374 γὰρ
1077 3303 1240 3357 καλὸν
1255 3302 1331 3372 τῷ
1346 3303 1465 3372 Θεῷ
1493 3302 1803 3377 ἀναθετέον,
1823 3300 1882 3367 ἐξ
1894 3295 1955 3354 οὗ

384 3401 492 3452 πᾶν
525 3397 727 3465 ἀγαθὸν
759 3396 1112 3465 ἁγαθύνεται.
1140 3397 1279 3465 Φησὶ
1307 3395 1363 3447 δὲ
1407 3396 1501 3448 καὶ
1529 3396 1557 3446 ὁ
1576 3393 1718 3458 θεῖος
1749 3394 1915 3447 Δα6ίδ
1939 3411 1953 3423 ο

384 3490 455 3543 Al
485 3488 799 3552 βασιλεῖαι
847 3485 956 3555 τῆς
1004 3486 1138 3556 γῆς,
1174 3485 1363 3554 {ia-ars
1423 3484 1504 3550 τῷ
1535 3483 1680 3551 Θεῷ,
1719 3486 1956 3554 ψὰλατε

384 3574 466 3640 τῷ
486 3576 701 3642 Κυρίῳ,
734 3573 815 3640 τῷ
864 3577 1238 3643 ἐπιϐεϐηκότι
1286 3575 1384 3629 ἐπὶ
1409 3574 1516 3628 τὸν
1551 3574 1815 3642 οὐρανὸν
1847 3575 1956 3629 τοῦ

383 3665 646 3733 οὐρανοῦ
705 3665 856 3720 κατὰ
898 3666 1222 3732 ἀνατολάς.
1276 3668 1396 3720 Ἔτι
1443 3665 1502 3720 δὲ
1555 3665 1648 3719 καί
1698 3684 1864 3737 φησιν
1920 3669 1953 3737 ἡ

460 3845 501 3875 ¹¹
527 3843 683 3898 Auct.
731 3842 938 3908 Quast.
978 3843 1043 3898 ad
1087 3839 1345 3896 Antioch.

1407 3856 1462 3910 q.
1494 3841 1582 3895 63.

388 3913 433 3946 "
461 3913 631 3968 Exod.
660 3929 789 3974 xvn,
821 3913 876 3966 6.

955 3913 1173 3966 “Num.
1216 3926 1349 3970 xvn‘.
1384 3911 1416 3966 8
1440 3919 1494 3965 et
1520 3913 1572 3972 9,

1673 3841 1916 3898 "Exod.
1977 3858 2088 3903 xw,
2147 3843 2214 3895 16
2278 3857 2431 3909 seqq.

1653 3913 1694 3943 ‘7
1731 3910 1894 3966 Num.
1930 3925 2042 3976 ut,
2075 3911 2128 3965 9.
2208 3911 2250 3941 ¹³
2282 3911 2441 3965 Deut.
2481 3927 2665 3976 xxvnt,
2696 3909 2783 3964 66.

397 3994 442 4044 ι,
461 3984 514 4038 5.
588 3983 634 4015 ³³
678 3981 910 4037 Malach.
943 3999 1018 4047 tv,
1041 3982 1096 4038 2.
1172 3983 1220 4014 ³⁸
1247 3981 1413 4036 Zach.
1457 3996 1539 4048 Ill,
1568 3981 1641 4049 8;
1676 3981 1810 4037 Luc.
1848 3997 1883 4048 ι,
1913 3982 2003 4038 78.

2059 3213 2397 3283 appellatur;
2427 3213 2632 3268 idcirco
2650 3229 2774 3284 pars
2793 3215 2907 3280 illa,
2925 3229 3033 3284 qua
3051 3215 3132 3268 sol
3159 3215 3356 3280 oritur,
3376 3215 3480 3284 ipsi
3500 3215 3634 3270 ado-

1999 3376 2012 3382 -
2057 3305 2289 3359 rationis
2312 3318 2444 3375 ergo
2476 3306 2810 3375 assignanda
2844 3312 2951 3361 est.
2991 3305 3345 3376 Etsiquidem
3384 3306 3436 3362 id
3469 3321 3633 3361 omne

2059 3393 2204 3463 quod
2238 3393 2441 3449 bonum
2471 3393 2633 3448 fuerit
2659 3409 2982 3450 consecrare
3009 3409 3108 3464 par
3141 3403 3246 3457 est,
3281 3409 3312 3448 a
3337 3409 3448 3465 quo
3471 3395 3632 3464 quid-

2062 3485 2193 3556 quid
2217 3485 2420 3540 bonum
2445 3493 2550 3550 est,
2582 3485 2783 3542 bonum
2810 3486 3062 3541 etlieitur.
3082 3485 3226 3553 Quin
3249 3485 3471 3543 divinus
3503 3501 3636 3557 quo-

2063 3591 2169 3646 que
2201 3573 2366 3630 David
2415 3576 2502 3631 his
2531 3576 2713 3631 verbis
2746 3576 2921 3630 utitur
2953 3593 2966 3629 :
3001 3575 3178 3645 Regna
3205 3585 3380 3640 terrw,
3425 3586 3636 3630 cantate

2063 3668 2194 3732 Deo,
2211 3668 2423 3738 psallite
2443 3668 2692 3735 Domino,
2709 3669 2797 3738 qui
2809 3668 3040 3722 ascendit
3061 3683 3216 3737 super
3230 3668 3414 3722 caelum
3431 3668 3547 3722 cmli
3566 3669 3635 3722 ad

2510 3842 2553 3873 ⁸³
2579 3841 2747 3894 Exod.
2773 3857 2904 3902 xvn,
2958 3842 3044 3894 Η.
3126 3841 3168 3873 ⁵⁸
3191 3840 3363 3898 Exod.
3413 3859 3502 3905 xv,
3538 3844 3633 3897 25.

2863 3911 2905 3942 ’τ’
2936 3910 3039 3965 lsa.
3066 3926 3188 3978 va,
3225 3913 3281 3966 2.
3358 3914 3404 3943 ²⁰
3432 3912 3630 3968 lJoan.

1678 4132 1914 4188 VAIIIIE
1972 4131 2378 4188 LECTIONES.

463 4286 489 4314 ι
517 4272 662 4328 Edit.
693 4272 1042 4345 χρηματίζει.
1120 4271 1148 4309 δ
1193 4270 1344 4324 Multi
1368 4269 1526 4324 codd.
1558 4268 1731 4332 εἰδώς.
1766 4270 1934 4325 Vetus
1963 4271 2190 4341 interpr.
2216 4287 2318 4324 non
2345 4286 2679 4340 cognoscens.
2757 4281 2777 4307 ο
2808 4269 3037 4336 Quidam
3068 4271 3275 4336 τοῦτον,
3301 4253 3410 4327 σιίι
3441 4273 3632 4344 τούτῳ.

1902 4385 2132 4442 NOTAE.

465 4503 1086 4578 (75)_'01,'reoﬁe,ﬁodi_r.
1120 4503 1562 4578 Videbitisvitnm
1585 4513 1832 4578 veslrrnn.
1853 4513 1958 4559 etc.
1994 4509 2039 4563 D
2068 4502 2351 4578 non_a‘ltcr
2385 4500 2480 4554 ille
2514 4509 2732 4578 auctor,-
2758 4503 2850 4578 qui
2883 4502 3086 4578 ιιιεψιί
3135 4505 3394 4578 "gryph
3416 4506 3637 4562 nomine

392 4573 568 4632 Hu'nc'
588 4573 990 4630 l)euteronomii
1019 4574 1198 4628 locum
1219 4573 1424 4627 Iudaeis
1437 4574 1716 4640 objectant
1745 4573 1959 4636 Patres,

394 4663 456 4701 ac
485 4648 532 4701 si
561 4646 814 4700 Christus
838 4659 1002 4714 quem
1034 4645 1320 4714 aﬂixerunt
1350 4647 1524 4714 cruci,
1546 4645 1664 4697 vine
1689 4643 1960 4714 pendentis

397 4718 619 4771 nomine
668 4713 1063 4784 signitiCetﬁur,
1093 4713 1338 4784 (ueteris.
1375 4713 1656 4784 praeivisse
1698 4713 1961 4784 Irenaeum

396 4795 548 4856 puto,
585 4785 681 4838 lib.
717 4780 768 4848 ὗ,
806 4800 858 4856 ογ.
890 4783 979 4844 18.
1013 4783 1212 4856 ubi__ai|.
1249 4799 1264 4838 :
1297 4780 1439 4836 Caro
1471 4782 1671 4856 factum
1697 4793 1774 4856 est
1808 4782 1966 4854 (Ver-

394 4852 547 4920 ἰιιιιιι)
574 4865 622 4909 et
655 4855 894 4922 pependit
925 4869 1079 4919 super
1103 4852 1320 4920 lignum,
1346 4861 1399 4903 ut
1420 4855 1659 4922 universa
1693 4855 1747 4907 in
1781 4852 1967 4908 semet-

393 4927 569 4994 ipsum
623 4925 1032 4994 recapitularet,
1089 4921 1543 4994 quemadmodum
1585 4921 1791 4994 Moyses
1870 4923 1965 4976 hoc

393 4990 568 5063 ipsum
604 4994 963 5062 munifestavit
985 4993 1037 5045 in
1065 4990 1254 5057 populo
1290 5007 1307 5044 :
1344 5010 1361 5040 ι
1380 4990 1442 5063 Ε(
1468 4992 1566 5063 erit
1593 4990 1695 5044 vita
1725 5006 1816 5044 tua
1843 5008 1966 5058 pen-

394 5060 522 5119 dens
545 5073 666 5118 ante
691 5060 870 5117 oculos
895 5072 1032 5126 tuos,
1063 5072 1108 5115 et
1137 5078 1238 5133 non
1271 5060 1449 5116 credes
1481 5062 1601 5113 uiue
1635 5071 1794 5115 tum.»
1826 5063 1994 5133 Quia.

396 5137 562 5206 igitur
589 5151 694 5206 non
745 5141 1052 5206 receperunt
1106 5131 1281 5193 illum,
1323 5147 1443 5206 _no_n
1486 5140 1786 5206 receperunt
1817 5129 1967 5184 illam

396 5197 582 5259 vitam.
638 5197 941 5272 Scriptura:
964 5215 1163 5256 sensus
1187 5197 1534 5272 efst,AJudazos
1555 5198 1749 5272 patria
1778 5209 1966 5254 extor-

395 5291 489 5330 res
517 5274 711 5338 factos,
750 5269 1015 5342 perpetuo
1037 5271 1226 5342 pavori
1259 5269 1685 5342 obnoxiosjure.

494 5343 580 5414 76)
599 5338 766 5414 Ἐπεῐ
783 5338 1010 5396 τοῖνυν.
1039 5338 1301 5414 Quoniam
1323 5339 1667 5414 igiturpeus,
1692 5348 1798 5414 etc.
1817 5338 1968 5395 Alte-

396 5428 458 5468 ra
473 5409 828 5471 hmctraditio
856 5421 958 5471 est,
995 5416 1154 5479 quam
1179 5409 1248 5462 ab
1277 5409 1540 5476 apostolis
1563 5413 1842 5476 acceptam
1877 5425 1964 5464 rc-

399 5485 505 5539 fert
538 5483 702 5538 Basil.
738 5482 832 5536 lib.
852 5483 926 5534 De
951 5479 1150 5547 Spiritu
1173 5487 1354 5531 sancto
1382 5495 1432 5532 c.
1463 5479 1553 5538 27,
1589 5489 1640 5531 ut
1685 5479 1750 5529 ad
1791 5480 1967 5534 orien-

398 5561 507 5607 tem
534 5553 674 5608 versi
699 5553 1004 5606 Christiani
1048 5550 1214 5603 Dcum
1261 5549 1489 5600 adorent
1519 5565 1532 5600 :
1561 5561 1792 5616 eamque
1831 5559 1966 5603 ttnn-

400 5623 618 5690 plorum
651 5623 792 5676 situs
826 5621 1119 5690 signiﬁcat.
1151 5617 1222 5690 De
1255 5619 1354 5669 hoc.
1387 5619 1498 5690 ritu
1526 5617 1767 5690 disputat
1795 5621 1962 5670 Atha-

401 5688 590 5746 nasius
616 5693 808 5746 Iunior
843 5688 898 5744 in
937 5705 1078 5759 rcsp.
1113 5689 1176 5741 atl
1209 5696 1402 5756 quaest.
1431 5688 1499 5740 57
1527 5689 1800 5749 Antiochi,
1835 5703 1964 5742 nec~

2068 4572 2500 4644 prodiit,qutest.
2527 4570 2650 4624 108.
2673 4563 2956 4638 Alcuinus,
2989 4574 3084 4628 lib.
3106 4589 3147 4644 ιι
3167 4573 3238 4627 De
3253 4563 3400 4629 Trin.
3421 4590 3542 4644 cap.
3563 4579 3632 4631 :

2067 4642 2199 4696 Cum
2220 4642 2289 4695 ad
2308 4642 2597 4713 orationem
2618 4650 2842 4708 stamus,
2862 4645 3060 4713 inquit.
3075 4643 3148 4713 ad
3171 4646 3418 4698 orientem
3429 4642 3639 4700 cancer.

2068 4713 2227 4766 timus
2253 4728 2368 4765 nos.
2410 4709 2581 4776 Quem
2615 4713 2780 4765 etiam
2825 4709 3032 4769 morem
3074 4711 3412 4769 Walal‘ridus
3439 4715 3638 4771 Strabo

2068 4781 2245 4863 inagis
2269 4781 2560 4863 approbat,
2587 4781 2687 4837 lib.
2717 4779 2794 4863 [Ie
2809 4782 2974 4863 rebus
2990 4783 3176 4837 eccles.
3210 4799 3329 4863 cap.
3356 4784 3409 4850 4,
3434 4793 3494 4838 ιιι
3531 4785 3641 4863 llo:

2069 4851 2793 4925 non-iusAugustodunensis
2824 4855 2892 4925 in_
2931 4851 3148 4906 Gemma
3180 4851 3392 4925 animm,
3425 4869 3544 4925 cap.
3569 4857 3640 4911 95

2069 4919 2148 4974 De
2179 4919 2526 4994 antiq.__ritib.
2583 4919 2766 4984 Miss.,
2801 4923 2894 4988 qui
2943 4930 3126 4978 tamen
3167 4923 3337 4994 variis
3372 4919 3641 4994 exemplis

2070 4990 2313 5060 ostendit
2349 4990 2609 5060 illosnon
2646 5005 2854 5060 errasse
2878 4994 2968 5060 qui
3024 4993 3248 5058 templis,
3313 4994 3392 5047 vel
3440 4990 3642 5049 nouiter

2071 5059 2179 5114 Deo
2208 5059 2548 5125 constructis,
2576 5059 2654 5131 uel
2684 5060 2748 5111 ab
2781 5055 3044 5114 idolorum
3076 5055 3319 5131 squalore
3347 5067 3636 5130 mundatis,

2071 5140 2285 5199 propter
2308 5131 2542 5202 aliquam
2573 5128 2807 5184 locorum
2840 5128 3284 5202 opportunitatem
3309 5135 3362 5187 in
3405 5128 3641 5188 diversas

2069 5202 2254 5270 plagas
2303 5201 2502 5271 altaria
2521 5269 2532 5271 _
2555 5203 2856 5271 statuerunt
2883 5217 2902 5255 :
2931 5201 3056 5271 quia
3097 5219 3198 5256 non
3252 5213 3330 5257 est
3381 5204 3524 5258 locus
3552 5205 3641 5256 ubi

2071 5269 2175 5322 non
2203 5272 2272 5324 sit
2303 5270 2465 5324 Deus.
2503 5269 2764 5334 Quinimo
2795 5271 2902 5325 Leo
2928 5269 2997 5325 Μ.
3034 5287 3200 5327 sertu.
3234 5273 3496 5328 deNativ.
3533 5288 3640 5326 non

2073 5341 2504 5412 siqnepstomacho
2536 5348 2690 5412 notat
2723 5342 3171 5410 superstitionem
3206 5358 3419 5403 eorum,
3449 5345 3546 5412 qui
3584 5346 3639 5395 in

2075 5409 2302 5463 basilica
2356 5410 2498 5464 beati
2543 5409 2688 5482 Petri
2734 5409 3011 5480 superatis
3047 5412 3308 5482 gradibus
3345 5409 3534 5482 quibus
3573 5413 3641 5465 ad

2072 5488 2367 5549 suggestum
2387 5489 2496 5531 arte
2516 5481 2801 5546 superioris
2815 5481 3136 5544 ascenditur,
3160 5498 3405 5536 converso
3426 5498 3642 5549 corpore

2071 5553 2144 5621 ad
2182 5558 2476 5621 nascentem
2531 5550 2693 5601 solem
2732 5551 3158 5621 sere/texerunt,
3191 5564 3296 5605 etc.
3349 5553 3509 5621 Atqui
3543 5555 3640 5606 hos

2072 5617 2246 5671 fuisse
2273 5615 2600 5675 Maniclncos
2629 5635 2694 5673 ex
2747 5615 3020 5686 aliis'ejus
3053 5623 3401 5678 sermonibus
3435 5615 3637 5693 conjici

2072 5697 2272 5755 potest.
