3864 6198
164 343 294 410 1137
1219 355 1318 417 DE
1362 359 1542 419 FIDE
1574 358 1760 421 ORTI.

1870 363 2038 423 »ΟΜ
2077 365 2224 425 LIB.
2266 365 2369 429 1V:
3291 364 3445 430 1138-

162 460 236 514 Τὰ
262 459 320 512 δὲ
346 459 562 529 λογικὰ,
593 459 688 514 καὶ
713 462 856 516 κατά
885 462 953 519 τὰ
975 466 1350 537 προειρημένα
1386 470 1506 540 μὲν,
1537 471 1599 524 οὐ
1635 471 1742 543 μὴν

1870 489 2053 528 tonum
2089 490 2214 530 cum
2248 476 2330 533 eis
2365 473 2764 541 communicat,
2793 483 2907 530 tum
2957 484 3232 546 quatenus
3271 486 3428 542 sunt,

158 551 285 608 ἀλλὰ
321 552 468 606 κατὰ
491 553 554 606 τὸ
579 554 824 622 λογικὸν,
853 557 948 609 καὶ
973 557 1152 612 ταῦτα
1169 559 1372 629 μᾶλλον
1393 577 1406 591 ⁸
1432 563 1740 636 οἰκειότερα

1873 581 1963 620 um
1998 577 2277 638 quatenus
2318 569 2484 624 vitam
2535 575 2891 640 acceperunt.
2929 567 2997 622 At
3021 584 3150 624 vero
3181 586 3301 639 qua:
3338 583 3432 624 ra-

157 645 259 735 γάρ
312 643 430 709 πώς
485 646 596 700 είσι
649 647 791 718 πρὸς
841 648 1025 719 αὑτὸν,
1089 651 1138 706 εί
1184 653 1281 706 καὶ
1335 654 1554 721 πάντως
1584 649 1739 719 οὗτος

1873 655 1998 713 ione
2029 665 2285 727 utuntur,
2320 668 2438 715 tum
2464 661 2536 717 ob
2565 675 2629 716 ea
2655 674 2778 732 qua)
2811 659 2976 716 modo
3018 659 3280 724 diximus,
3315 669 3430 715 tum

157 733 475 806 ὑπέρκειται
510 736 886 807 ἀσυγκρίτως.

1870 748 1918 803 ιι)
1968 749 2241 806 rationem
2299 753 2466 807 etiam
2533 767 2643 824 qua
2681 751 2914 824 pollent,
2955 752 3088 806 boni
3129 751 3433 821 participa-

156 828 300 884 tione
340 829 625 898 copiosius
658 829 943 886 fruuntur.
971 827 1215 888 Arctiori
1253 835 1460 890 etenim
1491 835 1901 908 quodammodo
1954 839 2370 898 necessitudine
2417 856 2546 897 cum
2603 856 2673 898 eo
2736 841 3038 912 conjuncta
3095 848 3264 898 sunt:
3295 848 3436 895 tam—

150 924 249 982 etsi
281 925 494 997 alioqui
531 926 625 983 ille
646 927 1077 1000 incomparabili
1111 929 1454 987 sublimitate
1485 933 1674 988 omnia
1712 942 1955 1003 superet.

229 1018 290 1071 '0
350 1019 538 1090 μέντοι
585 1019 899 1090 ἄνθρωπος,
952 1020 1175 1091 λογικὸς
1241 1023 1336 1076 καὶ
1391 1023 1742 1089 αὐτεξούσιος

155 1109 471 1180 γενόμενος,
528 1110 781 1178 ἐξουσίαν
838 1112 1065 1185 εἴληφεν
1108 1114 1475 1181 ἀδιαλείπτως
1504 1117 1595 1171 διὰ
1643 1117 1744 1185 τῆς

156 1200 367 1264 οἰκείας
381 1200 764 1273 προαιρέσεως
790 1203 1048 1260 ένοῢσθαι
1069 1205 1149 1277 τῷ
1167 1206 1311 1279 Θεῷ,
1344 1208 1398 1262 ei
1420 1225 1483 1278 γε
1514 1209 1747 1282 διαμένῃ

156 1291 211 1342 ὲν
260 1290 342 1361 τῷ
375 1292 590 1364 ἀγαθῷ,
639 1294 890 1349 τουτέστι
921 1299 990 1368 τῇ
1028 1297 1122 1352 τοῦ
1167 1299 1472 1364 κτίσαντος
1505 1301 1744 1371 ὑπακοῇ.

167 1383 396 1456 Ἐπειδὴ
425 1385 607 1440 τοίνυν
635 1388 695 1440 ἐν
748 1388 1066 1460 παραϐάσει
1101 1391 1202 1462 τῆς
1242 1391 1339 1445 τοῦ
1376 1393 1746 1463 πεποιηκότος

155 1477 320 1532 αὐτὸν
353 1479 576 1549 ἐντολῆς
606 1478 826 1549 γέγονε,
883 1481 980 1536 καὶ
1015 1482 1232 1554 θανάτῳ
1279 1486 1375 1540 καὶ
1404 1484 1582 1556 φθορᾷ
1609 1487 1745 1554 ὑπο-

157 1570 477 1633 πέπτωκεν,
513 1569 543 1621 ό
572 1570 808 1644 Ποιητὴς
866 1573 964 1627 καὶ
1018 1575 1366 1647 Δημιουργὸς
1416 1575 1511 1630 τοῦ
1552 1576 1746 1645 γένους

157 1661 314 1732 ἡμῶν
343 1661 436 1716 διὰ
466 1662 757 1735 σπλάγχνα
815 1664 1003 1730 ἐλέους
1054 1666 1223 1722 αὑτοῦ
1270 1667 1534 1739 ὡμοιώθη
1587 1671 1743 1740 ἡμῖν,

1923 1026 2289 1099 Atquihomo
2339 1028 2554 1086 ratione
2591 1028 2880 1100 liberaque
2918 1027 3202 1084 voluntate
3242 1025 3436 1097 prde-

1852 1124 1944 1174 tus
1973 1132 2100 1173 cum
2125 1129 2296 1188 esset,
2337 1120 2482 1178 hanc
2515 1129 2810 1192 acceperat
2860 1127 3212 1191 potestatem,
3244 1126 3305 1173 ut
3340 1133 3438 1190 per

1852 1223 2008 1265 suam
2045 1210 2370 1268 electionem
2405 1213 2781 1269 indesinenter
2822 1226 2948 1267 cum
2993 1211 3102 1267 Deo
3135 1210 3441 1281 conjunge-

1854 1307 2028 1365 retur,
2074 1302 2354 1373 siquidem
2404 1303 2458 1358 in
2501 1304 2672 1368 bono,
2731 1302 2836 1358 hoc
2881 1309 2966 1358 est
3018 1301 3076 1356 in
3127 1300 3440 1356 obedientia

1855 1390 2139 1447 Creatoris
2176 1393 2540 1461 perstitisset.
2577 1391 2851 1458 Quoniam
2888 1405 3019 1446 vero
3043 1390 3324 1447 Creatoris
3352 1393 3441 1446 sui

1854 1481 2060 1536 violato
2111 1491 2410 1552 praecepto,
2459 1483 2622 1537 morti
2665 1492 2720 1538 et
2770 1481 3120 1551 corruptioni
3165 1480 3442 1535 obnoxius

1854 1572 1980 1639 fuit,
2034 1573 2243 1629 idcirco
2301 1574 2522 1646 generis
2576 1575 2754 1631 nostri
2775 1572 3086 1629 Productor
3127 1582 3183 1628 et
3221 1572 3441 1644 Opil‘ex.

1853 1661 1925 1717 ob
1953 1661 2344 1718 misericordia:
2371 1679 2487 1720 suae
2515 1664 2745 1731 viscera,
2781 1663 3129 1720 assimilatas
3152 1673 3239 1719 est
3260 1663 3442 1726 nobis,

157 1755 299 1808 κατά
336 1755 520 1810 πάντα
573 1757 870 1827 γενόμενος
927 1757 1214 1832 ἄνθρωπος
1240 1762 1412 1831 χωρὶς
1441 1762 1748 1832 ἁμαρτίας,

1870 1769 2025 1808 ιοωο
2064 1755 2244 1811 l'actns
2271 1755 2397 1810 sine
2424 1763 2682 1825 peccato,
2721 1766 3032 1826 nostraeque
3067 1762 3280 1810 natura:
3307 1754 3444 1807 nni—

157 1845 251 1896 καὶ
289 1843 481 1916 ηνώθη
513 1847 580 1917 τῇ
613 1846 859 1919 ἡμετέρᾳ
893 1848 1080 1918 φύσει.
1123 1850 1345 1922 Ἐπειδὴ
1388 1852 1498 1924 γὰρ
1523 1853 1754 1922 μετέδω-

159 1949 255 1986 κεν
286 1935 428 2004 ἡμῖν
457 1936 559 2006 τῆς
593 1935 730 2000 ιδίας
758 1937 991 2002 έίκόνος,
1027 1940 1123 1993 καὶ
1148 1939 1242 1994 τοῦ
1261 1941 1394 1994 ἰδίου
1420 1943 1753 2012 πνεύματος,

159 2024 253 2076 καὶ
281 2025 388 2078 οὐκ
417 2027 786 2099 ἑφυλάξαμεν,
828 2029 1240 2103 μεταλαμϐάνει
1274 2033 1440 2098 αὐτὸς
1477 2037 1577 2106 τῆς
1612 2052 1757 2088 πτω-

159 2117 263 2188 χῆς
283 2121 384 2173 καὶ
405 2120 673 2187 ἀσθενοῦς
699 2123 860 2194 ⁴ημῶν
910 2124 1150 2194 φύσεως,
1206 2127 1295 2180 ἴνα
1323 2128 1472 2199 ἡμᾶς
1513 2128 1758 2200 καθάρῃ,

159 2215 257 2266 καὶ
282 2212 625 2288 ἀφθαρτίσῃ,
659 2215 753 2271 καὶ
777 2218 1044 2290 μετόχους
1068 2218 1234 2275 πάλιν
1271 2221 1369 2293 τῆς
1390 2221 1558 2276 αὑτοῦ
1582 2239 1756 2277 κατα-

161 2306 342 2377 στήσῃ
377 2304 658 2379 θεότητος.

237 2400 392 2453 Ἔδει
421 2401 481 2454 δὲ
517 2401 594 2472 μὴ
626 2400 789 2471 μόνον
817 2402 918 2475 τὴν
941 2403 1200 2476 ἀπαρχὴν
1220 2405 1322 2475 τῆς
1351 2406 1628 2478 ἡμετέρας
1651 2406 1756 2476 φύ-

165 2508 307 2555 σεως
340 2493 402 2545 ὲν
425 2496 630 2566 μετοχῇ
687 2495 942 2563 γενέσθαι
982 2496 1078 2551 τοῦ
1126 2498 1457 2570 κρείττονος,
1499 2499 1640 2553 ἀλλά
1665 2501 1758 2554 καὶ

162 2584 349 2635 πάντα
377 2586 470 2636 τὸν
498 2583 825 2656 βουλόμενον
857 2587 1169 2659 ἄνθρωπον,
1203 2589 1300 2643 καὶ
1335 2589 1596 2662 δευτέραν
1629 2591 1757 2660 γέν-

163 2692 324 2745 νησιν
352 2675 707 2746 γεννηθῆναι,
747 2679 843 2732 καὶ
863 2681 1142 2751 τραφῆναι
1192 2682 1402 2753 τροφὴν
1432 2682 1614 2755 ξένην,
1666 2687 1759 2740 καὶ

163 2769 232 2837 τῇ
263 2766 523 2837 γεννήσει
555 2767 888 2840 πρόσφορον,
918 2770 1014 2823 καὶ
1045 2768 1189 2825 οὕτω
1237 2771 1444 2842 φθάσαι
1470 2772 1532 2826 τὸ
1557 2773 1759 2846 μέτρον

163 2858 265 2928 τῆς
298 2857 664 2928 τελειότητος.
705 2859 804 2913 Διά
837 2860 935 2930 μὲν
972 2857 1067 2914 οὖν
1095 2862 1195 2932 τῆς
1247 2862 1416 2916 αὐτοῦ
1445 2864 1760 2935 γεννήσεως

165 2950 289 3020 ἦτοι
321 2948 682 3021 σαρκώσεως,
714 2950 932 3006 καὶτοῦ
968 2951 1372 3022 βαπτίσματος,
1402 2955 1498 3007 καὶ
1520 2955 1616 3022 τοῦ
1649 2957 1759 3011 πά-

166 3039 319 3107 θους,
348 3041 450 3094 καὶ
472 3042 572 3113 τῆς
620 3043 998 3111 ἀναστάσεως,
1058 3045 1408 3117 ἠλευθέρωσε
1453 3045 1552 3117 τὴν
1596 3046 1761 3117 φύσιν

166 3133 270 3204 τῆς
294 3133 577 3206 ἁμαρτίας
595 3134 692 3189 τοῦ
727 3137 1092 3208 προπάτορος,
1135 3136 1231 3191 τοῦ
1270 3136 1502 3192 Θανάτου
1545 3140 1762 3212 καὶτῆς
1788 3119 1836 3180 C

170 3228 406 3299 φθορᾶς,
458 3229 555 3282 καὶ
596 3229 697 3300 τῆς
751 3230 1105 3295 ἀναστάσεως
1139 3231 1368 3304 ἀπαρχὴ
1421 3231 1641 3301 γέγονε,
1667 3235 1763 3288 καὶ

170 3321 293 3374 ὁδὸν
326 3321 426 3374 καὶ
454 3320 626 3375 τύπον
688 3322 881 3376 ἑαυτὸν
927 3325 1023 3378 καὶ
1075 3325 1449 3397 ὑπογραμμὸν
1493 3325 1762 3395 τέθεικεν,

172 3412 264 3466 ἵνα
317 3413 413 3466 καὶ
452 3415 614 3485 ἡμεῖς
652 3419 766 3481 τοῖς
807 3416 973 3470 αὐτοῦ
1030 3419 1508 3491 ἀκολουθήσαντες
1566 3419 1761 3491 ίχνεσι,

172 3504 470 3577 γενώμεθα
531 3507 701 3572 θέσει,
755 3507 892 3580 ὅπερ
957 3509 1122 3571 αὐτός
1170 3513 1288 3565 ἐστι
1315 3511 1499 3580 φύσει,
1528 3512 1637 3566 υἱοὶ
1668 3513 1764 3566 καὶ

175 3600 510 3673 κληρονόμοι
537 3600 697 3668 Θεοῦ,
721 3603 818 3656 καὶ
853 3601 1020 3656 αὑτοῦ
1055 3600 1489 3675 συγκληρονόμοι
1520 3605 1547 3644 h
1573 3620 1586 3634 ο
1635 3606 1767 3659 ἔδω-

176 3710 273 3746 κεν
301 3687 399 3746 οὖν
429 3694 583 3764 ἡμῖν,
610 3693 686 3757 ὡς
717 3694 876 3765 ἔφην,
896 3694 1149 3764 γέννησιν
1173 3695 1458 3767 δευτέραν,
1480 3697 1548 3750 ἵν’
1579 3695 1766 3768 ὥσπερ

177 3785 537 3858 γεννηθέντες
564 3788 628 3840 ἐκ
658 3786 754 3842 τοῦ
808 3787 998 3860 Ἀδὰμ,
1026 3788 1399 3861 ὡμοιώθημεν
1426 3790 1598 3862 αὐτῷ,
1634 3791 1768 3862 κλη-

180 3882 590 3953 ρονομήσαντες
642 3881 744 3952 τὴν
797 3881 1047 3950 κατάραν
1083 3880 1179 3934 καὶ
1219 3883 1322 3950 τὴν
1364 3879 1594 3952 φθορὰν,
1626 3880 1770 3934 οὕτω

179 3976 275 4028 καὶ
305 3974 368 4039 ἐξ
402 3971 572 4028 αὑτοῦ
637 3973 1013 4043 γεννηθέντες,
1062 3972 1423 4044 όμοιωθῶμεν
1465 3971 1636 4044 αὐτῷ,
1675 3973 1770 4026 καὶ

179 4065 727 4137 κληρονομήσωμενί
768 4065 871 4136 τήν
903 4081 964 4118 τε
997 4065 1330 4136 ἀφθαρσίαν,
1365 4067 1462 4119 καὶ
1483 4064 1583 4136 τὴν
1616 4066 1768 4120 εὐλο-

178 4159 328 4228 γίαν,
365 4158 464 4212 καὶ
497 4157 599 4228 τὴν
625 4155 793 4222 δόξαν
819 4156 986 4210 αὐτοῦ

1860 1857 1948 1902 tus
1975 1845 2078 1901 luit
2108 1848 2176 1901 ³³.
2214 1845 2374 1914 Nam,
2415 1848 2546 1917 quia
2590 1848 2883 1918 imaginem
2939 1846 3135 1916 ipsius,
3192 1855 3247 1902 et
3277 1845 3446 1916 spiri-

1861 1949 1976 1996 tum
2006 1954 2169 2010 quem
2205 1941 2370 1996 nobis
2397 1940 2648 2005 dederat,
2677 1939 2906 1996 minimc
2930 1939 3300 2004 servavimus,
3329 1940 3447 2008 ipso

1858 2049 1984 2089 cum
2022 2047 2266 2104 paupere
2303 2035 2632 2102 inﬁrmaque
2689 2040 2887 2087 natura
2948 2042 3140 2088 nostra
3169 2046 3447 2087 commer-

1860 2127 2005 2182 cium
2032 2126 2176 2194 iniit,
2203 2141 2314 2197 quo
2340 2141 2442 2182 nos
2463 2125 2740 2195 expiaret,
2771 2132 2937 2193 atque
2975 2122 3043 2178 ad
3075 2121 3449 2192 incorruptio-

1861 2220 1948 2277 nis
1990 2226 2194 2276 statum
2219 2221 2542 2285 translatos,
2579 2233 2695 2276 suae
2725 2232 2948 2274 rursum
2975 2214 3286 2272 divinitatis
3326 2214 3449 2271 rcdr

1860 2308 2016 2364 deret
2046 2308 2366 2379 participes.
2619 2323 2621 2326 ‘

1932 2401 2333 2457 lncarnationis
2389 2401 2465 2456 vis
2521 2401 2577 2454 in
2617 2399 2834 2471 reliquis
2881 2414 2922 2453 α
2952 2397 3166 2454 Christo
3221 2396 3452 2451 homini.-

1861 2494 2390 2566 bur.—l)portebat
2417 2494 2567 2550 enim
2635 2501 2837 2549 utnon
2880 2491 3059 2549 solum
3101 2489 3322 2562 generis
3349 2504 3455 2544 no-

1862 2589 1960 2644 stri
1991 2587 2271 2659 primitiae,
2305 2587 2402 2645 sed
2451 2599 2506 2642 et
2545 2585 2806 2658 quisquis
2844 2585 3132 2641 hominum
3176 2583 3362 2649 vellet,
3395 2583 3450 2638 in

1863 2681 2012 2738 illius
2055 2682 2256 2739 summi
2304 2683 2434 2738 boni
2485 2679 2970 2752 participationem
3003 2678 3234 2734 veniens
3267 2677 3459 2732 denuo

1864 2783 2209 2839 nasceretur,
2242 2788 2500 2844 novoque
2534 2771 2774 2829 subinde
2801 2770 2952 2836 cibo,
2987 2769 3084 2840 qui
3133 2766 3456 2838 huiusmodi

1865 2864 2140 2920 nativitati
2169 2873 2578 2920 consentaneus
2618 2869 2788 2926 esset,
2823 2860 3124 2926 enutritus,
3158 2857 3454 2930 perfectio-

1864 2957 1956 3014 nis
1984 2957 2206 3012 modum
2231 2957 2548 3027 attingeret.
2581 2953 2951 3020 Quamobrem
2997 2967 3094 3023 per
3125 2966 3278 3006 suam
3312 2949 3455 3004 nati-

1867 3052 2114 3117 vitatem,
2185 3050 2305 3106 sive
2371 3048 2839 3112 incarnationem,
2897 3045 3230 3116 baptismum
3302 3044 3452 3109 item,

1866 3141 2203 3214 passionem,
2262 3149 2317 3195 et
2369 3137 2862 3204 resurrectionem,
2895 3137 3193 3192 humanum
3223 3149 3398 3207 genus
3424 3150 3454 3186 ιι

1869 3235 2033 3307 primi
2073 3233 2321 3306 parentis
2368 3241 2616 3302 peccato,
2668 3239 2845 3287 morte
2876 3244 3101 3300 quoque
3145 3242 3211 3282 ac
3253 3241 3455 3281 corru-

1869 3329 2055 3399 ptione
2106 3326 2400 3392 liberavit;
2448 3322 2996 3402 resurrectionisque
3050 3319 3230 3376 l‘aetus
3265 3317 3458 3389 primi-

1871 3421 1982 3486 tiae,
2016 3420 2261 3490 seipsum
2304 3418 2446 3473 viam
2498 3430 2862 3486 normamque
2899 3421 2956 3470 et
3005 3413 3288 3484 exemplar
3318 3425 3456 3466 con-

1871 3515 2072 3579 stituit,
2117 3521 2176 3570 ut
2220 3527 2324 3568 nos
2358 3525 2580 3584 quoque
2633 3509 2881 3578 vestigiis
2917 3507 3040 3577 ejus
3085 3505 3454 3571 adhaerentes,

1870 3609 2016 3678 quod
2063 3607 2176 3677 ipse
2212 3615 2407 3660 natura
2437 3612 2544 3667 est,
2589 3601 2691 3655 hoe
2722 3585 3020 3669 adoptione
3052 3613 3326 3659 essemus,
3355 3597 3454 3650 lilii

1874 3700 2161 3764 nimirum,
2190 3705 2244 3751 et
2273 3695 2518 3750 liatredes
2553 3691 2671 3757 Dei,
2715 3692 3005 3760 ips-iusque
3045 3686 3364 3744 conati-edes
3390 3688 3455 3742 "'.

1873 3791 2044 3847 Nobis
2072 3791 2258 3860 itaque
2289 3785 2614 3850 secundam,
2651 3792 2708 3838 ιιι
2731 3783 2870 3844 dixi,
2910 3780 3254 3835 nativitatem
3285 3778 3459 3845 dedit;

1875 3881 2429 3956 utquemadmodum
2477 3892 2540 3932 ex
2589 3875 2800 3929 Adamo
2835 3872 3139 3943 procreati,
3196 3870 3459 3926 similitu-

1875 3978 2059 4032 dinem
2111 3972 2233 4043 cjus
2296 3966 2707 4029 contraximus,
2763 3962 3354 4032 maledictionemque,
3407 3967 3463 4016 et

1875 4065 2288 4136 corruptionem
2323 4057 2674 4116 haereditario
2708 4055 2878 4111 veluti
2905 4054 3032 4124 jure
3062 4055 3209 4108 nacti
3241 4067 3459 4108 sunms:

1877 4163 1960 4218 sic
1983 4175 2052 4214 ex
2097 4158 2220 4228 ipso
2247 4154 2442 4228 geniti,
2483 4151 2696 4209 similes
2719 4150 2771 4205 ei
2806 4147 3133 4212 eﬂiciamur,
3161 4156 3328 4218 atque
3357 4147 3463 4200 im-

1877 4251 2242 4310 mortalitatis
2293 4248 2493 4321 ipsius,
2547 4241 3095 4312 benedictionisqne,
3147 4255 3212 4295 ac
3273 4239 3462 4312 gloriae

1880 4345 2256 4402 haereditatem
2299 4353 2731 4410 consequamur.

179 4437 184 4439 -
257 4436 489 4508 »Επειδὴ
538 4435 596 4490 δὲ
633 4442 1004 4508 πνευματικός
1049 4438 1195 4492 ἐστιν
1234 4431 1389 4498 οὗτος
1447 4438 1461 4488 3
1499 4441 1528 4491 6
1577 4439 1760 4511 Ἀδάμι

1953 4438 2230 4493 Natioitas
2260 4450 2352 4504 per
2375 4433 2668 4494 Christum,
2712 4429 2960 4499 cibusque
2997 4425 3214 4497 duplex.
3247 4423 3462 4478 Eucha-

180 4528 292 4582 εδει
314 4529 412 4581 καὶ
435 4529 538 4598 τὴν
560 4529 818 4600 γέννησ;ν
851 4530 1234 4602 πνευματικὴν
1257 4525 1422 4596 εἶναι,
1451 4532 1654 4603 ὁμοίως
1675 4535 1771 4587 καὶ

180 4620 282 4690 τὴν
313 4619 546 4691 βρῶσιν.
576 4619 695 4674 ἀλλ’
744 4620 934 4690 ἐπειδὴ
958 4620 1139 4674 διπλοῖ
1162 4622 1308 4685 τινές
1330 4623 1501 4692 ἐσμεν
1523 4623 1619 4675 καὶ
1646 4620 1771 4675 σύν-

181 4709 352 4775 θετοι,
387 4709 469 4763 δεῖ
499 4711 594 4765 καὶ
624 4711 725 4783 τὴν
757 4711 1012 4780 γέννησιν
1036 4710 1234 4782 διπλῆν
1261 4708 1422 4777 εἶναι,
1443 4711 1646 4782 ὁμοίως
1675 4697 1772 4764 καὶ

181 4804 283 4875 τὴν
311 4803 520 4874 βρῶσιν
555 4803 830 4860 σύνθετον.
877 4804 942 4858 Ἢ
993 4807 1093 4876 μὲν
1131 4799 1226 4857 οὖν
1261 4804 1515 4873 γέννησις
1540 4805 1675 4876 ἡμῖν
1702 4803 1769 4856 δι’

185 4895 383 4959 ὕδατος
407 4897 505 4950 καὶ
532 4896 854 4968 Πνεύματος
904 4896 1113 4950 δέδοται
1137 4911 1152 4927 ·
1213 4897 1357 4967 φημὶ
1401 4895 1459 4949 δὲ
1489 4895 1586 4950 τοῦ
1617 4895 1773 4965 ἁγίου

189 4989 569 5060 βαπτίσματος
592 5005 607 5021 ·
635 4991 670 5062 ἡ
700 4990 760 5044 δὲ
791 4988 994 5060 βρῶσις
1021 4988 1186 5048 αὐτὸς
1217 4991 1246 5041 ό
1273 4988 1440 5059 ἄρτος
1476 4988 1577 5059 τῆς
1604 4986 1775 5057 ζωῆς,

188 5081 448 5157 exopto;
473 5081 633 5153 ἡμῶν
673 5080 884 5154 Ἰησοῦς
938 5079 1197 5152 Χριστὸς,
1234 5080 1263 5132 ό
1293 5081 1360 5133 ἐκ
1398 5079 1495 5133 τοῦ
1541 5078 1776 5150 οὐρανοῦ

188 5175 457 5240 ωταὸάς.
481 5174 708 5229 Μέλλων
741 5175 853 5246 γὰρ
881 5174 976 5229 τὸν
999 5174 1244 5229 ἑκούσιον
1260 5171 1580 5252 ὑπὲριὴμῶν
1609 5188 1782 5227 κατα⁹

249 5333 302 5367 ’³³
343 5331 515 5390 Hebr.
546 5334 607 5400 ti,
636 5334 722 5389 l7.
781 5334 827 5366 “
865 5332 1026 5389 Rom.
1092 5348 1192 5398 vn,
1230 5333 1316 5388 i7.

1879 4533 2047 4588 ristia:
2077 4529 2370 4585 institutio.
2409 4525 2568 4580 Vetus
2605 4521 2821 4576 Pascha
2847 4519 3071 4576 comedit
3111 4516 3465 4573 Christus.—

1878 4629 2150 4683 Catterum
2207 4623 2476 4695 quoniam
2542 4619 2633 4673 hic
2670 4616 2846 4671 Adam
2883 4612 3191 4684 spiritualis
3225 4618 3333 4676 est,
3365 4623 3466 4679 par

1879 4729 2019 4783 erat,
2052 4726 2109 4771 ut
2137 4723 2254 4772 tum
2284 4712 2549 4768 nativitas
2593 4707 2909 4781 spiritualis
2953 4712 3125 4770 esset,
3158 4711 3275 4758 tum
3315 4702 3464 4772 pari-

1877 4821 1966 4866 ter
1997 4807 2282 4864 alimonia.
2316 4803 2519 4860 Verum
2566 4800 2695 4871 quia
2726 4797 2964 4868 duplicis
3001 4804 3215 4850 natura:
3246 4808 3465 4858 sumus,

1875 4915 1934 4962 et
1978 4898 2298 4973 compositi,
2348 4896 2624 4966 duplicem
2679 4907 2902 4963 quoque
2960 4890 3330 4950 nativitatem,
3381 4897 3468 4940 at-

1878 4990 2151 5062 que'item
2183 4985 2557 5057 compositum
2591 4981 2781 5037 cibum
2807 4995 2938 5037 esse
2969 4979 3286 5049 Oportebat.
3317 4977 3466 5044 Quo-

1885 5083 2034 5136 circa
2067 5078 2235 5151 268
2273 5075 2535 5132 nativitas
2567 5072 2793 5144 quidem
2845 5070 3008 5125 nobis
3035 5084 3136 5139 per
3171 5083 3370 5140 aquam
3409 5077 3465 5121 et

1887 5171 2182 5244 Spiritum,
2243 5169 2346 5224 hoc
2401 5176 2508 5234 est,
2543 5181 2644 5239 per
2692 5173 2949 5221 sanetum
3011 5162 3286 5232 baptisma
3331 5160 3461 5214 data

1505 5503 1742 5562 VARIIE
1780 5499 2181 5559 LECTIONES.

261 5677 289 5716 ιι
326 5670 556 5731 “.2930
601 5671 764 5742 φύσει
805 5671 902 5724 καὶ
947 5668 1273 5740 κληρονόμοι
1323 5669 1420 5740 τῆς
1461 5667 1627 5722 αὐτοῦ
1674 5665 1964 5738 γενώμεθα
2008 5665 2252 5734 χάριτος,
2291 5659 2397 5740 καὶ.
2445 5658 2614 5713 αὑτοῦ
2669 5658 2799 5722 υἱοὶ,
2858 5657 2950 5737 καὶ
3005 5655 3461 5778 συγκὶὲρονόμρι.

261 5747 412 5778 “una:
473 5743 697 5778 .nnhlnan
752 5742 1266 5778 virnnunnﬁnnwrc:
1321 5742 1410 5778 Si"
1442 5750 1597 5778 vnlnc
1633 5741 1845 5778 inlot'nr
1914 5737 2301 5778 Inrrpdiinnles-
2383 5741 2403 5778 ι
2439 5733 2495 5778 In
2537 5729 2661 5778 0041.
2711 5730 2770 5778 S.
2814 5727 2917 5778 “li.
2951 5726 3104 5778 deL‘Sl
3156 5741 3184 5776 Ο
3221 5737 3326 5778 τθς.
3364 5726 3461 5776 bii‘

199 5750 215 5788 ι
253 5726 698 5818 Βέέίίήιίιιιιιξιιιι
752 5726 1287 5818 κληρονομῆ-σαντες.
1321 5726 1416 5796 Sic
1442 5750 1598 5796 vetus
1631 5726 1864 5808 interpr.
1913 5726 2302 5792 humeri-imum.
2383 5731 2403 5782 ἱ
2439 5733 2495 5786 in
2537 5729 2661 5787 cod.
2711 5730 2770 5784 S.
2814 5727 2917 5781 llil.
2951 5726 3104 5782 deest
3156 5741 3184 5776 0

193 5811 405 5889 quitu'r,
435 5811 506 5872 ιιι
552 5817 608 5871 in
661 5811 875 5869 multis"
903 5813 1026 5868 aliis
1057 5811 1138 5863 δεῖ
1162 5812 1268 5864 καί.

3221 5737 3326 5785 τος.
3364 5723 3464 5776 Sc—
