  <div class='ocr_page' id='page_1' title='image "/cluster/home/n/w/nwhite01/storage/ocr_20150623/94/hvd.32044073502098/583.png"; bbox 0 0 3960 6198; ppageno 0'>
   <div class='ocr_carea' id='block_1_1' title="bbox 447 268 582 329">
    <p class='ocr_par' dir='ltr' id='par_1_1' title="bbox 447 268 582 329">
     <span class='ocr_line' id='line_1_1' title="bbox 447 268 582 329; baseline -0.052 0"><span class='ocrx_word' id='word_1_1' title='bbox 447 268 582 329; x_wconf 66' lang='grc'><strong>1155</strong></span> 
     </span>
    </p>
   </div>
   <div class='ocr_carea' id='block_1_2' title="bbox 1579 259 2474 323">
    <p class='ocr_par' dir='ltr' id='par_1_2' title="bbox 1579 259 2474 323">
     <span class='ocr_line' id='line_1_2' title="bbox 1579 259 2474 323; baseline 0 -5"><span class='ocrx_word' id='word_1_2' title='bbox 1579 263 1638 321; x_wconf 76' lang='lat' dir='ltr'><strong>S.</strong></span> <span class='ocrx_word' id='word_1_3' title='bbox 1681 261 2006 323; x_wconf 65' lang='lat' dir='ltr'><strong>JOANNIS</strong></span> <span class='ocrx_word' id='word_1_4' title='bbox 2042 259 2474 321; x_wconf 63' lang='lat' dir='ltr'><strong>DAMASCENI</strong></span> 
     </span>
    </p>
   </div>
   <div class='ocr_carea' id='block_1_3' title="bbox 3563 255 3710 322">
    <p class='ocr_par' dir='ltr' id='par_1_3' title="bbox 3563 255 3710 322">
     <span class='ocr_line' id='line_1_3' title="bbox 3563 255 3710 322; baseline 0.02 -3"><span class='ocrx_word' id='word_1_5' title='bbox 3563 255 3710 322; x_wconf 80' lang='lat'><strong>1156</strong></span> 
     </span>
    </p>
   </div>
   <div class='ocr_carea' id='block_1_4' title="bbox 445 367 2035 444">
    <p class='ocr_par' dir='ltr' id='par_1_4' title="bbox 445 370 2018 444">
     <span class='ocr_line' id='line_1_4' title="bbox 445 370 2018 444; baseline -0.001 -16"><span class='ocrx_word' id='word_1_6' title='bbox 445 390 661 444; x_wconf 57' lang='lat' dir='ltr'><strong>semper</strong></span> <span class='ocrx_word' id='word_1_7' title='bbox 695 371 919 443; x_wconf 71' lang='lat' dir='ltr'><strong>Virgine</strong></span> <span class='ocrx_word' id='word_1_8' title='bbox 947 383 1000 427; x_wconf 79' lang='lat' dir='ltr'><strong>et</strong></span> <span class='ocrx_word' id='word_1_9' title='bbox 1033 371 1127 425; x_wconf 83' lang='lat' dir='ltr'><strong>Dei</strong></span> <span class='ocrx_word' id='word_1_10' title='bbox 1160 370 1437 426; x_wconf 86' lang='lat' dir='ltr'><strong>Genitricc</strong></span> <span class='ocrx_word' id='word_1_11' title='bbox 1471 371 1640 424; x_wconf 83' lang='lat' dir='ltr'><strong>Maria</strong></span> <span class='ocrx_word' id='word_1_12' title='bbox 1675 389 1850 441; x_wconf 83' lang='lat' dir='ltr'><strong>pauca</strong></span> <span class='ocrx_word' id='word_1_13' title='bbox 1909 374 2018 441; x_wconf 83' lang='lat' dir='ltr'><strong>jam</strong></span> 
     </span>
    </p>
   </div>
   <div class='ocr_carea' id='block_1_5' title="bbox 2144 367 3714 444">
    <p class='ocr_par' dir='ltr' id='par_1_5' title="bbox 2144 367 3714 440">
     <span class='ocr_line' id='line_1_5' title="bbox 2144 367 3714 440; baseline -0.001 -18"><span class='ocrx_word' id='word_1_14' title='bbox 2144 376 2218 423; x_wconf 75' lang='grc' dir='ltr'><strong>ιαὶ</strong></span> <span class='ocrx_word' id='word_1_15' title='bbox 2275 369 2538 423; x_wconf 72' lang='grc' dir='ltr'>Θεοτόκου</span> <span class='ocrx_word' id='word_1_16' title='bbox 2591 369 2806 440; x_wconf 79' lang='grc' dir='ltr'>Μαρίας</span> <span class='ocrx_word' id='word_1_17' title='bbox 2847 370 2905 421; x_wconf 85' lang='grc' dir='ltr'>ὲν</span> <span class='ocrx_word' id='word_1_18' title='bbox 2959 368 3070 431; x_wconf 78' lang='grc' dir='ltr'>τοῖς</span> <span class='ocrx_word' id='word_1_19' title='bbox 3097 367 3432 438; x_wconf 67' lang='grc' dir='ltr'>προλαϐοῦσι</span> <span class='ocrx_word' id='word_1_20' title='bbox 3464 371 3714 440; x_wconf 81' lang='grc' dir='ltr'><strong>μετρίως</strong></span> 
     </span>
    </p>
   </div>
   <div class='ocr_carea' id='block_1_6' title="bbox 446 465 2025 534">
    <p class='ocr_par' dir='ltr' id='par_1_6' title="bbox 446 465 2025 534">
     <span class='ocr_line' id='line_1_6' title="bbox 446 465 2025 534; baseline -0.001 -14"><span class='ocrx_word' id='word_1_21' title='bbox 446 471 499 520; x_wconf 91' lang='lat' dir='ltr'><strong>in</strong></span> <span class='ocrx_word' id='word_1_22' title='bbox 542 474 886 520; x_wconf 69' lang='lat' dir='ltr'><strong>antecessum</strong></span> <span class='ocrx_word' id='word_1_23' title='bbox 939 465 1370 532; x_wconf 81' lang='lat' dir='ltr'><strong>disputavimus,</strong></span> <span class='ocrx_word' id='word_1_24' title='bbox 1401 480 1482 516; x_wconf 70' lang='grc' dir='ltr'>,οτι</span> <span class='ocrx_word' id='word_1_25' title='bbox 1541 465 1871 533; x_wconf 61' lang='lat' dir='ltr'><strong>exponendo</strong></span> <span class='ocrx_word' id='word_1_26' title='bbox 1903 481 2025 534; x_wconf 65' lang='lat' dir='ltr'><strong>qua:</strong></span> 
     </span>
    </p>
   </div>
   <div class='ocr_carea' id='block_1_7' title="bbox 444 553 2026 625">
    <p class='ocr_par' dir='ltr' id='par_1_7' title="bbox 444 553 2026 625">
     <span class='ocr_line' id='line_1_7' title="bbox 444 553 2026 625; baseline 0.001 -18"><span class='ocrx_word' id='word_1_27' title='bbox 444 558 716 625; x_wconf 68' lang='lat' dir='ltr'><strong>prmeipua</strong></span> <span class='ocrx_word' id='word_1_28' title='bbox 752 556 926 624; x_wconf 87' lang='lat' dir='ltr'><strong>magis</strong></span> <span class='ocrx_word' id='word_1_29' title='bbox 959 563 1140 618; x_wconf 89' lang='lat' dir='ltr'><strong>erant,</strong></span> <span class='ocrx_word' id='word_1_30' title='bbox 1163 553 1628 623; x_wconf 80' lang='lat' dir='ltr'><strong>quemadmodum</strong></span> <span class='ocrx_word' id='word_1_31' title='bbox 1663 554 1876 608; x_wconf 89' lang='lat' dir='ltr'><strong>scilicet</strong></span> <span class='ocrx_word' id='word_1_32' title='bbox 1899 569 2026 609; x_wconf 78' lang='lat' dir='ltr'><strong>vere</strong></span> 
     </span>
    </p>
   </div>
   <div class='ocr_carea' id='block_1_8' title="bbox 441 645 2027 716">
    <p class='ocr_par' dir='ltr' id='par_1_8' title="bbox 441 645 2027 716">
     <span class='ocr_line' id='line_1_8' title="bbox 441 645 2027 716; baseline -0.002 -16"><span class='ocrx_word' id='word_1_33' title='bbox 441 659 497 700; x_wconf 85' lang='lat' dir='ltr'><strong>et</strong></span> <span class='ocrx_word' id='word_1_34' title='bbox 532 647 752 716; x_wconf 89' lang='lat' dir='ltr'><strong>proprie</strong></span> <span class='ocrx_word' id='word_1_35' title='bbox 781 645 874 700; x_wconf 85' lang='lat' dir='ltr'><strong>Dei</strong></span> <span class='ocrx_word' id='word_1_36' title='bbox 915 645 1167 699; x_wconf 73' lang='lat' dir='ltr'><strong>Genitrix</strong></span> <span class='ocrx_word' id='word_1_37' title='bbox 1223 647 1295 700; x_wconf 90' lang='lat' dir='ltr'><strong>sit</strong></span> <span class='ocrx_word' id='word_1_38' title='bbox 1343 653 1397 699; x_wconf 93' lang='lat' dir='ltr'><strong>et</strong></span> <span class='ocrx_word' id='word_1_39' title='bbox 1448 646 1798 713; x_wconf 73' lang='lat' dir='ltr'><strong>appelletur:</strong></span> <span class='ocrx_word' id='word_1_40' title='bbox 1862 645 2027 698; x_wconf 86' lang='lat' dir='ltr'><strong>modo</strong></span> 
     </span>
    </p>
   </div>
   <div class='ocr_carea' id='block_1_9' title="bbox 447 733 2023 805">
    <p class='ocr_par' dir='ltr' id='par_1_9' title="bbox 447 733 2023 805">
     <span class='ocr_line' id='line_1_9' title="bbox 447 733 2023 805; baseline -0.003 -15"><span class='ocrx_word' id='word_1_41' title='bbox 447 745 698 804; x_wconf 90' lang='lat' dir='ltr'><strong>superest</strong></span> <span class='ocrx_word' id='word_1_42' title='bbox 742 744 800 788; x_wconf 92' lang='lat' dir='ltr'><strong>ut</strong></span> <span class='ocrx_word' id='word_1_43' title='bbox 835 751 955 804; x_wconf 82' lang='lat' dir='ltr'><strong>qtt;e</strong></span> <span class='ocrx_word' id='word_1_44' title='bbox 1013 735 1232 788; x_wconf 87' lang='lat' dir='ltr'><strong>residua</strong></span> <span class='ocrx_word' id='word_1_45' title='bbox 1289 744 1417 788; x_wconf 89' lang='lat' dir='ltr'><strong>sunt</strong></span> <span class='ocrx_word' id='word_1_46' title='bbox 1466 733 1631 805; x_wconf 71' lang='grc'>274,</span> <span class='ocrx_word' id='word_1_47' title='bbox 1679 735 2023 802; x_wconf 78' lang='lat' dir='ltr'><strong>cxpleamus.</strong></span> 
     </span>
    </p>
   </div>
   <div class='ocr_carea' id='block_1_10' title="bbox 451 824 2024 895">
    <p class='ocr_par' dir='ltr' id='par_1_10' title="bbox 451 824 2024 895">
     <span class='ocr_line' id='line_1_10' title="bbox 451 824 2024 895; baseline -0.003 -15"><span class='ocrx_word' id='word_1_48' title='bbox 451 828 570 895; x_wconf 86' lang='lat' dir='ltr'><strong>Ipsa</strong></span> <span class='ocrx_word' id='word_1_49' title='bbox 602 829 747 880; x_wconf 88' lang='lat' dir='ltr'><strong>enim</strong></span> <span class='ocrx_word' id='word_1_50' title='bbox 779 841 903 895; x_wconf 67' lang='lat' dir='ltr'><strong>qua:</strong></span> <span class='ocrx_word' id='word_1_51' title='bbox 944 834 1070 879; x_wconf 89' lang='lat' dir='ltr'><strong>ante</strong></span> <span class='ocrx_word' id='word_1_52' title='bbox 1100 840 1262 878; x_wconf 88' lang='lat' dir='ltr'><strong>omne</strong></span> <span class='ocrx_word' id='word_1_53' title='bbox 1292 842 1468 878; x_wconf 65' lang='lat' dir='ltr'><strong>:euum</strong></span> <span class='ocrx_word' id='word_1_54' title='bbox 1518 826 1880 893; x_wconf 66' lang='lat' dir='ltr'><strong>praescicntia:</strong></span> <span class='ocrx_word' id='word_1_55' title='bbox 1929 824 2024 878; x_wconf 82' lang='lat' dir='ltr'><strong>Dei</strong></span> 
     </span>
    </p>
   </div>
   <div class='ocr_carea' id='block_1_11' title="bbox 447 917 2024 990">
    <p class='ocr_par' dir='ltr' id='par_1_11' title="bbox 447 917 2024 990">
     <span class='ocr_line' id='line_1_11' title="bbox 447 917 2024 990; baseline -0.002 -18"><span class='ocrx_word' id='word_1_56' title='bbox 447 919 683 990; x_wconf 85' lang='lat' dir='ltr'><strong>consilio</strong></span> <span class='ocrx_word' id='word_1_57' title='bbox 713 917 1101 987; x_wconf 69' lang='lat' dir='ltr'><strong>przcdestinatn</strong></span> <span class='ocrx_word' id='word_1_58' title='bbox 1135 924 1273 980; x_wconf 89' lang='lat' dir='ltr'><strong>erat,</strong></span> <span class='ocrx_word' id='word_1_59' title='bbox 1308 917 1590 985; x_wconf 84' lang='lat' dir='ltr'><strong>variisque</strong></span> <span class='ocrx_word' id='word_1_60' title='bbox 1632 917 2024 985; x_wconf 81' lang='lat' dir='ltr'><strong>prephetarum</strong></span> 
     </span>
    </p>
   </div>
   <div class='ocr_carea' id='block_1_12' title="bbox 450 1009 2027 1081">
    <p class='ocr_par' dir='ltr' id='par_1_12' title="bbox 450 1009 2027 1081">
     <span class='ocr_line' id='line_1_12' title="bbox 450 1009 2027 1081; baseline -0.003 -16"><span class='ocrx_word' id='word_1_61' title='bbox 450 1011 792 1081; x_wconf 79' lang='lat' dir='ltr'><strong>imaginibus</strong></span> <span class='ocrx_word' id='word_1_62' title='bbox 827 1017 881 1064; x_wconf 88' lang='lat' dir='ltr'><strong>ct</strong></span> <span class='ocrx_word' id='word_1_63' title='bbox 914 1009 1268 1062; x_wconf 83' lang='lat' dir='ltr'><strong>sermonibus</strong></span> <span class='ocrx_word' id='word_1_64' title='bbox 1294 1024 1322 1060; x_wconf 89' lang='lat' dir='ltr'><strong>a</strong></span> <span class='ocrx_word' id='word_1_65' title='bbox 1360 1009 1565 1076; x_wconf 79' lang='lat' dir='ltr'><strong>Spiritu</strong></span> <span class='ocrx_word' id='word_1_66' title='bbox 1600 1019 1794 1062; x_wconf 86' lang='lat' dir='ltr'><strong>sancto</strong></span> <span class='ocrx_word' id='word_1_67' title='bbox 1829 1010 2027 1064; x_wconf 82' lang='lat' dir='ltr'><strong>adnut-</strong></span> 
     </span>
    </p>
   </div>
   <div class='ocr_carea' id='block_1_13' title="bbox 449 1100 2028 1170">
    <p class='ocr_par' dir='ltr' id='par_1_13' title="bbox 449 1100 2028 1170">
     <span class='ocr_line' id='line_1_13' title="bbox 449 1100 2028 1170; baseline -0.002 -12"><span class='ocrx_word' id='word_1_68' title='bbox 449 1105 605 1158; x_wconf 89' lang='lat' dir='ltr'><strong>brata</strong></span> <span class='ocrx_word' id='word_1_69' title='bbox 653 1110 707 1154; x_wconf 91' lang='lat' dir='ltr'><strong>et</strong></span> <span class='ocrx_word' id='word_1_70' title='bbox 755 1100 1143 1170; x_wconf 65' lang='lat' dir='ltr'><strong>praenuntiata,</strong></span> <span class='ocrx_word' id='word_1_71' title='bbox 1185 1100 1458 1168; x_wconf 68' lang='lat' dir='ltr'><strong>prmﬁnito</strong></span> <span class='ocrx_word' id='word_1_72' title='bbox 1507 1101 1728 1156; x_wconf 86' lang='lat' dir='ltr'><strong>tandem</strong></span> <span class='ocrx_word' id='word_1_73' title='bbox 1779 1108 2028 1170; x_wconf 87' lang='lat' dir='ltr'><strong>tempore</strong></span> 
     </span>
    </p>
   </div>
   <div class='ocr_carea' id='block_1_14' title="bbox 450 1191 2025 1262">
    <p class='ocr_par' dir='ltr' id='par_1_14' title="bbox 450 1191 2025 1262">
     <span class='ocr_line' id='line_1_14' title="bbox 450 1191 2025 1262; baseline -0.002 -14"><span class='ocrx_word' id='word_1_74' title='bbox 450 1213 514 1249; x_wconf 69' lang='lat' dir='ltr'><strong>es</strong></span> <span class='ocrx_word' id='word_1_75' title='bbox 553 1193 735 1248; x_wconf 67' lang='lat' dir='ltr'><strong>radice</strong></span> <span class='ocrx_word' id='word_1_76' title='bbox 771 1191 1013 1253; x_wconf 80' lang='lat' dir='ltr'><strong>llavidis,</strong></span> <span class='ocrx_word' id='word_1_77' title='bbox 1060 1193 1218 1260; x_wconf 82' lang='lat' dir='ltr'><strong>juxta</strong></span> <span class='ocrx_word' id='word_1_78' title='bbox 1277 1207 1339 1244; x_wconf 88' lang='lat' dir='ltr'><strong>ac</strong></span> <span class='ocrx_word' id='word_1_79' title='bbox 1378 1193 1452 1244; x_wconf 89' lang='lat' dir='ltr'><strong>illi</strong></span> <span class='ocrx_word' id='word_1_80' title='bbox 1509 1193 1842 1262; x_wconf 88' lang='lat' dir='ltr'><strong>promissum</strong></span> <span class='ocrx_word' id='word_1_81' title='bbox 1883 1201 2025 1256; x_wconf 88' lang='lat' dir='ltr'><strong>erat,</strong></span> 
     </span>
    </p>
   </div>
   <div class='ocr_carea' id='block_1_15' title="bbox 451 1281 2028 1352">
    <p class='ocr_par' dir='ltr' id='par_1_15' title="bbox 451 1281 2028 1352">
     <span class='ocr_line' id='line_1_15' title="bbox 451 1281 2028 1352; baseline -0.002 -14"><span class='ocrx_word' id='word_1_82' title='bbox 451 1295 572 1339; x_wconf 84' lang='lat' dir='ltr'><strong>orla</strong></span> <span class='ocrx_word' id='word_1_83' title='bbox 589 1293 694 1339; x_wconf 89' lang='lat' dir='ltr'><strong>cst.</strong></span> <span class='ocrx_word' id='word_1_84' title='bbox 727 1284 943 1336; x_wconf 89' lang='lat' dir='ltr'><strong>Dictum</strong></span> <span class='ocrx_word' id='word_1_85' title='bbox 963 1283 1164 1352; x_wconf 82' lang='lat' dir='ltr'><strong>quippe</strong></span> <span class='ocrx_word' id='word_1_86' title='bbox 1183 1291 1268 1336; x_wconf 89' lang='lat' dir='ltr'><strong>est</strong></span> <span class='ocrx_word' id='word_1_87' title='bbox 1294 1301 1307 1336; x_wconf 92' lang='lat'>:</span> <span class='ocrx_word' id='word_1_88' title='bbox 1338 1281 1553 1336; x_wconf 81' lang='lat' dir='ltr'><strong>Juravit</strong></span> <span class='ocrx_word' id='word_1_89' title='bbox 1579 1283 1836 1337; x_wconf 76' lang='lat' dir='ltr'><strong>Dominus</strong></span> <span class='ocrx_word' id='word_1_90' title='bbox 1863 1283 2028 1337; x_wconf 73' lang='lat' dir='ltr'><strong>David</strong></span> 
     </span>
    </p>
   </div>
   <div class='ocr_carea' id='block_1_16' title="bbox 453 1373 2029 1444">
    <p class='ocr_par' dir='ltr' id='par_1_16' title="bbox 453 1373 2029 1444">
     <span class='ocr_line' id='line_1_16' title="bbox 453 1373 2029 1444; baseline 0.001 -16"><span class='ocrx_word' id='word_1_91' title='bbox 453 1377 748 1437; x_wconf 69' lang='lat' dir='ltr'><strong>ceritatem,</strong></span> <span class='ocrx_word' id='word_1_92' title='bbox 780 1384 828 1427; x_wconf 86' lang='lat' dir='ltr'><strong>et</strong></span> <span class='ocrx_word' id='word_1_93' title='bbox 868 1391 971 1427; x_wconf 89' lang='lat' dir='ltr'><strong>non</strong></span> <span class='ocrx_word' id='word_1_94' title='bbox 1001 1373 1358 1442; x_wconf 78' lang='lat' dir='ltr'><strong>frustrabitur</strong></span> <span class='ocrx_word' id='word_1_95' title='bbox 1389 1390 1544 1438; x_wconf 87' lang='lat' dir='ltr'><strong>eam;</strong></span> <span class='ocrx_word' id='word_1_96' title='bbox 1583 1376 1648 1427; x_wconf 87' lang='lat' dir='ltr'><strong>de</strong></span> <span class='ocrx_word' id='word_1_97' title='bbox 1676 1375 1858 1444; x_wconf 81' lang='lat' dir='ltr'><strong>[ructu</strong></span> <span class='ocrx_word' id='word_1_98' title='bbox 1905 1393 2029 1429; x_wconf 75' lang='lat' dir='ltr'><strong>ren-</strong></span> 
     </span>
    </p>
   </div>
   <div class='ocr_carea' id='block_1_17' title="bbox 457 1462 2032 1531">
    <p class='ocr_par' dir='ltr' id='par_1_17' title="bbox 457 1462 2032 1531">
     <span class='ocr_line' id='line_1_17' title="bbox 457 1462 2032 1531; baseline 0.001 -13"><span class='ocrx_word' id='word_1_99' title='bbox 457 1467 555 1519; x_wconf 90' lang='lat' dir='ltr'><strong>tris</strong></span> <span class='ocrx_word' id='word_1_100' title='bbox 585 1467 663 1517; x_wconf 88' lang='lat' dir='ltr'><strong>tui</strong></span> <span class='ocrx_word' id='word_1_101' title='bbox 685 1480 876 1531; x_wconf 85' lang='lat' dir='ltr'><strong>ponam</strong></span> <span class='ocrx_word' id='word_1_102' title='bbox 909 1479 1066 1531; x_wconf 85' lang='lat' dir='ltr'><strong>super</strong></span> <span class='ocrx_word' id='word_1_103' title='bbox 1089 1462 1264 1516; x_wconf 81' lang='lat' dir='ltr'><strong>sedem</strong></span> <span class='ocrx_word' id='word_1_104' title='bbox 1297 1473 1443 1516; x_wconf 84' lang='lat' dir='ltr'><strong>tuam</strong></span> <span class='ocrx_word' id='word_1_105' title='bbox 1469 1465 1532 1518; x_wconf 73' lang='grc' dir='ltr'><strong>θ’.</strong></span> <span class='ocrx_word' id='word_1_106' title='bbox 1562 1465 1641 1518; x_wconf 82' lang='lat' dir='ltr'><strong>Ac</strong></span> <span class='ocrx_word' id='word_1_107' title='bbox 1675 1480 1871 1520; x_wconf 83' lang='lat' dir='ltr'><strong>rursus</strong></span> <span class='ocrx_word' id='word_1_108' title='bbox 1898 1483 1911 1518; x_wconf 88' lang='lat'><strong>:</strong></span> <span class='ocrx_word' id='word_1_109' title='bbox 1943 1466 2032 1520; x_wconf 88' lang='lat' dir='ltr'><strong>Se-</strong></span> 
     </span>
    </p>
   </div>
   <div class='ocr_carea' id='block_1_18' title="bbox 455 1555 2030 1624">
    <p class='ocr_par' dir='ltr' id='par_1_18' title="bbox 455 1555 2030 1624">
     <span class='ocr_line' id='line_1_18' title="bbox 455 1555 2030 1624; baseline 0 -13"><span class='ocrx_word' id='word_1_110' title='bbox 455 1557 758 1624; x_wconf 84' lang='lat' dir='ltr'><strong>meljuravi</strong></span> <span class='ocrx_word' id='word_1_111' title='bbox 792 1557 846 1608; x_wconf 89' lang='lat' dir='ltr'><strong>in</strong></span> <span class='ocrx_word' id='word_1_112' title='bbox 879 1565 1221 1617; x_wconf 86' lang='lat' dir='ltr'><strong>sanctonteo,</strong></span> <span class='ocrx_word' id='word_1_113' title='bbox 1255 1557 1305 1608; x_wconf 85' lang='lat' dir='ltr'><strong>si</strong></span> <span class='ocrx_word' id='word_1_114' title='bbox 1334 1555 1506 1609; x_wconf 83' lang='lat' dir='ltr'><strong>David</strong></span> <span class='ocrx_word' id='word_1_115' title='bbox 1539 1558 1802 1610; x_wconf 87' lang='lat' dir='ltr'><strong>mentiar:</strong></span> <span class='ocrx_word' id='word_1_116' title='bbox 1845 1557 2030 1611; x_wconf 85' lang='lat' dir='ltr'><strong>Semen</strong></span> 
     </span>
    </p>
   </div>
   <div class='ocr_carea' id='block_1_19' title="bbox 2125 459 3719 529">
    <p class='ocr_par' dir='ltr' id='par_1_19' title="bbox 2125 459 3719 529">
     <span class='ocr_line' id='line_1_19' title="bbox 2125 459 3719 529; baseline -0.001 -17"><span class='ocrx_word' id='word_1_117' title='bbox 2125 460 2488 525; x_wconf 81' lang='grc' dir='ltr'>διαλαϐόντες,</span> <span class='ocrx_word' id='word_1_118' title='bbox 2523 461 2616 513; x_wconf 70' lang='grc' dir='ltr'><strong>καὶ</strong></span> <span class='ocrx_word' id='word_1_119' title='bbox 2638 460 2698 512; x_wconf 81' lang='grc' dir='ltr'><strong>τὸ</strong></span> <span class='ocrx_word' id='word_1_120' title='bbox 2731 459 3091 529; x_wconf 77' lang='grc' dir='ltr'>καιριώτατον</span> <span class='ocrx_word' id='word_1_121' title='bbox 3123 459 3597 528; x_wconf 71' lang='grc' dir='ltr'>παραστήσαντες,</span> <span class='ocrx_word' id='word_1_122' title='bbox 3629 459 3719 522; x_wconf 84' lang='grc' dir='ltr'>ὡς</span> 
     </span>
    </p>
   </div>
   <div class='ocr_carea' id='block_1_20' title="bbox 2127 549 3719 623">
    <p class='ocr_par' dir='ltr' id='par_1_20' title="bbox 2127 549 3719 623">
     <span class='ocr_line' id='line_1_20' title="bbox 2127 549 3719 623; baseline -0.002 -20"><span class='ocrx_word' id='word_1_123' title='bbox 2127 552 2330 621; x_wconf 78' lang='grc' dir='ltr'>κυρίως</span> <span class='ocrx_word' id='word_1_124' title='bbox 2359 551 2453 604; x_wconf 71' lang='grc' dir='ltr'><strong>καὶ</strong></span> <span class='ocrx_word' id='word_1_125' title='bbox 2480 550 2694 623; x_wconf 81' lang='grc' dir='ltr'>άληθῶς</span> <span class='ocrx_word' id='word_1_126' title='bbox 2716 549 2977 612; x_wconf 84' lang='grc' dir='ltr'>Θεοτόκος</span> <span class='ocrx_word' id='word_1_127' title='bbox 3007 549 3120 602; x_wconf 74' lang='grc' dir='ltr'>ἔστι</span> <span class='ocrx_word' id='word_1_128' title='bbox 3149 566 3206 602; x_wconf 87' lang='grc' dir='ltr'><strong>τε</strong></span> <span class='ocrx_word' id='word_1_129' title='bbox 3232 550 3325 602; x_wconf 74' lang='grc' dir='ltr'><strong>καὶ</strong></span> <span class='ocrx_word' id='word_1_130' title='bbox 3353 549 3719 616; x_wconf 75' lang='grc' dir='ltr'>ὀνομάζεται,</span> 
     </span>
    </p>
   </div>
   <div class='ocr_carea' id='block_1_21' title="bbox 2126 639 3720 712">
    <p class='ocr_par' dir='ltr' id='par_1_21' title="bbox 2126 639 3720 712">
     <span class='ocr_line' id='line_1_21' title="bbox 2126 639 3720 712; baseline -0.003 -17"><span class='ocrx_word' id='word_1_131' title='bbox 2126 644 2221 696; x_wconf 81' lang='grc' dir='ltr'>νῦν</span> <span class='ocrx_word' id='word_1_132' title='bbox 2273 642 2342 695; x_wconf 78' lang='grc' dir='ltr'>τὰ</span> <span class='ocrx_word' id='word_1_133' title='bbox 2388 643 2647 694; x_wconf 79' lang='grc' dir='ltr'><strong>λείποντα</strong></span> <span class='ocrx_word' id='word_1_134' title='bbox 2691 639 3343 712; x_wconf 78' lang='grc' dir='ltr'>προσαναπληρώσωμεν.</span> <span class='ocrx_word' id='word_1_135' title='bbox 3395 639 3550 710; x_wconf 66' lang='grc' dir='ltr'>Αὕτη</span> <span class='ocrx_word' id='word_1_136' title='bbox 3599 640 3720 710; x_wconf 72' lang='grc' dir='ltr'>γὰρ</span> 
     </span>
    </p>
   </div>
   <div class='ocr_carea' id='block_1_22' title="bbox 2125 730 3722 804">
    <p class='ocr_par' dir='ltr' id='par_1_22' title="bbox 2125 730 3722 804">
     <span class='ocr_line' id='line_1_22' title="bbox 2125 730 3722 804; baseline -0.003 -17"><span class='ocrx_word' id='word_1_137' title='bbox 2125 737 2192 804; x_wconf 81' lang='grc' dir='ltr'>τῇ</span> <span class='ocrx_word' id='word_1_138' title='bbox 2259 732 2569 803; x_wconf 80' lang='grc' dir='ltr'>προαιωνίῳ</span> <span class='ocrx_word' id='word_1_139' title='bbox 2612 735 2993 803; x_wconf 83' lang='grc' dir='ltr'>προγνωστικῇ</span> <span class='ocrx_word' id='word_1_140' title='bbox 3029 730 3193 801; x_wconf 82' lang='grc' dir='ltr'>βουλῇ</span> <span class='ocrx_word' id='word_1_141' title='bbox 3236 730 3332 782; x_wconf 83' lang='grc' dir='ltr'><strong>τοῦ</strong></span> <span class='ocrx_word' id='word_1_142' title='bbox 3375 730 3513 783; x_wconf 83' lang='grc' dir='ltr'><strong>Θεοῦ</strong></span> <span class='ocrx_word' id='word_1_143' title='bbox 3570 747 3722 801; x_wconf 82' lang='grc' dir='ltr'>προ-</span> 
     </span>
    </p>
   </div>
   <div class='ocr_carea' id='block_1_23' title="bbox 2127 820 3723 895">
    <p class='ocr_par' dir='ltr' id='par_1_23' title="bbox 2127 820 3723 895">
     <span class='ocr_line' id='line_1_23' title="bbox 2127 820 3723 895; baseline -0.003 -18"><span class='ocrx_word' id='word_1_144' title='bbox 2127 824 2425 895; x_wconf 80' lang='grc' dir='ltr'>ορισοείσα,</span> <span class='ocrx_word' id='word_1_145' title='bbox 2445 825 2537 877; x_wconf 73' lang='grc' dir='ltr'>καὶ</span> <span class='ocrx_word' id='word_1_146' title='bbox 2553 824 2828 893; x_wconf 81' lang='grc' dir='ltr'>διαφόροις</span> <span class='ocrx_word' id='word_1_147' title='bbox 2857 822 3051 883; x_wconf 83' lang='grc' dir='ltr'>εἰκόσι,</span> <span class='ocrx_word' id='word_1_148' title='bbox 3084 823 3179 874; x_wconf 73' lang='grc' dir='ltr'>καὶ</span> <span class='ocrx_word' id='word_1_149' title='bbox 3207 820 3384 888; x_wconf 84' lang='grc' dir='ltr'>λόγοις</span> <span class='ocrx_word' id='word_1_150' title='bbox 3411 821 3723 890; x_wconf 73' lang='grc' dir='ltr'><strong>προφητῶν</strong></span> 
     </span>
    </p>
   </div>
   <div class='ocr_carea' id='block_1_24' title="bbox 2126 913 3725 985">
    <p class='ocr_par' dir='ltr' id='par_1_24' title="bbox 2126 913 3725 985">
     <span class='ocr_line' id='line_1_24' title="bbox 2126 913 3725 985; baseline -0.004 -16"><span class='ocrx_word' id='word_1_151' title='bbox 2126 916 2213 969; x_wconf 76' lang='grc' dir='ltr'><strong>διὰ</strong></span> <span class='ocrx_word' id='word_1_152' title='bbox 2250 915 2566 985; x_wconf 80' lang='grc' dir='ltr'>Πνεύματος</span> <span class='ocrx_word' id='word_1_153' title='bbox 2593 915 2746 983; x_wconf 80' lang='grc' dir='ltr'><strong>ἁγίου</strong></span> <span class='ocrx_word' id='word_1_154' title='bbox 2778 913 3144 967; x_wconf 82' lang='grc' dir='ltr'>είκονισθεῖσά</span> <span class='ocrx_word' id='word_1_155' title='bbox 3194 928 3256 965; x_wconf 81' lang='grc' dir='ltr'><strong>τε</strong></span> <span class='ocrx_word' id='word_1_156' title='bbox 3284 913 3380 965; x_wconf 62' lang='grc' dir='ltr'><strong>καλ⁷</strong></span> <span class='ocrx_word' id='word_1_157' title='bbox 3424 929 3725 981; x_wconf 78' lang='grc' dir='ltr'>προκηρυ-</span> 
     </span>
    </p>
   </div>
   <div class='ocr_carea' id='block_1_25' title="bbox 2127 1003 3726 1076">
    <p class='ocr_par' dir='ltr' id='par_1_25' title="bbox 2127 1003 3726 1076">
     <span class='ocr_line' id='line_1_25' title="bbox 2127 1003 3726 1076; baseline -0.002 -18"><span class='ocrx_word' id='word_1_158' title='bbox 2127 1007 2336 1076; x_wconf 83' lang='grc' dir='ltr'>χΘεῖσα,</span> <span class='ocrx_word' id='word_1_159' title='bbox 2373 1008 2429 1058; x_wconf 82' lang='grc' dir='ltr'>ὲν</span> <span class='ocrx_word' id='word_1_160' title='bbox 2467 1007 2547 1076; x_wconf 81' lang='grc' dir='ltr'>τῷ</span> <span class='ocrx_word' id='word_1_161' title='bbox 2580 1005 2978 1076; x_wconf 79' lang='grc' dir='ltr'>προωρισμένῳ</span> <span class='ocrx_word' id='word_1_162' title='bbox 3003 1003 3184 1074; x_wconf 82' lang='grc' dir='ltr'>καιρῷ</span> <span class='ocrx_word' id='word_1_163' title='bbox 3216 1007 3281 1056; x_wconf 82' lang='grc' dir='ltr'>ὲκ</span> <span class='ocrx_word' id='word_1_164' title='bbox 3310 1003 3608 1073; x_wconf 79' lang='grc' dir='ltr'>Δαυῖτικῆς</span> <span class='ocrx_word' id='word_1_165' title='bbox 3631 1004 3726 1073; x_wconf 67' lang='lat' dir='ltr'><strong>pt-</strong></span> 
     </span>
    </p>
   </div>
   <div class='ocr_carea' id='block_1_26' title="bbox 2128 1095 3728 1166">
    <p class='ocr_par' dir='ltr' id='par_1_26' title="bbox 2128 1095 3728 1166">
     <span class='ocr_line' id='line_1_26' title="bbox 2128 1095 3728 1166; baseline -0.004 -15"><span class='ocrx_word' id='word_1_166' title='bbox 2128 1096 2228 1166; x_wconf 80' lang='grc' dir='ltr'><strong>ζης</strong></span> <span class='ocrx_word' id='word_1_167' title='bbox 2259 1097 2582 1166; x_wconf 75' lang='grc' dir='ltr'>ἐϐλάστησε,</span> <span class='ocrx_word' id='word_1_168' title='bbox 2621 1097 2708 1149; x_wconf 68' lang='grc' dir='ltr'>διὰ</span> <span class='ocrx_word' id='word_1_169' title='bbox 2744 1097 2844 1156; x_wconf 74' lang='grc' dir='ltr'>τὰς</span> <span class='ocrx_word' id='word_1_170' title='bbox 2875 1095 3012 1166; x_wconf 76' lang='grc' dir='ltr'>πρὸς</span> <span class='ocrx_word' id='word_1_171' title='bbox 3033 1097 3197 1148; x_wconf 78' lang='grc' dir='ltr'>αὐτὸν</span> <span class='ocrx_word' id='word_1_172' title='bbox 3222 1095 3522 1165; x_wconf 77' lang='grc' dir='ltr'><strong>γενομένας</strong></span> <span class='ocrx_word' id='word_1_173' title='bbox 3539 1097 3728 1158; x_wconf 77' lang='grc' dir='ltr'>ἐπαγ-</span> 
     </span>
    </p>
   </div>
   <div class='ocr_carea' id='block_1_27' title="bbox 2128 1187 3727 1258">
    <p class='ocr_par' dir='ltr' id='par_1_27' title="bbox 2128 1187 3727 1258">
     <span class='ocr_line' id='line_1_27' title="bbox 2128 1187 3727 1258; baseline 0.002 -19"><span class='ocrx_word' id='word_1_174' title='bbox 2128 1188 2335 1256; x_wconf 86' lang='grc' dir='ltr'>γελίας.</span> <span class='ocrx_word' id='word_1_175' title='bbox 2381 1189 2605 1254; x_wconf 83' lang='grc' dir='ltr'>Ὠμοσε</span> <span class='ocrx_word' id='word_1_176' title='bbox 2637 1188 2745 1258; x_wconf 84' lang='grc' dir='ltr'><strong>γὰρ</strong></span> <span class='ocrx_word' id='word_1_177' title='bbox 2769 1189 3007 1254; x_wconf 85' lang='grc' dir='ltr'>Κύριος,</span> <span class='ocrx_word' id='word_1_178' title='bbox 3037 1187 3193 1257; x_wconf 63' lang='grc' dir='ltr'>φησι,</span> <span class='ocrx_word' id='word_1_179' title='bbox 3218 1187 3300 1252; x_wconf 82' lang='grc' dir='ltr'>τῷ</span> <span class='ocrx_word' id='word_1_180' title='bbox 3341 1187 3522 1240; x_wconf 76' lang='grc' dir='ltr'><strong>Δαϐὶδ</strong></span> <span class='ocrx_word' id='word_1_181' title='bbox 3559 1187 3727 1253; x_wconf 68' lang='lat' dir='ltr'><strong>(Lbi-</strong></span> 
     </span>
    </p>
   </div>
   <div class='ocr_carea' id='block_1_28' title="bbox 2130 1277 3728 1347">
    <p class='ocr_par' dir='ltr' id='par_1_28' title="bbox 2130 1277 3728 1347">
     <span class='ocr_line' id='line_1_28' title="bbox 2130 1277 3728 1347; baseline -0.001 -13"><span class='ocrx_word' id='word_1_182' title='bbox 2130 1282 2316 1342; x_wconf 84' lang='grc' dir='ltr'>θειαν,</span> <span class='ocrx_word' id='word_1_183' title='bbox 2347 1279 2446 1332; x_wconf 78' lang='grc' dir='ltr'>καὶ</span> <span class='ocrx_word' id='word_1_184' title='bbox 2475 1281 2547 1332; x_wconf 76' lang='grc' dir='ltr'><strong>οὺ</strong></span> <span class='ocrx_word' id='word_1_185' title='bbox 2583 1277 2664 1347; x_wconf 77' lang='grc' dir='ltr'><strong>μὴ</strong></span> <span class='ocrx_word' id='word_1_186' title='bbox 2703 1280 2984 1344; x_wconf 80' lang='grc' dir='ltr'>ἁθετήσει</span> <span class='ocrx_word' id='word_1_187' title='bbox 3029 1281 3219 1334; x_wconf 77' lang='grc' dir='ltr'>αὐτόν</span> <span class='ocrx_word' id='word_1_188' title='bbox 3248 1289 3276 1318; x_wconf 72' lang='grc' dir='ltr'><strong>ν</strong></span> <span class='ocrx_word' id='word_1_189' title='bbox 3300 1296 3313 1308; x_wconf 92' lang='grc'><strong>·</strong></span> <span class='ocrx_word' id='word_1_190' title='bbox 3353 1280 3422 1333; x_wconf 78' lang='grc' dir='ltr'>ἐκ</span> <span class='ocrx_word' id='word_1_191' title='bbox 3482 1280 3728 1347; x_wconf 65' lang='grc' dir='ltr'>καρποῦ</span> 
     </span>
    </p>
   </div>
   <div class='ocr_carea' id='block_1_29' title="bbox 2130 1369 3726 1440">
    <p class='ocr_par' dir='ltr' id='par_1_29' title="bbox 2130 1369 3726 1440">
     <span class='ocr_line' id='line_1_29' title="bbox 2130 1369 3726 1440; baseline 0.002 -18"><span class='ocrx_word' id='word_1_192' title='bbox 2130 1369 2240 1438; x_wconf 81' lang='grc' dir='ltr'><strong>τῆς</strong></span> <span class='ocrx_word' id='word_1_193' title='bbox 2269 1373 2504 1437; x_wconf 74' lang='grc' dir='ltr'>κοιλίας</span> <span class='ocrx_word' id='word_1_194' title='bbox 2547 1387 2666 1425; x_wconf 85' lang='grc' dir='ltr'><strong>σου</strong></span> <span class='ocrx_word' id='word_1_195' title='bbox 2713 1372 2973 1440; x_wconf 71' lang='grc' dir='ltr'>θήσομαι</span> <span class='ocrx_word' id='word_1_196' title='bbox 3016 1371 3116 1425; x_wconf 78' lang='grc' dir='ltr'><strong>ἐπὶ</strong></span> <span class='ocrx_word' id='word_1_197' title='bbox 3154 1373 3260 1426; x_wconf 84' lang='grc' dir='ltr'>τοῦ</span> <span class='ocrx_word' id='word_1_198' title='bbox 3307 1374 3525 1440; x_wconf 76' lang='grc' dir='ltr'>θρόνου</span> <span class='ocrx_word' id='word_1_199' title='bbox 3575 1388 3726 1425; x_wconf 82' lang='grc' dir='ltr'>σου.</span> 
     </span>
    </p>
   </div>
   <div class='ocr_carea' id='block_1_30' title="bbox 2131 1460 3728 1532">
    <p class='ocr_par' dir='ltr' id='par_1_30' title="bbox 2131 1460 3728 1532">
     <span class='ocr_line' id='line_1_30' title="bbox 2131 1460 3728 1532; baseline 0.001 -18"><span class='ocrx_word' id='word_1_200' title='bbox 2131 1463 2242 1514; x_wconf 76' lang='grc' dir='ltr'>Καὶ</span> <span class='ocrx_word' id='word_1_201' title='bbox 2268 1461 2427 1514; x_wconf 84' lang='grc' dir='ltr'>πάλιν</span> <span class='ocrx_word' id='word_1_202' title='bbox 2452 1478 2465 1491; x_wconf 76' lang='grc' dir='ltr'><strong>ο</strong></span> <span class='ocrx_word' id='word_1_203' title='bbox 2493 1460 2690 1524; x_wconf 60' lang='lat' dir='ltr'><strong>&quot;Anuli</strong></span> <span class='ocrx_word' id='word_1_204' title='bbox 2720 1461 2928 1528; x_wconf 82' lang='grc' dir='ltr'><strong>ὤμοσα</strong></span> <span class='ocrx_word' id='word_1_205' title='bbox 2948 1462 3019 1515; x_wconf 85' lang='grc' dir='ltr'><strong>ἐν</strong></span> <span class='ocrx_word' id='word_1_206' title='bbox 3046 1462 3126 1526; x_wconf 85' lang='grc' dir='ltr'>τῷ</span> <span class='ocrx_word' id='word_1_207' title='bbox 3151 1463 3299 1532; x_wconf 78' lang='grc' dir='ltr'><strong>ἁγίῳ</strong></span> <span class='ocrx_word' id='word_1_208' title='bbox 3319 1481 3463 1531; x_wconf 79' lang='grc' dir='ltr'>μου,</span> <span class='ocrx_word' id='word_1_209' title='bbox 3535 1466 3594 1518; x_wconf 82' lang='grc' dir='ltr'>εὶ</span> <span class='ocrx_word' id='word_1_210' title='bbox 3643 1463 3728 1528; x_wconf 78' lang='grc' dir='ltr'>τῷ</span> 
     </span>
    </p>
   </div>
   <div class='ocr_carea' id='block_1_31' title="bbox 2131 1551 3730 1621">
    <p class='ocr_par' dir='ltr' id='par_1_31' title="bbox 2131 1551 3730 1621">
     <span class='ocr_line' id='line_1_31' title="bbox 2131 1551 3730 1621; baseline 0.003 -16"><span class='ocrx_word' id='word_1_211' title='bbox 2131 1551 2310 1605; x_wconf 80' lang='grc' dir='ltr'><strong>Δαϐἱὸ</strong></span> <span class='ocrx_word' id='word_1_212' title='bbox 2337 1551 2639 1621; x_wconf 73' lang='grc' dir='ltr'><strong>ψεύσομαι</strong></span> <span class='ocrx_word' id='word_1_213' title='bbox 2661 1569 2674 1582; x_wconf 91' lang='grc'><strong>·</strong></span> <span class='ocrx_word' id='word_1_214' title='bbox 2713 1553 2784 1605; x_wconf 82' lang='grc' dir='ltr'><strong>Τὸ</strong></span> <span class='ocrx_word' id='word_1_215' title='bbox 2813 1552 3050 1620; x_wconf 79' lang='grc' dir='ltr'>σπέρμα</span> <span class='ocrx_word' id='word_1_216' title='bbox 3073 1553 3260 1607; x_wconf 83' lang='grc' dir='ltr'>αὐτοῦ</span> <span class='ocrx_word' id='word_1_217' title='bbox 3280 1557 3368 1619; x_wconf 78' lang='grc' dir='ltr'><strong>είς</strong></span> <span class='ocrx_word' id='word_1_218' title='bbox 3397 1555 3506 1608; x_wconf 74' lang='grc' dir='ltr'><strong>τὸν</strong></span> <span class='ocrx_word' id='word_1_219' title='bbox 3533 1555 3730 1610; x_wconf 62' lang='lat' dir='ltr'><strong>aliIn-0.</strong></span> 
     </span>
    </p>
   </div>
   <div class='ocr_carea' id='block_1_32' title="bbox 453 1644 2035 1716">
    <p class='ocr_par' dir='ltr' id='par_1_32' title="bbox 453 1645 2032 1716">
     <span class='ocr_line' id='line_1_32' title="bbox 453 1645 2032 1716; baseline 0 -14"><span class='ocrx_word' id='word_1_220' title='bbox 453 1658 568 1716; x_wconf 85' lang='lat' dir='ltr'><strong>ejus</strong></span> <span class='ocrx_word' id='word_1_221' title='bbox 596 1650 651 1701; x_wconf 86' lang='lat' dir='ltr'><strong>in</strong></span> <span class='ocrx_word' id='word_1_222' title='bbox 677 1657 931 1701; x_wconf 78' lang='lat' dir='ltr'><strong>teternum</strong></span> <span class='ocrx_word' id='word_1_223' title='bbox 980 1647 1236 1700; x_wconf 87' lang='lat' dir='ltr'><strong>manebit.</strong></span> <span class='ocrx_word' id='word_1_224' title='bbox 1281 1645 1349 1698; x_wconf 87' lang='lat' dir='ltr'><strong>Et</strong></span> <span class='ocrx_word' id='word_1_225' title='bbox 1376 1647 1596 1700; x_wconf 81' lang='lat' dir='ltr'><strong>thronus</strong></span> <span class='ocrx_word' id='word_1_226' title='bbox 1620 1648 1737 1715; x_wconf 81' lang='lat' dir='ltr'><strong>ejus</strong></span> <span class='ocrx_word' id='word_1_227' title='bbox 1785 1648 1920 1700; x_wconf 83' lang='lat' dir='ltr'><strong>sicut</strong></span> <span class='ocrx_word' id='word_1_228' title='bbox 1949 1648 2032 1702; x_wconf 84' lang='lat' dir='ltr'><strong>sol</strong></span> 
     </span>
    </p>
   </div>
   <div class='ocr_carea' id='block_1_33' title="bbox 2144 1644 3731 1716">
    <p class='ocr_par' dir='ltr' id='par_1_33' title="bbox 2144 1644 3731 1712">
     <span class='ocr_line' id='line_1_33' title="bbox 2144 1644 3731 1712; baseline 0.001 -14"><span class='ocrx_word' id='word_1_229' title='bbox 2144 1644 2315 1698; x_wconf 64' lang='grc' dir='ltr'>αειιεῖο</span> <span class='ocrx_word' id='word_1_230' title='bbox 2356 1644 2456 1698; x_wconf 81' lang='grc' dir='ltr'>καὶ</span> <span class='ocrx_word' id='word_1_231' title='bbox 2501 1648 2533 1698; x_wconf 82' lang='grc' dir='ltr'><em>ὁ</em></span> <span class='ocrx_word' id='word_1_232' title='bbox 2583 1644 2796 1712; x_wconf 81' lang='grc' dir='ltr'><strong>θρόνος</strong></span> <span class='ocrx_word' id='word_1_233' title='bbox 2837 1645 3046 1711; x_wconf 84' lang='grc' dir='ltr'>αὑτοῦ,</span> <span class='ocrx_word' id='word_1_234' title='bbox 3089 1646 3170 1712; x_wconf 87' lang='grc' dir='ltr'><strong>ὡς</strong></span> <span class='ocrx_word' id='word_1_235' title='bbox 3220 1646 3396 1712; x_wconf 77' lang='grc' dir='ltr'>ἥλιος</span> <span class='ocrx_word' id='word_1_236' title='bbox 3439 1647 3731 1700; x_wconf 66' lang='grc' dir='ltr'><strong>ἐναντιον</strong></span> 
     </span>
    </p>
   </div>
   <div class='ocr_carea' id='block_1_34' title="bbox 457 1719 2035 1809">
    <p class='ocr_par' dir='ltr' id='par_1_34' title="bbox 457 1738 2028 1809">
     <span class='ocr_line' id='line_1_34' title="bbox 457 1738 2028 1809; baseline -0.002 -16"><span class='ocrx_word' id='word_1_237' title='bbox 457 1743 510 1794; x_wconf 84' lang='lat' dir='ltr'><strong>in</strong></span> <span class='ocrx_word' id='word_1_238' title='bbox 532 1749 810 1809; x_wconf 84' lang='lat' dir='ltr'><strong>conspectu</strong></span> <span class='ocrx_word' id='word_1_239' title='bbox 842 1754 988 1802; x_wconf 88' lang='lat' dir='ltr'><strong>meo;</strong></span> <span class='ocrx_word' id='word_1_240' title='bbox 1019 1749 1066 1792; x_wconf 82' lang='lat' dir='ltr'><strong>et</strong></span> <span class='ocrx_word' id='word_1_241' title='bbox 1093 1739 1226 1791; x_wconf 85' lang='lat' dir='ltr'><strong>sicut</strong></span> <span class='ocrx_word' id='word_1_242' title='bbox 1252 1738 1379 1791; x_wconf 86' lang='lat' dir='ltr'><strong>luna</strong></span> <span class='ocrx_word' id='word_1_243' title='bbox 1409 1738 1642 1807; x_wconf 78' lang='lat' dir='ltr'><strong>perfecta</strong></span> <span class='ocrx_word' id='word_1_244' title='bbox 1666 1739 1720 1791; x_wconf 87' lang='lat' dir='ltr'><strong>in</strong></span> <span class='ocrx_word' id='word_1_245' title='bbox 1753 1749 2028 1802; x_wconf 72' lang='lat' dir='ltr'><strong>retentum,</strong></span> 
     </span>
    </p>
   </div>
   <div class='ocr_carea' id='block_1_35' title="bbox 2144 1719 3724 1809">
    <p class='ocr_par' dir='ltr' id='par_1_35' title="bbox 2144 1737 3724 1806">
     <span class='ocr_line' id='line_1_35' title="bbox 2144 1737 3724 1806; baseline 0.002 -18"><span class='ocrx_word' id='word_1_246' title='bbox 2144 1753 2271 1802; x_wconf 81' lang='grc' dir='ltr'>μου,</span> <span class='ocrx_word' id='word_1_247' title='bbox 2307 1737 2403 1790; x_wconf 78' lang='grc' dir='ltr'><strong>καί</strong></span> <span class='ocrx_word' id='word_1_248' title='bbox 2424 1737 2505 1802; x_wconf 91' lang='grc' dir='ltr'><strong>ὠς</strong></span> <span class='ocrx_word' id='word_1_249' title='bbox 2531 1737 2766 1805; x_wconf 71' lang='grc' dir='ltr'>σελήνη</span> <span class='ocrx_word' id='word_1_250' title='bbox 2788 1738 3250 1806; x_wconf 78' lang='grc' dir='ltr'>κατηρτισμένη,</span> <span class='ocrx_word' id='word_1_251' title='bbox 3273 1742 3361 1804; x_wconf 77' lang='grc' dir='ltr'><strong>εις</strong></span> <span class='ocrx_word' id='word_1_252' title='bbox 3381 1739 3490 1793; x_wconf 79' lang='grc' dir='ltr'><strong>τὸν</strong></span> <span class='ocrx_word' id='word_1_253' title='bbox 3513 1739 3724 1803; x_wconf 80' lang='grc' dir='ltr'>αιῶνσ,</span> 
     </span>
    </p>
   </div>
   <div class='ocr_carea' id='block_1_36' title="bbox 454 1829 2033 1902">
    <p class='ocr_par' dir='ltr' id='par_1_36' title="bbox 454 1829 2033 1902">
     <span class='ocr_line' id='line_1_36' title="bbox 454 1829 2033 1902; baseline 0.001 -18"><span class='ocrx_word' id='word_1_254' title='bbox 454 1842 504 1884; x_wconf 87' lang='lat' dir='ltr'><strong>et</strong></span> <span class='ocrx_word' id='word_1_255' title='bbox 533 1832 678 1884; x_wconf 85' lang='lat' dir='ltr'><strong>testis</strong></span> <span class='ocrx_word' id='word_1_256' title='bbox 722 1833 773 1883; x_wconf 87' lang='lat' dir='ltr'><strong>in</strong></span> <span class='ocrx_word' id='word_1_257' title='bbox 801 1831 930 1883; x_wconf 74' lang='lat' dir='ltr'><strong>caelo</strong></span> <span class='ocrx_word' id='word_1_258' title='bbox 973 1831 1147 1899; x_wconf 78' lang='lat' dir='ltr'><strong>ﬁdelis</strong></span> <span class='ocrx_word' id='word_1_259' title='bbox 1166 1831 1234 1885; x_wconf 76' lang='grc'><strong>⁸⁵³.</strong></span> <span class='ocrx_word' id='word_1_260' title='bbox 1271 1829 1338 1883; x_wconf 84' lang='grc' dir='ltr'>Ει</span> <span class='ocrx_word' id='word_1_261' title='bbox 1377 1832 1582 1885; x_wconf 83' lang='lat' dir='ltr'><strong>Isaias:</strong></span> <span class='ocrx_word' id='word_1_262' title='bbox 1623 1829 1840 1884; x_wconf 85' lang='lat' dir='ltr'><strong>Orietur</strong></span> <span class='ocrx_word' id='word_1_263' title='bbox 1887 1833 2033 1902; x_wconf 72' lang='lat' dir='ltr'><strong>virga</strong></span> 
     </span>
    </p>
   </div>
   <div class='ocr_carea' id='block_1_37' title="bbox 457 1911 1732 1990">
    <p class='ocr_par' dir='ltr' id='par_1_37' title="bbox 457 1911 1732 1990">
     <span class='ocr_line' id='line_1_37' title="bbox 457 1911 1732 1990; baseline -0.002 -14"><span class='ocrx_word' id='word_1_264' title='bbox 457 1939 521 1976; x_wconf 72' lang='lat' dir='ltr'><strong>ex</strong></span> <span class='ocrx_word' id='word_1_265' title='bbox 543 1920 713 1987; x_wconf 82' lang='lat' dir='ltr'><strong>Jesse,</strong></span> <span class='ocrx_word' id='word_1_266' title='bbox 743 1931 789 1975; x_wconf 87' lang='lat' dir='ltr'><strong>et</strong></span> <span class='ocrx_word' id='word_1_267' title='bbox 821 1922 920 1988; x_wconf 82' lang='lat' dir='ltr'><strong>[los</strong></span> <span class='ocrx_word' id='word_1_268' title='bbox 951 1922 1014 1975; x_wconf 82' lang='lat' dir='ltr'><strong>de</strong></span> <span class='ocrx_word' id='word_1_269' title='bbox 1045 1911 1370 1990; x_wconf 55' lang='lat' dir='ltr'><strong>rua&#39;iee‘ejus</strong></span> <span class='ocrx_word' id='word_1_270' title='bbox 1399 1922 1644 1974; x_wconf 77' lang='lat' dir='ltr'><strong>ascendet</strong></span> <span class='ocrx_word' id='word_1_271' title='bbox 1665 1921 1732 1974; x_wconf 73' lang='lat'><strong>“.</strong></span> 
     </span>
    </p>
   </div>
   <div class='ocr_carea' id='block_1_38' title="bbox 530 2083 2035 2164">
    <p class='ocr_par' dir='ltr' id='par_1_38' title="bbox 530 2083 2035 2164">
     <span class='ocr_line' id='line_1_38' title="bbox 530 2083 2035 2164; baseline 0.002 -19"><span class='ocrx_word' id='word_1_272' title='bbox 530 2092 992 2164; x_wconf 82' lang='lat' dir='ltr'><strong>Evangelistarum</strong></span> <span class='ocrx_word' id='word_1_273' title='bbox 1039 2110 1301 2162; x_wconf 80' lang='lat' dir='ltr'><strong>apparens</strong></span> <span class='ocrx_word' id='word_1_274' title='bbox 1343 2083 1667 2163; x_wconf 74' lang='lat' dir='ltr'><strong>di/ferentia,</strong></span> <span class='ocrx_word' id='word_1_275' title='bbox 1720 2095 1773 2148; x_wconf 89' lang='lat' dir='ltr'><strong>in</strong></span> <span class='ocrx_word' id='word_1_276' title='bbox 1818 2095 2035 2149; x_wconf 70' lang='lat' dir='ltr'><strong>texendo</strong></span> 
     </span>
    </p>
   </div>
   <div class='ocr_carea' id='block_1_39' title="bbox 457 2181 2034 2254">
    <p class='ocr_par' dir='ltr' id='par_1_39' title="bbox 457 2181 2034 2254">
     <span class='ocr_line' id='line_1_39' title="bbox 457 2181 2034 2254; baseline 0.002 -19"><span class='ocrx_word' id='word_1_277' title='bbox 457 2181 673 2252; x_wconf 70' lang='lat' dir='ltr'><strong>Iosephi</strong></span> <span class='ocrx_word' id='word_1_278' title='bbox 698 2200 904 2254; x_wconf 86' lang='lat' dir='ltr'><strong>genere.</strong></span> <span class='ocrx_word' id='word_1_279' title='bbox 931 2215 1002 2223; x_wconf 97' lang='lat'><strong>—</strong></span> <span class='ocrx_word' id='word_1_280' title='bbox 1031 2183 1303 2240; x_wconf 69' lang='lat' dir='ltr'><strong>Cmterum</strong></span> <span class='ocrx_word' id='word_1_281' title='bbox 1330 2185 1477 2254; x_wconf 83' lang='lat' dir='ltr'><strong>qttud</strong></span> <span class='ocrx_word' id='word_1_282' title='bbox 1515 2183 1716 2253; x_wconf 83' lang='lat' dir='ltr'><strong>Joseplt</strong></span> <span class='ocrx_word' id='word_1_283' title='bbox 1753 2201 1818 2239; x_wconf 83' lang='lat' dir='ltr'><strong>ex</strong></span> <span class='ocrx_word' id='word_1_284' title='bbox 1871 2185 2034 2238; x_wconf 85' lang='lat' dir='ltr'><strong>Davi-</strong></span> 
     </span>
    </p>
   </div>
   <div class='ocr_carea' id='block_1_40' title="bbox 460 2277 2037 2348">
    <p class='ocr_par' dir='ltr' id='par_1_40' title="bbox 460 2277 2037 2348">
     <span class='ocr_line' id='line_1_40' title="bbox 460 2277 2037 2348; baseline 0.003 -20"><span class='ocrx_word' id='word_1_285' title='bbox 460 2277 584 2329; x_wconf 85' lang='lat' dir='ltr'><strong>dica</strong></span> <span class='ocrx_word' id='word_1_286' title='bbox 617 2277 764 2331; x_wconf 83' lang='lat' dir='ltr'><strong>tribu</strong></span> <span class='ocrx_word' id='word_1_287' title='bbox 795 2277 1064 2346; x_wconf 85' lang='lat' dir='ltr'><strong>originem</strong></span> <span class='ocrx_word' id='word_1_288' title='bbox 1095 2277 1337 2341; x_wconf 78' lang='lat' dir='ltr'><strong>duxerit,</strong></span> <span class='ocrx_word' id='word_1_289' title='bbox 1390 2277 1756 2331; x_wconf 86' lang='lat' dir='ltr'><strong>sacratissimi</strong></span> <span class='ocrx_word' id='word_1_290' title='bbox 1799 2292 2037 2348; x_wconf 86' lang='lat' dir='ltr'><strong>evange-</strong></span> 
     </span>
    </p>
   </div>
   <div class='ocr_carea' id='block_1_41' title="bbox 461 2367 2035 2438">
    <p class='ocr_par' dir='ltr' id='par_1_41' title="bbox 461 2367 2035 2438">
     <span class='ocr_line' id='line_1_41' title="bbox 461 2367 2035 2438; baseline 0.001 -19"><span class='ocrx_word' id='word_1_291' title='bbox 461 2367 605 2422; x_wconf 71' lang='lat' dir='ltr'><strong>listze</strong></span> <span class='ocrx_word' id='word_1_292' title='bbox 636 2367 930 2422; x_wconf 76' lang='lat' dir='ltr'><strong>Matthmus</strong></span> <span class='ocrx_word' id='word_1_293' title='bbox 975 2377 1030 2424; x_wconf 91' lang='lat' dir='ltr'><strong>et</strong></span> <span class='ocrx_word' id='word_1_294' title='bbox 1064 2367 1242 2423; x_wconf 87' lang='lat' dir='ltr'><strong>Lucas</strong></span> <span class='ocrx_word' id='word_1_295' title='bbox 1300 2367 1509 2438; x_wconf 90' lang='lat' dir='ltr'><strong>liquido</strong></span> <span class='ocrx_word' id='word_1_296' title='bbox 1557 2369 2035 2424; x_wconf 86' lang='lat' dir='ltr'><strong>demonstrarunt.</strong></span> 
     </span>
    </p>
   </div>
   <div class='ocr_carea' id='block_1_42' title="bbox 460 2457 2030 2529">
    <p class='ocr_par' dir='ltr' id='par_1_42' title="bbox 460 2457 2030 2529">
     <span class='ocr_line' id='line_1_42' title="bbox 460 2457 2030 2529; baseline 0.001 -17"><span class='ocrx_word' id='word_1_297' title='bbox 460 2458 662 2513; x_wconf 71' lang='lat' dir='ltr'><strong>Verum</strong></span> <span class='ocrx_word' id='word_1_298' title='bbox 697 2458 987 2514; x_wconf 65' lang='lat' dir='ltr'><strong>Mattbaaus</strong></span> <span class='ocrx_word' id='word_1_299' title='bbox 1013 2475 1079 2513; x_wconf 78' lang='lat' dir='ltr'><strong>ex</strong></span> <span class='ocrx_word' id='word_1_300' title='bbox 1117 2459 1321 2513; x_wconf 87' lang='lat' dir='ltr'><strong>Davide</strong></span> <span class='ocrx_word' id='word_1_301' title='bbox 1358 2475 1455 2529; x_wconf 89' lang='lat' dir='ltr'><strong>per</strong></span> <span class='ocrx_word' id='word_1_302' title='bbox 1487 2457 1845 2513; x_wconf 87' lang='lat' dir='ltr'><strong>Salomonem</strong></span> <span class='ocrx_word' id='word_1_303' title='bbox 1873 2457 2030 2514; x_wconf 87' lang='lat' dir='ltr'><strong>Josc-</strong></span> 
     </span>
    </p>
   </div>
   <div class='ocr_carea' id='block_1_43' title="bbox 460 2549 2038 2622">
    <p class='ocr_par' dir='ltr' id='par_1_43' title="bbox 460 2549 2038 2622">
     <span class='ocr_line' id='line_1_43' title="bbox 460 2549 2038 2622; baseline 0.003 -20"><span class='ocrx_word' id='word_1_304' title='bbox 460 2551 630 2618; x_wconf 88' lang='lat' dir='ltr'><strong>phum</strong></span> <span class='ocrx_word' id='word_1_305' title='bbox 670 2549 894 2604; x_wconf 85' lang='lat' dir='ltr'><strong>deducit</strong></span> <span class='ocrx_word' id='word_1_306' title='bbox 921 2567 936 2615; x_wconf 87' lang='lat'><strong>;</strong></span> <span class='ocrx_word' id='word_1_307' title='bbox 969 2549 1148 2604; x_wconf 85' lang='lat' dir='ltr'><strong>Lucas</strong></span> <span class='ocrx_word' id='word_1_308' title='bbox 1181 2558 1389 2615; x_wconf 88' lang='lat' dir='ltr'><strong>autem,</strong></span> <span class='ocrx_word' id='word_1_309' title='bbox 1417 2565 1514 2622; x_wconf 90' lang='lat' dir='ltr'><strong>per</strong></span> <span class='ocrx_word' id='word_1_310' title='bbox 1539 2549 1777 2606; x_wconf 79' lang='lat' dir='ltr'><strong>Nathan.</strong></span> <span class='ocrx_word' id='word_1_311' title='bbox 1809 2552 1877 2606; x_wconf 83' lang='lat' dir='ltr'><strong>At</strong></span> <span class='ocrx_word' id='word_1_312' title='bbox 1908 2565 2038 2606; x_wconf 83' lang='lat' dir='ltr'><strong>vero</strong></span> 
     </span>
    </p>
   </div>
   <div class='ocr_carea' id='block_1_44' title="bbox 460 2636 1630 2710">
    <p class='ocr_par' dir='ltr' id='par_1_44' title="bbox 460 2636 1630 2710">
     <span class='ocr_line' id='line_1_44' title="bbox 460 2636 1630 2710; baseline 0 -16"><span class='ocrx_word' id='word_1_313' title='bbox 460 2650 665 2695; x_wconf 66' lang='lat' dir='ltr'><strong>sancta:</strong></span> <span class='ocrx_word' id='word_1_314' title='bbox 701 2636 947 2709; x_wconf 78' lang='lat' dir='ltr'><strong>Virginis</strong></span> <span class='ocrx_word' id='word_1_315' title='bbox 983 2655 1157 2710; x_wconf 84' lang='lat' dir='ltr'><strong>genus</strong></span> <span class='ocrx_word' id='word_1_316' title='bbox 1189 2649 1423 2710; x_wconf 91' lang='lat' dir='ltr'><strong>uterque</strong></span> <span class='ocrx_word' id='word_1_317' title='bbox 1454 2641 1630 2694; x_wconf 87' lang='lat' dir='ltr'><strong>siluit.</strong></span> 
     </span>
    </p>
   </div>
   <div class='ocr_carea' id='block_1_45' title="bbox 533 2730 2040 2801">
    <p class='ocr_par' dir='ltr' id='par_1_45' title="bbox 533 2730 2040 2801">
     <span class='ocr_line' id='line_1_45' title="bbox 533 2730 2040 2801; baseline 0.001 -17"><span class='ocrx_word' id='word_1_318' title='bbox 533 2733 808 2799; x_wconf 82' lang='lat' dir='ltr'><strong>Quocirca</strong></span> <span class='ocrx_word' id='word_1_319' title='bbox 836 2731 1128 2787; x_wconf 86' lang='lat' dir='ltr'><strong>sciendum</strong></span> <span class='ocrx_word' id='word_1_320' title='bbox 1155 2742 1260 2796; x_wconf 88' lang='lat' dir='ltr'><strong>est,</strong></span> <span class='ocrx_word' id='word_1_321' title='bbox 1296 2747 1398 2786; x_wconf 88' lang='lat' dir='ltr'><strong>nec</strong></span> <span class='ocrx_word' id='word_1_322' title='bbox 1433 2733 1577 2801; x_wconf 90' lang='lat' dir='ltr'><strong>apud</strong></span> <span class='ocrx_word' id='word_1_323' title='bbox 1605 2730 1891 2794; x_wconf 64' lang='lat' dir='ltr'><strong>Hebraeos,</strong></span> <span class='ocrx_word' id='word_1_324' title='bbox 1938 2747 2040 2786; x_wconf 90' lang='lat' dir='ltr'><strong>nee</strong></span> 
     </span>
    </p>
   </div>
   <div class='ocr_carea' id='block_1_46' title="bbox 464 2819 2040 2891">
    <p class='ocr_par' dir='ltr' id='par_1_46' title="bbox 464 2819 2040 2891">
     <span class='ocr_line' id='line_1_46' title="bbox 464 2819 2040 2891; baseline 0.003 -17"><span class='ocrx_word' id='word_1_325' title='bbox 464 2821 519 2874; x_wconf 90' lang='lat' dir='ltr'><strong>in</strong></span> <span class='ocrx_word' id='word_1_326' title='bbox 554 2819 843 2891; x_wconf 87' lang='lat' dir='ltr'><strong>Scriptura</strong></span> <span class='ocrx_word' id='word_1_327' title='bbox 879 2835 1060 2885; x_wconf 86' lang='lat' dir='ltr'><strong>sacra,</strong></span> <span class='ocrx_word' id='word_1_328' title='bbox 1094 2822 1242 2875; x_wconf 90' lang='lat' dir='ltr'><strong>hunc</strong></span> <span class='ocrx_word' id='word_1_329' title='bbox 1275 2837 1481 2875; x_wconf 87' lang='lat' dir='ltr'><strong>morem</strong></span> <span class='ocrx_word' id='word_1_330' title='bbox 1521 2821 1695 2877; x_wconf 76' lang='lat' dir='ltr'><strong>fuisse</strong></span> <span class='ocrx_word' id='word_1_331' title='bbox 1735 2831 1795 2875; x_wconf 91' lang='lat' dir='ltr'><strong>ut</strong></span> <span class='ocrx_word' id='word_1_332' title='bbox 1847 2823 2040 2878; x_wconf 88' lang='lat' dir='ltr'><strong>mulie-</strong></span> 
     </span>
    </p>
   </div>
   <div class='ocr_carea' id='block_1_47' title="bbox 464 2910 2036 2982">
    <p class='ocr_par' dir='ltr' id='par_1_47' title="bbox 464 2910 2036 2982">
     <span class='ocr_line' id='line_1_47' title="bbox 464 2910 2036 2982; baseline 0.001 -19"><span class='ocrx_word' id='word_1_333' title='bbox 464 2926 585 2964; x_wconf 90' lang='lat' dir='ltr'><strong>rum</strong></span> <span class='ocrx_word' id='word_1_334' title='bbox 612 2925 788 2981; x_wconf 86' lang='lat' dir='ltr'><strong>genus</strong></span> <span class='ocrx_word' id='word_1_335' title='bbox 818 2919 1230 2966; x_wconf 86' lang='lat' dir='ltr'><strong>recenseretur.</strong></span> <span class='ocrx_word' id='word_1_336' title='bbox 1271 2910 1436 2980; x_wconf 89' lang='lat' dir='ltr'><strong>Atqui</strong></span> <span class='ocrx_word' id='word_1_337' title='bbox 1485 2910 1590 2965; x_wconf 91' lang='lat' dir='ltr'><strong>hoc</strong></span> <span class='ocrx_word' id='word_1_338' title='bbox 1641 2911 1757 2982; x_wconf 88' lang='lat' dir='ltr'><strong>lege</strong></span> <span class='ocrx_word' id='word_1_339' title='bbox 1812 2921 2036 2966; x_wconf 85' lang='lat' dir='ltr'><strong>cautum</strong></span> 
     </span>
    </p>
   </div>
   <div class='ocr_carea' id='block_1_48' title="bbox 463 3001 2040 3073">
    <p class='ocr_par' dir='ltr' id='par_1_48' title="bbox 463 3001 2040 3073">
     <span class='ocr_line' id='line_1_48' title="bbox 463 3001 2040 3073; baseline 0 -17"><span class='ocrx_word' id='word_1_340' title='bbox 463 3011 608 3067; x_wconf 87' lang='lat' dir='ltr'><strong>erat,</strong></span> <span class='ocrx_word' id='word_1_341' title='bbox 639 3018 705 3057; x_wconf 89' lang='lat' dir='ltr'><strong>ne</strong></span> <span class='ocrx_word' id='word_1_342' title='bbox 741 3001 923 3059; x_wconf 88' lang='lat' dir='ltr'><strong>tribus</strong></span> <span class='ocrx_word' id='word_1_343' title='bbox 958 3002 1069 3056; x_wconf 89' lang='lat' dir='ltr'><strong>ulla</strong></span> <span class='ocrx_word' id='word_1_344' title='bbox 1103 3018 1167 3058; x_wconf 79' lang='lat' dir='ltr'><strong>ex</strong></span> <span class='ocrx_word' id='word_1_345' title='bbox 1211 3003 1392 3057; x_wconf 86' lang='lat' dir='ltr'><strong>aliena</strong></span> <span class='ocrx_word' id='word_1_346' title='bbox 1427 3003 1574 3058; x_wconf 88' lang='lat' dir='ltr'><strong>tribu</strong></span> <span class='ocrx_word' id='word_1_347' title='bbox 1631 3003 1899 3073; x_wconf 86' lang='lat' dir='ltr'><strong>conjuges</strong></span> <span class='ocrx_word' id='word_1_348' title='bbox 1950 3020 2040 3057; x_wconf 83' lang='lat' dir='ltr'><strong>ac-</strong></span> 
     </span>
    </p>
   </div>
   <div class='ocr_carea' id='block_1_49' title="bbox 463 3095 2043 3168">
    <p class='ocr_par' dir='ltr' id='par_1_49' title="bbox 463 3095 2043 3168">
     <span class='ocr_line' id='line_1_49' title="bbox 463 3095 2043 3168; baseline 0 -20"><span class='ocrx_word' id='word_1_349' title='bbox 463 3103 706 3151; x_wconf 79' lang='lat' dir='ltr'><strong>cerseret</strong></span> <span class='ocrx_word' id='word_1_350' title='bbox 731 3096 776 3128; x_wconf 80' lang='lat'><strong>°&#39;</strong></span> <span class='ocrx_word' id='word_1_351' title='bbox 806 3115 820 3152; x_wconf 90' lang='lat'><strong>:</strong></span> <span class='ocrx_word' id='word_1_352' title='bbox 849 3112 913 3151; x_wconf 87' lang='lat' dir='ltr'><strong>ac</strong></span> <span class='ocrx_word' id='word_1_353' title='bbox 953 3097 1184 3168; x_wconf 84' lang='lat' dir='ltr'><strong>proinde</strong></span> <span class='ocrx_word' id='word_1_354' title='bbox 1219 3095 1452 3168; x_wconf 79' lang='lat' dir='ltr'><strong>Josepb,</strong></span> <span class='ocrx_word' id='word_1_355' title='bbox 1481 3097 1574 3167; x_wconf 92' lang='lat' dir='ltr'><strong>qui</strong></span> <span class='ocrx_word' id='word_1_356' title='bbox 1622 3113 1686 3150; x_wconf 82' lang='lat' dir='ltr'><strong>ex</strong></span> <span class='ocrx_word' id='word_1_357' title='bbox 1723 3098 1894 3166; x_wconf 87' lang='lat' dir='ltr'><strong>stirpe</strong></span> <span class='ocrx_word' id='word_1_358' title='bbox 1940 3095 2043 3148; x_wconf 87' lang='lat' dir='ltr'><strong>Da-</strong></span> 
     </span>
    </p>
   </div>
   <div class='ocr_carea' id='block_1_50' title="bbox 463 3187 2041 3258">
    <p class='ocr_par' dir='ltr' id='par_1_50' title="bbox 463 3187 2041 3258">
     <span class='ocr_line' id='line_1_50' title="bbox 463 3187 2041 3258; baseline -0.001 -17"><span class='ocrx_word' id='word_1_359' title='bbox 463 3187 643 3241; x_wconf 75' lang='lat' dir='ltr'><strong>vidica</strong></span> <span class='ocrx_word' id='word_1_360' title='bbox 698 3189 996 3254; x_wconf 87' lang='lat' dir='ltr'><strong>oriundus,</strong></span> <span class='ocrx_word' id='word_1_361' title='bbox 1048 3189 1351 3257; x_wconf 83' lang='lat' dir='ltr'><strong>justusque</strong></span> <span class='ocrx_word' id='word_1_362' title='bbox 1402 3197 1522 3243; x_wconf 89' lang='lat' dir='ltr'><strong>erat</strong></span> <span class='ocrx_word' id='word_1_363' title='bbox 1576 3187 1743 3258; x_wconf 88' lang='lat' dir='ltr'><strong>(hanc</strong></span> <span class='ocrx_word' id='word_1_364' title='bbox 1791 3188 1938 3242; x_wconf 91' lang='lat' dir='ltr'><strong>enim</strong></span> <span class='ocrx_word' id='word_1_365' title='bbox 1992 3188 2041 3240; x_wconf 88' lang='lat' dir='ltr'><strong>ei</strong></span> 
     </span>
    </p>
   </div>
   <div class='ocr_carea' id='block_1_51' title="bbox 466 3278 2045 3348">
    <p class='ocr_par' dir='ltr' id='par_1_51' title="bbox 466 3278 2045 3348">
     <span class='ocr_line' id='line_1_51' title="bbox 466 3278 2045 3348; baseline -0.001 -17"><span class='ocrx_word' id='word_1_366' title='bbox 466 3279 682 3331; x_wconf 91' lang='lat' dir='ltr'><strong>laudem</strong></span> <span class='ocrx_word' id='word_1_367' title='bbox 713 3280 908 3332; x_wconf 88' lang='lat' dir='ltr'><strong>tribuit</strong></span> <span class='ocrx_word' id='word_1_368' title='bbox 934 3279 1182 3332; x_wconf 81' lang='lat' dir='ltr'><strong>divinum</strong></span> <span class='ocrx_word' id='word_1_369' title='bbox 1217 3279 1618 3348; x_wconf 79' lang='lat' dir='ltr'><strong>Evangelium),</strong></span> <span class='ocrx_word' id='word_1_370' title='bbox 1641 3286 1890 3333; x_wconf 87' lang='lat' dir='ltr'><strong>sanctam</strong></span> <span class='ocrx_word' id='word_1_371' title='bbox 1924 3278 2045 3331; x_wconf 73' lang='lat' dir='ltr'><strong>Vir-</strong></span> 
     </span>
    </p>
   </div>
   <div class='ocr_carea' id='block_1_52' title="bbox 467 3369 2042 3439">
    <p class='ocr_par' dir='ltr' id='par_1_52' title="bbox 467 3369 2042 3439">
     <span class='ocr_line' id='line_1_52' title="bbox 467 3369 2042 3439; baseline 0.002 -20"><span class='ocrx_word' id='word_1_372' title='bbox 467 3369 649 3437; x_wconf 75' lang='lat' dir='ltr'><strong>ginem</strong></span> <span class='ocrx_word' id='word_1_373' title='bbox 701 3375 900 3436; x_wconf 73' lang='lat' dir='ltr'><strong>prteter</strong></span> <span class='ocrx_word' id='word_1_374' title='bbox 964 3369 1100 3436; x_wconf 78' lang='lat' dir='ltr'><strong>legis</strong></span> <span class='ocrx_word' id='word_1_375' title='bbox 1169 3373 1557 3439; x_wconf 60' lang='lat' dir='ltr'><strong>praescriptum</strong></span> <span class='ocrx_word' id='word_1_376' title='bbox 1620 3371 2042 3439; x_wconf 88' lang='lat' dir='ltr'><strong>haudquaquam</strong></span> 
     </span>
    </p>
   </div>
   <div class='ocr_carea' id='block_1_53' title="bbox 467 3459 2042 3530">
    <p class='ocr_par' dir='ltr' id='par_1_53' title="bbox 467 3459 2042 3530">
     <span class='ocr_line' id='line_1_53' title="bbox 467 3459 2042 3530; baseline 0.003 -20"><span class='ocrx_word' id='word_1_377' title='bbox 467 3459 901 3528; x_wconf 87' lang='lat' dir='ltr'><strong>despondisset,</strong></span> <span class='ocrx_word' id='word_1_378' title='bbox 956 3459 1062 3513; x_wconf 90' lang='lat' dir='ltr'><strong>nisi</strong></span> <span class='ocrx_word' id='word_1_379' title='bbox 1108 3475 1175 3514; x_wconf 74' lang='lat' dir='ltr'><strong>ex</strong></span> <span class='ocrx_word' id='word_1_380' title='bbox 1231 3461 1423 3514; x_wconf 90' lang='lat' dir='ltr'><strong>eodem</strong></span> <span class='ocrx_word' id='word_1_381' title='bbox 1475 3469 1698 3530; x_wconf 87' lang='lat' dir='ltr'><strong>sceptro</strong></span> <span class='ocrx_word' id='word_1_382' title='bbox 1749 3472 1845 3514; x_wconf 88' lang='lat' dir='ltr'><strong>aut</strong></span> <span class='ocrx_word' id='word_1_383' title='bbox 1899 3463 2042 3515; x_wconf 88' lang='lat' dir='ltr'><strong>tribu</strong></span> 
     </span>
    </p>
   </div>
   <div class='ocr_carea' id='block_1_54' title="bbox 469 3549 2045 3622">
    <p class='ocr_par' dir='ltr' id='par_1_54' title="bbox 469 3549 2045 3622">
     <span class='ocr_line' id='line_1_54' title="bbox 469 3549 2045 3622; baseline 0.003 -21"><span class='ocrx_word' id='word_1_384' title='bbox 469 3551 735 3604; x_wconf 74' lang='lat' dir='ltr'><strong>traxisset</strong></span> <span class='ocrx_word' id='word_1_385' title='bbox 764 3565 939 3618; x_wconf 81' lang='lat' dir='ltr'><strong>genus</strong></span> <span class='ocrx_word' id='word_1_386' title='bbox 969 3567 983 3602; x_wconf 85' lang='lat'><strong>:</strong></span> <span class='ocrx_word' id='word_1_387' title='bbox 1017 3549 1161 3604; x_wconf 88' lang='lat' dir='ltr'><strong>unde</strong></span> <span class='ocrx_word' id='word_1_388' title='bbox 1193 3551 1331 3605; x_wconf 75' lang='lat' dir='ltr'><strong>satis</strong></span> <span class='ocrx_word' id='word_1_389' title='bbox 1362 3549 1554 3604; x_wconf 84' lang='lat' dir='ltr'><strong>habuit</strong></span> <span class='ocrx_word' id='word_1_390' title='bbox 1590 3553 1924 3622; x_wconf 80' lang='lat' dir='ltr'><strong>evangelista</strong></span> <span class='ocrx_word' id='word_1_391' title='bbox 1957 3551 2045 3606; x_wconf 81' lang='lat' dir='ltr'><strong>Jo-</strong></span> 
     </span>
    </p>
   </div>
   <div class='ocr_carea' id='block_1_55' title="bbox 469 3640 1271 3710">
    <p class='ocr_par' dir='ltr' id='par_1_55' title="bbox 469 3640 1271 3710">
     <span class='ocr_line' id='line_1_55' title="bbox 469 3640 1271 3710; baseline -0.001 -14"><span class='ocrx_word' id='word_1_392' title='bbox 469 3640 622 3710; x_wconf 83' lang='lat' dir='ltr'><strong>sepbi</strong></span> <span class='ocrx_word' id='word_1_393' title='bbox 657 3655 832 3710; x_wconf 89' lang='lat' dir='ltr'><strong>genus</strong></span> <span class='ocrx_word' id='word_1_394' title='bbox 866 3641 1271 3695; x_wconf 89' lang='lat' dir='ltr'><strong>demonstrare.</strong></span> 
     </span>
    </p>
   </div>
   <div class='ocr_carea' id='block_1_56' title="bbox 539 3732 2042 3802">
    <p class='ocr_par' dir='ltr' id='par_1_56' title="bbox 539 3732 2042 3802">
     <span class='ocr_line' id='line_1_56' title="bbox 539 3732 2042 3802; baseline 0 -16"><span class='ocrx_word' id='word_1_395' title='bbox 539 3733 682 3797; x_wconf 89' lang='lat' dir='ltr'><strong>Quin</strong></span> <span class='ocrx_word' id='word_1_396' title='bbox 714 3732 846 3786; x_wconf 89' lang='lat' dir='ltr'><strong>illud</strong></span> <span class='ocrx_word' id='word_1_397' title='bbox 882 3747 1104 3802; x_wconf 87' lang='lat' dir='ltr'><strong>quoque</strong></span> <span class='ocrx_word' id='word_1_398' title='bbox 1137 3733 1423 3786; x_wconf 81' lang='lat' dir='ltr'><strong>sciendum</strong></span> <span class='ocrx_word' id='word_1_399' title='bbox 1455 3741 1563 3799; x_wconf 90' lang='lat' dir='ltr'><strong>cst,</strong></span> <span class='ocrx_word' id='word_1_400' title='bbox 1593 3734 1710 3802; x_wconf 82' lang='lat' dir='ltr'><strong>lege</strong></span> <span class='ocrx_word' id='word_1_401' title='bbox 1767 3734 2042 3788; x_wconf 78' lang='lat' dir='ltr'><strong>sancitum</strong></span> 
     </span>
    </p>
   </div>
   <div class='ocr_carea' id='block_1_57' title="bbox 468 3823 2046 3893">
    <p class='ocr_par' dir='ltr' id='par_1_57' title="bbox 468 3823 2046 3893">
     <span class='ocr_line' id='line_1_57' title="bbox 468 3823 2046 3893; baseline -0.001 -15"><span class='ocrx_word' id='word_1_402' title='bbox 468 3839 612 3886; x_wconf 84' lang='lat' dir='ltr'><strong>esse,</strong></span> <span class='ocrx_word' id='word_1_403' title='bbox 647 3833 726 3886; x_wconf 89' lang='lat' dir='ltr'><strong>ut,</strong></span> <span class='ocrx_word' id='word_1_404' title='bbox 758 3825 804 3877; x_wconf 88' lang='lat' dir='ltr'><strong>si</strong></span> <span class='ocrx_word' id='word_1_405' title='bbox 851 3824 1128 3891; x_wconf 88' lang='lat' dir='ltr'><strong>quispiam</strong></span> <span class='ocrx_word' id='word_1_406' title='bbox 1171 3825 1290 3877; x_wconf 90' lang='lat' dir='ltr'><strong>sine</strong></span> <span class='ocrx_word' id='word_1_407' title='bbox 1346 3823 1536 3879; x_wconf 88' lang='lat' dir='ltr'><strong>liberis</strong></span> <span class='ocrx_word' id='word_1_408' title='bbox 1583 3824 1836 3888; x_wconf 86' lang='lat' dir='ltr'><strong>obiissct,</strong></span> <span class='ocrx_word' id='word_1_409' title='bbox 1874 3824 2046 3893; x_wconf 91' lang='lat' dir='ltr'><strong>ipsius</strong></span> 
     </span>
    </p>
   </div>
   <div class='ocr_carea' id='block_1_58' title="bbox 474 3913 2045 3983">
    <p class='ocr_par' dir='ltr' id='par_1_58' title="bbox 474 3913 2045 3983">
     <span class='ocr_line' id='line_1_58' title="bbox 474 3913 2045 3983; baseline 0.002 -18"><span class='ocrx_word' id='word_1_410' title='bbox 474 3913 642 3966; x_wconf 82' lang='lat' dir='ltr'><strong>frater</strong></span> <span class='ocrx_word' id='word_1_411' title='bbox 678 3927 904 3966; x_wconf 75' lang='lat' dir='ltr'><strong>uxorem</strong></span> <span class='ocrx_word' id='word_1_412' title='bbox 943 3913 1146 3967; x_wconf 88' lang='lat' dir='ltr'><strong>mortui</strong></span> <span class='ocrx_word' id='word_1_413' title='bbox 1177 3913 1232 3966; x_wconf 91' lang='lat' dir='ltr'><strong>in</strong></span> <span class='ocrx_word' id='word_1_414' title='bbox 1275 3914 1690 3968; x_wconf 82' lang='lat' dir='ltr'><strong>matrimonium</strong></span> <span class='ocrx_word' id='word_1_415' title='bbox 1749 3915 2045 3983; x_wconf 87' lang='lat' dir='ltr'><strong>acciperet,</strong></span> 
     </span>
    </p>
   </div>
   <div class='ocr_carea' id='block_1_59' title="bbox 472 4003 2048 4073">
    <p class='ocr_par' dir='ltr' id='par_1_59' title="bbox 472 4003 2048 4073">
     <span class='ocr_line' id='line_1_59' title="bbox 472 4003 2048 4073; baseline 0.001 -18"><span class='ocrx_word' id='word_1_416' title='bbox 472 4003 629 4056; x_wconf 84' lang='lat' dir='ltr'><strong>fratri</strong></span> <span class='ocrx_word' id='word_1_417' title='bbox 687 4018 873 4057; x_wconf 91' lang='lat' dir='ltr'><strong>semen</strong></span> <span class='ocrx_word' id='word_1_418' title='bbox 921 4003 1298 4057; x_wconf 90' lang='lat' dir='ltr'><strong>suscitaturus</strong></span> <span class='ocrx_word' id='word_1_419' title='bbox 1321 4003 1388 4058; x_wconf 78' lang='grc'>⁸⁸.</span> <span class='ocrx_word' id='word_1_420' title='bbox 1419 4004 1599 4073; x_wconf 81' lang='lat' dir='ltr'><strong>Atque</strong></span> <span class='ocrx_word' id='word_1_421' title='bbox 1657 4003 1730 4056; x_wconf 88' lang='lat' dir='ltr'><strong>ita</strong></span> <span class='ocrx_word' id='word_1_422' title='bbox 1765 4003 1915 4073; x_wconf 90' lang='lat' dir='ltr'><strong>quod</strong></span> <span class='ocrx_word' id='word_1_423' title='bbox 1953 4018 2048 4072; x_wconf 83' lang='lat' dir='ltr'><strong>pa-</strong></span> 
     </span>
    </p>
   </div>
   <div class='ocr_carea' id='block_1_60' title="bbox 471 4091 2044 4162">
    <p class='ocr_par' dir='ltr' id='par_1_60' title="bbox 471 4091 2044 4162">
     <span class='ocr_line' id='line_1_60' title="bbox 471 4091 2044 4162; baseline 0.001 -18"><span class='ocrx_word' id='word_1_424' title='bbox 471 4091 740 4156; x_wconf 85' lang='lat' dir='ltr'><strong>riebatur,</strong></span> <span class='ocrx_word' id='word_1_425' title='bbox 791 4100 990 4145; x_wconf 87' lang='lat' dir='ltr'><strong>natura</strong></span> <span class='ocrx_word' id='word_1_426' title='bbox 1029 4091 1254 4162; x_wconf 90' lang='lat' dir='ltr'><strong>quidem</strong></span> <span class='ocrx_word' id='word_1_427' title='bbox 1299 4092 1532 4146; x_wconf 87' lang='lat' dir='ltr'><strong>secundi</strong></span> <span class='ocrx_word' id='word_1_428' title='bbox 1572 4101 1716 4158; x_wconf 88' lang='lat' dir='ltr'><strong>erat,</strong></span> <span class='ocrx_word' id='word_1_429' title='bbox 1767 4093 1874 4146; x_wconf 92' lang='lat' dir='ltr'><strong>hoc</strong></span> <span class='ocrx_word' id='word_1_430' title='bbox 1926 4102 2044 4155; x_wconf 88' lang='lat' dir='ltr'><strong>est,</strong></span> 
     </span>
    </p>
   </div>
   <div class='ocr_carea' id='block_1_61' title="bbox 469 4180 2045 4252">
    <p class='ocr_par' dir='ltr' id='par_1_61' title="bbox 469 4180 2045 4252">
     <span class='ocr_line' id='line_1_61' title="bbox 469 4180 2045 4252; baseline 0.001 -19"><span class='ocrx_word' id='word_1_431' title='bbox 469 4182 591 4249; x_wconf 84' lang='lat' dir='ltr'><strong>ejus</strong></span> <span class='ocrx_word' id='word_1_432' title='bbox 613 4182 708 4250; x_wconf 89' lang='lat' dir='ltr'><strong>qui</strong></span> <span class='ocrx_word' id='word_1_433' title='bbox 750 4191 1016 4251; x_wconf 86' lang='lat' dir='ltr'><strong>genuerat</strong></span> <span class='ocrx_word' id='word_1_434' title='bbox 1043 4200 1055 4236; x_wconf 90' lang='lat'><strong>:</strong></span> <span class='ocrx_word' id='word_1_435' title='bbox 1088 4180 1393 4237; x_wconf 85' lang='lat' dir='ltr'><strong>secundum</strong></span> <span class='ocrx_word' id='word_1_436' title='bbox 1426 4182 1596 4252; x_wconf 85' lang='lat' dir='ltr'><strong>legem</strong></span> <span class='ocrx_word' id='word_1_437' title='bbox 1622 4195 1772 4246; x_wconf 82' lang='lat' dir='ltr'><strong>vero,</strong></span> <span class='ocrx_word' id='word_1_438' title='bbox 1801 4180 2045 4237; x_wconf 83' lang='lat' dir='ltr'><strong>defuncti</strong></span> 
     </span>
    </p>
   </div>
   <div class='ocr_carea' id='block_1_62' title="bbox 472 4274 826 4326">
    <p class='ocr_par' dir='ltr' id='par_1_62' title="bbox 472 4274 826 4326">
     <span class='ocr_line' id='line_1_62' title="bbox 472 4274 826 4326; baseline 0.003 -3"><span class='ocrx_word' id='word_1_439' title='bbox 472 4274 826 4326; x_wconf 74' lang='lat' dir='ltr'><strong>censebatur.</strong></span> 
     </span>
    </p>
   </div>
   <div class='ocr_carea' id='block_1_63' title="bbox 2138 1826 3723 1896">
    <p class='ocr_par' dir='ltr' id='par_1_63' title="bbox 2138 1826 3723 1896">
     <span class='ocr_line' id='line_1_63' title="bbox 2138 1826 3723 1896; baseline 0.003 -17"><span class='ocrx_word' id='word_1_440' title='bbox 2138 1827 2237 1880; x_wconf 81' lang='grc' dir='ltr'>καὶ</span> <span class='ocrx_word' id='word_1_441' title='bbox 2262 1829 2293 1881; x_wconf 88' lang='grc' dir='ltr'><strong><em>ὀ</em></strong></span> <span class='ocrx_word' id='word_1_442' title='bbox 2312 1826 2543 1896; x_wconf 67' lang='grc' dir='ltr'>μάρτυς</span> <span class='ocrx_word' id='word_1_443' title='bbox 2573 1828 2641 1880; x_wconf 80' lang='grc' dir='ltr'><strong>ἐν</strong></span> <span class='ocrx_word' id='word_1_444' title='bbox 2661 1827 2742 1892; x_wconf 86' lang='grc' dir='ltr'>τῷ</span> <span class='ocrx_word' id='word_1_445' title='bbox 2766 1827 3000 1896; x_wconf 80' lang='grc' dir='ltr'><strong>οὐρανῷ</strong></span> <span class='ocrx_word' id='word_1_446' title='bbox 3033 1832 3268 1896; x_wconf 79' lang='grc' dir='ltr'>πιστός.</span> <span class='ocrx_word' id='word_1_447' title='bbox 3303 1830 3415 1884; x_wconf 77' lang='grc' dir='ltr'>Καὶ</span> <span class='ocrx_word' id='word_1_448' title='bbox 3452 1831 3688 1892; x_wconf 77' lang='grc' dir='ltr'>Ἡσαΐας</span> <span class='ocrx_word' id='word_1_449' title='bbox 3707 1847 3723 1862; x_wconf 74' lang='grc' dir='ltr'><strong>ο</strong></span> 
     </span>
    </p>
   </div>
   <div class='ocr_carea' id='block_1_64' title="bbox 2137 1917 3722 1990">
    <p class='ocr_par' dir='ltr' id='par_1_64' title="bbox 2137 1917 3722 1990">
     <span class='ocr_line' id='line_1_64' title="bbox 2137 1917 3722 1990; baseline 0.003 -19"><span class='ocrx_word' id='word_1_450' title='bbox 2137 1918 2524 1982; x_wconf 76' lang='grc' dir='ltr'>Ἐξανατελεῑ</span> <span class='ocrx_word' id='word_1_451' title='bbox 2542 1917 2767 1987; x_wconf 77' lang='grc' dir='ltr'><strong>ῥάϐδος</strong></span> <span class='ocrx_word' id='word_1_452' title='bbox 2790 1919 2858 1983; x_wconf 82' lang='grc' dir='ltr'><strong>ἐξ</strong></span> <span class='ocrx_word' id='word_1_453' title='bbox 2885 1918 3130 1986; x_wconf 79' lang='grc' dir='ltr'>Ἰεσσαί,</span> <span class='ocrx_word' id='word_1_454' title='bbox 3167 1920 3268 1976; x_wconf 77' lang='grc' dir='ltr'>καὶ</span> <span class='ocrx_word' id='word_1_455' title='bbox 3303 1921 3489 1988; x_wconf 78' lang='grc' dir='ltr'><em>ἄνθος</em></span> <span class='ocrx_word' id='word_1_456' title='bbox 3517 1922 3587 1976; x_wconf 79' lang='grc' dir='ltr'>ἐκ</span> <span class='ocrx_word' id='word_1_457' title='bbox 3611 1921 3722 1990; x_wconf 82' lang='grc' dir='ltr'><strong>τῆς</strong></span> 
     </span>
    </p>
   </div>
   <div class='ocr_carea' id='block_1_65' title="bbox 2132 2009 2717 2078">
    <p class='ocr_par' dir='ltr' id='par_1_65' title="bbox 2132 2009 2717 2078">
     <span class='ocr_line' id='line_1_65' title="bbox 2132 2009 2717 2078; baseline 0.003 -15"><span class='ocrx_word' id='word_1_458' title='bbox 2132 2009 2304 2078; x_wconf 77' lang='grc' dir='ltr'>ῥίζης</span> <span class='ocrx_word' id='word_1_459' title='bbox 2329 2010 2717 2077; x_wconf 77' lang='grc' dir='ltr'>ἀναϐήσεται.</span> 
     </span>
    </p>
   </div>
   <div class='ocr_carea' id='block_1_66' title="bbox 2213 2098 3720 2174">
    <p class='ocr_par' dir='ltr' id='par_1_66' title="bbox 2213 2098 3720 2174">
     <span class='ocr_line' id='line_1_66' title="bbox 2213 2098 3720 2174; baseline 0.003 -21"><span class='ocrx_word' id='word_1_460' title='bbox 2213 2102 2336 2154; x_wconf 84' lang='grc' dir='ltr'>Ὅτι</span> <span class='ocrx_word' id='word_1_461' title='bbox 2369 2103 2467 2172; x_wconf 85' lang='grc' dir='ltr'><strong>μὲν</strong></span> <span class='ocrx_word' id='word_1_462' title='bbox 2499 2098 2592 2155; x_wconf 78' lang='grc' dir='ltr'>οὖν</span> <span class='ocrx_word' id='word_1_463' title='bbox 2613 2105 2642 2156; x_wconf 88' lang='grc' dir='ltr'>ὁ</span> <span class='ocrx_word' id='word_1_464' title='bbox 2676 2101 2875 2171; x_wconf 77' lang='grc' dir='ltr'>Ἰωσὴφ</span> <span class='ocrx_word' id='word_1_465' title='bbox 2901 2103 2965 2156; x_wconf 70' lang='grc' dir='ltr'><strong>ἐκ</strong></span> <span class='ocrx_word' id='word_1_466' title='bbox 2996 2103 3293 2174; x_wconf 83' lang='grc' dir='ltr'>Δαυῖτικῆς</span> <span class='ocrx_word' id='word_1_467' title='bbox 3318 2103 3482 2172; x_wconf 75' lang='grc' dir='ltr'>φυλῆς</span> <span class='ocrx_word' id='word_1_468' title='bbox 3509 2111 3536 2139; x_wconf 73' lang='grc'>⁸</span> <span class='ocrx_word' id='word_1_469' title='bbox 3571 2104 3720 2157; x_wconf 70' lang='grc' dir='ltr'>κατ-</span> 
     </span>
    </p>
   </div>
   <div class='ocr_carea' id='block_1_67' title="bbox 2141 2195 3726 2264">
    <p class='ocr_par' dir='ltr' id='par_1_67' title="bbox 2141 2195 3726 2264">
     <span class='ocr_line' id='line_1_67' title="bbox 2141 2195 3726 2264; baseline -0.001 -15"><span class='ocrx_word' id='word_1_470' title='bbox 2141 2195 2354 2263; x_wconf 85' lang='grc' dir='ltr'>άγεται,</span> <span class='ocrx_word' id='word_1_471' title='bbox 2396 2195 2675 2259; x_wconf 65' lang='grc' dir='ltr'>ὓίατθαῖος</span> <span class='ocrx_word' id='word_1_472' title='bbox 2720 2196 2816 2249; x_wconf 65' lang='grc' dir='ltr'><strong>καὶ⁹</strong></span> <span class='ocrx_word' id='word_1_473' title='bbox 2845 2197 3085 2259; x_wconf 81' lang='grc' dir='ltr'><strong>Λουκᾶς,</strong></span> <span class='ocrx_word' id='word_1_474' title='bbox 3131 2196 3182 2248; x_wconf 84' lang='grc' dir='ltr'><strong>οί</strong></span> <span class='ocrx_word' id='word_1_475' title='bbox 3232 2197 3506 2264; x_wconf 83' lang='grc' dir='ltr'>ίερώτατοι</span> <span class='ocrx_word' id='word_1_476' title='bbox 3557 2196 3726 2264; x_wconf 75' lang='grc' dir='ltr'>εὐαγ-</span> 
     </span>
    </p>
   </div>
   <div class='ocr_carea' id='block_1_68' title="bbox 2139 2285 3728 2358">
    <p class='ocr_par' dir='ltr' id='par_1_68' title="bbox 2139 2285 3728 2358">
     <span class='ocr_line' id='line_1_68' title="bbox 2139 2285 3728 2358; baseline 0 -18"><span class='ocrx_word' id='word_1_477' title='bbox 2139 2287 2387 2357; x_wconf 80' lang='grc' dir='ltr'>γε).ιστα“ι</span> <span class='ocrx_word' id='word_1_478' title='bbox 2409 2285 2708 2358; x_wconf 75' lang='grc' dir='ltr'>διαρρήδην</span> <span class='ocrx_word' id='word_1_479' title='bbox 2736 2287 3024 2354; x_wconf 80' lang='grc' dir='ltr'>ὑπέδειξαν</span> <span class='ocrx_word' id='word_1_480' title='bbox 3050 2302 3066 2318; x_wconf 72' lang='grc' dir='ltr'><strong>ο</strong></span> <span class='ocrx_word' id='word_1_481' title='bbox 3105 2287 3219 2340; x_wconf 75' lang='grc' dir='ltr'>ἀλλ’</span> <span class='ocrx_word' id='word_1_482' title='bbox 3255 2289 3283 2340; x_wconf 88' lang='grc' dir='ltr'>ὁ</span> <span class='ocrx_word' id='word_1_483' title='bbox 3309 2287 3410 2357; x_wconf 84' lang='grc' dir='ltr'><strong>μὲν</strong></span> <span class='ocrx_word' id='word_1_484' title='bbox 3442 2286 3728 2350; x_wconf 75' lang='grc' dir='ltr'>Ματθαϊος</span> 
     </span>
    </p>
   </div>
   <div class='ocr_carea' id='block_1_69' title="bbox 2141 2370 3730 2448">
    <p class='ocr_par' dir='ltr' id='par_1_69' title="bbox 2141 2370 3730 2448">
     <span class='ocr_line' id='line_1_69' title="bbox 2141 2370 3730 2448; baseline -0.001 -16"><span class='ocrx_word' id='word_1_485' title='bbox 2141 2381 2206 2432; x_wconf 83' lang='grc' dir='ltr'>ὲκ</span> <span class='ocrx_word' id='word_1_486' title='bbox 2232 2377 2397 2432; x_wconf 77' lang='grc' dir='ltr'><strong>Δαὸὶδ</strong></span> <span class='ocrx_word' id='word_1_487' title='bbox 2424 2377 2514 2430; x_wconf 81' lang='grc' dir='ltr'>διὰ</span> <span class='ocrx_word' id='word_1_488' title='bbox 2540 2375 2635 2430; x_wconf 77' lang='grc' dir='ltr'>τοῦ</span> <span class='ocrx_word' id='word_1_489' title='bbox 2661 2370 3010 2448; x_wconf 81' lang='grc' dir='ltr'><strong>Σολομῶντος</strong></span> <span class='ocrx_word' id='word_1_490' title='bbox 3031 2377 3263 2445; x_wconf 82' lang='grc' dir='ltr'><strong>κατάγει</strong></span> <span class='ocrx_word' id='word_1_491' title='bbox 3286 2379 3380 2431; x_wconf 77' lang='grc' dir='ltr'>τὸν</span> <span class='ocrx_word' id='word_1_492' title='bbox 3429 2376 3657 2447; x_wconf 76' lang='grc' dir='ltr'>Ἰωσὴφ,</span> <span class='ocrx_word' id='word_1_493' title='bbox 3701 2379 3730 2430; x_wconf 82' lang='grc' dir='ltr'><strong>ὁ</strong></span> 
     </span>
    </p>
   </div>
   <div class='ocr_carea' id='block_1_70' title="bbox 2139 2469 3732 2541">
    <p class='ocr_par' dir='ltr' id='par_1_70' title="bbox 2139 2469 3732 2541">
     <span class='ocr_line' id='line_1_70' title="bbox 2139 2469 3732 2541; baseline -0.002 -17"><span class='ocrx_word' id='word_1_494' title='bbox 2139 2471 2198 2525; x_wconf 81' lang='grc' dir='ltr'><strong>δὲ</strong></span> <span class='ocrx_word' id='word_1_495' title='bbox 2233 2471 2470 2536; x_wconf 78' lang='grc' dir='ltr'>Λουκᾶς,</span> <span class='ocrx_word' id='word_1_496' title='bbox 2493 2469 2581 2522; x_wconf 83' lang='grc' dir='ltr'><strong>διὰ</strong></span> <span class='ocrx_word' id='word_1_497' title='bbox 2611 2469 2822 2524; x_wconf 82' lang='grc' dir='ltr'>Νάθαν.</span> <span class='ocrx_word' id='word_1_498' title='bbox 2852 2470 2966 2540; x_wconf 81' lang='grc' dir='ltr'><strong>Τῆς</strong></span> <span class='ocrx_word' id='word_1_499' title='bbox 2995 2469 3053 2522; x_wconf 79' lang='grc' dir='ltr'><strong>δὲ</strong></span> <span class='ocrx_word' id='word_1_500' title='bbox 3077 2469 3242 2538; x_wconf 79' lang='grc' dir='ltr'>ἁγίας</span> <span class='ocrx_word' id='word_1_501' title='bbox 3289 2469 3576 2541; x_wconf 80' lang='grc' dir='ltr'>Παρθένου</span> <span class='ocrx_word' id='word_1_502' title='bbox 3627 2470 3732 2539; x_wconf 76' lang='grc' dir='ltr'>τὴν</span> 
     </span>
    </p>
   </div>
   <div class='ocr_carea' id='block_1_71' title="bbox 2142 2561 3281 2633">
    <p class='ocr_par' dir='ltr' id='par_1_71' title="bbox 2142 2561 3281 2633">
     <span class='ocr_line' id='line_1_71' title="bbox 2142 2561 3281 2633; baseline 0.002 -19"><span class='ocrx_word' id='word_1_503' title='bbox 2142 2562 2396 2632; x_wconf 82' lang='grc' dir='ltr'>γέννησιν</span> <span class='ocrx_word' id='word_1_504' title='bbox 2430 2561 2730 2631; x_wconf 73' lang='grc' dir='ltr'>ἀμφότεροι</span> <span class='ocrx_word' id='word_1_505' title='bbox 2761 2570 2790 2609; x_wconf 69' lang='grc' dir='ltr'><strong><em>Ι</em></strong></span> <span class='ocrx_word' id='word_1_506' title='bbox 2826 2562 3281 2633; x_wconf 83' lang='grc' dir='ltr'>παρεσιώπησαν.</span> 
     </span>
    </p>
   </div>
   <div class='ocr_carea' id='block_1_72' title="bbox 2211 2733 3736 2811">
    <p class='ocr_par' dir='ltr' id='par_1_72' title="bbox 2211 2733 3736 2811">
     <span class='ocr_line' id='line_1_72' title="bbox 2211 2733 3736 2811; baseline 0.002 -19"><span class='ocrx_word' id='word_1_507' title='bbox 2211 2739 2332 2808; x_wconf 77' lang='grc' dir='ltr'><strong>Χρὴ</strong></span> <span class='ocrx_word' id='word_1_508' title='bbox 2363 2733 2456 2792; x_wconf 77' lang='grc' dir='ltr'>οὗν</span> <span class='ocrx_word' id='word_1_509' title='bbox 2475 2738 2694 2804; x_wconf 87' lang='grc' dir='ltr'>εἰδέναι,</span> <span class='ocrx_word' id='word_1_510' title='bbox 2728 2738 2805 2803; x_wconf 84' lang='grc' dir='ltr'><strong>ὡς</strong></span> <span class='ocrx_word' id='word_1_511' title='bbox 2843 2739 2942 2793; x_wconf 83' lang='grc' dir='ltr'>οὐκ</span> <span class='ocrx_word' id='word_1_512' title='bbox 2971 2735 3038 2811; x_wconf 76' lang='grc' dir='ltr'>ἦν</span> <span class='ocrx_word' id='word_1_513' title='bbox 3069 2740 3191 2805; x_wconf 77' lang='grc' dir='ltr'>ἔθος</span> <span class='ocrx_word' id='word_1_514' title='bbox 3224 2740 3547 2811; x_wconf 72' lang='grc' dir='ltr'>’⁸86ραίοις,</span> <span class='ocrx_word' id='word_1_515' title='bbox 3608 2742 3736 2796; x_wconf 74' lang='grc' dir='ltr'><strong>οὐδὲ</strong></span> 
     </span>
    </p>
   </div>
   <div class='ocr_carea' id='block_1_73' title="bbox 2140 2830 3738 2902">
    <p class='ocr_par' dir='ltr' id='par_1_73' title="bbox 2140 2830 3738 2902">
     <span class='ocr_line' id='line_1_73' title="bbox 2140 2830 3738 2902; baseline 0 -18"><span class='ocrx_word' id='word_1_516' title='bbox 2140 2835 2206 2902; x_wconf 81' lang='grc' dir='ltr'>τῇ</span> <span class='ocrx_word' id='word_1_517' title='bbox 2241 2832 2362 2901; x_wconf 75' lang='grc' dir='ltr'>Θείᾳ</span> <span class='ocrx_word' id='word_1_518' title='bbox 2393 2831 2608 2901; x_wconf 74' lang='grc' dir='ltr'>Γραφῇ,</span> <span class='ocrx_word' id='word_1_519' title='bbox 2638 2830 3080 2899; x_wconf 81' lang='grc' dir='ltr'>γενεαλογείσοαι</span> <span class='ocrx_word' id='word_1_520' title='bbox 3109 2834 3375 2900; x_wconf 86' lang='grc' dir='ltr'>γυναῖκας</span> <span class='ocrx_word' id='word_1_521' title='bbox 3408 2845 3424 2861; x_wconf 78' lang='grc'><strong><em>⁸</em></strong></span> <span class='ocrx_word' id='word_1_522' title='bbox 3477 2832 3651 2900; x_wconf 83' lang='grc' dir='ltr'>νόμος</span> <span class='ocrx_word' id='word_1_523' title='bbox 3681 2832 3738 2884; x_wconf 68' lang='grc' dir='ltr'><strong>δὲ</strong></span> 
     </span>
    </p>
   </div>
   <div class='ocr_carea' id='block_1_74' title="bbox 2141 2918 3739 2993">
    <p class='ocr_par' dir='ltr' id='par_1_74' title="bbox 2141 2918 3739 2993">
     <span class='ocr_line' id='line_1_74' title="bbox 2141 2918 3739 2993; baseline -0.003 -20"><span class='ocrx_word' id='word_1_524' title='bbox 2141 2918 2208 2993; x_wconf 78' lang='grc' dir='ltr'>ἦν</span> <span class='ocrx_word' id='word_1_525' title='bbox 2245 2921 2321 2992; x_wconf 77' lang='grc' dir='ltr'><strong>μὴ</strong></span> <span class='ocrx_word' id='word_1_526' title='bbox 2360 2918 2758 2991; x_wconf 82' lang='grc' dir='ltr'>μνηστεύεσθαι</span> <span class='ocrx_word' id='word_1_527' title='bbox 2785 2921 2959 2990; x_wconf 81' lang='grc' dir='ltr'>φυλὴν</span> <span class='ocrx_word' id='word_1_528' title='bbox 2989 2921 3047 2986; x_wconf 78' lang='grc' dir='ltr'><strong>ἐξ</strong></span> <span class='ocrx_word' id='word_1_529' title='bbox 3097 2919 3289 2990; x_wconf 81' lang='grc' dir='ltr'>ἑτέρας</span> <span class='ocrx_word' id='word_1_530' title='bbox 3319 2918 3494 2989; x_wconf 79' lang='grc' dir='ltr'>φυλῆς</span> <span class='ocrx_word' id='word_1_531' title='bbox 3518 2935 3533 2949; x_wconf 77' lang='grc' dir='ltr'><strong><em>ο</em></strong></span> <span class='ocrx_word' id='word_1_532' title='bbox 3600 2920 3635 2970; x_wconf 83' lang='grc' dir='ltr'><strong>ὁ</strong></span> <span class='ocrx_word' id='word_1_533' title='bbox 3683 2918 3739 2969; x_wconf 75' lang='grc' dir='ltr'><strong>δὲ</strong></span> 
     </span>
    </p>
   </div>
   <div class='ocr_carea' id='block_1_75' title="bbox 2144 3009 3737 3084">
    <p class='ocr_par' dir='ltr' id='par_1_75' title="bbox 2144 3009 3737 3084">
     <span class='ocr_line' id='line_1_75' title="bbox 2144 3009 3737 3084; baseline -0.004 -17"><span class='ocrx_word' id='word_1_534' title='bbox 2144 3015 2342 3084; x_wconf 81' lang='grc' dir='ltr'><strong>Ἰωσὴφ</strong></span> <span class='ocrx_word' id='word_1_535' title='bbox 2395 3015 2460 3067; x_wconf 84' lang='grc' dir='ltr'>ὲκ</span> <span class='ocrx_word' id='word_1_536' title='bbox 2525 3011 2812 3066; x_wconf 83' lang='grc' dir='ltr'>Δαυῖτικοῦ</span> <span class='ocrx_word' id='word_1_537' title='bbox 2870 3013 3245 3082; x_wconf 81' lang='grc' dir='ltr'><strong>καταγόμενος</strong></span> <span class='ocrx_word' id='word_1_538' title='bbox 3290 3011 3486 3079; x_wconf 77' lang='grc' dir='ltr'>φύλου,</span> <span class='ocrx_word' id='word_1_539' title='bbox 3519 3009 3629 3062; x_wconf 79' lang='grc' dir='ltr'>καὶ</span> <span class='ocrx_word' id='word_1_540' title='bbox 3657 3009 3737 3062; x_wconf 75' lang='grc' dir='ltr'><strong>δὲ-</strong></span> 
     </span>
    </p>
   </div>
   <div class='ocr_carea' id='block_1_76' title="bbox 2145 3099 3736 3176">
    <p class='ocr_par' dir='ltr' id='par_1_76' title="bbox 2145 3099 3736 3176">
     <span class='ocr_line' id='line_1_76' title="bbox 2145 3099 3736 3176; baseline -0.005 -17"><span class='ocrx_word' id='word_1_541' title='bbox 2145 3123 2302 3168; x_wconf 88' lang='grc' dir='ltr'>καιος</span> <span class='ocrx_word' id='word_1_542' title='bbox 2335 3105 2594 3176; x_wconf 78' lang='grc' dir='ltr'><strong>ὑπάρχω-ι</strong></span> <span class='ocrx_word' id='word_1_543' title='bbox 2651 3102 2832 3172; x_wconf 86' lang='grc' dir='ltr'>(τοῦτο</span> <span class='ocrx_word' id='word_1_544' title='bbox 2861 3102 2969 3172; x_wconf 86' lang='grc' dir='ltr'>γὰρ</span> <span class='ocrx_word' id='word_1_545' title='bbox 3005 3103 3157 3173; x_wconf 81' lang='grc' dir='ltr'>αὐτῷ</span> <span class='ocrx_word' id='word_1_546' title='bbox 3183 3104 3454 3173; x_wconf 85' lang='grc' dir='ltr'>μαρτυρεί</span> <span class='ocrx_word' id='word_1_547' title='bbox 3480 3099 3540 3153; x_wconf 83' lang='grc' dir='ltr'><strong>τὸ</strong></span> <span class='ocrx_word' id='word_1_548' title='bbox 3593 3099 3736 3152; x_wconf 85' lang='grc' dir='ltr'><strong>Θείον</strong></span> 
     </span>
    </p>
   </div>
   <div class='ocr_carea' id='block_1_77' title="bbox 2145 3192 3735 3266">
    <p class='ocr_par' dir='ltr' id='par_1_77' title="bbox 2145 3192 3735 3266">
     <span class='ocr_line' id='line_1_77' title="bbox 2145 3192 3735 3266; baseline -0.004 -16"><span class='ocrx_word' id='word_1_549' title='bbox 2145 3196 2526 3266; x_wconf 82' lang='grc' dir='ltr'>Εὑαγγέλιον),</span> <span class='ocrx_word' id='word_1_550' title='bbox 2570 3197 2670 3248; x_wconf 78' lang='grc' dir='ltr'>οὐκ</span> <span class='ocrx_word' id='word_1_551' title='bbox 2705 3196 2770 3249; x_wconf 83' lang='grc' dir='ltr'>ἂν</span> <span class='ocrx_word' id='word_1_552' title='bbox 2792 3195 3124 3266; x_wconf 77' lang='grc' dir='ltr'>παρανόμως</span> <span class='ocrx_word' id='word_1_553' title='bbox 3165 3194 3263 3264; x_wconf 85' lang='grc' dir='ltr'><strong>τὴν</strong></span> <span class='ocrx_word' id='word_1_554' title='bbox 3293 3194 3456 3262; x_wconf 85' lang='grc' dir='ltr'>ἁγίαν</span> <span class='ocrx_word' id='word_1_555' title='bbox 3515 3192 3735 3262; x_wconf 72' lang='grc' dir='ltr'>Παρθέο</span> 
     </span>
    </p>
   </div>
   <div class='ocr_carea' id='block_1_78' title="bbox 2147 3283 3732 3357">
    <p class='ocr_par' dir='ltr' id='par_1_78' title="bbox 2147 3283 3732 3357">
     <span class='ocr_line' id='line_1_78' title="bbox 2147 3283 3732 3357; baseline -0.004 -17"><span class='ocrx_word' id='word_1_556' title='bbox 2147 3306 2235 3341; x_wconf 90' lang='grc' dir='ltr'><strong>νον</strong></span> <span class='ocrx_word' id='word_1_557' title='bbox 2264 3289 2346 3352; x_wconf 82' lang='grc' dir='ltr'>είς</span> <span class='ocrx_word' id='word_1_558' title='bbox 2382 3287 2682 3357; x_wconf 82' lang='grc' dir='ltr'>μνηστείαν</span> <span class='ocrx_word' id='word_1_559' title='bbox 2715 3297 2738 3323; x_wconf 75' lang='grc' dir='ltr'><strong><em>ι</em></strong></span> <span class='ocrx_word' id='word_1_560' title='bbox 2773 3287 3036 3357; x_wconf 72' lang='grc' dir='ltr'>ἠγάγετο,</span> <span class='ocrx_word' id='word_1_561' title='bbox 3065 3288 3114 3338; x_wconf 82' lang='grc' dir='ltr'><strong>εί</strong></span> <span class='ocrx_word' id='word_1_562' title='bbox 3149 3287 3224 3356; x_wconf 78' lang='grc' dir='ltr'><strong>μὴ</strong></span> <span class='ocrx_word' id='word_1_563' title='bbox 3284 3287 3349 3338; x_wconf 76' lang='grc' dir='ltr'>ἐκ</span> <span class='ocrx_word' id='word_1_564' title='bbox 3407 3283 3504 3337; x_wconf 81' lang='grc' dir='ltr'>τοῦ</span> <span class='ocrx_word' id='word_1_565' title='bbox 3557 3283 3732 3336; x_wconf 76' lang='grc' dir='ltr'>αὐτοῦ</span> 
     </span>
    </p>
   </div>
   <div class='ocr_carea' id='block_1_79' title="bbox 2149 3375 3730 3452">
    <p class='ocr_par' dir='ltr' id='par_1_79' title="bbox 2149 3375 3730 3452">
     <span class='ocr_line' id='line_1_79' title="bbox 2149 3375 3730 3452; baseline -0.003 -18"><span class='ocrx_word' id='word_1_566' title='bbox 2149 3381 2428 3452; x_wconf 83' lang='grc' dir='ltr'>σκήπτρου</span> <span class='ocrx_word' id='word_1_567' title='bbox 2461 3382 2755 3449; x_wconf 82' lang='grc' dir='ltr'>κατήγετο.</span> <span class='ocrx_word' id='word_1_568' title='bbox 2809 3378 3000 3444; x_wconf 79' lang='grc' dir='ltr'>Δείξας</span> <span class='ocrx_word' id='word_1_569' title='bbox 3051 3379 3232 3432; x_wconf 82' lang='grc' dir='ltr'>τοίνυν</span> <span class='ocrx_word' id='word_1_570' title='bbox 3274 3378 3336 3430; x_wconf 80' lang='grc' dir='ltr'>τὸ</span> <span class='ocrx_word' id='word_1_571' title='bbox 3385 3376 3480 3430; x_wconf 75' lang='grc' dir='ltr'><strong>τοῦ</strong></span> <span class='ocrx_word' id='word_1_572' title='bbox 3529 3375 3730 3445; x_wconf 50' lang='grc' dir='ltr'>Ἰωσὴξι</span> 
     </span>
    </p>
   </div>
   <div class='ocr_carea' id='block_1_80' title="bbox 2149 3470 2821 3542">
    <p class='ocr_par' dir='ltr' id='par_1_80' title="bbox 2149 3470 2821 3542">
     <span class='ocr_line' id='line_1_80' title="bbox 2149 3470 2821 3542; baseline -0.004 -15"><span class='ocrx_word' id='word_1_573' title='bbox 2149 3472 2518 3540; x_wconf 82' lang='grc' dir='ltr'>καταγώγιον,</span> <span class='ocrx_word' id='word_1_574' title='bbox 2552 3470 2821 3542; x_wconf 70' lang='grc' dir='ltr'>ἠρκέσθη.</span> 
     </span>
    </p>
   </div>
   <div class='ocr_carea' id='block_1_81' title="bbox 2219 3724 3729 3802">
    <p class='ocr_par' dir='ltr' id='par_1_81' title="bbox 2219 3724 3729 3802">
     <span class='ocr_line' id='line_1_81' title="bbox 2219 3724 3729 3802; baseline -0.003 -18"><span class='ocrx_word' id='word_1_575' title='bbox 2219 3730 2338 3800; x_wconf 75' lang='grc' dir='ltr'><strong>Χρὴ</strong></span> <span class='ocrx_word' id='word_1_576' title='bbox 2366 3731 2422 3784; x_wconf 82' lang='grc' dir='ltr'>δὲ</span> <span class='ocrx_word' id='word_1_577' title='bbox 2457 3729 2729 3783; x_wconf 71' lang='grc' dir='ltr'>καὶτοῦτο</span> <span class='ocrx_word' id='word_1_578' title='bbox 2753 3731 2952 3784; x_wconf 81' lang='grc' dir='ltr'>εἰδέναι</span> <span class='ocrx_word' id='word_1_579' title='bbox 2977 3729 3089 3802; x_wconf 83' lang='lat'><strong>(88)</strong></span> <span class='ocrx_word' id='word_1_580' title='bbox 3124 3731 3198 3793; x_wconf 82' lang='grc' dir='ltr'><strong>ὼς</strong></span> <span class='ocrx_word' id='word_1_581' title='bbox 3228 3730 3390 3800; x_wconf 81' lang='grc' dir='ltr'>νόμος</span> <span class='ocrx_word' id='word_1_582' title='bbox 3414 3724 3505 3800; x_wconf 76' lang='grc' dir='ltr'>ἦν,</span> <span class='ocrx_word' id='word_1_583' title='bbox 3534 3729 3729 3795; x_wconf 70' lang='grc' dir='ltr'>ἀγόνου</span> 
     </span>
    </p>
   </div>
   <div class='ocr_carea' id='block_1_82' title="bbox 2149 3819 3728 3892">
    <p class='ocr_par' dir='ltr' id='par_1_82' title="bbox 2149 3819 3728 3892">
     <span class='ocr_line' id='line_1_82' title="bbox 2149 3819 3728 3892; baseline -0.002 -18"><span class='ocrx_word' id='word_1_584' title='bbox 2149 3822 2340 3892; x_wconf 77' lang='grc' dir='ltr'>ἀνδρὸς</span> <span class='ocrx_word' id='word_1_585' title='bbox 2372 3821 2756 3888; x_wconf 84' lang='grc' dir='ltr'>τελευτῶντος,</span> <span class='ocrx_word' id='word_1_586' title='bbox 2788 3823 2879 3875; x_wconf 87' lang='grc' dir='ltr'><strong>τὸν</strong></span> <span class='ocrx_word' id='word_1_587' title='bbox 2923 3822 3112 3876; x_wconf 83' lang='grc' dir='ltr'>τούτου</span> <span class='ocrx_word' id='word_1_588' title='bbox 3168 3821 3418 3891; x_wconf 73' lang='grc' dir='ltr'><strong>ἀδελφὸν,</strong></span> <span class='ocrx_word' id='word_1_589' title='bbox 3479 3819 3582 3890; x_wconf 79' lang='grc' dir='ltr'><strong>τὴν</strong></span> <span class='ocrx_word' id='word_1_590' title='bbox 3643 3819 3728 3872; x_wconf 77' lang='grc' dir='ltr'><strong>τοῦ</strong></span> 
     </span>
    </p>
   </div>
   <div class='ocr_carea' id='block_1_83' title="bbox 2150 3914 3728 3989">
    <p class='ocr_par' dir='ltr' id='par_1_83' title="bbox 2150 3914 3728 3989">
     <span class='ocr_line' id='line_1_83' title="bbox 2150 3914 3728 3989; baseline -0.001 -23"><span class='ocrx_word' id='word_1_591' title='bbox 2150 3914 2598 3982; x_wconf 87' lang='grc' dir='ltr'>τετελευτηκότος</span> <span class='ocrx_word' id='word_1_592' title='bbox 2637 3914 2886 3985; x_wconf 84' lang='grc' dir='ltr'>γαμετὴν</span> <span class='ocrx_word' id='word_1_593' title='bbox 2918 3916 3054 3985; x_wconf 74' lang='grc' dir='ltr'>πρὸς</span> <span class='ocrx_word' id='word_1_594' title='bbox 3101 3914 3300 3989; x_wconf 48' lang='grc' dir='ltr'>γάμον.</span> <span class='ocrx_word' id='word_1_595' title='bbox 3336 3914 3601 3981; x_wconf 77' lang='grc' dir='ltr'>ἄγεσθαι,</span> <span class='ocrx_word' id='word_1_596' title='bbox 3646 3916 3728 3965; x_wconf 80' lang='grc' dir='ltr'>καὶ</span> 
     </span>
    </p>
   </div>
   <div class='ocr_carea' id='block_1_84' title="bbox 2148 4001 3724 4076">
    <p class='ocr_par' dir='ltr' id='par_1_84' title="bbox 2148 4001 3724 4076">
     <span class='ocr_line' id='line_1_84' title="bbox 2148 4001 3724 4076; baseline -0.002 -18"><span class='ocrx_word' id='word_1_597' title='bbox 2148 4005 2385 4076; x_wconf 83' lang='grc' dir='ltr'>ἐγείρειν</span> <span class='ocrx_word' id='word_1_598' title='bbox 2435 4005 2657 4076; x_wconf 84' lang='grc' dir='ltr'>σπέρμα</span> <span class='ocrx_word' id='word_1_599' title='bbox 2709 4005 2788 4074; x_wconf 82' lang='grc' dir='ltr'><strong>τῷ</strong></span> <span class='ocrx_word' id='word_1_600' title='bbox 2843 4005 3079 4075; x_wconf 82' lang='grc' dir='ltr'>ἀδελφῷ.</span> <span class='ocrx_word' id='word_1_601' title='bbox 3133 4005 3206 4058; x_wconf 83' lang='grc' dir='ltr'>Τὸ</span> <span class='ocrx_word' id='word_1_602' title='bbox 3248 4001 3342 4058; x_wconf 74' lang='grc' dir='ltr'>οὖν</span> <span class='ocrx_word' id='word_1_603' title='bbox 3390 4007 3724 4076; x_wconf 76' lang='grc' dir='ltr'>τικτόμενον,</span> 
     </span>
    </p>
   </div>
   <div class='ocr_carea' id='block_1_85' title="bbox 2149 4098 3726 4170">
    <p class='ocr_par' dir='ltr' id='par_1_85' title="bbox 2149 4098 3726 4170">
     <span class='ocr_line' id='line_1_85' title="bbox 2149 4098 3726 4170; baseline 0 -18"><span class='ocrx_word' id='word_1_604' title='bbox 2149 4098 2292 4154; x_wconf 81' lang='grc' dir='ltr'>κατὰ</span> <span class='ocrx_word' id='word_1_605' title='bbox 2319 4099 2479 4168; x_wconf 78' lang='grc' dir='ltr'>φύσιν</span> <span class='ocrx_word' id='word_1_606' title='bbox 2515 4099 2635 4167; x_wconf 78' lang='grc' dir='ltr'>μὲν,</span> <span class='ocrx_word' id='word_1_607' title='bbox 2660 4099 2755 4151; x_wconf 82' lang='grc' dir='ltr'>τοῦ</span> <span class='ocrx_word' id='word_1_608' title='bbox 2787 4098 3063 4168; x_wconf 84' lang='grc' dir='ltr'>δευτέρου,</span> <span class='ocrx_word' id='word_1_609' title='bbox 3089 4099 3207 4169; x_wconf 69' lang='grc' dir='ltr'>ἦτοι</span> <span class='ocrx_word' id='word_1_610' title='bbox 3255 4098 3349 4150; x_wconf 76' lang='grc' dir='ltr'><strong>τοῦ</strong></span> <span class='ocrx_word' id='word_1_611' title='bbox 3403 4099 3726 4170; x_wconf 80' lang='grc' dir='ltr'>γεγεννηκό-</span> 
     </span>
    </p>
   </div>
   <div class='ocr_carea' id='block_1_86' title="bbox 2150 4187 3488 4262">
    <p class='ocr_par' dir='ltr' id='par_1_86' title="bbox 2150 4187 3488 4262">
     <span class='ocr_line' id='line_1_86' title="bbox 2150 4187 3488 4262; baseline -0.001 -17"><span class='ocrx_word' id='word_1_612' title='bbox 2150 4209 2240 4254; x_wconf 83' lang='grc' dir='ltr'><strong>τος</strong></span> <span class='ocrx_word' id='word_1_613' title='bbox 2265 4187 2355 4262; x_wconf 77' lang='grc' dir='ltr'>ἦν,</span> <span class='ocrx_word' id='word_1_614' title='bbox 2391 4190 2532 4245; x_wconf 76' lang='grc' dir='ltr'>κατὰ</span> <span class='ocrx_word' id='word_1_615' title='bbox 2551 4190 2608 4244; x_wconf 81' lang='grc' dir='ltr'><strong>δὲ</strong></span> <span class='ocrx_word' id='word_1_616' title='bbox 2632 4191 2818 4260; x_wconf 87' lang='grc' dir='ltr'>νόμον,</span> <span class='ocrx_word' id='word_1_617' title='bbox 2841 4189 2937 4244; x_wconf 79' lang='grc' dir='ltr'><strong>τοῦ</strong></span> <span class='ocrx_word' id='word_1_618' title='bbox 2963 4191 3413 4256; x_wconf 85' lang='grc' dir='ltr'>τετελευτηκότος</span> <span class='ocrx_word' id='word_1_619' title='bbox 3437 4202 3488 4244; x_wconf 82' lang='grc' dir='ltr'>ι.</span> 
     </span>
    </p>
   </div>
   <div class='ocr_carea' id='block_1_87' title="bbox 543 4360 2035 4442">
    <p class='ocr_par' dir='ltr' id='par_1_87' title="bbox 543 4360 2035 4432">
     <span class='ocr_line' id='line_1_87' title="bbox 543 4360 2035 4432; baseline 0.001 -18"><span class='ocrx_word' id='word_1_620' title='bbox 543 4360 744 4414; x_wconf 81' lang='lat' dir='ltr'><strong>Christi</strong></span> <span class='ocrx_word' id='word_1_621' title='bbox 771 4363 976 4431; x_wconf 84' lang='lat' dir='ltr'><strong>generis</strong></span> <span class='ocrx_word' id='word_1_622' title='bbox 1022 4363 1185 4415; x_wconf 87' lang='lat' dir='ltr'><strong>ratio.</strong></span> <span class='ocrx_word' id='word_1_623' title='bbox 1207 4389 1275 4401; x_wconf 84' lang='lat'><strong>-—-</strong></span> <span class='ocrx_word' id='word_1_624' title='bbox 1299 4360 1472 4426; x_wconf 72' lang='lat' dir='ltr'><strong>Igitur</strong></span> <span class='ocrx_word' id='word_1_625' title='bbox 1520 4378 1586 4416; x_wconf 83' lang='lat' dir='ltr'><strong>ex</strong></span> <span class='ocrx_word' id='word_1_626' title='bbox 1623 4363 1800 4432; x_wconf 84' lang='lat' dir='ltr'><strong>stirpe</strong></span> <span class='ocrx_word' id='word_1_627' title='bbox 1826 4362 2035 4416; x_wconf 81' lang='lat' dir='ltr'><strong>Nathan</strong></span> 
     </span>
    </p>
   </div>
   <div class='ocr_carea' id='block_1_88' title="bbox 2144 4360 3730 4442">
    <p class='ocr_par' dir='ltr' id='par_1_88' title="bbox 2203 4365 3730 4436">
     <span class='ocr_line' id='line_1_88' title="bbox 2203 4365 3730 4436; baseline -0.002 -16"><span class='ocrx_word' id='word_1_628' title='bbox 2203 4368 2317 4420; x_wconf 67' lang='lat' dir='ltr'><strong>&quot;Ex</strong></span> <span class='ocrx_word' id='word_1_629' title='bbox 2330 4367 2429 4436; x_wconf 84' lang='grc' dir='ltr'>τῆς</span> <span class='ocrx_word' id='word_1_630' title='bbox 2443 4368 2632 4436; x_wconf 76' lang='grc' dir='ltr'>σειρᾶς</span> <span class='ocrx_word' id='word_1_631' title='bbox 2647 4367 2826 4419; x_wconf 85' lang='grc' dir='ltr'>τοίνυν</span> <span class='ocrx_word' id='word_1_632' title='bbox 2843 4365 2938 4420; x_wconf 80' lang='grc' dir='ltr'>τοῦ</span> <span class='ocrx_word' id='word_1_633' title='bbox 2961 4366 3142 4420; x_wconf 82' lang='grc' dir='ltr'>Νάθαν</span> <span class='ocrx_word' id='word_1_634' title='bbox 3158 4366 3388 4434; x_wconf 73' lang='grc' dir='ltr'><strong>τοῦυῑοῦ</strong></span> <span class='ocrx_word' id='word_1_635' title='bbox 3409 4366 3602 4428; x_wconf 71' lang='grc' dir='ltr'>Δαδιδ,</span> <span class='ocrx_word' id='word_1_636' title='bbox 3619 4383 3730 4434; x_wconf 68' lang='grc' dir='ltr'>γενς</span> 
     </span>
    </p>
   </div>
   <div class='ocr_carea' id='block_1_89' title="bbox 473 4451 2049 4524">
    <p class='ocr_par' dir='ltr' id='par_1_89' title="bbox 473 4451 2049 4524">
     <span class='ocr_line' id='line_1_89' title="bbox 473 4451 2049 4524; baseline 0.002 -19"><span class='ocrx_word' id='word_1_637' title='bbox 473 4451 566 4506; x_wconf 78' lang='lat' dir='ltr'><strong>ﬁlii</strong></span> <span class='ocrx_word' id='word_1_638' title='bbox 593 4453 784 4518; x_wconf 88' lang='lat' dir='ltr'><strong>David,</strong></span> <span class='ocrx_word' id='word_1_639' title='bbox 829 4455 1078 4509; x_wconf 87' lang='lat' dir='ltr'><strong>nascitur</strong></span> <span class='ocrx_word' id='word_1_640' title='bbox 1128 4453 1279 4508; x_wconf 85' lang='lat' dir='ltr'><strong>Levi.</strong></span> <span class='ocrx_word' id='word_1_641' title='bbox 1318 4453 1445 4507; x_wconf 85' lang='lat' dir='ltr'><strong>Levi</strong></span> <span class='ocrx_word' id='word_1_642' title='bbox 1501 4455 1692 4524; x_wconf 79' lang='lat' dir='ltr'><strong>genuit</strong></span> <span class='ocrx_word' id='word_1_643' title='bbox 1740 4455 1937 4509; x_wconf 83' lang='lat' dir='ltr'><strong>Melclti</strong></span> <span class='ocrx_word' id='word_1_644' title='bbox 1993 4467 2049 4510; x_wconf 88' lang='lat' dir='ltr'><strong>et</strong></span> 
     </span>
    </p>
   </div>
   <div class='ocr_carea' id='block_1_90' title="bbox 553 4567 1821 4636">
    <p class='ocr_par' dir='ltr' id='par_1_90' title="bbox 553 4567 1821 4636">
     <span class='ocr_line' id='line_1_90' title="bbox 553 4567 1821 4636; baseline 0.003 -15"><span class='ocrx_word' id='word_1_645' title='bbox 553 4569 597 4600; x_wconf 78' lang='lat'>“</span> <span class='ocrx_word' id='word_1_646' title='bbox 639 4567 782 4624; x_wconf 84' lang='lat' dir='ltr'><strong>Psal.</strong></span> <span class='ocrx_word' id='word_1_647' title='bbox 815 4583 1003 4634; x_wconf 68' lang='lat' dir='ltr'><strong>cum,</strong></span> <span class='ocrx_word' id='word_1_648' title='bbox 1038 4570 1128 4624; x_wconf 80' lang='lat' dir='ltr'><strong>ll.</strong></span> <span class='ocrx_word' id='word_1_649' title='bbox 1162 4569 1206 4601; x_wconf 80' lang='grc'>⁸³</span> <span class='ocrx_word' id='word_1_650' title='bbox 1233 4568 1381 4623; x_wconf 80' lang='lat' dir='ltr'><strong>Psal.</strong></span> <span class='ocrx_word' id='word_1_651' title='bbox 1432 4583 1694 4636; x_wconf 74' lang='lat' dir='ltr'><strong>Lxxxvm,</strong></span> <span class='ocrx_word' id='word_1_652' title='bbox 1730 4570 1821 4625; x_wconf 81' lang='grc'><strong>56.</strong></span> 
     </span>
    </p>
   </div>
   <div class='ocr_carea' id='block_1_91' title="bbox 2153 4454 3728 4546">
    <p class='ocr_par' dir='ltr' id='par_1_91' title="bbox 2153 4454 3728 4546">
     <span class='ocr_line' id='line_1_91' title="bbox 2153 4454 3728 4546; baseline -0.003 -37"><span class='ocrx_word' id='word_1_653' title='bbox 2153 4456 2337 4527; x_wconf 74' lang='grc' dir='ltr'>νηθεὶς</span> <span class='ocrx_word' id='word_1_654' title='bbox 2359 4456 2488 4510; x_wconf 72' lang='grc' dir='ltr'>Λευϊ</span> <span class='ocrx_word' id='word_1_655' title='bbox 2501 4457 2759 4525; x_wconf 78' lang='grc' dir='ltr'>ἐγέννησε</span> <span class='ocrx_word' id='word_1_656' title='bbox 2787 4455 2878 4507; x_wconf 85' lang='grc' dir='ltr'><strong>τὸν</strong></span> <span class='ocrx_word' id='word_1_657' title='bbox 2906 4455 3079 4525; x_wconf 65' lang='grc' dir='ltr'>Μελχὶ</span> <span class='ocrx_word' id='word_1_658' title='bbox 3092 4454 3204 4524; x_wconf 86' lang='grc'><strong>(89)</strong></span> <span class='ocrx_word' id='word_1_659' title='bbox 3225 4456 3318 4508; x_wconf 69' lang='lat' dir='ltr'><strong>xal</strong></span> <span class='ocrx_word' id='word_1_660' title='bbox 3333 4455 3425 4506; x_wconf 86' lang='grc' dir='ltr'><strong>τδν</strong></span> <span class='ocrx_word' id='word_1_661' title='bbox 3447 4455 3728 4546; x_wconf 50' lang='grc' dir='ltr'>Πάνθηορι·</span> 
     </span>
    </p>
   </div>
   <div class='ocr_carea' id='block_1_92' title="bbox 1910 4566 3570 4642">
    <p class='ocr_par' dir='ltr' id='par_1_92' title="bbox 1910 4566 3570 4642">
     <span class='ocr_line' id='line_1_92' title="bbox 1910 4566 3570 4642; baseline -0.001 -18"><span class='ocrx_word' id='word_1_662' title='bbox 1910 4571 2166 4636; x_wconf 66' lang='grc' dir='ltr'>εδιειωιι,</span> <span class='ocrx_word' id='word_1_663' title='bbox 2208 4573 2260 4625; x_wconf 75' lang='grc'>1.</span> <span class='ocrx_word' id='word_1_664' title='bbox 2303 4566 2314 4579; x_wconf 94' lang='grc'><strong>’</strong></span> <span class='ocrx_word' id='word_1_665' title='bbox 2343 4572 2388 4603; x_wconf 77' lang='grc'><strong>⁸⁵</strong></span> <span class='ocrx_word' id='word_1_666' title='bbox 2419 4569 2581 4625; x_wconf 89' lang='lat' dir='ltr'><strong>Num.</strong></span> <span class='ocrx_word' id='word_1_667' title='bbox 2609 4586 2798 4635; x_wconf 73' lang='lat' dir='ltr'><strong>nm,</strong></span> <span class='ocrx_word' id='word_1_668' title='bbox 2829 4572 2863 4625; x_wconf 84' lang='lat'><strong>6</strong></span> <span class='ocrx_word' id='word_1_669' title='bbox 2895 4587 3052 4642; x_wconf 88' lang='lat' dir='ltr'><strong>seqq.</strong></span> <span class='ocrx_word' id='word_1_670' title='bbox 3095 4572 3141 4604; x_wconf 85' lang='grc'><strong>⁶⁶</strong></span> <span class='ocrx_word' id='word_1_671' title='bbox 3173 4571 3331 4626; x_wconf 89' lang='lat' dir='ltr'><strong>Deut.</strong></span> <span class='ocrx_word' id='word_1_672' title='bbox 3358 4585 3488 4634; x_wconf 76' lang='lat' dir='ltr'><strong>xxv,</strong></span> <span class='ocrx_word' id='word_1_673' title='bbox 3512 4570 3570 4624; x_wconf 82' lang='lat'><strong>5.</strong></span> 
     </span>
    </p>
   </div>
   <div class='ocr_carea' id='block_1_93' title="bbox 1719 4709 2421 4766">
    <p class='ocr_par' dir='ltr' id='par_1_93' title="bbox 1719 4709 2421 4766">
     <span class='ocr_line' id='line_1_93' title="bbox 1719 4709 2421 4766; baseline 0.003 -4"><span class='ocrx_word' id='word_1_674' title='bbox 1719 4709 1956 4764; x_wconf 68' lang='lat' dir='ltr'><strong>VARI/13</strong></span> <span class='ocrx_word' id='word_1_675' title='bbox 2013 4709 2421 4766; x_wconf 78' lang='lat' dir='ltr'><strong>LECTIONES.</strong></span> 
     </span>
    </p>
   </div>
   <div class='ocr_carea' id='block_1_94' title="bbox 543 4797 2829 4871">
    <p class='ocr_par' dir='ltr' id='par_1_94' title="bbox 543 4797 2829 4871">
     <span class='ocr_line' id='line_1_94' title="bbox 543 4797 2829 4871; baseline 0.002 -21"><span class='ocrx_word' id='word_1_676' title='bbox 543 4811 569 4837; x_wconf 75' lang='grc' dir='ltr'><strong>ν</strong></span> <span class='ocrx_word' id='word_1_677' title='bbox 593 4797 745 4871; x_wconf 72' lang='lat' dir='ltr'><strong>Multi</strong></span> <span class='ocrx_word' id='word_1_678' title='bbox 771 4799 932 4871; x_wconf 75' lang='lat' dir='ltr'><strong>codd.</strong></span> <span class='ocrx_word' id='word_1_679' title='bbox 968 4807 1018 4855; x_wconf 86' lang='lat' dir='ltr'><strong>et</strong></span> <span class='ocrx_word' id='word_1_680' title='bbox 1053 4799 1225 4854; x_wconf 86' lang='lat' dir='ltr'><strong>biblia</strong></span> <span class='ocrx_word' id='word_1_681' title='bbox 1244 4798 1462 4871; x_wconf 76' lang='lat' dir='ltr'><strong>Sixtina</strong></span> <span class='ocrx_word' id='word_1_682' title='bbox 1497 4800 1688 4868; x_wconf 73' lang='grc' dir='ltr'>αὐτὴν.</span> <span class='ocrx_word' id='word_1_683' title='bbox 1767 4809 1793 4836; x_wconf 75' lang='grc' dir='ltr'><strong><em>ι</em></strong></span> <span class='ocrx_word' id='word_1_684' title='bbox 1830 4802 1958 4871; x_wconf 77' lang='lat' dir='ltr'><strong>Reg.</strong></span> <span class='ocrx_word' id='word_1_685' title='bbox 1997 4803 2058 4865; x_wconf 82' lang='lat'><strong>9,</strong></span> <span class='ocrx_word' id='word_1_686' title='bbox 2092 4803 2247 4856; x_wconf 80' lang='lat' dir='ltr'><strong>Colb.</strong></span> <span class='ocrx_word' id='word_1_687' title='bbox 2289 4803 2325 4855; x_wconf 74' lang='grc'>2</span> <span class='ocrx_word' id='word_1_688' title='bbox 2353 4809 2407 4857; x_wconf 90' lang='lat' dir='ltr'><strong>et</strong></span> <span class='ocrx_word' id='word_1_689' title='bbox 2446 4800 2513 4855; x_wconf 77' lang='grc' dir='ltr'>Ν.</span> <span class='ocrx_word' id='word_1_690' title='bbox 2541 4801 2829 4855; x_wconf 81' lang='grc' dir='ltr'>Δαυῖτικοῦ</span> 
     </span>
    </p>
   </div>
   <div class='ocr_carea' id='block_1_95' title="bbox 476 4869 3430 4941">
    <p class='ocr_par' dir='ltr' id='par_1_95' title="bbox 476 4869 3430 4941">
     <span class='ocr_line' id='line_1_95' title="bbox 476 4869 3430 4941; baseline 0.001 -18"><span class='ocrx_word' id='word_1_691' title='bbox 476 4878 568 4924; x_wconf 86' lang='lat' dir='ltr'><strong>tur</strong></span> <span class='ocrx_word' id='word_1_692' title='bbox 594 4870 650 4941; x_wconf 82' lang='lat' dir='ltr'><strong>in</strong></span> <span class='ocrx_word' id='word_1_693' title='bbox 680 4869 944 4941; x_wconf 71' lang='lat'><strong>“.2930;</strong></span> <span class='ocrx_word' id='word_1_694' title='bbox 981 4872 1061 4924; x_wconf 90' lang='lat' dir='ltr'><strong>sic</strong></span> <span class='ocrx_word' id='word_1_695' title='bbox 1095 4878 1149 4941; x_wconf 87' lang='lat' dir='ltr'><strong>et</strong></span> <span class='ocrx_word' id='word_1_696' title='bbox 1175 4869 1315 4941; x_wconf 77' lang='lat' dir='ltr'><strong>infra</strong></span> <span class='ocrx_word' id='word_1_697' title='bbox 1351 4871 1597 4941; x_wconf 86' lang='lat' dir='ltr'><strong>loquitur</strong></span> <span class='ocrx_word' id='word_1_698' title='bbox 1635 4869 2034 4927; x_wconf 61' lang='lat' dir='ltr'><strong>Damam-enus.</strong></span> <span class='ocrx_word' id='word_1_699' title='bbox 2109 4882 2138 4920; x_wconf 71' lang='grc' dir='ltr'><strong><em>γ</em></strong></span> <span class='ocrx_word' id='word_1_700' title='bbox 2171 4873 2327 4924; x_wconf 79' lang='lat' dir='ltr'><strong>Edita</strong></span> <span class='ocrx_word' id='word_1_701' title='bbox 2358 4883 2410 4926; x_wconf 91' lang='lat' dir='ltr'><strong>et</strong></span> <span class='ocrx_word' id='word_1_702' title='bbox 2433 4873 2691 4926; x_wconf 89' lang='lat' dir='ltr'><strong>nonnulli</strong></span> <span class='ocrx_word' id='word_1_703' title='bbox 2723 4869 2942 4928; x_wconf 80' lang='lat' dir='ltr'><strong>codices</strong></span> <span class='ocrx_word' id='word_1_704' title='bbox 2973 4875 3176 4928; x_wconf 86' lang='lat' dir='ltr'><strong>habent</strong></span> <span class='ocrx_word' id='word_1_705' title='bbox 3222 4873 3312 4926; x_wconf 78' lang='grc' dir='ltr'><strong>καὶ</strong></span> <span class='ocrx_word' id='word_1_706' title='bbox 3352 4875 3430 4941; x_wconf 85' lang='grc' dir='ltr'><strong>ἅμ</strong></span> 
     </span>
    </p>
   </div>
   <div class='ocr_carea' id='block_1_96' title="bbox 2873 4802 3724 4872">
    <p class='ocr_par' dir='ltr' id='par_1_96' title="bbox 2873 4802 3724 4872">
     <span class='ocr_line' id='line_1_96' title="bbox 2873 4802 3724 4872; baseline -0.005 -16"><span class='ocrx_word' id='word_1_707' title='bbox 2873 4803 3065 4872; x_wconf 78' lang='grc' dir='ltr'>φύλου.</span> <span class='ocrx_word' id='word_1_708' title='bbox 3109 4803 3188 4857; x_wconf 88' lang='lat' dir='ltr'><strong>lta</strong></span> <span class='ocrx_word' id='word_1_709' title='bbox 3219 4802 3576 4858; x_wconf 76' lang='lat' dir='ltr'><strong>emendatum</strong></span> <span class='ocrx_word' id='word_1_710' title='bbox 3610 4802 3724 4870; x_wconf 75' lang='lat' dir='ltr'><strong>legi-</strong></span> 
     </span>
    </p>
   </div>
   <div class='ocr_carea' id='block_1_97' title="bbox 3433 4874 3721 4941">
    <p class='ocr_par' dir='ltr' id='par_1_97' title="bbox 3433 4874 3721 4941">
     <span class='ocr_line' id='line_1_97' title="bbox 3433 4874 3721 4941; baseline -0.003 -16"><span class='ocrx_word' id='word_1_711' title='bbox 3433 4875 3563 4941; x_wconf 73' lang='grc' dir='ltr'>φότ.</span> <span class='ocrx_word' id='word_1_712' title='bbox 3617 4874 3721 4940; x_wconf 88' lang='lat' dir='ltr'><strong>qui-</strong></span> 
     </span>
    </p>
   </div>
   <div class='ocr_carea' id='block_1_98' title="bbox 473 4937 3724 5014">
    <p class='ocr_par' dir='ltr' id='par_1_98' title="bbox 473 4937 3724 5014">
     <span class='ocr_line' id='line_1_98' title="bbox 473 4937 3724 5014; baseline 0 -21"><span class='ocrx_word' id='word_1_713' title='bbox 473 4942 596 5014; x_wconf 73' lang='lat' dir='ltr'><strong>dam</strong></span> <span class='ocrx_word' id='word_1_714' title='bbox 623 4939 793 5014; x_wconf 69' lang='lat' dir='ltr'><strong>llegii</strong></span> <span class='ocrx_word' id='word_1_715' title='bbox 809 4940 1003 5014; x_wconf 73' lang='grc' dir='ltr'>οὐδεὶς,</span> <span class='ocrx_word' id='word_1_716' title='bbox 1030 4940 1164 4992; x_wconf 75' lang='grc' dir='ltr'>ἀλλὰ</span> <span class='ocrx_word' id='word_1_717' title='bbox 1194 4940 1288 4992; x_wconf 78' lang='grc' dir='ltr'><strong>καὶ</strong></span> <span class='ocrx_word' id='word_1_718' title='bbox 1313 4937 1636 5009; x_wconf 58' lang='grc' dir='ltr'>ἁμῷότεροι.</span> <span class='ocrx_word' id='word_1_719' title='bbox 1717 4950 1738 4978; x_wconf 78' lang='grc' dir='ltr'>ι</span> <span class='ocrx_word' id='word_1_720' title='bbox 1773 4941 1927 4994; x_wconf 80' lang='lat' dir='ltr'><strong>Multi</strong></span> <span class='ocrx_word' id='word_1_721' title='bbox 1964 4941 2128 4995; x_wconf 88' lang='lat' dir='ltr'><strong>codd.</strong></span> <span class='ocrx_word' id='word_1_722' title='bbox 2165 4942 2302 5012; x_wconf 78' lang='grc' dir='ltr'>πρὸς</span> <span class='ocrx_word' id='word_1_723' title='bbox 2336 4943 2658 5013; x_wconf 82' lang='grc' dir='ltr'>μνηστείαν.</span> <span class='ocrx_word' id='word_1_724' title='bbox 2737 4953 2764 4982; x_wconf 71' lang='grc' dir='ltr'><strong>α</strong></span> <span class='ocrx_word' id='word_1_725' title='bbox 2803 4943 2940 4998; x_wconf 89' lang='lat' dir='ltr'><strong>Cod.</strong></span> <span class='ocrx_word' id='word_1_726' title='bbox 2972 4943 3030 4998; x_wconf 90' lang='lat' dir='ltr'><strong>S.</strong></span> <span class='ocrx_word' id='word_1_727' title='bbox 3067 4943 3176 4998; x_wconf 82' lang='lat' dir='ltr'><strong>llil.</strong></span> <span class='ocrx_word' id='word_1_728' title='bbox 3211 4942 3362 5014; x_wconf 80' lang='lat' dir='ltr'><strong>Regii</strong></span> <span class='ocrx_word' id='word_1_729' title='bbox 3393 4937 3643 5014; x_wconf 79' lang='lat' dir='ltr'><strong>plerique</strong></span> <span class='ocrx_word' id='word_1_730' title='bbox 3678 4949 3724 4995; x_wconf 86' lang='lat' dir='ltr'><strong>et</strong></span> 
     </span>
    </p>
   </div>
   <div class='ocr_carea' id='block_1_99' title="bbox 473 5009 1159 5080">
    <p class='ocr_par' dir='ltr' id='par_1_99' title="bbox 473 5009 1159 5080">
     <span class='ocr_line' id='line_1_99' title="bbox 473 5009 1159 5080; baseline -0.003 -16"><span class='ocrx_word' id='word_1_731' title='bbox 473 5011 629 5064; x_wconf 84' lang='lat' dir='ltr'><strong>Colb.</strong></span> <span class='ocrx_word' id='word_1_732' title='bbox 662 5009 695 5062; x_wconf 76' lang='grc'>2</span> <span class='ocrx_word' id='word_1_733' title='bbox 719 5009 1159 5080; x_wconf 81' lang='grc' dir='ltr'>τελευτήσαντος.</span> 
     </span>
    </p>
   </div>
   <div class='ocr_carea' id='block_1_100' title="bbox 1987 5131 2218 5188">
    <p class='ocr_par' dir='ltr' id='par_1_100' title="bbox 1987 5131 2218 5188">
     <span class='ocr_line' id='line_1_100' title="bbox 1987 5131 2218 5188; baseline 0 -2"><span class='ocrx_word' id='word_1_734' title='bbox 1987 5131 2218 5188; x_wconf 68' lang='lat' dir='ltr'><strong>NOTAE.</strong></span> 
     </span>
    </p>
   </div>
   <div class='ocr_carea' id='block_1_101' title="bbox 545 5215 2054 5292">
    <p class='ocr_par' dir='ltr' id='par_1_101' title="bbox 545 5215 2054 5292">
     <span class='ocr_line' id='line_1_101' title="bbox 545 5215 2054 5292; baseline 0.004 -22"><span class='ocrx_word' id='word_1_735' title='bbox 545 5215 806 5292; x_wconf 66' lang='lat' dir='ltr'><strong>(88)_Xp_h</strong></span> <span class='ocrx_word' id='word_1_736' title='bbox 840 5219 908 5271; x_wconf 81' lang='grc' dir='ltr'><strong>δὲ</strong></span> <span class='ocrx_word' id='word_1_737' title='bbox 942 5219 1038 5273; x_wconf 76' lang='grc' dir='ltr'>καὶ</span> <span class='ocrx_word' id='word_1_738' title='bbox 1065 5221 1248 5292; x_wconf 67' lang='grc' dir='ltr'>τοῦτο</span> <span class='ocrx_word' id='word_1_739' title='bbox 1279 5221 1523 5292; x_wconf 68' lang='grc' dir='ltr'>εἶδέν-αι.</span> <span class='ocrx_word' id='word_1_740' title='bbox 1561 5222 1702 5288; x_wconf 84' lang='lat' dir='ltr'><strong>Quin</strong></span> <span class='ocrx_word' id='word_1_741' title='bbox 1739 5221 1874 5274; x_wconf 83' lang='lat' dir='ltr'><strong>illud</strong></span> <span class='ocrx_word' id='word_1_742' title='bbox 1921 5239 2054 5292; x_wconf 81' lang='lat' dir='ltr'><strong>quo-</strong></span> 
     </span>
    </p>
   </div>
   <div class='ocr_carea' id='block_1_102' title="bbox 474 5288 2053 5360">
    <p class='ocr_par' dir='ltr' id='par_1_102' title="bbox 474 5288 2053 5360">
     <span class='ocr_line' id='line_1_102' title="bbox 474 5288 2053 5360; baseline 0.004 -22"><span class='ocrx_word' id='word_1_743' title='bbox 474 5301 572 5354; x_wconf 80' lang='lat' dir='ltr'><strong>que</strong></span> <span class='ocrx_word' id='word_1_744' title='bbox 595 5288 888 5354; x_wconf 84' lang='lat' dir='ltr'><strong>sciendum,</strong></span> <span class='ocrx_word' id='word_1_745' title='bbox 917 5300 1023 5344; x_wconf 84' lang='lat' dir='ltr'><strong>etc.</strong></span> <span class='ocrx_word' id='word_1_746' title='bbox 1057 5290 1146 5344; x_wconf 89' lang='lat' dir='ltr'><strong>Sic</strong></span> <span class='ocrx_word' id='word_1_747' title='bbox 1197 5295 1360 5360; x_wconf 78' lang='lat' dir='ltr'><strong>vulgo</strong></span> <span class='ocrx_word' id='word_1_748' title='bbox 1411 5291 1602 5346; x_wconf 84' lang='lat' dir='ltr'><strong>Patres</strong></span> <span class='ocrx_word' id='word_1_749' title='bbox 1653 5288 2053 5346; x_wconf 77' lang='lat' dir='ltr'><strong>dissonantiam</strong></span> 
     </span>
    </p>
   </div>
   <div class='ocr_carea' id='block_1_103' title="bbox 475 5360 2053 5427">
    <p class='ocr_par' dir='ltr' id='par_1_103' title="bbox 475 5360 2053 5427">
     <span class='ocr_line' id='line_1_103' title="bbox 475 5360 2053 5427; baseline 0.004 -18"><span class='ocrx_word' id='word_1_750' title='bbox 475 5360 936 5427; x_wconf 78' lang='lat' dir='ltr'><strong>cvangelistarum</strong></span> <span class='ocrx_word' id='word_1_751' title='bbox 993 5362 1190 5414; x_wconf 87' lang='lat' dir='ltr'><strong>seriem</strong></span> <span class='ocrx_word' id='word_1_752' title='bbox 1241 5377 1466 5414; x_wconf 73' lang='lat' dir='ltr'><strong>awrum</strong></span> <span class='ocrx_word' id='word_1_753' title='bbox 1519 5363 1731 5416; x_wconf 85' lang='lat' dir='ltr'><strong>Domini</strong></span> <span class='ocrx_word' id='word_1_754' title='bbox 1786 5377 2053 5416; x_wconf 87' lang='lat' dir='ltr'><strong>enarran-</strong></span> 
     </span>
    </p>
   </div>
   <div class='ocr_carea' id='block_1_104' title="bbox 477 5427 2056 5502">
    <p class='ocr_par' dir='ltr' id='par_1_104' title="bbox 477 5427 2056 5502">
     <span class='ocr_line' id='line_1_104' title="bbox 477 5427 2056 5502; baseline 0.004 -25"><span class='ocrx_word' id='word_1_755' title='bbox 477 5427 614 5502; x_wconf 82' lang='lat' dir='ltr'><strong>_tiu_m</strong></span> <span class='ocrx_word' id='word_1_756' title='bbox 647 5430 945 5502; x_wconf 71' lang='lat' dir='ltr'><strong>explicant.</strong></span> <span class='ocrx_word' id='word_1_757' title='bbox 979 5441 1036 5483; x_wconf 90' lang='lat' dir='ltr'><strong>ut</strong></span> <span class='ocrx_word' id='word_1_758' title='bbox 1059 5431 1195 5483; x_wconf 87' lang='lat' dir='ltr'><strong>alter</strong></span> <span class='ocrx_word' id='word_1_759' title='bbox 1218 5429 1440 5499; x_wconf 83' lang='lat' dir='ltr'><strong>Josephi</strong></span> <span class='ocrx_word' id='word_1_760' title='bbox 1488 5434 1793 5502; x_wconf 78' lang='lat' dir='ltr'><strong>naturalem</strong></span> <span class='ocrx_word' id='word_1_761' title='bbox 1848 5442 2056 5502; x_wconf 88' lang='lat' dir='ltr'><strong>patrem</strong></span> 
     </span>
    </p>
   </div>
   <div class='ocr_carea' id='block_1_105' title="bbox 479 5496 2059 5570">
    <p class='ocr_par' dir='ltr' id='par_1_105' title="bbox 479 5496 2059 5570">
     <span class='ocr_line' id='line_1_105' title="bbox 479 5496 2059 5570; baseline 0.005 -25"><span class='ocrx_word' id='word_1_762' title='bbox 479 5496 849 5570; x_wconf 60' lang='lat' dir='ltr'><strong>intlicat&#39;térit;</strong></span> <span class='ocrx_word' id='word_1_763' title='bbox 883 5502 1017 5552; x_wconf 87' lang='lat' dir='ltr'><strong>alter</strong></span> <span class='ocrx_word' id='word_1_764' title='bbox 1049 5502 1296 5568; x_wconf 80' lang='lat' dir='ltr'><strong>legalem.</strong></span> <span class='ocrx_word' id='word_1_765' title='bbox 1336 5496 1415 5555; x_wconf 81' lang='lat' dir='ltr'><strong>Ita</strong></span> <span class='ocrx_word' id='word_1_766' title='bbox 1447 5502 1654 5569; x_wconf 77' lang='lat' dir='ltr'><strong>pridem</strong></span> <span class='ocrx_word' id='word_1_767' title='bbox 1689 5496 1870 5556; x_wconf 75' lang='lat' dir='ltr'><strong>Julius</strong></span> <span class='ocrx_word' id='word_1_768' title='bbox 1919 5517 2059 5570; x_wconf 73' lang='lat' dir='ltr'><strong>prze-</strong></span> 
     </span>
    </p>
   </div>
   <div class='ocr_carea' id='block_1_106' title="bbox 482 5567 2059 5640">
    <p class='ocr_par' dir='ltr' id='par_1_106' title="bbox 482 5567 2059 5640">
     <span class='ocr_line' id='line_1_106' title="bbox 482 5567 2059 5640; baseline 0.006 -25"><span class='ocrx_word' id='word_1_769' title='bbox 482 5567 983 5640; x_wconf 64' lang='lat' dir='ltr'><strong>sertimAfricanus</strong></span> <span class='ocrx_word' id='word_1_770' title='bbox 1009 5573 1176 5640; x_wconf 76' lang='lat' dir='ltr'><strong>epist.</strong></span> <span class='ocrx_word' id='word_1_771' title='bbox 1213 5573 1278 5622; x_wconf 87' lang='lat' dir='ltr'><strong>ad</strong></span> <span class='ocrx_word' id='word_1_772' title='bbox 1333 5567 1648 5635; x_wconf 78' lang='lat' dir='ltr'><strong>Aristidem,</strong></span> <span class='ocrx_word' id='word_1_773' title='bbox 1703 5589 1867 5640; x_wconf 82' lang='lat' dir='ltr'><strong>quant</strong></span> <span class='ocrx_word' id='word_1_774' title='bbox 1920 5567 2059 5624; x_wconf 55' lang='lat' dir='ltr'><strong>litat</strong></span> 
     </span>
    </p>
   </div>
   <div class='ocr_carea' id='block_1_107' title="bbox 485 5633 1320 5698">
    <p class='ocr_par' dir='ltr' id='par_1_107' title="bbox 485 5633 1320 5698">
     <span class='ocr_line' id='line_1_107' title="bbox 485 5633 1320 5698; baseline 0.007 -14"><span class='ocrx_word' id='word_1_775' title='bbox 485 5633 773 5698; x_wconf 73' lang='lat' dir='ltr'><strong>Eusebius,</strong></span> <span class='ocrx_word' id='word_1_776' title='bbox 811 5639 904 5691; x_wconf 91' lang='lat' dir='ltr'><strong>lib.</strong></span> <span class='ocrx_word' id='word_1_777' title='bbox 951 5657 963 5692; x_wconf 93' lang='lat' dir='ltr'><strong>I</strong></span> <span class='ocrx_word' id='word_1_778' title='bbox 996 5633 1136 5692; x_wconf 74' lang='lat' dir='ltr'><strong>Hist.</strong></span> <span class='ocrx_word' id='word_1_779' title='bbox 1188 5656 1236 5693; x_wconf 91' lang='lat' dir='ltr'><strong>c.</strong></span> <span class='ocrx_word' id='word_1_780' title='bbox 1271 5642 1320 5690; x_wconf 89' lang='lat'><strong>7.</strong></span> 
     </span>
    </p>
   </div>
   <div class='ocr_carea' id='block_1_108' title="bbox 2225 5216 3722 5293">
    <p class='ocr_par' dir='ltr' id='par_1_108' title="bbox 2225 5216 3722 5293">
     <span class='ocr_line' id='line_1_108' title="bbox 2225 5216 3722 5293; baseline -0.013 -4"><span class='ocrx_word' id='word_1_781' title='bbox 2225 5220 2338 5291; x_wconf 72' lang='lat'><strong>(89)</strong></span> <span class='ocrx_word' id='word_1_782' title='bbox 2373 5224 2518 5275; x_wconf 80' lang='grc' dir='ltr'>Λευῒ</span> <span class='ocrx_word' id='word_1_783' title='bbox 2545 5221 2839 5291; x_wconf 74' lang='grc' dir='ltr'>ἐγέννησε</span> <span class='ocrx_word' id='word_1_784' title='bbox 2867 5223 2973 5277; x_wconf 76' lang='grc' dir='ltr'><strong>τὸν</strong></span> <span class='ocrx_word' id='word_1_785' title='bbox 3003 5223 3216 5292; x_wconf 80' lang='grc' dir='ltr'>Μελχί.</span> <span class='ocrx_word' id='word_1_786' title='bbox 3251 5223 3373 5277; x_wconf 83' lang='lat' dir='ltr'><strong>Levi</strong></span> <span class='ocrx_word' id='word_1_787' title='bbox 3395 5223 3576 5293; x_wconf 82' lang='lat' dir='ltr'><strong>genuit</strong></span> <span class='ocrx_word' id='word_1_788' title='bbox 3605 5216 3722 5275; x_wconf 75' lang='lat' dir='ltr'><strong>Hel-</strong></span> 
     </span>
    </p>
   </div>
   <div class='ocr_carea' id='block_1_109' title="bbox 2152 5292 3718 5363">
    <p class='ocr_par' dir='ltr' id='par_1_109' title="bbox 2152 5292 3718 5363">
     <span class='ocr_line' id='line_1_109' title="bbox 2152 5292 3718 5363; baseline -0.003 -19"><span class='ocrx_word' id='word_1_789' title='bbox 2152 5292 2258 5345; x_wconf 83' lang='lat' dir='ltr'><strong>chi.</strong></span> <span class='ocrx_word' id='word_1_790' title='bbox 2289 5293 2398 5345; x_wconf 72' lang='lat' dir='ltr'><strong>l‘tec</strong></span> <span class='ocrx_word' id='word_1_791' title='bbox 2442 5293 2717 5355; x_wconf 78' lang='lat' dir='ltr'><strong>Levi,uec</strong></span> <span class='ocrx_word' id='word_1_792' title='bbox 2750 5294 3010 5358; x_wconf 83' lang='lat' dir='ltr'><strong>Panther,</strong></span> <span class='ocrx_word' id='word_1_793' title='bbox 3049 5311 3148 5350; x_wconf 84' lang='lat' dir='ltr'><strong>nec</strong></span> <span class='ocrx_word' id='word_1_794' title='bbox 3179 5292 3528 5363; x_wconf 82' lang='lat' dir='ltr'><strong>Barpant&#39;her</strong></span> <span class='ocrx_word' id='word_1_795' title='bbox 3564 5305 3718 5363; x_wconf 81' lang='lat' dir='ltr'><strong>agno-</strong></span> 
     </span>
    </p>
   </div>
   <div class='ocr_carea' id='block_1_110' title="bbox 2153 5362 3720 5434">
    <p class='ocr_par' dir='ltr' id='par_1_110' title="bbox 2153 5362 3720 5434">
     <span class='ocr_line' id='line_1_110' title="bbox 2153 5362 3720 5434; baseline -0.003 -19"><span class='ocrx_word' id='word_1_796' title='bbox 2153 5373 2387 5416; x_wconf 84' lang='lat' dir='ltr'><strong>scuntur</strong></span> <span class='ocrx_word' id='word_1_797' title='bbox 2415 5363 2481 5416; x_wconf 90' lang='lat' dir='ltr'><strong>ab</strong></span> <span class='ocrx_word' id='word_1_798' title='bbox 2513 5363 2797 5429; x_wconf 75' lang='lat' dir='ltr'><strong>Africano,</strong></span> <span class='ocrx_word' id='word_1_799' title='bbox 2829 5379 2990 5434; x_wconf 90' lang='lat' dir='ltr'><strong>quem</strong></span> <span class='ocrx_word' id='word_1_800' title='bbox 3024 5380 3244 5419; x_wconf 82' lang='lat' dir='ltr'><strong>rursum</strong></span> <span class='ocrx_word' id='word_1_801' title='bbox 3285 5362 3720 5434; x_wconf 60' lang='lat' dir='ltr'><strong>erscripsit__.f\n-</strong></span> 
     </span>
    </p>
   </div>
   <div class='ocr_carea' id='block_1_111' title="bbox 2157 5430 3716 5496">
    <p class='ocr_par' dir='ltr' id='par_1_111' title="bbox 2157 5430 3716 5496">
     <span class='ocr_line' id='line_1_111' title="bbox 2157 5430 3716 5496; baseline -0.002 -11"><span class='ocrx_word' id='word_1_802' title='bbox 2157 5434 2319 5486; x_wconf 87' lang='lat' dir='ltr'><strong>dreas</strong></span> <span class='ocrx_word' id='word_1_803' title='bbox 2381 5434 2666 5486; x_wconf 86' lang='lat' dir='ltr'><strong>Cretensis</strong></span> <span class='ocrx_word' id='word_1_804' title='bbox 2729 5436 2782 5486; x_wconf 90' lang='lat' dir='ltr'><strong>in</strong></span> <span class='ocrx_word' id='word_1_805' title='bbox 2829 5430 3088 5489; x_wconf 82' lang='lat' dir='ltr'><strong>sermone</strong></span> <span class='ocrx_word' id='word_1_806' title='bbox 3148 5435 3182 5490; x_wconf 86' lang='lat'><strong>6</strong></span> <span class='ocrx_word' id='word_1_807' title='bbox 3222 5438 3289 5489; x_wconf 88' lang='lat' dir='ltr'><strong>de</strong></span> <span class='ocrx_word' id='word_1_808' title='bbox 3319 5430 3542 5486; x_wconf 71' lang='lat' dir='ltr'><strong>Nativit.</strong></span> <span class='ocrx_word' id='word_1_809' title='bbox 3585 5430 3716 5496; x_wconf 63' lang='lat' dir='ltr'><strong>Virg.</strong></span> 
     </span>
    </p>
   </div>
   <div class='ocr_carea' id='block_1_112' title="bbox 2157 5500 3720 5571">
    <p class='ocr_par' dir='ltr' id='par_1_112' title="bbox 2157 5500 3720 5571">
     <span class='ocr_line' id='line_1_112' title="bbox 2157 5500 3720 5571; baseline 0.002 -17"><span class='ocrx_word' id='word_1_810' title='bbox 2157 5518 2319 5570; x_wconf 84' lang='lat' dir='ltr'><strong>quem</strong></span> <span class='ocrx_word' id='word_1_811' title='bbox 2350 5500 2581 5556; x_wconf 80' lang='lat' dir='ltr'><strong>Joannis</strong></span> <span class='ocrx_word' id='word_1_812' title='bbox 2621 5502 2939 5558; x_wconf 84' lang='lat' dir='ltr'><strong>Damasceui</strong></span> <span class='ocrx_word' id='word_1_813' title='bbox 2976 5505 3196 5560; x_wconf 84' lang='lat' dir='ltr'><strong>nomine</strong></span> <span class='ocrx_word' id='word_1_814' title='bbox 3236 5505 3559 5571; x_wconf 85' lang='lat' dir='ltr'><strong>inscriptum</strong></span> <span class='ocrx_word' id='word_1_815' title='bbox 3612 5515 3720 5571; x_wconf 68' lang='lat' dir='ltr'><strong>pc!&quot;</strong></span> 
     </span>
    </p>
   </div>
   <div class='ocr_carea' id='block_1_113' title="bbox 2161 5569 3717 5641">
    <p class='ocr_par' dir='ltr' id='par_1_113' title="bbox 2161 5569 3717 5641">
     <span class='ocr_line' id='line_1_113' title="bbox 2161 5569 3717 5641; baseline 0 -19"><span class='ocrx_word' id='word_1_816' title='bbox 2161 5569 2347 5641; x_wconf 80' lang='lat' dir='ltr'><strong>peram</strong></span> <span class='ocrx_word' id='word_1_817' title='bbox 2375 5572 2686 5626; x_wconf 87' lang='lat' dir='ltr'><strong>ediderunt.</strong></span> <span class='ocrx_word' id='word_1_818' title='bbox 2743 5574 2884 5638; x_wconf 79' lang='lat' dir='ltr'><strong>Quin</strong></span> <span class='ocrx_word' id='word_1_819' title='bbox 2925 5575 3237 5640; x_wconf 80' lang='lat' dir='ltr'><strong>Africanus,</strong></span> <span class='ocrx_word' id='word_1_820' title='bbox 3290 5576 3381 5628; x_wconf 90' lang='lat' dir='ltr'><strong>ubi</strong></span> <span class='ocrx_word' id='word_1_821' title='bbox 3415 5569 3583 5628; x_wconf 45' lang='lat' dir='ltr'><strong>uerba</strong></span> <span class='ocrx_word' id='word_1_822' title='bbox 3623 5569 3717 5623; x_wconf 77' lang='lat' dir='ltr'><strong>Lu-</strong></span> 
     </span>
    </p>
   </div>
   <div class='ocr_carea' id='block_1_114' title="bbox 2161 5642 3715 5710">
    <p class='ocr_par' dir='ltr' id='par_1_114' title="bbox 2161 5642 3715 5710">
     <span class='ocr_line' id='line_1_114' title="bbox 2161 5642 3715 5710; baseline -0.005 -16"><span class='ocrx_word' id='word_1_823' title='bbox 2161 5659 2238 5694; x_wconf 74' lang='lat' dir='ltr'><strong>cae</strong></span> <span class='ocrx_word' id='word_1_824' title='bbox 2276 5644 2495 5708; x_wconf 88' lang='lat' dir='ltr'><strong>recitat,</strong></span> <span class='ocrx_word' id='word_1_825' title='bbox 2533 5659 2628 5697; x_wconf 87' lang='lat' dir='ltr'><strong>nec</strong></span> <span class='ocrx_word' id='word_1_826' title='bbox 2656 5642 2805 5710; x_wconf 77' lang='lat' dir='ltr'><strong>Levi,</strong></span> <span class='ocrx_word' id='word_1_827' title='bbox 2835 5660 2935 5698; x_wconf 86' lang='lat' dir='ltr'><strong>uec</strong></span> <span class='ocrx_word' id='word_1_828' title='bbox 2964 5645 3192 5701; x_wconf 78' lang='lat' dir='ltr'><strong>Mattbat</strong></span> <span class='ocrx_word' id='word_1_829' title='bbox 3224 5645 3493 5706; x_wconf 82' lang='lat' dir='ltr'><strong>metninit,</strong></span> <span class='ocrx_word' id='word_1_830' title='bbox 3530 5642 3602 5694; x_wconf 90' lang='lat' dir='ltr'><strong>uti</strong></span> <span class='ocrx_word' id='word_1_831' title='bbox 3631 5650 3715 5690; x_wconf 80' lang='lat' dir='ltr'><strong>nec</strong></span> 
     </span>
    </p>
   </div>
  </div>
