3960 6198
446 249 590 320 ιιδῡ
1586 258 1648 316 S.
1685 257 2007 320 JOANNES

2112 260 2473 320 lMASCENI
2936 293 2938 295 *
3539 267 3677 336 1160

438 362 582 414 toris
605 367 784 414 mater
813 359 1086 430 exstitit);
1115 361 1364 414 nascitur
1389 369 1574 416 autem
1603 365 1660 417 in
1693 371 1860 418 domo
1883 381 2008 434 pro-

2123 370 2378 438 Ἰωακεὶμ
2433 371 2566 438 οῐκῳ
2589 409 2604 431 ,
2666 369 2761 422 καὶ
2809 369 2891 439 τῷ
2943 368 3076 438 ίερῷ
3139 367 3498 438 προσάγεται.
3557 375 3678 433 Εἶτα

441 453 636 507 baticac
659 449 931 516 Joacliim,
957 461 1122 522 atque
1144 452 1214 506 ad
1238 453 1503 522 templum
1525 453 1845 510 adducitur.
1871 455 2008 511 Tum

2117 460 2180 509 ἐν
2205 457 2284 527 τῷ
2310 461 2443 529 οῐκῳ
2467 458 2605 511 Θεοῦ
2654 457 2982 526 φυτευθεῖσά
3033 475 3093 510 τε
3136 457 3236 511 καὶ
3291 462 3578 518 πωνθεῖσα
3610 470 3682 540 τῷ

439 541 640 595 deinde
672 541 730 594 in
762 541 928 595 domo
959 540 1050 594 Dei
1083 541 1352 610 plantata,
1385 550 1440 596 et
1481 557 1578 611 per
1617 541 1883 611 Spiritum
1918 560 2008 599 sa-

2123 550 2400 619 Πνεῦματι
2428 591 2444 610 ,
2471 550 2605 603 ὡσεὶ
2659 549 2817 610 ἐλαία
2854 550 3228 620 κατάκαρπος,
3262 551 3445 622 πάσης
3489 556 3682 628 ἀρετῆς

439 634 647 701 ginata,
684 633 863 687 instar
900 633 1060 687 oliva:
1104 634 1403 688 fructifera:
1443 636 1711 688 virtutum
1762 638 2008 691 omnium

2118 640 2461 710 καταγώγιον
2505 642 2720 709 γέγονε,
2751 641 2933 710 πάσης
2989 640 3254 712 βιωτικῆς
3281 644 3376 696 καὶ
3418 652 3681 719 σαρκικῆς

438 723 783 777 domicilium
813 725 1112 778 instruitur
1138 743 1152 790 ;
1187 736 1247 779 ut
1272 741 1417 794 quze,
1439 726 1715 784 abstracta
1740 735 1923 782 mente
1943 729 2008 782 ab

2118 734 2416 803 ἐπιθυμίας
2440 733 2531 785 τὸν
2554 732 2679 786 νοῦν
2707 733 3086 801 ἀποστήσασα,
3116 732 3212 785 καὶ
3242 732 3386 788 οὕτω
3418 737 3679 807 παρθένον

438 816 591 869 omni
648 816 838 869 saeculi
888 817 1189 886 carnisque
1242 819 1570 887 cupiditate,
1617 820 1859 874 animum
1901 833 2010 874 una

445 921 571 960 cum
596 921 828 976 corpore
865 907 1132 977 virginem
1180 919 1602 973 conservasset,
1653 909 1818 964 veluti
1851 909 2010 963 dece-

435 997 529 1051 bat
563 998 735 1063 illam,
782 1012 906 1068 qua:
948 1000 1074 1052 sinu
1113 1012 1218 1052 suo
1263 1008 1600 1068 conceptura
1648 998 1817 1054 Deum
1863 1008 2005 1062 erat,

435 1089 556 1156 qui,
579 1104 706 1142 eum
742 1088 860 1157 ipse
886 1096 1116 1142 sanctus
1144 1088 1241 1150 sit,
1272 1088 1328 1140 in
1364 1090 1575 1146 sanctis
1610 1090 1909 1159 requiescit
1930 1089 1999 1142 ⁷⁸.

437 1178 596 1234 Unde
628 1179 1050 1234 sanctimoniam
1089 1179 1477 1244 consectando,
1521 1182 1784 1250 templum
1827 1179 2010 1234 evadit

435 1281 692 1326 sanctum
725 1281 782 1325 et
811 1269 1161 1334 admirabile,
1208 1269 1415 1340 Deique
1465 1272 1720 1326 altissimi
1772 1271 2009 1339 hospitio

434 1363 687 1433 dignum.

503 1455 776 1522 Quoniam
806 1463 990 1510 autem
1037 1454 1237 1510 salutis
1283 1464 1489 1509 nostra:
1539 1453 1717 1508 hostis
1769 1453 2008 1524 virgines

432 1545 788 1610 observabat,
822 1553 1049 1614 propter
1078 1544 1232 1598 Isaiae
1250 1544 1597 1607 vaticinium,
1620 1559 1731 1612 quo
1751 1543 2004 1596 dixerat:

438 1635 573 1690 Ecce
607 1637 751 1706 virgo
789 1636 845 1688 in
892 1645 1041 1690 utero
1077 1634 1305 1698 habebit,
1332 1643 1381 1686 et
1404 1634 1576 1703 pariet
1596 1633 1789 1700 filium,
1826 1639 1873 1684 et
1919 1647 2006 1684 vo-

2114 827 2214 898 τήν
2241 826 2418 896 ψυχήν
2447 827 2834 896 συντηρήσασα
2869 825 2966 878 σὺν
2987 825 3066 895 τῷ
3097 826 3334 896 σώματι,
3353 829 3431 892 ὡς
3456 829 3676 900 ἔπρεπε,

2114 921 2214 990 τὴν
2247 917 2380 970 Θεὸν
2433 917 2727 984 ἐγκόλπιον
2779 915 3140 986 ὑποδέχεσθαι
3173 917 3479 986 μέλλουσαν
3498 935 3512 948 ·
3537 921 3678 988 ᾶγιος

2115 1009 2226 1076 γὰρ
2256 1007 2354 1071 ὣν,
2384 1009 2442 1060 ὲν
2493 1007 2669 1075 ἁγίοις
2723 1005 3063 1060 ἀναπαύεται
3081 1023 3096 1037 ο
3119 1008 3264 1060 οὕτω
3295 1009 3480 1062 τοίνυν
3520 1011 3672 1080 ἁγιωσ

2116 1098 2284 1167 etiqu
2310 1097 2650 1166 μετέρχεται,
2682 1095 2774 1149 καὶ⁸
2796 1095 2920 1160 ναὸς
2945 1096 3100 1164 ἅγιος
3126 1099 3221 1152 καὶ
3254 1098 3571 1170 Θαυμαστὸς
3587 1105 3670 1158 τοῦ

2114 1188 2340 1257 ὐιζαίστου
2371 1187 2506 1244 Θεοῦ
2554 1186 2931 1247 ἀναδείκνυται
2952 1187 3121 1252 ἄξιος.

2196 1451 2414 1522 Ἐπειδὴ
2449 1453 2507 1508 δὲ
2538 1455 2797 1526 ἐπετήρει
2841 1458 2943 1522 τὰς
2981 1460 3287 1532 παρθένους
3315 1463 3346 1514 6
3393 1461 3498 1533 τῆς
3535 1465 3675 1534 ήμλῖιν

2116 1543 2392 1613 σωτηρίας
2417 1545 2634 1616 ἐχθρὸς,
2656 1547 2746 1600 διὰ
2778 1549 2879 1620 τὴν
2903 1548 3128 1604 Ἡσαΐου
3155 1553 3474 1623 πρόρρησιν
3492 1570 3506 1585 ·
3529 1554 3685 1611 Ἰδοὺ

2113 1635 2152 1700 ἡ
2178 1633 2469 1701 παρθένος
2491 1635 2562 1688 ἐν
2604 1637 2811 1705 γαστρὶ
2843 1639 2965 1702 ἕξει
2988 1681 3004 1704 ,
3037 1640 3314 1710 φήσαντος
3335 1680 3351 1704 ,
3390 1645 3490 1697 καὶ
3528 1645 3675 1708 τέξε-

433 1729 629 1781 cabunt
655 1744 842 1780 nomen
888 1726 1003 1796 ejus
1055 1725 1367 1778 Emmanuel
1404 1723 1563 1793 (quod
1613 1723 2006 1790 interpreteris,

2117 1739 2208 1775 ται
2253 1723 2407 1786 υἱὸν,
2443 1724 2540 1777 καὶ
2597 1725 2932 1781 καλέσουσι
2968 1728 3037 1781 τὸ
3085 1729 3276 1796 ὄνομα
3322 1733 3516 1786 αὐτοῦ
3557 1735 3674 1803 Ἔμφ

437 1820 713 1874 nobiscum
740 1817 878 1872 Deus
899 1821 968 1887 7')
993 1834 1008 1882 ;
1028 1818 1258 1883 idcirco,
1277 1827 1335 1870 ut
1356 1817 1448 1871 ille
1461 1815 1552 1885 qui
1570 1815 1845 1884 sapientes
1861 1829 2011 1868 com-

431 1911 730 1981 prehendit
764 1911 819 1963 in
851 1909 1056 1964 astutia
1092 1910 1338 1978 ipsorum
1365 1907 1435 1970 τ’,
1497 1921 1622 1960 eum
1661 1905 1872 1958 falleret
1911 1904 2006 1973 qui

433 2003 720 2073 sapientiae
740 2001 966 2056 nomine
995 2014 1212 2069 semper
1233 1999 1525 2068 gloriatur,
1564 1995 1746 2066 puella
1776 1995 2014 2063 Joseplio

433 2093 823 2160 desponsatur,
853 2103 1027 2146 novus
1058 2088 1275 2144 scilicet
1301 2097 1482 2142 tomus
1500 2085 1700 2140 scienti
1723 2084 1889 2154 276
1922 2084 2014 2137 lit-

435 2192 584 2238 teras
606 2183 675 2236 ⁷⁸.
692 2180 806 2234 liae
825 2195 990 2251 porro
1014 2179 1400 2250 desponsatio,
1423 2188 1477 2233 et
1501 2177 1713 2247 Virgini
1738 2176 2012 2241 custodia,

433 2282 489 2327 et
513 2274 563 2326 ei
594 2273 687 2341 qui
719 2271 958 2340 virgines
991 2269 1348 2330 observabat,
1389 2269 1642 2337 deceptio
1674 2267 1796 2321 fuit.
1826 2266 1893 2320 At
1920 2265 2014 2320 ubi

434 2363 588 2416 venit
617 2359 904 2429 plenitudo
937 2359 1225 2428 temporis,
1283 2358 1511 2427 angelus
1559 2356 1774 2412 Domini
1811 2357 2014 2414 missus

436 2454 505 2507 ad
539 2467 655 2507 eam
689 2450 815 2514 luit,
847 2449 1066 2505 Domini
1097 2451 1525 2520 conceptionem
1561 2450 2012 2506 annuutiaturus.

435 2545 801 2612 Quamobrem
837 2543 931 2599 Dei
971 2542 1196 2608 Filium,
1261 2559 1445 2599 veram
1504 2543 1651 2597 illam
1706 2543 2016 2598 subsisten-

435 2646 655 2707 temque
690 2635 870 2691 Patris
906 2636 1188 2702 virtutem,
1240 2652 1343 2689 non
1381 2651 1446 2689 ex
1490 2636 1762 2690 voluntate
1811 2636 2010 2701 carnis,

436 2743 528 2781 nec
547 2741 610 2780 ex
638 2725 903 2780 voluntate
925 2726 1024 2780 viri
1055 2726 1123 2794 ",
1154 2726 1259 2781 hoc
1284 2735 1368 2781 est
1398 2741 1509 2780 non
1539 2741 1605 2780 ex
1637 2741 1938 2798 congressu
1959 2735 2015 2782 et

438 2819 685 2886 semine,
723 2818 819 2873 sed
856 2833 924 2872 ex
965 2816 1199 2887 benigna
1241 2816 1421 2874 Patris
1473 2817 1770 2883 voluntate,
1804 2817 2012 2888 Spiritu

437 2922 628 2967 sancto
683 2910 847 2968 simul
904 2920 1168 2980 operante
1224 2909 1498 2979 concepit.
1555 2908 1671 2965 Hoc
1733 2919 1894 2981 pacto
1957 2918 2014 2965 et

437 3001 682 3056 Creatori
741 3007 797 3053 ut
849 3006 1145 3065 crearetur,
1203 3006 1259 3053 et
1315 2997 1490 3053 lictori
1537 3005 1597 3052 ut
1644 2998 2009 3070 eﬂingeretur,

2107 1810 2386 1882 μανουήλ
2412 1829 2426 1842 ·
2459 1813 2494 1865 ὅ
2538 1813 2670 1866 ἐστι
2697 1818 3310 1884 μεθερμηνευόμενον,
3357 1823 3500 1874 Μεθ’
3524 1822 3674 1890 ἡμῶν

2112 1903 2147 1958 ὸ
2179 1902 2352 1966 Θεός·
2383 1901 2460 1964 ὡς
2487 1902 2557 1956 ἂν
2578 1902 2806 1975 δελεάσῃ
2852 1905 2942 1958 τὸν
2971 1906 3030 1958 ἐν
3067 1906 3230 1976 capia
3265 1908 3356 1961 ἀεὶ
3389 1910 3671 1982 ἁδρυνόμεο

2113 2009 2225 2054 νον,
2259 1994 2287 2044 6
2317 1992 2690 2063 δρασσόμενος
2742 1995 2868 2058 τοὺς
2904 1996 3105 2065 σοφοὺς
3151 1997 3212 2050 ὲν
3260 2001 3330 2069 τῇ
3389 2003 3672 2073 πανουργίᾳ

2114 2079 2312 2146 αὐτῶν,
2341 2080 2476 2150 πρὸς
2505 2082 2802 2152 μνηστείαν
2821 2085 2855 2152 ὴ
2885 2085 3070 2148 νεᾶνις
3102 2084 3182 2156 τῷ
3223 2086 3425 2158 Ἰωσὴφ
3449 2090 3544 2142 ὑπὸ
3567 2091 3669 2146 τῶν

2117 2171 2310 2241 ἱερέων
2366 2170 2634 2229 ἐκδίδοται
2673 2173 2703 2224 6
2730 2173 2916 2237 καινὸς
2942 2174 3130 2245 τόμος,
3168 2175 3250 2246 τῷ
3281 2177 3570 2248 γράμματα
3596 2181 3666 2233 εἰ·

2113 2264 2226 2317 δότι
2253 2280 2267 2294 ·
2297 2265 2331 2334 ή
2362 2263 2420 2318 δὲ
2452 2263 2744 2334 μνηστεία,
2783 2265 3000 2336 φυλακή
3049 2283 3111 2321 τε
3141 2268 3245 2338 τῆς
3275 2270 3549 2340 Παρθένου
3576 2273 3670 2324 ὑπο

2113 2357 2289 2425 ἦρχε,
2324 2353 2420 2414 καὶ
2465 2353 2562 2408 τοῦ
2607 2355 2708 2418 τὰς
2760 2356 3069 2428 παρθένους
3117 2359 3510 2431 ὲπιτηροῦντος
3549 2364 3671 2418 atto—

2114 2443 2450 2514 ϐουκόλημα.
2484 2444 2615 2499 Ὅτε
2657 2444 2716 2498 δὲ
2761 2442 2894 2517 ἦλθε
2945 2447 3007 2500 τὸ
3039 2447 3314 2520 πλήρωμα
3350 2452 3453 2505 τοῦ
3474 2455 3671 2524 χρόνον,

2114 2535 2396 2605 ἀπεστάλη
2428 2535 2657 2604 ἄγγελος
2690 2537 2901 2608 Κυρίου
2938 2538 3075 2610 πρὸς
3113 2540 3304 2612 αὐτήν,
3326 2543 3436 2616 τὴν
3457 2543 3548 2598 τοῦ
3572 2546 3672 2599 Κυ-

2116 2627 2233 2698 ρίου
2256 2626 2749 2696 εὐαγγελιζόμενος
2785 2628 3048 2698 σύλληψιν
3071 2646 3086 2661 ·
3110 2629 3286 2695 οὕτως
3312 2650 3377 2687 τε
3408 2635 3673 2706 συνείληφε

2112 2718 2204 2772 τὸν
2246 2717 2375 2771 Υίὺν
2415 2716 2511 2771 τοῦ
2553 2718 2694 2772 Θεοῦ
2717 2759 2732 2784 ,
2772 2718 2870 2790 τήν
2913 2719 3010 2774 τοῦ
3060 2723 3274 2793 Πατρδς
3321 2724 3674 2791 ὲνυπὸστατον

2112 2809 2361 2879 δύναμιν,
2392 2809 2492 2863 οὐκ
2536 2811 2602 2862 ἐκ
2629 2809 2934 2881 θελήματος
2961 2813 3184 2882 σαρκὸς,
3207 2815 3330 2868 οὐδὲ
3361 2817 3431 2872 ἐκ
3459 2817 3678 2889 θελήμαο

2111 2917 2203 2963 τος
2235 2901 2446 2971 ἀνδρὸς,
2465 2903 2585 2973 ἦτοι
2623 2905 2920 2973 συναφείας
2957 2905 3055 2959 καὶ
3087 2909 3298 2980 σπορᾶς
3317 2950 3333 2974 ,
3357 2910 3480 2971 ἀλλ’
3506 2912 3567 2966 ἐκ
3585 2912 3675 2985 τῆς

2112 2992 2208 3046 τοῦ
2237 2993 2448 3072 Πατρδς
2481 2994 2729 3061 εὐδοκίας
2754 2997 2849 3050 καὶ
2879 2999 3168 3070 συνεργίας
3198 2999 3292 3053 τοῦ
3330 3002 3493 3071 ἁγίου
3520 3005 3676 3058 11νεὺ-

438 3093 643 3163 Deique
703 3091 843 3146 Filio
875 3104 938 3145 ac
974 3089 1085 3144 Deo
1132 3097 1193 3144 ut
1225 3103 1291 3144 ex
1341 3088 1496 3157 puris
1542 3098 1596 3145 et
1645 3089 2008 3152 lmmaculatis

2117 3101 2283 3155 ματος
2303 3101 2316 3114 ·
2347 3087 2654 3158 ἐχορήγησε
2686 3087 2766 3157 τῷ
2813 3087 3021 3160 κτίστῃ
3058 3090 3119 3143 τὸ
3147 3091 3463 3163 κτισθῆναι,
3488 3095 3577 3148 καὶ
3610 3095 3677 3164 τῷ

433 3185 554 3253 ejus
583 3182 844 3238 carnibus
874 3190 928 3236 et
955 3178 1316 3251 sanguinibus
1339 3179 1718 3236 incarnarctur
1741 3180 2014 3249 homoque

433 3275 612 3338 ﬁeret,
653 3271 1119 3336 subministravit,
1150 3270 1342 3340 primae
1373 3270 1618 3341 parentis
1663 3279 1844 3339 partes
1890 3286 2013 3342 per-

431 3363 675 3418 solvens.
710 3358 1182 3432 Quemadmodum
1222 3358 1370 3413 enim
1417 3359 1508 3411 illa
1545 3357 1680 3413 citra
1713 3358 1916 3413 coitum
1943 3373 2012 3414 ex

430 3453 645 3507 Adamo
694 3450 930 3505 formata
978 3457 1063 3504 est
1089 3465 1106 3500 ι
1135 3447 1250 3502 haec
1281 3447 1447 3502 etiam
1480 3461 1680 3500 novum
1711 3446 1882 3500 Adam
1918 3463 1999 3517 pe

430 3545 611 3618 perit:
649 3542 730 3597 sic
763 3555 914 3606 vero,
955 3548 1016 3593 ut
1062 3539 1150 3592 hic
1188 3544 1457 3593 consueto
1490 3551 1645 3592 more
1679 3545 1838 3608 partu
1887 3539 2012 3593 ede-

430 3646 601 3700 retur,
632 3643 686 3690 et
721 3647 886 3706 supra
909 3645 1072 3703 quam
1124 3630 1265 3684 ratio
1319 3628 1584 3683 nascendi
1626 3627 1790 3683 ferat.
1820 3627 2013 3683 Editur

426 3727 574 3782 enim
599 3727 715 3781 sine
748 3732 902 3794 patre
933 3708 1000 3779 ex
1034 3721 1285 3788 muliere,
1319 3719 1416 3790 qui
1451 3720 1516 3774 ex
1553 3717 1716 3775 Patre
1743 3720 1864 3774 sine
1897 3735 2010 3774 ma-

427 3829 511 3874 tre
544 3825 706 3872 natus
727 3815 999 3871 exstabat.
1032 3813 1098 3868 Et
1120 3811 1338 3883 quidem
1370 3821 1639 3884 quatenus
1661 3825 1726 3865 ex
1759 3810 2009 3877 muliere,

427 3909 729 3964 secundum
759 3905 1004 3976 pariendi
1047 3905 1194 3974 leges
1216 3902 1396 3960 editus
1427 3911 1553 3956 est:
1590 3913 1864 3971 quatenus
1907 3918 2008 3957 au-

426 4008 534 4055 tem
589 3999 706 4054 sine
770 4004 946 4067 patre,
992 4009 1158 4064 supra
1202 3994 1572 4062 generationis
1623 4001 1899 4047 naturam.
1929 3994 2009 4047 Ac

425 4106 620 4145 rursus
650 4097 929 4158 quatenus
954 4093 1220 4140 consueto
1253 4091 1520 4152 tempore,
1553 4099 1747 4140 novem
1776 4085 2007 4156 expletis

425 4184 731 4246 mensibus,
757 4189 813 4237 et
847 4180 1106 4234 inchoato
1130 4177 1368 4240 decimo,
1406 4191 1506 4233 sua
1536 4177 1718 4246 partui
1753 4177 1841 4232 lex
1872 4192 2007 4233 con-

426 4275 564 4332 stitit
598 4292 611 4327 :
644 4281 914 4343 quatenus
942 4279 1124 4326 autem
1153 4269 1274 4325 sine
1319 4269 1430 4324 ullo
1461 4283 1658 4324 sensus
1685 4269 1873 4324 dolore
1912 4285 2006 4338 ge-

2111 3172 2328 3245 πλάστῃ
2367 3175 2428 3227 τὸ
2452 3175 2783 3244 πλασθῆναι,
2808 3177 2902 3229 καὶ
2921 3177 3002 3246 τῷ
3025 3178 3140 3249 Υίῷ
3166 3179 3260 3232 τοῦ
3285 3180 3430 3236 Θεοῦ
3452 3184 3544 3239 καὶ
3572 3184 3676 3255 Θεῷ

2109 3267 2170 3320 τὸ
2203 3267 2554 3338 σαρκωθῆναι
2584 3271 2675 3328 καὶ
2698 3269 3146 3344 ἀνθρωπισθῑιναι
3171 3276 3236 3328 ὲκ
3263 3275 3375 3330 τῶν
3403 3279 3578 3348 ἁγνῶν
3595 3281 3677 3333 καὶ

2109 3357 2430 3428 ἀμολύντων
2484 3360 2659 3430 αὐτῆς
2707 3363 2929 3432 σαρκῶν
2957 3380 3017 3417 τε
3071 3365 3167 3418 καὶ
3199 3367 3475 3436 αἱμάτων,
3505 3371 3564 3423 τὺ
3591 3371 3677 3436 τῆς

2110 3451 2462 3521 προμήτορος
2496 3450 2892 3523 ἀποπληροῦσα
2923 3455 3084 3526 χρέος
3109 3472 3123 3487 ο
3153 3455 3346 3530 ὥσπερ
3365 3461 3485 3531 γὰρ
3512 3463 3675 3532 ἐκείνη

2111 3537 2407 3605 συναφείας
2448 3539 2607 3602 ἐκτὸς
2659 3540 2721 3605 ἐξ
2763 3541 2936 3612 Ἀδὰμ
2967 3544 3514 3620 πεπλαστούργηται,
3551 3551 3676 3605 οὕτω

2109 3629 2204 3682 καὶ
2247 3628 2389 3698 αῦτη
2417 3628 2511 3682 τὸν
2540 3629 2662 3684 νέον
2700 3631 2874 3703 ’Δδὰμ
2909 3633 3192 3707 ἀπεκύησε
3218 3678 3234 3703 ,
3257 3638 3418 3710 νόμῳ
3453 3642 3677 3711 κυήσεως

2107 3720 2427 3790 τικτόμενον
2453 3760 2469 3786 ,
2503 3722 2599 3779 καὶ
2645 3722 2784 3794 ὑπὲρ
2846 3723 3010 3792 φύσιν
3055 3728 3393 3798 γεννήσεως.
3440 3732 3675 3786 Τίκτεται

2107 3808 2216 3881 γὰρ
2248 3811 2481 3882 ἀπάτωρ
2502 3813 2566 3864 ὲκ
2591 3812 2875 3880 γυναικὸς,
2905 3815 2934 3867 6
2958 3815 3023 3866 ὲκ
3055 3815 3270 3887 Πατρὺς
3303 3819 3573 3893 ἀμήτωρ·
3597 3823 3676 3874 καὶ

2107 3901 2188 3956 ὃτι
2224 3900 2324 3971 μὲν
2357 3901 2422 3954 ὲκ
2468 3902 2730 3970 γυναικὸς
2761 3943 2777 3968 ,
2810 3903 2960 3975 νόμῳ
2999 3908 3251 3977 κυήσεως
3274 3949 3290 3972 ,
3319 3911 3413 3966 ὅτι
3469 3913 3524 3967 δὲ
3567 3916 3676 3970 ἄνευ

2107 3994 2332 4065 πατρὸς,
2366 3995 2508 4066 ὑπὲρ
2539 3995 2702 4062 φύσιν
2744 3998 3085 4067 γεννήσεως·
3120 4001 3212 4053 καὶ
3235 4002 3320 4056 ὅτι
3357 4007 3466 4074 μὲν
3511 4007 3584 4077 τῷ
3611 4009 3674 4058 είς

2107 4083 2350 4156 θισμένῳ
2375 4087 2554 4156 χρόνῳ
2597 4087 2712 4155 (τὸν
2742 4089 2850 4158 γὰρ
2881 4089 3298 4161 ὲννεαμηνιαῖον
3328 4097 3576 4162 τελέσας,
3598 4099 3675 4152 καὶ

2103 4175 2183 4245 τῷ
2229 4177 2444 4248 δεκάτῳ
2503 4177 2700 4242 ἐπιϐὰς
2746 4181 3046 4260 γεννᾶται),
3078 4183 3228 4255 νόμῳ
3284 4188 3574 4259 κυήσεως·
3607 4191 3675 4243 ὅτι

2102 4267 2159 4321 δὲ
2180 4267 2480 4332 ἀνωδίνως,
2511 4269 2654 4341 ὑπὲρ
2681 4269 2885 4342 θεσμὸν
2917 4275 3260 4345 γεννήσεως·
3300 4272 3370 4350 ἦς
3404 4281 3510 4352 γὰρ
3531 4281 3674 4358 ήδονὴ

427 4363 732 4420 nerationis
783 4363 954 4434 legem
1009 4359 1306 4432 superavit.
1346 4359 1520 4426 Quam
1564 4359 1710 4414 enim
1753 4361 2003 4430 voluptas

2112 4359 2168 4412 οὐ
2201 4361 2580 4432 προηγήσατο,
2613 4361 2736 4416 οὐδὲ
2783 4363 2912 4418 ὠδὶν
2947 4366 3398 4440 ἐπηκολούθησε,
3428 4374 3564 4426 κατὰ
3597 4373 3674 4425 τὸν

426 4471 536 4514 non
570 4455 817 4519 anteivit,
859 4469 926 4510 ne
956 4453 1114 4508 dolor
1156 4467 1291 4508 sane
1335 4451 1389 4505 in
1440 4457 1598 4520 partu
1649 4459 1872 4507 secutus
1899 4461 2003 4508 est.

424 4549 545 4615 Quo
575 4556 785 4618 spectat
818 4545 952 4600 illud
992 4547 1268 4615 prophetae
1301 4561 1315 4598 :
1358 4542 1648 4611 Antequam
1679 4545 2004 4610 parturiret,

421 4641 621 4708 peperit
653 4639 720 4700 ",
754 4649 808 4692 et
855 4637 987 4692 illud
1019 4651 1253 4691 rursus:
1290 4635 1586 4704 Antequam
1613 4633 1835 4688 venisset
1861 4645 1999 4689 tem-

417 4717 520 4798 pus
551 4728 905 4799 parturiendi,
940 4729 1097 4799 fugit,
1128 4745 1191 4786 ac
1218 4727 1416 4797 peperit
1446 4724 1743 4781 masculum
1762 4725 1832 4780 "".

492 4821 567 4875 Ex
603 4836 665 4876 ea
696 4822 876 4890 itaque
951 4820 1043 4875 Dei
1099 4818 1295 4873 .Filius
1322 4825 1601 4886 assumpta
1631 4831 1798 4870 carne
1847 4824 2008 4872 natus

417 4925 533 4984 est;
569 4931 679 4970 non
715 4916 876 4970 homo
921 4913 1132 4977 deiter,
1169 4913 1388 4984 Deoque
1425 4910 1660 4975 amatus,
1709 4911 1804 4966 sed
1855 4911 1998 4966 Deus

481 5044 531 5078 '°
581 5044 726 5100 Psal.
785 5058 860 5110 LI,
920 5042 1008 5097 10.
1085 5042 1127 5074 ⁷³
1182 5041 1288 5096 Isa.
1321 5056 1418 5098 vn.
1455 5040 1561 5110 li;
1617 5038 1808 5110 Matth.
1845 5054 1881 5103 ι,
1917 5039 2010 5095 25.

415 5113 636 5173 "Joan.
669 5130 710 5180 I,
744 5108 852 5168 1'6.
947 5113 994 5145 ’³
1053 5110 1162 5167 lsa.
1199 5112 1432 5176 va1,7.
1532 5108 1579 5142 ⁷⁸
1637 5109 1774 5163 ibid.

2110 4454 2397 4525 προφήτην
2425 4455 2518 4514 τὸν
2555 4454 2810 4524 λέγοντα·
2830 4459 2980 4526 Πρὶν
3006 4459 3343 4530 ὡδίνησεν,
3371 4466 3558 4528 ἔτεκε.
3581 4464 3674 4518 Καὶ

2108 4547 2272 4600 πάλιν
2311 4562 2325 4576 ·
2355 4547 2504 4614 Πρὶν
2555 4547 2758 4602 ἐλθεῖν
2804 4549 2912 4604 τὸν
2946 4552 3160 4621 καιρὸν
3190 4552 3310 4612 τῶν
3331 4555 3567 4612 ὠδίνων
3589 4556 3672 4620 ἐξ·

2105 4637 2312 4708 ἐφυγε,
2352 4638 2448 4692 καὶ
2472 4637 2679 4692 ἔτεκεν
2705 4639 2913 4709 ἄρσεν.

2180 4814 2511 4887 Γεγέννηται
2539 4815 2722 4876 τοίνυν
2754 4816 2814 4885 ἐξ
2849 4819 3022 4891 αὐτῆς
3049 4822 3078 4877 ό
3109 4823 3239 4888 Υἱὸς
3277 4825 3376 4880 τοῦ
3429 4826 3562 4881 Θεοῦ
3592 4843 3666 4879 σε·

2105 4908 2464 4980 σαρκωμὲνος
2499 4908 2545 4976 ί,
2574 4910 2633 4962 οὐ
2693 4910 2953 4983 θεοφόρος
2999 4914 3288 4988 ἄνθρωπος
3309 4957 3325 4983 ,
3358 4920 3496 4974 ἀλλὰ
3554 4919 3666 4980 Θεὸς

2095 5042 2142 5081 τ*
2167 5040 2272 5096 Job
2335 5059 2392 5108 ν,
2439 5043 2541 5111 15ς
2582 5042 2764 5101 lCor.
2825 5060 2909 5113 ιιι,
2961 5047 3050 5103 19.
3125 5049 3173 5082 ’³
3223 5049 3332 5108 lsa.
3368 5068 3526 5122 xxix,
3589 5053 3660 5108 11.

1712 5201 1943 5256 VARle
1978 5200 2271 5257 LECTION
2281 5203 2382 5261 ES.

492 5302 511 5344 ί
558 5303 714 5376 Regii
771 5304 926 5376 mulli
971 5302 1132 5376 COIb,
1170 5302 1227 5364 2,
1262 5300 1348 5376 _S.
1395 5300 1502 5376 l|_i|.
1539 5310 1594 5376 et
1626 5299 1692 5354 Ν.
1723 5299 1857 5360 Θεὸς
1892 5315 2121 5370 σεσαρκ.
2155 5297 2247 5376 S_ic
2292 5307 2453 5376 vetus
2481 5299 2716 5376 interpr.
2764 5300 3014 5376 etAFal‘ier
3041 5317 3061 5357 ξ
3102 5303 3274 5376 Filius
3311 5307 3402 5362 Dei
3429 5317 3479 5361 et
3517 5305 3656 5367 Deus,

417 5375 486 5434 ιι.
515 5369 666 5430 “269.8
685 5377 781 5428 καὶ
812 5374 968 5442 Θεὸς,
1000 5375 1060 5427 οὐ
1113 5372 1396 5442 θεοφόρος,
1433 5371 1488 5427 in
1539 5371 1633 5428 illo
1681 5381 2001 5427 assumento
2038 5369 2196 5440 quod
2229 5385 2298 5424 ex
2331 5370 2437 5426 hoc
2463 5369 2644 5441 capite
2673 5372 2727 5427 in
2769 5372 2857 5439 12,
2883 5373 2980 5428 lib.
3023 5387 3104 5439 ιιι,
3139 5375 3312 5433 fuisse
3357 5377 3660 5435 translatum

1925 5507 2161 5564 ΝΟΤᾹΞ.

420 5447 760 5501 tuouuunus.

418 5614 608 5660 sancta
648 5605 969 5659 visebantur
1017 5602 1360 5657 Prolmticam
1413 5619 1520 5657 non
1574 5603 1891 5666 recensuit,
1922 5603 1997 5656 uti

423 5689 528 5729 nec
561 5673 958 5740 Hieronymus,
987 5674 1193 5725 alterve
1239 5673 1489 5741 superior
1519 5671 1768 5726 Juvenali
1794 5713 1809 5736 ,
1841 5687 2001 5742 quem

2109 5601 2383 5724 eiusmodi
2413 5603 2771 5662 traditionum
2809 5603 2984 5662 fuisse
3029 5616 3309 5677 parentem
3338 5607 3575 5663 dicemus
3609 5605 3655 5662 in

2109 5685 2135 5722 3
2164 5687 2216 5724 ιι)
2265 5687 2388 5724 OCO.

2164 5687 2216 5726 ιο
2246 5687 2388 5731 loco.
