3960 6198
386 299 519 377 1161
632 326 637 337 ι

1432 308 1529 369 DE
1555 308 1733 368 FIDE
1776 307 2241 368 ORTHODOXA
2275 309 2422 369 LIB.
2464 311 2564 371 IV.

3490 313 3626 382 1162

378 417 799 492 σεσαρκωμένος
834 436 846 447 ·
876 418 973 488 οὔχ
1008 417 1084 481 ὡς
1106 418 1391 489 προφήτης
1433 418 1685 490 ἐνεργείᾳ
1726 420 1941 489 χριόμε-

2054 418 2536 483 incarnatus;non
2563 420 2614 473 in
2640 420 2916 491 propheta:
2965 437 3170 479 morem
3218 425 3501 483 eilicientia
3553 431 3628 483 in-

376 531 487 579 νος,
550 510 827 583 παρουσία
879 510 938 563 δὲ
995 509 1117 563 ὅλου
1151 509 1243 563 τοῦ
1277 508 1548 579 χρίοντοςο
1572 510 1712 563 ὥστε
1749 510 1961 581 ἀνθρω-

375 621 477 657 πον
500 602 603 673 μὲν
628 601 879 671 γενέσθαι
901 601 962 654 τὸ
990 600 1185 672 χρίσαν
1206 641 1222 666 ,
1251 602 1345 654 καὶ
1373 601 1504 654 Θεὸν
1532 599 1592 653 τὸ
1625 600 1914 671 χριόμενον
1943 618 1955 630 ·

372 696 434 749 ού
464 693 737 764 μεταϐολῇ
770 691 1004 761 φύσεως,
1024 692 1137 746 ἀλλ’
1160 692 1353 747 ὲνῶσει
1395 695 1462 763 τῇ
1500 692 1620 745 καθ’
1644 691 1956 745 ὑπόστασιν.

385 786 445 839 Ὅ
478 786 640 848 αὐτὸς
663 785 772 855 γὰρ
793 780 860 855 ἦν
884 787 930 849 ε,
950 784 979 838 ὃ
996 801 1053 837 τε
1082 784 1254 855 χρίων
1276 785 1369 837 καὶ
1396 786 1425 837 6
1453 784 1764 854 χριόμενοςο
1790 783 1960 853 χρίων

373 878 449 941 ὡς
470 878 605 941 Θεὸς
628 877 818 931 ἐαυτὸν
836 877 913 940 ὡς
944 875 1251 948 ἄνθρωπον.
1277 876 1402 940 Πῶς
1424 871 1517 930 οὖν
1538 875 1599 927 ού
1630 875 1957 945 Θεοτόκος,ή

373 968 505 1021 Θεὸν
531 968 947 1038 σεσαρωμένον
981 967 1040 1032 ἐξ
1069 967 1236 1037 αὐτῆς
1260 968 1569 1035 γεννήσασα
1593 982 1607 1029 ;
1630 967 1834 1027 Ὄντως
1856 982 1955 1017 κυ-

378 1059 510 1131 ρίως
540 1060 635 1113 καὶ
664 1057 880 1129 ἀληθῶς
907 1058 1197 1122 Θεοτόκος,
1246 1058 1339 1112 καὶ
1370 1057 1572 1127 Κυρία,
1594 1058 1706 1133 καὶ
1737 1056 1955 1109 πάντων

375 1152 693 1224 κτισμάτων
738 1150 1095 1217 δεσπόζουσα,
1146 1150 1307 1221 δούλη
1342 1150 1436 1203 καὶ
1491 1150 1674 1220 μήτηρ
1722 1147 1817 1201 τοῦ
1847 1152 1953 1217 Δη-

378 1243 641 1313 μιουργοῦ
662 1242 1069 1313 χρηματίσασα.
1089 1243 1297 1313 Ὠσπερ
1318 1241 1375 1294 δὲ
1398 1240 1722 1309 συλληφθεὶς
1753 1238 1955 1309 παρθέ-

377 1351 467 1386 νον
486 1334 586 1404 τὴν
611 1333 978 1388 συλλαϐοῦσαν
998 1334 1283 1404 ἐτήρησεν,
1310 1332 1449 1386 οὓτω
1478 1333 1570 1385 καὶ
1598 1330 1833 1401 τεχθεὶς,
1851 1330 1951 1400 τὴν

375 1426 547 1494 αὐτῆς
563 1424 859 1497 παρθενίαν
880 1424 1146 1493 ἐφύλαξεν
1163 1426 1428 1494 ἄτρωτον,
1451 1426 1609 1493 μόνος
1637 1420 1864 1475 διελθὼν
1883 1419 1951 1474 δι’

352 1515 570 1588 αὐτῆς,
588 1500 688 1568 καὶ
718 1514 1114 1585 κεκλεισμένην
1165 1515 1415 1585 τηρήσας
1452 1514 1625 1583 αὐτήν
1648 1529 1662 1543 ο
1688 1512 1756 1565 δι’
1782 1511 1950 1580 ἀκοῆς

373 1605 478 1676 μὲν
505 1606 539 1676 ἡ
574 1605 855 1677 σύλληψις,
879 1607 912 1675 ἡ
938 1606 993 1658 δὲ
1020 1607 1279 1673 γέννησις
1316 1604 1403 1658 διὰ
1431 1604 1531 1674 τῆς
1556 1602 1822 1674 συνήθους
1841 1601 1949 1654 τῶν

2066 518 2283 573 unctus,
2316 500 2502 565 verum
2522 513 2688 566 totius
2716 513 2970 582 ungentis
2991 517 3301 583 praesentia,
3325 528 3384 572 ut
3407 530 3460 573 et
3493 519 3627 574 illud

2062 600 2204 669 quod
2233 601 2406 666 unxit,
2435 600 2641 656 factum
2676 602 2746 656 sit
2779 601 2963 667 homo,
2995 611 3048 656 et
3078 603 3184 658 hoc
3223 606 3368 674 quod
3398 616 3625 663 unctum

2060 698 2163 754 est,
2188 690 2329 745 Deus
2352 708 2365 757 ;
2402 707 2511 746 non
2543 692 2923 748 immutatione
2947 700 3175 760 naturai,
3200 695 3293 749 sed
3318 696 3521 750 unione
3540 713 3628 751 se-

2061 781 2303 835 cundum
2342 782 2701 852 hypostasim.
2736 783 2880 838 Idem
2913 784 3056 838 enim
3087 792 3204 839 erat
3237 793 3291 838 et
3322 801 3537 855 ungens
3574 797 3630 842 et

2059 880 2280 938 unctus,
2308 889 2519 944 ungens
2551 883 2609 929 ut
2640 874 2784 931 Deus
2841 876 3080 946 seipsum
3113 884 3172 930 ut
3198 877 3496 932 hominem.
3524 877 3628 932 Ee-

2062 976 2160 1015 cur
2178 978 2311 1034 ergo
2336 965 2431 1020 Dei
2456 962 2705 1021 Genitrix
2739 983 2846 1022 non
2876 970 3001 1033 erit,
3030 984 3150 1039 qua:
3173 969 3339 1023 Deum
3372 970 3627 1025 incarna-

2058 1059 2169 1107 tum
2197 1070 2263 1108 ex
2296 1071 2355 1110 se
2380 1057 2605 1127 genuit?
2638 1056 2890 1113 Proiecto
2920 1075 3043 1114 vere
3070 1068 3121 1114 et
3140 1061 3362 1132 proprie
3396 1060 3489 1117 Dei
3522 1061 3628 1118 Ge-

2054 1144 2221 1198 nitrix
2252 1154 2335 1201 est
2367 1157 2420 1201 et
2446 1146 2674 1203 Domina
2695 1191 2710 1216 ,
2741 1152 3109 1220 omnibusque
3136 1153 3331 1208 creatis
3365 1154 3624 1223 imperat,

2055 1250 2174 1304 quae
2192 1236 2390 1291 ancilla
2406 1249 2690 1308 materque
2706 1239 2868 1295 simul
2889 1242 3099 1296 exstitit
3115 1241 3414 1299 Creatoris.
3431 1245 3627 1311 Quem-

2053 1324 2349 1380 admodum
2381 1338 2561 1383 autem
2597 1329 2689 1385 ille
2720 1331 2815 1401 qui
2850 1340 3147 1402 conceptus
3176 1332 3296 1397 fuit,
3345 1349 3463 1388 eam
3504 1352 3626 1405 quas

2051 1417 2680 1490 conceperat,Virginem
2707 1423 2969 1486 servavit;
2996 1424 3075 1478 sic
3098 1424 3377 1480 nascendo
3400 1427 3627 1496 virgini-

2052 1514 2218 1561 tatem
2274 1508 2420 1565 illius
2464 1511 2794 1567 incolumem
2822 1513 3117 1569 custodivit
3142 1554 3157 1578 ,
3189 1516 3340 1572 solus
3372 1533 3469 1587 per
3502 1534 3621 1573 eam

2051 1599 2345 1667 transiens,
2380 1602 2736 1674 clausamque
2770 1620 3101 1662 conservans
3128 1608 3197 1663 ⁷⁸.
3227 1607 3304 1661 Ae
3336 1610 3624 1679 conceptio

368 1695 709 1766 τικτομένων
764 1695 983 1761 ἐξόδου,
1018 1696 1070 1749 εί
1130 1695 1224 1749 καί
1274 1711 1418 1758 τινες
1472 1691 1831 1763 μυθολογοῦσι
1859 1689 1941 1743 διὰ

2048 1687 2268 1757 quidem
2294 1707 2393 1761 per
2423 1692 2673 1748 auditum
2706 1693 2851 1750 facta
2879 1706 2964 1753 est
2988 1714 3002 1752 :
3040 1706 3193 1754 ortus
3221 1712 3349 1755 vero
3374 1715 3470 1769 per
3498 1716 3618 1756 eam

369 1788 470 1858 τῆς
516 1758 760 1858 πλευρᾶς
804 1758 967 1841 αὐτὸν
1004 1780 1261 1857 τεχθῆναι
1305 1786 1405 1850 τῆς
1452 1758 1813 1853 Θεομήτορος.
1868 1779 1941 1833 Ού

2048 1788 2277 1848 partem,
2295 1758 2398 1852 per
2419 1798 2582 1854 quam
2613 1785 2761 1841 exire
2787 1784 2929 1843 fetus
2953 1789 3300 1857 consuescit;
3326 1758 3622 1860 quamlibet

370 1880 481 1951 γὰρ
516 1880 773 1943 ἀδύνατος
811 1875 879 1950 ἦν
932 1879 1026 1933 καὶ
1062 1880 1151 1933 διά
1196 1878 1299 1948 τῆς
1331 1877 1507 1947 πύλης
1554 1874 1812 1935 διελθεῖν,
1847 1870 1942 1924 καὶ

368 1971 575 2042 ταύτης
611 1971 687 2042 μὴ
709 1970 1060 2041 παραϐλάψαι
1092 1971 1399 2041 σήμαντρα.

2048 1870 2215 1941 aliqui
2270 1873 2586 1931 iabulentur
2636 1876 2789 1931 illum
2844 1892 2942 1947 per
2993 1878 3287 1936 Genitricis
3335 1880 3431 1937 Dei
3477 1881 3621 1936 latus

2046 1962 2254 2019 editum
2288 1981 2431 2023 esse.
2462 1968 2649 2041 Neque
2681 1970 2826 2025 enim
2878 1971 2979 2027 hoc
3022 1973 3071 2028 ei
3108 1974 3445 2045 impossibile
3476 1984 3617 2037 erat,

370 2073 432 2116 ut
462 2077 559 2132 per
582 2072 792 2132 portam
829 2062 1105 2126 transiret,
1137 2061 1335 2131 sigillis
1358 2061 1477 2130 ejus
1517 2059 1665 2114 nulla
1697 2064 1849 2128 parte
1877 2050 2239 2112 labefactatis.

439 2152 611 2206 Μένει
648 2152 826 2206 τοίνυν
870 2152 964 2205 καὶ
1026 2152 1164 2222 μετά
1214 2154 1370 2205 τόκον
1428 2150 1692 2222 παρθένος
1742 2150 1776 2220 ἡ
1827 2148 1942 2202 ἀει-

369 2244 663 2315 πάρθενος,
690 2243 941 2313 οὐδαμῶς
965 2243 1118 2315 ἀνδρὶ
1145 2242 1308 2314 μέχρι
1339 2242 1576 2297 θανάτου
1607 2240 1943 2312 προσομιλή-

370 2352 533 2390 σασα.
565 2336 629 2387 El
648 2335 755 2405 γὰρ
784 2336 879 2388 καὶ
909 2335 1251 2406 γέγραπται·
1276 2333 1387 2388 Kal
1408 2336 1520 2389 οὐκ
1553 2333 1706 2403 ἔγνω
1730 2332 1945 2400 αὐτὴν,

367 2428 480 2494 ἕως
497 2422 569 2482 οὗ
591 2427 754 2479 ἔτεκε
769 2425 874 2479 τὸν
886 2426 1019 2479 υἱὸν
1036 2424 1226 2493 αὐτῆς
1246 2423 1756 2492 τὸνπρωτότοκον,
1776 2422 1947 2476 ἰστέον

367 2520 452 2573 ὅτι
506 2518 850 2590 πρωτότοκός
897 2519 1090 2571 ἐστινό
1124 2518 1339 2589 πρῶτος
1382 2516 1687 2588 γεννηθεὶς,
1736 2516 1787 2569 εί
1840 2515 1939 2569 καὶ

371 2611 669 2682 μονογενὴς
718 2610 828 2681 εἴη.
887 2609 961 2663 Τὸ
1014 2610 1112 2681 μὲν
1162 2610 1271 2680 γὰρ
1324 2608 1941 2681 πρωτότοκος,πρῶτον

368 2701 696 2772 γεννηθῆναι
726 2702 899 2773 δηλοῖ,
932 2702 995 2755 ού
1054 2702 1269 2766 πάντως
1314 2699 1377 2755 δέ
1423 2702 1518 2757 καὶ
1569 2702 1772 2773 ἐτέρων
1811 2718 1938 2755 συν-

368 2793 626 2862 εμφαίνει
648 2793 920 2863 γέννησιν.
952 2791 1026 2846 Τὸ
1053 2792 1129 2859 δὲ,
1156 2792 1288 2859 ἕως,
1320 2793 1421 2864 τὴν
1443 2793 1544 2864 μὲν
1570 2792 1665 2846 τοῦ
1695 2792 1939 2862 ὡρισμέ-

366 2900 461 2937 νου
492 2884 683 2953 χρόνου
715 2882 1055 2957 προθεσμίαν
1088 2883 1381 2955 σημαίνει,
1406 2884 1507 2937 οὐκ
1553 2884 1862 2952 ἀποφάσκει
1884 2882 1941 2936 δὲ

364 2976 430 3030 τὸ
456 2977 595 3047 μετά
622 2976 829 3029 ταῦτα·
858 2976 996 3046 φησὶ
1027 2976 1136 3047 γὰρ
1165 2978 1194 3030 ό
1245 2976 1447 3047 Κύριος
1467 2993 1480 3006 ·
1514 2976 1628 3031 Καὶ
1659 2976 1789 3030 ιδοὺ
1825 2975 1940 3047 ἐγὼ

364 3068 496 3135 μεθ’
538 3067 706 3137 ὑμῶν
730 3066 849 3137 εἰμὶ
867 3068 1069 3134 πάσας
1095 3069 1202 3135 τὰς
1224 3067 1468 3138 ἡμέρας,
1497 3067 1609 3135 ἕως
1643 3068 1757 3139 τῆς
1788 3084 1940 3123 συν-

365 3154 604 3220 τελείας
642 3155 748 3209 τοῦ
770 3155 1016 3223 αιῶνος·
1046 3156 1147 3227 οὐχ
1185 3156 1259 3221 ὡς
1289 3155 1429 3227 μετά
1463 3155 1562 3227 τὴν
1601 3157 1696 3210 τοῦ
1744 3159 1940 3225 αίῶνος

368 3247 683 3303 συντέλειαν
712 3248 1211 3320 χωρισθησόμενος.
1230 3248 1367 3319 Φησὶ
1388 3248 1519 3317 γοῦν
1556 3251 1584 3303 6
1615 3249 1757 3313 θεῖος
1784 3252 1940 3305 Ἀπό-

367 3340 585 3402 στολοςο
619 3340 729 3394 Kal
767 3341 951 3404 οὕτως
980 3339 1239 3394 πάντοτε
1266 3339 1390 3394 σὺν
1432 3340 1629 3409 Κυρίῳ
1657 3340 1935 3411 ἐσόμεθα,

366 3428 511 3500 μιτά
547 3429 644 3500 τὴν
671 3432 858 3503 κοινὴν
894 3432 1188 3485 ἀνάστασιν
1216 3430 1411 3500 λέγων·

2118 2146 2379 2205 Adversus
2400 2146 2983 2209 Antidicomarianitas.
3007 2153 3349 2225 Primogeniti
3364 2170 3482 2219 uox,
3500 2170 3619 2209 cum

2044 2242 2204 2296 etiam
2225 2244 2407 2298 unicus
2428 2246 2634 2315 genitus
2655 2256 2752 2301 est.
2785 2247 2890 2301 Vox
2912 2259 3081 2300 nousc
3107 2247 3232 2316 quid
3258 2246 3622 2317 signiﬁcat.—

2046 2330 2245 2387 Mansit
2276 2349 2404 2401 ergo
2436 2344 2559 2405 post
2589 2346 2807 2406 partum
2845 2338 2998 2407 virgo
3019 2377 3033 2402 ,
3064 2340 3185 2407 Quae
3210 2352 3425 2409 semper
3463 2338 3621 2406 virgo

2044 2425 2268 2489 mansit,
2299 2425 2444 2479 nulla
2476 2427 2540 2481 ad
2574 2427 2778 2482 ohitum
2812 2443 2983 2498 usque
3021 2444 3177 2483 suum
3208 2429 3449 2484 admissa
3492 2422 3623 2484 cum

2041 2514 2159 2569 viro
2211 2518 2622 2573 consuetudine.
2687 2518 2947 2585 Quamvis
2998 2521 3146 2575 enim
3198 2520 3464 2589 scriptum
3496 2521 3616 2587 sit;

2041 2605 2113 2659 Et
2144 2624 2247 2662 non
2281 2610 2519 2678 cognouit
2541 2626 2679 2674 eam,
2706 2611 2866 2666 donec
2894 2612 3096 2680 peperit
3121 2611 3296 2676 ﬁlium
3326 2628 3482 2664 suum
3508 2613 3619 2681 pri-

2043 2702 2365 2770 mogenitum
2404 2703 2472 2769 7‘,
2522 2711 2761 2758 attamen
2798 2703 2939 2759 seire
2971 2703 3216 2767 interest,
3270 2704 3617 2773 promogeni-

2043 2799 2159 2845 tum
2209 2792 2363 2847 illum
2394 2809 2516 2849 esse
2545 2794 2638 2864 qui
2666 2794 2875 2863 primus
2909 2796 2979 2849 sit
3012 2803 3354 2867 procreatus,
3399 2795 3615 2850 etiamsi

2043 2884 2247 2954 alioqui
2276 2886 2591 2955 unigenitus
2626 2886 2722 2942 sit.
2756 2885 2970 2941 Etenim
3011 2887 3356 2957 primogeniti
3391 2902 3492 2942 vox
3518 2888 3615 2943 de-

2043 2976 2219 3030 clarat
2239 2976 2454 3046 quidem
2489 2978 2726 3046 primum
2765 2991 2889 3031 esse
2918 2976 3160 3047 genitum
3193 2977 3424 3047 aliquem
3455 2994 3469 3044 ;
3505 2992 3614 3031 non
3696 3014 3707 3021 ε

2044 3066 2265 3136 perinde
2318 3075 2497 3121 tamen
2535 3066 2671 3121 alios
2709 3066 2941 3137 posthac
2981 3081 3104 3123 esse
3140 3067 3356 3138 genitos
3384 3065 3609 3123 indicat.

2040 3159 2206 3228 Atqui
2237 3159 2354 3213 haec
2390 3157 2678 3227 particula,
2721 3158 2883 3213 donec
2906 3198 2920 3225 ,
2952 3159 3025 3214 ita
3056 3158 3359 3230 praescripti
3402 3170 3609 3230 tempo-

2038 3248 2117 3302 ris
2149 3248 2441 3302 terminum
2474 3246 2764 3318 signiﬁcat,
2819 3258 2878 3321 ut
2932 3250 3095 3319 277
3130 3264 3364 3320 sequens
3401 3261 3613 3319 tempus

2038 3337 2308 3395 continuo
2357 3351 2467 3391 non
2512 3336 2790 3392 excludat.
2839 3336 3106 3394 Dominus
3136 3339 3408 3409 siquidem
3438 3338 3609 3394 dixit:

2039 3430 2108 3485 Et
2136 3446 2250 3485 ecce
2271 3445 2362 3499 ego
2397 3427 2661 3481 vobiscum
2683 3444 2800 3481 sum
2824 3428 3064 3483 omnibus
3105 3429 3312 3493 diebus,
3348 3446 3510 3501 usque
3534 3432 3605 3483 ad

364 3527 867 3584 consummationem
890 3526 1072 3581 sieculi
1096 3527 1171 3592 '°;
1201 3542 1309 3581 non
1338 3525 1509 3582 veluti
1544 3536 1925 3583 consummato
1964 3527 2165 3584 saeculo
2199 3539 2321 3581 sese
2352 3523 2423 3578 sit
2461 3522 2860 3587 abstracturus.
2910 3522 3000 3576 Ait
3032 3524 3229 3594 quippe
3270 3526 3607 3595 Apostolus:

364 3622 438 3678 Et
470 3624 549 3679 sic
573 3638 773 3692 semper
801 3639 920 3676 cum
966 3622 1191 3676 Domino
1233 3622 1431 3675 erimus
1460 3620 1527 3687 ⁸⁸,
1560 3621 1770 3676 scilicet
1809 3630 1935 3692 post
1970 3633 2319 3679 communem
2353 3615 2835 3671 resurrectionem.
3394 3622 3401 3637 ‘

438 3734 566 3799 Πῶς
598 3735 706 3805 γὰρ
742 3734 807 3788 ἂν
854 3733 985 3787 Θεὸν
1029 3732 1336 3803 γεννήσασα
1362 3770 1380 3798 ,
1411 3733 1507 3785 καὶ
1558 3733 1623 3785 ἐκ
1674 3732 1775 3802 τῆς
1823 3733 1934 3789 τῶν

368 3826 929 3899 παρηκολουθηκότων
964 3824 1163 3895 πείρας
1184 3824 1246 3878 τὸ
1275 3824 1461 3893 θαῦμα
1480 3824 1817 3895 γνωρίσασα,
1840 3827 1934 3879 ἀν-

363 3918 491 3989 δρὸς
520 3918 813 3987 συνάφειαν
860 3914 1213 3982 κατεδέξατο;
1247 3916 1425 3984 ἄπαγε
1445 3932 1460 3948 ο
1501 3916 1562 3968 οὐ
1596 3916 1933 3987 σωφρονοῦν-

365 4025 458 4071 τος
494 4006 755 4078 λογισμοῦ
799 4007 868 4061 τὰ
898 4006 1125 4062 τοιαῦτα
1153 4008 1293 4060 νοεῖν
1318 4046 1334 4071 ,
1369 4005 1446 4078 μὴ
1494 4006 1577 4060 ὃτι
1614 4008 1707 4060 καὶ
1759 4007 1931 4077 πράτ-

362 4116 499 4156 τειν.
1140 4114 1143 4117 ’

447 4214 589 4268 Ἀλλ’
631 4214 768 4286 αὕτη
800 4216 833 4287 ἡ
888 4213 1158 4285 μακαρία,
1190 4215 1282 4268 καὶ
1310 4212 1420 4272 τῶν
1450 4213 1591 4284 ὑπὲρ
1616 4214 1776 4282 φύσιν
1824 4213 1929 4266 δω-

365 4303 505 4377 ρεῶν
545 4304 837 4372 ἀξιωθεῖσα
863 4344 879 4369 ,
905 4307 1002 4370 τὰς
1031 4306 1243 4370 ὠδῖνας,
1277 4306 1344 4371 ἃς
1382 4308 1601 4376 διέφυγε
1646 4306 1924 4374 τίκτουσα,
1958 4342 2003 4398 D

361 4395 566 4462 ταύτας
595 4398 653 4450 ἐν
680 4397 758 4468 τῷ
803 4397 898 4450 τοῦ
938 4398 1145 4461 πάθους
1176 4398 1354 4467 καιρῷ
1393 4399 1676 4468 ὑπέμεινε,
1703 4399 1807 4452 ὑπὸ
1828 4401 1929 4471 τῆς

363 4486 640 4557 μητρικῆς
672 4486 1009 4557 συμπαθείας
1033 4484 1143 4538 τῶν
1195 4485 1518 4556 σπλάγχνων
1545 4485 1636 4539 τὸν
1680 4502 1930 4558 σπαραγ-

359 4578 464 4647 μὸν
508 4578 783 4632 ἀνατλᾶσα
807 4619 821 4643 ,
870 4579 965 4631 καὶ
1004 4577 1064 4631 ὃν
1104 4576 1248 4645 ἔγνω
1283 4576 1417 4630 Θεὸν
1464 4576 1553 4631 διά
1600 4579 1927 4649 γεννήσεως,

357 4668 547 4725 τοῦτον
579 4669 653 4732 ὡς
706 4668 1013 4739 κακοῦργον
1059 4667 1449 4738 ἀναιρούμενον
1504 4666 1781 4737 βλέπουσα
1804 4710 1819 4735 ,
1850 4667 1927 4731 ὡς

360 4760 607 4833 ῥομφαία
655 4762 769 4823 τοῖς
825 4759 1103 4830 λογισμοῖς
1149 4758 1526 4829 ἐσπαράττετο
1561 4773 1576 4789 ’
1619 4758 1713 4812 καὶ
1767 4757 1926 4811 τοῦτό

358 4856 508 4906 ἐστι’
536 4852 643 4905 Kal
669 4850 787 4905 σοῦ
822 4849 890 4903 δὲ
940 4850 1130 4918 αὐτῆς
1165 4848 1280 4918 τὴν
1303 4849 1519 4919 ψυχὴν
1551 4849 1929 4904 διελεύσεται

350 4942 617 5010 ῥομφαία
632 4938 680 4995 δ.
713 4940 875 4994 Ἀλλά
915 4940 1239 5012 μεταϐάλλει
1280 4939 1377 5011 τὴν
1402 4940 1578 5010 λύπην
1601 4942 1634 5010 ἡ
1655 4940 1800 5011 χαρὰ
1827 4941 1930 5011 τῆς

355 5031 730 5099 ἀναστάσεως,
752 5032 887 5087 Θεὸν
907 5034 999 5086 τὸν
1032 5033 1198 5104 σαρκὶ
1223 5031 1457 5085 θανόντα
1483 5030 1852 5103 κηρύττουσα.

2110 3733 2404 3789 Enimvero
2430 3731 2524 3801 qui
2565 3729 2683 3785 ﬁeri
2715 3729 3005 3800 potuisset,
3050 3743 3108 3786 ut
3150 3747 3273 3802 quas
3298 3731 3469 3788 Deum
3510 3750 3609 3805 ge-
3664 3734 3675 3741 ’

2038 3832 2254 3889 nuerat,
2282 3829 2336 3877 et
2370 3836 2438 3877 ex
2469 3833 2661 3875 eorum
2692 3834 2811 3889 qua
2839 3833 3024 3874 secuta
3046 3829 3176 3874 sunt
3210 3821 3603 3890 experimento,

2036 3913 2360 3969 miraculum
2413 3920 2665 3972 noverat,
2710 3910 2811 3963 viri
2871 3911 3215 3980 complexum
3249 3912 3606 3968 admisisset?

2035 4004 2181 4060 absit
2230 4002 2346 4057 haec
2375 4000 2580 4070 opinio.
2614 3998 2967 4070 Nequaquam
3018 4003 3161 4057 casti
3212 4002 3382 4057 animi
3438 4002 3606 4058 fuerit

2034 4096 2165 4150 talia
2186 4094 2447 4165 cogitare,
2478 4092 2674 4147 nedum
2708 4102 3038 4161 perpetrare.

2099 4209 2300 4264 Verum
2328 4208 2484 4262 beata
2514 4206 2649 4269 haec,
2673 4215 2839 4276 atque
2867 4205 3145 4262 beneﬁciis
3168 4206 3460 4276 ejusmodi,
3481 4225 3603 4280 qua

2032 4310 2239 4355 naturae
2271 4296 2490 4352 modum
2524 4297 2807 4363 excedant,
2844 4297 3141 4362 cumulata,
3176 4313 3315 4368 quos
3347 4300 3401 4355 in
3438 4310 3600 4371 partu

2031 4390 2249 4445 dolores
2275 4387 2559 4459 effugerat,
2596 4388 2867 4457 passionis
2902 4398 3140 4458 tempore
3168 4392 3448 4455 sustinuit,
3486 4408 3601 4448 ma-

2029 4489 2188 4535 terno
2220 4477 2413 4534 aﬂeetu
2442 4476 2671 4532 lacerari
2695 4477 2801 4532 sibi
2830 4478 3042 4533 viscera
3071 4480 3335 4543 sentiens,
3362 4481 3600 4538 intimis-

2030 4587 2138 4643 que
2155 4569 2579 4640 cogitationibus
2601 4569 2765 4624 veluti
2787 4568 2965 4640 gladio
2980 4570 3269 4638 discerpta,
3294 4586 3417 4624 cum
3441 4571 3596 4626 illum

2032 4677 2193 4733 quem
2246 4661 2517 4731 gignendo
2559 4658 2726 4715 Deum
2770 4674 2894 4715 esse
2941 4666 3291 4731 cognoverat,
3338 4671 3596 4731 tanquam

2033 4751 2355 4807 sceleratum
2420 4749 2656 4818 aliquem
2718 4759 2895 4805 morte
2953 4748 3094 4805 allici
3163 4759 3432 4806 cerneret.
3502 4752 3598 4806 Sic

2030 4855 2193 4911 porro
2226 4838 2637 4910 intelligendum
2669 4839 2797 4894 illud
2822 4848 2907 4895 est
2939 4858 2953 4895 :
2989 4838 3057 4893 Et
3086 4849 3231 4895 tuam
3263 4842 3431 4910 ipsius
3479 4842 3597 4894 ani-

2030 4949 2173 4988 mam
2202 4930 2406 4986 doloris
2436 4930 2647 5003 gladius
2692 4932 3039 5001 pertransibit
3064 4933 3131 4986 ".
3160 4932 3426 4989 Caeterum
3460 4946 3596 4986 mm-

2026 5040 2207 5081 rorem
2259 5023 2476 5093 excepit
2524 5024 2943 5079 resurrectionis
2973 5023 3193 5089 laetitia,
3252 5038 3373 5093 quae
3422 5021 3595 5078 Deum

2026 5132 2148 5174 esse
2177 5116 2328 5173 illum
2360 5117 2710 5187 personabat,
2734 5116 2825 5187 qui
2847 5129 3010 5172 carne
3035 5124 3261 5172 mortem
3287 5115 3519 5171 obierat.

458 5273 503 5304 ’⁸
549 5272 751 5330 Ezech.
792 5289 940 5337 κων.
1004 5274 1059 5328 2.
1137 5274 1184 5305 "
1217 5273 1409 5328 Matth.
1460 5272 1619 5337 |,25.
1688 5272 1736 5305 ⁸⁸
1762 5272 1941 5327 Matth.

2048 5290 2183 5342 LVIII,
2209 5274 2298 5330 20.
2378 5276 2474 5330 “.l
2506 5273 2700 5330 Thess.
2727 5290 2801 5341 tv,
2841 5275 2927 5330 i6.
3006 5274 3217 5337 ",Luc.
3249 5291 3312 5341 ιι,
3343 5276 3432 5332 55.

1624 5433 1857 5489 νΑιιῐΑῑ
1896 5431 2297 5489 LECTIONES.

418 5543 449 5616 ε
481 5539 639 5616 Deest
664 5539 732 5616 ἦν
771 5543 827 5598 in
855 5543 1174 5616 codicibus
1220 5544 1546 5614 quibusdam
1578 5545 1765 5616 Regiis
1804 5558 1859 5601 et
1884 5547 2041 5602 Colb.
2070 5547 2120 5600 1.

734 5613 936 5688 υμεὼν,
972 5613 1065 5688 τὸν
1097 5612 1299 5683 Κύριον
1346 5612 1874 5688 ἐναγκαλισάμενος·
1911 5617 2064 5684 Quod
2116 5615 2327 5686 quidem
2380 5613 2626 5684 pradixit
2668 5617 2717 5671 ei
2774 5614 2877 5671 Dei
2914 5612 3419 5686 susceptor'Sinieon

342 5616 371 5666 ὲ
405 5611 650 5682 θεοδόχος

345 5697 543 5736 mmum
578 5684 717 5737 ulnis
747 5684 856 5738 suis
887 5687 1242 5754 complexam.

624 5778 894 5839 PATROL.
939 5781 1052 5843 Gn.
1099 5778 1300 5843 XCIV.

2223 5547 2251 5587 ιι
2282 5544 2513 5601 Additur
2542 5544 2594 5599 in
2635 5544 2702 5599 ﬂ.
2742 5544 2882 5600 2926
2919 5545 3057 5612 ὅπερ
3089 5544 3226 5615 αὐτῇ
3262 5543 3588 5668 προείρτῗεν

2223 5615 2327 5668 lem
2380 5613 2626 5668 nrwdixit
2668 5617 2717 5668 ei
2774 5614 2877 5668 Dei
2914 5626 3186 5668 susceptor
3212 5612 3442 5668 Simeon.
3524 5631 3587 5666 o-

3124 5779 3192 5841 37
