3864 6198
219 332 362 398 1165

1281 332 1375 404 DE
1404 331 1580 389 FIDE
1610 328 2075 418 on'ruoooxa
2118 327 2263 386 LIB.
2283 292 2403 418 ἰν.

3337 322 3471 387 1166

212 446 341 494 τέον
373 437 485 509 (92)
509 436 638 501 τοὺς
665 436 943 507 ἐμψύχους
968 438 1128 501 ναοὺς
1169 438 1263 492 τοῦ
1298 441 1454 501 Θεοῦ,
1488 442 1554 494 τά
1587 441 1804 511 ἔμψυχα

1927 440 2036 500 ιιὶε,
2075 415 2475 506 νὶνῑςιιιιοέῂιε
2523 433 2893 490 tabernaculis
2939 436 3114 490 honor
3143 451 3248 489 non
3285 437 3356 489 sit
3382 437 3478 489 ad‘

216 529 315 583 τοῦ
361 526 500 580 Θεοῦ
540 527 874 597 σκηνώματα
912 544 926 592 ;
961 523 1118 587 Οὗτοι
1175 529 1375 593 ζῶντες
1427 532 1484 582 ἐν
1518 533 1802 603 παρρησία

209 622 298 692 τῷ
329 620 451 689 Θεῷ
473 620 896 690 παρεστήκασι.

292 714 491 782 Πηγὰς
544 713 676 781 ἡμῖν
736 712 1038 782 σωτηρίους
1081 713 1110 765 ὁ
1157 716 1432 784 Δεσπότης
1467 717 1696 787 Χριστὸς
1740 718 1806 771 τὰ

211 805 330 856 τῶν
367 804 540 869 ἁγίων
569 801 879 872 παρέσχετο
910 803 1142 872 λείψανα
1160 843 1175 866 ,
1216 806 1572 876 πολυτρόπως
1599 808 1694 870 τὰς
1721 809 1807 860 εὑ-

215 896 484 965 εργεσίας
528 893 842 963 πηγάζοντα
872 935 886 958 ,
917 895 1088 964 μύρον
1146 896 1373 958 εὐωδίας
1422 897 1654 968 βρύοντα
1677 915 1688 927 ’
1715 899 1807 952 καὶ

219 986 420 1057 μηδεὶς
475 985 792 1037 ἀπιστείτω.
843 986 902 1037 Εἰ
943 986 1050 1056 γὰρ
1086 988 1142 1052 ἐξ
1205 988 1515 1058 ἀκροτόμου
1555 992 1647 1042 καὶ
1687 1007 1806 1043 στε·

219 1081 358 1149 ρεᾶς
420 1078 623 1149 πέτρας
660 1077 805 1147 ὕδωρ
850 1080 907 1130 ἐν
954 1081 1146 1149 ἐρήμῳ
1181 1082 1449 1150 ὲπήγασε,
1484 1081 1806 1151 βουλομένου

217 1173 381 1236 θεοῦ,
409 1175 505 1224 καὶ
534 1174 597 1225 ἐκ
623 1173 867 1240 σιαγόνος
892 1173 1012 1225 ὄνου
1032 1173 1166 1243 (92⁸)
1201 1173 1278 1242 τῷ
1303 1172 1540 1243 Σαμψὼν
1564 1174 1807 1242 διψῶντι,

220 1269 288 1317 ἐκ
339 1263 697 1335 μαρτυρικῶν
732 1264 998 1333 λειψάνων
1043 1248 1215 1335 μύρον
1265 1265 1464 1329 εὑῶδες
1491 1265 1810 1328 ἀναϐλύζειν

220 1356 488 1419 timorm;
534 1354 824 1424 Οὐδαμῶς,
855 1357 968 1418 τοῖς
995 1372 1058 1423 γε
1111 1355 1274 1408 εἰδόσι
1300 1357 1398 1426 τὴν
1427 1357 1522 1409 τοῦ
1554 1357 1688 1409 Θεοῦ
1724 1357 1814 1410 δύ-

220 1463 417 1515 ναμιν,
446 1447 539 1499 καὶ
573 1447 673 1510 τὴν
706 1446 816 1497 τῶν
855 1445 1024 1513 ἁγίων
1053 1448 1183 1515 παρ’
1215 1446 1378 1498 αὑτοῦ
1412 1449 1578 1516 τιμήν
1613 1483 1620 1487 -

318 1713 409 1763 Ἐν
441 1710 558 1779 τῷ11
585 1710 734 1779 νόμῳ
771 1711 878 1772 πᾶς
910 1711 938 1762 ὁ
979 1710 1286 1779 ἁπτόμενος
1330 1710 1525 1782 νεκροῦ
1571 1711 1817 1782 ἀκάθαρ-

1907 531 2215 585 hibendus?
2250 530 2310 583 lli
2350 531 2479 583 dum
2521 528 2765 582 viverent
2801 542 2924 582 cum
2970 528 3165 582 liducia
3201 528 3312 584 Deo
3343 530 3476 582 asti~

1907 631 2088 676 terunt
2118 623 2184 674 θ’.
3359 689 3363 692 Α

1927 730 1929 732 ‘
1977 714 2233 769 Christus
2277 713 2536 767 Dominus
2560 723 2881 768 sanctorum
2915 711 3170 780 reliquias
3209 713 3355 767 velut
3395 730 3482 768 sa-

1909 809 2116 861 lutares
2147 806 2326 860 fontes
2378 806 2628 875 praebuit,
2659 821 2725 860 ex
2762 805 2966 875 quibus
2999 805 3232 874 plurima
3269 804 3334 857 ad
3384 822 3482 858 nos

1908 891 2173 954 beneﬁcia
2243 906 2512 963 manant,
2572 898 3075 966 suavissimnmque
3142 903 3480 965 unguentum

1910 994 2147 1063 prolluit.
2197 993 2306 1045 Nec
2347 993 2638 1062 quisquam
2690 991 2775 1045 his
2827 991 2984 1045 fidem
3035 991 3305 1044 detrahat.
3350 990 3481 1042 Nam

1911 1085 1952 1137 si
1996 1099 2135 1150 aqua
2177 1084 2228 1135 in
2257 1082 2475 1134 deserto
2508 1098 2574 1135 ex
2605 1096 2795 1150 aspera
2822 1092 2874 1135 ct
2902 1081 3038 1133 dura
3075 1096 3209 1149 rupe
3242 1081 3281 1144 ¹,
3324 1089 3486 1147 atque

1911 1189 1973 1226 ex
2014 1174 2150 1226 asini
2199 1175 2442 1235 maxilla,
2492 1173 2554 1226 ad
2605 1173 2904 1226 sedandam
2954 1170 3210 1224 Samsoni
3263 1172 3408 1224 sitim
3442 1172 3482 1232 ',

1912 1263 2021 1317 Deo
2055 1264 2127 1317 ita
2159 1263 2394 1324 volente,
2430 1263 2686 1330 prosiliit,
2729 1277 2828 1315 cur
2868 1261 3186 1315 incredibile
3240 1261 3488 1313 videatur

1913 1372 1975 1409 ex
2018 1365 2319 1425 martyrum
2354 1355 2600 1422 reliquiis
2629 1369 2794 1409 suave
2824 1360 3160 1423 unguentum
3185 1353 3492 1406 scaturire?

1915 1447 2136 1501 Minime
2189 1455 2354 1509 certe,
2422 1446 2491 1499 iis
2536 1445 2757 1515 quidem
2811 1445 3014 1514 quibus
3075 1443 3166 1497 Dei
3224 1436 3487 1513 potentia,

1914 1549 1967 1592 et
2039 1539 2212 1593 honor
2265 1551 2374 1607 quo
2451 1545 2673 1591 sanctos
2741 1552 2873 1591 suos
2937 1534 3138 1600 allicit,
3212 1537 3488 1605 explorata

1918 1640 2068 1686 sunt.

1989 1723 2170 1776 Sancti
2220 1722 2442 1775 mortuis
2474 1737 2576 1774 non
2607 1720 3014 1773 annumerandi.
3062 1717 3244 1772 Totius
3275 1719 3495 1772 [mutua-1'

225 1819 330 1864 τος
359 1801 750 1871 ἐχρημάτιζεν,
785 1799 898 1853 ἀλλ’
930 1801 1030 1870 οὐχ
1075 1796 1220 1854 οὗτοι
1248 1802 1452 1872 νεκροί.
1487 1797 1682 1871 Ἀφ’οὗ
1707 1805 1816 1873 γὰρ

1927 1816 2122 1883 generis
2163 1814 2397 1880 patroni.
2441 1839 2488 1852 σ-
2530 1814 2588 1865 1η
2617 1812 2732 1882 lege
2764 1811 3019 1880 quisquis
3055 1821 3331 1865 mortuum
3373 1812 3497 1864 teti-

227 1898 264 1963 ἡ
297 1892 573 1961 αύτοζωὴ,
604 1895 633 1944 ὁ
659 1893 757 1962 τῆς
783 1893 929 1962 ζωῆς
967 1893 1162 1957 αἴτιος,
1195 1898 1252 1947 ἐν
1293 1897 1505 1964 νεκροῖς
1538 1894 1814 1966 ἐλογίσθη,

226 1987 368 2050 τοὺς
397 1987 483 2038 ἐπ’
513 1986 688 2039 ἐλπίδι
713 1986 1064 2049 ἀναστάσεως
1107 1988 1200 2040 καὶ
1231 1989 1295 2058 τῇ
1334 1989 1414 2049 είς
1447 1987 1608 2041 αὐτὸν
1637 1988 1818 2040 πίστει

232 2079 610 2150 κοιμηθέντας
634 2121 648 2143 ,
682 2080 744 2132 ού
797 2081 1025 2148 νεκροὺς
1075 2080 1571 2151 προσαγορεύομεν.
1611 2082 1819 2151 Νεκρὸν

237 2173 352 2240 γὰρ
381 2171 544 2240 σῶμα
575 2170 693 2234 πῶς
731 2170 1170 2241 θαυματουργεῖν
1201 2171 1423 2226 δύναται
1445 2189 1460 2236 ;
1486 2173 1607 2235 Πῶς
1629 2169 1721 2226 οὖν
1752 2173 1819 2224 δι’

234 2261 428 2315 αὐτῶν
476 2262 728 2332 δαίμονες
755 2262 1174 2325 ἀπελαύνονται,
1201 2264 1349 2316 νόσοι
1406 2264 1819 2333 φυγαδεύονται,

235 2355 494 2417 ἀσθενεῖς
531 2353 962 2425 θεραπεύονται,
990 2354 1178 2422 τυφλοὶ
1218 2355 1604 2418 ἀναϐλέπουσι,
1633 2357 1822 2427 λεπροὶ

237 2445 625 2516 καθαίρονται,
655 2446 955 2516 πειρασμοὶ
981 2446 1075 2497 καὶ
1117 2447 1264 2499 ἀνίαι
1297 2447 1535 2511 λύονται,
1566 2449 1713 2502 πᾶσα
1737 2449 1823 2502 δό-

241 2553 336 2597 σις
361 2534 539 2604 ἀγαθὴ
563 2535 627 2588 ἐκ
655 2534 751 2588 τοῦ
796 2535 1007 2603 Πατρὸς
1033 2534 1142 2587 τῶν
1168 2535 1363 2603 φώτων
1388 2537 1454 2589 δι’
1497 2536 1675 2589 αὐτῶν
1711 2540 1822 2599 τοῖς

240 2626 557 2696 ἀδιστάκτῳ
586 2626 766 2678 πίστει
798 2624 1008 2679 αἰτοῦσι
1038 2627 1281 2693 κάτεισι;
1323 2627 1471 2680 Πόσα
1499 2627 1566 2681 ἄν
1595 2628 1822 2698 ἔκαμες,

244 2719 343 2770 ἵνα
375 2716 685 2786 προστάτην
725 2716 890 2788 εῦρῃς
921 2717 1100 2787 θνητῷ
1129 2735 1188 2770 σε
1222 2717 1434 2786 βασιλεί
1456 2721 1822 2790 προσάγοντα,

245 2810 351 2863 καὶ
374 2808 514 2878 ὑπὲρ
543 2808 635 2860 σοῦ
681 2808 816 2878 πρὸς
857 2809 1020 2862 αὑτὸν
1064 2811 1190 2872 τοὺς
1233 2809 1427 2877 λόγους
1474 2814 1824 2880 ποιούμενονς

246 2901 396 2962 Τοὺς
450 2894 542 2953 οὖν
593 2903 898 2968 προστάτας
933 2899 1028 2952 τοῦ
1081 2901 1270 2968 γένους
1325 2902 1561 2964 παντὸς,
1590 2905 1717 2965 τοὺς
1755 2903 1831 2974 τῷ

246 2991 374 3061 Θεῷ
411 2991 547 3060 ὑπὲρ
578 2990 736 3060 ἡμῶν
756 2992 855 3053 τὰς
878 2991 1148 3056 ἐντεύξεις
1177 2993 1552 3062 ποιουμένους,
1583 2995 1645 3046 ού
1671 3011 1832 3064 τιμη-

1921 1904 2430 1976 gerat,immundus
2461 1901 2838 1958 censebatur".
2873 1902 3067 1956 Verum
3094 1902 3147 1955 hi
3169 1903 3221 1955 in
3255 1914 3495 1955 mortuo-

1923 2013 2041 2050 rum
2091 2009 2320 2049 numero
2372 1994 2608 2049 habendi
2645 2007 2754 2047 non
2789 2002 2939 2047 sunt.
2976 1991 3053 2046 Ex
3089 2006 3198 2061 quo
3231 1992 3375 2046 enim
3409 1992 3497 2045 illc

1922 2087 2016 2156 qui
2047 2086 2162 2154 ipsa
2199 2085 2305 2138 vita
2334 2095 2437 2148 est,
2480 2093 2532 2138 et
2573 2085 2697 2138 vitae
2735 2093 2930 2137 auctor
2960 2084 3104 2137 inter
3135 2093 3382 2136 mortuos
3404 2082 3498 2134 de-

1925 2183 2147 2246 putatus
2170 2182 2254 2228 est
2282 2193 2292 2226 :
2328 2189 2421 2228 eos
2452 2173 2545 2242 qui
2579 2188 2704 2226 cum
2756 2187 2853 2242 spe
2887 2171 3332 2234 resurrectionis,
3374 2171 3501 2223 ﬁde-

1925 2281 2031 2336 que
2063 2267 2117 2320 in
2155 2266 2355 2336 ipsum,
2383 2264 2817 2326 obdormieruut,
2858 2278 3204 2333 nequaquam
3256 2269 3500 2314 mortuos

1927 2357 2282 2428 appellamus.
2343 2354 2447 2420 Qui
2507 2353 2652 2409 enim
2739 2368 2944 2423 corpus
3017 2353 3278 2406 miracula
3341 2351 3505 2425 edere

1929 2450 2131 2520 queat?
2162 2447 2408 2514 Quanam
2444 2446 2610 2516 igitur
2640 2445 2856 2500 ratione
2885 2445 3079 2500 horum
3105 2457 3270 2515 Opera
3309 2443 3505 2497 daemo-

1931 2558 2027 2596 nes
2051 2541 2422 2610 expelluntur,
2457 2537 2630 2592 morbi
2661 2535 3044 2607 proﬂigantur,
3074 2536 3265 2606 aegroti
3301 2547 3503 2590 sanan-

1930 2644 2040 2696 tur,
2075 2634 2201 2689 caeci
2234 2635 2412 2687 visum
2440 2630 2730 2700 recipiunt,
2763 2629 2958 2698 leprosi
2985 2620 3341 2687 munda'ntur,
3378 2637 3498 2678 ten-

1933 2728 2166 2780 tationcs
2206 2740 2268 2778 ac
2322 2737 2612 2788 ntmrores,
2666 2735 2824 2774 omne
2875 2720 3062 2773 datum
3113 2717 3404 2787 optimum,
3441 2717 3506 2769 iis

1932 2820 2024 2886 qui
2085 2819 2186 2871 lide
2234 2833 2342 2870 non
2401 2814 2565 2869 dubia
2612 2813 2912 2882 postulant,
2953 2825 3052 2880 per
3088 2824 3184 2864 eos
3223 2809 3507 2863 descendit

1935 2931 1962 2966 a
2001 2914 2158 2966 Patre
2190 2912 2453 2965 luminum
2489 2909 2528 2963 ⁵.
2564 2908 2704 2974 Quid
2734 2907 2940 2964 laboris
2965 2921 3072 2960 non
3109 2904 3405 2973 suscipias,
3449 2912 3506 2955 ut

1935 3015 2223 3073 patronum
2260 3001 2620 3061 nanciscaris,
2650 3000 2744 3069 qui
2795 3006 2848 3053 te
2897 2997 3112 3051 mortali
3155 2997 3255 3066 ‘egi
3292 2995 3504 3058 oﬂ‘erat,

248 3085 412 3150 τέον;
444 3085 550 3136 Ναὶ
584 3085 688 3155 μὴν
731 3085 985 3154 τιμητέον
1005 3083 1048 3151 ι,
1075 3085 1236 3146 ναοὺς
1276 3085 1587 3174 ἐγείρονται]
1616 3085 1694 3156 τῷ
1715 3087 1820 3157 Θεᾷ

1935 3103 1992 3150 et
2022 3109 2119 3164 pro
2157 3105 2209 3148 te
2231 3096 2302 3148 ad
2331 3107 2454 3147 eum
2483 3094 2646 3146 verba
2688 3090 2889 3146 faciat?
2915 3091 3110 3144 Annon
3143 3089 3307 3158 igitur
3339 3088 3375 3141 ii
3409 3088 3508 3142 ho-

251 3177 355 3228 ἐπὶ
376 3176 454 3246 τῷ
485 3176 688 3229 τούτων
727 3177 951 3247 ὀνόματι
973 3218 986 3241 ,
1022 3179 1402 3248 καρποφορίας
1431 3181 1829 3250 προσάγοντας,

253 3269 359 3329 τὶις
391 3268 593 3320 τούτων
635 3269 856 3339 μνήμας
894 3269 1253 3339 γεραίροντας
1278 3271 1402 3333 ,καὶ
1431 3273 1489 3322 ἐν
1519 3270 1706 3332 αὐταῖς
1745 3271 1832 3322 εὑ-

255 3361 658 3430 φραινομένους
710 3363 1118 3431 πνευματικῶς,
1157 3363 1244 3416 ἵνα
1296 3361 1473 3416 οἰκεία
1527 3363 1635 3415 τῶν
1698 3379 1831 3430 συγ-

258 3455 572 3507 καλούντων
610 3455 641 3524 ή
671 3454 976 3525 εὐφροσύνη
1012 3455 1261 3525 γένηται,
1287 3456 1372 3509 ἵνα
1407 3456 1480 3527 μὴ
1509 3455 1833 3526 θεραπεύειν

257 3545 613 3617 πειρώμενοι,
661 3546 965 3615 τοῦμπαλιν
999 3549 1194 3610 αὐτοὺς
1249 3548 1692 3618 παροργίσωμεν.
1739 3545 1834 3612 Οἷς

262 3640 368 3710 μὲν
408 3640 517 3707 γὰρ
545 3638 676 3702 Θεὸς
706 3638 1090 3710 θεραπεύεται,
1135 3641 1228 3694 καὶ
1262 3642 1310 3693 οί
1344 3640 1530 3694 τούτου
1565 3641 1836 3710 θεράπον-

259 3748 357 3792 τες
386 3730 852 3801 εὐφρανθήσονται
895 3749 906 3761 ·
941 3726 1021 3794 οἷς
1071 3731 1125 3783 δὲ
1163 3731 1510 3802 προσοχθίζει
1557 3731 1711 3794 Θεὸς,
1742 3733 1838 3785 καὶ

260 3825 312 3876 οἱ
339 3823 528 3876 τούτου
573 3823 987 3892 προσοχθιοῦσιν
1047 3823 1402 3876 ὑπασπισταί.
1461 3824 1548 3876 Ἐν
1577 3824 1833 3893 ψαλμοῖς,

340 3999 380 4026 ‘-“-’
426 4000 604 4050 Aster.
639 3999 794 4052 lloni.
839 3999 890 4050 in
924 3999 1022 4053 SS.
1066 4008 1223 4051 inart.
1309 4001 1322 4029 ¹
1358 3998 1522 4052 Exod.
1570 4017 1700 4059 xvu,
1735 4001 1784 4053 6.

1863 4000 1883 4029 ²
1917 3996 2100 4052 Judic.
2128 4015 2217 4063 xv,
2245 4000 2328 4050 l7.

1941 3185 2192 3248 uorandi,
2225 3185 2319 3253 qui
2372 3183 2538 3236 totius
2585 3182 2803 3252 generis
2853 3182 3074 3235 humani
3112 3181 3325 3249 patroni
3357 3187 3505 3244 sunt,

1940 3275 2156 3347 Deoque
2189 3294 2286 3346 pro
2330 3276 2488 3329 nobis
2532 3276 2808 3346 supplices
2843 3289 3037 3344 preces
3071 3271 3366 3325 adhibent?
3402 3269 3511 3330 Ho-

1941 3367 2193 3430 norandi,
2227 3378 2409 3431 certe;
2446 3374 2498 3420 et
2529 3365 2752 3434 quidem
2790 3366 2864 3416 ita
2894 3371 2953 3416 ut
2984 3362 3037 3415 in
3069 3377 3260 3416 eorum
3292 3359 3512 3414 nomine

1941 3460 2139 3528 templa
2173 3459 2283 3514 Deo
2303 3466 2675 3518 exstruamus,
2700 3457 2840 3511 dona
2863 3456 3180 3517 offeramus,
3213 3453 3511 3508 memorias

1941 3568 2132 3606 eorum
2164 3552 2430 3616 colamus,
2461 3559 2623 3620 atque
2655 3550 2706 3603 in
2760 3549 2827 3602 iis
2870 3548 3236 3618 spiritualiter
3274 3547 3512 3599 oblecte—

1935 3659 2059 3698 mur
2092 3665 2102 3697 :
2137 3659 2198 3697 ea
2238 3643 2426 3710 utique
2457 3641 2664 3703 laetitia,
2699 3655 2819 3708 quae
2847 3640 2955 3692 illis
2995 3639 3232 3691 arrideat
3264 3637 3428 3706 279
3482 3654 3511 3689 a

1936 3733 2137 3802 quibus
2170 3734 2470 3786 invitamur
2495 3745 2579 3793 ne,
2603 3729 2731 3782 dum
2756 3729 3021 3781 demereri
3053 3728 3172 3780 illos
3199 3727 3512 3780 studemus:

1942 3823 2282 3878 offendamus
2307 3821 2484 3890 potius
2514 3828 2567 3874 et
2601 3819 2902 3871 irritemus.
2937 3817 3148 3881 Quibus
3176 3815 3319 3869 enim
3350 3816 3516 3868 rebus

2416 3995 2621 4050 3Num.
2663 4010 2776 4058 nx,
2820 3993 2902 4047 ll.
2991 3994 3149 4049 “Jac.
3181 3989 3334 4055 ι,17.

1553 4152 1785 4209 νΑιιιιΕ
1818 4153 2219 4211 LECTIONES.

341 4244 360 4281 ¹ι
391 4245 546 4299 Edita
574 4246 667 4298 καὶ
708 4247 762 4298 ἐν
793 4245 888 4315 τῷ.
974 4243 989 4282 ι
1028 4243 1149 4297 lliec
1180 4260 1280 4297 vox
1320 4248 1372 4297 in
1400 4246 1565 4300 editis
1588 4247 1800 4299 deerat.

1784 4397 2018 4454 ΝΟΤᾹΞ.

341 4514 451 4584 (8‘2)
498 4513 628 4578 Πῶς
659 4509 879 4584 οὖινλοὺ
932 4511 1223 4584 τιμητέον.
1257 4511 1536 4584 Curergo
1587 4513 1840 4564 animatis
1875 4493 1918 4546 θ
1949 4529 2160 4568 necnon
2215 4528 2323 4568 una
2353 4528 2485 4568 voce
2513 4521 2606 4575 ΤΠ
2630 4514 2810 4580 Lecat’,
2847 4513 2898 4568 id
2933 4523 3018 4571 est
3061 4517 3308 4572 maxilla.
3363 4515 3518 4572 Unde

274 4581 367 4638 Dei
396 4581 743 4652 templis,etc.
773 4581 1053 4636 Solemnis
1077 4597 1293 4652 semper
1324 4581 1423 4635 fuit
1459 4581 1653 4640 honos,
1677 4597 1838 4650 quem

272 4658 456 4709 fideles
501 4666 817 4708 sanetornm
866 4652 1117 4722 reliquiis
1146 4663 1208 4722 et
1246 4653 1526 4705 memoriis
1552 4653 1835 4715 adhibent,

271 4726 640 4794 nerpiidqnarn
675 4722 1078 4794 refragantibus
1108 4721 1421 4776 Manichteis
1459 4732 1522 4794 et
1551 4722 1842 4794 [Eunomia-

271 4792 377 4855 nis,
416 4809 556 4860 quos
585 4792 642 4845 S.
668 4793 916 4846 Asterius
952 4793 1255 4845 Amasenus
1286 4801 1422 4846 orat.
1456 4793 1509 4846 in
1545 4793 1643 4846 SS.
1679 4802 1836 4844 mart.

269 4867 482 4920 erudite
525 4865 774 4926 vellicat;
809 4872 865 4914 ut
901 4872 954 4916 et
1000 4861 1349 4930 Vigilantiam
1387 4864 1579 4915 horum
1609 4865 1837 4916 aemula-

269 4945 443 4990 toretn
467 4932 833 5002 Hieronymus
859 4934 952 4985 lib.
983 4943 1126 4986 cont.
1160 4933 1263 4998 ips.
1290 4944 1342 4986 et
1367 4933 1526 5000 epist.
1556 4934 1620 4984 ad
1653 4931 1838 5000 liipar.

273 5005 595 5059 Datnasceni
647 5013 802 5057 :etate
833 5004 1232 5057 Constantinus
1262 5003 1664 5072 Gopronynius,
1705 5012 1760 5053 ιιι
1786 5003 1838 5055 in

269 5085 587 5138 sanctorum
633 5074 919 5140 imagines,
953 5074 1024 5125 ita
1053 5081 1104 5126 et
1148 5074 1201 5125 in
1231 5087 1420 5126 eorum
1455 5073 1716 5141 reliquias
1740 5087 1841 5125 Ste-

270 5148 471 5200 viebat.
509 5142 643 5198 Vide
675 5143 919 5212 Theoph.
970 5143 1033 5196 ad
1078 5158 1202 5195 ann.
1239 5142 1310 5195 26
1345 5143 1485 5195 illius
1526 5143 1719 5210 imper.
1765 5141 1838 5194 De

272 5216 484 5269 honore
525 5216 616 5284 qui
668 5216 990 5284 corporibus
1021 5222 1344 5284 sanctorum
1367 5214 1590 5284 debetur
1613 5251 1626 5273 ,
1656 5214 1838 5284 legen-

271 5290 373 5340 dus
425 5294 510 5339 est
535 5281 892 5339 doctissimus
921 5283 1177 5337 Petavius
1213 5292 1251 5336 t.
1280 5281 1345 5336 IV
1373 5282 1633 5353 Theolog.
1653 5283 1834 5351 dogm.

271 5356 366 5408 lib.
406 5371 515 5419 xiv,
545 5371 664 5424 cap.
697 5356 761 5408 lO
783 5364 836 5406 et
863 5370 1018 5422 seqq.

341 5425 480 5492 (92‘)
522 5422 629 5477 Καὶ
654 5425 722 5476 ἐκ
751 5425 1033 5492 σιαγόνος
1063 5422 1226 5476 ὄνου.
1269 5423 1430 5493 Atque
1457 5439 1522 5477 ea:
1555 5425 1692 5477 asini
1730 5441 1846 5476 ma-

269 5497 428 5558 xilla,
474 5504 582 5549 etc.
620 5494 717 5547 llic
744 5494 998 5548 inonendi
1044 5495 1386 5548 occasionem
1439 5509 1596 5548 sumo
1627 5534 1640 5556 ,
1669 5497 1843 5547 locum

271 5569 326 5616 in
384 5581 497 5632 quo
556 5567 786 5618 Samson
840 5564 988 5617 mille
1036 5562 1384 5617 Philisthaaos
1423 5564 1560 5619 asini
1625 5566 1843 5616 maxilla

271 5636 597 5701 prostravit,
631 5633 896 5688 Hebraice
919 5635 1126 5688 dictum
1171 5643 1254 5688 est
1282 5633 1462 5687 .ludic.
1491 5650 1577 5697 xv,
1608 5633 1674 5685 17
1703 5654 1714 5686 ;
1743 5643 1844 5692 vnn

267 5706 394 5785 572'?
437 5724 662 5781 Romam
709 5723 898 5787 Lee/ti,
956 5742 1008 5796 q.
1053 5726 1106 5780 d.
1159 5725 1531 5794 projectionem
1580 5727 1817 5778 maxilla:

1948 4585 2147 4639 Noster
2190 4585 2392 4653 aliique
2439 4584 2645 4653 opinati
2693 4594 2858 4647 sunt,
2890 4601 2954 4639 ex
3011 4586 3240 4654 ipsamet
3299 4588 3518 4641 maxilla

1948 4670 2118 4723 aquas
2150 4654 2205 4708 in
2238 4669 2299 4708 os
2339 4654 2622 4709 Samsonis
2648 4657 2884 4710 sitientis
2918 4654 3172 4721 lluxi'sse;
3199 4672 3321 4710 eum
3371 4658 3521 4710 Scri-

1946 4735 2105 4795 ptura
2139 4724 2339 4779 diserte
2359 4724 2630 4793 signiﬁcet
2662 4727 2867 4781 fontem
2892 4727 2985 4794 qui
3015 4727 3065 4780 in
3086 4727 3239 4780 Lee/ti
3262 4729 3520 4792 manavit,

1947 4797 2011 4848 ad
2039 4796 2361 4849 hodiernum
2388 4811 2562 4864 usque
2593 4796 2733 4849 diem
2767 4813 3135 4864 perseverare,
3165 4798 3524 4865 appellatum-

1945 4882 2051 4935 que
2073 4881 2193 4920 esse
2218 4871 2358 4949 R'ﬁp
2393 4873 2474 4951 τιν
2502 4865 2697 4932 fontem
2730 4868 3038 4919 irivucantis.
3069 4865 3224 4921 Unde
3250 4867 3524 4936 Josephus

1948 4960 2042 5012 lib.
2069 4975 2100 5010 v
2136 4959 2264 5011 Ant.
2316 4973 2436 5028 cap.
2491 4957 2576 5021 10,
2621 4960 2701 5012 sic
2732 4975 2841 5011 rem
2872 4965 3079 5028 gestam
3110 4959 3299 5013 refert.
3334 4977 3348 5013 :
3386 4959 3523 5013 Deus

1947 5030 2123 5098 itaque
2174 5027 2413 5095 precibus
2472 5028 2587 5096 ejus
2641 5027 2931 5090 exoratus,
2971 5030 3153 5097 πηγὴν
3192 5031 3333 5082 κατά
3376 5047 3524 5092 τινος

1947 5097 2153 5170 πέτρας
2188 5098 2398 5170 ἀνίησιν
2427 5099 2606 5167 ἡδεῖαν
2645 5099 2737 5170 καὶ
2764 5097 2983 5168 πολλὴν,
3017 5099 3138 5151 ὅθεν
3219 5098 3523 5168 Σαμψώνης

1946 5167 2130 5222 ἐκάλει
2155 5169 2214 5222 τὸ
2247 5167 2468 5238 χωρίον,
2508 5167 2758 5238 σιαγόνα,
2789 5183 2854 5221 ex
2874 5167 3021 5235 petra
3050 5168 3282 5237 quatiant
3303 5167 3523 5223 suavem

1947 5235 2478 5308 largumquefortlem
2521 5235 2719 5308 editajt't,
2760 5239 2894 5291 unde
2926 5235 3147 5292 SamSon
3179 5241 3350 5292 locum
3387 5243 3524 5292 hunc

1929 5306 2245 5376 nuncupavit
2257 5349 2269 5371 ,
2287 5306 2604 5361 Maxillam.
2629 5306 2924 5377 Josephus,
2958 5324 3057 5377 pro
3082 5308 3308 5362 Hebrzeo
3323 5319 3518 5372 mnam,

1949 5390 2151 5448 petram
2210 5381 2434 5447 posuit:
2478 5377 2634 5445 Vulg.
2696 5379 2922 5447 interpr.
2975 5380 3224 5432 molarem
3293 5381 3520 5434 dentem.

1953 5449 2090 5502 LXX
2117 5452 2197 5504 sit".
2227 5458 2507 5502 verterunt
2543 5467 2554 5500 :
2589 5449 2693 5499 Καὶ
2729 5449 2954 5518 ἔρρηξεν
2983 5451 3009 5500 ό
3038 5449 3168 5511 Θεὸς
3197 5449 3286 5500 τὸν
3325 5449 3525 5502 λάκκον

1948 5523 2038 5574 τὸν
2066 5525 2120 5572 ἐν
2147 5522 2212 5589 τῇ
2240 5520 2472 5586 σιαγόνι.
2510 5518 2645 5572 Deus
2668 5535 2938 5586 erumpere
2967 5518 3087 5587 fecit
3121 5523 3294 5572 lacum
3328 5521 3417 5588 qui
3446 5529 3523 5572 est

1951 5615 2001 5666 in
2037 5612 2295 5736 lit-(llfl'ua;
2327 5614 2377 5667 id
2422 5620 2504 5668 est
2538 5612 2590 5665 in
2619 5611 2738 5666 loco
2773 5611 2864 5681 qui
2902 5611 3085 5666 dictus
3107 5619 3194 5666 est
3234 5595 3326 5671 tn‘)
3367 5610 3522 5674 tcclu',

1951 5700 2092 5736 ηιααΊ
2143 5701 2193 5736 tt.

1951 5700 2193 5740 maa'ma.
