3960 6198
314 274 489 397 1169'

1378 326 1686 388 ΒΕῬῘΒΕ
1725 324 2187 387 ORTIIODOXA
2228 322 2373 382 LIB.
2416 324 2511 383 IV.

3436 317 3572 383 1-170

309 440 533 498 κυνοῦσί
562 428 633 493 τε(
656 440 751 493 καὶ
779 437 984 507 τιμῶσι
1021 439 1119 507 τήν
1151 455 1210 489 τε
1248 439 1342 490 τοῦ
1379 439 1632 511 Σωτῆρος
1667 439 1762 493 καὶ
1790 439 1884 507 τῆς

1993 437 2132 489 niam
2166 442 2345 488 autem
2376 432 2598 503 quidam
2623 446 2724 487 nos
2756 432 3010 502 culpant,.
3045 434 3193 503 quod
3233 436 3568 500 Salvatoris,

304 532 610 602 Δεσποίνης
665 529 825 601 ἡμῶν
881 528 1098 593 εἰκόνα,
1146 528 1225 581 ἔτι
1275 529 1333 582 δὲ
1392 531 1485 583 καὶ
1533 532 1643 583 τῶν
1682 530 1884 583 λοιπῶν

307 624 481 692 ἁγίων
529 621 625 675 καὶ
662 618 1011 690 θεραπόντων
1038 618 1299 689 Χριστοῦ,
1336 619 1686 673 ἀκουέτωσαν
1720 620 1795 682 ὡς
1823 618 1883 684 ἐξ

305 714 487 785 ἀρχῆς
521 714 551 766 ὁ
594 710 729 772 θεὸς
783 709 876 762 τὸν
932 709 1219 779 ἄνθρωπον
1262 708 1385 762 κατ’
1435 710 1644 762 οἰκείαν
1697 709 1881 761 εἰκόνα

302 806 552 876 ἐποίησε.
586 803 745 866 Τίνος
771 796 864 855 οὖν
896 800 1086 853 ’ἐνεκεν
1116 800 1367 870 ἀλλήλοις
1390 810 1411 837 ι’
1448 798 1880 871 προσκυνοῦμεν,

304 900 355 950 εἰ
386 897 462 967 μὴ
501 895 577 958 ὡς
614 893 737 948 κατ’
778 892 964 945 εἰκόνα
1005 890 1142 945 Θεοῦ
1189 891 1616 961 πεποιημένοις;
1660 892 1746 954 Ὠς
1774 893 1883 960 γάρ

305 1003 477 1057 φησιν
506 988 536 1039 ό
567 984 831 1055 θεηγόρος
852 995 873 1021 ⁸
927 983 1022 1036 καὶ
1059 982 1226 1045 πολὺς
1269 982 1337 1036 τὰ
1367 981 1485 1034 θεῖα
1510 981 1814 1046 Βασίλειος,
1850 982 1883 1051 ἡ

303 1079 407 1148 τῆς
449 1077 657 1139 εἰκόνος
693 1075 829 1144 τιμὴ
871 1074 964 1126 ἐπὶ
1014 1073 1105 1127 τὸν
1161 1072 1519 1142 πρωτότυπον
1567 1072 1835 1126 διαϐαίνει
1867 1089 1881 1104 ο

309 1166 671 1239 πρωτότυπον
721 1167 777 1219 δέ
836 1168 953 1219 ἐστι
1009 1165 1067 1218 τὸ
1117 1164 1550 1232 είκονιζόμενον,
1598 1163 1658 1228 ἐξ
1706 1160 1767 1220 οῦ
1823 1164 1886 1216 τὸ

308 1260 649 1329 παράγωγον
683 1257 918 1325 γίνεται.
955 1255 1112 1318 Τίνος
1146 1256 1332 1309 ἕνεκεν
1360 1259 1388 1309 ὁ
1426 1255 1723 1318 Μωσαῖκὺς
1756 1254 1885 1319 λαὸς

306 1355 374 1422 τῇ
412 1353 588 1421 σκηνῇ
635 1348 914 1401 κύκλωθεν
958 1345 1286 1418 προσεκύνει
1312 1386 1327 1409 ,
1370 1346 1554 1398 εἰκόνα
1592 1346 1685 1398 καὶ
1715 1346 1883 1398 τύπον

309 1439 555 1513 φερούσῃ
582 1437 690 1492 τῶν
713 1436 1002 1505 οὐρανίων.
1041 1435 1242 1507 μᾶλλον
1263 1436 1320 1489 δὲ
1342 1436 1442 1504 τῆς
1462 1436 1591 1506 ὅλης
1620 1436 1880 1501 κτίσεως;

307 1530 450 1599 Φησὶ
479 1528 610 1598 γοῦν
662 1529 691 1580 ό
723 1527 855 1589 Θεὸς
884 1524 964 1595 τῷ
1010 1527 1220 1597 Μωῦσῇ
1247 1540 1262 1555 ⁸
1312 1527 1459 1593 "Opu
1480 1566 1495 1591 ,
1553 1526 1833 1590 ποιήσεις
1858 1526 1878 1563 ⁸

309 1622 510 1675 πάντα
555 1619 703 1673 κατὰ
750 1619 857 1672 τὸν
886 1618 1081 1671 τύπον
1107 1616 1217 1671 τὸν
1240 1616 1554 1686 δειχθέντα
1580 1632 1681 1672 σοι
1709 1618 1780 1671 ἐν
1803 1616 1884 1682 τῷ

309 1717 457 1783 ὄρει.
496 1714 608 1767 Καὶ
637 1713 705 1766 τὰ
735 1712 1018 1783 Χερουϐὶμ
1046 1712 1103 1765 δὲ
1129 1711 1199 1765 τά
1241 1710 1535 1773 σκιάζοντα
1566 1712 1626 1764 τὸ
1655 1710 1881 1782 ἱλαστή-

1990 534 2044 579 et
2092 524 2336 579 Dominae
2382 531 2613 587 nostra),
2651 522 3101 592 reliquorumque
3149 536 3467 582 sanctorum
3505 544 3570 582 ac

1990 615 2193 670 (Zhristi
2244 628 2529 670 servorum
2586 612 2856 681 imagines
2908 612 3201 670 adoramus
3239 628 3291 671 et
3338 634 3571 673 venera-

1994 722 2147 773 mur;
2182 707 2406 760 audiant
2445 706 2607 760 velim
2649 704 2793 774 quod
2828 703 2971 757 Deus
3004 704 3071 758 ab
3102 706 3256 760 initio
3293 708 3568 763 hominem

1992 799 2057 853 ad
2111 798 2402 869 imaginem
2448 813 2601 853 suam
2634 796 2829 851 fecerit
2861 797 2927 851 “.
2964 796 3129 866 280
3156 795 3259 862 Qui
3300 799 3356 852 ﬁt
3401 800 3572 868 igitur

1995 899 2049 943 ut
2088 890 2179 944 alii
2215 890 2352 943 alios
2384 889 2701 950 adoremus,
2738 886 2846 941 nisi
2879 888 3005 956 quia
3044 888 3111 940 ad
3145 888 3238 942 Dei
3273 890 3566 959 imaginem

1992 979 2120 1033 facti
2153 980 2387 1035 sumus?
2415 978 2569 1038 Nam.
2606 987 2665 1031 ιιι
2693 978 2781 1032 ille
2806 993 2987 1031 rerum
3018 978 3329 1033 divinarum
3364 981 3571 1035 doctis-

1992 1070 2168 1126 simus
2216 1071 2490 1139 interpres
2539 1067 2774 1123 Basilius
2804 1070 2922 1123 ait:
2963 1087 2980 1120 ι
3018 1069 3273 1138 imaginis
3298 1070 3475 1124 honor
3501 1072 3569 1126 ad

1990 1163 2269 1232 exemplar
2298 1161 2581 1216 transit".
2622 1178 2640 1211 ι
2682 1159 2970 1230 Exemplar
2994 1176 3157 1230 porro
3186 1169 3291 1228 est,
3324 1163 3375 1217 id
3412 1164 3571 1234 cujus

1990 1244 2191 1327 elli'gies
2217 1256 2562 1325 exprimitur,
2586 1270 2652 1310 ex
2686 1270 2796 1324 quo
2826 1254 3003 1309 forma
3028 1255 3329 1311 derivatur.
3365 1257 3570 1323 Quam-

1991 1347 2177 1401 obrem
2240 1346 2511 1402 Mosaicus
2592 1348 2826 1416 papulus
2896 1344 3336 1414 tabernaculum,
3420 1352 3567 1419 quod

1991 1436 2297 1491 cmlestium
2328 1451 2536 1498 rerum,
2563 1437 2671 1490 imo
2692 1435 2960 1490 universa:
2983 1447 3250 1491 creaturae
3276 1437 3567 1510 imaginem

1990 1533 2044 1581 et
2078 1525 2304 1595 ﬁguram
2339 1526 2585 1593 gerebat,
2639 1525 2884 1595 undique
2936 1541 3143 1596 pronus
3196 1526 3463 1584 adorabat
3503 1531 3566 1584 ιδ.

1991 1618 2081 1672 Ait
2116 1617 2319 1687 quippe
2347 1615 2489 1672 Deus
2524 1616 2695 1687 Moysi
2734 1635 2746 1671 :
2792 1614 2919 1672 Vide
2955 1619 3136 1673 omnia
3178 1620 3343 1688 facito
3385 1637 3571 1675 secun-

1991 1710 2119 1762 dum
2154 1709 2444 1774 exemplar,
2479 1707 2619 1778 quod
2650 1707 2746 1761 tibi
2780 1709 2833 1762 in
2868 1718 3043 1763 monte
3090 1721 3358 1765 ostensum
3391 1723 3469 1766 est
3504 1714 3565 1766 ¹¹⁵.

310 1823 450 1877 ριον,
483 1804 606 1874 οὐχὶ
636 1802 772 1875 ἔργα
815 1804 1014 1874 χειρῶν
1056 1801 1361 1873 ἀνθρώπων
1392 1798 1497 1873 ἦν;
1556 1802 1622 1855 Τί
1652 1802 1710 1855 δὲ
1756 1804 1785 1856 ό
1826 1802 1884 1855 ὲν

1993 1799 2129 1866 Quid
2161 1798 2457 1855 Cherubim
2487 1799 2601 1860 illa.
2637 1814 2760 1869 quae
2793 1800 3239 1870 propitiatorium
3270 1804 3567 1858 obumbra-

321 1896 721 1977 Ἰεροσολύμοις
745 1895 1092 1966 περιώνυμος
1117 1895 1280 1957 ναός;
1310 1894 1445 1964 Ούχὶ
1479 1895 1881 1965 χειροποίητος,

311 1992 408 2044 καὶ
443 1989 748 2061 ἀνθρώπων
777 1988 941 2060 τέχνῃ
972 1986 1521 2057 κατεσκευασμένος;

393 2256 462 2309 Ἠ
491 2255 550 2308 δὲ
584 2254 706 2309 θεία
734 2255 928 2327 Γραφὴ
966 2258 1266 2327 κατηγορεῖ
1294 2256 1401 2309 τῶν
1436 2255 1886 2328 προσκυνούντων

310 2348 426 2409 τοῖς
468 2347 727 2415 γλυπτοῖς
750 2387 765 2411 ,
804 2347 944 2401 ἀλλά
989 2347 1085 2401 καὶ
1135 2347 1370 2402 θυόντων
1411 2351 1526 2413 τοῖς
1564 2349 1882 2420 δαιμονίοις.

314 2440 512 2494 Ἒθυον
562 2441 662 2510 μὲν
713 2441 1016 2509 Ἕλληνες,
1066 2439 1223 2492 ἔθυον
1259 2440 1315 2492 δὲ
1356 2441 1451 2493 καὶ
1497 2440 1549 2493 οἰ
1606 2441 1881 2495 Ἰουδαῖον

309 2531 430 2585 ἀλλ’
460 2530 721 2599 Ἕλληνες
764 2530 862 2598 μὲν
888 2529 1251 2600 δαιμονίοιςυ,
1292 2530 1536 2584 Ἰουδαῖοι
1561 2530 1617 2582 δὲ
1643 2530 1723 2600 τῷ
1742 2530 1886 2601 Θεῷ.

309 2623 422 2675 Καὶ
453 2622 761 2692 ἀπόϐλητος
796 2622 892 2691 μὲν
938 2622 972 2692 ἠ
1008 2622 1118 2675 τῶν
1162 2621 1430 2691 Ἑλλήνων
1478 2620 1643 2676 θυσία
1691 2619 1762 2694 ἦν
1792 2623 1887 2676 καὶ

309 2710 668 2782 κατάκριτος,
704 2713 739 2783 ἡ
773 2711 829 2765 δὲ
855 2710 965 2763 τῶν
993 2711 1219 2765 δικαίων
1246 2711 1323 2782 τῷ
1347 2712 1466 2783 Θεῷ
1495 2713 1884 2778 εὐαπόδεκτος.

313 2804 537 2856 Ἔθυσε
556 2801 664 2872 γὰρ
688 2800 836 2865 Νῶε,
864 2802 959 2855 καὶ
991 2801 1310 2872 ὠσφράνθη
1341 2807 1374 2857 ό
1407 2804 1550 2869 Θεὸς
1574 2805 1776 2873 ὀσμὴν
1792 2808 1889 2860 εὐ-

307 2890 492 2956 ωδίας
510 2889 622 2959 τῆς
640 2889 866 2959 ἀγαθῆς
886 2892 1302 2961 προαιρέσεως,
1340 2896 1431 2946 καὶ
1450 2895 1548 2963 τῆς
1574 2895 1708 2964 πρὸς
1727 2896 1889 2950 αὐτὸν

308 2981 523 3044 εὐνοίας
565 2980 627 3033 τὸ
666 2980 866 3044 εὑῶδες
912 2982 1331 3054 ἀποδεχόμενος.
1373 2983 1528 3038 Οῦτω
1554 2984 1621 3038 τὰ
1658 2988 1755 3055 μὲν
1780 2988 1889 3041 τῶν

321 3071 596 3141 Ἐλλήνων
637 3071 889 3140 γλυπτά,
940 3073 1064 3126 ἐπεὶ
1110 3074 1383 3145 δαιμόνων
1430 3071 1573 3146 ἦσαν
1620 3077 1887 3144 ἐξεικονί-

1987 1889 2140 1953 bant,
2168 1903 2353 1945 nonne
2380 1890 2745 1943 humanarum
2790 1905 3051 1945 manuum
3089 1906 3257 1961 opera
3286 1903 3446 1948 erant
3479 1896 3524 1925 ’⁸
3544 1894 3569 1946 ἲ

1986 1982 2130 2048 Quid
2159 1989 2343 2037 autem
2364 1982 2861 2037 celebratissimum
2894 1982 3026 2036 illud
3060 1984 3349 2039 delubrum
3379 1984 3571 2040 Hiero-

1984 2072 2412 2144 solymitanum?
2460 2086 2645 2126 annon
2685 2087 2849 2126 manu
2911 2080 3076 2142 atque
3118 2073 3398 2128 hominum
3450 2084 3568 2130 arte

1985 2171 2366 2219 constructum
2401 2171 2520 2217 erat
2542 2162 2621 2215 '7?

2055 2255 2395 2324 Scutptilium
2436 2256 2685 2309 adoratio
2725 2255 3004 2324 gentilium
3042 2256 3202 2309 vetita
3239 2257 3455 2321 solum,
3510 2267 3568 2309 ut

1984 2358 2034 2403 et
2059 2349 2353 2418 sacriﬁcia.
2396 2348 2705 2409 —-,Divina
2744 2354 2928 2400 autem
2972 2346 3261 2416 Scriptura
3297 2363 3396 2404 eos
3430 2348 3568 2403 insi—
3602 2368 3607 2371 ν

1986 2440 2157 2494 mulat
2193 2441 2288 2509 qui
2340 2441 2575 2496 adorant
2616 2441 2935 2511 sculptilia;
2968 2440 3064 2496 sed
3107 2449 3161 2495 et
3195 2454 3291 2495 eos
3331 2442 3425 2509 qui
3456 2439 3569 2493 dte-

1987 2531 2188 2586 moniis
2216 2530 2553 2587 sacriﬁcant.
2577 2534 2740 2602 Atqui
2770 2533 3002 2602 gentiles
3030 2531 3252 2603 quidem
3284 2528 3568 2586 sacriﬁca-

1988 2624 2140 2685 bant,
2191 2622 2583 2679 sacriﬁcabant
2618 2639 2749 2679 vero
2774 2634 2827 2678 et
2857 2621 3031 2678 Judaai
3068 2642 3083 2679 :
3114 2637 3302 2678 verum
3338 2620 3566 2691 gentiles

1986 2710 2273 2767 daemoniis
2294 2751 2310 2776 ,
2335 2711 2510 2768 Judaei
2539 2721 2722 2768 autem
2767 2713 2897 2770 Deo.
2923 2713 3002 2768 Ac
3026 2711 3256 2783 proinde
3280 2710 3563 2782 gentilium

1988 2802 2208 2872 quidem
2228 2804 2452 2859 victima
2479 2805 2834 2873 rejiciebatur
2863 2819 2929 2860 ac
2957 2804 3322 2859 damnabatur
3346 2820 3359 2855 :
3394 2801 3566 2870 justo-

1988 2908 2109 2946 rum
2142 2903 2325 2948 autem
2358 2894 2692 2950 sacriﬁcium
2726 2894 2837 2950 Deo
2870 2901 3154 2962 acceptum
3183 2900 3322 2947 erat.
3358 2890 3565 2946 Obtulit

1989 2982 2134 3037 enim
2193 2981 2310 3037 Noe
2338 2984 2668 3053 sacri/icium
2692 3000 2711 3037 :
2733 2994 2781 3038 et
2800 2984 3055 3038 odoratus
3082 2992 3160 3037 est
3190 2981 3331 3036 Deus
3353 2980 3568 3036 odorem

1989 3075 2273 3129 suavitatis
2300 3075 2363 3141 ³⁸,
2408 3086 2466 3130 ιιι
2499 3078 2590 3147 qui
2622 3078 2810 3147 probaa
2836 3077 3010 3147 ipsius
3046 3074 3367 3139 voluntatis,
3401 3082 3568 3144 atque
3606 3132 3607 3135 η

311 3179 502 3231 σματα
528 3202 543 3226 ,
613 3163 898 3234 ἀπόϐλητά
971 3181 1031 3217 τε
1101 3165 1197 3218 καὶ
1262 3166 1693 3239 ἀπηγορευμένα
1756 3187 1884 3239 τυγ-

1993 3181 2116 3237 erga
2151 3181 2210 3221 se
2238 3169 2447 3225 amoris
2480 3178 2536 3224 et
2577 3169 2745 3225 studii
2798 3172 3122 3225 suavitatem
3155 3167 3562 3238 comprobaret.

308 3253 480 3323 χάνου
488 3271 561 3307 σι.

390 3427 533 3492 Πρὸς
555 3426 611 3481 δὲ
637 3428 846 3494 τούτοις
867 3430 961 3485 τοῦ
983 3431 1217 3504 ἀοράτου
1239 3473 1255 3499 ,
1290 3433 1386 3489 καὶ
1419 3434 1714 3506 ἀσωμάτου
1730 3478 1745 3502 ,
1796 3440 1892 3493 καὶ

310 3519 733 3588 ἀπεριγράπτου
755 3562 770 3586 ,
804 3523 901 3576 καὶ
940 3525 1353 3596 ἀσχηματίστου
1386 3526 1524 3581 Θεοῦ
1557 3528 1641 3591 τίς
1667 3528 1889 3582 δύναται

311 3609 649 3678 ποιήσασθαι
664 3612 804 3685 μίμη
814 3631 910 3685 μα;
925 3616 1551 3689 Παραφροσύνηςτοίνυν
1563 3622 1738 3692 ἄκρας
1754 3621 1886 3693 (93')

1984 3257 2083 3324 lta,
2123 3259 2409 3329 gentilium
2470 3260 2691 3331 quidem
2740 3262 3023 3331 sculptilia
3075 3260 3205 3330 quia
3252 3260 3566 3315 dzemonum

1984 3349 2281 3404 simulacra
2317 3358 2498 3416 erant,
2538 3352 2845 3422 improbata
2885 3362 3050 3420 atque
3084 3349 3378 3407 interdicta
3414 3361 3564 3405 sunt.

2060 3438 2362 3509 Imaginum
2397 3459 2525 3497 usus
2570 3460 2673 3497 non
2725 3444 2888 3498 tritus
2936 3443 2989 3497 in
3032 3444 3191 3497 veteri
3225 3452 3563 3501 testamento.

1990 3531 2244 3587 invisibili
2275 3534 2525 3590 hactenus
2554 3535 2684 3590 Deo.
2712 3534 2823 3591 Cur
2852 3537 2907 3589 in
2937 3552 3067 3589 novo
3103 3535 3372 3590 inductus.
3421 3535 3566 3588 Ado-

1997 3625 2138 3677 ratio
2162 3625 2454 3697 imaginum
2479 3642 2544 3682 ea:
2581 3628 2884 3681 traditione.
2921 3655 2993 3669 -—
3011 3625 3282 3683 Praeterea
3310 3627 3564 3698 quisnam

389 3767 588 3847 "Gen.
619 3787 657 3847 ιε
688 3770 800 3847 n26.
822 3840 834 3847 _
879 3770 922 3801 ”
952 3769 1115 3847 Basil.
1146 3773 1256 3847 lih._
1285 3772 1520 3847 De_Sgir.
1553 3784 1758 3847 sancto,
1784 3776 2025 3847 cap._l8.
2104 3777 2146 3808 “
2175 3776 2345 3847 Exod.
2377 3795 2571 3843 xum,
2606 3780 2691 3835 ll).
2770 3781 2812 3813 "
2856 3780 3030 3836 Exod.
3060 3796 3188 3847 xxv,
3222 3780 3293 3836 40
3327 3798 3341 3847 ;
3393 3782 3555 3839 Hebr.

313 3855 435 3903 vm,
469 3840 522 3895 5.

618 3842 659 3872 "
686 3839 859 3907 Exod.
887 3856 1013 3906 xxv,
1052 3841 1134 3896 l8.
1215 3843 1256 3876 ⁸⁷
1314 3842 1378 3898 ιιι
1414 3842 1545 3915 Reg.
1582 3859 1657 3908 vr,
1694 3844 1746 3897 1.
1826 3839 1869 3876 ³⁸
1902 3843 2037 3899 Gen.
2071 3860 2188 3909 vm,
2216 3846 2306 3901 2|.

1539 4009 1773 4067 VAlile
1812 4008 2211 4067 LECTIONES.

392 4161 573 4242 '_Mss.
601 4163 757 4242 multi
788 4164 1158 4242 εεάλλήξίους...
1184 4169 1609 4242 πεποιημένους.
1684 4178 1705 4207 ³
1734 4169 1862 4227 Mss.
1891 4170 2170 4242 θεοφόρος,
2196 4173 2274 4225 sic
2293 4178 2449 4226 vetus
2477 4170 2705 4241 interpr.
2730 4178 2785 4224 et
2807 4167 2981 4227 Faber
3004 4170 3294 4241 Deiferum.
3377 4172 3395 4208 ί
3428 4170 3558 4227 Mss.

316 4234 574 4306 ποιήσῃς.
651 4245 678 4273 ιι
709 4232 844 4289 Cod.
871 4233 929 4289 S.
951 4232 1066 4290 'Hil.
1100 4244 1155 4292 et
1183 4239 1275 4291 alii
1304 4232 1545 4309 δαίμοσι.

1819 4353 2053 4413 ΝΟΤίΕ.

388 4462 539 4539 (95⁸).
569 4466 1062 4539 Παραφροσύνῖηςᾉ
1098 4469 1310 4539 τοίνυν
1356 4469 1565 4537 ἄκρας.
1626 4469 1892 4525 Extrema:
1919 4474 1969 4533 ι)
1994 4467 2238 4537 Antiquo
2261 4465 2472 4520 dierum
2514 4464 2785 4539 habetur,
2822 4483 2850 4522 a
2884 4483 2994 4539 quo
3027 4468 3152 4523 data
3188 4477 3427 4538 potestas
3455 4480 3560 4537 est,

315 4534 483 4607 igitur
504 4532 801 4607 deinentiaf,
823 4544 931 4590 etc.
963 4532 1157 4607 ldjam'
1186 4532 1469 4607 professus
1496 4532 1613 4594 erat
1643 4541 1697 4594 in
1732 4542 1889 4598 libris

316 4606 387 4679 de
438 4604 598 4671 imag.
636 4603 781 4679 quod
850 4603 1080 4679 septima
1121 4603 1364 4679 synodus
1431 4611 1726 4679 caeteriqne
1757 4614 1891 4665 ima-

318 4673 508 4750 ginum
540 4673 1374 4750 _pat_roni_approbavere._Vide
1412 4681 1571 4749 epist.
1613 4673 1893 4750 episcopo-

320 4741 702 4817 r_iniiQrieiitis
737 4745 803 4799 ad
834 4741 1129 4817 synodum,
1157 4741 1460 4817 epistolam'
1479 4751 1605 4804 item
1629 4741 1889 4806 Germani

319 4810 429 4886 (ΞΡ.
454 4810 797 4886 Nicephorus
821 4810 1042 4886 quoque
1074 4816 1128 4868 in
1159 4810 1527 4886 disputatione
1555 4834 1679 4873 cum
1711 4820 1889 4876 Leone

319 4884 561 4956 Armeno
608 4884 851 4956 inculcat
890 4901 919 4939 a
961 4885 1145 4956 Moyse
1199 4884 1423 4956 vetitum
1481 4904 1605 4945 esse
1659 4890 1890 4945 Deitatis

320 4965 488 5025 omne
515 4952 908 5025 simulacrum;
955 4952 1118 5025 atque
1148 4956 1284 5011 adeo
1319 4955 1592 5013 lsraelitas
1623 4975 1730 5014 n0n
1765 4962 1889 5016 sine

322 5019 651 5094 idololatria:
681 5024 839 5094 culpa
866 5019 1043 5080 Deum'
1076 5026 1178 5080 sub
1209 5028 1381 5081 forma
1410 5029 1565 5082 vituli
1602 5031 1885 5086 adorasse.

320 5089 400 5141 Ad
434 5105 595 5158 quem
627 5089 806 5147 locum
842 5094 1204 5150 Combeﬁsius
1245 5098 1357 5151 haec
1387 5098 1639 5153 observat
1670 5118 1683 5153 :
1726 5119 1743 5151 ι
1778 5102 1891 5154 Se-

321 5159 625 5235 veri_or_hic
659 5161 957 5235 Nicephori
988 5167 1256 5220 sententia
1293 5167 1347 5220 in
1388 5182 1483 5221 eos
1505 5170 1597 5235 qui
1638 5167 1730 5223 Dei
1777 5169 1889 5223 ullo

320 5230 488 5308 modo
517 5229 813 5308 imagines'
833 5234 1127 5308 fabricant,
1164 5229 1607 5308 qu‘osggentilium
1648 5239 1889 5308 dogmati

320 5305 530 5377 socius,
565 5305 796 5377 extremi
847 5305 1042 5375 dignos
1085 5305 1336 5377 supplicii
1386 5305 1890 5377 pronuntiatfiNec

322 5366 486 5446 facile
518 5370 890 5427 admissurum
906 5366 1133 5446 “putem,
1155 5366 1319 5446 'q'uod
1358 5366 1479 5429 rudi
1515 5377 1730 5446 pictura
1761 5376 1887 5431 Tri-

322 5438 516 5515 nitatis
561 5454 825 5515 a_rca_num
863 5438 1147 5515 nonnullis
1183 5438 1532 5515 delineatur;
1564 5454 1623 5500 ut
1652 5448 1889 5503 senioris

323 5509 429 5560 viri
460 5509 642 5586 specie
675 5510 890 5586 Patrem
923 5514 1247 5583 designent;
1284 5509 1639 5586 Filium,'qua
1665 5532 1885 5572 carnem

323 5579 657 5656 assumpsit,
686 5581 963 5656 hominem
998 5579 1424 5656 repraesentem;
1465 5579 1729 5656 Spiritum
1759 5602 1893 5641 san-

324 5654 951 5728 qtiirn,_qua_apparuit_
989 5653 1256 5728 columba:
1304 5653 1522 5728 specie.‘
1558 5656 1634 5728 Ac
1666 5658 1885 5728 quidem

1994 4550 2046 4595 et
2080 4539 2277 4602 honor,
2305 4546 2358 4591 et
2390 4551 2621 4606 regnum
2665 4537 2803 4592 Filio
2840 4537 3098 4595 hominis.
3141 4537 3211 4592 At
3240 4547 3420 4600 certe,
3453 4557 3562 4595 non

1994 4609 2083 4663 hic
2110 4607 2273 4661 Pater
2302 4613 2565 4669 aeternus,
2600 4608 2772 4675 prima
2816 4610 3028 4664 scilicet
3061 4609 3280 4665 deitatis
3304 4624 3559 4677 persona.

1994 4679 2188 4747 magis.
2224 4692 2387 4747 quat_n
2415 4678 2505 4747 vel
2542 4677 2735 4742 Filius,
2768 4680 2854 4733 vel
2890 4678 3126 4747 Spiritus
3166 4687 3431 4734 sanctus:
3464 4683 3562 4735 sed

1994 4745 2154 4801 beata
2186 4745 2601 4817 ipsajl‘rinitas,
2638 4763 2702 4801 ac
2737 4764 2880 4803 unus
2920 4745 3036 4817 ipse
3072 4750 3237 4813 Dens,
3272 4750 3433 4817 cujus
3477 4752 3563 4803 in-

1992 4814 2243 4888 carnatio
2268 4814 2511 4888 effectus
2529 4826 2635 4888 est,
2669 4831 2734 4870 ac
2766 4814 3226 4888 Filius—hominis,
3253 4814 3360 4888 qua
3387 4818 3559 4881 Filius

1992 4885 2237 4966 hominis
2265 4892 2349 4939 est
2371 4924 2386 4948 ,
2419 4885 2515 4966 qui
2557 4885 2675 4966 ipse
2700 4903 2806 4955 qua
2836 4886 3008 4966 Filius
3038 4888 3170 4966 Dei,
3197 4885 3401 4966 eadem
3437 4906 3561 4966 qua;

1995 4972 2025 5011 a
2053 4955 2216 5027 Patre
2250 4954 2492 5027 accepit_,
2545 4954 2651 5027 sibi
2698 4958 2927 5027 contulit
2957 4974 2973 5013 :
3006 4966 3063 5011 ut
3101 4960 3167 5013 de
3197 4957 3402 5027 Spiritu
3453 4954 3561 5014 Sibi

1995 5026 2167 5097 illum_
2184 5022 2684 5097 donasseACyrillus
2721 5026 2818 5079 ait.
2852 5026 3054 5097 Sicque
3090 5022 3253 5083 istud'
3291 5028 3564 5095 Danielis,

1995 5112 2106 5167 non
2136 5093 2318 5150 Patris
2371 5091 2580 5167 aliquid
2636 5091 3099 5167 propriumfsed
3146 5091 3569 5167 appropriatunv

1996 5166 2163 5220 fuerit
2186 5200 2203 5218 .
2234 5203 2247 5218 .
2272 5203 2285 5217 .
2313 5200 2329 5216 .
2368 5163 2494 5230 Ipsa
2531 5163 2658 5218 vere
2692 5163 2910 5229 senior,
2939 5163 3111 5221 nullo
3156 5163 3359 5221 detrita
3404 5170 3581 5223 senio-

1995 5235 2263 5299 Trinitas,
2290 5247 2433 5287 unus
2457 5231 2810 5308 Deusacujus
2831 5238 3070 5308 essentia
3092 5252 3217 5292 esse
3239 5237 3332 5301 sit,
3356 5238 3561 5308 ipsum-

1997 5321 2106 5376 que
2140 5320 2169 5357 a
2200 5318 2259 5358 se
2293 5308 2348 5357 et
2368 5305 2745 5376 necessarium
2770 5345 2785 5369 ,
2835 5307 2959 5376 ipsa
3005 5308 3310 5362 aeternitate
3338 5305 3567 5363 creatu-

1992 5373 2108 5429 r'am
2133 5386 2348 5447 omnem
2372 5373 2731 5447 antecedens,
2754 5373 2903 5431 etcf»
2937 5375 3120 5447 Pergit
3154 5396 3167 5431 :
3207 5395 3226 5428 ι
3259 5379 3586 5446 optandum.

1994 5460 2126 5499 sane
2159 5441 2571 5514 castigatiorem
2594 5459 2718 5500 esse
2751 5462 2872 5514 quae
2897 5441 3067 5501 nobis
3088 5441 3379 5501 familiaris
3401 5462 3573 5503 sacra

1993 5511 2387 5594 iconugraphia
2418 5518 2528 5594 est,
2564 5521 2619 5567 et
2647 5511 2827 5594 qualis
2864 5525 3013 5594 tanto
3051 5517 3234 5594 calore
3267 5517 3389 5594 ﬁdei
3431 5533 3561 5573 san-

1993 5584 2099 5639 ctis
2126 5580 2343 5657 pridem
2367 5580 2787 5657 confessoribus
2822 5585 3088 5640 adversus
3120 5587 3403 5657 haereticos
3432 5603 3560 5657 pro-

1996 5650 2233 5726 pugnata
2266 5656 2372 5712 est,
2410 5650 2671 5726 vigetque
2718 5655 3016 5709 etiamnum
3053 5656 3197 5726 apud
3247 5650 3569 5712 Orientales.

324 5713 397 5770 de
445 5713 607 5774 Patre
659 5713 838 5779 favere
866 5723 1211 5789 existimant,
1272 5713 1417 5795 qu'od
1465 5713 1791 5783 Danielfvu
1822 5730 1889 5783 de
1989 5713 2043 5781 et
2068 5713 2306 5789 Graecos,
2341 5713 2546 5791 Quibus
2578 5713 2817 5794 'picturaa
2870 5726 2987 5796 ipsa
3016 5713 3300 5798 prototypa
3324 5767 3340 5798 ,
3378 5729 3575 5798 quoad.
