3864 6198
180 310 322 376 1181

695 421 944 473 manu.
977 422 1061 472 ιιι⁹
1111 420 1225 491 [ιμιο
1245 422 1274 490 ι.

449 539 585 606 Περὶ
611 535 728 588 τῶν
753 535 851 590 ἐπὶ
883 534 1140 602 Χριστοῦ
1166 537 1524 604 λεπὈλιέι-ων.

259 658 388 709 Τῶν
438 655 530 707 ἐπὶ
578 653 813 724 Χριστοῦ
846 652 1156 722 λεγομένων
1208 651 1392 720 τρόποι
1418 649 1625 714 γενικοί
1668 645 1774 696 εἱσι

183 750 468 816 τέσσαρες
492 763 506 777 ·
530 747 596 798 τὰ
630 745 729 814 μὲν
768 744 875 814 γὰρ
923 745 1017 795 καὶ
1053 743 1161 812 πρὸ
1184 743 1281 811 τῆς
1307 738 1775 808 ὲναειορωπήσεως

186 837 433 906 ἁρμόσει
466 835 640 903 αὐτῷ,
667 833 736 885 τὰ
785 833 842 886 δὲ
871 834 928 884 ὲν
954 834 1022 901 τῇ
1073 829 1281 895 ἐνώσει,
1325 831 1394 881 τὰ
1429 828 1485 880 δὲ
1517 825 1653 896 μετὰ
1679 823 1776 893 τὴν

186 930 416 991 ἕνωσιν,
450 927 518 978 τὰ
544 926 600 977 δὲ
627 924 765 995 μετὰ
785 925 882 994 τὴν
906 925 1221 977 ἀνάστασιν.
1259 922 1368 974 Καὶ
1401 921 1508 974 τῶν
1538 918 1643 989 πρὸ
1677 915 1777 985 τῆς

187 1018 670 1088 ἐνανορωπήσεως
704 1015 802 1085 μὲν
824 1014 1016 1085 τρόποι
1047 1016 1180 1066 εἰσὶν
1215 1014 1294 1079 eg:
1314 1013 1381 1065 τὰ
1414 1012 1510 1082 μὲν
1541 1010 1647 1080 γὰρ
1683 1008 1780 1060 αὖ·

188 1111 330 1175 τῶν,
351 1111 412 1162 τὸ
441 1109 674 1175 συναφὲς
694 1108 792 1176 τῆς
823 1107 1058 1176 φύσεως,
1078 1108 1170 1158 καὶ
1190 1106 1250 1158 τὸ
1282 1105 1418 1172 πρὸς
1447 1104 1539 1156 τὸν
1561 1101 1779 1170 Πατέρα

189 1201 490 1269 ὁμοούσιον
515 1200 666 1268 δηλοῖ
693 1200 767 1260 ὼς
788 1200 866 1252 τό⁹
909 1199 1048 1267 Ἐγὼ
1071 1199 1168 1250 καὶ
1202 1201 1232 1250 ό
1251 1196 1453 1262 Πατὴρ
1477 1195 1547 1248 ἓν
1569 1195 1776 1262 ἐσμεν·

193 1295 299 1346 καὶ
327 1293 386 1347 τό
411 1311 425 1324 ·
471 1292 527 1378 ὀ
555 1289 828 1360 ἑωρακὼς
860 1289 964 1359 ἐμὲ
997 1291 1215 1357 ἑώρακε
1239 1289 1345 1344 τὸν
1381 1287 1610 1354 Πατέρα
1634 1302 1648 1317 ·
1685 1285 1778 1338 καὶ

199 1386 261 1438 τό
283 1401 298 1416 ·
333 1387 433 1451 ⁸ος
463 1376 533 1438 ἐν
548 1383 751 1454 μορφῇ
784 1383 932 1438 Θεοῦ
957 1381 1265 1449 ὑπάρχων,
1295 1379 1390 1432 καὶ
1422 1379 1490 1430 τὰ
1519 1376 1743 1430 τοιαῦτα
1763 1393 1774 1404 ·

200 1477 270 1529 τὰ
308 1477 386 1540 6‘3,
420 1476 479 1528 τὸ
504 1476 707 1528 τέλειον
731 1478 830 1544 τῆς
855 1473 1228 1535 ὑποστάσεως,
1257 1471 1332 1534 ὡς
1361 1471 1420 1522 τό
1444 1488 1456 1500 ·
1491 1469 1623 1534 Υἱὸς
1671 1466 1780 1520 τοῦ

205 1567 380 1631 Θεοῦ,
413 1566 513 1620 καὶ
532 1565 841 1636 χαρακτὴρ
866 1564 979 1634 τῆς
997 1563 1396 1628 ὑποστάσεως
1429 1561 1615 1615 αὐτοῦ
1639 1577 1650 1590 ·
1687 1558 1782 1612 καὶ

204 1659 264 1710 τό
290 1674 306 1688 σ
339 1656 623 1726 Μεγάλης
649 1655 891 1726 βουλῆς
913 1657 1217 1726 Ἄγγελος,
1247 1651 1610 1724 θαυμαστὸς,
1630 1651 1783 1718 σύμ-

206 1755 273 1804 εο
286 1754 452 1816 υλος,
489 1751 583 1802 καὶ
603 1749 670 1802 τὰ
699 1750 882 1818 ὃμοια.

280 2032 364 2085 Τὰ
383 2031 442 2085 δὲ
464 2031 566 2100 τὴν
590 2031 647 2083 ιν
674 2029 933 2100 ἀλλήλαις
954 2027 1060 2081 τῶν
1087 2026 1442 2078 ὑποστάσεων
1472 2018 1790 2091 περιχώρη-

212 2125 418 2189 σιν,ὠς
451 2124 552 2177 τόο
605 2119 752 2192 Ἐγὼ
779 2122 849 2175 ἐν
893 2119 976 2184 τῷ
1025 2118 1228 2186 Πατρί,
1272 2116 1371 2170 καί
1423 2119 1456 2170 ὁ
1497 2114 1700 2180 Πατὴρ
1722 2114 1791 2166 ἐν

208 2215 344 2281 ἐμοι
367 2230 382 2242 ⁸
416 2213 514 2267 καὶ
569 2211 670 2282 τὴν
723 2209 1116 2277 ἁνεκφοίτητον
1161 2206 1391 2274 ἵδρυσιν,
1439 2203 1515 2264 ὡς
1543 2201 1570 2252 6
1596 2200 1788 2266 Λόγος,

209 2307 305 2357 καὶ
335 2303 522 2371 σοφία,
556 2301 652 2354 καὶ
674 2298 926 2367 δύναμις,
958 2296 1052 2348 καὶ
1088 2293 1450 2362 ἀπαύγασμα.
1480 2290 1548 2343 ’Ὀ
1590 2305 1650 2341 τε
1681 2287 1792 2356 γὰρ

211 2398 387 2463 Λόγος
412 2395 472 2446 ἐν
502 2393 578 2462 τῷ
628 2390 704 2460 νῷ
727 2403 741 2418 ⁸
797 2390 971 2456 Λόγον
1005 2387 1060 2439 δέ
1104 2403 1246 2455 φημι
1279 2384 1368 2436 τὸν
1397 2380 1631 2447 οὑσιὼδη
1659 2397 1672 2408 ο
1698 2378 1791 2430 καὶ

212 2487 245 2551 ἡ
292 2483 456 2550 σοφία
492 2483 724 2553 ὁμοίως,
758 2481 854 2534 καὶ
909 2482 968 2532 ὲν
996 2477 1076 2547 τῷ
1127 2474 1411 2544 δυναμένῳ
1460 2474 1494 2542 ἡ
1537 2471 1787 2539 δύναμις,

212 2579 273 2628 ἐν
295 2575 376 2645 τῷ
407 2576 549 2643 φωτὶ
586 2575 649 2628 τὺ
693 2572 1056 2641 ἀπαύγασμα,
1106 2567 1514 2636 ἀνεκφοιτήτως
1554 2563 1788 2632 ἵδρυται,

214 2669 273 2734 ἐξ
300 2666 482 2721 αὐτῶν
503 2662 884 2737 πηγαζόμενα.

290 2846 375 2898 Τὰ
403 2844 483 2907 δὲ,
514 2843 590 2905 ὡς
619 2841 677 2907 ἐξ
706 2839 882 2894 αἰτίου
908 2836 1003 2891 τοῦ
1036 2834 1271 2905 Πατρὸς,
1305 2832 1381 2895 ὡς
1411 2830 1491 2882 τό·
1519 2828 1572 2880 Ὀ
1591 2827 1795 2894 Πατήρ

216 2957 333 3005 μου
375 2935 592 3006 μείζων
633 2933 752 3002 μού
796 2933 968 2984 ἐστιν
993 2947 1006 2960 ο
1046 2929 1107 2994 ἐξ
1139 2925 1305 2979 αὐτοῦ
1345 2922 1454 2992 γὰρ
1498 2920 1612 2990 ἔχει
1644 2919 1705 2971 τό
1735 2934 1795 2970 τε

216 3027 360 3083 εἶναι
399 3029 496 3082 καὶ
529 3027 710 3080 πάντα
740 3026 838 3078 ὅσα
867 3023 1015 3094 ἔχει’
1058 3021 1118 3074 τὸ
1167 3019 1264 3086 μὲν
1308 3013 1449 3069 εἶναι
1499 3011 1793 3080 γεννητῶς,

1262 311 1356 367 DE
1395 309 1567 367 ΗΒΕ
1609 299 2069 365 ΟΙΥΠΙΟΒΟΧΑ
2100 296 2244 354 LIB.
2293 293 2384 349 l‘f.

3321 263 3456 328 1182

2475 396 2626 449 CAP.
2672 389 2860 444 XVI".

2180 517 2257 570 De
2291 515 2369 566 Itis
2403 527 2517 582 qua-
2551 511 2614 560 de
2649 504 2857 559 Christo
2881 500 3146 554 dicuntur.

1950 629 2296 698 Quadruplex
2339 616 2736 692 prwdicationis
2773 614 2836 665 tle
2864 610 3074 665 Christo
3109 623 3290 676 genus.
3327 605 3458 656 Ante

1883 722 2313 777 Incarnationem
2343 711 2632 782 septuplcx.
2670 737 2740 746 —
2774 704 2972 757 Eorum
3001 716 3119 767 quin
3148 698 3213 749 de
3240 695 3459 749 Christo

1879 817 2160 886 dieimtnr,
2215 806 2596 880 quadruplex,
2657 807 2716 853 ut
2757 799 2812 851 in
2863 809 3061 864 genere
3121 791 3321 851 dicam,
3377 797 3462 839 est

1880 904 2096 959 modus.
2129 900 2387 966 Quaedam
2415 895 2560 950 enim
2589 891 2638 945 ei
2669 897 2793 942 ante
2823 882 3217 938 humanitatem
3248 891 3461 928 assum-

1882 1008 2026 1068 ptam
2049 993 2422 1051 conveniunt;
2461 983 2706 1055 quaedam
2738 980 2790 1032 in
2825 978 2938 1047 ipsa
2970 973 3192 1032 unione;
3216 964 3464 1036 quaedam

1881 1098 2008 1161 post
2045 1088 2340 1145 unionem;
2369 1077 2615 1148 quredam
2645 1081 2921 1142 postremo
2954 1071 3075 1135 post
3101 1056 3466 1114 resurrectio-

1882 1198 2026 1236 nem.
2079 1179 2256 1246 Atque
2291 1184 2483 1228 eorum
2530 1179 2650 1236 qua:
2689 1155 3048 1215 humanitatis
3090 1146 3468 1216 assumptione

1881 1271 2156 1327 anteriora
2189 1270 2341 1330 sunt,
2379 1276 2472 1315 sex
2507 1261 2637 1311 sunt
2670 1251 2842 1306 modi.
2898 1246 3016 1298 Alia
3063 1243 3208 1296 enim
3261 1245 3470 1291 naturae

1883 1360 2325 1431 coniunctionem
2377 1363 2429 1406 et
2476 1339 3115 1402 consubstantialitatem
3151 1346 3272 1382 cum
3307 1327 3469 1379 Patre

1882 1456 2194 1513 declarant,
2250 1455 2357 1500 ut:
2402 1441 2512 1512 Ego
2543 1451 2588 1493 et
2649 1435 2813 1489 Pater
2875 1443 3038 1482 unum
3080 1438 3260 1477 simius
3290 1419 3364 1484 ³⁸;
3416 1425 3472 1469 et.

1883 1545 2019 1602 illud
2053 1561 2066 1598 :
2105 1541 2210 1606 Qui
2270 1537 2407 1591 videt
2442 1549 2542 1596 me,
2584 1528 2718 1584 videt
2749 1533 2798 1579 et
2843 1522 3056 1577 Patrem
3084 1516 3159 1581 3°;
3208 1525 3420 1567 necnon
3453 1525 3467 1561 :

1885 1639 2018 1693 Cant
2045 1635 2100 1689 in
2142 1633 2317 1700 [arma
2374 1627 2466 1682 Dei
2501 1631 2634 1678 esset
2677 1621 2756 1684 ‘°;
2804 1623 3110 1679 czeteraque
3174 1605 3224 1658 id
3277 1616 3468 1673 genus.

1888 1730 2004 1782 Alia
2062 1721 2453 1795 perfectionem
2519 1713 2787 1772 indicant,
2827 1703 3015 1765 veluti,
3050 1697 3228 1752 Filius
3277 1691 3470 1750 Dei“;

1890 1830 1942 1875 et
1983 1820 2158 1889 figura.
2187 1810 2499 1868 substantia:
2520 1806 2634 1876 ejus
2661 1803 2742 1869 ";
2775 1808 2829 1856 et
2869 1796 3022 1859 illud,
3054 1789 3237 1861 Magni
3265 1783 3471 1840 consilii

1890 1910 2146 1980 Angelus,
2178 1900 2534 1961 admirabilis,
2562 1893 2897 1950 consiliarius
2916 1888 2980 1950 ⁸³,
3012 1893 3066 1940 et
3104 1881 3327 1937 similia.

1961 2001 2082 2054 Alia
2114 2006 2356 2051 mutuam
2391 2001 2755 2062 personarum
2779 1973 3382 2036 circumincessionem,
3415 1972 3474 2018 ut

1894 2091 2027 2146 illud
2062 2109 2076 2143 :
2119 2088 2227 2157 Ego
2257 2086 2310 2138 iu
2339 2082 2525 2146 Patre,
2555 2089 2603 2132 et
2634 2077 2796 2130 Pater
2826 2074 2876 2125 in
2911 2086 2988 2123 me
3017 2077 3093 2120 est
3123 2064 3202 2128 “;
3236 2076 3336 2114 nec
3368 2072 3471 2109 non

1893 2181 2055 2253 285
2105 2151 2379 2246 ﬁxamque
2432 2180 2489 2228 et
2536 2167 2890 2226 insolubilem
2941 2157 3166 2215 alterius
3204 2155 3258 2207 in
3306 2151 3472 2203 altera

1893 2251 2188 2329 hesionem
2215 2310 2230 2335 ,
2269 2285 2321 2321 v.
2360 2284 2438 2336 g.,
2474 2263 2740 2322 Verbum,
2789 2269 2841 2311 et
2873 2251 3168 2323 sapientia,
3199 2255 3251 2300 et
3280 2251 3474 2313 poten—

1893 2369 1992 2430 tia,
2029 2374 2083 2420 et
2118 2362 2398 2432 splendor.
2435 2357 2569 2410 Nam
2624 2362 2678 2406 et
2734 2351 2956 2403 verbum
3002 2348 3055 2398 in
3105 2349 3284 2394 mente
3329 2337 3474 2404 (vcr-

1893 2458 2022 2511 bum
2049 2462 2233 2509 autem
2259 2448 2668 2507 substantivum
2701 2435 2974 2507 intelligo)
3003 2437 3237 2500 itemque
3259 2427 3478 2496 sapien-

1895 2549 1969 2602 tia
1998 2548 2052 2600 in
2085 2547 2358 2614 sapiente,
2393 2537 2637 2610 potentia
2692 2546 2913 2604 quoque
2961 2529 3014 2580 in
3051 2531 3288 2595 potente,
3329 2526 3382 2572 et
3423 2515 3477 2568 in

1896 2639 2018 2692 luce
2046 2636 2328 2707 splendor,
2363 2633 2502 2685 citra
2540 2629 2708 2682 ullum
2763 2635 3052 2679 excessum
3086 2617 3189 2668 lixa
3229 2618 3376 2674 sunt,
3412 2622 3478 2660 ex

1897 2731 2000 2784 illis
2024 2727 2345 2800 proﬂuentia
2367 2725 2432 2777 ³⁸⁵.

1967 2821 2090 2874 Alia
2137 2819 2209 2871 ita
2247 2815 2574 2877 eﬂ'eruntur,
2615 2819 2879 2876 tanquam
2916 2802 2983 2856 de
3024 2815 3089 2854 eo
3123 2796 3218 2866 qui
3261 2793 3480 2846 Patrem

1898 2921 2176 2968 auctorem
2205 2913 2492 2976 agnoscat,
2522 2911 2578 2957 ut
2612 2900 2742 2954 illud
2775 2917 2787 2952 :
2816 2896 2981 2949 Pater
3005 2890 3176 2956 maior
3203 2902 3281 2940 me
3307 2893 3381 2937 est
3412 2881 3480 2934 “.

1900 3006 1981 3059 Ab
2010 3005 2130 3072 ipso
2161 3001 2365 3070 quippe
2395 2997 2561 3050 habet
2598 3003 2712 3047 tum
2755 2988 2902 3060 quod
2944 2993 3067 3046 est,
3103 2992 3215 3036 tum
3257 2993 3322 3033 ea
3359 2990 3480 3034 orn-

216 3123 317 3174 καὶ
339 3121 400 3172 οὑ
428 3078 947 3187 δημιουργητικῶςῆο
981 3114 1057 3176 ὼς
1091 3078 1181 3163 1:6:
1229 3107 1376 3177 Ἐγὼ
1420 3107 1488 3159 ἐκ
1513 3078 1661 3157 -τοῦῖ
1683 3106 1793 3155 Πα-

1907 3097 1995 3149 nia
2027 3108 2149 3163 qua:
2185 3089 2350 3166 habet
2383 3087 2448 3117 ⁸⁷⁸
2485 3083 2641 3150 Quod
2675 3089 2758 3134 est
2779 3121 2794 3146 ,
2829 3081 3092 3145 inquam,
3123 3085 3221 3140 per
3253 3078 3484 3136 genera—-

2601 3174 2633 3187 -⁶
2851 3169 2863 3187 ¹
2901 3167 3048 3187 -ς-ξ--ι-
3092 3160 3308 3187 ι-Λ--η-ἶυ
3352 3155 3482 3187 ἱξᾘιυΙ

215 3210 360 3278 τρός
381 3206 644 3274 ἐξῆλθον
678 3205 774 3258 καί
807 3204 948 3270 ἥκω.
986 3201 1156 3270 Κάγὼ
1178 3198 1249 3260 ζῶ
1273 3198 1368 3251 διὰ
1397 3197 1504 3249 τὸν
1541 3193 1796 3259 Πατέρα.

218 3304 410 3356 Πάντα
441 3301 501 3353 δὲ
525 3302 626 3352 ὅσα
641 3297 777 3368 ἔχει,
805 3297 864 3349 οὑ
887 3292 1274 3366 μεταδοτικῶς,
1294 3290 1417 3343 οὔτε
1451 3284 1798 3346 διδακτικῶς,

217 3394 340 3448 ἀλλ’
373 3393 448 3455 ὠς
479 3391 537 3454 ἐξ
555 3390 727 3444 αἰτίου
749 3406 762 3420 ο
797 3388 871 3449 ὡς
899 3388 956 3440 τό
979 3403 990 3415 ’
1015 3388 1096 3439 Οὐ
1123 3385 1372 3438 δύναται
1402 3380 1581 3444 όΥΙὸς
1610 3375 1805 3431 ποιεῖν

219 3486 325 3554 ἀφ’
353 3483 573 3557 ἑαυτοῦ
606 3481 807 3545 οὐδὲν,
835 3480 944 3533 ἐὰν
977 3479 1062 3548 μή
1091 3496 1148 3532 τι
1187 3477 1392 3542 ,ϐλέπῃ
1433 3473 1538 3526 τὸν
1576 3472 1805 3536 Πατέρα

220 3577 417 3640 οὓτως
458 3575 770 3630 ποιοῦντα.
812 3574 874 3626 Εἰ
910 3573 984 3641 μὴ
1013 3573 1122 3641 γὰρ
1152 3573 1178 3622 ὁ
1209 3569 1399 3638 Πατήρ
1422 3568 1594 3628 ἐστιν,
1626 3565 1746 3616 οὐδὲ
1777 3564 1805 3614 ὁ

222 3667 378 3731 Υἱός.
410 3667 503 3719 Ἐκ
531 3664 626 3720 τοῦ
666 3664 877 3735 Πατρὸς
908 3662 1017 3733 γὰρ
1047 3663 1075 3713 6
1105 3655 1252 3722 Υἱδς,
1287 3659 1382 3712 καὶ
1403 3659 1460 3709 ἐν
1493 3655 1570 3725 τῷ
1609 3652 1804 3721 “arpi,

223 3756 462 3827 καὶᾶμα
500 3757 578 3826 τῷ
627 3756 823 3825 Πατρι,
880 3754 977 3807 καὶ
1023 3755 1084 3806 οὑ
1134 3750 1273 3821 μετὰ
1338 3752 1353 3789 ί
1419 3748 1510 3800 τὸν
1563 3745 1804 3815 Πατέρα.

235 3851 476 3920 ὀμοίως
505 3851 601 3903 καὶ
632 3849 668 3902 ἃ.
688 3851 854 3913 ποιεῖ,
896 3847 957 3911 ἐξ
1009 3846 1176 3900 αὐτοῦ
1205 3843 1302 3897 καὶ⁵
1346 3844 1442 3895 σὺν
1468 3841 1618 3908 αὐτῷ
1642 3853 1654 3866 ·
1709 3837 1808 3906 μία

223 3945 337 4014 γὰρ
370 3943 465 3996 καὶ
494 3946 526 4012 ἡ
551 3943 688 4012 αὐτή
714 3959 726 3972 ·
752 3943 850 4010 οὐχ
871 3940 1056 4010 ὁμοία,
1090 3938 1208 3993 ἀλλ’
1232 3939 1266 4007 ἡ
1285 3935 1421 4004 αὐτὴ
1443 3932 1536 3986 τοῦ
1572 3930 1804 4000 Πατρὸς,

225 4035 323 4088 καὶ
359 4034 456 4087 τοῦ
489 4034 643 4100 Υίοῦ,
669 4034 764 4087 καὶ
788 4031 882 4086 τοῦ
905 4030 1064 4099 ἁγίου
1097 4028 1413 4099 Πνεύματος
1449 4025 1686 4094 Θέλησις,
1724 4024 1812 4074 ὲν-

227 4127 421 4198 έργειά
451 4143 512 4178 τε
534 4127 627 4179 καὶ
649 4126 896 4194 δύναμις.

305 4326 389 4378 Τὰ
411 4324 489 4386 δὲ,
520 4323 594 4385 ὡς
629 4325 726 4391 τῆς
762 4319 1034 4392 πατρικῆς
1079 4317 1350 4378 εὐδοκίας,
1387 4313 1474 4365 διὰ
1511 4312 1612 4381 τῆς
1644 4308 1810 4363 αὐτοῦ

230 4419 515 4491 ἐνεργείας
541 4415 894 4485 πληρούμενα
941 4423 987 4476 t,
1019 4412 1115 4464 καὶ
1159 4409 1258 4478 οὐχ
1289 4407 1364 4468 ὡς
1394 4406 1462 4458 δι’
1491 4402 1746 4471 ὀργάνου,
1776 4399 1809 4468 ἦ
1846 4447 1886 4500 D

229 4512 443 4573 δούλου,
474 4507 588 4561 ἀλλ’
617 4508 690 4567 ὡς
712 4506 780 4557 δι’
812 4501 1103 4564 οὺσιώδους
1129 4501 1223 4553 καὶ
1248 4495 1614 4551 ὲνυποστὰτου
1646 4489 1811 4546 αὐτοῦ

231 4605 431 4670 Λόγου,
469 4599 811 4666 amico-951;,
845 4595 943 4648 καὶ
991 4593 1294 4661 δυνάμεως,
1336 4587 1424 4640 διὰ
1476 4586 1539 4638 τὸ
1586 4585 1714 4652 μίαν
1755 4585 1812 4635 ἐν

233 4695 412 4764 Πατρὶ
434 4694 526 4746 καὶ
554 4691 667 4759 Υἱῴ
722 4687 1050 4759 θεωρεῖσθαι
1095 4684 1308 4754 κίνησιν
1329 4698 1340 4710 '
1374 4681 1450 4744 ὡς
1483 4679 1576 4731 τό·
1614 4676 1816 4730 Πάντα

233 4787 308 4840 δι’
345 4782 536 4838 αὐτοῦ
565 4784 802 4850 ἐγένετο
828 4797 841 4812 ’
877 4780 974 4832 καὶ
992 4778 1052 4830 τό
1072 4793 1084 4806 ·
1131 4775 1467 4830 Ἀπέστειλε
1489 4770 1596 4823 τὸν
1624 4769 1817 4836 Λόγον

233 4877 445 4935 αὑτοῦ,
485 4876 579 4927 καί
625 4873 834 4926 ἰάσατο
869 4872 1092 4936 αὐτούς
1115 4885 1130 4900 °
1165 4869 1260 4921 καὶ
1284 4867 1346 4919 τό
1367 4880 1382 4896 ⁶
1419 4865 1542 4918 Ἵνα
1588 4860 1817 4931 γνῶσιν

235 4966 325 5019 ὅτι
370 4968 453 5019 σύ
485 4982 561 5032 με
595 4966 976 5029 ἀπέστειλας.

1907 3189 2112 3242 tionem
2138 3224 2152 3248 ,
2187 3197 2297 3236 non
2333 3193 2430 3249 per
2466 3174 2804 3230 creationem
2848 3167 3052 3240 (cujus
3090 3160 3311 3232 generis
3351 3155 3487 3210 illud

1904 3287 1990 3334 est
2021 3296 2033 3331 :
2073 3274 2184 3346 Ego
2215 3287 2280 3327 ea:
2314 3269 2474 3323 Patre
2503 3266 2669 3328 exivi,
2706 3276 2751 3318 et
2784 3260 2927 3316 venio
2962 3258 3046 3322 ‘3;
3079 3263 3133 3309 et
3170 3272 3182 3307 :
3228 3250 3338 3319 Ego
3373 3249 3487 3300 vivo

1906 3381 2116 3440 propter
2154 3365 2375 3419 Patrem
2407 3361 2475 3412 ιθ.
2533 3355 2731 3412 Omnia
2797 3359 2983 3406 autem
3021 3363 3084 3401 ea
3129 3358 3250 3415 qua:
3294 3340 3487 3398 habet,

1907 3477 2017 3516 non
2055 3474 2150 3529 per
2182 3452 2611 3511 concessionem
2632 3489 2646 3514 ,
2680 3451 2776 3499 aut
2807 3444 3240 3500 documentum,
3288 3430 3382 3486 sed
3431 3436 3492 3480 ut

1908 3569 1973 3606 ex
2000 3521 2167 3605 causa
2191 3588 2204 3611 ,
2229 3545 2378 3600 velut
2399 3557 2522 3598 cum
2555 3540 2630 3592 ait.
2658 3555 2670 3591 :
2705 3534 2828 3588 Non
2859 3537 3027 3602 potest
3063 3525 3239 3579 Filius
3266 3540 3296 3575 a
3322 3537 3375 3574 se
3410 3521 3493 3588 fa-

1908 3659 2021 3697 cere
2049 3641 2361 3711 quidquam,
2395 3636 2500 3689 nisi
2533 3628 2724 3684 viderit
2757 3626 2975 3679 Patrem
2999 3623 3076 3673 ita
3107 3619 3391 3688 facientem
3417 3612 3488 3666 '°.

1910 3735 2045 3788 Nam
2085 3732 2130 3786 si
2173 3731 2335 3783 Pater
2365 3742 2472 3780 non
2503 3732 2622 3784 est,
2654 3729 2802 3774 certe
2833 3732 2934 3770 nec
2976 3713 3174 3767 Filius.
3220 3707 3297 3760 Ex
3330 3705 3494 3757 Patre

1909 3824 2056 3878 enim
2084 3828 2166 3875 est
2195 3817 2370 3872 Filius
2390 3855 2406 3880 ,
2439 3822 2495 3868 et
2519 3813 2574 3866 in
2606 3809 2797 3870 Patre,
2827 3815 2879 3860 et
2911 3819 3017 3859 una
3049 3815 3173 3855 cum
3207 3797 3372 3850 l’atre
3397 3834 3411 3857 ,
3441 3800 3493 3845 et

1911 3931 2023 3969 non
2058 3918 2182 3982 post
2215 3908 2455 3962 Patrem.
2493 3899 2783 3957 Consimili
2822 3895 3018 3957 modo,
3067 3906 3130 3945 ea
3165 3903 3285 3958 qua:
3327 3885 3490 3947 facit,

1911 4024 1978 4062 ex
2010 4007 2155 4075 ipso,
2183 4011 2239 4054 et
2268 4014 2392 4054 cum
2425 3997 2544 4066 ipso
2578 3991 2729 4046 facit.
2761 3987 2876 4042 Una
2898 3986 3042 4039 enim
3072 3992 3121 4035 et
3155 3979 3344 4034 eadem
3373 3983 3494 4041 est;

1911 4113 1973 4152 ea
2000 4100 2134 4157 lem,
2171 4094 2396 4160 inquam
2420 4065 2524 4152 ,iet
2561 4098 2668 4137 non
2707 4077 2939 4141 similis,
2977 4073 3156 4127 Patris
3192 4077 3246 4122 et
3286 4065 3408 4118 Filii
3443 4075 3498 4118 et

1916 4188 2157 4259 Spiritus
2191 4182 2368 4238 sancti
2413 4180 2665 4232 voluntas
2688 4210 2702 4234 ,
2733 4168 2983 4238 operatio
3005 4205 3019 4228 ,
3052 4172 3106 4218 et
3136 4161 3334 4214 virtus.

1985 4304 2107 4356 Alia
2151 4281 2379 4366 insuper
2417 4293 2704 4351 dicuntur,
2734 4265 3001 4351 tanquam
3031 4274 3216 4330 Patris
3246 4271 3498 4325 voluntas

1915 4411 2081 4467 npera
2121 4392 2270 4446 illius
2310 4388 2630 4456 impleatur,
2665 4395 2778 4434 non
2828 4385 2887 4429 ut
2929 4388 3024 4444 per
3065 4370 3496 4424 instrumentum

1919 4499 2012 4544 aut
2043 4499 2263 4542 servum
2286 4519 2302 4543 ,
2329 4479 2426 4535 sed
2452 4486 2514 4532 ut
2541 4489 2641 4546 per
2671 4468 3082 4529 substantivum
3110 4470 3164 4517 et.
3192 4459 3502 4514 subsistens

1921 4583 2096 4652 ipsius
2126 4576 2406 4638 Verbum,
2437 4568 2768 4639 sapientiam
2790 4603 2806 4629 ,
2833 4567 2887 4616 et
2913 4553 3217 4630 potentiam
3247 4569 3258 4604 :
3289 4555 3502 4618 prOpte-

1923 4691 2015 4729 rea
2055 4671 2202 4742 quod
2239 4682 2383 4722 unus
2417 4667 2469 4718 in
2503 4662 2664 4716 Patre
2695 4665 2750 4713 et
2790 4655 2932 4709 Filio
2967 4659 3153 4705 motus
3182 4643 3498 4703 censidera-

1925 4776 2032 4819 tur.
2074 4728 2167 4816 .Sic
2201 4760 2335 4813 illud
2367 4775 2380 4810 :
2423 4754 2620 4810 Omnia
2659 4766 2750 4816 per
2787 4748 2964 4816 ipsum
2997 4742 3142 4808 facta
3179 4742 3300 4790 sunt
3334 4731 3401 4782 ⁸¹.
3437 4728 3502 4782 Et

1924 4855 2099 4911 illud:
2153 4851 2304 4906 Misit
2343 4848 2569 4902 Verbum
2623 4856 2808 4904 suum,
2861 4845 2911 4890 et
2949 4832 3152 4888 sanavit
3192 4844 3279 4882 eos
3315 4824 3384 4874 ⁵⁸.
3425 4821 3502 4872 Ac

1931 4961 2123 5003 rursus
2170 4941 2316 4997 istud
2347 4959 2359 4993 :
2395 4938 2462 4991 Ut
2495 4940 2812 5005 cognoscant
2845 4928 2969 5000 quia
3002 4935 3058 4978 tu
3094 4937 3173 4978 me
3203 4915 3395 4972 misisti
3431 4911 3502 4962 ⁸³.

309 5143 715 5206 ⁸⁸]οιιη.ιι,’50.
793 5133 836 5174 ’9
860 5140 1022 5195 Joan.
1067 5155 1175 5202 xw,
1209 5138 1260 5190 9.
1370 5138 1414 5168 ιο
1459 5135 1694 5204 Philipp.
1757 5148 1792 5185 ιι

237 5214 439 5248 μισ-ιιι
495 5231 584 5248 νη,
647 5214 710 5248 HI
808 5213 852 5244 Nl
877 5213 1043 5248 (inn-ill
1104 5210 1176 5248 Iil‘i
1233 5225 1392 5248 IYYI‘.’
1447 5207 1593 5248 7'st-
1665 5221 1712 5248 n,
1751 5204 1784 5248 5

1911 5169 1924 5182 .
2040 5126 2080 5154 ⁴⁵¹
2142 5123 2305 5176 .loan.
2346 5140 2381 5184 I,
2417 5120 2469 5171 5.
2578 5117 2619 5144 ⁵²
2660 5111 2825 5162 llcbr.
2867 5123 2902 5166 ι,
2936 5106 2987 5157 ’5.
3101 5101 3146 5131 ⁸³
3197 5097 3300 5150 lsa.
3339 5109 3414 5152 lx,
3445 5090 3499 5145 6.

1951 5196 2158 5248 “Joan.
2205 5211 2313 5248 ιιιν,
2340 5194 2429 5244 9.8.
2539 5189 2576 5217 ³⁷
2611 5185 2771 5241 Grca.
2819 5179 2944 5228 Naz.
2982 5181 3124 5224 orat.
3155 5170 3242 5221 56.
3424 5163 3498 5215 al.

309 5163 354 5178 "’
375 5163 596 5206 J09".X,
627 5163 715 5198 θυ.
793 5163 835 5174 "’
860 5163 1022 5195 Joun.
1068 5163 1175 5202 xw,
1211 5163 1260 5190 υ.
1375 5163 1410 5168 "
1459 5163 1694 5204 rmupp.
1759 5163 1816 5191 ιι,
1873 5163 1924 5182 υ.
2142 5163 2305 5176 υ-ιη-ισ
2347 5163 2381 5184 ι,
2418 5163 2469 5171 υ-
2894 5163 2900 5166 -

299 5214 461 5295 103p.
495 5231 608 5295 xiv,
647 5214 729 5267 10.
808 5213 852 5244 ⁸⁸
877 5213 1067 5282 Cyr-ill.
1104 5210 1196 5263 lib.
1233 5225 1414 5268 xxxiv,
1447 5207 1596 5259 'l‘lies.
1665 5221 1713 5274 p.
1751 5202 1873 5255 5H.
1951 5196 2158 5249 “toan.
2205 5211 2313 5256 xw,
2340 5194 2429 5244 :28.
2539 5189 2576 5217 "
2611 5185 2771 5241 Grca.
2819 5179 2944 5228 ΜΖ.
2982 5181 3124 5224 orat.
3155 5170 3242 5221 56.
3288 5172 3365 5218 ὀι
3424 5163 3498 5215 al.

928 5283 994 5295 λιιι
1116 5280 1160 5295 ιιι
1211 5277 1228 5295 π
1442 5294 1451 5295 κ
1509 5278 1571 5295 --ο
1691 5275 1737 5295 ις..
1953 5287 1979 5295 ..
2038 5266 2101 5295 nu
2199 5266 2242 5294 tn
2284 5263 2409 5295 Im...
2489 5275 2499 5295 ι
2541 5259 2572 5295 7.
2702 5253 2747 5281 ⁵⁸
2777 5249 2919 5295 Psal.
2949 5261 3058 5295 CVI.
3089 5242 3180 5295 ΞΟ.
3257 5237 3302 5270 ⁵³
3333 5233 3494 5288 Joau.

238 5233 461 5295 “Joan.
495 5233 608 5274 ιιν,
647 5233 729 5267 1U.
808 5233 852 5244 "'
877 5233 1067 5282 byt'llt.
1104 5233 1196 5263 ιιυ.
1234 5233 1414 5268 xxxiv,
1452 5233 1596 5259 rues.
1665 5233 1713 5274 ν.
1751 5233 1873 5255 οη.
2213 5233 2313 5256 ην,
2344 5233 2429 5244 -υο
2621 5233 2641 5237 -
2723 5233 2750 5241 ,-

238 5285 438 5410 Erl-mf;
514 5287 560 5317 ⁵⁸
583 5285 745 5342 Joan.
781 5301 894 5347 xu,
927 5283 1016 5336 ‘28.
1115 5280 1160 5311 ‘°
1201 5277 1360 5332 Joan.
1403 5294 1474 5340 νι,
1506 5278 1593 5331 ὗ8.
1691 5275 1737 5304 ⁶⁰
1764 5272 1922 5325 .loan.
1953 5287 2004 5333 ν,
2038 5266 2121 5318 l9.
2199 5266 2242 5294 ⁵¹
2273 5263 2436 5316 Joan.
2489 5275 2501 5310 ι
2541 5259 2591 5310 5.
2702 5253 2747 5281 ⁵⁸
2776 5249 2919 5304 Psal.
2949 5261 3058 5306 cn,
3089 5242 3180 5296 ΞΟ.
3257 5237 3302 5270 ⁵³
3333 5233 3494 5288 10:!"-

300 5398 316 5422 ,
351 5393 444 5408 ⁵.-.

1560 5493 1792 5550 γέιιιιιιιῖ
1833 5491 2234 5564 LECTIONES.

324 5681 335 5716 ί
377 5676 532 5732 Edita
572 5672 730 5726 κατὰ.

813 5669 825 5721 i
868 5668 1002 5724 Cod.
1047 5664 1102 5719 S.
1147 5663 1250 5716 llil.
1295 5670 1346 5716 et
1394 5661 1486 5713 alii
1526 5652 1908 5726 πληρουμένης
1943 5666 1954 5700 :
1987 5650 2066 5703 sic.
2123 5655 2278 5726 vetus
2338 5637 2852 5726 interpeeompleti,
2898 5631 3070 5684 Faber
3100 5627 3321 5699 impleti,
3358 5624 3503 5678 benc~

326 5711 335 5716 -
379 5711 532 5732 ηιμ...
576 5711 730 5726 πυ...
813 5711 824 5721 .
1048 5711 1102 5719 η.
1302 5711 1346 5716 _-

242 5750 426 5821 plu-citi
470 5746 699 5802 scilicet.
738 5742 792 5796 In
839 5741 997 5797 editis
1039 5738 1224 5791 deerat
1254 5731 1445 5798 copula
1474 5711 1918 5794 seqttens,'quain
1949 5735 2080 5775 mss.
2119 5717 2340 5785 quidam
2373 5730 2479 5770 non
2517 5711 2733 5765 habent.
