3864 6198
495 259 634 327 tm
938 223 942 227 ’
1667 261 1728 324 s.
1753 261 2073 326 JOANNIS
2102 260 2544 323 DAMASCENI
3538 264 3636 334 11a

563 373 686 428 Alia
733 371 974 443 denique
1018 373 1343 445 prepbetico
1385 373 1598 442 modo;
1631 387 1866 443 quorum
1899 371 2066 426 etiam

2111 372 2145 430 Α
2241 369 2322 422 Τὰ
2342 368 2398 421 δὲ
2429 365 2813 439 προφητικῶςο
2850 364 2944 420 καὶ
2998 365 3194 420 τούτων
3247 366 3308 420 τὰ
3344 368 3426 438 μὶν
3456 371 3515 435 ὡς
3549 378 3637 449 με),

495 465 696 538 duplex
728 479 905 534 genus
941 474 1048 520 est.
1083 465 1342 532 Quaedam
1371 466 1520 522 enim
1553 465 1633 520 uti
1669 464 1856 520 futura
1883 464 2021 518 dicul

2183 462 2362 525 λοντα,
2390 456 2500 513 οἷον
2517 478 2530 492 ο
2567 457 2874 528 Ἔμφανῶς
2896 457 3027 526 ἥξει
3051 473 3066 488 ⁸
3096 458 3185 510 καὶ
3212 459 3269 511 τὸ
3297 459 3380 512 τοῦ
3404 463 3638 536 Ζαχαρίουσ

497 563 586 608 tur
615 592 632 618 ,
666 553 816 606 velut
849 570 863 606 :
896 551 1184 623 Manifeste
1209 556 1374 610 veniet
1403 554 1474 608 “.
1503 554 1568 609 Et
1594 554 1728 608 illud
1759 552 2023 609 Zacharia

2195 552 2342 608 Ἰδοὺ
2371 555 2405 607 d
2434 551 2738 617 Βασιλεύς
2777 566 2891 604 σου
2930 550 3162 619 ἔρχεταί
3201 567 3310 604 σοι.
3346 553 3440 605 Καὶ
3490 556 3536 606 τὺ
3567 557 3663 616 im:

499 644 634 698 Ecce
666 641 778 696 Rea:
808 653 932 696 tuus
960 645 1124 698 veniet
1157 645 1253 697 tibi
1285 645 1354 698 ".
1388 644 1454 697 Et
1481 643 1628 714 quod
1661 658 1690 696 a
1735 642 1959 698 Michwa
1992 643 2024 698 d

2181 643 2419 714 Μιχαίου
2446 641 2768 714 εἰρημένον·
2811 641 2966 700 Ἰδοὺ
3006 640 3214 708 Κύριος
3247 640 3564 710 ἐκπορεύεται
3595 625 3662 702 ἐι

494 746 645 789 etum
678 743 763 790 est
789 753 802 790 :
842 733 980 789 Ecce
1013 735 1268 790 Dominus
1301 737 1600 807 egredietur
1629 735 1694 789 de
1721 735 1834 788 loco
1863 751 1959 788 suo
1979 774 1995 798 ,

2181 735 2288 790 τοῦ
2308 736 2499 790 τόπου
2527 733 2734 799 αὑτοῦ,
2757 733 2850 786 καὶ
2877 731 3281 796 καταϐήσεται,
3313 733 3397 786 καὶ
3435 735 3645 800 ἐπιϐήσε-

494 824 803 889 descendet,
844 835 895 880 ct
937 826 1179 881 ascendet
1207 842 1364 895 super
1388 826 1597 881 excelsa
1629 836 1783 880 terra:
1814 826 1886 882 ⁸⁸.
1917 825 2020 892 Qu:

2180 843 2273 879 ται
2297 825 2396 880 ἐπί
2431 825 2504 878 τὰ
2536 823 2748 892 ὑψηλὰ
2770 822 2881 892 τῆς
2938 821 3051 892 γῆς
3072 840 3086 852 ’
3113 821 3179 875 τὰ
3227 822 3300 884 δὲ,
3323 822 3386 876 τὰ
3429 825 3647 894 μέλλοντα,

493 916 621 970 dam
654 925 871 980 autem,
908 916 1038 970 licet
1073 915 1255 970 futura
1277 957 1292 982 ,
1323 916 1590 971 dicuntur
1620 924 1804 970 tamen
1833 916 1912 970 uti
1939 932 2019 986 pr:

2179 916 2254 980 ὡς
2288 914 2676 987 παρῳχηκότα,
2705 913 2782 973 ὡς
2806 912 2896 966 τό·
2933 907 3122 978 Οὗτος
3145 915 3176 967 ὁ
3215 913 3345 978 Θεὸς
3366 913 3649 981 midian

498 1006 682 1071 terita,
716 1013 777 1059 ut
811 1024 824 1060 :
859 1006 959 1060 llic
994 1006 1134 1062 Deus
1168 1017 1386 1063 noster:
1412 1010 1647 1076 posthazc
1676 1009 1731 1062 in
1763 1018 1907 1061 terra
1937 1007 2024 1061 vis:

2179 1007 2368 1061 ταῦτα
2404 1005 2502 1060 ἐπὶ
2554 1005 2667 1074 τῆς
2723 1003 2837 1076 Tric
2889 1002 3077 1072 ὤφθη,
3127 1001 3369 1068 καὶτοῖς
3398 1005 3650 1074 ἀνθρώποις

496 1103 598 1160 est,
617 1105 666 1148 et
696 1111 814 1148 cum
845 1094 1144 1150 hominibus
1178 1106 1526 1151 conversatus
1553 1106 1632 1152 est
1657 1097 1724 1149 ⁸⁷.
1753 1095 1887 1151 Illud
1908 1099 2022 1151 iten

2179 1095 2652 1166 συνανεστράφη
2669 1111 2684 1126 ο
2704 1096 2797 1149 καὶ
2824 1095 2886 1150 τό
2903 1112 2919 1127 ·
2953 1097 3164 1163 Κύριος
3206 1095 3390 1148 ἐκτισέ
3415 1113 3480 1164 με
3509 1099 3651 1165 ἀρχὴν

500 1186 755 1239 Dominus
781 1187 976 1241 creavit
1001 1205 1081 1241 me
1109 1188 1317 1242 initium
1339 1190 1551 1244 viarum
1578 1205 1797 1243 suarum
1825 1189 1894 1242 ad
1920 1205 2026 1257 ope:

2180 1187 2298 1242 τῶν
2346 1186 2503 1242 ὁδῶν
2552 1187 2740 1242 αὑτοῦ
2803 1188 2891 1254 εις
2933 1185 3080 1256 ἔργα
3119 1184 3322 1240 αὐτοῦ·
3368 1187 3449 1239 καὶ
3491 1188 3652 1243 *τό-Διά

497 1294 594 1331 sua
619 1278 685 1331 ⁵⁸.
711 1277 776 1331 Ει
798 1279 930 1334 illud
956 1299 971 1335 :
999 1279 1289 1349 Propterea
1317 1283 1468 1334 unxit
1499 1290 1547 1335 te
1569 1280 1742 1344 Deus,
1772 1279 1914 1336 Deus
1937 1290 2023 1334 tuu

2180 1279 2358 1334 τοῦτο
2380 1279 2590 1349 ἕχρισέ
2613 1294 2687 1334 σε
2711 1281 2744 1334 ό
2771 1278 2938 1344 Θεὸς,
2957 1279 2992 1331 ὸ
3019 1279 3162 1343 Θεός
3187 1293 3316 1342 σου,
3336 1278 3516 1332 ἔλαιον
3527 1279 3653 1346 ἀταλ-

499 1369 614 1423 oleo
647 1369 848 1426 latitiw
873 1385 984 1438 prce
1013 1372 1345 1428 consortibus
1380 1373 1484 1427 tuis
1510 1373 1554 1406 “
1581 1391 1595 1426 :
1629 1381 1686 1429 et
1712 1371 1936 1429 similia.

2180 1359 2443 1437 ,ιιάσὲως
2495 1370 2656 1440 παρὰ
2712 1369 2856 1437 τοὺς
2897 1371 3195 1440 μετόχους
3240 1384 3368 1434 σου,
3397 1368 3478 1423 καὶ
3496 1370 3550 1424 τὰ
3573 1386 3653 1424 τοι·

2179 1480 2342 1519 αυτα.

576 1549 643 1604 In
682 1551 872 1605 unione
902 1552 1096 1622 triplex
1123 1553 1520 1622 p‘razdicationis
1555 1569 1737 1626 genus.
1761 1584 1830 1595 —
1849 1554 1919 1609 Et
1948 1553 2077 1624 qui-

2249 1553 2330 1606 Τὰ
2361 1553 2464 1623 μὲν
2492 1547 2590 1606 οὗν
2614 1551 2721 1624 πρὸ
2747 1552 2849 1624 τῆς
2875 1551 3143 1616 ὲνώσεως,
3165 1551 3256 1605 καὶ
3284 1551 3406 1621 μετά
3422 1552 3506 1623 τὴν
3517 1551 3654 1608 ἕνωσιν

499 1643 625 1696 dem
662 1657 728 1724 ea
755 1657 878 1711 qua:
909 1644 1171 1699 unionem
1207 1644 1571 1710 antecedunt,
1603 1646 1670 1701 de
1705 1646 1824 1716 ipso
1857 1661 2025 1716 quoq!

2180 1644 2268 1697 ἐπ’
2304 1644 2455 1715 αὐτῷ
2488 1644 2814 1715 λεχθήσεται
2839 1659 2854 1674 ·
2881 1643 2952 1698 τὰ
2990 1643 3049 1697 δὲ
3095 1641 3227 1714 μετὰ
3257 1642 3348 1714 τὴν
3388 1642 3562 1711 ἕνωσιν,
3583 1647 3655 1714 πρὸ

501 1742 624 1801 post
662 1722 921 1788 unionem
959 1733 1224 1790 dicuntur
1258 1755 1270 1790 :
1311 1752 1434 1807 quae
1466 1744 1648 1792 autem
1693 1737 1950 1792 unionem
1991 1751 2027 1791 se

2130 1724 2278 1804 ἲτῆς
2304 1733 2554 1799 ἐνώσεως
2594 1735 2870 1806 οὐδαμῶς,
2924 1735 2973 1787 εἰ
3005 1735 3197 1805 μήτιγε
3246 1734 3562 1804 προφητικῶς,
3605 1736 3656 1798 ὡς

500 1831 770 1892 quuntur,
804 1831 934 1879 ante
963 1824 1222 1880 unionem
1267 1842 1379 1882 non
1428 1828 1554 1882 item
1576 1870 1590 1894 ,
1635 1828 1738 1883 nisi
1773 1827 2026 1884 secundm

2178 1824 2410 1896 ἔφημεν.
2439 1825 2561 1880 Τῶν
2593 1827 2651 1880 δὲ
2677 1827 2736 1879 ὲν
2759 1828 2828 1896 τῇ
2862 1823 3057 1878 ὲνώσει
3090 1824 3271 1897 τρόποι
3295 1824 3390 1876 etsi
3418 1825 3552 1894 τρεῖς.
3567 1825 3657 1877 Ὅτε

501 1914 845 1985 prophetiam
868 1957 883 1980 ,
917 1922 978 1969 ut
1009 1908 1388 1987 praediximus.
1429 1919 1500 1973 At
1532 1933 1665 1973 vero
1695 1933 1886 1972 eorum
1909 1959 1924 1983 ,
1956 1934 2027 1988 qu

2183 1915 2284 1986 μὲν
2307 1916 2416 1988 γὰρ
2443 1919 2508 1971 ὲκ
2558 1915 2654 1970 τοῦ
2699 1916 3016 1988 κρείττονος
3059 1915 3150 1969 τὸν
3189 1914 3333 1984 λόγον
3362 1913 3657 1983 ποιούμεθαι,

503 2008 558 2061 in
601 2007 805 2062 unione
855 2013 1021 2070 sunt,
1068 2007 1266 2076 triplex
1303 2018 1387 2064 est
1431 2008 1652 2064 modus.
1705 2007 1838 2062 Nam
1880 2023 2004 2064 cum

2181 2010 2376 2064 θέωσιν
2425 2007 2530 2078 τῆς
2584 2005 2807 2078 σαρκὸς,
2841 2006 2939 2059 καὶ
2979 2005 3228 2075 λόγωσιν,
3273 2004 3358 2060 καὶ
3386 2004 3659 2076 ὑπερύψωσιν

504 2098 877 2166 praestantiori
915 2107 1072 2167 parte
1117 2100 1285 2154 verba
1322 2099 1588 2166 facimus,
1630 2102 1818 2158 carnis
1855 2099 2030 2156 deiﬁc:

2179 2101 2432 2172 λέγομεν,
2491 2099 2587 2153 xal.
2635 2097 2704 2152 τὰ
2760 2097 3016 2166 τοιαῦτα,
3063 2099 3153 2152 τὸν
3199 2096 3566 2168 προσγενόμενον
3610 2099 3658 2164 τῇ

503 2187 703 2241 tionem
726 2224 741 2250 ,
770 2193 826 2242 et
855 2187 910 2241 in
944 2186 1183 2243 Verbum
1246 2191 1680 2260 assumptionem
1702 2229 1717 2252 ,
1777 2197 1832 2246 et
1887 2205 2029 2261 supe‘

2153 2256 2156 2258 γ
2183 2193 2348 2263 σαρκὶ
2375 2191 2608 2244 πλοῦτον
2636 2191 2700 2243 ὲκ
2737 2189 2842 2260 τῆς
2875 2190 3017 2259 πρὸς
3053 2189 3144 2242 τὸν
3175 2187 3383 2258 ὕψιστον
3403 2187 3510 2240 θεὸν
3533 2187 3659 2253 Λόγον

501 2277 922 2344 exaltationem,
972 2288 1277 2350 ceteraque
1327 2281 1378 2335 id
1412 2286 1629 2352 generis
1674 2283 1935 2347 dicimus,
1970 2299 2027 2352 qi

2183 2282 2431 2346 ἑνώσεὼς
2454 2299 2514 2335 τε
2551 2282 2646 2335 καὶ⁵
2664 2281 2956 2351 συμφυΐας
2993 2279 3348 2350 ἐμφαίνοντες.
3379 2279 3487 2330 Ὅτε
3519 2277 3562 2329 δὲ
3585 2276 3663 2329 ἀπὺ

503 2383 638 2438 opes
700 2369 822 2425 illas
884 2370 1263 2439 declaremus,
1330 2388 1452 2443 quae
1505 2375 1656 2430 carni
1707 2389 1772 2429 ex
1820 2389 1918 2430 sua
1954 2390 2022 2430 cu

2181 2371 2277 2424 τοῦ
2309 2370 2613 2432 ἐλάττονος,
2645 2369 2932 2440 σάρκωσιν
2972 2367 3067 2421 τοῦ
3099 2367 3229 2421 Θεοῦ
3268 2367 3441 2436 Λόγου,
3457 2364 3661 2435 ὲνανθρώ-

504 2460 905 2516 sublimissimo
959 2461 1071 2517 Deo
1119 2461 1302 2518 Verbo
1358 2465 1604 2529 unione,
1659 2466 2030 2536 arctissimaqi

2183 2478 2376 2533 πησιν,
2433 2461 2667 2514 κένωσιν
2692 2498 2708 2523 ,
2750 2460 3079 2529 πτωχείαν,
3146 2458 3469 2520 ταπείνωσιν,
3512 2456 3660 2524 φαμέν.

504 2551 898 2622 conjunctione
930 2558 1312 2610 aecesserunt.
1343 2556 1480 2610 Cum
1511 2565 1695 2612 autem
1728 2558 1798 2613 ab
1829 2556 2030 2614 inferio

2184 2551 2373 2607 Ταῦτα
2403 2551 2535 2622 γὰρ,
2573 2550 2762 2604 καὶτὰ
2791 2549 3050 2615 τοιαῦτα,
3082 2551 3146 2602 ἐκ
3160 2550 3254 2620 τῆς
3295 2548 3413 2620 πρὸς
3453 2544 3663 2616 τὸάνθρὼ-

505 2651 700 2714 parte,
737 2645 1176 2701 incarnationem
1215 2646 1309 2702 Dei
1347 2646 1546 2715 Verbi,
1585 2648 1950 2706 humanitatis
1991 2664 2031 2704 a:

2186 2661 2342 2698 πινον
2363 2646 2616 2717 κράσεως
2644 2641 2974 2710 ὲπιλὲγεται
3005 2640 3084 2712 τῷ
3115 2640 3267 2710 Λόγῳ
3297 2640 3382 2692 καὶ
3405 2637 3520 2707 Θεῷ.
3540 2638 3663 2688 Ὅταν

505 2737 874 2807 sumptionem
899 2779 913 2802 ,
947 2740 1380 2796 exinanitionem
1403 2781 1418 2806 ,
1458 2721 1832 2811 paupertatem
1850 2783 1866 2808 ,
1894 2753 1950 2799 et
1978 2743 2031 2798 hl

2186 2735 2245 2788 δὲ
2275 2735 2334 2802 ἐξ
2366 2736 2570 2806 ἀμφοῖν
2597 2734 2735 2806 ἅμα,
2771 2734 3002 2802 ἕνωσιν,
3051 2732 3341 2795 κοινωνίαν,
3378 2729 3542 2801 χρίσιν,
3565 2743 3662 2794 συμ-

507 2828 868 2884 miliationem
891 2830 1148 2886 dicimus.
1171 2831 1300 2888 Haec
1321 2832 1468 2888 enim
1493 2843 1544 2887 et
1570 2833 1771 2887 similia
1793 2872 1807 2898 ,
1834 2834 1904 2889 ob
1928 2849 2027 2890 sua

2187 2827 2373 2897 φυῖαν,
2404 2828 2826 2899 συμμόρφωσιν,
2862 2828 2972 2881 καὶ
2999 2827 3068 2880 τὰ
3088 2825 3301 2880 τοιαῦτα
3332 2823 3575 2891 φάσκομεν.
3595 2817 3662 2870 Διὰ

506 2935 633 2975 cum
686 2920 1031 2978 humanitate
1079 2922 1434 2987 mistionem,
1495 2921 1675 2977 Verbo
1729 2939 1793 2978 ac
1844 2923 1955 2979 Deo
1988 2932 2032 2978 tr

2187 2916 2378 2972 τοῦτον
2403 2914 2499 2973 οὖν
2521 2919 2617 2973 τὸν
2671 2917 2854 2990 τρίτον
2892 2917 3104 2990 τρόπον
3149 2919 3198 2970 οί
3226 2911 3582 2986 προλελεγμένοι
3598 2907 3661 2961 δύη

507 3012 773 3068 buuntur.
799 3014 1042 3084 Denique
1067 3029 1190 3070 cum
1213 3015 1279 3069 de
1303 3015 1546 3084 utrisque
1566 3014 1731 3084 286
1750 3015 1911 3070 simul
1933 3015 2033 3070 nob

2134 3059 2156 3080 ,
2190 3011 2382 3083 τρόποι
2410 3011 2682 3080 λέγονται.
2712 3012 2812 3066 Διὰ
2832 3011 2912 3079 γα
2923 3029 2954 3083 ρ
2983 3011 3080 3084 τῆς
3135 3009 3360 3071 ὲνὼσεως
3393 2999 3660 3118 δηλοῗτῗιὶτί

506 3112 593 3160 est
619 3119 802 3160 sermo
823 3148 838 3170 ,
865 3107 1123 3161 unionem
1147 3146 1164 3172 ,
1196 3109 1641 3161 communionem
1669 3144 1683 3166 ,
1721 3107 2032 3161 unctionem

2134 3094 2157 3118 ’⁴
2189 3102 2351 3174 ἔσχεν
2381 3103 2646 3175 ἑκάτερον
2675 3105 2741 3157 ὲκ
2768 3104 2868 3173 τῆς
2896 3101 3006 3157 τοῦ
3059 3099 3437 3170 συνυφεστῶτος
3462 3093 3573 3161 αὐτῷ
3591 3093 3660 3160 ἁρ-

509 3196 813 3250 naturalem
849 3197 1209 3266 iutimamque
1234 3199 1622 3254 cohaerentiam
1642 3239 1656 3260 ,
1685 3197 2035 3253 conformatit

2191 3198 2364 3267 μογῆς
2385 3195 2482 3249 καὶ
2505 3195 2964 3266 περιχωρήσεως.
2999 3191 3097 3247 Διὰ
3125 3192 3230 3263 γὰρ
3256 3190 3346 3262 τὴν
3380 3186 3480 3242 καθ’
3491 3183 3658 3238 ὑπόστα-

511 3302 634 3340 nem
663 3276 680 3352 ,
728 3296 1043 3357 eseteraque
1080 3288 1132 3342 id
1166 3290 1384 3358 generis
1417 3290 1684 3344 vocabula
1721 3298 2030 3360 usurpantu

2189 3302 2274 3339 σιν
2317 3286 2511 3339 ἕνωσιν
2547 3286 2583 3356 ἡ
2617 3285 2754 3355 σὰρξ
2780 3285 3093 3340 τεθεῶσθαι
3119 3285 3342 3354 λέγεται,
3374 3279 3456 3334 καὶ
3481 3277 3579 3335 Θεὸς
3600 3289 3659 3341 γε·

510 3374 595 3430 Ob
625 3377 772 3430 hunc
808 3377 979 3444 igitur
1015 3379 1239 3432 tertium
1271 3379 1493 3432 modum
1524 3380 1770 3449 praadicli
1798 3382 1908 3439 duo
1938 3395 2036 3436 moi

2187 3378 2395 3442 νέσθαι,
2445 3377 2542 3431 καὶ
2592 3377 2822 3446 ὁμόθεος
2869 3379 2956 3450 τῷ
3011 3380 3203 3450 Λόγῳ·
3237 3377 3325 3432 καὶ
3362 3377 3389 3429 ὁ
3423 3368 3659 3434 ΘεδςΔότος

507 3464 789 3522 dicuntur.
810 3467 914 3521 Per
943 3469 1202 3523 unionem
1225 3469 1371 3522 enim
1395 3469 1693 3534 indicatur,
1712 3471 1858 3539 quod
1883 3480 2033 3526 utrur

2190 3467 2564 3540 σαρκωθῆναι,
2618 3470 2714 3524 καὶ
2760 3470 3059 3541 ἄνθρωπος
3103 3469 3362 3541 γενέσθαι,
3399 3465 3477 3519 καὶ
3516 3459 3660 3523 κτίσμα

507 3571 616 3626 que
641 3573 707 3611 ex
736 3574 837 3614 sua
870 3573 997 3614 cum
1026 3575 1091 3614 eo
1121 3559 1267 3630 quod
1293 3575 1401 3615 una
1432 3575 1618 3616 secum
1647 3561 1904 3627 exsistit,
1935 3578 2033 3618 con

2188 3559 2474 3628 λέγεσθαι.
2524 3559 2620 3613 καὶ
2668 3559 2897 3630 ἔσχατος
2957 3561 3268 3616 καλεῖσθαι·
3313 3559 3400 3628 οὐχ
3423 3555 3484 3618 ὡς
3503 3551 3582 3605 τῶν
3598 3546 3661 3600 δύο

507 3649 860 3720 paginatione
891 3661 945 3706 et
969 3651 1501 3708 circumiucessione
1535 3652 1795 3723 adeptum
1824 3652 1916 3708 sit.
1961 3651 2028 3708 Et

2189 3651 2409 3720 φύσεων
2441 3649 2885 3722 μεταϐληθεισῶν
2951 3653 3032 3716 είς
3083 3654 3208 3723 μίαν
3258 3651 3405 3721 φύσιν
3445 3643 3656 3700 σύνθετον·

507 3740 622 3794 nim
657 3741 701 3773 ⁸⁸
731 3741 804 3796 ob
834 3741 1094 3796 unionem
1132 3743 1438 3799 secundum
1472 3744 1842 3814 hypostasim,
1875 3752 1930 3800 et
1958 3759 2033 3800 cat

2187 3739 2452 3794 ἀδύνατον
2491 3738 2602 3810 γὰρ
2635 3740 2693 3792 ὲν
2729 3741 2829 3811 μιᾷ
2861 3740 3035 3810 φύσει
3056 3742 3172 3813 ἅμα
3201 3741 3268 3796 τὰ
3304 3735 3492 3792 ἐναντία
3517 3725 3657 3801 φυσικὰ

507 3831 762 3886 deiﬁcata
795 3848 858 3888 ac
895 3833 1038 3890 Deus
1086 3849 1210 3891 esse
1262 3833 1445 3898 facta,
1493 3835 1916 3906 divinitatisque
1960 3850 2028 3891 cu

2190 3830 2443 3899 γενέσθαι
2471 3846 2486 3862 ο
2513 3829 2630 3882 ἀλλ’
2650 3829 2728 3895 ὡς
2753 3830 2867 3884 τῶν
2903 3832 3007 3887 δύο
3048 3832 3256 3901 φύσεων
3293 3828 3404 3884 καθ’
3444 3824 3659 3878 ὑπύπασιν

508 3921 690 3978 Verbo
723 3924 876 3980 socia
907 3926 1150 3982 dicitur:
1195 3933 1250 3982 et
1289 3941 1484 3982 rursus
1516 3925 1660 3983 Deus
1691 3925 1929 3982 Verbum
1965 3943 2028 3983 ca

2191 3919 2514 3986 ὲνωθεισῶν,
2533 3921 2630 3975 καὶ
2658 3920 2758 4003 τὴν
2786 3922 2868 3987 είς
2899 3922 3144 3995 ἀλλήλας
3175 3917 3507 3995 περιχὼρήσιν
3542 3906 3659 3973 ἀσύγ·

509 4029 632 4068 nem
661 4016 1056 4086 assumpsisse,
1079 4025 1134 4072 et
1154 4017 1318 4073 homo
1345 4015 1527 4072 factus
1548 4031 1671 4073 esse
1692 4017 1916 4085 dicitur,
1943 4032 2034 4073 cre

2191 4028 2357 4083 χυτον
2377 4011 2474 4065 καὶ
2499 4011 2877 4085 ἀμετάϐλητον
2907 4015 3177 4086 ἐχουσῶν.
3211 4015 3274 4068 Ἦ
3305 4012 3358 4065 δὲ
3381 4003 3658 4080 περιχώρησις

508 4113 632 4156 tura
655 4103 842 4159 itidem
863 4146 878 4170 ,
900 4113 954 4158 et
984 4104 1328 4160 novissimus
1355 4107 1667 4175 appellatur
1688 4108 1730 4140 ⁶¹
1755 4127 1767 4162 :
1798 4123 1907 4163 non
1936 4122 2034 4178 qut

2189 4106 2289 4160 οὐκ
2315 4105 2382 4158 ὲκ
2409 4106 2510 4176 τῆς
2536 4107 2758 4176 σαρκὸς,
2780 4107 2898 4160 ἀλλ’
2943 4112 3011 4164 ὲκ
3061 4109 3161 4180 τῆς
3209 4106 3440 4167 θεότητος
3471 4098 3657 4169 γέγονεν·

508 4193 630 4249 duae
676 4203 888 4250 naturae
923 4196 978 4251 in
1013 4211 1179 4252 unam
1239 4204 1494 4251 naturam
1545 4200 1909 4268 compositam
1957 4215 2034 4255 con

2189 4196 2474 4267 ἀμήχανον
2495 4199 2605 4268 γὰρ
2632 4197 2732 4267 τὴν
2757 4199 2945 4269 σάρκα
2970 4189 3340 4271 περιχώρῆσαι
3377 4193 3454 4246 διὰ
3479 4188 3558 4256 τῆς
3581 4181 3661 4236 δεδι

508 4299 680 4338 versaa
709 4285 818 4341 sint
849 4285 867 4354 (
893 4286 1011 4342 ﬁeri
1045 4287 1194 4344 enim
1225 4289 1421 4358 nequit
1456 4287 1523 4354 ⁸⁸,
1561 4289 1616 4345 in
1652 4305 1760 4345 una
1785 4290 2034 4361 eademqt

2189 4305 2354 4359 τητος
2374 4305 2390 4321 ·
2419 4287 2535 4342 ἀλλ’
2556 4290 2590 4360 ἡ
2633 4287 2752 4342 θεία
2781 4288 2949 4357 φύσις
2970 4288 3121 4354 ἅπαξ
3151 4282 3498 4358 περιχωροῦσα
3515 4274 3581 4330 διὰ
3596 4271 3661 4339 τῆς

510 4381 708 4428 natura
739 4377 1114 4446 proprietates
1162 4379 1446 4436 naturales
1493 4379 1639 4436 inter
1689 4395 1750 4436 se
1791 4381 2036 4436 contrari

2133 4396 2166 4456 [)
2190 4379 2412 4450 σαρκὸς,
2451 4378 2617 4432 ἔδωκε
2639 4379 2735 4433 καὶ
2753 4382 2820 4450 τῇ
2850 4381 3021 4451 σαρκὶ
3055 4381 3151 4451 τὴν
3190 4379 3319 4450 πρὸς
3343 4374 3517 4441 ταύτην
3543 4364 3659 4436 5H4“

511 4465 676 4520 simul
720 4467 994 4524 exsistant
1021 4469 1077 4540 ),
1111 4469 1206 4526 sed
1239 4470 1366 4540 quia
1399 4469 1522 4526 dua:
1545 4478 1754 4526 natura;
1784 4470 2029 4526 secundo

1869 4470 2089 4526 :undum
2197 4487 2290 4523 τον
2317 4469 2713 4542 πριχὼρησιν,
2746 4472 2813 4541 ἢν
2849 4471 2914 4543 δὴ
2944 4471 3139 4525 ἕνωσιν
3163 4470 3395 4538 λέγομεν.

511 4557 848 4628 hypostasim
895 4562 1064 4616 unita:
1095 4571 1260 4628 sunt,
1313 4574 1670 4634 mutuamqne
1716 4565 1859 4619 inter
1894 4581 1954 4621 se
1987 4565 2127 4621 citra
2156 4564 2538 4620 confusionem
2580 4573 2638 4620 et
2673 4567 3156 4632 immutationem,
3190 4552 3657 4620 circumincessiom

511 4648 736 4706 habent.
772 4652 1240 4711 Circumincessio
1301 4664 1486 4711 autem
1537 4671 1647 4711 non
1682 4674 1711 4712 a
1747 4673 1954 4722 carne,
1995 4658 2089 4713 sed
2130 4671 2160 4711 a
2194 4645 2766 4727 divinitate‘proiecta
2818 4668 2926 4714 est.
2980 4659 3169 4729 Neque
3206 4657 3341 4711 enim
3379 4650 3476 4705 ﬁeri
3509 4641 3658 4714 p055“.

511 4745 570 4790 ut
602 4753 733 4794 caro
767 4739 1110 4796 divinitatem
1147 4734 1554 4812 circumjadat,
1606 4759 1798 4800 verum
1827 4745 2012 4800 divina
2068 4754 2264 4800 natura
2323 4747 2490 4801 semel
2520 4761 2742 4802 carnem
2785 4751 3148 4818 permeando,
3188 4745 3330 4802 carni
3363 4751 3545 4813 quoque
3571 4747 3659 4786 con-

511 4828 669 4895 tulit,
698 4838 758 4883 ut
780 4831 846 4886 ad
872 4846 933 4888 se
959 4831 1128 4887 modo
1152 4833 1390 4904 quodam
1417 4834 1681 4892 ineﬁabili
1711 4845 2084 4892 commearet:
2123 4837 2271 4908 quod
2304 4839 2522 4906 quidem
2557 4855 2659 4896 nos
2689 4841 2951 4896 unionem
2982 4842 3235 4897 dicimus.
3409 4905 3411 4908 ς

581 4922 715 4988 Qua:
755 4940 875 4979 cum
923 4926 1339 4997 reciprocatione
1395 4928 1666 4986 dicantur.
1693 4929 2083 4986 —Sciendum

2275 4931 2471 4986 ’ἰστέον
2495 4933 2573 4998 δὲ,
2595 4934 2670 4996 ῶς
2687 4933 2782 4987 ἐπὶ
2799 4931 2894 4986 τοῦ
2919 4931 3139 5003 πρώτου
3165 4930 3255 4985 καὶ
3279 4924 3502 4996 δευτέρου

513 5025 696 5071 autem
727 5023 813 5072 est
833 5057 848 5084 ,
879 5017 936 5072 in
969 5018 1150 5089 primo
1176 5029 1230 5075 et
1257 5022 1502 5083 secundo
1526 5039 1727 5094 genere
1747 5038 1939 5079 eorum
1964 5038 2034 5094 qu

2188 5021 2300 5079 τῶν
2331 5024 2392 5076 ὲν
2421 5025 2488 5094 τῇ
2520 5022 2736 5086 ὲνώσει,
2763 5021 2824 5077 τὸ
2873 5001 3147 5076 ἀνάπαλιν
3183 5018 3472 5089 θεωρεῖταν
3496 5011 3565 5062 ὅτε
3585 5001 3655 5070 γάρ

584 5171 632 5246 ’ξ
659 5170 977 5246 Psal.__x1.ix,
1009 5177 1063 5231 5.
1138 5175 1371 5233 "Zach.
1397 5193 1472 5246 ix,
1503 5179 1556 5235 9.
1632 5179 1680 5211 ⁵⁸
1715 5177 1876 5233 Mich.
1903 5194 1939 5240 I,
1959 5178 2014 5233 5.
2089 5177 2136 5210 ⁸⁷
2167 5175 2382 5232 Baruch
2415 5179 2604 5244 m,38.
2649 5181 2726 5214 ·⁸⁸
2761 5180 2922 5236 Prov.
2948 5195 3069 5245 vtu,
3089 5175 3181 5232 22.
3206 5179 3250 5210 ”
3270 5172 3404 5231 Psal.
3430 5155 3652 5226 xxxxxv,3-

515 5239 561 5270 ‘°
587 5239 749 5313 Greg.
789 5241 924 5300 Naz.
964 5239 1124 5302 'orat.
1159 5246 1248 5302 59.
1326 5248 1369 5279 "
1395 5239 1498 5303 lsa.
1528 5264 1685 5316 um,
1713 5251 1766 5304 ὃ.
1843 5249 1888 5280 ⁶¹
1915 5239 2116 5319 Supra.
2143 5246 2240 5302 lib.
2284 5261 2363 5312 ιιι,
2391 5239 2515 5320 cap.
2555 5251 2614 5304 9.

1746 5444 1758 5459 .
1789 5389 2020 5455 \ARle
2060 5399 2464 5457 LECTIONES.

594 5550 616 5587 ι
643 5548 776 5632 βοαὶ
812 5551 980 5632 διξρΊ,
1016 5563 1070 5609 et
1097 5551 1254 5620 Colvb.
1291 5552 1707 5632 graeco-[fatum
1739 5553 1771 5624 ἢ
1801 5553 1909 5632 γριρ
2019 5553 2294 5632 patos/3i,
2355 5555 2388 5625 ἢ
2423 5555 2552 5632 ,ἀπὸ
2588 5554 2680 5632 rei”)
2709 5554 3012 5632 ὲλᾴιετονος,
3064 5555 3098 5628 ἢ
3146 5553 3204 5620 ἐξ
3253 5533 3654 5622 ἀμφοῖντδνλίττδ

527 5619 836 5686 ποιούμεθα.
869 5622 1070 5678 Eadem
1097 5638 1263 5695 supra
1300 5623 1496 5681 lineam
1540 5619 1794 5695 leguntur
1814 5619 1890 5681 ιη’
1936 5619 2093 5680 (3011).
2150 5623 2314 5694 1559,
2344 5619 2474 5681 etin
2507 5641 2604 5682 ora
2639 5623 2794 5697 Regii
2826 5625 2984 5683 2427.
