3864 6198
211 310 352 375 1185

1270 313 1368 373 DE
1406 292 1585 374 sine
1623 312 2088 373 ORTHODOXA
2121 312 2268 371 LIB.
2301 312 2396 372 Iv.

3324 310 3461 377 1186

199 422 333 491 περὶ
361 421 463 489 τῆς
491 420 691 492 σαρκὸς
715 423 805 475 τὸν
850 424 1007 493 λόγον
1057 425 1376 497 ποιούμεθα,
1410 429 1606 482 θέωσιν
1627 469 1640 491 ,
1690 430 1777 480 καὶ

1887 428 1939 480 in
1973 427 2176 480 unione
2204 426 2342 480 ﬁunt
2364 465 2378 489 ,
2408 424 2903 495 reciprocationem
2933 427 3295 483 considerari.
3322 428 3459 482 Nam

197 510 459 578 λόγωσιν,
490 517 582 564 καὶ
598 514 972 585 ὑπερύψωσιν,
993 517 1086 569 καὶ
1105 518 1287 587 κρίσιν
1305 520 1504 587 φαμέν.
1525 520 1656 572 Ἀπὸ
1687 520 1784 589 μὲν

196 599 314 668 γὰρ
331 600 427 668 τῆς
449 601 700 672 θεότητος
716 602 909 668 ταῦτα,
929 605 1056 673 περὶ
1079 605 1250 676 δὲτὴν
1274 607 1451 677 σάρκα
1470 607 1779 678 θεωρεῖται.

199 689 337 741 Ὅτε
368 688 461 743 ιδὲ
483 693 608 763 περὶ⁵
626 692 722 744 τοῦ
752 693 950 761 Λόγου,
1002 693 1249 759 κένωσιν,
1279 696 1573 765 σάρκωσιν,
1630 698 1785 749 ἐναν-

198 778 513 849 θρώπησιν,
568 784 916 850 ταπείνωσιν,
948 785 1045 838 κα)⁸
1096 784 1165 837 τὰ
1210 784 1470 838 τοιαῦτα*
1507 784 1663 838 ἅτινα
1707 785 1783 848 ὡς

195 870 438 941 ἔφημεν,
467 875 530 926 ὲκ
560 876 657 946 τῆς
681 877 879 947 σαρκὸς
912 877 1224 945 ὲπιλέγεται
1273 877 1353 947 τῷ
1388 878 1549 949 Λόγῳ
1585 895 1643 930 τε
1686 878 1783 931 καὶ

196 958 324 1030 Θεῴ
349 977 365 991 ο
398 962 559 1025 αὐτὸς
591 963 701 1035 γὰρ
727 965 900 1017 ταῦτα
926 965 1218 1034 ὑπέμεινεν
1241 966 1403 1021 ἑκών.
1802 960 1803 963 η

1889 531 2015 571 cum
2050 516 2118 570 de
2146 530 2315 570 carne
2345 530 2656 571 sermonem
2690 515 2979 582 habemus,
3009 516 3416 571 deiticationem
3444 560 3457 578 ,

1888 613 1944 661 et
1975 606 2415 675 assumptionem
2458 605 2524 658 ad
2560 603 2798 659 Verbum
2823 645 2837 669 ,
2870 607 3460 673 superexaltationem—

1887 712 1995 766 que
2029 705 2083 752 et
2114 698 2433 753 unctionem
2467 696 2727 752 dicimus.
2766 696 2891 750 llazc
2924 698 3070 750 enim
3105 711 3134 749 a
3169 697 3460 752 divinitate

1888 787 2338 856 prociliscuntur,
2400 794 2454 842 et
2516 787 2665 841 circa
2731 801 2953 841 carnem
3015 787 3458 841 considerantur.

1887 877 2107 933 Rursus
2128 917 2144 942 ,
2177 894 2306 933 cum
2343 879 2410 934 de
2444 877 2624 933 Verbo
2655 879 2951 948 loquimur,
2985 878 3418 932 exinanitionem
3440 916 3457 942 ,

1886 968 2367 1034 incarnationem,
2433 968 2921 1029 humanationem.
2982 968 3457 1033 humiliationem,

196 1062 257 1106 et
300 1053 503 1108 similia
528 1057 794 1110 vocabula
826 1056 1187 1113 adhibemus:
1219 1074 1343 1127 quae
1367 1058 1629 1129 quidem,
1667 1067 1727 1113 ut
1758 1058 2036 1126 diximus,
2089 1075 2255 1115 carne
2305 1059 2373 1114 ad
2424 1058 2663 1115 Verbum
2712 1075 2776 1114 ac
2824 1059 2991 1115 Deum
3026 1060 3456 1115 transferuntur.

197 1148 329 1216 Ipse
357 1151 503 1205 enim
538 1151 688 1205 istaec
716 1163 911 1220 sponte
940 1153 1223 1208 sustinuit.

271 1244 398 1296 Τῶν
426 1244 482 1296 δὲ
516 1242 653 1312 μετὰ
681 1242 779 1312 τὴν
796 1241 990 1295 ἕνωσιν
1013 1242 1204 1313 τρόποι
1223 1243 1331 1295 εἰσὶ
1356 1247 1504 1315 τρεῖς
1523 1260 1537 1273 ·
1563 1242 1780 1313 πρῶτος

190 1339 226 1389 6
256 1339 362 1407 τῆς
396 1335 546 1397 Θείας
574 1335 790 1402 φύσεως
817 1332 1135 1403 δηλωτικὸς,
1185 1334 1260 1399 ὡς
1307 1336 1396 1387 τό·
1435 1335 1582 1404 Ἐγὼ
1604 1336 1673 1388 ἐν
1699 1335 1780 1401 τῷ

191 1428 411 1495 Harp),
441 1424 540 1479 καὶ
562 1428 595 1478 ό
628 1424 829 1493 Πατὴρ
848 1424 916 1477 ὲν
939 1424 1072 1493 ἐμοί
1093 1440 1107 1455 ο
1132 1424 1258 1477 καί·
1296 1425 1443 1494 Ἐγὼ
1469 1426 1566 1479 καὶ
1598 1429 1631 1480 ό
1659 1430 1779 1480 Πα-

194 1521 315 1587 riu)
354 1518 427 1570 ἓν
473 1516 688 1585 ἐσμενο
726 1516 820 1569 καὶ
868 1515 1048 1570 πάντα
1083 1516 1183 1569 ὅσα.
1216 1516 1322 1587 πρὸ
1358 1516 1458 1585 τῆς
1490 1517 1780 1589 ἀνθρωπή-

196 1628 346 1673 σεως
369 1607 520 1678 αὐτῷ
549 1606 884 1674 ὲπιλέγεται,
938 1606 1117 1661 ταῦτα
1165 1608 1260 1660 καὶ
1305 1608 1444 1678 μετὰ
1481 1608 1580 1679 τὴν
1622 1610 1779 1677 ὲνανέ

194 1703 494 1773 θρὼπησιν
518 1700 666 1771 αὐτῷ
698 1700 1137 1771 ὲπιλεχθήσεται,
1161 1702 1301 1773 πλὴν
1328 1702 1422 1755 τοῦ
1455 1705 1530 1773 μὴ
1560 1702 1777 1773 είληφὲοε

193 1812 293 1847 ναι
329 1795 531 1865 σάρκα.
564 1793 655 1846 καὶ
683 1791 751 1845 τὰ
774 1791 946 1861 αὐτῆς
980 1794 1205 1861 φυσικά.

1962 1240 2092 1295 Post
2123 1243 2368 1296 unionem
2415 1242 2605 1311 triplex
2645 1242 3054 1312 genum—Iam
3099 1259 3225 1297 vero
3267 1259 3455 1298 eorum

1880 1344 2001 1399 quae
2022 1330 2278 1384 unionem
2308 1340 2495 1385 secuta
2528 1341 2678 1395 sunt,
2708 1340 2818 1386 tres
2848 1340 2977 1386 sunt
3002 1330 3169 1386 modi.
3216 1332 3453 1396 Primus,

1879 1435 1990 1489 quo
2016 1420 2200 1475 divina
2232 1430 2424 1475 natura
2455 1422 2791 1487 declaratur,
2815 1424 3130 1490 cujusmodi
3160 1434 3242 1478 est
3274 1425 3408 1477 illud
3436 1442 3450 1479 :

1881 1512 1994 1580 Ego
2018 1514 2071 1565 in
2098 1513 2284 1575 Patre,
2314 1523 2363 1566 et
2385 1512 2548 1566 Pater
2580 1514 2633 1566 in
2663 1530 2743 1568 me
2770 1524 2847 1568 est
2870 1514 2934 1567 “.
2964 1515 3031 1567 Et
3059 1515 3188 1567 illud
3217 1533 3230 1568 :
3265 1512 3377 1584 Ego
3406 1524 3454 1567 et

1880 1602 2044 1656 Pater
2070 1620 2228 1656 unum
2256 1620 2438 1657 sumus
2473 1606 2540 1659 ⁸⁵.
2576 1608 2654 1658 Ac
2685 1605 2923 1674 denique
2952 1606 3130 1657 omnia
3160 1621 3281 1673 quae
3328 1612 3455 1658 ante

1881 1695 2243 1750 humanitatis
2283 1696 2721 1765 assumptionem
2753 1697 2821 1751 de
2850 1711 2916 1751 eo
2963 1696 3243 1760 dicuntur,
3285 1696 3452 1749 etiam

1878 1795 2003 1855 post
2036 1796 2373 1856 assumptam
2409 1786 2809 1842 humanitatem
2846 1787 3146 1850 dicentur;
3191 1802 3301 1840 uno
3351 1787 3454 1839 hoc

1804 1877 2141 1946 Bexcepto,
2192 1879 2337 1948 quod
2388 1879 2631 1933 nondum
2686 1887 3067 1947 assumpserat
3121 1894 3344 1933 carnem
3396 1886 3452 1932 et

270 2061 556 2129 Δεύτερος,
581 2059 609 2110 6
637 2058 736 2127 τῆς
759 2057 1128 2129 ἀνθρωπίνης,
1156 2057 1231 2121 ὡς
1253 2058 1312 2110 τό
1333 2074 1345 2087 °
1386 2058 1445 2111 Τί
1461 2074 1537 2126 με
1556 2057 1779 2125 ζητεῖτε

190 2150 573 2214 ἀποκτεῖναι,
625 2150 960 2217 ἄνθρωπον,
992 2150 1060 2216 ὃς
1096 2150 1213 2218 τὴν
1245 2151 1534 2217 ἀλήθειαν
1570 2152 1712 2221 ὑμῖν
1738 2161 1778 2189 ιιι

196 2242 546 2307 λελάληκα·
572 2241 665 2294 καὶ
682 2241 744 2293 τό
769 2258 782 2271 ·
816 2240 980 2295 Οὕτω
1011 2241 1108 2295 δεῖ
1129 2241 1445 2311 ὑψωθῆναι
1483 2243 1591 2296 τὸν
1642 2244 1778 2298 Υἱὸν

193 2332 309 2386 τοῦ
334 2330 672 2399 ἀνθρώπου,
708 2332 799 2384 καὶ
829 2332 896 2384 τὰ
918 2330 1165 2385 τοιαῦτα.

272 2505 493 2559 Τούτων
519 2505 575 2558 δὲ
624 2506 730 2558 τῶν
759 2505 1241 2577 ἁνθρωποπρεπῶς
1277 2508 1368 2560 ἐπὶ
1400 2507 1494 2561 τοῦ
1521 2509 1777 2580 Σωτῆρος

192 2597 444 2669 Χριστοῦ
467 2596 774 2667 λεγομένων
792 2599 885 2651 καὶ
916 2598 1344 2669 γεγραμμένων,
1368 2601 1477 2653 εἴτε
1509 2603 1567 2653 ὲν
1595 2603 1774 2672 ῥήμαο

194 2706 312 2751 σιν,
337 2687 445 2739 εἴτε
471 2689 529 2739 ἐν
563 2687 905 2757 πράγμασιν,
938 2687 1131 2758 τρόποι
1169 2689 1275 2740 εἰσὶ
1323 2687 1399 2751 ἐξ.
1429 2688 1508 2740 Τὰ
1541 2690 1637 2758 μὲν
1667 2689 1775 2757 γὰρ

195 2779 385 2832 αὐτῶν
418 2778 559 2832 κατὰ
608 2779 767 2847 φύσιν
820 2777 1185 2847 οἰκονομικῶς
1244 2777 1560 2847 πέπρακταί
1591 2795 1650 2829 τε
1683 2780 1776 2831 καὶ

195 2868 455 2921 λέλεκται
475 2885 487 2898 ο
512 2863 622 2921 οἷον
655 2870 683 2921 ὁ
711 2869 773 2920 ὲκ
809 2869 1085 2939 Παρθένου
1137 2867 1314 2931 τόκος,
1345 2868 1379 2936 ἡ
1409 2866 1531 2919 καθ’
1559 2868 1775 2937 ἡλικίαν

197 2958 436 3029 αὔξησίς
462 2976 521 3011 τε
552 2960 645 3012 καὶ
671 2960 944 3029 προκοπὴ,
987 2960 1020 3029 ἡ
1069 2960 1249 3022 πεῖνα,
1279 2961 1312 3027 ἡ
1338 2958 1488 3027 δίψα,
1528 2961 1557 3012 6
1585 2959 1772 3022 κόπος,

200 3052 269 3102 τὸ
292 3049 548 3118 δάκρυον,
590 3050 618 3100 6
649 3047 834 3111 ὕπνος,
853 3050 886 3117 ὴ
915 3046 1023 3100 τῶν
1057 3050 1202 3119 ἥλων
1226 3051 1441 3119 τρῆσις,
1466 3050 1493 3101 6
1521 3048 1771 3112 θάνατος,

196 3140 299 3193 καὶ
343 3139 412 3192 τὰ
458 3137 701 3202 τοιαῦτα,
761 3139 861 3192 ὅσα
911 3139 1119 3207 φυσικὰ
1148 3140 1245 3193 καὶ
1281 3139 1583 3210 ἀδιάϐλητα
1628 3140 1771 3209 πάθη

1882 1969 2069 2023 carnis
2101 1972 2381 2026 naturales
2410 1972 2809 2041 pr0prietates.‘

1954 2060 2282 2125 Secundus,
2317 2077 2427 2131 quo
2466 2073 2663 2117 natura
2702 2062 2943 2116 humana
2991 2063 3303 2116 insinuatur
3335 2079 3349 2126 ;
3393 2068 3451 2121 ut

1880 2153 1935 2207 in
1962 2154 2054 2208 illo
2086 2153 2208 2207 loco
2234 2171 2248 2207 :
2286 2152 2426 2217 Quid
2457 2170 2535 2208 me
2556 2155 2800 2222 quaeritis
2834 2154 3159 2223 interﬁcere,
3190 2153 3450 2207 hominem

1876 2246 1964 2314 qui
1995 2245 2267 2298 veritatem
2302 2243 2508 2298 locutus
2538 2261 2653 2297 sum
2688 2247 2830 2299 vobis
2863 2246 2953 2298 "1'
2986 2245 3051 2298 Et
3079 2246 3133 2299 in
3167 2246 3275 2299 isto
3306 2262 3318 2296 :
3354 2241 3446 2295 Ita

1875 2333 2106 2387 exaltari
2157 2340 2358 2401 oportet
2408 2330 2612 2386 Filium
2660 2334 2888 2387 hominis
2931 2335 2998 2398 “,
3030 2343 3084 2388 et
3116 2333 3221 2385 alia
3261 2332 3452 2399 hujus-

1877 2423 2047 2477 modi.

1949 2516 2236 2586 Sextuplex
2273 2518 2460 2571 modus
2497 2534 2678 2572 eorum
2713 2534 2828 2588 qua:
2861 2520 2923 2572 de
2954 2517 3168 2574 Christo
3201 2519 3449 2575 Immani-

1878 2617 1960 2663 tus
1993 2617 2109 2674 post
2155 2610 2401 2662 unionem
2434 2610 2702 2662 dicuntur.
2734 2641 2805 2650 —-
2840 2609 3045 2663 Horum
3087 2626 3285 2679 porro,
3326 2628 3449 2682 qua:

1878 2697 2119 2753 humano
2146 2714 2297 2753 more
2324 2701 2391 2753 de
2416 2699 2697 2755 Salvatorc
2719 2700 2941 2756 Christo
2968 2703 3356 2770 praedicantur,
3384 2721 3449 2759 ac

1876 2787 2082 2856 scripta
2121 2798 2291 2851 sunt,
2330 2788 2447 2843 sive
2485 2790 2663 2853 dicta,
2702 2790 2817 2843 sive
2850 2800 3004 2859 gesta
3044 2789 3278 2855 fuerint,
3321 2808 3447 2846 sex—

1878 2876 2061 2944 tuplex
2090 2884 2175 2930 est
2204 2877 2423 2932 modus.
2447 2877 2703 2943 Quadam
2725 2880 2870 2932 enim
2898 2895 2963 2934 ex
2994 2880 3101 2935 illis
3126 2882 3448 2937 naturaliter

1833 2963 1836 2966 ’
1878 2970 2088 3021 ratione
2115 2970 2304 3022 carnis
2332 2977 2627 3038 assumpta:
2653 2970 2793 3025 facta
2819 2971 3075 3041 dictaque
3099 2982 3226 3026 sunt
3255 2990 3271 3027 :
3300 2976 3448 3030 velut

1878 3065 2069 3126 partus
2105 3073 2172 3112 ex
2208 3056 2471 3128 Virgine,
2506 3068 2672 3129 atque
2704 3061 2885 3115 aetatis
2920 3061 3320 3119 incrementum
3343 3106 3358 3130 ,
3394 3076 3449 3121 et

1878 3147 2158 3216 profectus
2184 3164 2198 3213 ;
2226 3146 2400 3225 fames
2430 3149 2557 3203 item
2587 3190 2601 3213 ,
2631 3160 2685 3205 et
2715 3152 2860 3215 sitis,
2890 3152 3229 3224 defetigatio,
3264 3156 3445 3227 lacry-

198 3233 565 3301 ὑπάρχουσιν.
614 3231 702 3283 Ἐν
750 3231 961 3294 τούτοις
990 3231 1100 3300 γὰρ
1129 3231 1300 3285 ἅπασι
1332 3231 1477 3301 μίξις
1530 3231 1630 3301 μέν
1659 3234 1774 3285 ἐστι

1887 3253 2006 3302 ωδε,
2039 3252 2303 3303 somnus,
2341 3240 2626 3294 clavorum
2659 3240 2834 3296 ﬁxura
2856 3282 2870 3307 ,
2900 3260 3049 3299 mors
3069 3287 3083 3309 ,
3114 3247 3332 3317 aliaque
3364 3249 3446 3303 si-

196 3323 297 3377 τοῦ
321 3322 465 3375 θείου
498 3324 632 3392 πρὸς
666 3322 727 3373 τὸ
765 3321 1125 3391 ἀνθρώπινον,
1192 3322 1331 3393 πλὴν
1387 3322 1481 3375 τοῦ
1524 3322 1774 3393 σώματος

199 3415 419 3483 ἀληθῶς
473 3409 611 3467 εἶναι
662 3413 1004 3478 πιστεύεται,
1052 3414 1205 3467 οὐδὲν
1255 3415 1464 3468 τούτων
1504 3415 1598 3469 τοῦ
1627 3415 1772 3469 θείου

200 3510 529 3578 πάσχοντος,
561 3505 626 3560 δι’
654 3506 836 3560 αὐτῶν
855 3507 913 3561 δὲ
934 3508 1034 3578 τὴν
1060 3506 1217 3579 ἡμῶν
1237 3508 1646 3580 οἱκονομοῦντος
1671 3526 1775 3562 σωο

198 3601 418 3671 τηρίαν.

274 3774 355 3825 Τὰ
404 3772 463 3825 δὲ
510 3772 650 3845 κατὰ
697 3770 1081 3843 προσποίησιν,
1111 3767 1221 3823 οἷον
1267 3770 1328 3823 τὸ
1372 3773 1613 3843 ἐρωτᾷν·
1651 3773 1775 3827 Ποῦ

199 3863 502 3916 τεθείκατε
556 3860 854 3928 Λάζαρον;
906 3863 935 3913 6
985 3862 1079 3913 ἐπὶ
1125 3861 1227 3931 τὴν
1273 3863 1441 3932 συκῆν
1467 3863 1685 3932 δρόμος,
1715 3864 1776 3917 τὸ

200 3953 553 4013 ὑποδύεσθαι,
588 3953 755 4023 ἤγουν
783 3953 1180 4022 λὺπαναχωρείν
1202 3968 1215 3983 ·
1266 3954 1298 4022 ή
1342 3951 1641 4023 προσευχὴ,
1671 3953 1729 4005 τέ
1759 3969 1773 3983 ·

202 4042 702 4111 Προσεποιήσατο
754 4042 1099 4110 ποῤῥωτέρω
1148 4043 1505 4110 πορεύεσθαι
1528 4058 1543 4071 '
1574 4043 1777 4097 τούτων

202 4136 315 4207 γὰρ
366 4135 460 4187 καὶ
503 4134 613 4187 τῶν
658 4135 1075 4205 παραπλησίων,
1107 4134 1227 4186 οὔτε
1256 4133 1332 4197 ὡς
1361 4134 1511 4198 Θεὸς,
1547 4134 1669 4188 οὒτε
1702 4135 1777 4200 ὡς

203 4229 495 4298 ἄνθρωπος
539 4226 759 4300 ἔχρῃζε,
794 4226 931 4297 πλὴν
959 4226 1445 4296 ἀνθρωποπρεπῶς
1478 4227 1776 4295 ἐσχηματί-

206 4323 349 4383 ζετο,
385 4320 519 4389 πρὸς
563 4320 702 4389 ὅπερ
729 4320 762 4389 ἠ
794 4319 974 4389 χρεία,
1008 4318 1188 4371 καὶτὸ
1215 4318 1489 4381 λυσιτελὲς
1533 4316 1732 4387 ἀπῄτει
1761 4334 1774 4346 ’

206 4407 318 4465 οἷον
354 4412 456 4480 τὴν
487 4409 819 4480 προσευχὴν,
847 4410 934 4462 διὰ
960 4409 1021 4461 τὸ
1051 4408 1242 4474 δεῖξαι,
1273 4410 1347 4471 ὡς
1376 4411 1475 4462 οὐκ
1503 4410 1649 4463 ἐστιν
1680 4411 1778 4463 ἀν-

206 4504 404 4567 τίθεος,
443 4503 517 4565 ὡς
547 4504 642 4555 καὶ
668 4502 848 4555 αἰτίαν
884 4501 1080 4555 ἑαυτοῦ
1114 4501 1286 4571 τιμῶν
1316 4502 1407 4554 τὸν
1435 4504 1684 4572 Πατέρα·
1714 4500 1777 4555 τὸ

207 4594 443 4663 ἐρωτᾷν,
475 4594 576 4645 οὐκ
614 4592 847 4659 ἀγνοῶν,
897 4591 1011 4644 ἀλλ’
1042 4592 1128 4643 ἵνα
1167 4590 1335 4662 δείξῃ,
1367 4591 1442 4655 ὡς
1477 4591 1619 4645 κατὰ
1643 4592 1777 4662 ἁλή-

209 4683 361 4736 θειὰν
408 4684 553 4734 ἐστιν
597 4682 904 4753 ἅνθρωπος,
945 4682 1084 4752 μετὰ
1138 4682 1231 4735 τοῦ
1286 4677 1425 4736 εἶναι
1451 4692 1477 4719 ιι
1511 4682 1642 4746 Θεός
1666 4697 1679 4711 ’
1717 4682 1780 4735 τὸ

209 4775 614 4845 ὑπαναχωρεῖν.
652 4774 738 4827 ἵνα
793 4773 978 4845 διδάξῃ
1029 4773 1105 4845 μὴ
1157 4773 1588 4844 προπετεύεσθαι
1643 4775 1779 4845 μηδ’

206 4865 433 4927 ἑαυτοὺς
468 4863 795 4934 προδιδόναι.

275 5057 359 5109 Τὰ
409 5057 463 5109 δὲ
506 5057 628 5109 κατ’
661 5055 929 5108 οἱκείωσιν
958 5056 1051 5108 καὶ
1099 5055 1394 5126 ἀναφορὰν,
1425 5057 1499 5121 ὡς
1539 5059 1633 5111 τό⁹
1670 5059 1776 5113 Θεέ

197 5164 340 5216 μου,
381 5147 485 5199 Θεέ
529 5164 667 5214 μου,
701 5146 801 5199 ἵνα
834 5146 891 5198 τί
931 5163 1009 5213 με
1056 5146 1479 5214 ἐγκατέλιπες;
1534 5150 1627 5203 καὶ
1675 5150 1774 5202 τόο

1875 3329 2046 3393 milia,
2069 3345 2191 3399 qua:
2212 3331 2497 3387 naturales
2517 3341 2571 3387 et
2595 3333 2887 3403 inculpatae
2910 3338 3197 3405 passiones
3220 3346 3350 3393 sunt
3377 3340 3442 3396 "3.

1873 3417 1933 3474 ln
1970 3419 2055 3474 his
2091 3421 2237 3475 enim
2282 3423 2542 3479 omnibus
2582 3434 2667 3480 est
2700 3405 2899 3481 divinae
2931 3435 3142 3483 natura:
3177 3444 3303 3484 cum
3341 3431 3445 3485 hu-

1873 3527 2037 3567 mana
2067 3514 2432 3583 coniunctio;
2469 3518 2569 3572 etsi
2598 3520 2851 3589 corporis
2885 3534 2951 3575 ea
3000 3537 3127 3576 vere
3159 3538 3282 3579 esse
3325 3539 3448 3579 cre-

1872 3604 2121 3659 duntur:
2160 3606 2364 3676 quippe
2395 3622 2518 3662 cum
2555 3608 2817 3665 divinitas
2851 3611 2990 3664 nihil
3058 3612 3256 3668 horum
3326 3631 3449 3685 per-

1873 3697 2097 3763 tulerit,
2128 3699 2221 3752 sed
2255 3715 2353 3767 per
2390 3715 2453 3753 ea
2485 3701 2716 3754 salutem
2751 3702 2905 3756 nobis
2935 3705 3269 3770 procurarit.

1947 3789 2109 3857 287
2149 3788 2405 3854 Quaedam
2447 3790 2683 3858 ﬁngendi
2717 3792 2911 3857 modo,
2943 3799 3003 3845 ut
3036 3808 3160 3847 cum
3192 3794 3447 3852 Christus

1874 3877 1942 3932 de
1973 3876 2177 3931 Lazaro
2218 3881 2412 3948 quatrit
2442 3897 2457 3934 :
2509 3878 2610 3933 Ubi
2644 3883 2895 3950 posuistis
2929 3899 3047 3936 eum
3084 3884 3177 3938 “3?
3207 3884 3341 3939 Cum
3372 3889 3439 3942 ad

1877 3966 2163 4021 ﬁculneam
2220 3969 2400 4040 pergit
2428 3969 2471 4000 "
2507 3986 2521 4035 ;
2569 3985 2691 4023 cum
2732 3986 2791 4025 se
2827 3971 3087 4027 subducit
3126 3977 3195 4039 ⁷ο,
3236 3985 3444 4032 etcum

1877 4066 1997 4113 orat
2023 4058 2100 4112 τίς
2134 4059 2264 4113 item
2293 4076 2417 4114 cum
2452 4063 2603 4131 ﬁngit
2631 4078 2690 4117 se
2721 4063 2936 4134 longius
2969 4066 3049 4121 ire
3083 4068 3146 4121 τ’.
3178 4067 3272 4124 His
3300 4071 3444 4124 enim

1877 4163 1942 4201 ac
1972 4148 2268 4214 similibus,
2298 4167 2476 4220 neque
2503 4160 2562 4205 ut
2589 4151 2757 4216 Dens,
2794 4170 2971 4224 neque
3004 4166 3065 4211 ut
3096 4158 3281 4221 homo,
3308 4175 3446 4230 opus

1878 4237 2159 4294 habebat:
2206 4256 2391 4294 verum
2445 4242 2685 4297 humano
2736 4261 2885 4301 more
2937 4248 3041 4303 hoc
3080 4254 3442 4319 praetexebat,

1878 4331 2023 4401 quod
2066 4334 2370 4387 necessitas
2404 4342 2568 4404 atque
2600 4336 2814 4393 utilitas
2846 4342 3201 4408 exposcebat.
3222 4343 3298 4399 Ex
3333 4362 3442 4416 gr.,

1880 4422 2084 4477 idcirco
2117 4426 2466 4492 precabatur,
2514 4435 2573 4480 ut
2619 4443 2679 4483 se
2726 4430 2951 4486 minime
3001 4431 3111 4489 Dco
3162 4436 3444 4493 adversari

1807 4545 1853 4602 ι)
1878 4514 2193 4568 ostenderet
2230 4516 2305 4582 ";
2351 4525 2518 4586 utque
2569 4516 2865 4585 Patrem",
2914 4523 3163 4579 velutsui
3196 4542 3443 4593 causam,

1879 4606 2088 4661 honore
2142 4607 2403 4663 alliceret.
2452 4609 2860 4682 lnterrogahat,
2894 4630 3003 4669 non
3037 4618 3191 4686 quod,
3216 4618 3444 4689 ignarus

1884 4705 2052 4764 esset,
2076 4697 2171 4753 sed
2204 4707 2263 4755 ut
2285 4715 2363 4765 se,
2388 4716 2511 4755 cum
2539 4718 2605 4757 eo
2626 4706 2769 4771 quod
2796 4706 2938 4762 Deus
2961 4711 3247 4777 manebat,
3273 4712 3446 4767 homi-

1880 4802 2002 4840 nem
2034 4802 2250 4857 quoque
2279 4805 2408 4843 vere
2437 4806 2562 4846 esse
2594 4793 3020 4852 demonstraret.
3057 4798 3180 4853 llzec
3212 4800 3443 4872 denique

1880 4876 1982 4947 ipsi
2016 4892 2182 4932 causa
2218 4882 2506 4935 secedendi
2543 4894 2696 4948 erat,
2729 4895 2786 4939 ut
2817 4896 2919 4943 nos
2948 4888 3168 4945 doceret
3201 4894 3445 4962 pericula

1877 4974 2081 5022 temere
2109 4984 2217 5023 non
2249 4971 2399 5026 adire
2419 5013 2433 5037 ,
2466 4989 2566 5028 nec
2596 4990 2697 5031 nos
2729 4978 2879 5048 ipsos
2913 4980 3057 5036 ultro
3087 4985 3341 5052 prodere.

1952 5058 2209 5124 Quaedam
2238 5077 2434 5119 rursus
2463 5064 2746 5136 dicuntur,
2775 5086 2870 5139 per
2899 5074 3321 5131 vindicationem
3347 5118 3362 5143 ,
3390 5086 3445 5133 et

1882 5152 2229 5219 relationem,
2286 5163 2348 5209 ut
2382 5157 2515 5211 illud
2546 5177 2560 5214 :
2593 5159 2734 5216 Deus
2770 5179 2950 5231 meus,
2997 5165 3138 5221 Deus
3180 5186 3356 5233 meus,
3386 5180 3444 5223 ut

275 5296 658 5386 “aJ’oaii.‘§i‘v,
693 5300 774 5357 10.
850 5300 1322 5386 “_J_oan._3t,_§li._l
1373 5301 1419 5331 ⁸⁸
1436 5298 1877 5386 Joan.nvri|,.l.9_;_
1905 5317 1983 5386 vit
2010 5303 2099 5358 40.
2175 5303 2527 5386 "._Ioan.__n_t.
2559 5311 2639 5366 14.
2722 5314 2765 5344 ⁸⁷
2799 5313 3025 5386 supra.
3047 5318 3141 5374 lib.
3168 5336 3247 5384 ιιι,
3276 5337 3327 5377 c.
3351 5325 3441 5384 2i,

200 5368 299 5426 22,
330 5368 419 5420 25.
526 5368 570 5398 ⁸⁸
599 5368 760 5423 Joan.
794 5387 871 5431 xl,
902 5371 989 5425 54.
1091 5372 1135 5403 ⁸⁸
1174 5370 1365 5424 Matth.
1393 5386 1505 5432 XXI,
1556 5368 1643 5423 l9.

202 5437 254 5469 ⁸³
283 5435 448 5506 Greg.
487 5432 620 5491 Naz.
642 5449 784 5513 orat.
810 5441 899 5495 36.
975 5442 1023 5473 ⁷⁵
1052 5439 1186 5510 Sup.
1220 5440 1314 5505 Ιίι),
1356 5455 1437 5503 ιιι,
1464 5455 1515 5502 ε»
1536 5439 1628 5493 2‘-

1754 5371 1797 5403 "
1831 5371 2027 5430 Matth.
2078 5389 2158 5439 ιι,
2201 5375 2325 5430 H.-

2404 5380 2444 5411 “
2467 5377 2629 5435 Joan.
2653 5398 2752 5450 χιι,
2788 5384 2871 5439 15.
2892 5377 2906 5386 ’
2947 5388 2991 5418 ⁷²
3012 5385 3145 5443 Luc.
3176 5377 3323 5449 xxiv.
3351 5377 3441 5449 27;

1478 5608 1712 5667 VARIE
1750 5606 2152 5668 LECTIONES.

291 5686 303 5724 ¹
337 5690 519 5767 Rng
554 5695 701 5755 ὅταν.
734 5699 883 5756 Alter
911 5701 1013 5755 ὅτι.
1088 5710 1128 5739 ω
1151 5700 1216 5756 Β.
1242 5701 1403 5770 2950,
1436 5718 1501 5760 ex
1531 5705 2214 5778 emendationeﬁtelﬂqxa
2268 5708 2419 5778 ὑμῖν.
2497 5718 2524 5748 ιι
2560 5709 2717 5766 Edita
2756 5711 2952 5780 μεῖναι.
