3960 6198
436 317 569 385 1191

1622 310 1686 371 S.
1726 305 2048 371 JOANNIS
2084 298 2517 362 DAMASCENI

3577 298 3719 363 1192

432 437 602 502 nique
628 428 887 502 passione
912 426 1189 496 superiori
1213 465 1229 492 ,
1257 438 1323 481 ac
1357 423 1703 496 incorporea:
1731 423 1897 480 tribui
1923 436 2021 477 ne-

2138 417 2191 485 τῇ
2224 412 2542 484 ἀνθρωπίνῃ
2565 427 2578 443 ο
2610 410 2679 464 τὰ
2707 410 2762 463 δὲ
2808 408 2983 475 κοινὰ,
3018 410 3095 483 τῷ
3135 411 3397 484 συνθὲτῳ,
3428 411 3604 482 ἦγουν
3633 411 3723 483 τῷ

435 540 655 582 cessum
698 528 825 589 est;
856 535 979 591 qua:
1027 528 1211 575 autem
1261 517 1522 583 humilia,
1570 517 1864 572 humanae:
1898 529 2021 584 quae

436 633 572 675 vero
600 609 1324 681 communia,composito;
1350 608 1457 664 hoc
1482 615 1567 664 est
1586 648 1600 673 ,
1631 607 1727 663 uni
1756 606 1982 662 Christo
2001 646 2016 670 ,

438 710 533 782 qui
569 710 710 763 Deus
740 713 795 762 et
821 705 986 759 homo
1013 708 1118 759 est.
1154 701 1403 771 Itemque
1434 706 1785 769 compertum
1814 697 2022 752 habere

439 808 693 871 oportet,
722 806 960 867 utraque
987 796 1151 849 unius
1193 800 1249 848 et
1286 792 1536 862 ejusdem
1584 788 1805 844 Domini
1846 788 2022 844 nostri

439 892 571 948 Jesu
597 890 807 946 Christi
826 885 1120 944 esse.Nam
1137 884 1287 955 quod
1308 884 1604 954 utriusque
1624 880 1912 952 proprium
1938 887 2023 936 est

444 990 846 1054 agnoscentes,
883 988 1049 1048 atque
1084 986 1324 1047 utraque
1353 976 1423 1030 ab
1455 989 1567 1029 uno
1601 982 1656 1028 et
1680 974 1872 1029 eodem
1907 970 2024 1042 geri

443 1071 844 1142 perspicientes
867 1109 882 1135 ,
916 1077 1123 1123 rectam
1161 1066 1475 1122 tenebimus
1513 1063 1669 1119 tidem
1696 1106 1712 1131 ,
1746 1078 1848 1118 nec
1872 1076 2025 1118 erra-

448 1164 649 1221 bimus.
701 1162 779 1215 Ex
827 1160 1033 1231 quibus
1073 1158 1339 1214 omnibus
1373 1156 1655 1211 unitarum
1702 1163 2028 1209 naturarum

450 1253 747 1311 discrimen
797 1250 1167 1321 dignoscitur,
1202 1247 1459 1318 quodque
1511 1246 1611 1315 (ut
1667 1243 2030 1300 sacratissimi

450 1347 642 1418 Cyrilli
670 1344 852 1401 verbis
884 1352 1010 1399 utar
1038 1344 1085 1375 ⁹⁹
1115 1345 1133 1410 )
1166 1343 1293 1395 licet
1334 1340 1391 1394 in
1436 1338 1672 1393 naturali
1703 1336 1869 1406 289
1896 1351 2031 1406 qua-

453 1442 607 1493 litate
637 1453 747 1491 non
784 1436 927 1491 idem
957 1435 1070 1489 sint
1100 1432 1362 1489 divinitas
1395 1439 1449 1486 et
1488 1429 1839 1492 humanitas,
1886 1442 2029 1482 unus

453 1539 642 1584 tamen
690 1527 764 1583 sit
814 1526 1026 1591 Filius,
1078 1532 1134 1580 et
1180 1523 1474 1586 Christus,
1521 1528 1576 1574 et
1623 1517 1925 1572 Dominus:
1971 1525 2026 1571 et

454 1639 600 1678 unus
641 1634 767 1675 cum
814 1618 929 1683 sit,
979 1633 1089 1673 una
1138 1631 1361 1687 quoque
1405 1616 1478 1671 sit
1522 1614 1702 1684 ipsius
1776 1602 2061 1682 persona;

2122 510 2202 561 ὲνὶ
2232 506 2473 579 Χριστῷ,
2501 506 2559 569 ὃς
2593 506 2709 558 ἐστι
2739 504 2869 569 Θεὸς
2900 505 2994 558 καὶ
3024 503 3335 577 ἄνθρωπος,
3369 506 3469 560 καὶ
3506 505 3724 561 ειδέναι

2120 599 2409 669 ἀμφότερα
2446 597 2563 660 ἑνὸς
2608 596 2704 651 καὶ
2738 595 2831 650 τοῦ
2876 595 3040 650 αὐτοῦ
3076 595 3284 667 Κυρίου
3323 597 3487 667 ἡμῶν
3531 597 3723 669 Ἰησοῦ

2122 690 2380 764 Χριστοῦ.
2414 689 2680 744 Ἐκάστου
2732 689 2842 759 γὰρ
2894 688 2957 743 τὸ
3005 687 3138 742 ἴδιον
3180 687 3570 757 γινώσκοντες,
3618 692 3727 745 καὶ

2122 784 2414 855 ἀμφότερα
2439 782 2498 849 ὲξ
2525 781 2644 845 ἐνὸς
2671 781 3020 851 πραττόμενα
3051 778 3364 850 βλέποντες,
3409 780 3591 851 ὀρθῶς
3618 798 3727 835 πι-

2126 874 2443 945 στεύσομεν,
2480 874 2575 926 καὶ
2604 872 2665 925 οὑ
2700 869 3295 942 πλανηθησόμεθα.Ἐξ
3327 864 3405 926 ὧν
3426 872 3724 936 ἁπάντων,

2122 966 2232 1020 τῶν
2266 964 2367 1037 μὲν
2396 963 2697 1018 ἑνωθεισῶν
2731 963 2949 1032 φύσεων
2978 965 3011 1033 ἡ
3043 963 3277 1034 διαφορά
3306 963 3644 1032 γινώσκεται
3669 975 3721 1028 ι,

2125 1058 2221 1112 καὶ
2245 1059 2325 1111 ὅτι
2365 1056 2441 1128 μὴ
2483 1055 2701 1121 ταύτὸν,
2735 1056 2812 1119 ὣς
2856 1072 3023 1131 φησιν
3051 1057 3080 1109 ὁ
3106 1055 3387 1119 θειότατος
3419 1056 3721 1128 nuptm...

2126 1151 2186 1203 ἐν
2221 1148 2470 1219 ποιότητι
2519 1151 2723 1220 φυσικῇ
2752 1148 2947 1219 θεότης
2985 1166 3043 1201 τε
3089 1148 3187 1201 καὶ
3210 1148 3591 1219 ἀνθρωπότης.
3621 1145 3725 1212 Εἷς

2126 1259 2189 1311 γε
2228 1242 2333 1313 μὴν
2363 1242 2512 1304 Υἱὸς,
2545 1241 2639 1295 καὶ
2669 1242 2926 1313 Χριστὸς,
2956 1242 3050 1295 καὶ
3074 1240 3279 1313 Κύριος
3299 1258 3314 1271 °
3350 1242 3444 1295 καὶ
3467 1242 3544 1305 ὡς
3593 1242 3723 1304 hic

2126 1334 2298 1399 ὄντος,
2332 1334 2390 1387 ἓν
2421 1334 2590 1388 αὐτοῦ
2622 1335 2717 1390 καὶ
2756 1334 2819 1387 τὸ
2860 1334 3174 1405 πρόσωπον,
3213 1336 3337 1388 κατ’
3366 1336 3558 1389 οὐδένα
3590 1335 3725 1406 apd-

2129 1442 2231 1479 πον
2281 1425 2370 1478 διὰ
2415 1424 2514 1497 τὴν
2542 1425 2840 1493 ἐπίγνωσιν
2869 1425 2968 1496 τῆς
2999 1426 3235 1496 φυσικῆς
3262 1422 3525 1497 διαφορᾶς
3557 1443 3720 1497 μερι-

2133 1518 2368 1589 ζομένης
2397 1519 2498 1589 τῆς
2524 1519 2648 1573 καθ’
2681 1518 2977 1574 ὑπόστασιν
3003 1517 3270 1582 ἑνώσεως.

2142 1613 2348 1685 quippe
2395 1628 2521 1669 cum
2562 1631 2630 1671 ex
2686 1630 2755 1671 eo
2824 1614 2971 1686 quod
3038 1622 3365 1671 naturarum
3431 1614 3720 1674 distinctio

456 1721 812 1787 agnoscatur,
866 1711 1078 1767 nullam
1139 1719 1323 1764 tamen
1372 1707 1729 1780 partitionem
1773 1708 1907 1763 unio
1952 1708 2262 1763 secundum
2305 1708 2653 1781 hypostasim
2697 1710 2977 1765 admittat.

1082 1805 1235 1861 CAP.
1260 1803 1409 1862 XIX.

693 1899 864 1955 Deum
895 1908 1164 1953 auctorem
1199 1897 1463 1951 malorum
1518 1912 1619 1950 non
1650 1910 1781 1949 esse.

524 1993 765 2047 Actionis
799 1992 1009 2046 nomine
1048 1991 1105 2045 in
1133 1988 1410 2057 Scriptura
1462 1988 1609 2041 dicta
1633 1986 1933 2057 permissio.
1961 2010 2036 2026 —

459 2085 619 2140 Scire
664 2082 801 2139 illud
840 2083 1101 2146 attinet‘,
1134 2082 1305 2136 moris
1336 2094 1457 2136 esse
1493 2077 1815 2149 Scripturae,
1853 2083 1913 2131 ut
1936 2074 2035 2131 Dei

458 2176 877 2250 permissionem
910 2177 1179 2230 actionem
1206 2174 1381 2244 ipsius
1410 2172 1670 2244 appellet,
1725 2171 1879 2227 velut
1902 2184 2031 2225 cum

459 2271 539 2323 ait
593 2267 894 2339 Apostolus
946 2267 1002 2321 in
1050 2265 1295 2337 Epistola
1356 2265 1423 2320 ad
1486 2264 1765 2319 Romanos
1799 2280 1811 2316 :
1845 2266 2036 2317 Annon

458 2362 612 2417 habet
642 2369 952 2430 potestatem
974 2360 1168 2429 ﬁgulus
1198 2358 1297 2411 luti
1347 2372 1412 2411 ex
1441 2356 1625 2410 eadem
1650 2372 1830 2410 massa
1856 2355 2032 2424 facere

460 2456 612 2511 aliud
645 2454 852 2524 quidem
908 2469 998 2507 vas
1032 2454 1086 2505 in
1119 2450 1389 2521 honorem,
1422 2449 1574 2503 aliud
1616 2458 1792 2503 autem
1821 2449 1876 2501 in
1907 2464 2035 2501 con-
2067 2492 2081 2502 .

462 2544 820 2601 tumeliam'?
854 2543 1064 2598 Idcirco
1093 2541 1377 2604 nimirum,
1406 2540 1551 2611 quod
1589 2540 1706 2610 ipse
1747 2547 1804 2594 et
1828 2539 1942 2594 haec
1980 2546 2039 2595 et

462 2637 556 2692 illa
585 2636 735 2689 facit.
766 2633 932 2689 Solus
971 2632 1117 2688 enim
1149 2631 1266 2701 ipse
1296 2629 1681 2684 universorum
1712 2626 1897 2697 Opifex
1928 2638 2034 2683 est.

463 2725 622 2781 Haud
679 2728 863 2778 tamen
913 2723 1032 2793 ipse
1075 2721 1160 2776 vel
1213 2719 1442 2785 nobilia,
1496 2719 1582 2775 vel
1617 2718 1879 2790 ignobilia
1907 2733 2038 2774 vasa

462 2817 646 2883 eﬂicit,
704 2830 893 2871 verum
934 2827 1036 2869 sua
1082 2811 1354 2881 cujusque
1400 2811 1654 2866 voluntas
1686 2824 1752 2864 ac
1774 2810 1971 2864 electio
1992 2809 2035 2865 ³.

462 2908 642 2979 Atque
673 2906 725 2961 id
754 2906 927 2975 liquet
946 2919 1013 2960 ex
1041 2904 1126 2959 his
1158 2903 1366 2969 verbis,
1396 2902 1601 2973 quibus
1629 2902 1771 2956 idem
1805 2903 2040 2971 Aposto-

2063 1806 2111 1865 Β

2635 1806 2885 1862 unum.
2925 1805 3006 1860 ιε’
3042 1805 3206 1879 [an].

2231 1899 2352 1951 ὀτι
2380 1898 2493 1952 οὐκ
2525 1897 2657 1951 ἐστι
2687 1898 2761 1969 (2)
2788 1897 2907 1952 τῶν
2933 1896 3138 1951 κακῶν
3164 1898 3355 1964 αἴτιος
3385 1902 3417 1952 ό
3458 1900 3623 1963 Θεός.

2208 1988 2329 2060 Χρὴ
2358 1987 2578 2053 εἰδέναι,
2618 1989 2701 2042 ὅτι
2735 1987 2856 2052 ἔθος
2886 1992 2952 2061 τῇ
2988 1988 3110 2060 θείᾳ
3153 1989 3489 2061 Γραφῇ,τὴν
3538 2008 3719 2062 παρα-

2134 2079 2377 2152 χώρησιν
2407 2079 2504 2133 τοῦ
2542 2078 2701 2146 Θεοῦ,
2727 2080 3009 2152 ἐνέργειαν
3034 2080 3200 2135 αὐτοῦ
3234 2082 3441 2148 καλεῖν,
3474 2083 3552 2147 ὡς
3586 2085 3718 2137 ὅταν

2136 2175 2271 2246 λέγῃ
2317 2176 2346 2228 ὁ
2389 2175 2712 2239 Ἀπόστολος
2759 2176 2817 2229 ὲν
2843 2178 2911 2247 τῇ
2943 2175 3083 2248 πρὸς
3124 2176 3430 2246 Ῥωμαίους
3466 2177 3721 2231 Ἐπιστο-

2135 2266 2202 2337 λῇ
2221 2281 2236 2296 '
2272 2267 2342 2323 Ἢ
2365 2268 2477 2321 οὐκ
2506 2266 2631 2334 ἔχει
2664 2266 2956 2331 ἐξουσίαν
2982 2268 3017 2319 ό
3049 2266 3339 2335 κεραμεὺς
3373 2266 3481 2322 τοῦ
3512 2269 3718 2336 πηλοῦ

2135 2358 2203 2411 ἐκ
2241 2357 2348 2412 τοῦ
2393 2357 2580 2413 αὐτοῦ
2629 2357 2973 2427 φυράματος
3003 2356 3269 2426 ποιῆσαι,
3317 2358 3490 2428 ὃμὲν
3516 2362 3606 2426 εὶς
3637 2378 3719 2413 τις

2131 2448 2260 2519 μὴν
2280 2448 2521 2514 σκεῦος,
2557 2448 2589 2502 ὃ
2626 2448 2695 2501 δὲ
2719 2451 2806 2514 εἰς
2835 2449 3101 2519 ἀτιμίαν;
3132 2449 3257 2503 Ὀτι
3290 2450 3389 2519 μὲν
3415 2449 3527 2522 γὰρ
3558 2451 3721 2515 αὐτὸς

2142 2544 2287 2594 ποιεῖ
2314 2540 2410 2595 καὶ
2445 2540 2620 2595 ταῦτα
2654 2542 2913 2595 κὰκείνα’
2951 2542 3114 2611 μόνος
3135 2542 3244 2613 γὰρ
3269 2544 3432 2606 αὐτὸς
3464 2546 3584 2597 ἐστι
3608 2545 3719 2596 τῶν

2141 2629 2394 2685 ἁπάντων
2441 2629 2803 2701 Δημιουργὸς,
2841 2629 2956 2684 ἀλλ’
2981 2631 3081 2684 οὐκ
3128 2631 3292 2695 αὐτὸς
3331 2633 3489 2703 τίμια
3542 2650 3721 2687 κατα-

2142 2722 2422 2787 σκευάζει,
2454 2721 2487 2793 ἢ
2534 2722 2728 2792 ἄτιμα,
2757 2720 2875 2775 ἀλλ’
2906 2722 2939 2792 ἡ
2978 2721 3155 2774 οἰκεία
3200 2723 3432 2777 ἑκάστου
3465 2725 3722 2796 προαίρε-

2143 2830 2248 2878 σις.
2292 2813 2405 2868 Καὶ
2450 2812 2609 2867 τοῦτο
2651 2812 2832 2884 δῆλον,
2860 2813 2918 2880 ἐξ
2945 2806 3020 2867 ὧν
3050 2815 3078 2866 ὁ
3106 2814 3270 2877 αὐτὸς
3310 2814 3631 2880 Ἀπόστολος
3663 2820 3723 2870 ἐν

2140 2908 2208 2978 τῇ
2257 2905 2395 2977 πρὸς
2443 2905 2708 2977 Τιμόθεον
2751 2905 2981 2978 δευτέρᾳ
3002 2905 3291 2977 Ἐπιστολῇ
3350 2923 3557 2975 φησιν·
3620 2906 3725 2960 Ἐν

414 3062 420 3067 ,
462 3000 555 3056 lus
612 3001 788 3054 utitur
831 2997 1073 3069 Epistola
1138 2996 1206 3051 ad
1257 2994 1607 3050 Timotheum
1653 2992 1894 3049 secunda
1930 3012 1942 3048 :
1972 2991 2037 3047 In

2138 2998 2373 3069 μεγάλῃ
2404 2998 2565 3065 οἰκίᾳ
2596 3000 2708 3053 οὐκ
2750 3000 2883 3053 ἐστι
2922 3000 3116 3069 μόνον
3143 3001 3334 3063 σκεύη
3377 2998 3584 3068 χρυσᾶ
3627 3001 3723 3053 καὶ

465 3098 659 3159 magna
696 3089 851 3142 domo
889 3104 993 3143 non
1022 3086 1193 3142 solum
1236 3096 1359 3142 sunt
1404 3103 1534 3142 vasa
1574 3103 1737 3141 aurea
1766 3098 1816 3141 et
1848 3103 2037 3157 argen-

2144 3090 2392 3163 ἀργυρᾶ,
2421 3092 2585 3146 ἀλλὰ
2627 3090 2726 3144 καὶ
2767 3090 2983 3155 ξύλινα
3014 3091 3113 3147 καὶ
3155 3074 3507 3160 ὀστράκινα,
3542 3094 3642 3147 καὶ
3684 3094 3723 3147 d

466 3189 571 3244 tea,
613 3178 704 3233 sed
753 3187 802 3232 et
836 3177 1011 3248 lignea
1043 3186 1093 3232 et
1124 3178 1317 3247 fictilia
1364 3194 1384 3233 :
1406 3186 1456 3232 et
1482 3178 1726 3248 quaedam
1752 3181 1962 3248 quidem
1984 3178 2037 3232 in

2138 3183 2254 3254 μὲν
2279 3185 2366 3250 εις
2401 3181 2598 3252 τιμὴν,
2626 3181 2666 3236 d
2692 3181 2760 3235 δὲ
2784 3184 2871 3247 εἰς
2899 3182 3159 3251 ἀτιμίαν.
3176 3182 3320 3237 Ἐὰν
3348 3177 3464 3237 οὖν
3508 3200 3598 3249 τις
3629 3184 3723 3236 ἐκ-

465 3273 743 3333 honorem,
802 3271 1047 3340 quwdam
1104 3280 1280 3323 autem
1312 3272 1366 3325 in
1398 3271 1799 3325 contumeliam.
1827 3270 1891 3325 Si
1920 3270 2037 3339 quis

2140 3277 2368 3346 καθάρῃ
2400 3276 2618 3330 ἑαυτὸν
2642 3274 2761 3330 ἀπὸ
2785 3276 3034 3339 τούτων,
3064 3274 3237 3328 ἔσται
3267 3274 3494 3343 σκεῦος
3524 3279 3613 3341 εἰς
3652 3294 3725 3328 τι-

463 3377 585 3430 ergo
633 3360 995 3415 emundaverit
1038 3377 1091 3413 se
1136 3361 1199 3413 ab
1250 3363 1394 3424 istis,
1425 3363 1531 3415 erit
1564 3378 1656 3416 vas
1700 3364 1756 3415 in
1791 3366 2037 3416 honorem

2138 3369 2287 3441 μὴν,
2319 3367 2689 3439 ἡγιασμένον
2718 3367 2817 3421 καὶ
2836 3368 3179 3437 εὔχρηστον
3209 3368 3290 3433 τῷ
3313 3369 3611 3436 Δεσπότῃ,
3639 3370 3721 3433 εἰς

465 3452 882 3519 sanctificatum,
907 3461 955 3503 et
992 3453 1122 3505 utile
1155 3452 1382 3507 Domino
1410 3453 1479 3507 ad
1497 3471 1648 3509 omne
1675 3472 1806 3526 opus
1845 3455 2041 3510 bonum

463 3543 771 3611 paratum‘.
828 3541 1057 3597 Constat
1096 3551 1279 3597 autem
1342 3546 1720 3615 purgationem
1756 3548 2041 3602 voluntate

467 3636 607 3690 ﬁeri.
641 3634 703 3690 Si
730 3636 848 3705 quis
900 3634 1072 3699 enim,
1135 3636 1335 3705 inquit,
1366 3637 1731 3692 entundaverit
1762 3656 1837 3694 se.
1874 3639 2045 3709 Atqui

466 3726 811 3783 consectaria
846 3728 1139 3782 conversio
1165 3743 1232 3782 ex
1264 3728 1499 3784 adverso
1526 3730 1847 3800 respondet,
1874 3731 2044 3801 quod,

467 3822 514 3876 si
548 3836 659 3874 non
691 3818 1093 3883 emundaverit,
1131 3819 1239 3874 erit
1262 3835 1360 3877 vas
1388 3822 1443 3875 in
1468 3823 1889 3888 contumeliam,
1923 3823 2047 3878 inu-

467 3911 563 3965 tile
617 3909 871 3970 Domino,
906 3923 969 3962 ac
997 3908 1225 3978 dignum
1278 3912 1424 3981 quod
1460 3912 1863 3983 confringatur.
1893 3914 2044 3980 Quo-

466 4000 615 4053 circa
647 4008 760 4051 tum
802 3998 957 4051 locus
1019 3996 1107 4051 hic
1132 4013 1296 4068 quem
1352 4000 1704 4065 adduximus,
1734 4012 1846 4055 tum
1903 4003 1994 4057 ille
2026 4021 2041 4059 :

466 4090 738 4144 Conclusit
788 4089 930 4143 Deus
966 4106 1142 4144 omnes
1182 4091 1557 4146 incredulitate
1583 4094 1641 4159 8;
1667 4102 1721 4148 et
1753 4094 1899 4150 iste:
1936 4094 2057 4149 De--

465 4179 545 4232 dit
589 4180 664 4233 eis
694 4179 832 4232 Deus
860 4180 1105 4248 spiritum
1140 4183 1581 4249 compunctiouis,
1608 4185 1787 4237 oculos
1833 4195 1890 4238 ut
1940 4202 2045 4240 non

465 4269 695 4335 uideant,
754 4278 802 4326 et
826 4285 980 4323 aures
1011 4278 1067 4322 ut
1108 4286 1212 4324 non
1260 4271 1483 4325 audiant
1528 4273 1585 4337 ⁶;
1630 4274 1765 4337 haec,
1798 4275 2043 4344 inquam,

466 4363 652 4417 omnia
692 4376 803 4416 non
860 4362 935 4415 ita
971 4362 1295 4431 accipienda
1344 4374 1494 4428 sunt,
1553 4366 1712 4434 quasi
1748 4365 1893 4421 Deus
1924 4368 2039 4422 hmo

467 4455 585 4528 ipse
610 4454 874 4518 olfecerit,
894 4455 989 4510 sed
1023 4454 1169 4523 quod
1199 4455 1534 4524 permiserit,
1558 4466 1672 4510 tum
1708 4457 1779 4511 ob
1823 4458 2038 4513 arbitrii

465 4547 798 4611 libertatem,
832 4555 945 4599 tum
972 4546 1100 4614 quia
1126 4544 1329 4598 bonum
1376 4545 1649 4615 ejusmodi
1692 4555 1904 4603 naturae
1932 4558 2035 4615 est,
2069 4570 2117 4627 ι)

466 4648 577 4693 uta
608 4638 658 4691 vi
682 4645 736 4691 et
757 4636 1046 4691 coactione
1086 4633 1318 4689 liberum
1350 4635 1444 4691 sit.

2142 3461 2266 3515 πᾶν
2317 3460 2495 3529 ἔργον
2544 3459 2772 3528 ἀγαθὸν
2821 3457 3289 3528 ἡτοιμασμένον.
3332 3458 3505 3528 Δῆλον
3546 3459 3604 3511 δὲ
3650 3460 3725 3522 ὡς

2141 3549 2463 3619 ἑκουσίωςὴ
2497 3547 2766 3619 κάθαρσις
2781 3547 2987 3615 γίνεται
3016 3560 3031 3577 ⁶
3077 3547 3215 3600 Ἐὰν
3236 3546 3344 3617 γάρ
3377 3563 3488 3612 τις,
3533 3549 3722 3616 φησὶν,

2140 3639 2441 3709 ἐκκαθάρῃ
2472 3639 2723 3694 ἑαυτόνο
2755 3640 2788 3709 ἡ
2816 3638 2871 3691 δὲ
2899 3637 3193 3701 ἀκόλουθος
3219 3634 3557 3710 ἀντιστροφῆ
3586 3638 3727 3691 ἀντι-

2142 3735 2343 3802 φωνεῖ·
2374 3730 2500 3785 Ἑὰν
2531 3730 2589 3783 δὲ
2622 3732 2698 3801 μὴ
2727 3730 3034 3802 ἐκκαθάρῃ,
3088 3730 3242 3783 ἐσται
3273 3728 3467 3792 σκεῦος
3496 3731 3576 3792 είς
3613 3732 3726 3783 ἀτι-

2141 3825 2291 3893 μίαν,
2338 3824 2612 3895 ἇχρηστον
2664 3822 2744 3891 τῷ
2784 3821 3054 3891 Δεσπότῃ,
3103 3819 3394 3890 συντριϐἦς
3448 3819 3622 3885 ἄξιον.
3656 3820 3726 3873 Τὸ

2138 3914 2232 3971 οὗν
2285 3915 2650 3987 προκείμενον
2701 3913 2904 3985 ῥητὸν,
2959 3912 3054 3967 καὶ
3100 3912 3191 3965 τό·
3238 3911 3652 3966 Συνέκλεισδν
3695 3914 3726 3966 δ

2144 4010 2288 4074 Θεὸς
2314 4009 2547 4074 πάντας
2582 4009 2673 4073 εις
2705 4007 3051 4062 ἀπείθειαν·
3083 4005 3179 4058 καὶ
3206 4006 3267 4058 τό
3290 4022 3303 4036 °
3336 4004 3603 4058 Ἔδωκεν
3627 4007 3726 4059 αὑ-

2140 4100 2264 4167 τοῖς
2293 4104 2326 4155 ό
2354 4100 2500 4167 Θεὸς
2526 4099 2763 4169 πνεῦμα
2798 4098 3201 4163 κατανύξεως,
3231 4097 3584 4165 ὀφθαλμοὺς
3623 4096 3723 4150 τοῦ

2135 4193 2222 4263 μὴ
2261 4192 2539 4259 βλέπειν,
2584 4190 2685 4245 καὶ
2725 4187 2848 4247 ὦτα
2909 4191 3017 4245 τοῦ
3069 4190 3155 4260 μὴ
3205 4190 3484 4244 ἀκούειν·
3557 4190 3726 4242 ταῦτα

2142 4282 2345 4346 πάντα,
2381 4282 2479 4352 οὐχ
2520 4281 2594 4345 ὡς
2640 4282 2735 4334 τοῦ
2769 4279 2905 4334 Θεοῦ
2952 4281 3351 4349 ὲνεργήσαντος
3400 4276 3722 4347 ἐκληπτέον.

2144 4372 2257 4426 ἀλλ’
2288 4372 2363 4433 ὡς
2388 4372 2480 4425 τοῦ
2511 4371 2646 4425 Θεοῦ
2687 4372 3209 4443 παραχωρήσαντος,
3239 4369 3329 4423 διὰ
3365 4370 3429 4424 τὸ
3470 4369 3725 4435 αὐτεξού-

2147 4482 2260 4519 σιον
2290 4464 2384 4517 καὶ
2412 4463 2472 4517 τὸ
2505 4463 2767 4519 ἀδίαστον
2794 4462 2934 4517 εἶναι
2958 4462 3019 4517 τὸ
3048 4462 3236 4516 καλόν.

534 4792 581 4876 :9
610 4794 785 4864 Epist.
819 4792 1280 4876 apologetjcanad
1304 4802 1563 4876 Acacium
1595 4802 1851 4876 Melitinae
1871 4805 2220 4876 episcopum,
2253 4802 2413 4875 longe
2463 4821 2493 4859 a
2529 4806 2731 4863 medio.
2771 4873 2786 4876 _
2815 4792 3725 4876 [Damascﬁiat‘zcongAllmiick.

465 4865 487 4897 '
522 4862 681 4920 Rom.
711 4883 786 4933 Ix,
856 4862 945 4922 '21.
989 4862 1044 4902 ’⁸
1065 4871 1230 4926 Basil.
1266 4872 1455 4926 homil.

465 4933 554 4988 32.
627 4935 650 4966 ‘
682 4936 786 4993 lsa.
825 4956 898 5005 νι,
940 4941 1046 5009 10;
1089 4940 1250 4996 Rom.
1292 4958 1370 5006 xl,
1411 4943 1500 4998 10.

1498 4872 1655 4940 Quod
1700 4874 1844 4931 Deus
1884 4867 1994 4932 non

2138 4887 2145 4925 ι
2205 4867 2377 4929 auct:
2418 4878 2615 4932 malor.
2694 4876 2715 4908 ⁸
2745 4873 2787 4930 ΙΙ
2817 4874 2960 4929 Tim.
2992 4892 3053 4939 ιι,
3102 4870 3194 4936 20,
3247 4867 3342 4923 21.
3418 4869 3440 4898 ⁵
3474 4867 3635 4919 ltum.
3672 4879 3723 4922 ιι,

1746 5098 1980 5159 VARUE
1998 5101 2313 5160 .LECTION
2323 5104 2423 5162 ES.

537 5193 564 5221 ’³
594 5181 727 5239 Cod.
782 5181 836 5237 S.
882 5183 990 5239 Hii.
1014 5192 1069 5240 et
1108 5184 1240 5257 Reg.
1272 5185 1308 5239 2
1334 5185 1634 5242 δείκνυται.

1980 5277 2211 5335 NOTAE.

539 5365 615 5438 (2)
637 5362 777 5438 ΪΟτι
804 5369 915 5421 οὐκ
942 5368 1096 5423 ἐστι.
1136 5368 1301 5423 Deum
1340 5380 1608 5425 auctorem
1647 5370 1910 5424 malorum
1938 5387 2042 5425 non

465 5436 604 5494 esse.
634 5436 751 5491 Hoc
816 5448 1123 5508 posuerunt
1168 5439 1464 5505 Platonici,
1491 5438 1763 5502 Gnostici,
1789 5449 1844 5495 et
1872 5441 2044 5495 Mani-

466 5509 624 5570 chaei,
649 5508 743 5578 qui
778 5508 986 5564 idcirco
1008 5510 1290 5565 materiam
1322 5511 1433 5565 Deo
1464 5526 1701 5565 coazvam
1738 5510 2039 5576 ﬁnxerunt,

467 5579 626 5645 cujus
650 5578 839 5650 nescio
865 5580 987 5648 quis
1018 5582 1237 5650 genius,
1298 5581 1566 5650 malorum
1609 5582 1856 5636 omnium
1898 5590 2044 5636 esset

469 5657 680 5719 auctor.
730 5646 972 5712 Quorum
1023 5646 1358 5719 sceleratum
1400 5649 1595 5719 dogma
1635 5651 1733 5706 SS.
1769 5650 1963 5706 Patres
1985 5661 2043 5706 ut

471 5715 894 5782 exhorruerunt,
927 5720 1006 5773 sic
1040 5718 1131 5774 Dei
1193 5734 1412 5789 quoque
1444 5715 1799 5777 sanctitatem
1834 5736 2040 5792 propu-

2149 5366 2699 5443 gnarunt._lrenaeus.
2731 5369 2966 5443 Eusebio
2999 5381 3055 5427 et
3099 5371 3439 5443 Hieronymo
3473 5354 3753 5433 testibus.“

2150 5438 2347 5513 l_ihrmn
2412 5438 2842 5513 De_monarchia
2902 5443 3147 5513 scripsit,
3196 5445 3250 5497 in
3309 5438 3428 5513 quo
3466 5443 3731 5496 adversus

2149 5509 2431 5580 Florinum
2486 5509 2909 5566 demonstrabat
2961 5509 3130 5566 Deum
3169 5528 3279 5567 non
3311 5509 3438 5567 esse
3478 5512 3728 5580 opiﬁcem

2150 5581 2302 5634 mali.
2346 5579 2417 5651 De
2459 5580 2561 5633 hoc
2601 5590 2928 5651 argumento
2984 5591 3171 5651 exstat
3229 5582 3414 5637 Basilii
3482 5579 3727 5651 bon-ilia.

2149 5664 2315 5729 quam
2347 5648 2725 5729 .innepitomén
2757 5651 3007 5721 coegisse
3050 5650 3246 5729 Noster
3292 5653 3531 5729 videtur.
3571 5648 3730 5706 Plura

2151 5716 2205 5773 in
2237 5720 2390 5775 libris
2416 5716 2643 5776 Patrum
2679 5716 2983 5777 occurrunt
3010 5723 3201 5780 eodem
3223 5722 3548 5779 recidentia.
