3960 6198
332 284 469 351 1193

1321 286 1419 345 DE
1456 284 1633 345 FIDE
1670 282 2129 346 ORTHODOXA
2162 286 2309 348 LIB.
2353 290 2447 350 IV.

3433 281 3571 354 ιιθι

393 394 509 465 Τὴν
556 387 650 447 οὖν
700 391 1095 463 παραχώρησιν
1143 390 1330 455 αὐτοῦ,
1369 391 1444 454 ὠς
1492 391 1779 462 ἐνέργειαν
1806 391 1901 443 καὶ

2078 391 2377 462 Scriptura:
2432 406 2566 463 ergo
2601 395 2949 450 consuetudo
2997 406 3100 461 est,
3134 404 3193 453 ut
3218 397 3308 454 Dei
3340 401 3571 470 permis-

325 485 547 553 ποίησιν
576 482 741 537 αὐτοῦ
773 482 954 551 λέγειν
982 482 1211 552 σύνηθες
1250 485 1315 552 τῇ
1350 481 1469 554 θείᾳ
1499 483 1690 554 Γραφῇ
1710 500 1724 515 ο
1765 481 1901 536 ἀλλὰ

329 578 434 648 μὴν
462 577 557 629 καὶ
584 576 671 629 ὅτε
702 574 835 644 φησὶ
875 574 983 627 τὸν
1020 574 1169 627 Θεὸν
1206 571 1424 633 κτίζειν
1450 574 1625 635 κακὰ,
1673 572 1769 626 καὶ
1812 571 1898 642 μὴ

325 666 477 722 εἶναι
506 669 576 720 ἐν
601 668 768 720 πόλει
806 666 1024 718 κακίαν
1044 664 1125 731 ἦν
1149 669 1179 718 c’
1203 667 1418 732 Κύριος
1443 668 1552 718 οὐκ
1592 666 1899 732 ἐποίησεν,

327 761 389 814 οὐ
422 758 610 813 κακῶν
641 758 813 810 αίτιον
843 756 933 809 τὸν
963 756 1093 809 Θεὸν
1122 757 1413 819 δείκνυσιν,
1433 756 1549 810 ἀλλ’
1579 756 1769 827 ἐπειδὴ
1791 758 1901 809 δισ-

329 851 613 919 έμφατονν
646 848 707 900 τὸ
757 850 855 917 τῆς
897 847 1095 909 κακίας
1135 846 1322 916 όνομα,
1354 846 1448 898 δύο
1482 849 1773 916 σημαῖνον’
1808 847 1901 899 καὶ

330 941 461 994 ποτὲ
509 941 607 1009 μὲν
640 938 747 1009 γὰρ
780 941 838 990 τὸ
876 941 941 1008 τῇ
995 937 1154 1005 φύσει
1212 939 1377 991 κακὸν
1410 937 1579 1009 δηλοῖ,
1637 940 1773 1009 ὅπερ
1812 939 1900 991 ἒν-

333 1031 513 1085 αντίον
541 1032 656 1084 ἐστί
681 1033 745 1100 τῇ
774 1031 964 1100 ἀρετῇ,
999 1030 1092 1083 καὶ
1122 1033 1185 1100 τῇ
1203 1028 1297 1082 τοῦ
1327 1028 1461 1082 Θεοῦ
1488 1029 1705 1100 θελήσει
1731 1046 1744 1059 ·
1771 1030 1901 1082 ποτὲ

331 1125 386 1181 δὲ
413 1124 470 1176 τὸ
508 1122 641 1189 πρὸς
669 1122 766 1191 τὴν
794 1121 1065 1191 ἡμετέραν
1092 1120 1345 1191 αἴσθησιν
1379 1120 1555 1173 κακὸν
1588 1120 1682 1172 καὶ
1708 1120 1902 1173 ἐπίπο-

332 1233 445 1276 νον,
470 1215 637 1284 ήγουν
667 1211 764 1275 τὰς
796 1211 1004 1281 θλίψεις
1044 1212 1137 1266 καὶ
1174 1211 1490 1280 ἐπαγωγάς.
1524 1205 1694 1264 Αὗται
1722 1212 1798 1279 δὲ,
1825 1212 1904 1282 τῷ

337 1309 437 1378 μὲν
481 1306 656 1359 δοκεῖν
694 1303 864 1357 κακαί
896 1304 1023 1369 εἰσι,
1058 1303 1307 1371 ἀλγειναὶ
1334 1303 1723 1372 τυγχάνουσαι,
1754 1306 1820 1373 τῇ
1847 1304 1904 1356 δὲ

333 1397 585 1468 ἀληθείᾳ,
614 1394 844 1462 ἁγαθαί’
874 1394 1210 1464 ἐπιστροφῆς
1241 1394 1349 1465 γὰρ
1390 1395 1487 1447 καὶ
1522 1395 1792 1466 σωτηρίας
1817 1395 1904 1464 γί-

333 1506 515 1542 νονται
561 1490 673 1551 τοῖς
720 1486 956 1540 συνιοῦσι
986 1486 1269 1557 πρόξενοι·
1303 1485 1506 1550 ταύτας
1533 1486 1620 1540 διὰ
1650 1487 1787 1540 Θεοῦ
1816 1488 1904 1555 γί-

332 1579 520 1633 νεσθαί
547 1595 711 1649 φησιν
734 1580 766 1647 ή
794 1578 1003 1647 Γραφή.

403 1669 601 1722 ’ἰστέον
624 1667 681 1721 δὲ
704 1666 779 1730 ὡς
812 1667 1130 1720 καὶτούτων
1165 1668 1325 1737 ἡμεῖς
1359 1668 1528 1737 ἐσμεν
1570 1668 1755 1723 αἴτιοι.
1785 1669 1904 1722 Τῶν

332 1762 444 1833 γὰρ
476 1761 738 1815 ἑκουσίων
764 1760 947 1815 κακῶν
981 1762 1051 1814 τὰ
1083 1761 1353 1814 ἀκούσιάι
1379 1764 1516 1818 εἰσιν
1540 1763 1757 1832 ἔκγονα.

403 1940 518 1995 Καὶ
547 1938 705 1993 τοῦτο
734 1938 791 1992 δὲ
822 1938 1016 2001 ἰστέον,
1059 1940 1137 1991 ὅτι
1168 1937 1289 2002 ἔθος
1317 1941 1382 2009 τῇ
1413 1939 1625 2010 Γραφῇ,
1662 1939 1782 1992 τινὰ
1808 1940 1901 1992 ἐκο

335 2024 576 2093 ϐατικῶς
622 2029 903 2098 ὀφείλοντα
949 2028 1224 2096 λέγεσθαι,
1255 2028 1631 2096 αἰτιολογικῶς
1680 2029 1859 2097 λέγειν
1885 2045 1897 2057 ·

334 2121 410 2184 ὡς
442 2121 534 2173 τόο
589 2121 689 2174 Σοὶ
734 2123 901 2189 μόνῳ
935 2120 1222 2189 ἥμαρτον,
1252 2121 1350 2176 καὶ
1399 2120 1465 2174 τὸ
1490 2122 1771 2190 ’πονηρὸν
1812 2122 1907 2173 ἐνι-

338 2210 527 2265 ὠπιόν
556 2228 671 2266 σου
705 2211 980 2278 ἐποίησα,
1011 2210 1169 2273 ὅπως
1210 2210 1286 2265 ἂν
1316 2210 1638 2278 δικαιωθῇς
1675 2211 1745 2263 ἐν
1783 2211 1907 2277 τοῖς

338 2307 548 2372 Λόγοις
577 2319 711 2365 σου,
747 2303 843 2356 καὶ
877 2302 1139 2371 νικήσῃς
1164 2304 1234 2356 ἐν
1265 2302 1345 2369 τῷ
1373 2303 1683 2371 κρίνεσθαί
1702 2318 1792 2355 σε.
1830 2305 1905 2356 Οὐ

336 2395 446 2464 γὰρ
474 2396 503 2447 6
531 2395 876 2464 ἁμαρτήσας,
910 2395 995 2447 ἵνα
1025 2395 1222 2465 νικήσῃ
1254 2396 1282 2447 6
1314 2393 1466 2459 Θεὸς,
1492 2394 1758 2463 ἥμαρτεν,
1783 2391 1907 2447 οὔτε

336 2486 395 2539 δὲ
418 2488 446 2539 6
473 2485 608 2547 Θεὸς
649 2484 814 2537 ἐδεῖτο
843 2484 943 2553 τῆς
974 2482 1130 2553 ἡμῶν
1155 2482 1451 2553 ἁμαρτίας,
1482 2480 1570 2535 ἴνα
1604 2483 1669 2535 ὲκ
1706 2482 1908 2554 ταύτης

337 2576 609 2646 νικητὴςι
655 2576 921 2644 ἀναφανῇ.
975 2572 1134 2642 Φέρει
1196 2574 1305 2641 γὰρ
1370 2573 1718 2644 ἀσυγκρίτως
1768 2574 1909 2626 κατὰ

339 2668 556 2721 πᾶντων
607 2667 699 2720 καὶ
742 2666 815 2736 μὴ
851 2665 1274 2735 ἁμαρτανόντων
1324 2664 1393 2717 τὰ
1436 2666 1729 2735 νικητήρια
1753 2705 1769 2730 ,
1816 2666 1908 2736 δη-

342 2759 601 2830 μιουργὸς
652 2758 748 2822 ὣν,
790 2758 883 2811 καὶ
927 2756 1333 2825 ἀκατάληπτος,
1362 2755 1458 2809 καὶ
1508 2757 1781 2821 ἄκτιστος,
1815 2759 1910 2811 καὶ

324 2848 572 2917 ⁴φυσικὴν
618 2850 754 2917 ἒχων
786 2848 886 2917 τὴν
928 2846 1109 2911 δόξαν,
1147 2845 1240 2898 καὶ
1284 2846 1383 2898 οὐκ
1412 2846 1736 2916 ἐπίκτητον·
1784 2847 1910 2901 ἀλλ’

337 2941 419 2993 ὅτι
452 2940 612 3011 ἡμῶν
641 2938 1085 3008 ἁμαρτανόντων,
1112 2938 1211 2992 οὐκ
1239 2936 1423 3000 ἄδικός
1454 2938 1600 2991 ἐστιν
1634 2938 1909 3010 ἐπιφέρων

337 3030 437 3100 τὴν
468 3030 635 3099 ὀργήν
656 3046 669 3061 ·
704 3030 796 3082 καὶ
829 3029 1151 3098 μετανοοῦσι
1181 3028 1501 3098 συγχωρῶν,
1536 3029 1763 3100 νικητής
1807 3031 1908 3099 τῆς

337 3121 614 3191 ἡμετέρας
661 3121 857 3183 κακίας
901 3119 1313 3175 ἀναδείκνυταισ
1350 3120 1449 3172 οὐκ
1495 3119 1589 3172 ἐπὶ
1640 3120 1815 3190 τούτῳ
1855 3120 1911 3172 δὲ

339 3211 501 3281 ἡμεῖς
533 3211 937 3280 ἁμαρτάνομεν,
961 3210 1075 3263 ἀλλ’
1099 3211 1180 3263 ὅτι
1201 3210 1372 3275 οὕτως
1392 3210 1675 3265 ἀποϐαίνει
1697 3211 1756 3265 τὸ
1776 3213 1914 3282 πρᾶ-

340 3319 479 3371 γμα.
506 3302 735 3370 Ὠσπερ,
765 3300 862 3352 ἐὰν
892 3299 1126 3369 κάθηταί
1146 3318 1228 3363 τις
1258 3301 1642 3371 ἐργαζόμενος,
1676 3301 1828 3371 φίλος
1855 3301 1912 3354 δέ

342 3409 426 3454 τις
456 3393 674 3462 ἐπιστῇ,
696 3392 860 3461 φησὶν
887 3391 969 3444 ὅτι
991 3390 1103 3443 Ἵνα
1127 3391 1262 3460 μηδὲ⁹
1297 3388 1536 3462 σήμερον
1568 3392 1911 3462 ἐργάσωμαι,

344 3483 675 3553 παρεγένετο
723 3485 751 3535 6
793 3481 964 3551 φίλος.
982 3482 1038 3535 '0
1074 3482 1173 3551 μὲν
1220 3478 1312 3536 οὖν
1359 3483 1511 3551 φίλος
1560 3484 1657 3552 οὐχ
1703 3483 1789 3536 ίνα
1837 3483 1913 3553 μὴ

348 3573 653 3645 ἐργάσηται
694 3572 1045 3642 παρεγένετο,
1074 3569 1215 3623 οὕτω
1243 3572 1298 3624 δὲ
1332 3572 1510 3643 ἀπέϐη
1531 3588 1546 3603 ’
1577 3571 1912 3642 ἀσχολούμε-

342 3680 434 3726 νος
478 3664 585 3733 γὰρ
616 3663 745 3733 περὶ
773 3663 872 3732 τήν
903 3660 995 3714 τοῦ
1029 3660 1184 3729 φίλου
1216 3661 1505 3732 ἀποδοχὴν,
1538 3662 1638 3715 οὐκ
1682 3662 1915 3732 ἐργάζε-

343 3771 454 3808 ται.
488 3756 715 3823 Λέγεται
762 3754 857 3806 καὶ
904 3751 1076 3806 ταῦτα
1118 3751 1403 3815 ὲκϐατικὰ,
1435 3752 1516 3805 ὅτι
1557 3750 1733 3814 οὕτως
1776 3753 1914 3805 ἀπο-

342 3846 587 3899 ϐαίνουσι
615 3845 682 3899 τὰ
710 3845 1029 3917 πράγματα.
1057 3844 1130 3898 Οὐ
1162 3842 1307 3897 θέλει
1334 3843 1391 3897 δὲ
1416 3845 1444 3897 6
1476 3843 1609 3907 Θεὸς
1640 3842 1801 3914 μόνος
1834 3842 1912 3897 εἶ-

342 3954 430 3989 ναι
461 3936 688 4000 δίκαιος,
718 3935 855 3989 ἀλλὰ
885 3935 1091 4000 πάντας
1123 3934 1441 4021 ὁμοιοῦσθαι
1474 3934 1622 4006 αὑτῷ
1658 3934 1798 3988 κατὰ
1822 3934 1913 3988 δύ-

344 4045 527 4098 ναμιν.

847 4294 1098 4347 ΚΕΦΑΛ.
1139 4295 1203 4348 ιιο
1242 4291 1404 4367 [ψη.

800 4386 928 4438 Ὀτι
973 4387 1044 4439 οὐ
1095 4384 1205 4438 δύο
1255 4386 1453 4453 ἀρχαί.

413 4479 538 4531 ὐτι
582 4478 643 4531 οὗ
690 4476 782 4530 δύο
829 4478 1015 4547 ἀρχαὶ.
1051 4476 1148 4547 μία
1180 4476 1379 4547 ἀγαθὴ,
1412 4478 1508 4530 καὶ
1546 4477 1645 4547 μία
1678 4484 1906 4553 πονηρὰ-

340 4570 592 4625 ὲντεῦθεν
622 4567 1163 4639 είσόμεθα.Ἐναντία
1192 4567 1300 4638 γὰρ
1332 4566 1586 4638 ἀλλήλοις
1617 4569 1677 4622 τὸ
1711 4570 1911 4639 ἀγαθὸν

340 4657 440 4711 καὶ
467 4657 528 4709 τὸ
557 4656 809 4726 πονηρὸν,
846 4655 940 4709 καὶ
985 4654 1230 4726 αλλήλων
1275 4655 1569 4727 φθαρτικὰ,
1604 4659 1697 4711 καὶ
1728 4660 1785 4711 ἐν
1819 4660 1913 4713 ἀλ-

339 4744 602 4815 λήλοις,ἢ
658 4745 753 4796 σὺν
797 4742 1043 4812 ἀλλήλοις
1092 4743 1192 4812 οὐχ
1239 4742 1616 4813 ὑφιστάμενα·
1664 4745 1720 4796 ἐν
1757 4744 1913 4815 μέρει

340 4837 523 4889 τοίνυν
558 4835 763 4887 τούτων
792 4833 1021 4886 ἕκαστον
1050 4831 1202 4885 ἔσται
1232 4832 1325 4886 τοῦ
1361 4834 1582 4898 παντός.
1617 4834 1726 4887 Καὶ
1758 4833 1911 4904 πρῶ-

341 4945 433 4982 τον
485 4915 584 4996 μὲν
627 4925 1151 4997 περιγραφήσονται,
1185 4925 1281 4993 οὐχ
1314 4925 1419 4977 ὑπὸ
1457 4924 1552 4977 τοῦ
1580 4924 1781 4987 παντὸς
1814 4925 1911 4994 μό-

342 5040 454 5084 νον,
484 5021 619 5075 ἀλλὰ
664 5021 759 5074 καὶ
797 5019 902 5073 ὑπὸ
935 5020 1133 5089 μέρους
1163 5017 1257 5071 τοῦ
1288 5018 1489 5081 παντὸς
1529 5016 1738 5071 τούτων
1779 5018 1912 5071 ἕκα-

342 5130 489 5165 στου.

2005 484 2212 534 sionem
2245 491 2425 547 vocet,
2479 496 2544 536 ac
2576 482 2622 537 si
2647 482 2768 553 ejus
2820 484 2965 538 actio
2988 491 3045 539 et
3066 500 3203 555 opus
3231 498 3399 546 esset.
3428 490 3571 557 Quin

2005 570 2166 625 ctiam
2198 588 2320 626 cum
2350 590 2378 627 τι
2414 574 2521 630 Deo
2559 575 2706 629 mala
2745 579 2915 630 creari
2947 578 3078 641 ait’,
3114 595 3204 633 nec
3233 597 3346 635 esse
3373 583 3577 635 malum

2006 662 2058 711 in
2100 662 2310 716 civitate
2337 664 2474 734 quod
2506 683 2607 719 non
2639 666 2822 734 fecerit
2873 667 3132 722 Dominus
3152 671 3193 735 ⁸,
3224 670 3313 725 his
3344 673 3529 729 verbis
3551 675 3573 705 ³

2010 750 2176 805 Deum
2222 756 2487 809 malorum
2521 765 2798 812 auctorem
2855 774 2981 814 esse
3041 761 3266 816 minime
3294 764 3572 819 ostendit:

2008 843 2103 898 sed
2134 846 2263 914 quia
2298 848 2426 901 mali
2457 849 2785 904 vocabulum
2834 865 3035 920 anceps
3057 861 3158 917 est,
3185 852 3578 925 duplicemque

2008 932 2465 1003 significationem
2491 937 2672 992 habet.
2706 936 2986 994 Interdum
3014 940 3159 996 enim
3183 941 3233 995 id
3256 943 3405 1012 quod
3449 961 3578 1001 suac

2009 1032 2097 1092 pte
2126 1036 2321 1081 natura
2373 1028 2575 1082 malum
2629 1038 2713 1084 est
2742 1030 2965 1096 indicat,
3001 1032 3146 1101 quod
3198 1035 3417 1103 quidem
3446 1052 3573 1092 cum

2010 1114 2213 1171 virtute
2244 1130 2309 1171 ac
2333 1115 2428 1177 Dei
2489 1117 2772 1174 voluntate
2830 1128 3037 1189 pugnat
3068 1137 3081 1173 :
3120 1122 3397 1178 interdum
3426 1127 3576 1196 quod

2011 1207 2196 1261 sensui
2249 1217 2445 1263 nostro
2474 1209 2680 1263 malum
2703 1225 2770 1264 ac
2796 1212 3085 1267 molestum
3117 1224 3226 1278 cst,
3257 1218 3405 1271 velut
3436 1219 3576 1273 allii-

2011 1295 2223 1351 etiones
2254 1306 2308 1349 et
2362 1298 2623 1353 immissae
2675 1300 3057 1369 calamitates;
3090 1312 3145 1357 at
3171 1320 3362 1361 revera
3397 1309 3575 1364 bonae.

2012 1385 2086 1440 lis
2123 1387 2270 1441 enim
2295 1388 2389 1456 qui
2415 1389 2634 1459 sagacis
2666 1390 2836 1445 animi
2869 1398 3017 1457 sunt,
3051 1395 3116 1449 ad
3157 1399 3578 1456 conversionem

2010 1480 2066 1526 et
2118 1474 2354 1530 salutem
2387 1476 2697 1532 conferunt.
2729 1478 2909 1548 Atque
2947 1480 3144 1534 harum
3170 1483 3390 1540 demum
3424 1487 3582 1543 Scri-

2012 1572 2172 1634 ptura
2196 1564 2365 1621 Deum
2400 1577 2681 1624 auctorem
2717 1584 2842 1625 esse
2884 1583 3295 1630 commemorat.

2083 1652 2380 1712 Sciendum
2423 1666 2606 1715 autem
2655 1668 2765 1725 est,
2808 1656 3000 1716 harum
3061 1666 3227 1719 etiam
3266 1681 3486 1723 causam
3520 1670 3579 1726 in

1934 1745 1977 1799 Β
2006 1746 2163 1803 nobis
2204 1763 2348 1804 esse.
2385 1749 2603 1804 Etenim
2659 1767 2724 1806 es
2763 1752 3089 1811 voluntariis
3121 1757 3282 1813 malis
3321 1760 3580 1816 oriuntur

2005 1839 2398 1895 involuntaria.
2444 1875 2458 1889 .

2076 1928 2206 1995 Qui:
2254 1939 2377 1985 sunt
2422 1941 2656 2000 eventus,
2706 1936 2999 1991 causaliter
3043 1939 3407 1995 dicuntur.-——
3436 1943 3579 1998 Illud

2006 2016 2137 2072 item
2171 2017 2565 2075 advertendum
2582 2031 2666 2078 est
2690 2022 2795 2078 hoc
2813 2022 3115 2095 Scriptura;
3128 2029 3293 2100 190
3309 2030 3582 2087 familiare

2006 2123 2147 2170 esse.
2202 2119 2257 2165 ιιι
2316 2111 2604 2174 nonnulla,
2658 2128 2783 2182 qua:
2807 2129 2873 2169 ex
2899 2127 3098 2173 eventu
3141 2119 3251 2173 dici
3284 2120 3577 2188 debebant,

2008 2198 2082 2253 ita
2117 2200 2415 2269 exprimat,
2478 2209 2740 2272 tauquam
2775 2220 3000 2260 causam
3048 2207 3444 2279 signiﬁcent“.
3472 2210 3615 2265 Cu-.

2004 2291 2092 2360 jus
2148 2294 2368 2363 generis
2421 2292 2555 2347 illud
2600 2300 2685 2348 est
2720 2309 2736 2347 :
2772 2294 2891 2348 Tibi
2924 2296 3027 2349 soli
3054 2299 3262 2365 peccavi
3287 2307 3336 2352 et
3382 2299 3581 2352 malam

2007 2400 2186 2436 coram
2226 2392 2273 2438 te
2297 2383 2399 2452 feci
2420 2401 2448 2455 ,ε
2476 2394 2534 2437 tu
2558 2385 2873 2452 justiﬁceris
2905 2387 2959 2438 in
2996 2384 3326 2444 sermonibus
3374 2391 3500 2455 tuis,
3527 2403 3584 2448 et

2009 2478 2184 2531 vincas
2217 2493 2339 2555 cum
2373 2459 2644 2545 judicaris
2670 2476 2734 2531 “.
2766 2476 2888 2532 Non
2924 2479 3070 2533 enim
3104 2479 3202 2549 qui
3222 2484 3491 2551 peccavit,
3516 2501 3583 2540 eo

2010 2570 2275 2638 peccavit,
2307 2578 2366 2623 ut
2419 2568 2564 2625 Deus
2612 2570 2901 2625 victoriam
2946 2571 3264 2629 obtineret:
3298 2590 3399 2631 nec
3452 2593 3581 2632 vero

2010 2661 2154 2718 Deus
2193 2670 2419 2731 peccato
2443 2672 2637 2716 nostro
2668 2676 2805 2732 opus
2836 2661 3089 2728 habebat,
3109 2672 3169 2717 ut
3188 2680 3256 2720 ex
3283 2666 3379 2721 illo
3403 2668 3582 2724 vietor

2009 2759 2318 2821 appareret.
2356 2750 2500 2805 Deus
2530 2750 2676 2805 enim
2718 2750 2857 2804 citra
2882 2753 3357 2821 comparationem
3389 2757 3581 2823 ullam,

2009 2857 2200 2898 omnes
2230 2857 2481 2911 prorsus,
2517 2848 2683 2911 atque
2709 2840 2835 2895 illos
2865 2841 3029 2895 etiam
3063 2842 3160 2912 qui
3186 2857 3295 2898 non
3328 2830 3579 2915 peccant,

2008 2936 2180 2988 vincit
2215 2949 2278 2986 ac
2302 2941 2543 3002 superat,
2561 2939 2621 2985 ut
2648 2931 2741 3001 qui
2770 2947 2952 3005 rerum
2976 2934 3227 2990 conditor
3250 2936 3340 3003 sit,
3373 2937 3587 2993 incom-

2012 3024 2483 3094 prehensibilis.et
2506 3023 2806 3085 increatus,
2826 3025 3238 3095 naturalemque
3254 3042 3320 3081 ac
3347 3043 3455 3082 non
3484 3030 3586 3084 ad-

2016 3117 2294 3171 ventitiam
2327 3115 2559 3185 gloriam
2597 3115 2833 3183 habeat;
2884 3116 2980 3172 sed
3012 3120 3141 3189 quia
3161 3121 3323 3175 nobis
3350 3137 3585 3192 peccan-

2014 3208 2186 3270 tibus,
2216 3205 2350 3259 nihil
2384 3204 2588 3275 injuste
2614 3206 2750 3276 agit,
2785 3220 2913 3261 cum
2948 3207 3119 3263 infert
3148 3210 3318 3277 iram;
3348 3226 3586 3282 cumque

2015 3297 2413 3369 paenitentibus
2436 3296 2689 3367 ignoscit,
2712 3297 2827 3354 vitii
2853 3299 3030 3354 nostri
3048 3314 3111 3354 ac
3127 3302 3387 3371 nequitia:
3406 3304 3586 3359 victor

2013 3388 2365 3454 ostenditur;
2404 3402 2512 3442 non
2547 3396 2729 3442 tamen
2777 3396 2836 3442 ut
2866 3403 2967 3444 nos
3032 3389 3243 3447 ideirco
3273 3409 3583 3463 peccemus.

2014 3481 2108 3536 sed
2135 3480 2261 3548 quia
2294 3479 2367 3533 ita
2405 3478 2695 3548 contingit.
2739 3478 2976 3537 Perinde
3002 3496 3069 3538 ac
3101 3484 3145 3539 si
3176 3485 3325 3554 quis,
3353 3487 3483 3541 dum
3515 3490 3583 3543 ad

2013 3586 2154 3640 opus
2208 3569 2383 3636 sedet,
2448 3570 2876 3637 superveniente
2927 3573 3109 3643 amico
3157 3574 3586 3632 dicat:ldcirco

2013 3662 2223 3717 amicus
2256 3660 2426 3723 venit,
2460 3667 2519 3712 ut
2545 3660 2682 3713 nihil
2728 3661 2891 3714 hodie
2944 3662 3129 3732 operis
3166 3662 3385 3719 faciam.
3416 3667 3583 3735 Atqui

2014 3752 2225 3806 amicus
2253 3764 2363 3804 non
2395 3763 2462 3804 eo
2496 3749 2661 3813 venit,
2687 3757 2747 3803 ut
2770 3750 2906 3804 nihil
2938 3752 3030 3806 ille
3058 3752 3246 3820 operis
3277 3752 3461 3818 iaciat,
3489 3756 3582 3810 sed

2016 3842 2090 3896 ita
2116 3848 2346 3896 eventus
2376 3838 2523 3892 tulit.
2559 3837 2696 3892 Nam
2730 3840 2858 3894 dum
2893 3842 2948 3895 in
2992 3842 3345 3910 suscipiendo
3370 3844 3584 3915 hospite
3650 3858 3659 3867 '

2013 3930 2361 3995 distrahitur,
2383 3929 2452 3985 ab
2480 3944 2643 3999 opere
2663 3929 2922 3985 abstinet.
2948 3929 3221 3986 Dicuntur
3248 3943 3428 3988 autem
3469 3935 3584 3992 hazc

2011 4025 2294 4087 eventitia,
2343 4020 2602 4092 quoniam
2653 4034 2742 4077 res
2793 4020 2869 4075 ita
2910 4023 3197 4079 eveniunt.
3230 4023 3371 4079 Deus
3418 4041 3584 4095 porro

2012 4132 2121 4172 non
2140 4116 2305 4171 solus
2323 4115 2439 4185 ipse
2456 4112 2639 4182 justus
2664 4126 2787 4168 esse
2816 4113 2953 4181 vult,
2987 4113 3082 4171 sed
3109 4125 3165 4170 et
3192 4130 3383 4172 omnes
3408 4134 3583 4187 quan-

2013 4218 2127 4264 tum
2190 4206 2308 4262 ﬁeri
2372 4214 2574 4277 potest,
2618 4205 2687 4260 ad
2735 4205 2822 4261 sui
2854 4206 3267 4264 similitudinem
3297 4212 3579 4267 accedere.

2642 4296 2797 4351 CAP.
2824 4295 2943 4351 XX.

2434 4388 2557 4445 Non
2585 4406 2697 4445 esse
2725 4390 2830 4443 duo
2857 4391 3140 4459 principia.

2082 4483 2346 4539 Adversus
2397 4480 2742 4546 Manichwos,
2777 4497 2879 4536 non
2915 4499 3028 4536 esse
3074 4483 3179 4539 duo
3208 4485 3491 4552 principia.
3513 4514 3585 4525 ——

2013 4575 2169 4642 Quod
2229 4589 2338 4629 non
2381 4575 2494 4630 sint
2548 4574 2659 4629 duo
2690 4573 3054 4643 principia“,
3083 4576 3318 4630 alterum
3352 4575 3583 4640 bonum,

2014 4675 2070 4722 et
2102 4666 2330 4720 alterum
2355 4664 2585 4727 malum,
2606 4664 2735 4720 hinc
2765 4665 2925 4719 nobis
2954 4673 3304 4735 perspectum
3342 4666 3451 4720 lict.
3478 4665 3585 4721 Pu-

2014 4764 2186 4829 gnant
2222 4755 2372 4811 enim
2403 4755 2548 4809 inter
2586 4768 2645 4808 se
2676 4753 2885 4809 bonum
2913 4763 2967 4808 et
2996 4756 3222 4820 malum,
3273 4770 3443 4825 seque
3465 4771 3586 4811 mn-

2017 4857 2112 4901 tuo
2139 4846 2431 4900 destruunt
2466 4858 2481 4895 :
2514 4856 2695 4911 neque
2737 4842 2972 4896 alterum
3010 4844 3066 4899 in
3102 4845 3298 4911 altero,
3331 4852 3427 4899 aut
3458 4861 3585 4901 cum

2019 4939 2193 4993 altero
2227 4941 2460 5006 possunt
2514 4932 2803 4987 exsistere.
2868 4932 3059 5004 Itaque
3096 4936 3151 4990 in
3188 4951 3287 4991 sua
3328 4938 3587 5009 quodque

2020 5040 2176 5101 parte
2227 5026 2474 5083 universi
2524 5032 2710 5080 erunt.
2739 5024 2817 5079 Ac
2848 5024 3086 5095 primum
3153 5028 3373 5097 quidem
3401 5030 3444 5061 ¹³
3474 5046 3584 5084 non

2022 5122 2181 5175 modo
2208 5119 2276 5173 ab
2301 5105 2418 5187 ipsa
2448 5115 2830 5180 universitate,
2856 5116 2949 5171 sed
2983 5124 3038 5171 et
3059 5117 3129 5173 ab
3153 5120 3397 5176 universi
3431 5131 3586 5192 parte

2021 5223 2313 5279 utrumque
2343 5208 2536 5264 horum
2571 5207 3085 5263 circumscribetur.

463 5331 567 5384 lsa.
632 5342 754 5387 xcv.
786 5328 837 5399 ἶ.
912 5328 1123 5399 PAmos
1146 5343 1226 5395 ιιι,
1254 5327 1333 5399 6.,
1381 5329 1403 5399 ξ
1434 5327 1558 5383 llaec
1607 5340 1829 5383 enarrat
1872 5329 2159 5399 Chrysost.
2194 5322 2453 5394 peculiari
2486 5329 3097 5399 tracta_t_u_,_et_quorum
3132 5322 3276 5399 Deus
3311 5327 3583 5381 malorum
3650 5336 3663 5351 '

340 5414 508 5456 causa
543 5400 633 5453 sit.
712 5400 754 5429 ¹⁰
786 5397 950 5453 Basil.
987 5399 1091 5452 loc.
1123 5401 1215 5453 cit.

1323 5398 1364 5431 “
1393 5398 1538 5453 Psal.
1581 5414 1627 5459 ι..
1660 5400 1715 5451 6.
1795 5402 1836 5431 ¹¹
1862 5391 2067 5453 Athan.
2110 5391 2268 5450 cum.
2311 5402 2509 5463 gentes.
2584 5392 2626 5424 ¹⁸
2660 5392 2795 5446 ibid.
2826 5391 2979 5446 COnt.
3014 5410 3190 5447 omnes
3222 5394 3402 5450 Intret.

1611 5507 1844 5563 ΥΑΙιΙΑΞ
1886 5504 2288 5564 LECTIONES.

352 5675 488 5735 ad“.
672 5769 940 5829 ΡΑτιιοι..
982 5766 1098 5824 Gn.
1142 5764 1339 5827 XCIV.

1859 5829 1889 5845 ι.
1930 5831 1978 5846 με

422 5613 451 5643 ν
482 5602 637 5659 Edita
666 5602 1028 5675 sycéprparov.
1107 5609 1130 5635 ι
1158 5599 1515 5656 Emendatum
1540 5599 1737 5670 legitur
1765 5598 1817 5653 in
1856 5598 1919 5653 Κ.
1948 5598 2090 5655 2930
2138 5595 2234 5653 τῶν
2262 5594 2531 5649 ἀκουσίων
2561 5594 2629 5649 τὰ
2676 5594 2913 5649 ἑκούσια.
2992 5605 3018 5644 γ
3048 5595 3207 5651 lices:
3262 5594 3483 5668 νικητὴς
3522 5598 3579 5653 in

3078 5750 3153 5813 38
