3864 6198
263 224 390 287 1201

1260 230 1367 288 DE'.
1407 232 1576 300 FIDE
1610 227 2060 288 OIlTI'IODOXA
2100 229 2241 286 LIB.
2279 229 2350 284 IV

3304 230 3441 296 ιεοε

264 329 334 399 μὴ
355 329 422 379 δι’
457 330 728 398 ὑπομονῆς
754 333 843 384 καὶ
871 335 1194 404 προσευχῆς,
1226 336 1317 398 τὰς
1341 336 1554 397 ἐντολὰς
1575 333 1666 387 τοῦ
1695 336 1798 386 Κυ-

1920 338 2040 391 dem
2074 343 2155 388 cst
2182 349 2242 385 at:
2273 335 2315 385 si
2340 332 2563 394 diceret,
2597 333 2708 398 ipse
2733 333 3010 387 nos-docet
3026 335 3159 402 quid
3174 337 3439 389 orandum

261 417 373 488 ρίου
405 421 856 488 κατεργάσασθαι.

739 598 985 651 non.
1021 599 1331 670 notae-'1.

421 686 580 740 Κατὰ
615 686 913 741 Ἰουδαίων
952 688 997 751 i,
1030 692 1165 758 περὶ
1189 692 1290 744 τοῦ
1319 691 1631 746 Σαϐϐάτου.

327 775 603 828 Σάδδατον
632 776 665 844 ἡ
691 775 888 846 ἑϐδόμη
920 777 1100 845 ἡμέρα
1130 779 1417 846 κέκληται*
1447 778 1598 848 δηλοῖ
1621 779 1676 831 δὲ
1706 779 1801 848 τὴν

261 864 618 917 κατάπαυσιν.
695 863 780 914 Ἑν
829 865 965 934 αὐτῇ
1012 866 1119 936 γὰρ
1175 867 1550 921 κατέπαυσεν
1598 870 1630 920 ό
1663 867 1803 930 Θεὸς

261 953 376 1005 ἀπὸ
427 952 668 1005 πάντων
717 952 834 1006 τῶν
871 953 1057 1020 ἔργων
1103 956 1307 1017 αὐτοῦ,
1353 955 1427 1018 ὣς
1456 972 1586 1024 φησι
1620 957 1652 1025 ἡ
1686 955 1805 1007 θεία

262 1041 447 1108 Γραφή
468 1058 482 1072 ”
515 1040 594 1092 διδ
623 1041 716 1094 καὶ
747 1043 934 1110 μέχρις
964 1043 1100 1095 ἑπτὰ
1139 1045 1166 1095 6
1208 1044 1312 1097 τῶν
1329 1045 1548 1114 ἡμερῶν
1579 1045 1804 1115 ἀριθμὸς

262 1130 569 1196 προϐαίνων
591 1170 607 1196 ,
642 1132 799 1183 πάλιν
836 1133 1245 1196 ἀνακυκλοῦται,
1285 1135 1374 1186 καὶ
1402 1135 1508 1187 ἀπὸ
1532 1136 1628 1202 τῆς
1655 1135 1805 1206 πρώ-

261 1233 360 1284 της
376 1219 625 1286 ἄρχεται.
653 1213 819 1281 Οὗτος
841 1221 869 1270 6
892 1221 1120 1289 ἀριθμὸς
1145 1221 1320 1289 τίμιος
1340 1222 1488 1290 παρὰ
1518 1223 1803 1285 Ἰουδαίοις,

259 1307 356 1358 τοῦ
387 1306 521 1358 Θεοῦ
555 1307 953 1376 προστάξαντος
974 1309 1235 1378 τιμᾶσθαι
1257 1311 1436 1374 αὑτὸν,
1471 1312 1566 1378 οὐχ
1587 1312 1658 1372 ὡς
1687 1311 1806 1364 ἔτυο

265 1411 379 1461 χεν,
412 1395 546 1448 ἀλλὰ
599 1397 693 1449 καὶ
727 1398 862 1465 μετὰ
915 1397 1222 1468 βαρυτάτων
1256 1400 1346 1451 ἐπὶ
1390 1403 1452 1468 τῇ
1499 1402 1806 1468 παραὸἀσει

268 1481 574 1550 ἐπιτιμίων.
606 1484 716 1551 Οὐχ
756 1484 938 1546 ἁπλῶς
984 1485 1039 1536 δὲ
1093 1485 1246 1538 τοῦτο
1274 1486 1620 1554 προσέταξεν,
1674 1489 1807 1541 ἀλλά

265 1569 352 1621 διά
383 1587 535 1628 τινας
570 1573 844 1640 μυστικῶς
871 1577 978 1636 τοῖς
1013 1581 1394 1644 πνευματικοῖς
1423 1594 1478 1628 τε
1515 1579 1605 1630 καὶ
1633 1577 1809 1646 διορα-

267 1665 436 1722 τικοῐς
474 1663 906 1729 κατανοουμένας
935 1665 1133 1726 αἰτίας.

352 1827 439 1888 Ὧς
472 1829 572 1897 ἐμὲ
604 1830 732 1897 γοῦν
770 1831 968 1898 γνῶναι
1005 1850 1094 1885 τον
1127 1835 1340 1904 ἀμαθῆ·
1383 1837 1447 1889 ἵν’
1480 1839 1544 1890 ὲκ
1569 1838 1677 1891 τῶν
1717 1856 1815 1891 κα-

267 1916 517 1985 τωτέρων
547 1920 640 1969 καὶ
685 1920 1000 1989 παχυτέρων
1029 1923 1276 1991 ἄρξωμαι
1297 1937 1312 1953 ·
1354 1925 1506 1988 εἰδὼς
1533 1928 1561 1978 6
1591 1927 1720 1988 Θεὸς
1756 1929 1815 1980 τὸ

271 2003 416 2070 παχύ
446 2022 503 2056 τε
551 2005 644 2056 καὶ
696 2008 1042 2076 φιλόσαρκον,
1099 2009 1192 2062 καὶ
1222 2011 1355 2080 πρὸς
1388 2012 1485 2081 τὴν
1520 2011 1649 2081 ὕλην
1682 2013 1814 2075 ὅλως

273 2092 579 2163 ἀπορῤεπὲς
626 2095 720 2146 τοῦ
778 2096 1105 2165 Ἰσραηλίτου
1161 2097 1310 2158 λαοῦ,
1369 2098 1486 2166 ἅμα
1519 2100 1576 2151 δὲ
1633 2102 1723 2151 καὶ
1757 2099 1816 2150 τὸ

273 2184 613 2252 ἀδιάκριτον
649 2184 860 2254 πρῶτον
880 2185 1000 2253 μὲν,
1028 2186 1126 2238 ἵνα
1162 2188 1194 2239 ό
1216 2175 1430 2252 δοῦὰος
1461 2189 1558 2241 καὶ
1591 2188 1654 2240 τὸ
1675 2193 1818 2243 ὐπο-

274 2269 470 2337 ζύχοιον
497 2273 929 2339 ἁναπαύσηται,
961 2274 1034 2336 ὡς
1059 2274 1398 2342 γέγραπται’
1443 2279 1630 2348 ἐπειδὴ
1663 2279 1817 2346 ἀνὴρ

274 2357 498 2424 δίκαιος
531 2362 792 2427 οικτεφει
825 2364 927 2427 τὰς
960 2364 1160 2430 ψυχὰς
1201 2363 1432 2431 κτηνῶν
1475 2368 1678 2432 αὐτοῦ,
1703 2369 1817 2437 ἅμα

276 2449 363 2501 ῐνα
391 2450 446 2502 δὲ
470 2452 561 2502 καὶ
588 2451 776 2520 σχολὴν
799 2453 1020 2520 ἄγοντες
1040 2456 1107 2506 ὲκ
1122 2455 1214 2508 τοῦ
1239 2457 1364 2526 περὶ
1395 2456 1493 2524 τὴν
1523 2457 1651 2528 ὓλην
1673 2475 1820 2528 περι-

275 2538 550 2607 σπασμοῧ,
587 2541 719 2609 πρὸς
768 2542 854 2592 τὸν
902 2543 1032 2594 Θεὸν
1066 2545 1431 2612 συνάγωνται,
1481 2549 1539 2599 ὲν
1565 2547 1817 2618 ψαλμοῖς,

276 2627 374 2680 καὶ
406 2627 612 2696 ὕμνοις,
671 2633 760 2682 καὶ
813 2631 974 2700 ᾠδαῖς
1027 2637 1442 2702 πνευματικαῖς,
1494 2637 1584 2689 καὶ
1621 2637 1817 2708 μελέτῃ

275 2716 383 2769 τῶν
405 2715 562 2770 Θείων
583 2719 618 2768 Γ
627 2719 812 2788 ραφῶν
829 2719 1041 2774 ἃπασαν
1055 2720 1152 2791 τὴν
1169 2723 1399 2792 ἑϐδόμην
1421 2725 1819 2793 ἀναλίσκοντες,

278 2807 373 2859 καὶ
398 2809 455 2858 ἐν
481 2806 596 2876 Θεῷ
645 2810 1064 2874 καταπαύοντες.
1095 2813 1222 2865 Ὅτε
1263 2813 1360 2882 μὲν
1387 2815 1495 2884 γὰρ
1524 2815 1597 2884 (5)
1632 2816 1729 2868 οὐκ
1754 2813 1820 2886 ἦν

1903 427 1992 480 sit.
2021 426 2092 476 Ex
2126 438 2232 490 quo
2265 421 2336 479 Iit,
2370 428 2425 470 nt
2461 418 2546 471 Dei
2577 426 2837 494 pnccepta
2874 420 2976 473 nisi
3009 436 3099 488 per
3128 420 3440 489 patientiam

1903 522 1958 567 et
1986 513 2283 566 orationem
2314 506 2521 575 impleri
2556 522 2659 557 non
2689 505 2916 570 possint.

2465 589 2614 643 CAP.
2656 587 2818 640 XXIII

2215 682 2470 734 Adversus
2501 678 2737 736 Juda’os,
2765 677 2827 729 de
2869 675 3098 730 Salibato

1979 773 2094 826 Diei
2118 773 2321 840 septimi
2351 770 2551 838 religio.
2579 796 2646 808 —
2676 768 2969 821 Sabbatum
3030 766 3144 819 dies
3185 768 3440 833 septimus

1907 873 2130 916 vocatus
2157 869 2259 924 est,
2307 869 2359 913 et
2385 859 2623 927 requiem
2674 857 2962 926 signiﬁcat.
3025 855 3164 909 Deus
3209 857 3349 909 enim
3380 873 3446 910 eo

1907 951 2014 1012 die,
2051 951 2190 1004 sicut
2215 951 2287 1002 ait
2317 949 2622 1016 Scriptura,
2644 948 2886 1014 requievit
2915 953 2976 997 ab
2999 945 3235 1014 operibus
3258 949 3361 998 suis
3379 948 3447 1011 "‘,

1910 1049 1967 1092 ut
1994 1055 2255 1092 numerus
2284 1039 2495 1092 dierum
2531 1037 2596 1090 ad
2651 1037 2946 1104 septimum
2977 1052 3148 1104 usque
3198 1051 3447 1105 progres-

1909 1145 2027 1190 sus,
2070 1143 2260 1182 rursus
2295 1129 2351 1180 in
2383 1127 2566 1180 orbem
2609 1125 2814 1189 redeat,
2863 1135 3023 1194 atque
3049 1141 3076 1177 a
3121 1126 3291 1192 primo
3346 1126 3450 1177 ini-

1911 1218 2042 1269 tium
2077 1224 2278 1269 sumat.
2314 1215 2408 1270 llic
2444 1230 2608 1283 porro
2635 1231 2891 1269 numerus
2938 1215 3080 1283 apud
3129 1212 3344 1267 Iudaeos
3397 1215 3448 1267 in

1911 1307 2112 1357 honore
2139 1295 2262 1357 est:
2313 1304 2514 1371 quippe
2571 1319 2731 1371 quem
2766 1302 2910 1356 Deus
2945 1302 3047 1354 coli
3102 1301 3449 1368 praeceperit,

1911 1393 2211 1462 idque'non
2247 1392 2610 1455 defunctorie,
2643 1393 2734 1445 sed
2768 1390 3110 1460 gravitsimis
3145 1390 3309 1444 etiam
3340 1405 3453 1457 pm-

1911 1485 1998 1536 nis
2029 1483 2249 1536 statutis
2280 1483 2332 1535 in
2363 1498 2479 1543 eos,
2512 1483 2605 1550 qui
2641 1482 2770 1535 illud
2811 1481 3140 1549 transgressi
3179 1487 3362 1534 essent
3384 1481 3451 1529 π’.

1911 1571 2020 1625 Nec
2043 1587 2172 1624 vero
2203 1579 2407 1625 temere
2441 1571 2493 1624 id
2523 1572 2614 1626 ille
2647 1572 2934 1640 imperavit
2962 1589 2974 1623 :
3005 1571 3096 1623 scd
3120 1570 3296 1633 certis
3335 1569 3452 1636 qui-

1843 1660 1886 1712 B
1913 1661 2137 1715 busdam
2163 1660 2466 1713 rationibus
2495 1659 2780 1722 adductus,
2814 1674 2952 1727 quas
2992 1658 3091 1710 viri
3120 1658 3452 1725 spirituales,

1913 1752 2221 1820 mentisque
2259 1749 2676 1819 pcrspicacitatc
2699 1748 2912 1818 pra-diti
2945 1748 3331 1816 intelligunt".

1979 1842 2303 1909 Conjectatio
2339 1840 2595 1901 auctoris,
2620 1855 2714 1891 cur
2740 1847 2994 1905 pra‘ccpta
3021 1835 3223 1890 Judwis
3257 1837 3453 1904 requies

1913 1930 2150 1984 Sabbati.
2187 1961 2253 1972 —
2290 1927 2564 1992 Quantum
2597 1937 2774 1981 autem
2808 1941 2928 1995 ego,
2957 1926 3196 1994 alioquin
3239 1925 3456 1993 imperi-

1909 2027 2021 2084 tus,
2061 2019 2278 2088 assequi
2306 2033 2526 2087 possum
2556 2017 2638 2073 (ut
2669 2017 2737 2070 ab
2761 2017 3115 2070 inferioribus
3141 2032 3203 2070 ac
3227 2017 3456 2069 crassio-

1911 2111 2064 2163 ribus
2099 2108 2396 2177 incipiam),
2430 2123 2552 2162 cum
2583 2107 2747 2162 sciret
2781 2106 2925 2160 Deus
2957 2106 3315 2160 lsraeliticum
3353 2121 3451 2172 po-

1913 2201 2097 2268 pulum
2133 2200 2386 2268 pinguem
2420 2213 2561 2262 esse,
2600 2205 2656 2250 et
2683 2197 2834 2250 carni
2858 2197 3158 2259 addictum,
3187 2196 3348 2265 inque
3372 2211 3459 2249 res

1913 2293 2160 2340 terrenas
2193 2285 2437 2350 impense
2464 2297 2722 2351 pronum,
2755 2298 2853 2338 nec
2882 2284 3228 2338 discretionis
3273 2284 3458 2347 ullius,

1917 2375 2055 2427 hanc
2089 2375 2256 2441 legem
2288 2373 2470 2425 sanxit
2509 2387 2524 2424 :
2556 2371 2820 2439 primum,
2857 2382 2913 2423 ut
2942 2387 3117 2424 servus
3161 2382 3210 2424 et
3247 2373 3458 2440 jumeuo

1917 2473 2025 2515 tum
2079 2463 2476 2530 requiescerent,
2520 2463 2666 2516 sicut
2715 2463 2978 2530 scriptum
3025 2464 3193 2516 est".
3247 2463 3460 2517 Etenim

1909 2550 2089 2619 justus
2135 2549 2420 2602 miseratur
2477 2552 2682 2603 animus
2733 2551 3084 2620 jumentorum
3145 2568 3356 2604 suorum
3378 2552 3486 2603 ³⁰τε

1917 2639 2116 2694 deinde
2137 2636 2290 2699 'vero,
2318 2647 2372 2692 ut
2399 2640 2503 2708 ipsi
2528 2640 2758 2695 terrenis
2786 2641 3233 2709 occupationibus
3263 2640 3466 2701 feriati-,-

1920 2729 1986 2782 ad
2014 2727 2180 2782 Deum
2212 2743 2272 2782 se
2299 2729 2656 2797 colligerent;
2691 2729 2980 2797 septimum
3017 2744 3209 2796 nempe
3237 2730 3377 2782 diem
3408 2730 3461 2782 in

1919 2817 2144 2887 psalmis
2166 2824 2221 2871 et
2252 2817 2466 2886 hymnis
2504 2826 2558 2870 et
2601 2818 2834 2871 canticis
2886 2817 3276 2885 spiritualibus,
3327 2816 3465 2870 divis

277 2896 461 2964 νόμος,
489 2896 550 2949 οὐ
572 2898 756 2969 Γραφὴ
789 2899 1162 2967 θεόπνευστος,
1193 2902 1317 2956 οὔτε
1348 2904 1406 2956 τὸ
1442 2906 1713 2961 Σάϐϐατον
1744 2907 1815 2976 τῷ

1921 2921 2224 2974 uarumque
2246 2906 2656 2972 Scripturarum
2687 2906 2921 2960 lectione
2959 2914 3132 2959 totum
3162 2907 3464 2975 expenden-

277 2985 397 3052 Θεῷ
435 2967 752 3057 ἀφιέρωτοξ
779 2991 905 3043 Ὅτε
951 2992 1006 3044 δὲ
1051 2993 1457 3063 ἠθεόπνευστος
1504 2997 1689 3068 Γραφὴ
1734 2967 1815 3051 δια

1924 3003 2025 3060 tes,
2064 2996 2308 3064 atquein
2362 2994 2470 3047 Deo
2519 2995 2988 3062 conquiescentes.
3038 2994 3197 3056 Nam,
3245 2992 3464 3062 quando

278 3077 554 3140 Μωϋσέως
587 3079 764 3148 ἐδόθη,
786 3083 1063 3153 ἀφιερώθσι
1092 3085 1167 3154 τῷ
1197 3084 1315 3154 Θεῷ
1347 3086 1404 3138 τὸ
1437 3087 1731 3151 Σάϐϐατον,
1751 3088 1825 3150 ὼς

281 3165 347 3217 ἂν
380 3166 506 3235 περὶ
551 3169 650 3236 τὴν
682 3170 878 3241 ταύτης
919 3173 1146 3243 μελέτην
1193 3177 1249 3226 ὲν
1281 3176 1430 3242 αὑτῷ
1459 3177 1826 3248 ἀδολεσχήσω-

283 3271 398 3314 σιν,
446 3256 494 3306 οἱ
531 3256 602 3326 μὴ
638 3258 811 3312 πάντα
847 3264 936 3313 τδν
970 3263 1082 3330 βίον
1116 3264 1191 3331 τῷ
1232 3265 1348 3334 Θεῷ
1380 3266 1747 3338 ἀφιεροῦντες,
1777 3271 1824 3322 οἱ

287 3341 364 3410 μὴ
390 3342 536 3411 πόοῳ
574 3344 647 3412 τῷ
673 3347 912 3418 Δεσπότῃ
941 3349 1013 3411 ὼς
1039 3351 1212 3421 Πατρὶ
1234 3351 1592 3420 δουλεύοντες,
1613 3355 1726 3408 ἀλλ’
1750 3357 1825 3420 ὡς

283 3431 458 3483 δοῦλοι
487 3433 815 3503 ἀγνώμονες,
853 3438 952 3490 κᾶν
977 3441 1164 3510 μικρὸν
1208 3442 1300 3494 καὶ
1342 3443 1626 3512 ἐλάχιστον
1658 3446 1822 3515 μέρος

286 3521 383 3589 τῆς
407 3523 612 3575 ἑαυτῶν
652 3523 792 3596 ζωῆς
829 3528 903 3596 τῷ
940 3528 1056 3598 Θεῷ
1097 3531 1492 3600 ἀποτὲμωντσι,
1538 3537 1630 3587 καὶ
1670 3535 1826 3588 τοῦτο

287 3611 438 3681 φόϐῳ
475 3613 578 3664 τῶν
610 3615 701 3666 ἐπὶ
729 3619 793 3686 τῇ
840 3619 1138 3688 παραϐάσει
1187 3620 1420 3673 εὐθυνῶν
1455 3624 1546 3675 καὶ
1578 3626 1826 3693 ἐπιτιμή-

287 3719 425 3753 σεων
446 3721 460 3734 ·
497 3707 704 3771 Δικαίφ
734 3708 838 3774 γὰρ
864 3709 1041 3774 νόμος
1061 3711 1131 3762 οὺ
1159 3709 1359 3773 κεῖται,
1382 3713 1537 3765 ἀλλὰ
1575 3714 1755 3779 ἀδίκῳ
1779 3716 1824 3766 II.

300 3792 453 3842 Ἐπεὶ
485 3794 693 3860 πρῶτος
742 3798 975 3865 Μωῦσῆς
1022 3800 1416 3868 τεσσαράκοντα
1441 3802 1680 3872 ἡμερῶν,
1736 3803 1828 3855 καὶ

288 3877 446 3944 αὖθις
475 3884 674 3953 ἐτέρων
695 3888 1094 3956 τεσσαράκοντα
1125 3889 1342 3959 νηστεία
1383 3888 1396 3926 ι
1430 3891 1826 3961 προσεδρεύσας

1919 3085 2003 3138 lex
2036 3100 2140 3138 non
2169 3091 2312 3146 erat,
2349 3098 2451 3137 nec
2475 3085 2758 3152 Scriptura
2797 3083 3061 3138 divinitus
3093 3084 3375 3152 inspirata,
3399 3098 3465 3136 ne

1923 3174 2219 3229 Sabbatum
2264 3173 2485 3244 quidem
2517 3173 2625 3228 Deo
2657 3183 3036 3229 consecratum
3066 3181 3201 3227 erat.
3232 3173 3294 3225 At
3322 3182 3467 3241 post-

1921 3280 2082 3334 quam
2115 3264 2400 3334 Scriptura
2425 3265 2610 3320 divina
2638 3279 2732 3333 per
2764 3263 2981 3334 Moysen
3023 3263 3148 3317 data
3176 3270 3280 3326 est,-
3331 3261 3468 3314 Sab-

1925 3353 2106 3407 batum
2136 3368 2356 3423 quoque
2381 3352 2490 3407 Deo
2529 3353 2768 3406 dicatum
2804 3350 2929 3414 fuit,
2973 3362 3031 3404 ut
3078 3351 3197 3419 ejus
3242 3347 3466 3403 medita-

1929 3445 2062 3498 tioni
2113 3453 2390 3507 vacarent,
2434 3445 2525 3512 qui
2589 3452 2758 3497 totum
2809 3443 2932 3496 vitae
2983 3453 3194 3509 tempus
3222 3438 3333 3494 Deo
3363 3454 3466 3492 non

1930 3535 2270 3604 impendunt,
2312 3550 2410 3589 nec
2437 3533 2667 3588 Domino
2698 3543 2954 3602 tanquam
2995 3533 3133 3602 patri
3175 3540 3290 3584 toto
3325 3529 3458 3583 desi-

1931 3623 2080 3677 derio
2113 3624 2393 3676 serviunt:
2429 3622 2524 3676 sed
2563 3622 2710 3675 velut
2760 3623 2955 3690 ingrati
3012 3621 3196 3682 servi,
3250 3633 3467 3686 parvam

1933 3715 2126 3768 saltem
2156 3729 2217 3766 ac
2251 3713 2598 3781 perexiguam
2652 3713 2772 3766 vitae
2801 3711 3119 3781 particulam
3160 3709 3234 3761 illi
3272 3709 3470 3776 imper-

1931 3805 2113 3866 tirent,
2172 3801 2334 3871 294
2374 3802 2535 3870 idque
2580 3816 2859 3870 pmnarum
2906 3811 2959 3855 et
3005 3799 3467 3868 objurgationum,

1932 3908 2050 3962 quae
2077 3891 2517 3961 praevaricatores
2539 3901 2778 3957 manent,
2810 3891 3038 3946 timore:
3076 3889 3197 3943 Non
3221 3889 3356 3942 enim
3389 3889 3471 3942 (ex

362 4057 407 4088 "
444 4055 650 4124 Geu.n,
685 4058 738 4112 2.
814 4062 854 4092 ⁸⁷
882 4063 1050 4115 Exod.
1083 4078 1196 4127 xm,
1231 4063 1465 4128 6;Num.
1495 4081 1580 4128 xv,
1603 4065 1688 4118 35.
1766 4067 1809 4097 ’⁸
1836 4064 1996 4136 Grcg.
2031 4065 2159 4118 Naz.
2189 4075 2324 4117 orat.
2358 4063 2444 4118 Η.
2522 4063 2564 4094 ’³
2603 4062 2754 4127 Deut.
2784 4079 2834 4127 ν,
2866 4063 2948 4116 Η.
3025 4062 3068 4092 ’θ
3092 4059 3250 4114 Prov.
3284 4060 3468 4122 v.10.

1527 4216 1757 4272 νΑΒΙιιΕ
1797 4219 2194 4276 LECTIONES.

341 4350 390 4432 ’~I
453 4349 537 4402 Al.
586 4350 710 4417 περὶ
754 4350 1034 4415 σαϐϐάτου,
1071 4353 1209 4406 κατὰ
1239 4354 1522 4409 Ἰουδαίων.

297 4436 428 4491 ρων.

1611 4359 1636 4396 ¹ί
1669 4357 1796 4414 Mss.
1832 4359 2055 4423 ἀδίκοις.

2172 4358 2287 4416 ¹1ιι
2327 4358 2644 4428 quibusdam
2704 4358 2790 4412 hic
2851 4356 3110 4426 repetitur
3172 4369 3270 4409 vox
3338 4356 3474 4426 ήμεη

1772 4519 2003 4575 NOTAE.

375 4628 448 4693 (5)
489 4629 769 4704 Ὅτε-μὲν
799 4631 943 4704 me
966 4631 1100 4684 Nam
1132 4649 1247 4704 eum
1279 4637 1360 4690 lea:
1410 4651 1508 4689 non
1543 4642 1696 4697 esset,
1729 4643 1836 4689 etc.
1873 4643 1914 4693 D
1941 4644 1994 4688 et
2016 4633 2270 4699 Sabbato,
2293 4645 2644 4704 praeterquam
2674 4634 2911 4704 Saooato
2945 4638 3153 4704 sancto,
3185 4626 3327 4704 quod
3353 4627 3474 4683 Ma-

298 4695 398 4776 tﬁs
432 4695 670 4776 concinit
705 4695 893 4776 auctor
914 4701 1173 4776 Synopsis
1195 4707 1488 4776 Scriptura:
1517 4703 1654 4776 inter
1676 4695 1836 4776 opera

297 4766 602 4828 Athanasii,
638 4767 690 4838 in
719 4766 973 4822 Exedunt.
1013 4766 1078 4821 At
1120 4766 1336 4827 Sabbati
1380 4771 1605 4828 feriandi
1631 4766 1836 4838 jussioc

299 4849 424 4904 nem
484 4848 593 4904 non
640 4835 848 4904 Moyses
891 4839 1156 4901 instituit,
1196 4845 1287 4894 sed
1325 4857 1352 4893 a
1401 4839 1587 4894 mundi
1616 4835 1838 4894 exordio

301 4903 466 4974 latam
501 4901 654 4968 (Gen.
695 4901 751 4964 η’,
777 4905 851 4973 5),
874 4915 925 4958 et
957 4909 1461 4974 peneoblitteratam
1497 4908 1836 4962 instauravit.

299 4969 460 5035 Quod
496 4969 872 5047 argumentum
898 4969 1050 5047 longa
1093 4977 1404 5032 inductione
1429 4976 1840 5047 pros_equi}i_be-

303 5047 408 5100 ret,
442 5039 640 5108 quippe
686 5043 827 5108 quod
865 5039 1092 5096 validum
1125 5047 1192 5100 sit
1227 5048 1288 5099 ad
1331 5039 1644 5100 ﬁrmandam
1682 5043 1839 5098 ﬁdem

301 5109 599 5179 creatioan
641 5111 894 5164 universi.
933 5115 996 5164 At
1019 5115 1299 5169 consulere
1336 5113 1583 5168 brevitati
1626 5112 1840 5179 iubeor.

305 5175 507 5229 Praeter
539 5176 866 5231 Dominicam
899 5180 1058 5240 diem.
1091 5181 1376 5237 Sabbatum
1403 5183 1564 5235 etiam
1605 5175 1844 5240 solemne

303 5245 686 5320 Orientalibus
709 5245 827 5320 fuit,
854 5248 1042 5320 imoet
1068 5249 1269 5305 Latinis
1292 5251 1579 5320 plerisque,
1609 5257 1828 5320 ut_nenv

308 5329 376 5383 pe
404 5313 648 5368 Mosaicae
676 5315 772 5382 legi
807 5331 910 5368 non
938 5317 1068 5369 nihil
1106 5313 1510 5379 concederetur,
1541 5333 1636 5372 nec
1668 5317 1839 5372 Judaei

308 5384 382 5436 ob
412 5392 619 5435 veteres
650 5386 784 5437 ritus
807 5386 1018 5451 penitus
1051 5387 1282 5445 abolitos
1315 5405 1343 5441 a
1382 5387 1683 5442 Christiana
1719 5388 1840 5440 reli-

310 5452 470 5534 gionc
512 5451 958 5534 deterrerentur“:
991 5457 1336 5534 quamobrem
1365 5471 1497 5534 can;
1539 5457 1605 5534 liii
1652 5457 1837 5534 Apost.

311 5521 595 5572 anathema
625 5519 824 5576 dicitur
865 5521 961 5588 illi,
995 5519 1085 5590 qui
1111 5524 1425 5588 ieiunaverit
1451 5523 1534 5577 die
1564 5519 1838 5577 Dominica

1942 4719 2101 4772 guunt
2128 4697 2340 4772 vocant.
2366 4697 2515 4772 Idem
2536 4703 2803 4772 sancitur,
2827 4702 2920 4772 lib.
2962 4699 3261 4772 vuLCeust.
3296 4697 3474 4772 Apost.

1944 4765 2061 4839 cap.
2093 4772 2181 4824 25.
2212 4771 2596 4839 Constantinus
2626 4770 2690 4823 M.
2725 4771 2910 4839 edidit,
2943 4785 3003 4820 ne
3035 4765 3480 4839 Christianis“.

1945 4833 2064 4892 bato
2086 4849 2134 4892 et
2163 4839 2246 4891 die
2275 4838 2542 4891 Dominica
2567 4839 2618 4890 in
2650 4838 2998 4889 vadimonium
3028 4835 3275 4888 venirent.
3299 4833 3486 4898 Quan—

1945 4921 2104 4974 quam
2154 4907 2506 4967 Laodicenus,
2548 4920 2754 4974 canone
2780 4906 2866 4968 20,
2920 4906 3098 4958 tideles
3141 4901 3390 4956 admonet
3420 4902 3479 4957 in

1945 4973 2201 5032 Sabbatis
2239 4978 2458 5028 omnino
2484 4973 2776 5028 vacandum
2816 4988 2920 5027 non
2951 4989 3091 5035 esse,
3131 4974 3224 5026 sed
3245 4984 3478 5039 cperan-

1948 5047 2071 5097 dum
2107 5063 2119 5098 :
2173 5044 2218 5098 si
2251 5044 2464 5098 libuerit
2500 5052 2710 5102 vacent.
2747 5043 2839 5095 sed
2879 5057 2986 5094 non
3032 5056 3181 5094 more
3231 5038 3475 5094 Iudaico.

1950 5111 2130 5166 Romae
2176 5129 2300 5166 vero
2335 5113 2501 5166 certis
2550 5114 2615 5166 de
2669 5113 2848 5166 causis
2885 5110 3232 5178 jejunabatur
3249 5125 3285 5178 _:
3315 5123 3479 5178 quem

1946 5181 2108 5235 etiam
2134 5196 2336 5234 morem
2367 5183 2420 5234 in
2450 5180 2624 5249 Cypro
2647 5175 3120 5249 viguissc'collign
3139 5193 3201 5230 ex
3235 5175 3481 5249 Epipha-

1946 5251 2059 5313 nio,
2088 5252 2177 5318 qui
2207 5251 2259 5302 in
2284 5247 2626 5317 Expositione
2659 5249 2800 5318 lidei,
2821 5267 2873 5300 ιι.
2893 5247 2981 5318 ‘22,
3011 5248 3121 5318 ΙιοδΔ
3141 5247 3478 5318 potissimum

1946 5312 2242 5388 synax'ibns
2269 5312 2526 5371 habendis
2557 5312 3254 5388 praestitutosdiesrct'erat,
3289 5312 3477 5388 feriam

1949 5383 2281 5448 secundam,
2334 5383 2612 5453 quartam,
2659 5393 2862 5437 sextam
2920 5393 2974 5437 ct
3029 5383 3482 5449 Dominicam;al

1950 5455 2225 5510 Dominica
2265 5457 2375 5509 sola
2407 5455 2612 5523 jejunio
2639 5453 2883 5506 interdici

2851 5693 2878 5709 ρ
