3960 6198
415 297 548 361 1205

1481 299 1576 355 DE
1611 299 1784 356 FIDE
1823 299 2277 357 ORTHODOXA
2317 302 2462 358 LIB.
2507 303 2570 358 ιν

3465 303 3604 371 1206

397 417 588 474 νόμος,
622 405 711 457 καὶ
734 406 782 456 al
806 405 989 456 τοῦτον
1013 407 1393 472 φυλάσσοντες,
1417 405 1702 476 ὑπέρτεροι
1723 407 1814 458 τοῦ
1839 408 1958 458 Μω-

2067 406 2159 467 cit,
2200 423 2384 474 quam,
2410 409 2500 475 qui
2533 407 2869 468 custodiunt,
2897 408 3127 462 Mosaica
3159 411 3274 480 lege
3301 414 3605 480 superiores

399 495 598 548 σαῖκοῦ
626 497 792 562 νόμου
818 495 1121 559 γεγόνασιν.
1165 495 1436 557 Ἐλθόντος
1472 496 1579 564 γὰρ
1610 497 1702 547 τοῦ
1731 496 1955 557 τελείου,

391 584 462 637 τὸ
492 586 556 636 ὲκ
587 582 786 653 μέρους
825 584 1194 652 κατήργηται,
1231 583 1324 635 καὶ
1365 583 1456 634 τοῦ
1491 583 1842 652 καλύμματος
1866 582 1959 634 τοῦ

393 674 592 741 νόμου,
621 674 736 741 ἦτοι
761 671 854 724 τοῦ
885 675 1373 741 καταπετάσματος
1401 673 1488 726 διὰ
1530 675 1628 741 τῆς
1653 673 1745 726 τοῦ
1777 674 1960 741 Σωτῆ-

396 778 498 830 ρος
546 759 931 830 διαρραγέντος
980 760 1351 830 σταυρώσεως,
1387 761 1480 812 καὶ
1525 761 1616 813 τοῦ
1648 760 1959 828 Πνεύματος

397 863 436 898 π
448 849 654 920 υρίναις
669 847 940 914 γλώσσαις
957 848 1347 918 ἐκλάμψαντος,
1366 851 1426 903 τὸ
1439 851 1668 919 γράμμα
1686 851 1961 921 κατήργη-

391 955 510 998 ται.
535 938 602 990 τὰ
621 939 904 1007 σωματικὰ
931 939 1224 1006 πέπαυται,
1253 941 1344 994 καὶ
1368 943 1506 1010 ὁτῆς
1531 941 1772 1002 δουλείας
1800 943 1960 1011 νόμος

405 1027 784 1096 πεπλήρωται,
817 1028 910 1080 καὶ
937 1029 1098 1096 νόμος
1143 1029 1455 1098 ἐλευθερίας
1482 1033 1612 1098 ἡμῖν
1642 1030 1954 1099 δεδώρηται.

406 1116 512 1169 Καὶ
543 1117 873 1187 ἑορτάζομεν
900 1118 1000 1186 τὴν
1026 1119 1234 1172 τελείαν
1264 1120 1358 1190 τῆς
1379 1120 1723 1190 ἀνθρωπίνης
1751 1120 1960 1187 φύσεως

409 1206 750 1260 κατάπαυσιν
772 1225 786 1238 σ
820 1210 963 1278 φημὶ
991 1209 1048 1261 δὲ
1081 1208 1179 1272 τὴν
1205 1209 1302 1277 τῆς
1332 1210 1679 1268 ἀναστάσεως
1731 1210 1961 1281 ἡμέραν,

407 1298 464 1348 ἐν
557 1298 700 1366 ἡμᾶς
729 1299 758 1348 6
783 1296 983 1366 Κύριος
1025 1299 1248 1367 Ἰησοῦς,
1271 1301 1298 1350 6
1320 1300 1415 1367 τῆς
1435 1298 1580 1367 ζωῆς
1605 1298 1845 1369 ἀρχηγὸς
1869 1299 1962 1349 καὶ

409 1386 620 1454 Σωτὴρ,
657 1389 735 1449 εἰς
763 1387 859 1457 τὴν
887 1388 1300 1458 ἐπηγγελμένην
1333 1391 1439 1448 τοῖς
1475 1387 1852 1455 πνευματικῶς
1885 1385 1962 1455 τῷ

409 1476 527 1545 θεῴ
554 1477 874 1547 λατρεύουσι
901 1478 1228 1548 κληρουχίαν
1272 1479 1674 1547 εἰσήγαγεν,είς
1707 1477 1772 1546 ἢν
1801 1479 1960 1540 αὐτὸς

409 1568 708 1637 πρόδρομος
743 1569 896 1636 ἡμῶν
930 1569 1195 1638 εἰσῆλθεν,
1231 1570 1466 1631 ἀναστὰς
1502 1571 1566 1620 ὲκ
1602 1569 1832 1637 νεκρῶν,
1867 1570 1960 1621 καὶ

403 1657 728 1722 ἁνοιγέντων
776 1657 920 1727 αὐτῷ
942 1659 1053 1710 τῶν
1088 1659 1350 1725 οὐρανίων
1389 1658 1589 1720 πυλῶν,
1614 1660 1670 1710 ὲν
1697 1659 1847 1730 δεξιᾷ
1869 1659 1958 1711 τοῦ

407 1748 618 1816 Πατρὸς
645 1749 900 1800 κεκάθικε
941 1749 1285 1818 σωματικῶς,
1313 1749 1440 1802 ἔνθα
1474 1752 1565 1802 καὶ
1595 1751 1642 1802 oi
1672 1751 1762 1803 τὸν
1797 1767 1956 1802 πνευ-

407 1836 634 1905 ματικὸν
664 1836 953 1906 τηροῦντες
977 1837 1139 1904 νόμον
1167 1837 1582 1893 εἰσελεύσονται.

484 1926 647 1994 Ἡμῖν
676 1927 854 1978 τοίνυν
886 1931 995 1989 τοῖς
1028 1927 1101 1996 τῷ
1137 1927 1406 1997 πνεύματι
1449 1927 1743 1996 στοιχοῦσι,
1779 1929 1870 1980 καὶ
1899 1930 1957 1980 οὐ

401 2015 480 2084 τῷ
515 2017 821 2083 γράμματι,
854 2018 1000 2070 πᾶσα
1034 2019 1065 2085 ἡ
1103 2017 1211 2070 τῶν
1257 2018 1537 2085 σαρκικῶν
1579 2020 1724 2070 ἐστιν
1762 2019 1961 2073 ἀπόθε-

406 2123 510 2167 σις,
538 2105 626 2156 καὶ
659 2107 690 2173 ἡ
718 2107 1056 2176 πνευματικὴ
1093 2108 1334 2179 λατρεία,
1367 2111 1457 2162 καὶ
1477 2113 1509 2178 ἡ
1533 2110 1664 2180 πρὸς
1689 2112 1818 2164 Θεὸν
1840 2129 1960 2165 συν-

405 2194 886 2266 άφειαῐιεριτομὴ
936 2195 1034 2263 μὲν
1065 2197 1173 2264 γάρ
1225 2200 1370 2250 ἐστιν
1427 2200 1458 2268 ἡ
1508 2199 1602 2268 τῆς
1648 2202 1962 2270 σωματικῆς

403 2284 615 2352 ἡδονῆς,
648 2285 738 2336 καὶ
764 2285 870 2336 τῶν
899 2288 1188 2354 περιττῶν,
1219 2289 1313 2340 καὶ
1356 2290 1454 2341 οὑκ
1483 2289 1792 2357 ἀναγκαίων
1825 2293 1960 2344 ἀπὸ·

403 2373 570 2434 Οεσις,
617 2373 968 2443 ’Λκροόυστία
999 2377 1106 2446 γὰρ
1141 2389 1166 2426 P
1193 2379 1345 2431 οὐδὲν
1377 2379 1562 2449 ’έτερόν
1607 2382 1776 2441 ἐστιν,
1812 2383 1859 2433 εἰ
1886 2382 1960 2452 μὴ

400 2463 596 2530 δέρμα,
626 2465 868 2533 ἡδονικοῦ
898 2468 1085 2536 μορίου
1135 2467 1470 2538 περίττωμα.
1514 2471 1665 2522 Πᾶσα
1707 2471 1762 2523 δὲ
1800 2473 1960 2540 ἡδονὴ

404 2555 481 2621 μὴ
515 2554 574 2603 ἐκ
600 2553 730 2605 Θεοῦ
759 2555 850 2606 καὶ
873 2557 929 2607 ἐν
959 2555 1074 2625 Θεῷ
1107 2558 1363 2626 γινομένη
1409 2559 1730 2634 περίττωμα
1770 2561 1960 2631 ἡδονῆς

400 2643 547 2693 ἐστιν
566 2659 578 2672 ο
706 2644 870 2707 τύπος
895 2647 925 2714 ἡ
951 2647 1297 2717 ἀκροϐυστία,
1322 2650 1594 2702 Σάϐϐατον
1618 2652 1694 2713 δὲ,
1720 2655 1753 2720 ἡ
1777 2655 1838 2704 ὲκ
1860 2652 1960 2721 τῆς

403 2733 677 2802 ἁμαρτίας
742 2738 1101 2801 κατάπαυσις.
1144 2741 1300 2792 Ὥστε
1346 2743 1628 2812 ἀμφότερα
1664 2742 1721 2793 ἓν
1758 2745 1960 2812 τυγχά-

403 2842 555 2876 νουσι
583 2837 632 2892 (1,
667 2828 755 2879 καὶ
779 2827 948 2892 οὕτως
975 2831 1261 2901 ἀμφότερα
1296 2833 1412 2902 ἅμα
1461 2834 1563 2885 ὑπὸ
1592 2835 1700 2886 τῶν
1723 2853 1962 2904 πνευμα-

399 2915 912 2990 τικῶν-τελούμενα,
965 2921 1082 2973 οὐδὲ
1138 2923 1235 2992 τὴν
1297 2923 1568 2992 τυχοῦσαν
1613 2926 1960 2995 παρανομίαν

401 3004 747 3073 ἐργάζονται.

473 3267 592 3320 Ἔτι
645 3269 702 3320 δὲ
759 3273 932 3324 ἰστέον
984 3275 1062 3326 ὅτι
1108 3279 1135 3327 6
1193 3278 1330 3331 ἑπτὰ
1384 3280 1614 3350 ἀριθμὸς
1641 3283 1816 3335 πάντα
1870 3283 1961 3339 τὸν

399 3357 643 3426 παρόντα
671 3361 858 3428 χρόνον
880 3363 1048 3431 δηλοῖ,
1083 3368 1157 3428 ὦς
1196 3385 1357 3438 φησιν
1390 3371 1418 3421 6
1459 3371 1769 3437 σοφώτατος
1803 3372 1959 3426 Σολο-

405 3449 542 3516 μῶν,
571 3449 780 3503 δοῦναι
804 3454 1010 3520 μερίδα
1051 3457 1174 3522 τοῖς
1215 3459 1382 3525 ἑπτὰ,
1423 3462 1523 3513 καί
1553 3479 1619 3530 γε
1643 3463 1763 3529 τοῖς
1787 3465 1955 3517 ὀκτώ.

398 3539 508 3591 Καὶ
533 3543 560 3591 6
595 3539 856 3611 θεηγόρος
889 3546 1052 3598 Δαΰὶδ
1080 3548 1209 3617 περὶ
1237 3549 1334 3618 τῆς
1367 3550 1556 3621 ὀγδόης
1574 3551 1807 3620 ψάλλων,
1831 3556 1956 3623 περὶ

399 3627 496 3694 τῆς
534 3629 830 3699 μελλούσης
868 3634 1004 3700 μετὰ
1026 3635 1125 3703 τὴν
1155 3636 1219 3688 ἐκ
1244 3638 1454 3708 νεκρῶν
1474 3639 1766 3694 ἀνάστασιν
1788 3657 1954 3694 κατα-

401 3717 644 3780 στάσεως
699 3720 918 3788 temne.
972 3723 1080 3793 Τὴν
1117 3725 1352 3797 ἑϐδόμην
1375 3724 1469 3781 οῦν
1495 3731 1728 3800 ἡμέραν,
1759 3733 1956 3802 ἀργίαν

401 3805 500 3872 μὲν
531 3805 684 3871 ἄγειν
707 3808 771 3860 ἐκ
798 3810 909 3863 τῶν
937 3815 1281 3882 σωματικῶν,
1308 3820 1420 3880 τοῖς
1473 3820 1530 3872 δὲ
1569 3827 1956 3890 πνευματικοῖς

398 3898 804 3965 ὲνασχο).εῖσθαι
840 3903 1196 3970 προστάσσων
1217 3907 1244 3957 6
1266 3906 1448 3976 νόμος,
1482 3911 1756 3978 μυστικῶς
1777 3914 1954 3965 πάντα

343 4033 346 4036 .
396 3985 488 4037 τὸν
535 3989 724 4057 χρόνον
780 3992 858 4058 τῷ
912 3993 1150 4064 ἀληθινῷ
1192 3995 1424 4066 Ἰσραὴλ,
1457 4001 1549 4051 καὶ
1593 4001 1718 4053 νοῦν
1746 4002 1955 4073 ὁρῶντα

395 4075 528 4128 Θεὸν
554 4078 750 4146 ἔχοντι,
800 4083 1063 4152 ὑπέφηνε,
1119 4085 1197 4153 τῷ
1245 4087 1365 4156 Θεῷ
1400 4090 1593 4140 ἑαυτὸν
1637 4091 1952 4158 προσάγειν,

397 4169 490 4219 καὶ
525 4168 776 4238 ὑπεράνω
799 4171 908 4224 τῶν
949 4177 1275 4244 σωματικῶν
1304 4179 1545 4238 γίνεσθαι
1578 4190 1621 4232 τ.

889 4434 1135 4488 κεψιιιι.
1175 4433 1271 4488 κε’
1299 4437 1456 4509 [ιλιι.

922 4525 1061 4591 Περὶ
1083 4529 1419 4593 παρθενίας.

471 4610 799 4673 Κακίζουσιν
845 4615 892 4664 οἱ
932 4617 1184 4684 σαρκωιώ⁵
1236 4617 1336 4685 τὴν
1383 4621 1696 4689 παρθενίαν,
1753 4626 1846 4676 καὶ
1878 4629 1954 4690 εἰς

402 4701 704 4767 μαρτυρίαν
757 4702 1146 4769 προϐάλλονται
1188 4709 1235 4759 οἱ
1279 4709 1546 4778 φιλήδονοι
1582 4713 1674 4765 τόο
1735 4716 1958 4771 Ἐπικα-

400 4790 646 4855 τάρατος
670 4791 785 4857 πᾶς
809 4793 1006 4860 ὂςοὺκ
1029 4797 1234 4864 ἐγείρει
1261 4801 1494 4870 σπέρμα
1515 4804 1584 4856 ἐν
1596 4805 1678 4870 τῷ
1709 4808 1961 4875 Ἰσραήλ.

411 4881 601 4948 Ἡμεῖς
627 4882 682 4934 δέ
725 4901 922 4952 φαμεν,
963 4885 1038 4954 τῷ
1064 4889 1126 4938 ὲκ
1157 4889 1433 4958 Παρθένου
1487 4897 1818 4964 σαρκωθέντι
1847 4901 1964 4970 Θεῷ

409 4973 566 5050 Λςὶγῳ
592 4973 987 5043 Θαρρήσαντες,
1018 4979 1089 5040 ὡς
1136 4983 1168 5049 ἡ
1207 4983 1472 5067 παρθενία
1523 4988 1747 5053 ἄνωθεν,
1783 4993 1876 5044 καὶ
1904 4992 1962 5057 ἐξ

399 5064 573 5131 ἀρχῆς
604 5068 934 5139 ἐνεφυτεύοη
975 5079 998 5106 ⁸
1033 5077 1098 5142 τῇ
1133 5075 1289 5140 φύσει
1318 5064 1437 5130 ’τῶν
1489 5079 1810 5150 ἀνθρώπων.
1867 5087 1960 5139 Ἐκ

473 5205 519 5274 ἕ¹¹
558 5207 572 5258 Ι
612 5207 740 5262 Cor.
777 5225 895 5274 xm,
937 5212 1022 5265 10.
1134 5213 1179 5245 ⁴⁶
1207 5215 1399 5269 Athan.
1435 5217 1539 5271 loc.
1568 5219 1662 5269 cit.

405 5252 451 5282 ιο

1768 5220 1811 5250 ⁸⁷
1836 5222 2029 5278 Athan.
2082 5225 2178 5280 cit.

479 5273 623 5329 Psal.
698 5294 770 5339 vr,
799 5273 888 5334 ll.
958 5282 998 5311 "
1067 5282 1196 5336 Vide
1227 5283 1316 5337 lib.
1344 5301 1401 5348 ιι,
1427 5301 1475 5338 c.
1503 5287 1590 5340 30.
1672 5289 1715 5318 ⁵³
1757 5273 2161 5358 Dentis—sviti):

2061 497 2357 549 exsistunt.
2383 497 2538 559 Nam,
2578 513 2642 548 ex
2674 511 2783 564 quo
2819 499 2965 550 venit
3000 501 3145 567 quod
3178 502 3471 568 perfectum
3501 517 3603 568 ρει,

2059 594 2382 638 evacuatum
2415 595 2498 640 est
2528 586 2670 654 quod
2705 601 2767 639 ex
2801 593 2954 653 parte
2977 595 3099 638 erat
3121 587 3200 653 ";
3229 605 3291 642 ac
3315 593 3490 644 scisso
3513 608 3605 662 per

2063 675 2369 728 Salvatoris
2402 691 2622 728 crucem
2665 683 2978 743 legumento
3011 675 3172 744 295
3200 677 3314 732 slve
3363 681 3482 733 velo
3529 683 3604 736 le-

2059 766 2166 830 pis,
2201 774 2502 833 sanctoque
2536 765 2739 830 Spiritu
2774 763 2947 831 igneis
2988 763 3186 832 linguis
3226 766 3600 832 illucescente,

2063 855 2242 908 littera
2275 853 2566 918 obsolevit,
2603 853 2912 921 corporalia
2957 859 3266 918 cessarunt,
3293 861 3346 907 et
3389 855 3608 924 impleta

2061 945 2175 1012 lege
2202 945 2504 1006 servitutis,
2538 943 2625 996 lex
2657 941 2933 998 libertatis
2969 942 3132 996 nobis
3150 943 3348 996 donata
3374 954 3476 996 est.
3513 945 3604 996 At-

2060 1050 2166 1102 que
2190 1034 2235 1064 ⁸⁶
2267 1032 2564 1100 perfectam
2592 1032 2843 1087 humanae
2868 1039 3082 1087 natura:
3107 1033 3351 1102 requiem
3375 1033 3608 1087 celebra-

2061 1140 2204 1187 mus,
2239 1125 2341 1178 ltoc
2373 1131 2460 1178 est
2487 1123 2912 1179 resurrectionis
2943 1123 3110 1187 diem,
3133 1122 3188 1176 in
3217 1136 3328 1191 qua
3353 1122 3610 1177 Dominus

2059 1213 2238 1276 Iesus,
2274 1215 2397 1268 vitae
2425 1222 2616 1269 auctor
2643 1223 2698 1267 et
2732 1212 3003 1276 Salvator,
3048 1228 3148 1268 nos
3175 1213 3242 1267 ad
3286 1213 3608 1281 promissam

2062 1304 2170 1357 illis
2193 1303 2286 1371 qui
2329 1304 2597 1371 spirituali
2633 1303 2782 1357 cultu
2813 1303 2923 1358 Deo
2945 1303 3215 1369 serviunt,
3240 1303 3609 1358 hereditatem

2062 1394 2392 1458 introduxit;
2418 1394 2470 1446 in
2495 1410 2654 1463 quam
2681 1395 2935 1448 nimirum
2960 1394 3076 1463 ipse
3100 1409 3406 1463 praecursor
3427 1402 3612 1450 noster

2062 1483 2344 1553 ingressus
2378 1491 2483 1545 est,
2522 1491 2811 1552 postquam
2840 1500 2870 1538 a
2910 1492 3086 1539 morte
3116 1483 3180 1538 ad
3215 1485 3378 1537 vitam
3427 1484 3610 1546 rediit,

2062 1581 2117 1628 et
2149 1575 2412 1628 reseratis
2444 1573 2844 1642 patefactisque
2874 1573 2979 1628 sibi
3023 1573 3145 1627 cceli
3183 1572 3388 1641 januis,
3430 1574 3483 1625 in
3514 1571 3612 1624 Pa-

2065 1665 2164 1717 tris
2197 1664 2420 1717 dcxtera
2469 1662 2768 1716 secundum
2818 1677 3020 1732 corpus
3073 1664 3344 1728 consedit,
3393 1677 3501 1729 quo
3535 1662 3611 1714 illi

2061 1754 2226 1808 etiam
2279 1752 2370 1820 qui
2423 1753 2526 1820 legi
2569 1751 2807 1821 Spiritus
2855 1766 3060 1805 morem
3107 1758 3324 1821 gerunt,
3356 1751 3612 1818 deinceps

2063 1851 2190 1896 sunt
2218 1842 2516 1895 introituri.

2131 1932 2475 1986 Circumcisio
2523 1948 2584 1983 ac
2641 1930 2930 1984 Sabbalnm
2974 1947 3132 1982 unum
3164 1931 3287 1998 quid
3319 1946 3471 1982 sensu
3500 1946 3611 1997 mg‘

2061 2024 2210 2078 stico.
2238 2053 2304 2062 —
2332 2022 2597 2088 Quocirca
2639 2023 2705 2076 ad
2755 2036 2857 2077 nos
2878 2021 2946 2085 ⁸⁷,
2978 2023 3069 2090 qui
3126 2023 3347 2090 spiritu,
3388 2037 3451 2075 ae
3505 2035 3612 2072 non

2061 2110 2239 2165 littera
2267 2109 2595 2175 incedimus,
2623 2112 2803 2165 omnis
2835 2111 3138 2164 carnalium
3169 2126 3348 2163 rerum
3379 2110 3614 2178 abjectio

2062 2208 2294 2269 spectat,
2337 2201 2624 2270 cultusque
2659 2201 2985 2270 spiritualis,
3014 2208 3066 2256 et
3091 2200 3214 2253 cum
3239 2199 3347 2253 Deo
3383 2199 3614 2269 conjun-

2060 2289 2190 2343 ctio.
2243 2288 2604 2343 Cireunieisio
2665 2290 2902 2358 quippe,
2975 2305 3254 2359 corporeae
3317 2289 3614 2358 voluptatis

2060 2393 2354 2446 rerumque
2385 2379 2781 2448 superﬂuarum
2814 2394 2877 2433 ac
2909 2379 3135 2434 tninime
3183 2380 3614 2433 necessariarum

2060 2474 2145 2520 est
2166 2467 2420 2534 abjeetio.
2457 2467 2792 2538 Praiputium
2830 2483 2960 2522 vero
2988 2469 3123 2522 nihil
3164 2467 3312 2521 aliud
3358 2477 3464 2530 est,
3502 2467 3612 2520 nisi

2063 2556 2330 2626 superﬂua
2373 2559 2516 2612 cutis
2549 2560 2781 2614 membri
2813 2560 2960 2615 illius
2993 2561 3046 2613 in
3082 2575 3192 2629 quo
3227 2559 3396 2612 libido
3415 2559 3613 2612 cietur.

2061 2649 2250 2702 Omnis
2279 2663 2444 2718 porro
2471 2650 2744 2720 voluptas,
2771 2665 2890 2720 quae
2916 2667 3018 2706 nec
3041 2666 3106 2707 ex
3136 2651 3266 2711 Deo,
3293 2664 3392 2703 nec
3419 2650 3472 2701 in
3507 2649 3617 2702 Deo

2061 2738 2292 2806 capitur,
2317 2739 2612 2809 voluptatis
2634 2749 2718 2794 est
2740 2741 3014 2811 superﬂua
3036 2742 3236 2810 portio,
3255 2739 3414 2808 cujus
3441 2743 3608 2808 ligura

2062 2829 2380 2898 prmputium
2409 2837 2538 2883 est:
2597 2831 2898 2886 Sabbatum
2955 2843 3132 2886 autem
3197 2838 3280 2884 est
3326 2831 3543 2898 requies
3585 2846 3616 2883 a

2062 2927 2310 2986 peccato.
2340 2919 2708 2983 Quamobrem
2735 2922 2845 2975 duo
2866 2923 2982 2975 inec
3007 2937 3176 2975 unum
3211 2937 3438 2990 prorsus
3466 2930 3616 2980 sunt,

2062 3013 2228 3074 atque
2259 3008 2333 3059 ita
2362 3009 2523 3061 ambo
2553 3009 2736 3071 simul,
2767 3010 2814 3063 si
2845 3011 2915 3063 ab
2946 3011 3011 3062 iis
3063 3009 3156 3078 qui
3200 3011 3396 3078 spiritu
3425 3019 3613 3079 agunt,

2062 3095 2447 3161 observentur,
2496 3112 2564 3152 ne
2599 3099 2881 3152 minimam
2921 3100 3140 3169 quidem
3191 3099 3380 3171 ﬂagitii
3431 3108 3617 3154 notam

2062 3195 2268 3242 creant.

2134 3278 2358 3334 Numeri
2420 3281 2704 3348 septenarii
2761 3283 3167 3336 commendatio.
3203 3282 3430 3347 ——Quin
3483 3284 3616 3337 illud

2059 3387 2274 3441 quoque
2297 3372 2593 3427 notandum
2612 3383 2694 3429 est
2713 3375 2777 3440 “,
2801 3375 3108 3444 septenario
3135 3389 3363 3428 numero
3383 3390 3615 3441 praiseus

2061 3479 2222 3517 omne
2255 3472 2470 3532 tempus
2509 3465 2821 3534 designari,
2881 3466 3039 3535 juxta
3073 3475 3236 3536 atque
3274 3467 3614 3536 sapientissi-

2059 3571 2183 3610 mus
2227 3553 2486 3610 Salomon
2547 3557 2708 3622 dixit,
2763 3559 2892 3612 dare
2952 3569 3156 3628 partem
3189 3571 3405 3628 septem,
3450 3571 3615 3630 atque

2056 3650 2215 3701 etiam
2279 3649 2478 3702 octo“.
2523 3648 2588 3700 Et
2644 3649 3022 3719 diviniloquus
3067 3652 3236 3707 David
3262 3653 3326 3717 '°,
3375 3668 3500 3706 cum
3549 3653 3614 3705 de

2057 3745 2250 3791 octava
2283 3739 2550 3807 psalmum
2580 3740 2786 3803 ederet,
2825 3741 2894 3794 de
2951 3741 3136 3794 futura
3196 3753 3316 3811 post
3368 3758 3614 3795 resurre-

2019 3829 2289 3888 _ctionem
2339 3830 2738 3883 instauratione
2785 3845 2968 3883 rerum
3012 3833 3264 3886 canebat.
3324 3832 3611 3897 Quocirca,

2056 3917 2499 3986 quandoquidem
2537 3920 2618 3970 lex
2655 3918 2742 3978 die
2773 3919 3008 3987 septimo
3055 3935 3084 3971 a
3136 3919 3416 3988 corporeis
3455 3923 3614 3972 rebus

2055 4022 2274 4061 cessare
2310 4007 2676 4076 prmeipiebat,
2717 4017 2771 4061 et
2821 4008 3202 4079 spiritualibus
3235 4023 3452 4072 vacare,
3485 4025 3614 4062 vero

2056 4097 2334 4162 Israelita),
2361 4113 2534 4165 caque
2565 4105 2745 4151 mente
2787 4099 3008 4167 prmdito
3052 4092 3171 4168 quae
3207 4098 3375 4153 Deum
3411 4100 3608 4162 videat,

2055 4201 2255 4239 arcana
2291 4187 2502 4240 ratione
2530 4188 2634 4242 hoc
2675 4188 3081 4252 subindieabat,
3127 4205 3403 4259 nunquam
3428 4189 3480 4243 id
3506 4204 3611 4242 non

2059 4277 2326 4346 agendum
2357 4293 2498 4340 esse,
2529 4287 2585 4331 ut
2614 4295 2734 4334 sese
2790 4278 2899 4334 Deo
2957 4279 3171 4347 oﬂerat,
3221 4288 3276 4334 et
3317 4295 3480 4349 supra
3527 4294 3613 4333 res

1983 4371 2029 4429 ι)
2057 4381 2351 4436 corporeas
2385 4379 2658 4423 assumat.

2649 4460 2802 4513 CAP.
2837 4458 3028 4514 XXIV.

2622 4549 2695 4603 De
2720 4551 3034 4619 virginitate.
3125 4567 3142 4574 ”

2143 4635 2480 4704 Virginitatis
2511 4637 2767 4706 defensio.
2815 4639 3101 4707 l’irgiuitas
3123 4640 3320 4692 nomini
3353 4655 3526 4693 cetera
3552 4654 3615 4692 ac

2063 4726 2238 4792 vigens
2273 4727 2328 4777 in
2352 4727 2624 4782 paradiso.
2667 4726 3070 4782 Matrimonium
3113 4732 3383 4784 occasione
3416 4730 3612 4797 peccati

2061 4814 2351 4869 inductum.
2375 4845 2444 4857 —
2464 4816 2847 4887 Virginitatem
2867 4821 2911 4852 ⁵¹
2939 4821 3186 4875 carnales
3219 4821 3468 4876 homines
3495 4821 3609 4874 cul-
3693 4882 3699 4889 η

2061 4910 2213 4971 pant,
2249 4913 2303 4956 et
2336 4906 2428 4972 qui
2485 4906 2749 4974 voluptati
2799 4907 3103 4977 indulgent,
3150 4910 3446 4964 testimonii
3495 4909 3612 4962 loco

2061 4993 2273 5048 dictqu
2310 4995 2412 5047 hoc
2449 4995 2796 5050 obtendunt:
2833 4997 3149 5053 Maledicta:
3188 5003 3357 5054 omnis
3396 5001 3485 5069 qui
3509 5015 3609 5052 non

2061 5085 2282 5137 suscitat
2307 5102 2475 5139 semen
2501 5088 2555 5138 in
2583 5085 2821 5140 Israel"
2848 5106 2862 5156 ;
2891 5105 2990 5144 nos
3022 5106 3148 5146 vero
3189 5091 3282 5145 Dei
3316 5091 3474 5145 Verbi
3519 5090 3608 5160 qui

2285 5228 2329 5259 ⁵⁸
2358 5227 2516 5297 Greg.
2579 5228 2708 5285 Naz.
2751 5239 2888 5288 orat.
2922 5231 3008 5285 42.
3117 5232 3160 5264 δ’
3191 5231 3350 5288 Eccle
3425 5248 3500 5298 XI,
3549 5229 3605 5283 2.

1679 5413 1901 5470 VAlllJi
1935 5420 2332 5476 LECTIONES.

474 5523 500 5600 ξ’
533 5517 682 5600 ΕιΙὶιει
708 5528 759 5600 et
1028 5533 1088 5600 ,ει
1123 5525 1358 5600 Quidam
1384 5529 1602 5584 codices
1634 5534 1904 5600 τυγχάνει.

1984 5546 2004 5572 τ
2038 5535 2100 5607 ll.
2135 5539 2276 5592 2528
2300 5539 2567 5607 γενέσθαι,
2619 5541 2841 5598 additur
2871 5545 2927 5600 in
2957 5544 3110 5601 Colla.
3155 5544 3292 5600 4780
3318 5552 3368 5600 et
3404 5542 3460 5598 S.
3494 5539 3601 5598 Hil‘.

401 5587 492 5635 δείεῖ
529 5586 686 5676 ψει-π
731 5590 859 5658 ἡμῖν
904 5586 1206 5661 ἐλευθερίας
1245 5593 1553 5666 δεδώρηάι.
1633 5613 1649 5636 ε
1684 5586 1832 5654 ιέτῖιιςι
1864 5586 1908 5654 (λι
1946 5607 1999 5657 S.
2043 5586 2462 5677 Ιιίιῗέξοῦτὲῗόῦτξ.
