3960 6198
200 318 217 331 _
310 257 444 318 ι2υυ

1309 258 1408 321 DE
1438 260 1614 320 FIDE
1650 260 2107 321 ORTHODOXA
2138 262 2165 321 Ι
2190 261 2281 320 lB.
2308 256 2383 321 1V

3388 263 3536 328 1210

309 367 432 437 ῐσην
450 368 652 436 ἀρετὴν
696 367 1099 439 ἐπιδειξάμενος
1148 373 1206 424 ἐν
1238 371 1538 443 διαπλασίῳ
1576 373 1673 443 τὴν
1710 373 1868 443 χάριν

1999 372 2161 428 livisit
2188 371 2277 424 “1’
2315 372 2510 427 Nonne
2545 371 2699 441 virgo
2727 371 2920 425 Elius?
2949 372 3144 428 Annon
3184 370 3415 430 Elisazus
3438 375 3531 430 di—

305 457 399 511 τοῦ
422 457 736 527 Πνεῦματος
758 460 1009 528 αἰτήσας,
1032 461 1437 532 ἐκληρονόμησε
1460 480 1474 528 ;
1498 463 1632 518 Τίζδὲ
1656 464 1703 517 ot
1723 466 1869 534 τρεῖς

1999 464 2217 533 cipulus
2250 462 2398 533 ejus,
2437 477 2559 516 etim
2596 461 2743 531 paris
2776 461 2996 516 virtutis
3032 464 3307 531 specimen
3343 464 3534 521 dedis-

308 550 495 611 παῖδες
526 565 541 614 ;
570 549 645 601 Οὐ
678 549 976 620 παρθενίαν
1006 552 1348 622 ἀσκήσαντες
1393 555 1563 622 πυρὸς
1588 554 1870 621 κρείττους

303 641 587 707 γεγόνασι,
617 640 704 695 διὰ
728 644 825 711 τῆς
852 642 1147 712 παρθενίας
1202 644 1312 698 τῶν
1359 646 1626 711 σωμάτων
1657 644 1870 698 ἀναλώ-

305 748 419 784 των
447 730 527 800 τῷ
555 733 688 801 πυρὶ
708 733 1041 799 γεγονότωνς
1075 734 1151 786 Οὐ
1170 735 1391 804 Δανιὴλ,
1418 729 1479 789 οὗ
1512 734 1589 806 τῷ
1615 734 1823 805 σώματι
1845 748 1871 775 ι

1965 562 2067 618 set,
2132 553 2373 624 Spiritus
2421 554 2681 624 gratiam,
2736 568 2899 622 quam
2958 553 3229 621 duplicem
3280 556 3532 624 petierat,

1964 652 2296 700 consecutus
2326 645 2490 699 fuit"
2512 646 2535 697 ?
2559 644 2700 711 Quid
2728 656 2839 699 tres
2895 645 3096 715 pueri?
3154 644 3375 705 Nonne.
3407 662 3531 700 eum

1966 736 2346 805 virginitatem
2370 737 2704 801 coluissent,
2727 737 2908 807 ignem
2931 746 3287 804 superarunt,
3310 735 3411 789 hoc
3440 751 3538 804 per

306 825 373 893 τῇ
414 822 682 893 παρθενίᾳ
725 824 1055 894 στομωθέντι
1101 826 1283 896 θηρῶν
1317 827 1528 890 ὀδόντες
1561 827 1873 898 ὲμπαρῆναι

1999 827 2343 896 ‘irginitatem
2412 827 2616 896 adepti,
2684 832 2743 879 ut
2810 827 3051 896 ipsorum
3117 840 3347 894 corpora
3414 826 3544 894 igne

305 914 407 966 οὐκ
437 915 695 984 ἴσχυσανς
727 917 801 970 Οὐ
866 917 1074 985 μέλλων
1121 921 1233 981 τοῖς
1281 919 1639 989 Ἰσραηλίταις
1674 921 1703 972 ὁ
1742 918 1876 979 Θεὸς

1973 918 2227 972 consumi
2254 932 2365 973 non
2397 925 2628 987 possent
2652 917 2743 969 “?
2788 916 2931 982 Quid
2976 916 3251 971 Dauielem
3286 916 3549 971 taceam?

304 1004 658 1067 ὀπτάνεσθαι,
706 1005 953 1073 ’ἁγνίζειν
1005 1007 1067 1059 τὸ
1112 1008 1268 1076 σῶμα
1316 1010 1710 1078 προσέταττεν;
1745 1007 1880 1077 Οὐχὶ

1999 1007 2146 1077 Iujus
2174 1025 2381 1080 corpus
2413 1010 2732 1081 virginitate
2760 1010 2842 1064 sic
2889 1008 3218 1063 obduratum
3255 1009 3451 1071 fuerat,
3482 1018 3556 1065 ut.

312 1096 477 1165 ἱερεῖς
507 1096 548 1163 Il
573 1098 799 1159 ἑαυτοὺς
836 1098 1168 1164 άγνίζοντες,
1201 1097 1342 1151 οὕτω
1377 1098 1485 1151 τῶν
1535 1099 1744 1153 ἀδύτων
1786 1099 1884 1150 ὲπ-

1976 1097 2216 1154 l'erarum
2272 1101 2465 1155 dentes
2521 1101 2571 1155 ei
2635 1101 2783 1170 inﬁgi
2843 1100 3197 1170 nequiverint
3221 1100 3288 1152 ⁶⁹.
3343 1102 3543 1155 Annon

308 1183 553 1247 έϐαινον,
585 1184 679 1238 καὶ
705 1185 804 1250 τὰς
836 1186 1022 1251 Θυσίας
1054 1188 1331 1258 προσῆγον
1354 1204 1368 1253 ;
1393 1190 1505 1259 Οὐχ
1528 1189 1557 1241 ὁ
1584 1190 1749 1259 νόμος
1780 1204 1881 1258 με·-

1999 1190 2121 1246 )eus
2150 1191 2219 1245 ab
2246 1191 2512 1247 lsraelitis
2537 1191 2993 1262 conspiciendus,
3026 1191 3131 1245 hoc
3160 1190 3241 1245 eis
3273 1206 3553 1260 prazcepe-

307 1274 487 1344 γάλην
514 1276 678 1357 εὐχὴν
699 1276 798 1348 τὴν
823 1278 1047 1345 ἁγνείαν
1073 1279 1406 1348 ἀνηγόρευσε
1428 1296 1443 1345 ;

1975 1287 2078 1343 rat,
2105 1288 2163 1333 ut
2197 1294 2227 1333 a
2261 1280 2491 1335 libidine
2516 1296 2715 1351 purum
2747 1295 2954 1349 corpus
2974 1281 3367 1336 servarent"?
3399 1280 3545 1333 Nou-

310 1383 381 1422 ne
417 1368 735 1425 sacerdotes
768 1371 983 1440 seipsos
1018 1379 1204 1428 castos
1243 1372 1553 1439 servabant,
1601 1387 1713 1443 quo
1747 1370 1932 1441 templi
1962 1372 2127 1443 adyta
2168 1375 2614 1446 ingrederentur,
2651 1388 2717 1430 ac
2751 1374 3008 1429 victimas
3066 1372 3372 1428 oll'errent?
3431 1376 3545 1427 An-

312 1474 428 1515 non
452 1459 688 1529 denique
722 1462 807 1516 lex
844 1478 1099 1534 magnum
1139 1474 1323 1520 votum
1362 1467 1675 1521 castitatem
1726 1466 2110 1534 nuncupavit?

383 1554 504 1626 Χρὴ
535 1555 716 1608 τοίνυν
748 1564 771 1594 ³
796 1558 889 1611 ἐπὶ
932 1559 994 1611 τὸ
1039 1560 1551 1632 πνευματικώτερον
1576 1560 1876 1631 λαμϐάνειν

2050 1564 2332 1633 Explicata
2363 1565 2654 1633 Scriptum
2688 1566 2828 1620 loca.
2847 1594 2917 1607 —
2944 1564 3101 1634 Legis
3131 1564 3316 1633 itaque
3344 1578 3547 1632 przrcc-

311 1646 377 1700 τδ
402 1647 626 1716 νομικὸν
657 1648 1005 1720 πρόσταγμα.
1052 1651 1207 1704 Ἐστι
1236 1652 1343 1722 γὰρ
1375 1652 1599 1723 σπέρμα
1633 1667 1880 1721 πνευμα-

308 1738 465 1793 στικὸν
488 1739 555 1793 δι’
602 1741 823 1811 ἀγάπης
877 1744 973 1796 καὶ
1003 1743 1168 1811 φόϐου
1197 1743 1331 1797 Θεοῦ
1369 1743 1878 1813 συλλαμϐανόμενον

312 1830 375 1883 ἐν
401 1833 468 1901 τῇ
492 1830 697 1901 ψυχικῇ
718 1834 916 1903 γαστρὶ
941 1833 1204 1905 ὠδινούσῃ
1249 1836 1344 1888 καὶ
1371 1835 1630 1906 τικτούσῃ
1664 1835 1881 1906 πνεῦμα

312 1921 609 1992 σωτηρίας.
665 1921 821 1976 Οὕτω
865 1924 921 1977 δὲ
965 1924 1264 1994 ὲκληπτέον
1303 1926 1397 1981 καὶ
1428 1926 1489 1978 τό
1516 1941 1530 1956 ·
1561 1925 1879 1993 Μακάριος,

312 2011 386 2079 ὃς
416 2012 538 2080 ἔχει
560 2013 797 2083 σπέρμα
822 2015 892 2068 ἐν
919 2014 1094 2078 Σιὼν,
1137 2016 1235 2069 καί
1271 2016 1530 2081 οίκείους
1560 2015 1629 2068 ἐν
1672 2015 1882 2083 Ἰερου-

312 2103 543 2169 calda.
571 2104 636 2157 Τί
659 2106 787 2173 γὰρ,
843 2105 946 2159 κᾶν
997 2105 1194 2175 πόρνος
1226 2101 1284 2178 ᾖ,
1338 2106 1443 2160 κᾶν
1475 2104 1727 2175 μέθυσος,
1778 2104 1883 2158 κᾶν

312 2195 729 2266 εἰδωλολάτρης,
757 2198 1028 2267 μακάριός
1056 2198 1228 2260 ἐστιν,
1255 2198 1304 2250 εί
1335 2196 1497 2266 μόνον
1516 2195 1626 2266 ἔχει
1648 2196 1883 2265 ’σπέρμα

313 2290 377 2342 ὲν
406 2286 564 2351 Σιὼν,
610 2290 701 2340 καὶ
727 2289 960 2351 οἰκείους
1007 2291 1065 2341 ὲν
1129 2287 1525 2359 Ἰερουσαλήμς
1581 2286 1771 2349 Οὐδεὶς
1821 2281 1883 2340 εὖ

310 2378 531 2451 φρονῶν
557 2378 711 2432 τοῦτο
740 2380 872 2450 ἐρεῖ.

394 2557 683 2627 Παρθενία,
707 2555 770 2609 τὸ
793 2556 899 2609 τῶν
929 2570 953 2597 α
988 2556 1232 2625 ἀγγέλων
1265 2557 1585 2626 πολίτευμα,
1610 2556 1671 2609 τὸ
1707 2557 1887 2627 πάσης

317 2648 613 2717 ἀσωμάτου
639 2647 856 2716 φύσεως
903 2648 1117 2718 ἰδίωμα.
1154 2647 1339 2701 Ταῦτα
1398 2648 1653 2717 λέγομεν,
1701 2649 1761 2701 οὐ
1798 2649 1887 2700 τὸν

318 2741 501 2809 γάμον
543 2740 857 2803 κακίζοντες
882 2755 895 2769 ·
957 2739 1031 2811 μὴ
1073 2739 1318 2807 γένοιτο⁸
1379 2740 1603 2809 οἴδαμεν
1648 2740 1756 2810 γὰρ
1798 2739 1889 2793 τὸν

320 2830 530 2899 Κύριον
562 2832 620 2882 έν
647 2831 713 2899 τῇ
769 2829 935 2883 αὑτοῦ
988 2828 1306 2899 παρουσίαδ
1332 2828 1422 2881 τὸν
1456 2829 1632 2897 γάμον
1666 2829 1889 2898 εὐλογή-

1986 1660 2137 1723 ptum
2162 1669 2327 1708 sensu
2364 1656 2539 1725 magis
2566 1655 2841 1725 spirituali
2872 1655 3043 1723 accipi
3076 1654 3259 1731 debet.
3284 1654 3381 1706 Est
3404 1654 3557 1707 enim

1987 1759 2176 1799 semen
2206 1746 2518 1815 spirituale,
2549 1746 2694 1815 quod
2725 1761 2822 1815 per
2860 1745 3186 1799 charitatem
3218 1752 3271 1799 et
3297 1743 3557 1798 timorem

1988 1836 2082 1890 Dei
2123 1838 2437 1906 concipitur
2462 1838 2517 1892 in
2556 1840 2751 1892 animae
2784 1844 2964 1897 utero,
3002 1835 3341 1904 parturiente
3383 1833 3553 1887 edeno

1987 1936 2147 1998 teque
2174 1930 2428 2001 spiritum
2460 1931 2676 1985 salutis.
2712 1928 2917 1998 Sicque
2942 1928 3108 1981 etiam
3140 1924 3558 1996 intelligendum

1988 2020 2123 2074 illud
2151 2031 2233 2075 est
2261 2040 2276 2075 :
2315 2020 2511 2075 Beatus
2544 2022 2631 2089 qui
2661 2019 2812 2072 habet
2842 2035 3019 2073 semen
3051 2018 3105 2070 in
3142 2018 3298 2079 Sion,
3351 2026 3400 2069 et
3432 2031 3555 2083 pro-

1986 2113 2207 2181 pinquos
2239 2113 2293 2165 in
2322 2111 2618 2166 Jerusalem
2643 2111 2707 2163 ".
2752 2110 2894 2175 Quid
2938 2109 3110 2171 enim,
3147 2107 3194 2162 si
3224 2121 3400 2175 ganeo
3462 2105 3562 2169 sit,

1988 2198 2035 2252 si
2072 2199 2428 2260 temulentus,
2462 2199 2507 2254 si
2544 2198 2816 2253 idolorum
2840 2196 3001 2266 297
3032 2196 3233 2259 cultor,
3269 2208 3397 2247 num
3431 2193 3558 2247 beav

1991 2299 2081 2346 tus
2100 2292 2225 2354 erit,
2253 2292 2298 2346 si
2318 2289 2481 2344 modo
2499 2305 2685 2346 semen
2712 2289 2764 2342 in
2793 2287 2947 2350 Sion,
2974 2298 3027 2341 et
3046 2285 3234 2341 amnes
3260 2285 3314 2338 in
3339 2283 3561 2338 Jerusa-

1990 2382 2095 2436 lem
2127 2381 2368 2436 habeat?
2418 2380 2587 2436 Nemo
2641 2389 2791 2434 certe
2834 2393 2984 2433 sana:
3020 2376 3220 2431 mentis
3275 2375 3380 2428 hoc
3426 2371 3562 2428 ellu-

1991 2473 2157 2528 tierit.

2076 2562 2368 2634 Virginitas
2410 2563 2708 2632 angelicum
2749 2563 2871 2615 vita:
2899 2572 3082 2630 genus,
3138 2567 3186 2610 et
3223 2554 3564 2608 matrimonio

1994 2656 2360 2725 prwstantior.
2391 2685 2460 2697 —-
2500 2653 2800 2723 Virginitas
2835 2650 3140 2719 angelicum
3188 2654 3274 2700 est
3308 2645 3432 2699 vitae
3471 2658 3567 2712 ge-

1996 2761 2135 2807 nus.
2172 2746 2515 2815 incorporeze
2563 2744 2746 2797 omnis
2802 2753 3011 2795 naturae
3056 2735 3353 2807 peculiaris
3408 2741 3556 2787 nota.

1996 2835 2186 2906 Neque
2234 2837 2283 2889 id
2345 2836 2603 2899 dicimus,
2646 2840 2705 2886 ut
2760 2829 3107 2884 matrimonio
3153 2825 3511 2880 detrahamus
3545 2840 3563 2877 .'

323 2936 514 2980 σαντα,
572 2920 668 2971 καὶ
713 2919 805 2972 τὸν
843 2918 1101 2971 είπόντα’
1142 2919 1335 2987 Τίμιος
1375 2919 1408 2971 ό
1466 2916 1676 2987 γάμος,
1718 2917 1815 2969 καί
1857 2917 1894 2983 ἠ

2001 2904 2185 2982 οδε-ῆι
2220 2934 2588 2996 (nequaquam
2617 2923 2761 2977 enim
2795 2936 2896 2974 nos
2925 2920 3062 2987 fugit
3099 2917 3391 2970 Dominum
3429 2929 3570 2983 prae-

322 3012 497 3078 κοιτη
527 3011 815 3078 ἀμίαντος
840 3025 853 3038 ·
886 3009 1021 3062 ἀλλὰ
1050 3008 1217 3062 καλοῦ
1250 3008 1533 3080 κρείττονα
1563 3007 1661 3078 τὴν
1700 3007 1903 3077 παρθε-

322 3098 447 3151 νίαν
476 3096 853 3165 γινώσκοντες.
902 3098 997 3149 Ἐν
1046 3113 1104 3149 τε
1148 3096 1257 3166 γὰρ
1309 3098 1431 3159 ταῖς
1490 3098 1710 3166 ἀρεταῖς
1756 3099 1897 3149 εἰσιν

322 3188 606 3252 ἐπιτάσεις
654 3189 748 3240 καὶ
790 3186 1030 3254 ὑφέσεις,
1058 3184 1260 3256 ὁμοίως
1282 3187 1379 3239 καὶ
1411 3188 1470 3239 ὲν
1499 3189 1619 3250 ταῖς
1661 3177 1904 3251 κακίαις.

323 3280 676 3349 Γινώσκομεν
709 3279 791 3331 ὅτι
822 3280 1001 3347 γάμου
1032 3276 1242 3345 ἔκγονοι
1264 3288 1285 3315 ο
1324 3279 1523 3340 πάντες
1559 3276 1741 3349 βροτοὶ
1767 3260 1906 3347 μετὰ

333 3374 464 3436 τοὺς
500 3374 595 3425 τοῦ
628 3371 815 3440 γένους
843 3370 1177 3441 ἀρχηγέτας.
1222 3370 1449 3422 Ἐκεῖνοι
1471 3368 1579 3438 γὰρ
1609 3368 1905 3438 παρθενίας

349 3464 481 3524 εἰσὶ,
509 3464 602 3517 καὶ
644 3462 705 3515 οὐ
738 3462 915 3532 γάμου
967 3459 1435 3530 πλαστούργημαο
1479 3459 1655 3530 ἀλλ’ἢ
1693 3458 1904 3529 ἀγαμία

336 3556 587 3626 ἀγγέλων
606 3553 774 3619 ἐστὶν,
793 3554 867 3616 ὡς
892 3552 1122 3621 ἔφημεν,
1157 3553 1402 3621 μίμημα.
1443 3551 1593 3619 Ὀσῳ
1619 3550 1905 3620 τοιγαροῦν

328 3646 564 3717 ἄγγελος
607 3643 894 3717 ἀνθρώπου
962 3643 1281 3712 ὑπέρτερος,
1342 3640 1584 3710 τοσούτῳ
1640 3641 1907 3709 παρθενία

332 3738 517 3810 γάμου
548 3736 867 3808 τιμιωτέρα.
904 3734 970 3787 Τί
1024 3733 1083 3785 δὲ
1140 3732 1304 3800 λέγω,
1357 3730 1618 3799 ἄγγελοςς
1659 3731 1832 3792 Αὐτὸς
1879 3730 1907 3780 ὁ

330 3828 591 3899 Χριστὸς,
620 3827 721 3897 τῆς
750 3825 1049 3896 παρθενίας
1096 3824 1157 3877 τὸ
1196 3823 1377 3886 κλέος,
1424 3822 1486 3874 οὐ
1517 3822 1678 3892 μόνον
1699 3822 1763 3874 ὲκ
1799 3822 1909 3875 [Ια-

329 3921 463 3993 τρος
493 3920 762 3991 ἀνάρχως,
788 3915 1124 3988 άρρεύστως,
1171 3915 1267 3968 καὶ
1299 3913 1683 3976 άσυνδυάστως
1716 3929 1908 3981 γεγεν-

335 4011 593 4082 νημένος,
622 4009 737 4062 ἀλλ’
763 4009 846 4063 ὃτι
894 4009 989 4061 καὶ
1038 4007 1327 4078 ἄνθρωπος
1352 4004 1470 4058 καθ’
1505 4004 1653 4075 ἡμᾶς
1681 4004 1909 4073 γενόμε-

345 4120 457 4169 νος,
482 4104 621 4175 ὑπὲρ
646 4102 791 4173 ἡμᾶς
826 4101 889 4153 ὲκ
916 4099 1193 4171 Παρθένου
1225 4096 1516 4168 συναφείας
1554 4095 1680 4150 ἄνευ
1718 4111 1914 4164 σεσαρ-

345 4200 612 4271 κωμένος,
640 4197 734 4251 καὶ
751 4195 913 4259 αὐτὸς
966 4194 1263 4265 παρθενίαν
1303 4192 1403 4263 τὴν
1434 4191 1611 4261 άληθῆ
1648 4192 1742 4243 καὶ
1773 4207 1911 4243 παν-

2001 3018 2177 3074 sentia
2209 3031 2306 3072 sua
2351 3016 2561 3085 nuptiis
2615 3013 2965 3068 benedixisse
2989 3011 3056 3073 ⁷⁸,
3108 3010 3373 3077 illumque
3408 3008 3565 3061 novi-

2000 3126 2125 3165 mus
2148 3109 2241 3179 qui
2277 3108 2437 3173 dixit,
2465 3103 2787 3159 Ilonarabile
2826 3101 3168 3163 connubium,
3197 3107 3247 3152 et
3278 3109 3423 3151 torus
3469 3097 3573 3149 im—

2001 3199 2299 3253 maculatus
2329 3192 2433 3264 ⁷³;)
2465 3193 2561 3249 sed
2614 3191 3007 3262 quia‘nuptiis,
3061 3187 3311 3258 quamvis
3369 3185 3572 3254 alioqui

2002 3290 2187 3353 bonis,
2217 3296 2477 3359 pmtare
2501 3284 2880 3355 virginitatem
2914 3280 3296 3350 agnoscimus.
3332 3275 3569 3334 Etenim.

2003 3397 2128 3437 cum
2171 3383 2225 3435 in
2260 3378 2586 3442 virtutibus,
2622 3384 2736 3428 tum
2772 3375 2826 3427 in
2856 3372 3010 3425 vitiis
3034 3370 3263 3424 altiores
3286 3379 3450 3435 atque
3486 3366 3575 3419 in-

2005 3473 2234 3528 feriores
2264 3468 2469 3541 gradus
2492 3467 2811 3541 exsistunt._
2838 3462 2974 3516 Illud
3023 3465 3254 3525 scimus,
3310 3456 3577 3511 mortales

2003 3576 2195 3617 omnes
2217 3576 2284 3614 ex
2314 3558 2580 3628 conjugio
2615 3564 2775 3610 natos
2801 3538 2950 3615 esse,
2991 3549 3189 3621 primis
3218 3547 3439 3617 generis
3470 3560 3571 3600 no-

2006 3654 2105 3709 stri
2138 3652 2461 3721 parentibus
2498 3646 2769 3715 exceptis.
2797 3643 2933 3695 Nam
2980 3640 3057 3693 illi
3109 3637 3448 3706 virginitatis
3480 3649 3575 3688 so-

2008 3746 2161 3799 boles
2189 3750 2337 3804 sunt,
2375 3756 2486 3794 non
2518 3736 2764 3805 coniugii
2802 3734 3144 3801 ﬁgmentum.
3200 3727 3268 3781 At
3300 3724 3582 3779 cmlihalus

2007 3830 2355 3901 angelorum,
2386 3835 2445 3882 ut
2474 3825 2738 3887 diximus,
2765 3822 2932 3873 vitam
2967 3819 3234 3872 imitatur.
3278 3812 3354 3866 Ex
3390 3827 3498 3881 quo
3524 3812 3583 3863 lit

2012 3929 2072 3972 ut
2097 3924 2366 3988 quantum
2416 3913 2646 3980 angelus
2697 3909 2973 3963 hominem
3028 3904 3330 3967 antecellit,
3374 3911 3581 3955 tantum

2014 4006 2301 4077 virginitas
2342 4002 2755 4057 matrimonium
2788 4005 3030 4066 superet.

2083 4097 2327 4155 Christus
2361 4093 2685 4163 virginitatis
2713 4092 2896 4153 decus,
2928 4103 2995 4143 ea:
3026 4096 3178 4156 patre
3204 4084 3429 4153 virgine,
3465 4097 3582 4134 ma-

2016 4200 2188 4260 treque
2222 4196 2398 4241 natus.
2445 4183 2733 4252 Virginitas
2764 4179 2911 4233 nulla
2944 4179 3051 4247 tege
3105 4194 3138 4230 a
3191 4176 3405 4231 Christo
3452 4186 3587 4236 pm:-

332 4247 473 4362 τελῖῑ
722 4247 732 4249 ἡ
755 4247 814 4343 έν
863 4247 1065 4357 έαυτῷῖ
1106 4285 1269 4339 Ὀθεν
1296 4247 1388 4339 καὶ
1421 4247 1626 4353 ταύτην
1655 4284 1789 4352 ἡμῖν
1811 4282 1894 4334 οὐ)

2012 4247 2235 4346 scripta.
2266 4303 2336 4314 -—
2363 4271 2503 4339 Quid
2535 4247 2665 4328 vero
2695 4268 2948 4337 angelum
2977 4266 3148 4321 dico?
3172 4264 3428 4319 Christus
3464 4260 3585 4327 ipse

336 4384 696 4456 ἐνομοθέτησε
724 4382 821 4453 μέν
846 4398 861 4413 ·
893 4384 974 4436 Οὐ
1005 4379 1114 4450 γὰρ
1147 4376 1372 4442 πάντες
1400 4372 1661 4443 χωροῦσι
1692 4372 1798 4425 τὸν
1814 4371 1918 4425 ,λό-

338 4462 476 4545 To},
507 4474 582 4536 ὡς
602 4471 765 4535 αὐτὸς
792 4470 993 4540 ἔφησεν
1017 4485 1032 4500 ο
1070 4468 1217 4539 ἔργῳ
1241 4465 1297 4518 δὲ
1329 4466 1476 4537 ἡμᾶς
1518 4461 1902 4527 ὲξεπαίδευσεν

2012 4370 2350 4442 virginitatis
2383 4367 2553 4423 decus
2589 4373 2697 4426 est,
2732 4372 2791 4417 ut
2815 4360 2909 4431 qui
2959 4374 3067 4413 non
3107 4359 3268 4411 modo
3301 4371 3369 4410 ex
3427 4352 3591 4406 Patre

2016 4464 2140 4517 sine
2170 4463 2317 4515 ﬂuxu
2350 4469 2513 4525 atque
2543 4469 2844 4524 congressu
2872 4452 3092 4523 genitus
3140 4450 3239 4512 sit,
3270 4445 3368 4501 sed
3427 4444 3589 4496 etiam

339 4534 440 4619 καὶ
463 4534 604 4633 προς
655 4534 856 4631 ταύτην
885 4534 1033 4630 ημᾶς
1076 4534 1476 4625 siremps“.
1516 4552 1636 4605 Τίνι
1663 4551 1771 4622 γὰρ
1818 4552 1894 4603 οὺς

2018 4554 2195 4609 nostri
2220 4553 2393 4606 instar
2419 4554 2707 4615 assumpta
2744 4558 2935 4605 carne,
2969 4557 3035 4596 ex
3066 4538 3293 4610 Virgine
3328 4534 3446 4590 sine
3478 4545 3593 4585 ma—

338 4655 461 4710 εστι
512 4654 703 4723 σαφὲς,
758 4654 840 4706 ὅτι
879 4650 1147 4722 παρθενία
1200 4650 1258 4700 ὲν
1315 4643 1628 4715 ἀνθρώποις
1662 4641 1925 4695 νῦνπολι·

342 4747 598 4812 cauerat;

2017 4644 2168 4699 ritali
2197 4641 2394 4711 copula
2438 4653 2621 4692 veram
2669 4634 3251 4700 absolutissimamque
3300 4622 3592 4695 virginita—

2017 4745 2123 4790 tem
2146 4735 2200 4786 in
2232 4732 2415 4800 seipso
2443 4727 2770 4782 ostenderit.
2804 4725 3155 4791 Quapropter
3190 4721 3335 4773 hanc
3362 4713 3591 4785 quidem

343 4841 438 4894 ille
467 4840 615 4893 nulla
643 4836 804 4892 nobis
833 4835 950 4905 lege
1009 4826 1349 4902 praescripsit
1389 4826 1405 4896 (
1437 4823 1559 4879 Non
1615 4824 1785 4889 enim,
1839 4832 1894 4877 ut

1999 4843 2055 4882 se
2099 4826 2198 4886 ait,
2222 4820 2397 4878 omnes
2427 4820 2643 4889 capiunt
2678 4817 2887 4871 verbum
2916 4814 3058 4869 istud
3080 4814 3128 4845 7°
3154 4812 3195 4883 ),
3236 4816 3427 4863 verum
3471 4804 3595 4875 ipso

344 4946 511 5002 opere
546 4946 646 4985 nos
679 4929 829 4983 illam
869 4899 1080 4987 docuit,
1125 4922 1394 4989 nobisque
1425 4918 1492 4971 ad
1554 4930 1673 4970 eam
1741 4916 1909 4970 robur
1947 4918 2284 4974 conciliavit.
2357 4912 2523 4966 Eccui
2585 4910 2732 4966 enim
2806 4923 2914 4961 non
2974 4906 3167 4974 liquet,
3227 4899 3594 4969 virginitatem

348 5042 498 5082 nunc
528 5027 671 5081 inter
703 5023 957 5079 homines
990 5020 1175 5091 vigere
1195 5018 1218 5058 ’θ

419 5142 466 5171 ⁸⁸
501 5139 565 5194 IV
636 5138 769 5204 Reg.
821 5153 880 5201 ιι,
942 5137 995 5188 8.
1099 5134 1141 5164 ⁸⁷
1175 5126 1311 5204 ibid.
1364 5128 1417 5204 9_.

1516 5126 1561 5157 "
1602 5122 1736 5177 Dan.
1795 5139 1877 5183 ιιι,
1932 5122 2021 5175 20.

2126 5119 2169 5149 ⁶⁹
2196 5116 2330 5169 Dan.
2365 5130 2438 5170 νι,
2468 5112 2552 5164 is.
2659 5108 2705 5141 "'
2739 5106 2907 5161 Emu.
2958 5120 3073 5169 xIx,
3105 5104 3200 5169 l5;
3250 5100 3410 5155 Num.
3442 5116 3515 5163 vr,
3545 5103 3597 5155 2.

346 5213 393 5246 ⁷⁸
431 5184 553 5265 ηεξ.-
584 5184 1134 5275 χίιῖῖ-θίἿηηέοιιιι.
1164 5184 1223 5265 ιι,
1268 5203 1318 5257 l.
1395 5199 1438 5229 ⁷³
1467 5198 1631 5253 llebr.
1669 5210 1789 5254 xm,
1819 5194 1872 5245 4.

2021 5188 2210 5243 blatth.
2239 5202 2354 5249 xix,
2390 5184 2479 5237 ll.

1643 5306 1877 5360 VARle
1910 5300 2317 5359 LECTIONES.

448 5425 475 5453 ⁸
513 5414 647 5469 Cod.
677 5413 736 5467 S.
764 5412 869 5466 llil.
904 5418 959 5466 et
1011 5408 1099 5461 alii
1152 5407 1232 5458 οὐ.
1293 5403 1441 5474 Regii
1476 5404 1506 5456 ί
1530 5402 1592 5455 οὐ
1616 5399 1833 5470 Δανιὴλ,
1867 5398 1954 5474 τῷ⁵
1989 5396 2236 5474 orbitae};
2292 5392 2572 5474 sichvetus
2619 5389 2845 5467 interpr.
2890 5381 3079 5474 Ripa-me
3109 5374 3304 5474 ‘DauAieI

352 5492 383 5535 7
420 5484 557 5540 Cod.
586 5483 644 5538 S.
679 5483 782 5537 llil.
837 5491 888 5535 ut
930 5480 1020 5532 alii
1046 5475 1290 5531 nonnulli
1313 5475 1408 5541 οὐχ
1444 5474 1493 5527 οἱ
1524 5474 1706 5540 ἱερεῖς.

1787 5457 1978 5521 fouit.
2014 5457 2205 5519 sitm.
2241 5471 2292 5516 et
2326 5461 2413 5513 alii
2447 5457 2755 5527 τοιγαροῦν,

2832 5466 2855 5493 δ
2890 5453 3027 5504 l‘ldit.
3062 5449 3168 5517 γὰρ
3192 5448 3272 5517 τὸ.
3351 5443 3378 5483 b
3405 5447 3598 5517 Aptius

358 5512 1495 5625 iiiilﬂ°z%'é§$;u22;2".}i'iin'n2§.'uiﬁu;.
1540 5523 1597 5596 1ιί
1629 5512 1817 5596 ιιῖυιιίε
1872 5538 2025 5597 deest
2056 5532 2241 5598 αὑτοῦ,
2277 5541 2330 5587 et
2369 5533 2419 5585 in
2468 5512 2689 5583 cod.'b'.
2733 5525 2837 5580 llil.
2882 5535 3041 5576 manu
3072 5512 3315 5573 sei-unda
3362 5512 3600 5566 additum

358 5624 480 5679 fuit.
581 5616 863 5688 ¢"Quidam
900 5616 1022 5676 cod.
1079 5616 1307 5683 ἔγγονοι.
