3864 6198
168 296 300 364 1217

1175 296 1271 354 DE
1303 298 1479 356 FIDE
1521 296 1975 355 ΟΒΤΙῖΟΟΟΧΛ
2007 294 2151 353 LIB.
2181 296 2275 355 IV.

3260 305 3397 373 1218

166 400 390 457 καὶτῶν
430 398 524 452 τοῦ
573 400 845 458 Χοιστοῦσ
891 401 970 454 διδ
1013 402 1105 455 καὶ
1159 405 1526 475 Ἀντίχριστος
1572 406 1723 472 λέγε-

1843 408 2008 460 veniet
2041 427 2053 461 :
2094 423 2192 462 nec
2227 424 2321 476 pro
2353 408 2587 467 Christo,
2637 408 2730 462 sed
2764 425 2791 461 a
2816 410 3023 467 {versus
3075 415 3387 475 Christum:

166 512 274 546 ται.

230 584 329 635 Δεῖ
358 583 540 637 τοίνυν
568 582 784 652 πρῶτον
818 584 1159 654 κηρυχθῆναι
1208 585 1268 637 τὸ
1302 585 1633 654 Εὐαγγέλιον
1676 588 1733 639 ἐν

164 676 302 727 πᾶσι
341 676 457 736 τοῖς
495 673 709 726 ἕθνεσι’
751 674 860 727 Καὶ
911 676 1043 727 τότε
1091 674 1664 744 ἀποκαλυφθήσεται
1700 679 1733 729 ό

162 765 411 833 ἄνομος,
451 761 521 820 οὗ
553 764 724 817 ἐστιν
750 767 788 833 ἡ
808 767 1112 832 παρουσία
1145 769 1272 819 κατ’
1300 768 1603 837 ἐνέργειαν
1626 768 1732 821 τοῦ

160 854 420 921 Σατανᾶ,
471 855 541 907 ἐν
572 854 742 923 πάσῃ
780 856 1070 924 δυνάμει,
1121 859 1220 911 καὶ
1277 858 1584 927 σημείοις,
1632 858 1730 911 καὶ

160 944 383 1013 πέρασι
432 945 721 1014 ψεύδους,
766 946 934 1014 πάσῃ
988 947 1186 1015 ἀπάτῃ
1234 948 1344 1017 τῆς
1376 942 1610 1015 ἀδικίας
1663 950 1733 1003 ἐν

159 1034 284 1099 τοῖς
317 1036 785 1104 ἀπολλυμένοις,
838 1036 910 1089 ὃν
934 1040 967 1090 ό
1019 1039 1235 1105 Κύριος
1260 1039 1469 1093 ἀνελεῖ
1512 1039 1592 1104 τῷ
1622 1040 1732 1108 ῥή-

154 1143 295 1195 ματι
333 1126 440 1180 τοῦ
489 1129 786 1196 στόματος
825 1128 1041 1193 αὐτοῦ,
1092 1130 1190 1183 καὶ
1242 1130 1604 1199 καταργήσει
1660 1131 1733 1200 τῇ

159 1216 469 1283 παρουσίᾳ
505 1215 613 1284 τῆς
657 1217 1009 1285 ἐπιφανείας
1042 1217 1249 1270 αὐτοῦ.
1287 1219 1400 1270 υύκ
1433 1219 1594 1281 αὐτὸς
1625 1220 1733 1272 τοί-

159 1326 253 1361 νυν
286 1310 315 1360 ὁ
356 1309 601 1371 διάϐολος
636 1309 746 1381 (ll)
782 1309 989 1377 γίνεται
1018 1309 1303 1380 ἄνθρωπος
1335 1311 1475 1365 κατὰ
1506 1312 1603 1381 τὴν
1638 1311 1729 1364 τοῦ

158 1399 376 1467 Κυρίου
405 1396 848 1468 ὲνανθρὼπησιν·
893 1399 967 1467 μὴ
1010 1398 1256 1465 γένοιτο·
1293 1398 1409 1451 ἀλλ’
1450 1399 1733 1470 ἄνθρωπος

159 1493 224 1543 ἐκ
274 1490 533 1559 πορνείας
580 1490 855 1553 τίκτεται,
902 1491 995 1541 καὶ
1050 1489 1371 1559 ὑποδέχεται
1407 1494 1588 1543 πᾶσαν
1634 1492 1732 1559 τὴν

159 1582 448 1650 ἐνέργειαν
492 1582 586 1634 τοῦ
636 1582 868 1635 Σατανᾶ.
928 1580 1201 1651 Προειδὼς
1240 1583 1348 1652 γὰρ
1394 1584 1423 1635 ὁ
1480 1583 1611 1646 Θεὸς
1672 1586 1731 1636 τὸ

158 1674 364 1727 ἄτοπον
406 1672 509 1742 τῆς
559 1671 857 1743 μελλούσης
894 1674 1056 1727 αὐτοῦ
1113 1677 1506 1744 προαιρέσεως,
1554 1693 1730 1746 παρα-

158 1764 337 1831 χωρεῖ
372 1764 650 1832 ἐνοικῆσαι
684 1763 741 1816 ὲν
768 1763 916 1833 αὐτῷ
950 1765 1041 1818 τὸν
1078 1765 1346 1819 διάϐολον.

229 1854 494 1906 Τεκτεται
543 1853 721 1905 τοίνυν
768 1855 832 1907 ὲκ
870 1855 1129 1925 πορνείας
1154 1896 1169 1920 ,
1222 1856 1297 1918 ὡς
1355 1854 1602 1925 ἔφημεν,
1639 1857 1731 1909 καὶ

157 1946 529 2015 ἀνατρέφεται
586 1945 922 2015 λεληθότως,
962 1947 1057 2000 καὶ
1117 1949 1386 2016 αἰφνίδιον
1434 1949 1731 2001 ἐπανίστα-

157 2054 288 2100 ται,
323 2036 421 2089 καὶ
475 2038 762 2108 ἀνταίρει.
838 2039 934 2089 καὶ
1001 2036 1295 2107 βασιλεύει.
1341 2038 1454 2092 Καὶ
1509 2040 1567 2091 ἐν
1619 2043 1733 2102 τοῖς

158 2127 471 2196 προοιμίοις
520 2128 619 2196 τῆς
679 2128 955 2197 βασιλείας
1009 2128 1174 2181 αὐτοῦ
1207 2168 1222 2191 ,
1286 2128 1483 2197 μᾶλλον
1536 2129 1593 2181 δὲ
1634 2147 1731 2181 τυ·

160 2216 433 2285 ραννῐδος,
471 2216 820 2286 ὑποκρίνεται
864 2217 1159 2286 ἁγιοσύνην
1185 2225 1223 2246 ’³
1252 2234 1265 2247 '
1316 2219 1480 2287 ἡνίκα
1524 2219 1578 2271 δὲ
1613 2219 1731 2269 ὲπιο

160 2306 375 2377 κρατὴς
425 2308 669 2375 γένηται,
700 2306 883 2359 διώκει
929 2308 1032 2377 τὴν
1085 2308 1410 2378 Ἐκκλησίαν
1438 2307 1531 2360 τοῦ
1576 2308 1731 2370 Θεοῦ,

160 2400 260 2451 καὶ
292 2397 543 2466 ἐκφαίνει
573 2399 759 2451 πᾶσαν
788 2399 885 2468 τὴν
916 2400 1180 2469 πονηρίαν
1208 2399 1392 2454 αὑτοῦ.
1425 2401 1732 2455 Ἐλεύσεται

159 2488 219 2541 δὲ
250 2489 318 2541 ἐν
344 2488 620 2557 σημείοις
646 2487 741 2541 καὶ
768 2489 972 2556 τέρασι
993 2489 1281 2558 ψεύδους,
1306 2491 1729 2561 πεπλασμένοις,

162 2580 261 2631 καὶ
300 2579 402 2632 οὐκ
448 2579 697 2649 ἀληθέσι,
731 2580 823 2633 καὶ
868 2581 991 2644 τοὺς
1043 2581 1248 2652 σαθρὰν
1288 2582 1379 2635 καὶ
1409 2583 1734 2655 ἀστήρικτον

160 2670 265 2738 τὴν
324 2668 481 2737 βάσιν
542 2669 643 2738 τῆς
684 2670 918 2734 διανοίας
978 2669 1199 2741 ἔχοντας
1256 2656 1591 2743 ὲξαπατήσει
1641 2676 1734 2728 καὶ

162 2762 469 2830 ἀποστήσει
498 2761 591 2813 τοῦ
624 2760 756 2813 Θεοῦ
803 2760 1027 2827 ζῶντος,
1064 2764 1204 2817 ὥστε
1258 2764 1730 2835 σκανδαλισθῆναι,

163 2855 214 2908 αἱ
242 2853 490 2921 δυνατὸν,
524 2855 619 2908 καὶ
651 2858 775 2919 τοὺς
805 2839 1115 2919 ἐκλεκτούς.

250 3029 716 3095 Ἀποσταλήσεται
744 3029 801 3082 δὲ
839 3028 1009 3100 Ἑνὼχ
1045 3031 1139 3084 καὶ
1180 3031 1367 3093 Ἠλίας
1390 3032 1418 3084 ὁ
1444 3030 1732 3101 Θεσὸίτης,

167 3121 263 3173 καὶ
290 3120 683 3190 ἐπιστρέφουσι
730 3120 828 3183 τὰς
858 3121 1085 3191 καρδίας
1129 3122 1382 3190 πατέρων
1422 3122 1514 3173 ἐπὶ
1548 3122 1737 3185 τέκνα,

168 3208 419 3260 τουτέστι
451 3207 549 3276 τὴν
570 3208 894 3276 Συναγωγὴν
911 3209 1002 3259 ἐπὶ
1021 3208 1109 3262 τὸν
1126 3208 1328 3276 Κύριον
1350 3210 1382 3278 ἡ
1391 3209 1506 3278 μῶν
1531 3210 1736 3279 Ἰησοῦν

168 3300 425 3369 Χριστὸν,
462 3298 556 3351 καὶ
586 3301 647 3351 τὸ
692 3300 797 3351 τῶν
833 3300 1147 3352 ἀποστόλων
1193 3301 1476 3370 κήρυγμα,
1520 3302 1613 3354 καὶ
1646 3302 1736 3353 ὑπ’

170 3390 336 3443 αὑτοῦ
381 3390 849 3461 ἀναιρεθήσονται.
886 3392 996 3444 Καὶ
1046 3391 1323 3444 ἐλεύσεται
1371 3394 1399 3445 ὁ
1441 3393 1646 3463 Κύριος
1682 3393 1741 3457 ἐξ

172 3481 424 3551 οὐρανοῦ,
486 3481 545 3533 ὃν
584 3481 786 3550 τρόπον
810 3482 859 3533 οἱ
908 3482 1052 3545 ἅγιοι
1096 3483 1388 3535 ἀπόστολοι
1442 3482 1737 3535 ἐθεάσαντο

175 3572 340 3625 αὑτὸν
379 3574 743 3642 πορευόμενον
790 3574 869 3635 εἰς
900 3573 991 3625 τὸν
1034 3574 1299 3642 οὐρανόν·
1344 3574 1477 3635 Θεὸς
1532 3574 1739 3635 τέλειος

174 3665 269 3718 καὶ
313 3663 601 3733 ἄνθρωπος
650 3665 874 3727 τέλειος,
927 3663 1065 3734 μετά
1110 3662 1266 3732 δόξης
1298 3665 1391 3718 καὶ
1436 3664 1738 3733 δυνάμεως,

176 3753 269 3804 καὶ
302 3752 485 3804 ἀνελεῖ
512 3751 601 3804 τὸν
637 3751 921 3821 ἄνθρωπον
956 3752 1055 3819 τῆς
1092 3751 1345 3820 ἀνομίας,
1376 3752 1468 3802 τὸν
1495 3752 1608 3803 υἱὸν
1646 3753 1743 3821 τῆς

174 3842 475 3907 ἀπωλείας,
495 3844 573 3913 τῷ
598 3845 868 3911 πνεύματι
893 3844 986 3897 τοῦ
1011 3846 1282 3915 στόματος
1310 3844 1499 3898 αὐτοῦ.
1534 3845 1740 3913 Μηδεὶς

172 3936 357 3988 τοίνυν
385 3934 493 3987 ἀπὸ
532 3936 636 4005 γῆς
674 3937 975 4006 ὲκδεχέσθω
1004 3937 1093 3991 τὸν
1133 3937 1369 4006 Κύριον,
1391 3936 1505 3989 ἀλλ’
1540 3937 1598 4001 ἐξ
1643 3937 1737 3989 ού-

176 4025 366 4095 ρανοῦ,
399 4027 476 4088 ὡς
512 4029 672 4091 αὐτὸς
705 4027 1067 4097 ἠσφαλίσατο.

246 4220 293 4250 ⁹²
320 4221 462 4274 lren.
514 4221 701 4291 Cyl-ill.
744 4221 955 4277 llieros.
992 4222 1207 4278 catech.
1245 4223 1326 4277 15.
1370 4221 1510 4291 Grcg

178 4290 225 4323 ³⁸
254 4291 452 4361 Chrys.
486 4290 632 4345 hoin.
674 4294 706 4343 '5
732 4293 782 4344 in
826 4291 867 4343 ll
905 4294 1066 4361 epist.
1142 4293 1225 4361 ad,
1266 4292 1457 4348 Thess.

178 4360 351 4430 Apoc.
412 4375 487 4425 ιι,
517 4361 569 4414 3.
646 4362 691 4393 ’9
718 4363 838 4415 Aet.
877 4360 1026 4428 1,“.
1140 4364 1154 4392 ¹
1192 4360 1231 4413 ll
1257 4362 1450 4418 Thess.
1479 4378 1543 4427 ll,
1573 4362 1626 4415 8.

1518 4261 1531 4275 .
1564 4219 1693 4273 Naz.
1758 4219 1863 4273 loc.
1898 4220 1996 4274 cit.

1555 4289 1663 4341 "ll
1692 4289 1888 4344 Thess.
1928 4304 1987 4353 ιι,
2037 4288 2089 4344 9.

1833 512 1938 565 qua
1968 497 2129 550 etiam
2157 497 2224 551 de
2252 512 2417 551 causa
2453 498 2823 553 Antichristns
2851 501 3051 555 dicitur
3078 511 3141 558 ν’.

1908 588 2259 642 Antichristus
2294 605 2441 642 t'erus
2475 589 2628 641 homo
2650 589 2884 657 futurus.
2913 622 2982 631 -—
3010 593 3246 649 Primum
3268 613 3398 669 ergo

1836 677 2185 747 Evangelium
2233 681 2372 748 apud
2420 694 2611 734 omnes
2639 692 2823 748 gentes
2853 682 3137 751 pragdicari
3175 702 3399 743 necesse

1832 777 1917 821 est
1946 768 1991 799 ”
2029 787 2041 820 :
2084 769 2157 819 Ae
2196 779 2304 821 tum
2356 769 2671 823 revelabitur
2719 772 2810 825 ille
2854 773 3086 842 iniquus,
3123 775 3274 844 cujus
3321 790 3399 832 est

1833 857 2085 911 adventus
2138 856 2421 911 secundum
2467 861 2824 926 operationem
2883 860 3120 924 Sata'me,
3157 865 3213 916 in
3256 868 3402 921 omni

1833 948 2041 1010 virtute,
2089 959 2137 1001 et
2190 949 2377 1017 signis,
2415 959 2463 1002 et
2513 950 2767 1020 prodigiis
2816 952 3184 1017 mendacibus;
3246 966 3295 1009 et
3344 957 3401 1010 in

1834 1039 1976 1092 omni
2005 1038 2306 1092 seductione
2342 1041 2659 1110 iniquitatis,
2715 1043 2781 1095 iis
2821 1044 2912 1111 qui
2954 1055 3211 1111 pereunt;
3249 1063 3401 1116 quem

1832 1129 2087 1183 Dominus
2125 1130 2401 1199 inter/Sciet
2434 1133 2587 1186 verbo
2625 1134 2729 1186 oris
2768 1135 2871 1197 sui,
2920 1146 2969 1188 et
3011 1136 3243 1189 destruet
3274 1137 3401 1191 illu-

1832 1222 2090 1275 stratione
2124 1224 2376 1275 adventus
2415 1224 2497 1276 sui
2532 1224 2598 1276 “.
2652 1222 2770 1277 Non
2809 1225 2924 1293 ipse
2970 1240 3101 1296 ergo
3152 1225 3401 1283 diabolus

1833 1312 1998 1364 immo
2034 1312 2142 1376 lict,
2191 1327 2295 1379 qua
2358 1312 2620 1366 Dominus
2668 1317 2879 1367 ratione
2915 1315 3074 1369 homo
3111 1316 3284 1372 factus
3316 1327 3402 1374 est

1834 1403 1998 1469 (absit
2038 1403 2181 1455 enim
2239 1403 2431 1466 ismd),
2473 1420 2661 1457 verum
2716 1404 2877 1458 henio
2912 1421 2976 1459 ex
3038 1405 3399 1463 fornicatione

1832 1500 2110 1553 nascetur,
2157 1494 2251 1561 qui
2295 1509 2507 1546 omnem
2565 1494 2779 1548 Satanae
2821 1494 2928 1548 vim
2963 1503 3127 1564 atque
3160 1496 3398 1552 aliiatum

1833 1583 2114 1651 suscipiet.
2150 1583 2290 1638 Dens
2317 1587 2459 1636 enim
2511 1582 2707 1638 fututa:
2750 1585 2925 1655 ipsius
2953 1589 3245 1642 voluntatis
3273 1604 3399 1656 per-

1835 1672 2146 1727 versitatem
2181 1687 2549 1741 prmnoscens,
2578 1673 2853 1728 diabolum
2883 1676 2935 1729 in
2968 1692 3032 1729 eo
3056 1676 3399 1730 domicilium

1764 1748 1802 1802 Β
1835 1763 1936 1817 sibi
1968 1764 2304 1817 constituere
2331 1766 2471 1817 sinet
2506 1764 2574 1818 ’⁸.

1904 1852 2222 1906 Antichristi
2272 1854 2589 1918 primordia,
2644 1864 2799 1922 atque
2857 1870 3183 1924 progressus.
3221 1886 3278 1899 -
3321 1855 3399 1910 Ex

1832 1941 2197 1998 fornicatione
2222 1946 2425 2014 itaque,
2457 1954 2515 1997 ut
2550 1943 2811 2007 diximus,
2856 1955 3135 2009 nascetur,
3169 1953 3221 2000 et
3255 1947 3397 1999 clam

1831 2033 2186 2101 educabitur;
2257 2042 2372 2088 tum
2445 2046 2667 2103 repente
2736 2036 3021 2105 insurget,
3077 2045 3401 2106 arreptaque

1832 2124 2117 2194 tyrannide
2149 2127 2416 2197 regnabit.
2444 2128 2619 2196 Atque
2653 2128 2705 2181 in
2739 2128 2887 2197 regni
2912 2128 3128 2197 quidem
3166 2129 3273 2191 sui,
3300 2143 3399 2182 Sclt
3435 2175 3438 2179 .

1835 2216 2141 2286 tyrannidis
2193 2217 2396 2285 potius,
2438 2219 2753 2286 primordiis
2810 2220 3087 2286 specimen
3149 2219 3400 2288 prasterct

1833 2307 2157 2361 sanctitatis.
2211 2309 2343 2361 Cum
2394 2315 2573 2361 autem
2631 2310 2833 2377 potitus
2885 2326 3063 2363 rerum
3107 2311 3230 2375 erit,
3284 2320 3398 2364 tum

1836 2398 1925 2451 Dei
1978 2398 2276 2453 Ecclesium
2312 2410 2687 2469 persequetur,
2719 2416 2985 2469 suamque
3017 2416 3233 2455 omnem
3286 2418 3400 2454 Ina-

1834 2489 2001 2540 ltiam
2051 2497 2278 2558 promet.
2323 2487 2515 2544 Veniet
2558 2500 2734 2543 autem
2762 2491 2815 2542 in
2849 2492 3013 2559 signis
3059 2504 3103 2544 e!
3145 2492 3403 2561 prodigiis

1838 2577 2178 2630 mendacibus
2210 2578 2293 2645 ⁹⁶;
2330 2576 2471 2632 lictis
2525 2580 2732 2647 utique,
2787 2586 2838 2631 et
2881 2595 2985 2631 non
3022 2579 3194 2643 veris;
3222 2588 3275 2632 et
3306 2593 3400 2632 eos

1834 2684 2063 2737 quorum
2125 2670 2397 2724 imbecillo
2470 2685 2770 2739 parumque
2837 2669 2991 2723 ﬁrnio
3049 2670 3402 2723 fundamento

1838 2760 1960 2811 nixa
2029 2776 2179 2812 mens
2234 2762 2355 2823 erit,
2420 2762 2681 2825 seducet,
2741 2760 3130 2828 abstrahctque
3200 2776 3228 2813 a
3290 2759 3401 2813 Deo

1838 2851 1996 2913 vivo;
2031 2849 2104 2901 ita
2134 2859 2191 2902 ut
2231 2852 2692 2913 scandalizentur,
2742 2851 2787 2904 si
2836 2852 2952 2903 ﬁeri
2999 2860 3198 2919 potest,
3234 2852 3401 2905 etiam

1836 2942 1990 2994 electi
2016 2942 2079 2991 ’7.

1918 3026 2098 3081 Euoclt
2153 3037 2201 3081 et
2262 3028 2409 3082 Elius
2464 3046 2579 3082 cum
2630 3028 2952 3081 Antichristo
2996 3039 3301 3098 pugnaturi.
3335 3057 3402 3067 —

1842 3119 2119 3183 Mittantur
2169 3126 2346 3173 autem
2398 3118 2580 3172 Enoch
2636 3129 2691 3174 et
2755 3119 2902 3172 Elias
2952 3118 3273 3181 Thesbites,
3310 3119 3402 3187 qui

1843 3206 2063 3261 Patrum
2097 3209 2260 3260 corda
2298 3208 2348 3260 in
2383 3206 2524 3262 ﬁlios
2562 3208 2629 3269 ⁸⁸.
2663 3208 2766 3260 hoc
2801 3216 2907 3271 est,
2958 3204 3296 3277 SynagOgam
3337 3205 3403 3259 ad

1844 3299 2132 3352 Dominum
2186 3307 2432 3353 nostrum
2477 3297 2660 3353 Jesnm
2712 3297 3015 3361 Christum,
3070 3306 3231 3366 atque
3271 3312 3407 3366 apo-

1846 3392 2109 3445 stolorum
2158 3389 2461 3446 doctrinam
2512 3399 2834 3444 convcrtent
2862 3408 2874 3442 :
2906 3390 2973 3443 ab
3016 3405 3189 3459 eoque
3237 3391 3406 3445 truci-

1840 3482 2134 3536 daliuntur.
2163 3481 2240 3535 Ac
2271 3490 2385 3536 tum
2423 3481 2685 3535 Dominus
2715 3481 2891 3534 veniet
2934 3479 3000 3533 de
3026 3482 3186 3545 uelo,
3218 3496 3402 3548 quem-

1841 3573 2133 3627 admodum
2185 3574 2359 3627 sancti
2416 3572 2644 3640 apostoli
2692 3571 2746 3623 in
2798 3571 2995 3623 ctelum
3061 3581 3276 3624 euntem
3332 3571 3406 3623 vi-

1842 3661 2041 3716 derunt
2070 3662 2151 3725 ’νς
2208 3677 2422 3728 nempe,
2476 3659 2617 3712 Deus
2680 3658 2976 3725 perfectus,
3020 3667 3073 3711 et
3130 3657 3408 3724 perfectus

1848 3753 2029 3812 homo,
2080 3766 2201 3803 cum
2248 3750 2418 3818 gloria
2456 3757 2508 3802 et
2544 3757 2826 3816 potestate,
2876 3755 2929 3801 et
2977 3748 3251 3801 hominem
3307 3748 3407 3800 ini-

1845 3838 2089 3905 quitatis,
2134 3837 2299 3889 lilium
2331 3835 2678 3903 perditionis,
2730 3835 3017 3888 interticiet
3068 3836 3264 3903 spiritu
3298 3835 3409 3889 oris

1844 3928 1927 3980 sui
1956 3928 1995 3977 ¹.
2017 3926 2357 3995 Quapropter
2382 3923 2517 3977 nihil
2548 3932 2652 3990 est,
2683 3939 2780 3976 cur
2804 3924 3095 3993 quisquam
3122 3923 3409 3977 Dominum

1845 4026 2048 4071 eterra
2101 4023 2396 4086 exspectet,
2433 4030 2621 4069 verum
2670 4030 2700 4071 e
2751 4016 2913 4079 cmlo,
2976 4026 3033 4068 ut
3087 4016 3202 4085 ipse
3253 4015 3411 4071 nobis

1847 4118 1997 4162 certo
2023 4107 2337 4162 declaravit.

2100 4219 2146 4251 ”
2187 4217 2379 4271 Matth.
2430 4232 2555 4279 xxv,
2616 4216 2701 4270 14.

2199 4289 2242 4320 ⁹⁷
2306 4286 2498 4340 Matth.
2553 4285 2819 4350 xx1v,24.

2814 4216 2861 4247 οι
2908 4213 2949 4267 ll
3010 4214 3204 4270 Thess.
3262 4230 3320 4278 ll,
3353 4216 3408 4268 8.

2894 4285 2938 4318 "'
2971 4284 3199 4339 Malach.
3254 4300 3327 4352 tv,
3356 4284 3408 4338 5.

1457 4470 1694 4526 VAliIIE
1736 4469 2141 4527 LECTIONES.

250 4600 290 4627 ιιι
320 4586 472 4655 Regii
500 4588 676 4653 multi,
717 4588 872 4643 Colb.
911 4589 1019 4640 duo
1054 4586 1400 4651 vetustiores,
1430 4596 1484 4642 et
1512 4586 1635 4639 «od.
1677 4583 1732 4638 S.
1766 4583 1872 4637 Hii.
1899 4584 2282 4655 ἀγαθωσύνην.
2315 4583 2405 4636 alii
2452 4582 2820 4655 δικαιοσύνην.
2853 4581 2910 4655 in
2942 4579 3169 4655 5451
3209 4580 3411 4655 legitur

179 4650 482 4724 Quidem'in
512 4650 1060 4727 ιιικιιιὰγαθωσύνην,
1088 4672 1253 4728 supra
1285 4650 1483 4713 lineam
1511 4671 1637 4711 vero
1666 4653 2033 4724 δικαιοσύνην.
2068 4654 2159 4707 Sic
2190 4650 2345 4708 vetus
2370 4655 2602 4722 interpr.
2634 4650 2817 4722 posuit
2837 4651 3142 4719 justitiam:
3168 4658 3222 4703 at
3246 4650 3419 4705 Faber

384 4838 391 4845 .
1690 4791 1919 4847 NOTAE.

253 4894 298 4963 (Ι
318 4893 368 4961 l)
405 4895 525 4946 Οὐκ
556 4893 737 4959 αὐτὸς
765 4896 797 4947 ὀ
837 4892 1132 4959 διάϐολος.
1171 4891 1292 4963 Non
1340 4907 1460 4960 ergo
1501 4889 1747 4963 diabolus
1780 4894 1824 4948 ι)
1853 4886 2075 4963 ὑποδύς.
2095 4883 2562 4963 Cyrillusllieros.
2594 4883 2872 4963 Diabolum
2897 4898 2988 4950 per
3013 4882 3421 4963 Antichristum,

181 4731 467 4783 bonitatem
494 4728 744 4783 reddidit.

184 4959 313 5032 ipse.
349 4959 442 5016 Sic
484 4965 912 5033 Chrysostomus
954 4967 1056 5017 loc.
1084 4965 1177 5033 cit.
1226 4961 1479 5033 Nunquid
1512 4959 1746 5033 Satanas

184 5034 334 5102 ipse?
367 5033 565 5101 inquit,
608 5032 890 5101 οὐδαμῶς·
939 5034 1053 5086 ἀλλ’
1092 5032 1379 5102 ἄνθρωπός
1419 5047 1522 5089 τις,
1569 5032 1749 5102 πᾶσαν

182 5097 353 5155 αὑτοῦ
401 5097 688 5172 δεχόμενος
725 5097 820 5171 τὴν
876 5097 1613 5174 ἐνέργειαν.ίΝεᾳιιιιιμιαηι,
1658 5097 1755 5151 sed

185 5174 341 5225 homo
370 5174 606 5237 quidam,
639 5189 843 5225 onmem
875 5172 988 5240 ejus
1025 5172 1375 5239 operationem
1413 5179 1744 5237 excepturus.

189 5242 515 5311 Hippolytus
564 5251 757 5295 centra
804 5239 989 5296 censet
1028 5239 1749 5311 Antichristntnripsumntet

188 5306 312 5365 fore
340 5306 616 5365 diabolum
665 5313 756 5379 qui
814 5314 1028 5366 seduxit
1080 5311 1240 5363 Evam
1274 5318 1327 5364 et
1368 5306 1754 5379 Adtitlilttltsltl

187 5380 336 5449 quod
396 5381 516 5449 ejus
561 5378 962 5449 tnetaphrastes
994 5381 1073 5435 sic
1105 5380 1357 5449 explicat,
1400 5388 1456 5430 ut
1508 5378 1755 5431 diabolus

189 5467 415 5504 carnem
446 5454 817 5521 φανταστικὴν
846 5461 898 5505 et
925 5453 982 5503 ἐν
1009 5450 1252 5520 δοκήσει,
1284 5449 1679 5521 imaginariam
1702 5455 1756 5499 ct

192 5521 378 5587 specie
431 5517 591 5575 tenus
637 5517 981 5575 exhioitnrns
1030 5517 1263 5587 sit,‘qno
1310 5535 1367 5569 se
1415 5519 1483 5571 de
1538 5517 1755 5585 Virgine

193 5599 385 5642 natum
432 5589 665 5659 jactitet.
700 5590 1077 5643 Theodoretus
1112 5603 1239 5641 vero
1279 5588 1563 5659 humanam
1596 5594 1755 5659 uatu—

193 5674 311 5710 ram
360 5676 390 5712 a
436 5657 645 5714 diabolo
698 5660 1022 5714 subeundam
1068 5659 1163 5721 ait,
1213 5658 1371 5725 φύσιν
1412 5657 1753 5727 ἀνθρωπείαν

1855 4946 2319 5027 αὐτοπροσῶπως,
2356 4956 2407 5008 in
2431 4955 2646 5027 propria
2674 4970 2771 5006 sua
2805 4946 3030 5027 persona
3058 4962 3395 5027 operatur-um

1855 5021 2064 5083 Forsan
2089 5027 2224 5080 nihil
2274 5027 2418 5079 aliud
2458 5021 2788 5093 signiﬁcant,
2817 5023 2918 5075 nisi
2962 5025 3102 5093 quod
3152 5021 3411 5090 Hierony-

1856 5113 1978 5152 mus
2011 5100 2062 5150 in
2113 5111 2232 5164 cap.
2264 5112 2334 5148 vn
2384 5092 2588 5146 Daniel.
2628 5092 2713 5164 Ne
2746 5101 3007 5164 putemus,
3036 5092 3422 5164 lntlttll,_jtt_.1’la

1855 5161 2200 5235 quorumdam
2237 5164 2556 5235 opinionem,
2589 5162 2997 5235 Anticltristum,
3022 5162 3113 5235 uel
3148 5161 3419 5235 diabolum

1855 5230 1986 5296 esse.
2020 5236 2097 5290 rel
2125 5230 2436 5292 dwmonem,
2470 5234 2557 5286 sed
2586 5248 2749 5285 unum
2778 5230 2842 5283 de
2890 5231 3208 5293 hominibus,
3238 5231 3289 5281 in
3320 5246 3421 5298 quo

1855 5316 1997 5360 totus
2060 5305 2295 5359 Satanas
2343 5304 2683 5357 habitaturus
2728 5301 2795 5353 sit
2851 5300 3220 5367 corporaliter,
3276 5301 3423 5352 velut

1853 5378 2063 5429 scilicet
2105 5377 2159 5428 in
2187 5375 2591 5443 energnnienis.
2635 5372 2903 5447 (Steterunt
2960 5371 3166 5447 isthic
3197 5370 3416 5447 omnia,

1852 5447 2053 5513 quibus
2091 5460 2287 5514 genus,
2317 5440 2540 5517 nomen,
2586 5453 2739 5517 aetas,
2783 5444 2996 5517 aliaque
3030 5440 3421 5517 alluittitichri-

1854 5509 1996 5568 stunt
2057 5509 2400 5584 spectantia,
2465 5513 2553 5581 pia
2613 5512 3018 5584 conjec-latione
3079 5509 3224 5584 dicta
3280 5509 3419 5584 sint,

1853 5575 2340 5707 eveqtud'noudutn
2384 5575 2631 5653 probata,
2665 5575 2731 5635 ρι’
2759 5578 3034 5649 quomodo
3080 5580 3234 5632 novit
3280 5575 3422 5632 Deus

1855 5669 1965 5707 uno
1991 5670 2056 5707 cn
2105 5670 2150 5707 a.
3404 5672 3407 5679 '

1855 5654 2150 5723 implenda.
3404 5672 3407 5679 '
