3864 6198
203 282 347 353 1225

1267 278 1366 340 DE
1403 280 1582 341 FIDE
1619 276 2082 339 ORTHODOXA
2119 277 2268 342 LIB.
2310 277 2408 340 IV.

3318 285 3457 349 1226

272 396 447 452 Πάλιν
480 394 646 465 φησὶν
693 395 723 447 6
776 393 920 453 θεῖος
984 388 1307 452 Ἀπὸστολος
1336 405 1349 418 θ
1409 388 1507 443 Δεῖ
1552 388 1662 459 γὰρ
1708 390 1774 442 τὸ

1948 386 2156 442 Rursus
2209 394 2390 442 autem
2448 386 2668 444 divinus
2726 390 3028 459 Apostolus
3086 394 3198 449 ait:
3238 395 3455 465 Oportet

198 487 469 563 φθαρτὸν
518 486 697 541 τοῦτο
743 483 1119 537 ἐνδύσασθαι
1152 481 1532 549 ἀφθαρσίαν,
1579 480 1775 534 καὶ-τὸ

200 577 425 646 θνητὸν
442 576 619 629 τοῦτο
646 574 1019 627 ἐνδύσασθαι
1046 571 1409 626 ἀθανασίαν.
1433 570 1543 625 Καὶ
1572 570 1733 625 πάλιν
1758 586 1771 599 ·

198 670 510 738 Σπείρεται
526 668 594 721 ἑν
615 664 827 735 φθορᾷ,
854 665 1138 734 ἐγείρεται
1160 663 1228 716 ἐν
1256 664 1583 731 ἀφθαρσίᾳ·
1610 663 1777 715 σπεί-

193 776 364 832 ρεται
390 760 461 813 ἐν
482 758 785 825 ἀσθενείᾳ,
816 755 1101 824 ἐγείρεται
1128 753 1198 807 ἐν
1221 752 1471 821 δυνάμει
1491 770 1503 781 ’
1536 754 1774 819 σπείρε-

202 869 297 907 ται
314 853 386 906 ἐν
407 850 625 919 ἀτιμίᾳ,
652 849 940 917 ἐγείρεται
967 847 1037 900 ἐν
1061 845 1209 913 δόξῃ
1230 858 1244 873 ’
1271 844 1578 912 σπείρεται
1606 842 1777 911 σῶμα

202 941 491 1013 ψυχικόν,
516 940 637 1011 ἦτοι
664 936 812 1008 παχύ
842 956 904 991 τε
927 937 1023 991 καὶ
1044 936 1263 1009 θνητὸν,
1298 935 1581 1007 ἐγείρεται
1606 934 1777 1004 σῶμα

203 1030 670 1103 πνευματικόνμ
684 1031 771 1100 4)*
808 1024 921 1082 οἷον
953 1028 1012 1081 τὸ
1058 1026 1155 1081 τοῦ
1189 1028 1399 1098 Κυρίου
1437 1026 1598 1097 σῶμα
1635 1027 1777 1097 μετὰ

200 1126 306 1194 τὴν
344 1123 644 1178 ἀνάστασιν
688 1118 1093 1188 κεκλεισμένων
1121 1117 1232 1171 τῶν
1274 1117 1455 1187 Θυρῶν
1484 1116 1775 1188 διερχόμε-

202 1234 315 1281 νον,
346 1212 746 1273 ἀκοπίαστονιι,
779 1207 1010 1279 τροφῆς,
1052 1205 1254 1270 ὕπνου,
1303 1204 1398 1259 καὶ
1427 1204 1640 1268 πόσεως
1686 1205 1777 1257 ἀν-

203 1304 407 1367 ενδεές.
443 1305 727 1356 Ἔσονται
756 1298 890 1368 γὰρ,
920 1298 1087 1368 φησὶν
1112 1298 1139 1349 6
1168 1294 1396 1366 Κύριος,
1425 1295 1504 1361 ὡς
1525 1297 1579 1348 οί
1602 1294 1777 1363 ἄγγε-

201 1400 303 1451 λοι
332 1395 439 1449 τοῦ
480 1392 627 1448 Θεοῦ
648 1409 664 1424 ο
704 1392 767 1445 οὐ
798 1391 976 1459 γάμος
1010 1388 1092 1441 ἔτι
1114 1428 1130 1455 ,
1160 1391 1220 1441 οὐ
1261 1386 1605 1455 τεκνογονία.
1638 1386 1776 1457 Φησὶ

200 1488 338 1555 γοῦν
359 1490 388 1542 6
416 1488 558 1550 Θείος
588 1481 909 1545 Ἀπόστολος
930 1499 944 1513 ·
988 1479 1183 1550 Ἦμῶν
1212 1478 1321 1549 γὰρ
1349 1478 1415 1532 τὸ
1446 1478 1777 1549 πολίτευμα

200 1581 273 1633 ὲν
320 1582 419 1647 oi);
431 1578 598 1644 ανοῖς
620 1575 899 1645 ὑπάρχει,
936 1572 1006 1638 ἐξ
1033 1568 1105 1628 οὗ
1137 1572 1237 1626 καὶ
1260 1568 1501 1639 Σωτῆρα
1522 1569 1776 1623 ἀπεκδε-

86 1700 97 1705 -
203 1672 430 1740 χόμεθα
474 1670 695 1737 Κύριον
724 1666 996 1733 Ἰησοῦν,
1039 1663 1107 1729 ὃς
1154 1661 1665 1733 μετασχηματίσει
1708 1660 1774 1711 τὸ

128 1816 139 1819 _
201 1734 377 1825 σῶμα
424 1754 535 1823 τῆς
557 1734 987 1817 ⁷ταπεινώσεως
1032 1749 1230 1820 ἡμῶν,
1264 1751 1353 1816 είς
1394 1748 1459 1802 τὸ
1495 1749 1775 1819 γενέσθαι
1808 1734 1848 1788 Β

200 1848 350 1903 αὐτὸ
390 1848 745 1917 σύμμορφον
782 1845 861 1911 τῷ
900 1844 1127 1914 σώματι
1174 1843 1287 1912 τῆς
1325 1842 1510 1909 δόξης
1540 1842 1726 1895 αὑτοῦ
1757 1858 1771 1871 ο

199 1941 262 1994 οὑ
310 1942 410 2011 τὴν
459 1943 539 2004 εἰς
598 1940 797 2010 ἑτέραν
857 1937 1074 2008 μορφὴν
1133 1936 1497 2007 μεταποίησιν
1560 1935 1767 2002 λέγων·

199 2033 383 2099 ἄπαγε
408 2049 423 2062 ·
462 2032 561 2104 τὴν
619 2032 684 2084 ὲκ
732 2029 942 2100 φθορᾶς
979 2028 1036 2081 δὲ
1071 2026 1276 2098 μᾶλλον
1335 2027 1415 2089 είς
1460 2024 1773 2095 ἀφθαρσίαν

198 2123 526 2194 ἐναλλαγήν.

283 2302 453 2357 Ἀλλ’
492 2301 611 2369 ἐρεῖ
656 2315 773 2367 τις’
813 2298 945 2366 Πῶς
972 2298 1303 2368 ἐγείρονται
1346 2313 1399 2353 οι
1434 2299 1671 2368 νεκροί;
1712 2301 1775 2351 Ὤ

198 2395 301 2465 τῆς
329 2393 586 2457 ἀπιστίας
612 2396 625 2447 l
665 2393 711 2447 ὣ
738 2394 839 2462 τῆς
867 2393 1181 2464 ἀφροσύνης
1209 2392 1222 2444 l
1262 2391 1322 2445 Ὀ
1351 2390 1478 2462 χοῦν
1511 2394 1589 2457 είς
1618 2392 1777 2463 σῶμα

201 2484 466 2555 βουλήσει
514 2485 650 2555 μόνῃ
695 2483 1062 2555 μεταϐαλὼν,
1110 2485 1138 2537 6
1178 2483 1384 2554 μικρὰν
1440 2484 1629 2555 ρανίδα
1679 2482 1775 2537 τοῦ

204 2576 526 2646 σπέρματος
552 2577 610 2628 ὲν
642 2578 705 2645 τῇ
737 2575 923 2645 μήτρᾳ
964 2572 1151 2638 αὕξειν
1194 2572 1542 2644 προστάξας,
1586 2573 1682 2627 καὶ
1713 2575 1777 2627 τὸ

203 2670 486 2733 πολυειδὲς
531 2668 690 2723 τοῦτο
715 2708 730 2735 ,
783 2670 882 2722 καὶ
946 2667 1299 2739 πολύμορφον
1347 2668 1635 2723 ἀποτελεῖν
1681 2667 1775 2722 τοῦ

205 2759 459 2831 σώματος
485 2760 735 2831 ὄργανον,
766 2760 887 2830 οὐχὶ
915 2760 1116 2830 μᾶλλον
1139 2760 1201 2813 τὸ
1226 2759 1472 2827 γεγονὸς,
1502 2760 1596 2812 καὶ
1622 2759 1776 2829 διαρ-

204 2853 357 2921 ῥυὲν,
392 2854 689 2923 ἀναστήσει
735 2853 919 2918 πάλιν,
956 2853 1118 2922 μόνον
1155 2851 1471 2922 βουληθείς;
1508 2852 1663 2916 Ποίῳ
1710 2850 1779 2904 δὲ

201 2945 433 3015 σώματι
464 2946 780 3014 ἐρχονται;
823 2946 1052 3014 Ἀφρον
1074 2986 1090 3010 ,
1150 2946 1200 2996 εἰ
1240 2946 1353 3006 τοῖς
1388 2943 1485 2996 τοῦ
1518 2941 1654 2996 Θεοῦ
1688 2942 1778 2995 λό-

202 3053 326 3105 γοις
363 3036 642 3090 πιστεύειν
671 3037 705 3108 ἡ
734 3034 991 3105 πώρωσις
1029 3034 1090 3089 οὐ
1132 3035 1451 3104 συγχωρεῖν
1476 3072 1491 3096 ,
1528 3031 1633 3086 κᾶν
1665 3034 1778 3097 τοῖς
1805 3067 1847 3124 c

202 3127 388 3199 ἐργοις
414 3129 658 3181 πίστευε.
690 3128 774 3182 Σὺ
798 3126 905 3198 γὰρ
939 3127 970 3181 ὃ
993 3127 1265 3196 σπείρεις
1290 3128 1363 3181 οὐ
1392 3125 1772 3190 ζωοποιεῖται,

201 3220 313 3274 ἐὰν
340 3218 428 3288 μὴ
462 3219 734 3287 ἀποθάνῃ
754 3236 767 3249 '
803 3219 900 3273 καὶ
923 3218 955 3272 ὃ
996 3219 1283 3286 σπείρεις,
1315 3218 1386 3271 οὺ
1411 3216 1478 3270 τὸ
1511 3216 1685 3285 σῶμα
1710 3216 1778 3270 τὸ

203 3312 619 3383 γενησόμενον
648 3312 950 3379 σπείρεις,
984 3311 1145 3365 ἀλλὰ
1175 3310 1407 3380 γυμνὸν
1432 3310 1690 3373 κόκκον,
1725 3310 1779 3363 ει

203 3409 397 3475 τύχοι,
443 3408 620 3462 σίτου
641 3448 656 3470 ,
692 3406 731 3475 ἤ
764 3423 930 3473 τινος
964 3406 1085 3460 τῶν
1124 3404 1375 3461 λοιπῶν.
1424 3405 1487 3459 '0
1522 3404 1592 3457 δὲ
1636 3404 1780 3470 Θεὸς

199 3498 368 3562 αὐτῷ
395 3497 605 3551 δίδωσι
637 3497 827 3568 σῶμα,
879 3497 1072 3565 καθὼς
1100 3498 1390 3573 ἠθέλησε,
1424 3497 1521 3550 καὶ
1544 3496 1781 3561 ἑκάστῳ

204 3583 326 3639 τῶν
350 3585 707 3655 σπερμάτων
734 3586 801 3639 τὸ
831 3586 987 3641 ιδιον
1013 3587 1206 3655 σῶμα.
1237 3585 1444 3639 θέασαι
1475 3585 1678 3648 τοίνυν,
1704 3584 1781 3647 ὡς

203 3679 264 3731 ἐν
316 3678 512 3747 τάφοις
568 3681 686 3743 ταῖς
722 3677 916 3743 αὕλαξι
972 3679 1040 3733 τὰ
1092 3680 1384 3749 σπέρματα
1430 3676 1781 3748 καταχωννύ-

206 3787 371 3839 μενα.
413 3771 511 3834 Τίς
557 3772 585 3824 6
631 3770 842 3835 τούτοις
888 3771 1045 3842 ῥίζας
1079 3770 1333 3832 ἐντιθεὶς,
1376 3769 1656 3840 καλάμην,
1687 3768 1781 3822 καὶ

203 3865 407 3933 φύλλα,
436 3866 532 3916 καὶ
574 3854 835 3935 ἀστάχυς,
867 3864 1111 3925 καὶτοὺς
1151 3862 1517 3925 λεπτοτάτους
1563 3862 1782 3935 ἀνθέρι-

203 3975 309 4019 sta;
339 3964 365 3992 ³
390 3973 405 4021 ;
428 3958 431 3961 λ
457 3958 570 4026 Οὐχ
607 3958 635 4010 6
683 3957 791 4009 τῶν
836 3956 974 4009 ὅλων
1014 3955 1389 4026 Δημιουργός;
1423 3954 1535 4007 063'
1570 3953 1665 4007 τοῦ
1712 3952 1781 4005 τὰ

203 4049 390 4104 πάντα
427 4049 840 4120 τεκτηναμένου
887 4048 948 4101 τὸ
993 4049 1361 4119 πρόσταγμας
1409 4045 1567 4099 Οὕτω
1601 4045 1781 4099 τοίνυν

202 4142 469 4205 πίστευε,
520 4145 617 4195 καὶ
668 4139 779 4193 τῶν
820 4139 1029 4209 νεκρῶν
1072 4139 1168 4209 τὴν
1211 4139 1510 4193 ἀνάστασιν
1561 4136 1781 4191 ἔσεσθαι

201 4234 328 4305 θείᾳ
362 4234 616 4304 βουλήσει
649 4233 748 4286 καὶ
781 4231 1032 4302 νεύματι.
1080 4230 1388 4302 Σύνδρομον
1414 4229 1525 4301 γὰρ
1567 4229 1680 4300 ἔχει
1710 4230 1777 4300 τῇ

203 4324 466 4395 βουλήσει
496 4325 594 4394 τὴν
616 4322 866 4394 δύναμιν.

274 4438 321 4468 ³³
349 4436 368 4490 1
401 4436 530 4490 Cor.
563 4451 652 4499 xv,
687 4436 774 4490 55.
849 4434 897 4466 “
934 4433 1066 4489 ibid.
1095 4433 1285 4488 4244.
1361 4434 1405 4464 ”
1433 4431 1601 4487 Marc.
1659 4436 1776 4495 xn,‘

1941 4430 1986 4461 "
2012 4427 2227 4497 Philipp

201 4507 404 4563 haeres.
437 4506 491 4573 6,
516 4508 569 4560 4.
648 4506 739 4559 “l
776 4504 904 4561 Cor.
934 4521 1024 4568 xv,
1067 4505 1157 4561 55.
1233 4505 1279 4535 ³⁸
1332 4503 1524 4573 Epiplt.
1568 4504 1759 4555 Ancor.

1896 4500 1987 4554 95.

1876 479 2017 532 enim
2058 478 2396 547 corruptibile
2442 477 2539 533 hoc
2588 478 2800 533 induere
2853 483 3300 554 incorruptionem
3331 503 3350 542 :
3405 500 3456 543 et

1878 568 2102 621 mortale
2129 566 2226 621 hoc
2254 568 2469 621 induere
2512 568 2967 624 immortalitatem
2993 574 3060 625 “.
3097 576 3175 628 Ac
3211 591 3405 632 rursus
3438 584 3504 627 ιν·

1878 656 2186 712 Seminatur
2230 659 2285 711 in
2333 660 2688 725 corruptione,
2730 672 2909 731 surget
2939 664 2993 715 in
3027 665 3451 734 incorruptione,

1877 752 2169 803 seminatur
2219 750 2275 803 in
2320 750 2672 818 inﬁrmitate,
2710 762 2888 822 surget
2928 754 2983 806 in
3029 754 3256 817 virtute;
3294 761 3453 810 semi-

1878 854 2037 897 natur
2099 844 2154 897 in
2209 844 2569 913 ignobilitate,
2614 854 2789 914 surget
2850 845 2905 898 in
2957 846 3153 915 gloria.
3207 844 3450 901 Semina-

1878 944 1964 988 tur
2001 950 2190 1003 corpus
2230 934 2481 1001 animate,
2524 934 2631 989 hoc
2679 944 2786 1001 est,
2831 951 3080 993 crassum
3114 946 3169 993 et
3199 940 3450 1003 mortale,

1877 1034 2055 1096 surget
2081 1042 2272 1095 corpus
2294 1025 2573 1096 spirituale
2592 1025 2638 1059 ⁸⁵
2660 1066 2678 1093 ,
2709 1025 3066 1095 immutabile,
3086 1030 3452 1100 impassibile,

1879 1117 2083 1174 subtile
2107 1118 2235 1188 (hoc
2259 1118 2405 1174 cnim
2436 1118 2733 1190 signiﬁcat,
2768 1121 3064 1189 spirituale,
3100 1122 3263 1192 quale
3289 1123 3453 1176 nimi-

1879 1225 2000 1265 rum
2037 1220 2159 1280 post
2192 1210 2659 1266 resurrectionem
2678 1208 2893 1265 Domini
2925 1225 3126 1281 corpus
3152 1220 3292 1278 erat,
3330 1228 3453 1267 cum

1875 1302 2063 1371 januis
2094 1302 2305 1359 clausis
2330 1300 2636 1372 transiret),
2666 1302 3041 1372 infatigabile,
3075 1319 3172 1360 nec
3204 1306 3329 1361 cibo
3360 1315 3455 1361 aut

1880 1408 2076 1449 somno
2103 1403 2199 1449 aut
2242 1402 2375 1465 potu
2416 1393 2691 1465 indigens.
2726 1393 2900 1448 Erunt
2934 1398 3095 1461 enim,
3137 1398 3315 1468 inquit
3350 1399 3455 1454 Do-

1880 1487 2086 1551 minus,
2119 1490 2259 1542 sicut
2290 1489 2463 1558 angeli
2496 1487 2595 1542 Dei
2624 1490 2689 1543 ’⁵.
2726 1487 2837 1545 Nec
2861 1489 2973 1559 jam
3007 1491 3213 1561 nuptiis
3251 1499 3346 1547 aut
3387 1494 3451 1545 li-

1878 1578 2138 1632 berorum
2172 1578 2545 1648 procreationi
2581 1579 2736 1634 locus
2771 1580 2897 1634 erit.
2937 1580 3021 1634 Ait
3063 1581 3265 1652 quippe
3312 1583 3453 1637 divi-

1879 1683 1985 1723 nus
2015 1668 2357 1738 Apostolus:
2392 1667 2599 1723 Nostra
2652 1672 2980 1725 conversatio
3029 1673 3086 1725 in
3137 1673 3281 1726 caelis
3329 1685 3407 1727 est
3435 1693 3452 1728 ,ο

1876 1759 2015 1815 unde
2026 1761 2187 1815 etiam
2211 1760 2540 1816 Salvatorem
2560 1773 2922 1832 exspectamus
2952 1765 3233 1820 Dominum
3250 1766 3450 1830 Iesum.

1876 1852 1967 1923 qui
2010 1852 2322 1922 reformabit
2354 1869 2542 1922 corpus
2589 1855 2907 1911 humilitatis
2960 1869 3174 1923 nostra’,
3223 1868 3280 1913 ut
3330 1876 3454 1914 con-

1878 1942 2046 2011 [orme
2070 1944 2167 2011 ﬁat
2213 1945 2423 2011 corpori
2464 1946 2730 2001 claritatis
2757 1964 2868 2001 sum
2906 1949 2971 2002 ’⁸.
3008 1949 3129 2015 Quo
3164 1950 3306 2013 loco.
3344 1967 3451 2005 non

1878 2039 2237 2090 mutationem
2266 2036 2320 2091 in
2352 2036 2579 2092 alteram
2609 2036 2839 2092 formam
2865 2040 3122 2111 intelligit
3142 2041 3451 2111 (absithoc)

1878 2140 2066 2181 verum
2117 2127 2553 2183 immutationem
2611 2130 2891 2203 potius’cx
2922 2134 3237 2202 corruptela
3268 2134 3335 2188 ad
3370 2136 3455 2188 in-

1881 2217 2253 2287 corruptionis
2290 2225 2497 2273 statum
2525 2219 2592 2272 ’⁷.

1948 2305 2134 2362 Simile
2158 2306 2223 2360 ab
2248 2307 2467 2362 humani
2495 2309 2731 2377 corporis
2766 2310 3130 2375 productione.
3158 2343 3227 2353 —
3248 2312 3317 2366 At
3366 2313 3451 2367 rli-

1878 2408 1954 2453 cet
1979 2398 2172 2468 aliquis
2202 2412 2221 2451 :
2250 2397 2525 2464 Quomodo
2557 2401 2752 2454 mortui
2776 2413 3044 2472 resurgant
3074 2403 3160 2456 "?
3198 2402 3339 2458 Proh
3370 2406 3453 2458 in—

1878 2489 2294 2545 credulitatem!
2343 2491 2486 2545 Proh
2525 2491 2856 2548 dementiam
2886 2493 2898 2546 ι
2932 2492 3034 2559 Qui
3064 2495 3345 2563 pulverem
3396 2496 3453 2550 in

1878 2597 2083 2654 corpus
2122 2582 2238 2639 sola
2286 2583 2564 2638 voluntate
2601 2583 2832 2637 mutavit
2866 2602 2878 2638 :
2917 2584 3009 2654 qui
3052 2585 3304 2655 exiguam
3340 2602 3455 2639 ma-

1880 2675 2031 2729 teriae
2061 2681 2269 2745 guttam
2322 2674 2375 2728 in
2427 2683 2586 2729 utero
2629 2674 2972 2745 atnpliticari,
3023 2676 3349 2745 variumque
3390 2691 3454 2728 ac

1878 2765 2163 2836 multiplex
2193 2765 2443 2835 corporis
2489 2780 2753 2836 organum
2786 2765 3000 2820 cﬂicerc
3023 2764 3191 2835 jussit
3216 2804 3230 2829 ,
3271 2782 3453 2820 annon

1880 2859 2054 2914 multo
2075 2858 2249 2929 magis
2276 2858 2329 2911 id
2363 2858 2506 2927 quod
2542 2858 2643 2911 fuit
2669 2872 2733 2910 ae
2763 2856 3012 2923 deﬂuxit,
3042 2873 3166 2912 cum
3192 2858 3451 2921 voluerit,

1880 2966 2103 3007 rursum
2137 2950 2399 3005 excitabit
2437 2950 2522 3001 '9?
2572 2949 2794 3016 Qualive
2835 2965 3051 3017 corpore
3083 2952 3282 3005 venient
3307 2952 3331 3004 ?
3360 2950 3455 3004 In-

1882 3042 2097 3109 sipiens,
2149 3039 2196 3094 si
2229 3054 2293 3093 ea
2326 3048 2411 3094 est
2454 3038 2746 3094 obduratio
2780 3046 2896 3102 tua,
2948 3048 3006 3093 ut
3049 3047 3102 3094 te
3132 3039 3225 3095 Dei
3270 3042 3455 3097 verbis

1882 3131 2041 3186 ﬁdem
2094 3128 2352 3184 adhibere
2404 3142 2513 3184 non
2565 3129 2731 3193 sinat,
2773 3130 3036 3201 operibus
3092 3131 3282 3187 saltem
3334 3134 3456 3201 ejus

1881 3219 2044 3275 crede
2075 3238 2088 3273 :
2128 3216 2274 3272 Nam
2301 3227 2358 3275 tu
2390 3218 2527 3289 quod
2568 3220 2822 3282 seminus,
2855 3236 2959 3274 non
3006 3221 3323 3291 viviﬁcatur,
3353 3223 3456 3276 nisi

1880 3312 2027 3377 prius
2049 3310 2329 3363 moriatur.
2353 3308 2418 3364 Et
2437 3308 2574 3379 quod
2592 3309 2842 3374 seminus,
2865 3325 2968 3362 non
2993 3312 3353 3380 corpus,quod
3368 3312 3458 3380 {tt--

1882 3411 2059 3457 turum
2085 3410 2183 3469 est,
2206 3402 2453 3467 seminus,
2469 3398 2631 3471 304
2648 3399 2738 3453 sed
2760 3399 2958 3454 nudum
2979 3417 3223 3471 granum,
3253 3410 3308 3455 ut
3330 3411 3457 3470 puta

1883 3495 2066 3559 tritici,
2096 3503 2189 3547 aut
2214 3492 2445 3562 alicujus
2472 3500 2806 3546 ceterorum.
2848 3490 2991 3547 Deus
3038 3502 3214 3548 autent
3249 3493 3343 3547 dat
3375 3494 3459 3548 illi

1882 3604 2091 3657 corpus,
2127 3589 2263 3642 sicut
2305 3586 2416 3641 vult
2442 3601 2464 3649 ;
2494 3596 2542 3638 et
2577 3585 2854 3653 unicuique
2900 3586 3159 3639 seminum
3186 3588 3458 3653 proprium

1883 3696 2069 3748 corpus
2105 3678 2172 3733 ³⁸.
2202 3675 2593 3745 Contemplare
2644 3674 2833 3744 itaque
2883 3675 3096 3728 semina
3151 3675 3206 3728 in
3259 3676 3457 3736 sulcis,

1882 3786 1994 3825 non
2027 3782 2191 3824 secus
2240 3774 2404 3836 atque
2444 3765 2499 3818 in
2550 3764 2841 3833 sepulcris,
2900 3762 3139 3818 defossa.
3192 3763 3459 3828 Quisnam

1884 3857 2050 3928 igitur
2078 3855 2318 3917 radices,
2362 3862 2417 3909 et
2458 3853 2754 3917 calamum,
2787 3861 2840 3907 et
2887 3851 3040 3915 folia,
3071 3862 3123 3907 ct
3155 3853 3371 3923 spicas,
3407 3864 3461 3906 et

1883 3947 2272 4006 subtilissimas
2311 3945 2511 3999 aristas
2552 3942 2785 3999 inserit?
2816 3945 3011 3997 Annon
3048 3943 3139 3997 ille
3168 3942 3458 3998 universo-

1882 4056 2004 4096 rum
2033 4037 2251 4109 opilex?
2303 4038 2499 4091 Annon
2530 4034 2653 4106 ejus
2692 4036 2785 4105 qui
2816 4036 2999 4090 omnia
3034 4034 3340 4090 fabricatus
3376 4047 3461 4088 est

1878 4130 2079 4202 jussio?
2093 4127 2170 4183 Ad
2186 4129 2332 4183 hunc
2349 4126 2533 4197 itaque
2546 4124 2787 4187 modum,
2805 4126 2969 4180 etiam
2992 4125 3083 4180 Dei
3107 4125 3384 4180 voluntate
3396 4141 3460 4179 ac

1884 4233 2038 4287 nutu,
2073 4229 2412 4276 mortuorum
2442 4217 2906 4274 resurrectionem
2940 4214 3056 4271 fore
3077 4217 3306 4271 credito.
3333 4216 3461 4271 Ete-

1884 4314 1993 4369 nim
2006 4312 2245 4383 potentia
2260 4311 2432 4382 ipsius
2448 4310 2779 4366 voluntatem
2795 4323 2950 4379 aequo
2965 4307 3135 4378 gradu
3148 4310 3458 4363 comitatur.

2233 4468 2248 4484 .
2286 4442 2367 4491 nt,
2394 4426 2484 4489 «ιο,
2525 4426 2614 4497 2i.
2690 4422 2919 4495 "Nysa.
2962 4424 3155 4489 citat.;
3186 4426 3455 4497 Epipftan.

2063 4500 2107 4531 ³³
2164 4496 2343 4552 Ιίϐοι.
2372 4514 2458 4563 xv,
2494 4496 2680 4551 55-38.
3296 4496 3301 4497 “
3462 4538 3471 4545 .

1506 4617 1741 4674 VARIAL'
1783 4616 2071 4673 LECTION
2081 4616 2183 4671 ES.

276 4730 305 4758 ιι
342 4718 499 4774 Edita
520 4717 839 4778 ἀκοπίατον,
873 4724 925 4769 et
958 4714 1117 4785 paulo
1159 4722 1302 4784 post,
1334 4714 1428 4766 ἐπὶ
1460 4713 1691 4785 πόσεως.

201 4791 363 4864 Regii
393 4792 427 4845 4
460 4787 832 4858 ἁνΟερίσκους.
908 4792 935 4832 Y
962 4784 1135 4840 Abest
1170 4785 1254 4849 οὺ,
1308 4786 1362 4839 in
1408 4784 1591 4839 editis.

1771 4719 1796 4746 τ
1834 4712 1976 4767 Edit.
2006 4712 2066 4762 οὐ
2117 4710 2396 4762 πιστεύειν
2420 4713 2452 4779 ἡ
2492 4708 2751 4778 πώρωσις
2788 4710 3079 4780 συγχωρεῖ.

3157 4711 3180 4738 π
3211 4702 3369 4759 Colb.
3409 4713 3462 4757 et

1706 4936 1939 4993 ΝΟΤᾸΕ.

276 5047 393 5119 (Η)
414 5042 747 5119 ,Ἐγείρετψ
778 5039 949 5109 σῶμα
978 5036 1407 5119 πνευματικόν-
1446 5034 1629 5119 δτίῖθίί
1664 5051 1774 5119 Εοϊῖ
1809 5038 1850 5094 θ
1878 5049 2016 5119 731?.“
2047 5026 3287 5119 μετῆβὲλίὲἳ-.ἶτΥΞἚεέατίῗῖήΥνμῖξ,ἕξέῖίίέῗᾳέίῖἠ
3316 5030 3462 5119 fui?

196 5105 301 5189 ρυὲ
342 5105 640 5186 spirituale.
675 5105 1029 5189 Resurrcctio
1072 5105 1290 5187 Damiui
1320 5105 1631 5189 exemplum
1671 5105 1775 5160 fuit

197 5175 445 5250 nostric;
480 5192 560 5249 ut,
593 5179 1050 5252 quemadmodum
1079 5175 1490 5252 januisclausis
1516 5189 1776 5252 caenacu-

199 5243 318 5314 lum
352 5243 781 5325 est-ingressus,
825 5264 1002 5325 seque
1042 5243 1407 5325 nihilominus
1445 5243 1775 5325 palpandum

198 5314 793 5397 discipulisprtebuit,
825 5314 973 5397 hinc,
1014 5327 1073 5397 ut
1100 5322 1327 5397 censent
1368 5314 1585 5377 Patres,
1635 5329 1776 5369 novo

199 5391 480 5453 miraculo
507 5391 752 5447 futurum
796 5393 898 5455 sit,
942 5397 1001 5442 ut
1050 5391 1333 5455 beatorum
1368 5399 1601 5454 corpora
1651 5398 1775 5437 cum

199 5467 466 5522 manibus
492 5463 720 5518 tractari
753 5454 972 5530 queant,
1000 5466 1115 5513 tum
1153 5454 1457 5533 subtilitate
1480 5455 1774 5533 donentur,

198 5552 314 5608 qua
351 5524 787 5608 solitla__corpora
827 5537 1134 5608 penetrem.
1156 5524 1359 5608 “Veluti
1386 5524 1657 5608 Dominus.
1684 5540 1780 5576 no-

199 5593 316 5661 s'ter
345 5622 451 5659 non
485 5593 897 5675 aliudfcorpus_
918 5597 1227 5675 suscitavit,
1281 5593 1776 5675 inquit-Epiphan.

197 5677 407 5732 lateres.
437 5675 529 5739 64,
565 5690 621 5728 n.
649 5674 740 5735 62,
768 5665 855 5726 sed
880 5671 1051 5739 ipsum
1090 5666 1227 5737 quod
1271 5675 1407 5728 erat,
1444 5666 1523 5727 εἰς
1574 5665 1776 5717 λεπτό-

526 5768 796 5829 ΡΑτῐιοι..
832 5765 944 5825 Gn.
969 5761 1168 5822 XCIV.

1884 5101 2141 5157 tilitatem
2173 5101 2582 5154 transmutando
2610 5139 2625 5164 ,
2676 5108 2727 5154 et
2774 5101 3060 5168 spirituale
3094 5108 3263 5153 totum
3303 5117 3463 5163 copu-

1885 5172 2070 5235 lando,
2105 5174 2375 5241 ingressus
2400 5178 2500 5241 gest
2529 5185 2618 5237 per
2657 5170 2796 5241 fores
2820 5171 3067 5231 clausas;
3088 5170 3226 5239 quod
3255 5170 3463 5241 quidem

1883 5243 1968 5297 hic
1998 5243 2116 5309 ﬁeri
2166 5239 2344 5310 nequit
2392 5239 2445 5292 in
2489 5240 2795 5310 corporibus
2825 5249 3039 5308 propter
3067 5240 3367 5294 crassitiem
3414 5249 3461 5293 et

1884 5314 2097 5376 molem,
2146 5321 2196 5365 et
2226 5309 2351 5379 quia
2380 5309 2612 5363 nondum
2654 5311 2707 5363 in
2750 5311 3083 5377 spiritualem
3130 5312 3460 5365 coaluerunt.

1886 5382 2106 5437 Videsis
2155 5384 2207 5435 in
2244 5382 2437 5433 Ancor.
2474 5395 2526 5435 n.
2599 5382 2685 5434 95.
2718 5379 2788 5432 At
2827 5392 3054 5435 sanctus
3084 5379 3324 5435 Thomas
3348 5422 3362 5447 ,
3409 5382 3464 5433 in

1887 5453 2171 5523 Supplem.
2191 5458 2387 5523 quaest.
2434 5450 2524 5523 85,
2553 5459 2657 5503 art.
2691 5448 2943 5523 6,do_cet,
2968 5458 3245 5521 utcorpus
3259 5451 3465 5523 glorior

1887 5519 2032 5587 sum,
2062 5536 2267 5590 corpus
2301 5519 2449 5573 aliud
2480 5524 2759 5589 pervadat,
2788 5521 2959 5574 altero
2983 5536 3124 5590 opus
3145 5519 3281 5575 esse
3301 5522 3466 5574 mira-

1888 5593 2039 5655 culo,
2074 5591 2221 5660 quod
2276 5600 2457 5645 tamen
2491 5590 2558 5644 ad
2610 5598 2803 5646 nutum
2854 5591 3092 5646 hominis
3140 5590 3287 5646 beati
3322 5590 3465 5645 Deus

1889 5666 1961 5718 sit
1991 5676 2387 5717 concessurus.

2952 5754 3023 5815 39
