3960 6198
323 370 339 431 l
351 372 455 434 233

1450 372 1546 433 DE
1578 370 2035 433 IMAGINIBUS
2065 368 2344 430 ORATIO
2367 368 2413 428 Ι.

3426 360 3557 429 1234

307 486 515 557 μᾶλλον
538 482 718 555 τούτῳ
751 485 885 556 πρὸς
911 484 971 538 rb
1003 483 1182 555 λέγειν
1203 486 1545 556 νυττόμενος.
1575 488 1756 542 Δεινδν
1776 487 1874 559 γὰρ

1983 481 2181 558 spectu
2213 499 2425 556 regum,
2453 488 2507 538 et
2538 497 2646 537 non
2679 480 3055 537 confundebar
3078 482 3119 538 ⁸.
3161 501 3180 535 ι
3218 483 3361 549 Quin
3389 484 3555 540 etiam

308 576 576 647 βασιλέως
612 575 770 643 λόγος
802 575 941 646 πρὸς
974 575 1278 647 ὑπαγωγὴν
1309 574 1420 631 τῶν
1447 577 1704 649 ὑπηκόων
1725 595 1739 608 ’
1777 579 1884 631 ὀλί-

304 685 391 739 γοι
421 668 531 739 γὰρ
557 669 671 721 ὅσοι
703 668 814 721 τῶν
847 668 1132 735 ἀνέκαθεν,
1164 668 1457 739 βασιλικῶν
1491 671 1883 742 κατωλιγώρη-

306 776 403 812 σαν
443 758 851 827 θεσπισμάτων,
884 758 998 811 ὅσοι
1041 757 1132 811 τὸν
1167 760 1259 811 ἐπὶ
1288 759 1392 829 γῆς
1438 759 1661 831 βασιλέα
1687 801 1701 825 ,
1733 760 1883 830 βασι-

302 849 590 920 λευόμενον
612 849 817 903 οίδασιν
850 849 1076 917 ἄνωθεν,
1104 850 1198 905 καὶ
1227 850 1302 916 ὡς
1334 849 1625 922 κρατοῦσιν
1654 850 1702 904 oi
1728 850 1881 921 νόμοι

302 942 411 994 τῶν
442 938 729 1012 βασιλέων.

374 1116 440 1186 β’.
479 1115 705 1187 Πρῶτον
733 1117 833 1185 μὲν
857 1112 950 1170 οὖν
979 1116 1258 1183 ἁπάντων,
1289 1111 1401 1171 οἷόν
1436 1134 1557 1171 τινα
1599 1118 1811 1187 τρόπιν,
1845 1116 1879 1189 ἢ

302 1208 557 1279 θεμέλιον
604 1207 684 1278 τῷ
727 1206 973 1279 λογισμῷ
1026 1209 1371 1279 καταπήξας,
1411 1209 1512 1280 τὴν
1540 1210 1639 1280 τῆς
1684 1209 1884 1279 ἐκκλη-

303 1300 590 1370 σιαστικῆς
639 1300 999 1370 θεσμοθεσίας
1032 1302 1388 1373 συντήρησιν,
1422 1301 1492 1355 δι’
1518 1296 1587 1373 ἦς
1638 1305 1882 1374 σωτηρία

301 1390 690 1460 προσγίνεσθαι
712 1391 947 1458 πέφυκε,
972 1391 1063 1446 τοῦ
1090 1393 1249 1461 λόγου
1276 1394 1375 1464 τὴν
1400 1394 1622 1465 βαλϐίδα
1647 1396 1879 1467 ηνέῳξα,

302 1480 400 1533 καὶ
428 1478 640 1544 τοῦτον,
669 1480 861 1550 ὥσπερ
902 1482 1067 1535 ἵππον
1101 1482 1400 1552 εὐχάλινον,
1434 1484 1534 1553 τῆς
1578 1484 1882 1555 ἀφετηρίας

301 1572 681 1643 παρὼρμησα.
722 1574 903 1626 Δεινδν
950 1572 1061 1643 γὰρ
1111 1574 1280 1637 ὅντως
1321 1574 1544 1647 ᾠήθην,
1596 1578 1692 1629 καὶ
1738 1576 1882 1645 πέρα

301 1662 528 1729 δεινῶν,
576 1665 857 1727 τοσούτοις
911 1664 1012 1734 τὴν
1061 1664 1392 1734 Ἐκκλησίαν
1453 1665 1882 1736 ἀμαρύσσουσαν

302 1755 705 1826 προτερήμασι,
756 1755 855 1809 καὶ
897 1758 1017 1820 ταῖς
1062 1756 1170 1811 τῶν
1217 1756 1623 1811 εὐσεϐεστάτων
1669 1757 1881 1829 ἀνδρῶν

303 1845 513 1900 ἀνωθεν
560 1848 929 1920 παραδόσεσιν
975 1849 1364 1918 ὼραῖσθεϊσαν,
1394 1848 1740 1903 παλινοστεῖν
1785 1848 1879 1902 ἐπὶ
1913 1840 1957 1896 Β

301 1938 371 1993 τὰ
405 1939 596 2011 πτωχὰ
631 1942 891 2011 στοιχεῖα,
927 1940 1269 2013 φοϐουμένην
1306 1941 1490 2010 φόϐον,
1517 1932 1578 1994 οὗ
1618 1941 1719 1995 οὐκ
1761 1941 1877 1996 ἐστι

303 2027 470 2099 φόϐος
491 2044 507 2061 ο
549 2030 643 2083 καὶ
674 2029 863 2101 ὥσπερ
893 2031 994 2084 οὐκ
1033 2032 1336 2101 ἑγνωκυῖαν
1382 2032 1475 2087 rbv
1520 2032 1689 2098 ὅντως
1720 2032 1873 2097 Θεὸν,

302 2120 615 2190 ὑφορᾶσθαι
640 2122 731 2177 τὸν
765 2125 846 2186 είς
873 2110 1319 2196 εἰδωλολατρείαν
1363 2124 1611 2192 ὄλισθον,
1650 2126 1743 2180 καὶ
1772 2124 1875 2180 κᾶν

299 2209 435 2280 γοῦν
498 2213 557 2265 ἐν
616 2215 963 2286 σμικροτάτῳ
1023 2217 1121 2287 τῆς
1186 2216 1522 2290 τελειότητος
1565 2218 1872 2287 λείπεσθαι,

298 2300 491 2374 ὥσπερ
534 2304 657 2359 τινὰ
708 2305 942 2378 στιγμὴν
984 2308 1283 2379 ὲπίμονονιι
1314 2311 1373 2363 ὲν
1402 2310 1554 2381 μέσῳ
1579 2310 1873 2381 προσώπου

298 2394 422 2450 λίαν
464 2397 809 2468 ὠραϊσμένου
865 2404 1165 2473 φέρουσαν,
1201 2400 1278 2471 τῷ
1320 2402 1510 2472 άπόσῳ
1552 2402 1647 2455 τοῦ
1696 2419 1875 2474 παρα-

298 2487 647 2557 γράμματος,
678 2489 773 2542 τοῦ
818 2490 1049 2555 κάλλους
1079 2492 1140 2545 rb
1186 2494 1294 2545 πᾶν
1340 2493 1764 2565 λυμαινομένην.
1796 2490 1871 2547 Ού

297 2579 406 2648 γὰρ
447 2580 644 2651 μικρὸν
671 2581 734 2634 τὺ
766 2582 982 2653 μικρὸν,
1012 2584 1139 2638 ὅταν
1173 2585 1255 2647 εἰς
1307 2583 1449 2654 μέγα
1476 2584 1706 2657 ἐκφέρῃ,
1735 2584 1870 2639 ὅπου

296 2687 361 2739 γε
395 2672 516 2726 οὐδὲ
554 2674 786 2745 σμικρὸν
823 2674 884 2728 rb
926 2676 1393 2747 παρεγχάραγμα,
1437 2678 1549 2730 ἀνω
1597 2695 1871 2749 κεκρατη-

297 2766 457 2818 κυῖαν
488 2766 815 2839 Ἐκκλησίας
850 2767 1230 2839 ἀνατραπῆναι
1260 2769 1578 2839 παράδοσιν,
1607 2763 1694 2823 οἷα
1734 2786 1869 2824 κατ-

298 2858 657 2924 εγνωσμένων
722 2858 831 2912 τῶν
901 2859 1482 2931 προκαθηγησαμὲνων
1546 2862 1728 2931 ἡμᾶς,
1794 2854 1871 2916 ὧν

295 2947 465 3020 ἐχρῆν
513 2949 959 3022 ἀναθεωροῦντας
1002 2950 1102 3021 τὴν
1152 2950 1531 3022 ἀναστροφὴν,
1583 2950 1869 3023 μιμεῖσθαι

293 3039 395 3109 τὴν
429 3040 629 3097 πίστιν.

365 3126 434 3198 γ’.
478 3130 791 3203 Ἐκλιπαρῶ
819 3131 1020 3198 τοίνυν,
1056 3132 1274 3205 πρῶτον
1316 3134 1415 3204 μὲν
1441 3133 1534 3188 rbv
1558 3136 1869 3208 παντοκρά-

1983 579 2054 634 ob
2115 576 2169 633 id
2217 575 2596 632 vehementius
2658 589 2781 629 sum
2830 573 3113 630 incitatus.
3163 574 3455 630 Enimvero
3489 572 3556 627 ad

1984 669 2239 726 subditos
2268 668 2633 741 pelliciendos
2658 667 2891 721 multum
2935 666 3081 720 valet
3129 670 3276 736 regis
3314 665 3559 721 auctori-

1984 777 2110 823 tas:
2150 770 2352 840 quippe
2383 784 2509 824 cum
2561 767 2723 838 pauci
2780 765 3049 819 hactenus
3097 762 3300 816 fuerint
3331 762 3433 822 illi,
3462 758 3558 830 qui

1983 872 2107 913 cum
2145 873 2300 929 reges
2348 866 2507 913 teme
2538 855 2683 926 regis
2736 852 2981 909 caelestis
3019 849 3251 921 imperio
3304 848 3555 912 subesse,

1984 962 2252 1017 regesque
2306 946 2518 1017 legibus
2565 944 2835 1000 obnoxios
2893 956 3018 999 esse
3046 940 3320 1007 noverint,
3370 938 3559 1008 iniqua

1984 1037 2229 1107 ipsorum
2256 1035 2414 1105 iussa
2450 1044 2856 1104 contempsere.

2054 1128 2109 1182 2.
2150 1126 2265 1184 Hoc
2319 1128 2507 1198 itaque
2538 1142 2640 1182 ceu
2684 1124 2965 1197 principio
2992 1123 3255 1194 quodam,
3292 1122 3407 1178 sive
3438 1120 3561 1175 fun-

1983 1215 2261 1282 damento,
2316 1216 2481 1270 menti
2536 1215 2839 1285 proposito,
2883 1220 2945 1268 ut
2983 1212 3246 1267 nimirum
3298 1211 3560 1267 ecclesia-

1984 1307 2148 1373 stica,
2182 1321 2281 1377 per
2315 1320 2479 1376 quam
2528 1305 2679 1361 salus
2724 1304 2960 1376 paritur,
3004 1302 3277 1358 institutio
3324 1300 3559 1358 tenenda

1984 1398 2075 1463 sit,
2127 1396 2368 1451 orationi
2431 1410 2687 1467 campum
2724 1396 2937 1466 aperui,
2993 1410 3103 1464 quo
3154 1392 3324 1447 veluti
3379 1406 3560 1462 equus

1983 1498 2133 1544 recte
2183 1488 2357 1543 frenis
2413 1487 2829 1557 obtemperans.
2860 1502 2890 1541 e
2934 1484 3255 1540 carceribus
3284 1482 3553 1537 dimissus

1982 1586 2329 1634 excurreret.
2366 1576 2511 1633 Vere
2542 1578 2715 1644 enim,
2748 1592 2812 1633 ac
2835 1577 2979 1631 ultra
3011 1591 3177 1647 quam
3210 1576 3319 1631 dici
3360 1575 3556 1645 possit,

1983 1684 2150 1740 grave
2187 1669 2684 1739 calamitosumque
2732 1667 3070 1733 existimavi,
3120 1667 3419 1722 Ecclesiam
3477 1673 3562 1720 tot

1984 1759 2288 1832 fulgentem
2318 1759 2725 1833 prazrogativis,
2756 1767 2812 1815 et
2852 1759 3340 1815 sanctissimorum
3382 1757 3561 1812 homi-

1986 1867 2140 1920 num,
2173 1853 2440 1924 majorum
2488 1861 2805 1909 nostrorum
2852 1851 3233 1908 sanctionibus
3283 1858 3557 1914 ornatam,

1985 1944 2055 1998 ad
2087 1956 2261 2013 egena
2319 1942 2597 1999 elementa
2652 1942 2906 1998 converti
2933 1943 2977 2007 ⁸,
3026 1942 3253 2012 illicque
3284 1941 3561 2012 trepidare

1984 2035 2207 2099 timore,
2237 2034 2329 2090 ubi
2372 2050 2489 2090 non
2541 2042 2627 2091 est
2659 2034 2827 2090 timor
2854 2034 2896 2101 ';
2929 2033 2973 2090 si
3016 2041 3278 2104 tanquam
3315 2032 3407 2088 Dei
3444 2033 3559 2089 veri

1983 2127 2190 2191 nescia,
2226 2126 2641 2197 prolapsionem
2677 2126 2746 2181 ad
2794 2125 3073 2181 idolorum
3122 2125 3332 2180 cultum
3361 2124 3559 2182 subve-

1982 2226 2191 2285 reatur,
2227 2219 2421 2290 sicque
2447 2220 2535 2274 vel
2578 2218 2871 2273 minimum
2918 2232 2948 2272 a
3001 2214 3340 2288 perfectione
3385 2214 3561 2270 desci-

1982 2318 2123 2378 scat,
2155 2326 2220 2368 ac
2253 2312 2416 2383 quasi
2473 2327 2687 2368 naevum
2737 2311 3031 2383 quemdam
3080 2310 3405 2375 durabilem,
3462 2307 3559 2380 qui

1982 2404 2418 2462 inconcinnitate
2474 2421 2574 2463 sua
2603 2414 2947 2463 venustatem
3005 2421 3225 2461 omnem
3291 2403 3557 2470 maculet,

1980 2497 2036 2550 in
2076 2493 2477 2552 formosissimi
2534 2498 2650 2553 oris
2704 2495 2889 2552 medio
2938 2502 3139 2567 gestet.
3180 2494 3369 2566 Neque
3426 2507 3559 2549 vero

1979 2588 2191 2644 erroris
2223 2604 2390 2660 parva
2418 2595 2551 2645 nota
2580 2596 2683 2653 est,
2721 2596 2963 2645 veterem
3005 2586 3267 2643 Ecclesiae
3314 2585 3560 2656 discipli-

1978 2696 2132 2747 nam,
2176 2681 2582 2738 consuetudine
2624 2681 2961 2745 roboratam,
2999 2680 3327 2742 convellere,
3380 2676 3555 2745 majo-

1978 2787 2180 2843 resque
2233 2782 2458 2828 nostros
2508 2787 2843 2844 quocunque
2883 2772 3048 2828 modo
3094 2771 3394 2833 damnare;
3425 2781 3557 2837 quo-

1978 2878 2101 2918 rum
2180 2864 2669 2927 conversationem
2747 2863 3050 2931 intuentes,
3121 2860 3325 2917 imitari
3392 2859 3554 2915 fidem

1976 2955 2263 3025 oportebat
2282 2956 2322 3011 ⁸.

2052 3135 2107 3191 '5.
2142 3133 2389 3189 Primum
2422 3132 2616 3203 igitur,
2668 3130 2736 3187 ad
2771 3144 2869 3185 vos
2913 3128 3079 3185 verba
3136 3128 3411 3192 facturus,
3446 3140 3559 3181 om-

294 3237 429 3292 τορα
460 3221 683 3292 Κύριον,
711 3200 761 3290 ’ᾧ
791 3224 972 3296 γυμνά
1017 3200 1193 3280 πάντα
1228 3200 1328 3280 καὶ*
1362 3200 1834 3299 τετραχηλισμένα
1859 3244 1874 3260 ο

1983 3227 2322 3297 nipotentem
2382 3223 2676 3280 Dominum
2721 3222 2977 3293 elliagito,
3018 3221 3108 3275 cui
3156 3219 3304 3274 nuda
3338 3225 3558 3289 aperta-

295 3312 435 3385 πρὸς
461 3314 606 3384 ὑμᾶς
629 3317 657 3369 ὁ
684 3315 840 3384 λόγος
858 3332 873 3347 ·
906 3316 1084 3371 εἰδότα
1105 3317 1203 3388 τῆς
1224 3318 1485 3389 ταπεινῆς
1516 3336 1618 3390 μου
1650 3319 1876 3391 γνώμης

293 3407 355 3459 ὲν
388 3405 563 3477 τούτῳ
590 3406 651 3460 rb
681 3407 1000 3478 ἀκραιφνὲς,
1031 3408 1125 3461 καὶ
1168 3407 1262 3462 τοῦ
1311 3409 1515 3464 σκοποῦ
1558 3410 1618 3465 rb
1646 3410 1875 3481 είλικρι-

296 3502 407 3568 νὲς,
446 3500 631 3555 δοῦναί
661 3516 750 3571 μοι
785 3500 945 3569 λόγον
984 3503 1041 3554 ὲν
1070 3501 1273 3568 ἀνοίξει
1323 3503 1592 3573 στόματός
1630 3521 1752 3575 μου,
1782 3505 1877 3559 καὶ

294 3592 393 3647 τοῦ
421 3590 513 3644 νοῦ
544 3591 645 3655 τὰς
674 3591 831 3662 ἡνίας
875 3591 1103 3657 οἰκείαις
1148 3594 1338 3664 χερσὶν
1366 3595 1749 3664 ἀναδέξασθαι,
1781 3599 1877 3652 καὶ

296 3683 493 3738 τοῦτον
520 3682 658 3754 πρὸς
698 3684 891 3737 ἑαυτὸν
921 3685 1353 3752 ἐπισπάσασθαι,
1387 3688 1524 3759 πρὸς
1554 3688 1787 3744 ἐνώπιόν
1816 3706 1875 3743 τε

302 3777 396 3829 καὶ
444 3776 657 3830 εὐθεῖαν
685 3776 870 3847 τρίϐον
902 3777 1000 3847 τὴν
1032 3776 1213 3849 ῥύμην
1262 3778 1617 3849 ποιούμενον,
1662 3780 1737 3850 μὴ
1784 3779 1877 3848 ἑγ-

300 3868 551 3922 κλίνοντα
576 3870 710 3940 πρὸς
736 3870 807 3923 τὰ
832 3870 1093 3926 δοκοῦντα
1120 3871 1287 3937 δεξιά,
1316 3871 1350 3942 ἢ
1386 3870 1650 3941 ἀριστερά
1676 3888 1876 3942 γνωρι-

294 3960 499 4029 ζόμενα
520 3976 535 3991 ο
574 3959 693 4029 μεθ’
721 3960 782 4014 ὃν
810 3960 1025 4016 ἅπαντα
1058 3962 1150 4017 τὸν
1176 3962 1269 4015 τοῦ
1300 3960 1435 4015 Θεοῦ
1468 3960 1616 4026 λαὸν,
1641 3962 1704 4014 rb
1726 3960 1877 4025 ἔθνος

292 4050 355 4104 rb
384 4052 560 4121 ἀγιον,
584 4052 647 4105 τὸ
679 4052 950 4123 βασίλειον
983 4054 1303 4123 ἱεράτευμα,
1344 4054 1440 4107 σὺν
1466 4051 1543 4123 τῷ
1570 4052 1722 4122 καλῷ
1748 4070 1871 4105 ποι-

295 4141 422 4212 μένι
455 4142 554 4212 τῆς
585 4142 810 4214 λογικῆς
840 4144 1076 4215 Χριστοῦ
1110 4143 1367 4214 ποίμνης,
1399 4142 1478 4213 τῷ
1504 4141 1601 4213 τὴν
1637 4141 1874 4214 Χριστοῦ

296 4234 580 4304 ίεραρχίαν
619 4237 677 4287 ὲν
704 4235 882 4305 ἑαυτῷ
912 4235 1307 4306 ύπογράφοντι,
1333 4233 1588 4299 δέξασθαί
1638 4251 1739 4305 μου
1777 4235 1874 4287 rbv

293 4322 473 4391 λόγον,
507 4326 625 4395 μετ’
654 4324 969 4394 εὐμενείαςο
1020 4327 1096 4396 μὴ
1142 4325 1218 4397 τῷ
1252 4324 1521 4395 ἐλαχίστῳ
1569 4325 1668 4396 τῆς
1716 4323 1874 4389 ἀξίας

292 4415 686 4487 προσέχοντας,
718 4418 750 4488 ἢ
782 4417 957 4485 λόγων
1000 4417 1400 4488 ἐπιζητοῦντας
1448 4417 1687 4487 στροφάς
1706 4432 1721 4448 ο
1748 4416 1873 4470 ἐπεὶ

290 4508 502 4561 τούτων
548 4510 609 4562 οὐ
649 4509 927 4573 παντελῶς
965 4510 1102 4581 ἴδρις
1148 4510 1176 4562 ὁ
1208 4508 1377 4580 πένης
1410 4507 1520 4577 ἐγώ
1542 4524 1554 4537 ·
1591 4507 1729 4563 ἀλλά
1770 4509 1870 4579 τῆς

289 4598 404 4650 τῶν
434 4599 719 4668 νοημάτων
750 4599 1033 4670 φροντίσαι
1061 4598 1366 4669 δυνάμεως.
1405 4600 1478 4652 Οὐ
1510 4598 1620 4671 γάρ
1644 4600 1703 4652 ὲν
1722 4598 1868 4670 λόγῳ

290 4690 324 4757 ἠ
357 4687 605 4759 βασιλεία
652 4690 762 4745 τῶν
805 4690 1070 4761 οὐρανῶν,
1106 4689 1225 4743 ἀλλ’
1258 4692 1317 4743 ὲν
1360 4690 1607 4761 δυνάμει.
1651 4689 1727 4743 Ού
1760 4690 1868 4761 γὰρ

290 4779 516 4849 νικῆσαι
548 4780 771 4844 σκοπὸς,
793 4780 929 4834 ἀλλά
955 4784 1022 4852 τῇ
1049 4780 1276 4851 ἀληθείᾳ
1304 4780 1687 4853 πολεμουμένῃ
1710 4785 1869 4853 χεῖρα

287 4867 495 4935 ὀρέξαι,
513 4868 611 4938 τῆς
638 4870 1013 4939 προαιρέσεως
1040 4869 1342 4941 ὀρεγούσης
1374 4873 1532 4942 χεῖρα
1562 4871 1866 4943 δυνάμεως.

301 4960 543 5050 ᾎρωιγὺν
563 4962 752 5016 τοίνυν
762 4965 861 5032 τὴν
885 4964 1257 5017 ἀνυπόστατον
1283 4964 1546 5035 ὲπικεκλη
1555 4964 1714 5035 μένος
1733 4966 1869 5037 ἁλή-

288 5049 461 5118 θειαν,
488 5051 737 5106 ἐντεῦθεν
760 5052 854 5106 τοῦ
885 5053 1043 5123 λόγου
1073 5054 1171 5118 τὰς
1194 5054 1369 5125 ἀρχὰς
1398 5056 1719 5127 ποιήσομαι.

357 5230 422 5283 δ’.
463 5226 596 5284 Οἶδα
637 5230 730 5284 τὸν
776 5230 1021 5301 ἀψευδῶς
1072 5232 1332 5287 εἰπόντα·
1375 5249 1393 5284 ι
1427 5230 1631 5301 Κύριος
1673 5232 1703 5283 ὁ
1732 5232 1866 5296 Θεός

285 5338 409 5387 σου,
442 5322 649 5393 Κύριος
675 5318 756 5387 εἷς
784 5324 920 5379 ἔστι.
953 5344 972 5377 ι
1007 5324 1149 5376 Καίο
1185 5341 1205 5374 ι
1236 5324 1442 5395 Κύριον
1479 5324 1572 5377 τὸν
1605 5324 1736 5377 Θεόν
1766 5340 1863 5377 σου

284 5416 712 5486 προσκυνήσεις,
740 5416 837 5469 καὶ
889 5416 1039 5487 αὐτῷ
1092 5415 1240 5487 μόνῳ
1285 5415 1624 5487 λατρεύσεις.
1658 5435 1677 5469 ι
1712 5417 1820 5470 Καί
1844 5433 1861 5451 ο

281 5552 565 5681 "“Psal.
620 5571 812 5625 cxvut,
856 5559 944 5615 46.
1021 5558 1241 5616 ‘Galat.
1285 5577 1357 5626 iv,
1411 5561 1463 5615 9.

1574 5562 1595 5592 '
1632 5560 1777 5617 Psal.
1832 5577 1927 5629 LII,
1967 5559 2020 5614 6.

1974 3333 2085 3390 que
2132 3328 2259 3373 sunt
2304 3316 2520 3383 omnia;
2573 3316 2662 3371 cui
2705 3328 2905 3386 purum
2938 3327 3002 3368 ae
3033 3312 3313 3367 sincerum
3368 3310 3557 3365 hacin

1976 3415 2137 3481 parte
2162 3407 2393 3463 humilis
2459 3421 2658 3463 sensus
2696 3406 2803 3462 mei
2870 3404 3216 3476 propositum
3267 3411 3439 3474 patet,
3497 3410 3557 3458 ut

1974 3498 2114 3557 mihi
2144 3500 2235 3556 det
2271 3512 2586 3555 sermonem
2638 3498 2695 3552 in‘
2748 3498 3040 3569 apertione
3091 3496 3227 3559 oris,
3259 3502 3313 3551 et
3351 3493 3556 3549 mentis

1976 3609 2111 3649 mete
2183 3593 2432 3648 habenas
2491 3592 2733 3662 propriis
2800 3591 3060 3647 manibus
3118 3587 3381 3655 tenendo,
3435 3602 3557 3643 eam

1977 3684 2045 3739 ad
2080 3684 2325 3755 seipsum
2359 3685 2576 3750 trahat;
2615 3698 2728 3753 quo
2764 3682 2822 3738 in
2854 3691 3156 3751 conspectu
3210 3681 3383 3749 ipsius
3407 3688 3557 3732 recto

1975 3772 2199 3827 tramite
2263 3782 2477 3844 pergat,
2536 3785 2638 3827 nec
2674 3770 2743 3824 ad
2792 3786 2855 3825 ea
2903 3770 3162 3831 declinet,
3194 3782 3316 3837 quae
3354 3766 3462 3820 sibi
3496 3765 3555 3819 in

1976 3864 2218 3935 speciem
2270 3879 2402 3919 vera
2437 3863 2713 3927 videntur,
2751 3869 2847 3915 aut
2883 3875 3008 3915 esse
3045 3846 3271 3914 sinistra
3317 3855 3552 3911 noverit.

1976 3954 2188 4010 Dehinc
2259 3969 2457 4025 precor
2500 3954 2818 4009 universam
2881 3950 2975 4005 Dei
3031 3949 3270 4020 plebem,
3338 3952 3552 4017 gentem

1976 4054 2250 4112 sanctam,
2288 4046 2471 4116 regale
2525 4043 2921 4107 sacerdotium,
2974 4056 3086 4095 una
3126 4055 3251 4095 cum
3282 4039 3429 4093 bono
3467 4052 3551 4091 ra-

1975 4140 2205 4195 tionalis
2255 4137 2438 4210 gregis
2485 4136 2693 4193 Christi
2745 4144 2989 4206 pastore,
3041 4132 3137 4204 qui
3186 4144 3463 4187 summum
3495 4129 3553 4183 in

1975 4230 2277 4301 semetipso
2309 4227 2521 4284 Christi
2564 4224 2937 4283 sacerdotium
2994 4222 3275 4295 exprimit,
3306 4230 3366 4275 ut
3393 4220 3553 4278 libel-

1974 4324 2088 4379 lum
2122 4323 2339 4377 huncce
2392 4336 2573 4376 meum
2623 4318 2888 4375 benevolo
2914 4318 3193 4386 excipiant
3225 4316 3410 4369 animo
3440 4334 3453 4368 :
3483 4327 3554 4368 ne

1973 4414 2058 4471 vel
2091 4412 2417 4484 dignitatem
2468 4425 2590 4482 quae
2639 4414 2696 4465 ln
2756 4424 2845 4465 me
2878 4407 3178 4479 perexigua
3229 4413 3337 4472 est,
3375 4404 3552 4474 respi-

1973 4503 2149 4572 ciant,
2183 4504 2264 4560 vel
2300 4502 2596 4558 verborum
2645 4507 2843 4565 artem,
2874 4513 2983 4569 qua
3037 4512 3240 4567 egenus
3262 4511 3365 4567 ego
3403 4492 3550 4548 haud

1973 4596 2112 4653 satis
2167 4594 2367 4667 polleo,
2418 4591 2515 4648 sed
2563 4590 2964 4649 sententiarum
3004 4588 3191 4659 potius
3225 4586 3335 4640 vim
3370 4592 3550 4638 atten-

1975 4690 2134 4747 dant.
2166 4688 2289 4745 Non
2320 4686 2471 4744 enim
2506 4686 2562 4740 in
2588 4699 2868 4750 sermone,
2916 4683 3017 4739 sed
3043 4685 3099 4737 in
3129 4682 3333 4736 virtute
3360 4682 3552 4736 consi-

1973 4783 2069 4840 stit
2100 4795 2329 4851 regnum
2377 4777 2715 4833 cmlorum".
2751 4775 2873 4830 Non
2926 4776 3172 4840 vincere,
3223 4774 3320 4829 sed
3371 4774 3548 4845 impu-

1971 4880 2156 4945 gnatae
2192 4868 2416 4924 veritati
2464 4881 2624 4937 opem
2666 4866 2813 4920 ferre
2863 4864 3207 4936 propositum
3261 4863 3392 4917 mihi
3439 4873 3545 4928 est,

1970 4965 2197 5020 virtutis
2253 4975 2476 5017 manum
2534 4958 2990 5015 subministrante
3036 4958 3179 5012 bona
3239 4957 3544 5011 voluntate.

1975 5055 2345 5122 Quamobrem
2403 5049 2711 5107 substantia
2768 5048 3017 5104 veritatis
3069 5050 3363 5120 implorata
3419 5065 3542 5120 ope,

1973 5147 2104 5201 hinc
2138 5143 2409 5200 orationis
2442 5138 2774 5211 principium
2807 5139 3024 5197 ducam.

2043 5237 2096 5291 4.
2125 5235 2279 5289 Illum
2313 5233 2437 5289 novi
2472 5233 2568 5302 qui
2603 5232 2744 5287 citra
2794 5231 3136 5286 mendacium
3170 5232 3309 5287 dixit
3338 5250 3350 5287 :
3380 5231 3547 5303 309

1980 5347 1999 5381 ι
2022 5326 2287 5383 Dominus
2315 5324 2456 5380 Deus
2491 5334 2638 5390 tuus,
2686 5323 2950 5378 Dominus
2991 5339 3132 5379 unus
3164 5333 3246 5379 est
3270 5323 3310 5378 ⁸.
3349 5342 3368 5375 ι
3433 5322 3541 5381 Et:

1978 5437 1997 5471 ι
2034 5416 2323 5471 Dominum
2372 5413 2541 5468 Deum
2574 5421 2732 5466 tuum
2765 5410 3047 5479 adorabis,
3077 5420 3132 5468 et
3184 5413 3265 5467 illi
3297 5413 3399 5469 soli
3428 5428 3545 5468 ser-
3624 5394 3629 5401 ’

2128 5553 2345 5610 6Hebr.
2402 5566 2530 5617 xm,
2591 5556 2641 5607 7.
2751 5553 2817 5606 ἰ
2873 5552 3002 5607 Cor.
3052 5569 3111 5618 ιι,
3162 5552 3215 5607 5.
3328 5550 3537 5607 'Deut.

1574 5692 1808 5747 VARIA".
1861 5692 1987 5748 LEC
1997 5693 2155 5748 ΤΙΟΝ
2164 5694 2265 5750 ES.

362 5796 390 5828 ι
418 5786 616 5843 Billius
657 5785 945 5857 legendum
986 5786 1276 5857 ἐπίμωμιν
1308 5795 1461 5857 putat
1492 5806 1503 5843 :
1536 5798 1587 5844 ct
1622 5789 1782 5858 paulo
1808 5796 1932 5855 post
1974 5788 2226 5844 emendat
2257 5787 2462 5859 ἀτόπῳ,
2498 5800 2596 5857 pro
2625 5784 2835 5856 ἀπόσῳ,
2868 5801 2967 5841 nec
3004 5785 3127 5841 istic
3163 5785 3323 5839 male.
