3960 6198
497 313 631 384 1235

1684 314 1745 372 S.
1781 309 2102 373 IOANNIS
2143 309 2570 371 DAMASCENI

3571 313 3674 381 1236

492 426 626 482 vies‘
653 425 695 475 ⁸.
732 444 750 477 ι
792 424 924 480 Item
954 442 968 480 :
997 442 1016 477 ι
1051 423 1169 480 Non
1201 423 1373 480 facies
1414 421 1512 478 tibi
1549 419 2066 491 sculptile,omncm

2185 437 2194 471 l
2231 419 2346 472 Οὐκ
2375 417 2589 471 ἔσονταί
2630 434 2712 469 σοι
2742 415 2856 470 θεοὶ
2882 415 3084 486 ἕτεροι.
3117 433 3134 466 ι
3169 414 3307 470 Καί”
3344 434 3363 468 ι
3385 417 3455 471 Οὐ
3479 422 3676 492 ποιήσεις

492 516 912 578 similitudinem
958 532 1150 579 eorum
1217 531 1340 587 quae
1378 517 1434 570 in
1476 513 1617 570 coelo
1656 520 1784 574 Sunt
1818 527 2064 576 sursum,

491 615 546 661 et
580 623 702 678 quae
742 607 795 661 in
831 618 985 664 terra
1019 606 1277 664 deorsum
1308 608 1373 662 ³⁸.
1418 625 1436 658 ι
1494 606 1558 660 Et
1593 625 1608 658 ς
1665 623 1686 656 ι
1712 603 2068 659 Confundan-

495 707 588 753 tur
614 715 811 754 omnes
869 697 963 770 q‘ui
1019 698 1258 753 adorant
1313 698 1592 769 sculptilia
1627 699 1693 753 ”.
1729 715 1748 747 ι
1793 695 2014 752 Necnon
2051 712 2065 747 :

503 810 521 843 ι
557 790 792 848 Pereant
845 792 962 859 dii,
1008 791 1103 862 qui
1153 807 1261 846 non
1327 789 1581 846 fecerunt
1623 789 1826 844 ccelum
1868 799 1922 844 et
1965 799 2072 842 ter-

497 899 614 938 ram
656 885 732 950 ¹²;
771 903 790 936 ›
829 885 1046 953 aliaque
1073 883 1289 937 illorum
1330 881 1557 946 similia,
1597 895 1720 949 qua:
1762 895 1887 935 cum
1940 879 2069 934 olim

497 975 718 1030 locutus
739 982 886 1031 esset
907 973 1051 1029 Deus
1072 974 1324 1044 patribus
1348 974 1401 1027 in
1427 974 1731 1044 prophetis,
1755 973 2071 1030 novissimis

498 1067 693 1121 diebus
750 1066 875 1120 istis
904 1065 1128 1120 locutus
1183 1072 1269 1120 est
1315 1065 1479 1120 nobis
1512 1065 1566 1118 in
1605 1064 1892 1134 unigenito
1931 1062 2072 1118 Filio

499 1171 628 1222 suo,
685 1170 783 1227 per
809 1169 972 1226 quem
1003 1153 1133 1210 fecit
1165 1162 1221 1210 et
1273 1155 1476 1212 saacula
1504 1156 1567 1207 ¹³.
1606 1154 1765 1210 Illum
1805 1155 1931 1210 novi
1979 1154 2073 1225 qui

500 1230 620 1302 ait:
658 1265 676 1298 ι
711 1243 838 1305 Haec
870 1255 956 1302 est
982 1247 1092 1302 vita
1145 1253 1378 1310 aeterna,
1427 1255 1488 1301 ut
1522 1255 1868 1317 cognoscant
1899 1256 1951 1301 te
1985 1261 2076 1301 so-

501 1335 614 1390 lum
647 1333 820 1390 Deum
856 1350 1071 1401 verum,
1105 1345 1161 1391 et
1200 1351 1368 1407 quem
1424 1336 1628 1392 misisti
1669 1335 1859 1392 Iesum
1915 1335 2075 1392 Chri-

501 1435 653 1482 stum
680 1426 794 1482 “.s
849 1426 1031 1482 Credo
1083 1427 1140 1481 in
1180 1443 1349 1482 unum
1408 1428 1602 1494 Deum,
1663 1443 1836 1483 unum
1889 1443 2074 1484 rerum

502 1519 753 1574 omnium
779 1520 1113 1590 principium
1138 1562 1155 1586 ,
1188 1520 1349 1582 initio
1383 1527 1439 1577 et
1464 1520 1742 1603 principio
1771 1529 2075 1596 carentem,

505 1611 838 1678 increatum,
918 1611 1186 1669 interitus
1255 1614 1505 1672 nescium
1572 1620 1628 1668 et
1683 1613 2076 1680 immortalem,

503 1711 772 1760 aeternum
821 1713 878 1764 et
907 1714 1258 1776 perpetuum,
1307 1704 1854 1776 incomprehensum,
1883 1706 2080 1766 invisi-

2172 511 2434 580 γλυπτὸν,
2471 509 2582 562 πᾶν
2623 508 2898 579 ὁμοίωμα,
2924 508 3025 561 ὅσα
3057 508 3116 561 ἐν
3150 506 3227 577 τῷ
3249 508 3447 580 οὐρανῷ
3473 510 3584 575 ἀνω,
3605 519 3676 569 καὶ

2171 605 2272 657 ὅσα
2305 605 2362 656 ὲν
2387 605 2455 674 τῇ
2484 604 2557 672 γῇ
2583 601 2758 660 κάτω.
2789 619 2807 651 ι
2848 599 2987 665 Καίλο
3015 617 3034 652 ‹
3065 598 3497 671 Αίσχυνθήτωσαν
3524 605 3678 670 πάντες

2172 697 2223 749 οἱ
2271 694 2706 767 προσκυνοῦντες
2743 682 2856 756 τοῖς
2892 692 3170 760 γλυπτοῖς.
3205 709 3224 741 ›
3269 693 3408 746 Καί·
3461 714 3479 746 ‹
3502 695 3677 760 8201,07,

2173 789 2264 844 τὸν
2296 788 2527 860 οὐρανὸν
2576 788 2671 843 καὶ
2707 785 2808 857 τὴν
2833 785 2935 857 γῆν
2977 785 3076 838 οὐκ
3125 783 3396 855 ἐποίησαν,
3426 787 3680 843 ἀπολέσθω-

2175 898 2276 934 σαν
2295 897 2311 912 ⁸
2346 899 2365 933 ι
2402 880 2496 934 καὶ
2522 879 2623 932 ὅσα
2653 875 3082 946 τοιουτοτρόπως
3110 875 3276 929 πάλαι
3301 877 3326 928 ό
3351 876 3472 940 Θεὸς
3493 878 3681 948 λαλήσας

2173 975 2286 1033 τοῖς
2315 969 2586 1040 πατράσιν
2635 969 2693 1020 ὲν
2729 962 2850 1030 ’τοῖς
2887 965 3218 1036 προφήταις,
3246 964 3329 1016 ἐπ’
3354 965 3567 1034 ἐσχάτων
3600 969 3682 1019 τῶν

2173 1067 2207 1135 ἡ
2217 1064 2400 1134 μερῶν
2445 1062 2708 1134 ἐλάλησεν
2739 1061 2870 1130 ἡμῖν
2901 1062 2956 1113 ὲν
2987 1057 3065 1127 τῷ
3095 1059 3371 1128 μονογενεί
3413 1057 3556 1112 αὐτοῦ
3581 1059 3680 1128 Titi),

2175 1156 2242 1210 δι’
2273 1151 2334 1211 οὗ
2367 1156 2463 1210 καὶ
2497 1154 2624 1218 τοὺς
2651 1151 2855 1214 αἰῶνας
2883 1149 3168 1220 ἐποίησεν.
3200 1147 3328 1203 Οἶδα
3355 1149 3437 1204 τὸν
3477 1151 3680 1204 εἰπόντα·

2181 1264 2200 1299 ι
2229 1245 2377 1314 Αὖτη
2413 1243 2471 1297 δέ
2505 1249 2652 1298 ἐστιν
2785 1241 3004 1302 αἰώνιος
3045 1237 3185 1308 ζωὴ,
3216 1239 3302 1293 ῐνα
3331 1238 3602 1308 γινώσγωσί
3624 1258 3684 1304 σε,

2174 1339 2266 1393 τὸν
2309 1337 2468 1406 μόνον
2498 1333 2753 1405 ἀληθινὸν
2778 1332 2934 1398 Θεὸν,
2969 1331 3071 1386 καὶ
3101 1330 3160 1383 ὃν
3196 1327 3504 1394 ἀπέστειλας
3526 1333 3685 1403 Ἰησοῦν

2176 1428 2435 1503 Χριστόν.
2465 1446 2484 1480 ι
2518 1425 2766 1481 Πιστεύω
2809 1426 2890 1488 είς
2931 1424 3030 1479 ἕνα
3057 1423 3217 1487 Θεὸν,
3252 1423 3376 1494 μίαν
3401 1425 3497 1492 τῶν
3519 1424 3684 1478 πάντων

2177 1521 2376 1592 ἀρχὴν,
2402 1520 2657 1594 ἄναρχον,
2686 1516 2963 1580 ἀκτιστον,
2995 1513 3306 1585 ἀνώλεθρον
3338 1516 3425 1567 καὶ
3458 1513 3683 1579 ἀθάνατον,

2178 1614 2395 1672 αἰώνιον
2436 1612 2533 1666 καὶ¹
2573 1610 2768 1676 ἀΐδιον,
2805 1608 3224 1679 ἀκατάληπτον,
3252 1605 3535 1678 ἀσώματον,
3563 1608 3684 1676 ἀόρα-

2179 1723 2289 1772 τον,
2328 1703 2764 1776 ἀπερίγραπτον,
2793 1701 3240 1773 ἀσχημάτιστον·
3289 1697 3408 1772 μίαν
3431 1700 3685 1770 ὑπερούσιον

503 1793 696 1861 bilem,
749 1796 1320 1865 incircumscriptum,
1357 1797 1545 1868 ﬁgura:
1575 1804 1854 1869 expertem
1886 1813 1901 1851 :
1949 1798 2081 1854 sub-

2185 1797 2388 1863 οὐσίαν,
2439 1795 2706 1865 ὐπέρθεον
2751 1793 3022 1863 θεότητα,
3072 1792 3134 1845 ὲν
3182 1791 3363 1862 τρισὶν.
3403 1790 3682 1857 ὑποστάσεσι,

503 1888 774 1942 stantiam
820 1902 987 1942 unam
1034 1903 1202 1959 supra
1261 1889 1586 1952 substantiae
1624 1891 1914 1956 rationem,
1956 1889 2080 1948 Dei-

506 1987 679 2032 tatem
733 1994 900 2049 supra
970 1993 1136 2050 quam
1193 1979 1460 2048 divinam,
1523 1981 1576 2035 in
1601 1981 1782 2038 tribus
1806 1982 2080 2054 personis,

507 2070 674 2126 Patre
700 2079 753 2132 et
778 2069 922 2137 Filio
950 2080 1005 2127 et
1057 2069 1268 2142 Spiritu
1316 2081 1507 2132 sancto
1545 2091 1558 2126 :
1604 2073 1710 2144 ipsi
1741 2073 1844 2128 soli
1879 2073 2080 2137 servio,

509 2162 612 2234 ipsi
677 2163 781 2217 soli
819 2161 1024 2218 .lalriae
1084 2163 1297 2224 cultum
1370 2163 1629 2238 adhibet),
1687 2163 1857 2220 Deum
1910 2178 2081 2218 unum

509 2254 702 2320 adoro,
757 2255 1025 2310 Deitatem
1081 2271 1271 2320 unam,
1323 2257 1420 2311 sed
1477 2265 1532 2314 et
1590 2255 1851 2315 Trinitati
1900 2255 2084 2312 servio

511 2359 901 2416 personarum,
943 2360 1139 2415 nempe
1195 2344 1308 2400 Deo
1358 2344 1534 2410 Patri,
1581 2355 1634 2400 et
1686 2345 1797 2400 Deo
1832 2342 1971 2400 Filio
2006 2343 2084 2401 in-

511 2446 761 2503 carnato,
808 2446 863 2496 et
899 2437 1008 2498 Deo
1046 2439 1278 2510 Spiritui
1321 2448 1555 2505 sancto;
1592 2439 1688 2498 uni
1737 2447 1922 2494 tamen
1952 2437 2082 2494 Deo.

510 2530 790 2586 Creaturze
843 2545 951 2584 non
1001 2530 1187 2588 servio
1228 2531 1419 2601 potius.
1458 2547 1623 2607 quam
1655 2531 1950 2598 Creatori;
1987 2545 2083 2586 ve-

510 2637 634 2678 rum
675 2622 780 2692 ipsi
831 2621 1104 2688 Creatori,
1139 2623 1237 2692 qui
1275 2625 1454 2683 instar
1489 2622 1598 2678 mei
1643 2629 1865 2684 creatus
1907 2622 2085 2683 factus

510 2722 617 2778 cst,
653 2722 819 2785 atque
850 2710 988 2768 citra
1030 2714 1115 2770 sui
1165 2713 1580 2786 depressionem
1625 2729 1690 2771 ac
1720 2713 2088 2786 dejectionem

513 2808 577 2862 ad
608 2815 921 2862 creaturam
956 2805 1263 2871 descendit,
1317 2817 1375 2861 ut
1423 2815 1674 2862 naturam
1715 2822 1890 2862 meam
1921 2805 2090 2862 coho-

514 2907 782 2965 nestaret,
810 2899 1123 2968 divinmque
1154 2907 1366 2954 natura:
1398 2913 1484 2954 me
1514 2906 1830 2953 consortem
1861 2896 2084 2954 faceret.

512 2991 688 3045 Simul
719 3006 844 3046 eum
879 3005 1009 3061 rege
1044 3005 1108 3046 ac
1157 2991 1287 3059 Deo,
1341 2991 1616 3060 corporis,
1648 2997 1706 3044 ut
1741 2989 1817 3044 ita
1873 2990 2088 3059 loquar,

516 3096 815 3152 purpuram
856 3082 1061 3149 adoro;
1102 3097 1216 3137 non
1258 3088 1441 3138 tamen
1471 3089 1744 3150 quatenus
1796 3078 2088 3136 indumen-

516 3182 654 3236 tum,
683 3186 860 3242 neque
888 3181 948 3226 ut
974 3178 1226 3241 quartam
1271 3187 1591 3242 personam,
1623 3173 1716 3228 sed
1759 3179 1817 3226 ut
1845 3186 1964 3244 quae
1998 3186 2094 3240 pa.

517 3261 652 3315 riter
680 3262 912 3316 eXsistat
972 3261 1137 3329 Deus,
1165 3261 1426 3334 idemque
1458 3262 1668 3334 absque
1711 3262 2096 3318 immutatione

520 3350 662 3404 facta
700 3350 870 3404 fuerit
897 3365 1021 3405 cum
1058 3365 1146 3415 eo,
1175 3351 1324 3420 quod
1354 3366 1474 3410 eam
1515 3351 1757 3406 inunxit.
1795 3350 1913 3406 Non
1949 3351 2096 3408 enim

520 3447 715 3493 natura
750 3439 936 3494 carnis
973 3439 1041 3493 in"
1072 3439 1342 3495 Deitatem
1377 3439 1594 3506 evasit;
1628 3439 1723 3500 sed
1745 3439 2100 3510 quemadmo-

517 3525 652 3580 dum
693 3525 935 3582 Verbum
987 3543 1218 3583 manens
1250 3528 1305 3582 id
1342 3528 1488 3600 quod
1515 3537 1655 3596 erat,
1691 3530 1813 3586 sine
1863 3545 2100 3585 conver-

520 3619 678 3674 sione
727 3633 858 3674 caro
891 3618 1097 3676 factum
1141 3628 1261 3687 est;
1303 3621 1384 3678 sic
1435 3637 1653 3692 quoque
1701 3637 1830 3680 caro
1858 3620 2096 3679 Verbum

523 3709 668 3766 facta
719 3721 826 3779 est,
879 3726 990 3766 non
1022 3712 1287 3769 amittens
1337 3712 1388 3768 id
1419 3712 1567 3784 quod
1600 3720 1721 3780 est;
1754 3714 1888 3785 quin
1913 3714 2102 3783 potius

522 3801 665 3856 idem
723 3817 850 3876 cum
907 3803 1089 3858 Verbo
1137 3803 1444 3858 secundum
1502 3804 1844 3874 bypostasim
1884 3803 2096 3860 eﬂ‘ecta.

521 3893 892 3961 Quamobrem
953 3896 1250 3964 invisibilis
1316 3896 1411 3952 Dei
1465 3896 1762 3965 imaginem,
1811 3895 2100 3953 eﬂ‘ormare

524 4000 636 4040 non
661 3985 880 4054 dubito,
915 4002 1023 4042 non
1065 4002 1174 4059 qua
1228 3987 1526 4045 invisibilis
1559 3998 1663 4053 est,
1699 3988 1795 4045 sed
1836 4005 1943 4060 qua
1973 4004 2099 4059 pro-

2185 1891 2382 1961 Πατρὶ,
2411 1887 2674 1958 καὶιΥίῴ,
2705 1887 2801 1941 καὶ
2827 1886 2968 1956 ἀγίῳ
2999 1883 3308 1955 Πνεύματι,
3340 1883 3428 1937 καὶ
3449 1883 3593 1949 τούτῳ
3615 1883 3683 1952 μό·

2184 2001 2261 2054 νῳ
2290 1980 2560 2053 λατρεύω,
2591 1979 2686 2036 καὶ
2719 1978 2896 2047 τούτῳ
2928 1977 3085 2047 μόνῳ
3113 1975 3368 2047 προσάγω
3391 1975 3479 2046 τὴν
3503 1974 3584 2042 τῆς
3617 1973 3682 2025 λα-

2185 2077 2372 2150 τρείας
2414 2073 2808 2147 προσκύνησιν.
2826 2070 2943 2124 Ἑνὶ
2972 2069 3104 2140 Θεῷ
3149 2067 3446 2140 προσκυνῶ,
3487 2068 3566 2137 μιᾷ
3599 2064 3684 2119 856-

2183 2186 2343 2242 τητι·
2392 2165 2528 2222 ἀλλὰ
2570 2165 2668 2220 καὶ
2701 2162 2894 2233 Τριάδι
2943 2160 3204 2232 λατρεύω
3249 2156 3681 2226 ὑποστάσεων,οεῷ

2191 2260 2382 2331 Πατρὶ,
2413 2259 2509 2312 καὶ
2553 2256 2672 2326 Θεῷ
2701 2255 2816 2320 Υίῷ
2851 2251 3288 2324 σεσαρκωμὲνῳ,
3324 2250 3411 2304 καὶ
3449 2247 3549 2318 Θεῷ
3584 2247 3682 2315 ἁγίῳ

2191 2345 2492 2416 Πνεύματι,
2527 2344 2608 2396 ἑνὶ
2651 2342 2789 2413 Θεῷ.
2823 2341 2897 2395 Οὐ
2951 2339 3255 2411 προσκυνῶ
3297 2341 3363 2410 τῇ,
3404 2338 3552 2391 κτίσει
3577 2337 3682 2406 παρὰ

2185 2439 2277 2492 τὸν
2305 2437 2590 2501 κτίσαντα,
2613 2434 2749 2489 ἀλλά
2777 2433 3077 2506 προσκυνῶ
3105 2432 3194 2487 τδν
3217 2431 3445 2500 κτίστην,
3465 2429 3682 2482 κτισθέντα

2185 2527 2246 2580 τὸ
2291 2525 2412 2580 κατ’
2449 2523 2572 2596 ἐμὲ,
2609 2523 2703 2577 καὶ
2734 2524 2814 2584 εἰς
2854 2522 3034 2576 κτίσιν
3061 2519 3443 2586 ἀταπεινώτως
3467 2519 3544 2573 καὶ
3577 2518 3677 2570 ἀκα-

2188 2618 2455 2689 θαιρὲτως
2486 2615 2913 2691 κατεληλυθότα,
2943 2613 3030 2668 ἵνα
3056 2613 3168 2684 τὴν
3199 2612 3332 2687 ἐμὴν
3357 2609 3528 2682 δοξάσῃ
3551 2607 3682 2678 οὖσιν,

2188 2710 2284 2778 καὶ
2317 2707 2472 2774 Θείας
2506 2707 2767 2767 κοινωνὸν
2796 2706 3198 2778 ἀπεργάσηται
3226 2703 3442 2774 φύσεως.
3469 2703 3684 2770 Συμπροσ-

2189 2797 2336 2852 κυνῶ
2369 2797 2448 2867 τῷ
2483 2796 2690 2867 βασιλεῖ
2720 2797 2815 2851 καὶ
2839 2795 2978 2866 Θεῷ,
3006 2795 3123 2866 τὴν
3153 2794 3432 2866 ἁλουργίδα
3447 2792 3525 2846 τοῦ
3548 2790 3682 2859 σῶμα·

2189 2908 2303 2957 τος,
2337 2890 2434 2961 ούχ
2468 2891 2543 2953 ὡς
2579 2891 2814 2960 ἱμάτιον,
2841 2888 2964 2942 οὐδὲ
3013 2887 3102 2953 ὡς
3149 2887 3397 2956 τέταρτον
3431 2880 3679 2957 πρόσωπον⁸

2192 2969 2374 3050 ἄπαγε
2394 3000 2408 3014 ο
2439 2981 2556 3036 ἀλλ’
2585 2981 2660 3044 ὡς
2689 2979 2918 3051 όμόθεον
2945 2979 3387 3050 χρηματίσασαν,
3413 2976 3494 3029 καὶ
3519 2970 3685 3041 γενομέ-

2192 3089 2291 3142 νην
2317 3072 2454 3142 ὅπερ
2480 3071 2541 3124 τὸ
2571 3072 2767 3142 χρῖσαν
2799 3068 3224 3139 ἀμεταϐλήτως.
3255 3067 3326 3120 Ού
3352 3065 3446 3137 γάρ
3492 3060 3682 3132 θεότηςὴ

2197 3163 2360 3235 φύσις
2387 3163 2576 3232 γέγονε
2609 3163 2708 3234 τῆς
2743 3161 2966 3234 σαρκὸς,
2995 3157 3123 3215 ἀλλ’
3149 3160 3330 3230 ὥσπερ
3359 3161 3384 3211 ό
3413 3157 3554 3225 Λόγος
3590 3151 3686 3222 σὰρξ

2195 3260 2482 3331 ἀτρέπτως
2520 3259 2735 3328 γέγονε,
2771 3258 2958 3330 μείνας
2994 3259 3145 3330 ὅπερ
3171 3253 3258 3328 ἦν,
3290 3255 3422 3310 οὕτω
3448 3254 3525 3308 καὶ
3544 3254 3570 3322 ή
3592 3246 3688 3318 σάρξ

2196 3350 2367 3419 Λόγος
2393 3349 2637 3418 γέγονεν,
2671 3349 2770 3402 οὐκ
2803 3349 3131 3404 ἀπολέσασα
3156 3348 3299 3411 τοῦθ’
3328 3348 3449 3416 ὅπερ
3469 3343 3687 3405 inbuu-

2197 3443 2453 3512 τιζομένη
2479 3441 2534 3496 δὲ
2565 3440 2766 3512 μᾶλλον
2799 3440 2936 3511 πρὸς
2965 3439 3056 3494 τδν
3095 3441 3266 3506 Λόγον
3299 3436 3412 3492 καθ’
3444 3435 3686 3490 ὑπόστασιν.

2199 3532 2291 3587 Διὸ
2312 3531 2557 3604 θαρρῶν,
2573 3532 2824 3594 εῑκονίζω
2845 3531 2986 3584 Θεὸν.
3004 3529 3104 3583 τὸν
3124 3531 3364 3600 ἀόρατον,
3388 3529 3473 3598 οὐχ
3493 3526 3554 3589 ὡς
3570 3524 3686 3591 d696-

2195 3641 2286 3677 τον
2311 3663 2325 3688 ,
2363 3623 2478 3678 ἀλλ’
2506 3624 2581 3686 ὡς
2629 3622 2824 3694 ὁρατὸν
2875 3623 2941 3678 δι’
2968 3623 3125 3694 ἡμᾶς
3180 3623 3483 3693 γενόμενον,
3531 3612 3686 3688 μεθέξει

2199 3716 2402 3786 σαρκός
2453 3733 2514 3770 τε
2561 3715 2657 3771 καὶ
2696 3716 2949 3787 αἵματος.
2982 3717 3060 3770 Οὐ
3114 3716 3212 3787 τὴν
3259 3717 3468 3783 ἀόρατον
3507 3707 3684 3769 elatavth

2197 3805 2448 3877 θεότητα,
2476 3806 2594 3860 ἀλλ’
2621 3807 2872 3871 είκονίζω
2918 3806 3058 3862 Θεοῦ
3109 3807 3208 3879 τὴν
3247 3804 3513 3876 όραθεῖσαν
3545 3800 3685 3868 σάρκα.

2197 3898 2260 3950 Εἰ
2283 3895 2392 3967 γάρ
2411 3895 2590 3967 ψυχὴν
2615 3897 2878 3950 είκονίσαι
2906 3897 3217 3967 ἀμήχανον,
3236 3896 3379 3964 πόσῳ
3401 3892 3569 3965 μᾶλλον
3585 3886 3687 3947 Θεὸν,

2196 3988 2290 4042 τὸν
2321 3987 2414 4042 καὶ
2443 3990 2506 4060 τῇ
2541 3987 2688 4058 ψυχῇ
2719 3989 2879 4042 δόντα
2909 3988 2971 4042 τὸ
2996 3989 3186 4056 sum;

525 4091 644 4152 pter
679 4097 782 4139 nos
819 4082 974 4138 carni
1003 4090 1059 4141 et
1084 4084 1343 4154 sanguini
1378 4084 1768 4155 participando
1797 4085 1862 4150 ¹³,
1899 4083 2080 4140 factus
2101 4090 2186 4140 est
2214 4083 2471 4140 visibilis.
2524 4081 2764 4155 lmagine
2814 4099 2925 4140 non
2969 4081 3257 4147 Deitatem,
3298 4080 3388 4136 sed
3423 4078 3690 4166 conspectui

524 4187 749 4244 carnem
813 4174 1087 4246 exprime.
1156 4174 1296 4230 Nam
1367 4177 1414 4232 si
1484 4177 1842 4232 simulacrum
1904 4177 2104 4233 anima:
2155 4176 2334 4247 ellingi
2387 4191 2500 4231 non
2566 4182 2768 4247 potest,
2833 4181 3040 4246 quanto
3101 4173 3280 4229 minus
3321 4169 3411 4226 Dei
3441 4167 3602 4240 ipsius,
3627 4174 3691 4231 qui

527 4269 749 4333 animae,
776 4277 837 4322 ut
867 4269 1110 4324 materia:
1134 4285 1336 4342 expers
1370 4279 1543 4336 esset,
1580 4271 1914 4342 impertivit!

596 4364 652 4420 5.
691 4364 786 4430 At,
813 4364 1094 4433 inquiunt,
1130 4365 1273 4423 Deus
1305 4380 1405 4440 per
1442 4364 1683 4438 Moysem
1725 4367 2104 4440 legislatorem

2277 4373 2340 4420 ε’.
2389 4365 2586 4432 Ἀλλὰ,
2627 4365 2790 4435 φησὶν
2816 4403 2832 4429 ,
2865 4359 3017 4419 εἶπεν
3048 4365 3078 4417 ό
3114 4361 3243 4426 Θεὸς
3268 4358 3353 4414 διὰ
3375 4353 3608 4414 Μωῠσὲως
3629 4343 3693 4400 τοῦ

526 4459 642 4514 ait:
678 4475 697 4507 ι
738 4455 1032 4513 Dominum
1076 4456 1247 4512 Deum
1277 4465 1432 4512 tuum
1455 4457 1737 4524 adorabis,
1770 4469 1826 4515 et
1853 4460 1960 4532 ipsi
1996 4460 2087 4516 soli

2207 4457 2532 4530 νομοθέτουο
2593 4475 2613 4508 ι
2645 4455 2853 4528 Κύριον
2895 4455 2986 4509 τὸν
3034 4453 3169 4508 Θεόν
3222 4470 3312 4506 σου
3359 4444 3693 4521 προσκυνήσεις,

529 4550 760 4610 servies.
791 4548 1076 4620 Itemque:
1112 4566 1133 4606 ι
1158 4546 1282 4604 Non
1311 4549 1490 4614 facies,
1511 4566 1732 4610 omnem
1768 4553 2087 4616 similitudi.

2204 4550 2299 4605 καὶ
2349 4548 2498 4619 αύτῷ
2549 4548 2694 4619 μόνῳ
2743 4545 3087 4618 λατρεύσεις.
3117 4567 3138 4601 ι
3180 4545 3320 4601 Καίο
3369 4560 3388 4594 ι
3420 4539 3486 4594 Οὐ
3514 4533 3694 4620 ποιήσεις

531 4658 654 4706 nem
696 4656 1158 4714 quorumcunque
1187 4657 1404 4712 eorum,
1455 4658 1578 4715 quae
1608 4644 1665 4708 in
1711 4645 1875 4714 caelo,
1905 4656 1962 4702 et
1984 4661 2108 4717 qua:

528 4736 585 4792 in
621 4742 769 4792 terra
801 4741 954 4790 sunt.
987 4751 1007 4787 ι

599 4827 807 4884 Errant
877 4827 962 4884 illi
1017 4825 1296 4898 profecto,
1355 4826 1584 4895 fratres,
1635 4829 1734 4900 qui
1787 4831 2105 4894 nescientes

531 4921 872 4992 Scripturas,
923 4921 1167 4976 litteram
1214 4935 1440 4992 quoque
1490 4921 1770 4987 occidere,
1827 4923 2104 4993 Spiritum

532 5013 810 5070 viviﬁcare
840 5029 948 5069 non
979 5019 1187 5068 norunt
1218 5013 1282 5068 “.
1328 5013 1481 5079 Quos
1510 5015 1592 5070 sic
1622 5030 1725 5085 ego
1745 5014 1874 5084 jure
1895 5015 2105 5084 possim

531 5102 687 5158 θεῖανὶ
722 5102 880 5172 :lpse
929 5100 1023 5170 qui
1073 5117 1173 5158 vos
1210 5100 1267 5156 id
1312 5101 1525 5168 docuit,
1576 5103 1712 5159 illud
1759 5105 1927 5160 etiam
1957 5107 2106 5174 quod

532 5192 786 5263 sequitur
805 5191 1053 5247 edoceat.
1089 5189 1250 5247 Disce
1276 5206 1516 5262 quonam
1550 5207 1720 5248 sensu
1747 5193 1801 5248 id
1825 5193 2108 5263 legislator

532 5284 948 5356 interpretatur,
994 5283 1054 5340 in
1102 5284 1252 5340 hunc
1301 5283 1419 5342 fere
1475 5285 1701 5341 modum
1757 5285 1815 5340 in
1843 5285 2110 5344 Deutero-

2209 4645 2320 4698 πᾶν
2365 4642 2643 4714 ὁμοίωμα,
2680 4640 2782 4694 ὅσα.
2825 4641 2884 4692 ἐν
2933 4639 3013 4711 τῷ
3059 4636 3291 4711 οὐρανῷ,
3324 4634 3411 4690 καὶ
3449 4632 3534 4688 ὅσα
3574 4626 3619 4678 ἓν
3650 4619 3695 4685 τῇ

2207 4737 2300 4806 γῇ.
2332 4752 2352 4785 ι

2293 4826 2558 4896 Ἀδελφοὶ,
2588 4825 2757 4889 δντως
2786 4823 3098 4878 πλανῶνται
3122 4822 3173 4877 οι
3205 4819 3277 4892 μὴ
3297 4816 3480 4876 εἰδότες
3503 4802 3695 4896 1541:94-

2210 4921 2339 4991 φὰς.
2372 4894 2470 4982 ὼςή
2489 4918 2553 4972 τὸ
2584 4918 2818 4988 γράμμα
2860 4915 3192 4978 ἀποκτείνει,
3223 4911 3283 4966 τὸ
3315 4909 3370 4962 δὲ
3395 4894 3693 4993 πνεῦμαζωο·

2213 5015 2390 5067 ποιεῖ·
2444 5012 2495 5064 οἱ
2547 5011 2622 5082 μὴ
2675 5009 3007 5081 ἐρευνῶντες
3037 5008 3098 5062 τὸ
3139 5007 3243 5060 ὑπὸ
3271 5003 3346 5074 τῷ
3367 4998 3613 5072 γράμματι
3632 4999 3693 5082 κεῖ

2215 5073 2803 5174 κρυμμένον-πνεῦξια.
2839 5073 3117 5174 Πρὸςιοῦς
3160 5098 3226 5152 ἂν
3269 5095 3426 5163 ἀξίως
3466 5073 3691 5174 amvi.)

2214 5163 2383 5248 τόῡὲό
2401 5191 2620 5258 διδάξας
2642 5163 2811 5263 apag,
2836 5163 3100 5260 διδαξάτω
3125 5186 3292 5244 καὶτὸ
3319 5183 3568 5252 ἑπόμενον.
3585 5163 3689 5226 Maiis

2215 5287 2363 5349 ὅπως
2388 5283 2680 5356 ἐρμηνεύει
2707 5285 2736 5338 ὁ
2769 5283 3068 5356 νομοθέτης
3093 5277 3191 5351 ᾧδέ
3218 5294 3333 5339 πως
3379 5275 3433 5328 ἓν
3457 5267 3524 5339 τῷ
3553 5265 3691 5316 Ama"

603 5447 625 5480 ³
653 5445 816 5501 Deut.
846 5461 922 5509 vr,
963 5445 1049 5500 13.
1128 5445 1172 5478 ³⁸
1203 5445 1376 5516 Exod.
1416 5462 1508 5510 xx,
1534 5446 1588 5500 5.
1666 5446 1708 5478 “
1739 5445 1882 5504 Psal.
1915 5464 2060 5516 xcvi,

2235 5451 2276 5482 "
2305 5449 2505 5506 Jcrem.
2529 5467 2584 5515 x,
2615 5447 2703 5504 l7.
2782 5448 2826 5481 “
2861 5448 3029 5505 Hebr.
3067 5465 3104 5513 ι,
3144 5449 3193 5501 1.
3268 5437 3478 5496 “Joan.
3506 5441 3620 5489 xm,
3649 5417 3685 5469 9ο

539 5514 584 5548 ⁸⁸
614 5516 784 5574 llebr.
821 5532 880 5582 ιι,
922 5516 1009 5572 14.
1089 5516 1132 5548 ¹⁶
1165 5516 1211 5572 Il
1248 5515 1377 5572 Cor.
1421 5533 1502 5584 ιιι,
1532 5515 1584 5570 6.

2052 5602 2280 5657 NOTAE.

613 5716 680 5789 (⁸)
714 5717 1016 5791 lnterprcs,
1050 5724 1237 5781 omisit
1278 5745 1290 5779 :
1331 5722 1396 5778 Et
1428 5740 1471 5776 ει
1510 5721 1628 5778 Νοιι
1656 5722 1886 5780 habebis
1916 5722 2048 5779 deos
2079 5738 2087 5774 :

2187 5735 2306 5777 nos.
2358 5738 2376 5773 ›
2405 5719 2599 5792 (Exod.
2635 5736 2725 5787 xx,
2766 5717 2846 5792 5.)
