3960 6198
309 277 444 349 1237
1435 290 1532 350 DE
1569 289 1873 353 IMAGINI

2004 293 2027 353 5
2062 293 2343 357 ORATIO
2364 297 2414 357 Ι.
3432 313 3568 378 1238

305 395 548 467 ρονομίῳ
576 394 754 464 λέγων
775 411 787 427 ·
826 414 844 448 ι
870 396 982 449 Καὶ
1028 397 1262 469 ὲλάλησε
1294 401 1500 473 Κύριος
1528 405 1665 476 πρὸς
1693 406 1869 475 apag!

2008 406 2181 461 nomio
2222 408 2458 480 loquens
2496 430 2510 465 :
2559 430 2577 463 ι
2612 414 2675 467 Et
2705 414 2923 472 locutus
2959 426 3045 473 est
3071 418 3339 478 Dominus
3377 424 3443 479 ad
3474 441 3572 481 vos

303 491 369 542 ικ
402 488 572 560 μέσου
598 487 694 541 τοῦ
728 490 897 559 πυρός
924 507 935 519 ·
964 491 1149 562 φωνὴν
1180 496 1441 564 ῥημάτων
1474 498 1634 567 ὑμεῖς
1656 498 1866 567 ὴκούσα

2009 495 2069 550 de
2098 497 2281 551 medio
2324 500 2492 570 ignis.
2547 500 2750 559 Vocem
2788 505 3080 561 verborum
3122 525 3223 566 vos
3247 513 3483 569 audistis
3518 525 3573 571 et

304 597 389 641 τε,
423 578 519 633 καὶ
565 579 821 650 ὁμοίωμα
871 582 972 635 οὐκ
1014 583 1205 650 εἴδετε,
1244 587 1359 641 ἀλλ’
1397 588 1430 658 ἢ
1483 590 1690 661 φωνήν.
1722 608 1741 641 ι
1783 591 1868 644 Κα

2006 588 2417 646 similitudinem
2491 608 2599 648 non
2682 593 2941 664 vidistis,
2996 598 3091 653 sed
3175 618 3367 657 vocem
3448 613 3570 661 tam

310 674 428 741 μετ’
471 672 661 739 ὀλίγα·
724 690 744 723 ι
772 675 883 728 Καὶ
931 676 1243 744 φυλάξασθε
1300 681 1511 751 σφόδρα
1559 682 1659 745 τὰς
1714 682 1874 752 ψυχὰς

2009 692 2113 733 Lum
2140 680 2205 732 ".
2234 698 2253 734 ι
2285 682 2363 737 Ac
2408 685 2572 753 paulo
2597 692 2719 752 post
2752 704 2765 740 :
2804 705 2823 737 ι
2847 685 2913 740 Et
2943 696 3158 744 servate
3180 692 3337 746 valde
3360 694 3573 751 animas

306 763 486 834 ὑμῶν,
518 763 601 817 ὅτι
625 765 878 836 ὁμοίωμα
903 767 1003 821 οὐκ
1029 769 1196 824 εἴδετε
1219 773 1276 825 ὲν
1297 775 1361 843 τῇ
1384 773 1568 845 ἡμέρα
1662 773 1870 844 ἐλάλησι

2010 778 2232 839 vestras,
2286 776 2417 844 quia
2470 777 2887 833 similitudinem
2941 794 3051 835 non
3109 782 3345 850 vidistis,
3399 785 3454 839 in
3486 787 3574 843 die

306 854 514 925 Κύριος
547 856 684 927 πρὸς
714 857 859 927 ὑμᾶς
906 860 964 913 ὲν
1008 862 1213 933 Χωρὴὸ
1247 866 1304 916 ὲν
1338 863 1417 935 τῷ
1441 864 1579 935 ὄρει,
1607 866 1671 919 ἐκ
1725 866 1870 935 μέσοι

2007 862 2162 934 310
2185 880 2291 935 qua
2314 868 2534 925 loeutus
2567 877 2651 925 est
2678 868 2944 927 Dominus
2972 875 3039 927 ad
3078 888 3171 929 vos
3198 875 3255 928 in
3286 873 3492 943 lloreb,
3517 878 3571 933 in

306 946 402 1000 τοῦ
451 947 643 1017 πυρὸς,
678 949 891 1020 μήποτε
941 952 1251 1026 ἀνομήσητε
1309 958 1403 1010 καὶ
1457 957 1720 1029 ποιήσητε
1763 958 1870 1028 ὑμῖε

2008 964 2183 1012 monte
2239 958 2309 1012 de
2355 961 2535 1015 medio
2586 961 2773 1030 ignis:
2807 964 3101 1033 nequando
3160 976 3353 1021 contra
3400 965 3572 1038 legem

308 1038 526 1103 ἑαυτοῖς
572 1040 811 1108 γλυπτὸν
859 1046 1131 1118 ὁμοίωμα,
1162 1050 1342 1103 πᾶσαν
1388 1051 1594 1115 είκόνα,
1642 1052 1872 1123 όμοίωμι

2006 1048 2192 1116 agatis,
2264 1048 2599 1122 faciatisque
2648 1054 2805 1110 vobis
2866 1055 3128 1124 sculptile
3192 1056 3570 1125 simulacrum,

309 1129 601 1198 ἀρσενικοῦ
634 1132 667 1204 ἦ
694 1133 955 1204 θηλυκοῦ,
985 1139 1237 1210 ὁμοίωμα
1282 1144 1483 1206 παντὸς
1526 1144 1757 1215 κτήνους
1782 1143 1873 1197 τῶι

2008 1153 2214 1194 omnem
2269 1143 2586 1213 imaginem,
2648 1146 3069 1203 similitudinem
3124 1149 3357 1204 masculi
3407 1159 3459 1206 et
3495 1151 3572 1206 fe-

308 1222 481 1277 όντων
516 1225 608 1277 ἐπὶ
639 1226 739 1295 τῆς
770 1229 892 1298 γῆς,
920 1232 1173 1303 ὁμοίωμα
1201 1236 1403 1299 παντὸς
1440 1236 1627 1308 ὀρνέου
1676 1252 1872 1306 πτερω⁴

2011 1232 2177 1294 uiuae,
2228 1235 2650 1293 similitudinem
2683 1240 2867 1295 omnis
2891 1240 3151 1310 jumenti,
3183 1242 3332 1311 quod
3361 1251 3448 1299 est
3482 1260 3575 1299 su-

310 1313 429 1375 τοῦ,
463 1332 494 1404 ιν
536 1317 630 1369 καὶ
675 1319 743 1371 τά
782 1318 929 1391 ἑξῆς.
966 1324 1075 1377 Καὶ
1110 1328 1248 1396 μετὰ
1291 1327 1531 1398 βραχέα’
1573 1346 1592 1379 ι
1623 1329 1733 1381 Καὶ
1782 1329 1874 1399 μή·

2008 1338 2090 1391 ser
2136 1334 2362 1392 terram,
2416 1329 2837 1387 similitudinem
2897 1333 3079 1387 omnis
3143 1334 3388 1390 volucris
3438 1350 3572 1404 pen-

309 1418 443 1493 ποτε
474 1403 781 1475 ἀναϐλέψας
817 1411 896 1473 είς
926 1412 1017 1466 τὸν
1046 1415 1294 1485 οὐρανὸν,
1326 1418 1422 1471 καὶ
1445 1416 1567 1472 ίδὼν
1599 1418 1689 1471 τὸν
1714 1418 1873 1489 ἥλιον,

2007 1426 2139 1471 natae
2171 1418 2236 1485 ¹⁸,
2284 1437 2300 1469 ι
2330 1428 2439 1476 etc.
2469 1420 2533 1475 Et
2566 1423 2759 1491 paucis
2790 1424 3137 1493 interiectis:
3182 1443 3201 1478 ι
3238 1424 3303 1479 Ει
3335 1443 3401 1481 ne
3430 1403 3571 1484 forte

312 1492 409 1545 καὶ
451 1494 552 1564 τὴν
585 1497 835 1570 σελήνην,
870 1504 965 1556 καὶ
1008 1506 1137 1568 τοὺς
1166 1506 1423 1579 ἀστέρας,
1460 1510 1550 1562 καὶ
1583 1509 1760 1562 πάντα
1800 1511 1876 1564 τοι

2004 1508 2225 1567 elevatis
2273 1513 2453 1567 oculis
2509 1514 2577 1569 ad
2608 1516 2830 1580 caelum,
2881 1524 2935 1571 et
2984 1517 3155 1572 solem
3186 1526 3240 1573 et
3267 1518 3451 1572 lunam
3485 1519 3568 1574 in-

312 1583 519 1655 κόσμον
539 1587 634 1640 τοῦ
656 1590 910 1660 οὐρανοῦ,
934 1594 1250 1668 πλανηθεὶς,
1270 1600 1659 1671 προσκυνήσῃς
1684 1600 1876 1666 αὐτοῖς,

2002 1599 2191 1666 tuitus,
2232 1608 2285 1654 et
2329 1610 2502 1669 astra,
2538 1619 2870 1677 omnemque
2910 1607 3039 1663 caeli
3071 1618 3351 1675 ornatum,
3380 1624 3566 1666 errore

310 1677 407 1732 καὶ
429 1677 737 1754 λατρεύσῃς
760 1684 962 1749 αὐτοῖς.
999 1707 1018 1740 ι

1925 1763 1965 1773 ﬁ
1997 1692 2286 1764 deceptus,
2317 1697 2515 1753 adores
2542 1714 2630 1764 ea,
2664 1710 2717 1757 et
2750 1702 2960 1761 servias
2983 1702 3119 1773 ipsis
3151 1704 3215 1756 ‘9.
3246 1722 3264 1756 ι

382 1769 458 1871 ς’ζ.
498 1771 680 1845 Ὁρᾷς,
715 1775 791 1839 ὡς
833 1772 916 1841 εἷς
962 1780 1111 1833 ἐστιν
1158 1782 1186 1833 ό
1230 1784 1451 1848 σκοπὸς,
1484 1784 1624 1840 ὥστε
1673 1787 1747 1857 μὴ
1795 1787 1890 1839 λα·
1925 1763 1946 1818 Ῐ

2015 1798 2019 1799 ⁷
2068 1786 2121 1840 6.
2149 1788 2345 1843 Cernis
2382 1790 2488 1845 hoc
2521 1808 2693 1847 unum
2729 1794 3030 1849 consilium
3074 1809 3222 1858 esse,
3264 1810 3335 1851 ne
3369 1795 3579 1852 scilicet

310 1867 539 1929 τρεῧσαι
586 1867 653 1935 τῇ
701 1867 877 1923 κτίσει
932 1872 1082 1943 παρὰ
1110 1872 1203 1927 τὸν
1237 1876 1520 1941 κτίσαντα,
1557 1878 1693 1950 μηδὲ
1724 1896 1874 1950 προσ-

2014 1886 2268 1935 :reaturze
2324 1884 2531 1950 potius,
2572 1898 2736 1953 quam
2763 1884 3015 1940 Creatori
3060 1885 3392 1953 serviamus,
3440 1900 3578 1941 neve

312 1956 543 2043 αγαγεῖν
569 1957 668 2028 τὴν
700 1960 799 2029 τῆς
824 1960 1080 2034 λατρείας
1114 1967 1509 2038 προσκύνησιν,
1541 1971 1655 2023 ἀλλ’
1685 1971 1718 2043 ἢ
1749 1971 1876 2041 μόνιι

2014 1977 2196 2024 mater
2222 1972 2401 2042 ipsum
2431 1975 2691 2043 cuiquam
2722 1976 2975 2031 servilem
3008 1977 3215 2031 cultum
3246 1977 3578 2034 offeramus?

312 2042 391 2114 τῷ
416 2044 771 2144 δημιουργῷ;
797 2051 888 2105 Διὸ
915 2057 1167 2128 πανταχῆ
1199 2058 1460 2114 συνάπτει
1490 2063 1553 2132 τῇ
1586 2042 1876 2134 προσκυνή

2010 2063 2211 2121 Idcirco
2258 2067 2405 2123 enim
2463 2069 2667 2140 ultique
2724 2071 3036 2127 adorationi
3096 2073 3315 2128 latriam
3373 2074 3574 2144 jungit.

313 2151 397 2191 σει
424 2138 525 2235 τὴν
556 2140 828 2213 λατρείαν.
864 2146 1036 2201 Πάλιν
1080 2149 1190 2221 γάρ
1234 2168 1400 2221 φησιν
1423 2165 1439 2183 ⁶
1477 2172 1496 2206 ι
1524 2155 1636 2208 Οὐκ
1680 2156 1873 2210 ἕσοντα

2012 2155 2241 2214 Rursum
2275 2161 2477 2231 quippe
2511 2138 2588 2215 ait
2625 2178 2637 2214 :
2699 2180 2717 2215 ι
2750 2160 2869 2217 Non
2922 2174 3087 2218 erunt.
3141 2163 3237 2219 tibi
3276 2138 3576 2235 dii'aliqui

314 2244 403 2327 σοι
428 2229 541 2285 θεοὶ
570 2234 770 2301 ἕτεροι,
804 2238 945 2309 πλὴν
974 2241 1132 2311 ἐμοῦ.
1167 2244 1241 2297 Οὑ
1284 2247 1533 2314 ποιήσεις
1561 2247 1737 2319 ἑαυτῷ
1763 2248 1878 2316 γλυ-

2010 2258 2203 2321 praeter
2234 2229 2339 2308 me.
2377 2229 2512 2309 Non
2551 2253 2719 2311 facies
2758 2254 2856 2309 tibi
2891 2256 3167 2326 sculptile,
3202 2272 3378 2327 neque
3408 2229 3574 2312 ullam

312 2322 470 2418 πτὸν,
493 2325 615 2379 οὐδὲ
644 2331 754 2383 πᾶν
785 2332 1057 2405 ὁμοίωμα,
1088 2337 1207 2389 οὐδὲ
1239 2341 1638 2409 προσκυνήσεις
1688 2341 1872 2405 αὐτοῖς

2013 2344 2471 2402 similitudinem:
2520 2361 2629 2402 non
2688 2346 2948 2403 adorabis
3004 2363 3090 2414 ea,
3138 2364 3316 2418 neque
3368 2350 3577 2404 servies

312 2414 421 2468 οὐδ’
457 2418 519 2471 οὐ
558 2420 631 2491 μὴ
663 2421 968 2497 λατρεύσῃς
996 2429 1200 2493 αὐτοῖς,
1233 2431 1314 2484 ὅτι
1346 2430 1458 2499 ἐγώ
1485 2434 1601 2503 είμι
1628 2433 1834 2505 Κύριος
1867 2441 1876 2485 ε

2022 2434 2175 2501 psis;
2218 2436 2480 2505 quoniam
2513 2452 2616 2506 ego
2646 2438 2912 2491 Dominus
2946 2437 3089 2493 Deus
3133 2448 3318 2494 vester
3348 2441 3416 2493 ⁸ο.
3458 2459 3475 2489 ι
3514 2439 3577 2495 Et

310 2509 446 2573 Θεὸς
494 2511 670 2581 ὑμῶν.
705 2533 723 2566 ι
779 2519 889 2571 Καὶ
943 2521 1143 2574 πάλιν⁸
1200 2542 1217 2574 ι
1251 2524 1384 2588 Τοὺς
1446 2523 1663 2595 βωμοὺς
1714 2527 1874 2579 αὺτῶε

2022 2532 2198 2580 terum
2238 2544 2250 2580 :
2285 2544 2304 2577 ι
2344 2530 2505 2593 Aras,
2545 2528 2747 2598 inquit,
2781 2543 2974 2583 eorum
3006 2529 3363 2597 subvertctis,
3395 2540 3447 2585 et
3472 2538 3579 2584 sta-

312 2602 614 2671 καθελείτε,
642 2610 735 2662 καὶ
766 2612 866 2675 τὰς
900 2615 1100 2686 στήλας
1134 2617 1315 2671 αὐτῶν
1346 2621 1682 2692 συντρίψετε,
1711 2623 1808 2675 καὶ
1827 2623 1876 2677 τέ

2011 2630 2122 2672 .uas
2173 2632 2361 2673 eorum
2419 2618 2813 2689 confringetis,
2856 2628 2911 2675 et
2938 2620 3094 2677 lucos
3149 2636 3338 2676 eorum
3390 2622 3575 2675 succi-

310 2693 450 2766 ἄλση
487 2698 668 2752 αὐτῶν
705 2703 992 2773 ἐκκόψετε,
1026 2709 1118 2761 καὶ
1148 2710 1213 2763 τὰ
1247 2712 1464 2780 γλυπτά
1492 2714 1599 2766 τῶν
1630 2714 1766 2767 θεῶν
1797 2716 1874 2769 αὺι

2012 2708 2163 2775 ictis,
2197 2718 2253 2764 et
2291 2712 2571 2781 sculptilia
2596 2712 3091 2780 deorumipsorum
3124 2712 3248 2782 igne
3284 2713 3576 2767 combure-

469 2792 846 2847 κατακαύσετε
896 2799 1155 2869 ιπυρί.’οὐ
1206 2802 1315 2873 γὰρ
1363 2803 1439 2874 μὴ
1480 2808 1873 2877 προσκυνήσητε

2015 2797 2093 2852 .is.
2148 2799 2318 2853 Deum
2370 2801 2515 2855 enim
2573 2803 2807 2857 alterum
2858 2816 2967 2855 non
3022 2801 3343 2857 adorabitis.
3374 2803 3417 2835 ἰ
3456 2821 3474 2853 ι
3516 2801 3579 2855 Et

312 2874 431 2945 Θεῷ
455 2878 647 2952 ἑτέρῳ.
673 2901 691 2933 ›
729 2886 838 2939 Καὶ
871 2890 989 2957 μετ’
1005 2890 1189 2959 ὀλίγα·
1228 2911 1245 2944 ι
1277 2894 1384 2947 Καὶ
1406 2894 1561 2958 θεοὺς
1595 2874 1876 2966 χωνευτοὺς

2013 2896 2124 2956 post
2158 2903 2332 2958 pauca
2388 2907 2399 2943 :
2460 2907 2478 2940 ι
2514 2889 2578 2944 Et
2641 2891 2798 2956 deos,
2873 2890 3078 2961 inquit,
3134 2890 3438 2947 conﬂatiles
3470 2906 3577 2947 non

310 2968 376 3021 οὐ
410 2973 659 3042 ποιήσεις
690 2980 920 3051 σεαυτῷ.
956 2999 973 3032 ι

879 2980 920 3050 ii.
956 2999 973 3032 ι
2002 2978 2169 3033 facies
2199 2980 2300 3034 tibi
2332 2981 2397 3036 ²².
2425 3000 2443 3033 ι

388 3060 453 3125 ζ’.
496 3063 680 3136 Ὁρᾷς,
711 3069 787 3137 ὡς
834 3072 935 3143 τῆς
983 3074 1430 3151 εἰδωλολατρεως
1471 3080 1655 3145 ἕνεκα,
1688 3082 1895 3151 ἀπαγο-
1925 3126 1952 3151 ,

2075 3070 2128 3122 7.
2164 3068 2361 3125 Annon
2397 3071 2550 3127 vides
2577 3072 2720 3143 quod
2755 3072 3081 3129 idololatria}
3120 3073 3580 3144 fugiendaegratia

767 3126 785 3137 .
890 3126 930 3143 ..
1316 3126 1427 3143 --η
1473 3126 1655 3145 -.-....,
1691 3126 1799 3134 μ..-
1846 3126 1867 3135 -
2594 3126 2609 3143 ,
2664 3126 2705 3128 -,
2757 3126 2763 3127 γ
2825 3126 2977 3129 -
3536 3126 3581 3129 κη

316 3154 467 3222 ρεῦει
491 3158 589 3229 τὴν
616 3162 1059 3235 εἰκονογραφίαν,
1100 3170 1193 3223 καὶ
1222 3126 1303 3224 δτῗ
1336 3171 1595 3226 ἀδύνατον
1633 3126 1895 3238 εἰκονῖξε-
1924 3126 1967 3183 C
2005 3160 2275 3233 imagines
2301 3162 2581 3218 θίΪοΓπιδτῘ
2626 3164 2917 3234 Ρτοδίδθθῑ
2942 3183 2957 3230 ἶ
2986 3165 3185 3235 (Ιυίββο
3230 3180 3352 3219 cum
3383 3166 3435 3219 Ῐ¹¹
3472 3166 3584 3235 Ρτί·

316 3245 443 3299 σθαι
472 3247 627 3314 Θεὸν,
648 3251 742 3305 τὸν
768 3255 994 3324 ἄποσον,
1029 3261 1123 3312 καὶ
1150 3261 1584 3333 ἀπερίγραπτον,
1624 3265 1716 3318 καὶ
1740 3266 1876 3337 ἁόρα

2018 3255 2107 3310 nis
2158 3255 2274 3310 ﬁeri
2304 3271 2413 3309 non
2467 3258 2666 3326 possit,
2706 3266 2766 3310 ut
2811 3254 3017 3329 clligies
3071 3257 3163 3312 Dei
3219 3259 3582 3328 exprimatur,

315 3353 442 3404 τον;
480 3358 498 3390 ι
528 3342 603 3394 υῦ
634 3343 743 3415 γὰρ
772 3343 910 3410 εἶδος
933 3349 1119 3416 αὐτοῦ,
1151 3354 1333 3423 φησιν,
1368 3356 1647 3425 ἑωράκατε
1669 3373 1681 3386 ⁸
1713 3375 1731 3407 ι
1759 3356 1879 3410 καθέ

2020 3349 2099 3419 iui
2132 3363 2233 3403 nec
2267 3349 2637 3419 quantitatem
2680 3349 2871 3415 habet,
2905 3365 3007 3405 nec
3038 3350 3442 3412 circumscribi,
3483 3364 3584 3404 nec

316 3431 413 3483 καὶ
440 3432 650 3498 Παῦλος
676 3437 848 3502 ἑστὼς
871 3441 929 3493 ἐν
961 3442 1112 3513 μέσῳ
1138 3444 1231 3497 τοῦ
1263 3445 1472 3519 ’Λρείου
1502 3446 1698 3516 πάγου,
1728 3448 1861 3519 φησί

2020 3440 2246 3510 perspici
2304 3441 2523 3511 potest?
2555 3458 2573 3492 ι
2631 3439 2821 3511 Neque
2870 3442 3016 3497 enim
3068 3440 3321 3506 formam,
3382 3441 3584 3507 inquit,

323 3541 345 3574 ι
376 3522 537 3588 Γένος
564 3522 658 3580 οὖν
684 3530 1023 3602 ὑπάρχοντες
1058 3533 1153 3586 τοῦ
1184 3536 1341 3600 Θεοῦ,
1376 3538 1476 3591 οὐκ
1503 3538 1793 3608 ὀφείλομεν
1819 3558 1904 3593 νο·
2006 3531 2181 3599 iPSiUS
2209 3531 2573 3601 Ροτεβθκίδῑίε
2601 3532 2671 3585 ’³ο
2710 3551 2728 3584 ³
2758 3532 3231 3598 Ουθῐηίὶάηὶοάυῐη
3258 3532 3421 3587 “iam
3454 3531 3590 3587 Ρῧυ·

322 3616 521 3685 μίζειν,
561 3622 788 3693 χρυσίῳ,
826 3625 857 3693 ἢ
891 3625 1220 3698 ἀργυρίῳ,ῆ
1267 3628 1420 3699 λίθῳ,
1456 3633 1771 3701 χαράγματι
1818 3632 1886 3685 τες

2020 3626 2094 3677 ius
2132 3624 2187 3677 in
2244 3623 2426 3677 medio
2464 3634 2619 3679 stans
2652 3624 2948 3695 Areopagi,
2984 3627 3061 3678 nit
3093 3643 3107 3679 :
3165 3643 3183 3675 ι
3216 3624 3405 3679 Genus
3451 3638 3584 3695 ergo

316 3726 455 3778 χνης
514 3714 607 3765 καὶ
668 3714 1019 3788 ἐνθυμήσεως
1082 3718 1371 3790 ἀνθρώπου
1404 3763 1416 3786 ,
1468 3724 1528 3775 τὸ
1573 3725 1715 3777 θεῖον
1769 3720 1880 3779 εἷνα

2027 3729 2132 3768 :um
2173 3714 2350 3768 simus
2405 3713 2521 3775 Dei,
2558 3728 2664 3767 non
2720 3714 2989 3769 debemus
3047 3716 3323 3769 :cstimare
3374 3728 3510 3767 auro
3538 3723 3591 3770 et

318 3800 529 3872 ὅμοιον.
572 3822 589 3854 ι
2011 3815 2261 3876 argento,
2302 3814 2395 3859 aut
2429 3805 2595 3874 lapidi
2633 3806 2932 3874 sculptura:
2968 3807 3126 3871 artis,
3152 3814 3207 3860 et
3232 3805 3591 3876 cogitationis

2012 3897 2253 3951 hominis
2280 3896 2521 3951 divinum
2555 3911 2678 3952 esse
2711 3896 2895 3952 simile
2922 3898 2989 3949 “.
3035 3916 3052 3948 ι

391 3988 465 4056 η’.
508 3983 785 4049 Ἰουδαίοις
818 3988 939 4057 μὲν,
970 3987 1059 4040 διὰ
1084 3987 1145 4041 τδ
1171 3988 1309 4059 πρὸς
1340 3990 1789 4060 είδωλολατρείαν
1822 3989 1908 4042 εὑ·-

2082 3988 2377 4043 8.1udwis
2436 3987 2682 4058 quidem,
2727 3988 2986 4057 quoniam
3038 3986 3105 4042 ad
3168 3987 3310 4043 idola
3363 3988 3590 4044 colenda

317 4076 536 4131 όλισθον
587 4077 764 4132 ταῦτα
810 4081 1233 4152 νενομοθέτητο·
1277 4083 1436 4153 ἡμεῖς
1462 4084 1540 4146 δὲ,
1584 4083 1878 4150 θεολογικῶ

2029 4078 2416 4149 propensiores
2444 4085 2625 4143 erant,
2654 4077 2769 4132 hzec
2801 4076 3051 4147 injuncta
3080 4077 3319 4133 fuerunt.
3355 4077 3463 4133 Nos
3496 4096 3593 4133 au-

319 4172 518 4235 είπεῖν,
552 4169 635 4236 οἷς
679 4173 837 4245 ἐδόθη
888 4177 1120 4244 φυγοῦσι
1152 4177 1249 4246 τὴν
1279 4178 1650 4248 δεισιδαίμονα
1700 4178 1883 4251 πλάνη

2026 4186 2146 4234 ,em,
2186 4170 2407 4240 quibus,
2468 4178 2528 4224 ut
2587 4185 2714 4223 cum
2768 4168 3046 4241 'f‘heologo
3080 4170 3279 4239 loquar
3305 4171 3372 4233 ³³,
3404 4171 3590 4225 datum

323 4266 465 4337 μετά
492 4264 583 4319 τοῦ
612 4266 744 4319 Θεοῦ
788 4267 1061 4335 γενέσθαι,
1105 4271 1445 4338 ἐπεγνωκόσι
1490 4270 1585 4341 τήν
1623 4270 1884 4341 ἀλήθειαν

2029 4274 2117 4329 ast,
2184 4274 2262 4330 ut,
2324 4265 2529 4321 evitato
2586 4264 3003 4335 superstitionis
3041 4279 3255 4332 errore,
3306 4272 3361 4320 et
3409 4266 3593 4335 agnita

319 4358 417 4411 καὶ
446 4357 567 4425 Θεῷ
597 4359 742 4429 μόνῳ
776 4358 1079 4430 λατρεύειν,
1112 4363 1206 4415 καὶ
1235 4362 1332 4433 τῆς
1368 4362 1698 4430 θεογνιυσίας
1744 4380 1883 4418 κατα

2032 4360 2265 4424 veritate,
2291 4374 2417 4414 cum
2453 4357 2562 4413 Deo
2604 4374 2737 4429 pure
2789 4373 3095 4424 versemur,
3143 4359 3303 4429 eique
3346 4361 3445 4415 soli
3480 4376 3596 4416 ser-

319 4448 626 4519 πλουτῆσαι
650 4450 747 4522 τὴν
780 4450 1114 4523 τελειότητα,
1152 4453 1243 4508 καὶ
1274 4454 1355 4518 εἰς
1378 4455 1546 4525 ἄνδρα
1567 4456 1883 4526 καταντῆσα

2029 4452 2251 4519 vientes,
2306 4450 2582 4522 perfectas
2630 4452 2833 4506 divina:
2888 4450 3143 4507 scientia:
3192 4452 3416 4508 divitias
3442 4468 3593 4508 assc-

317 4542 547 4607 τέλειον,
569 4544 899 4613 παρελθοῦσι
931 4544 1027 4616 τὴν
1055 4545 1382 4615 νηπιότητα,
1405 4546 1503 4598 οὐκ
1525 4546 1605 4599 ἔτι
1628 4547 1733 4600 ὑπὸ
1752 4549 1881 4601 παιδ

2029 4560 2274 4616 luamur,
2343 4560 2407 4601 ac
2460 4544 2706 4600 infantia
2756 4552 2919 4600 aetate
2970 4552 3251 4601 transacta
3304 4546 3359 4598 in
3418 4545 3593 4599 virum

320 4636 542 4705 αγωγὸν
575 4636 763 4706 ἐσμὲν,
793 4636 1050 4701 λαϐόντες
1082 4638 1181 4707 τὴν
1213 4636 1557 4709 διακριτικὴν
1610 4638 1723 4703 ἕξιν
1758 4656 1884 4710 παρ(

2032 4636 2321 4693 )crfectum
2353 4652 2719 4692 occurramus
2747 4638 2814 4704 ’⁸,
2852 4652 2965 4691 non
3000 4653 3191 4692 sumus
3227 4637 3462 4707 amplius
3494 4638 3596 4692 sul)

320 4728 483 4793 Θεοῦ,
520 4730 614 4782 καὶ
645 4729 847 4792 εἰδότες
871 4730 924 4782 τί
955 4728 1015 4781 τὸ
1049 4728 1472 4800 εἰκονιζόμενον,
1507 4731 1599 4784 καὶ
1641 4731 1694 4783 τί
1728 4735 1789 4783 τὸ
1829 4732 1877 4783 εί

2030 4731 2315 4800 )azdagogo
2338 4730 2408 4797 ’⁷,
2450 4732 2653 4800 quippe
2708 4730 2803 4799 qui
2855 4730 3209 4784 discernendi
3271 4728 3594 4784 facultatem

322 4818 442 4875 κόνι
475 4818 548 4889 μὴ
584 4821 1087 4890 περιγραφόμενον.
1131 4839 1149 4872 ι
1179 4820 1253 4873 Οὐ
1290 4820 1398 4891 γὰρ
1424 4815 1563 4884 εἶδος
1589 4822 1773 4885 αὑτοῦ,
1802 4840 1886 4892 φη·

2033 4830 2068 4877 tt
2103 4820 2354 4875 habitum
2389 4820 2703 4883 consecuti,
2744 4819 2876 4875 illud
2910 4821 3155 4876 sciamus
3194 4821 3322 4890 quid
3356 4820 3597 4893 imagine

324 4912 432 4975 σ’ίν,
469 4912 771 4983 ἑωράκατε.
804 4932 821 4965 ›
875 4912 1050 4966 Βαϐαὶ
1092 4912 1189 4983 τῆς
1224 4914 1416 4982 σοςίας
1448 4914 1542 4967 τοῦ
1576 4914 1867 4983 νομοθέτου

2034 4912 2245 4984 :xprimi
2284 4912 2481 4983 possit,
2543 4912 2747 4981 quidve
2784 4912 3063 4967 delineare
3118 4929 3231 4968 non
3287 4915 3476 4969 liceat.
3507 4916 3598 4968 Ait

322 5003 449 5067 Πῶς
480 5005 915 5075 εἰκονισθὴσεται
959 5006 1020 5059 τὸ
1068 5006 1324 5078 ἀόρατον;
1360 5006 1483 5069 Πῶς
1518 5008 1883 5079 εἰκασθήσετα

2031 5005 2158 5059 :nim
2198 5022 2210 5058 :
2245 5021 2263 5055 ι
2298 5002 2409 5058 Nec
2468 5002 2701 5057 formam
2755 5004 2931 5074 ipsius
2987 5004 3228 5061 vidistis.
3268 5024 3286 5057 ι
3328 5004 3470 5061 Proh
3502 5023 3595 5063 sa—

322 5097 382 5150 τὸ
403 5096 760 5161 ἀνείκαστον;
792 5098 914 5162 Πῶς
943 5100 1291 5169 γραφήσεται
1320 5098 1377 5151 τὸ
1407 5098 1631 5163 ἄποσον,
1656 5099 1751 5153 καὶ
1773 5099 1880 5169 ἁμέ

2032 5097 2280 5161 )ientiam
2311 5094 2688 5166 legislatorisl
2727 5096 2874 5165 quod
2914 5096 3133 5152 visibile
3174 5113 3284 5153 non
3316 5107 3421 5164 est,
3463 5115 3596 5169 qua-

321 5186 502 5254 γεθες,
528 5186 622 5241 καὶ
654 5188 939 5258 ἀόριστον;
972 5188 1098 5251 Πῶς
1127 5187 1494 5254 ποιωθήσεται
1535 5188 1595 5240 τὸ
1635 5188 1871 5241 ἀνείδεον

2034 5202 2143 5240 tam
2176 5184 2467 5256 eflingatur
2520 5184 2796 5255 imagine?
2826 5185 3063 5251 Quinam
3108 5188 3231 5257 ejus
3275 5188 3598 5245 ell'ormetur

322 5278 449 5344 Πῶς
485 5280 1125 5353 χρωματουργηθήσεται
1154 5282 1214 5333 τὸ
1244 5279 1571 5351 ἀσώματονς
1602 5279 1667 5332 Τί
1712 5276 1805 5333 οὖν
1848 5281 1886 5332 τί

2034 5278 2245 5348 ξίῖῑείεε,
2282 5277 2428 5351 quod
2467 5292 2571 5333 nec
2617 5277 2919 5349 conjectari
2977 5280 3200 5349 possit?
3232 5281 3350 5348 Qua
3384 5283 3598 5337 ratione

400 5396 442 5429 ¹⁷
486 5394 643 5449 Deut.
684 5411 759 5455 tv,
820 5396 905 5447 12.
988 5394 1030 5427 ³⁸
1059 5394 1193 5448 ibid.
1230 5394 1417 5449 15-17.
1523 5394 1563 5424 ¹⁹
1607 5394 1739 5447 ibid.
1786 5394 1872 5448 19.
1951 5394 1964 5423 ²

2038 5391 2195 5446 Deut.
2225 5407 2277 5455 v,
2310 5391 2365 5447 8ο
2475 5391 2518 5420 ⁴¹¹
2556 5389 2714 5445 Deut.
2786 5407 2892 5458 xu,
2931 5391 2984 5445 5.
3101 5395 3144 5425 ¹²
3176 5394 3349 5447 Exod.
3410 5409 3593 5456 xxxrv,

327 5465 417 5521 17.
494 5466 542 5497 ’³
570 5464 729 5521 Deut.
758 5484 829 5531 tv,
865 5466 951 5521 ιν.
1030 5466 1077 5496 ²⁵
1106 5466 1226 5518 Aet.
1289 5481 1421 5527 xvn,
1450 5465 1539 5519 99.
1644 5465 1695 5497 ”
1729 5464 1888 5533 Grcg.

2030 5481 2063 5516 ι.
2102 5470 2242 5515 orat.
2270 5462 2360 5516 59.
2468 5461 2513 5491 "
2542 5461 2742 5531 Epltcs.
2793 5476 2867 5527 ιν,
2903 5464 2985 5517 13.
3095 5466 3140 5497 ³⁷
3170 5462 3345 5518 Galat.
3388 5481 3473 5527 ut,
3505 5464 3594 5517 ‘25.

1600 5585 1835 5641 V'ARDE
1885 5582 2290 5640 LECTIONES.

406 5729 433 5767 δ
495 5728 628 5786 Mss.
667 5729 872 5802 Κύριος
916 5730 1053 5801 πρὸς
1081 5730 1245 5802 ἡμᾶς.
1289 5730 1381 5787 Sic
1413 5730 1581 5787 Zinus
1606 5730 1864 5783 Dominus
1896 5728 1963 5782 ad
1993 5743 2106 5782 nos.
2132 5726 2201 5783 At
2232 5726 2288 5782 in
2320 5725 2746 5785 Dcuteronomio
2778 5728 2979 5800 legitur
3002 5729 3070 5784 ad
3104 5747 3212 5798 vos,
3251 5730 3387 5803 πρὸς
3422 5730 3590 5802 ὑμᾶς.
