3960 6198
523 274 658 344 1239

1675 284 1735 343 S.
1775 283 1806 344 J
1813 283 2015 344 OANN
2023 282 2094 341 IS
2117 280 2542 343 DAMASCENI

3586 293 3683 362 1240

518 392 844 455 delineetur,
872 390 1021 462 quod
1057 393 1389 462 quantitate,
1423 395 1591 460 mole,
1641 404 1694 451 et
1733 395 2081 450 terminoea-

2194 395 2474 464 μυστικῶς
2513 393 2883 464 μηνυόμενονς
2919 392 3090 463 Δῆλον
3136 396 3231 460 ὡς,
3259 398 3381 452 ὅταν
3409 398 3511 472 ῐδης
3549 404 3620 460 διὰ
3643 413 3685 465 cl

521 480 650 537 ret?
699 479 991 547 Quomodo
1055 483 1229 550 illius,
1292 485 1438 555 quod
1494 483 1683 540 forma:
1737 491 1824 539 est
1867 497 2089 554 expers,

520 576 701 634 forma
768 572 1234 631 adumbrabitur?
1288 577 1639 643 Quibusnam
1690 577 1935 641 tandem,
1994 575 2090 646 qui

516 681 821 739 corporeus
879 683 993 723 non
1044 676 1149 734 est,
1181 669 1464 725 coloribus
1508 668 1901 725 describetur?
1945 667 2088 733 Quid

516 757 685 828 igitur
715 758 966 829 mysterii
1006 758 1096 814 his
1121 759 1177 814 in
1217 760 1359 815 locis
1386 759 1701 814 indicatur?
1732 759 1885 816 Istud
1918 757 2089 813 dubio

515 849 745 920 procul,
792 857 874 915 ut,
924 865 1050 906 eum
1079 866 1207 907 eum
1252 853 1346 923 qui
1394 851 1758 923 incorporeus
1796 858 1905 917 est,
1958 863 2089 920 pro-

514 948 638 1011 pter
668 950 722 996 te
752 941 1029 997 hominem
1061 942 1268 998 factum
1290 943 1669 1014 conspexeris,
1695 951 1812 999 tum
1835 941 2089 997 humana:

514 1033 668 1088 illius
695 1033 886 1088 formae
924 1033 1342 1092 similitudinem
1373 1037 1658 1107 exprimas
1687 1055 1701 1091 :
1744 1050 1870 1090 cum
1918 1035 1966 1089 is
1991 1033 2085 1104 qui

514 1127 667 1181 cerni
699 1142 808 1180 non
839 1135 1042 1196 potest,
1076 1142 1244 1184 carne
1275 1129 1639 1200 conspicuum
1680 1142 1742 1184 se
1770 1125 2085 1196 praebuerit,

515 1227 629 1270 tum
694 1218 989 1288 imaginem
1039 1219 1217 1290 ipsius
1264 1220 1490 1276 facias:
1549 1235 1674 1276 cum
1741 1219 1834 1275 ille
1883 1219 1979 1289 qui
2031 1218 2087 1272 in

516 1307 688 1363 forma
716 1307 812 1364 Dei
837 1308 1115 1366 exsistens
1149 1311 1217 1376 ’⁸,
1251 1320 1474 1382 propter
1509 1322 1721 1366 natura:
1758 1327 1873 1368 sua:
1899 1310 2085 1366 excel-

513 1400 761 1466 lentiam,
796 1408 852 1456 et
883 1415 1143 1471 corpore,
1185 1411 1243 1458 et
1283 1403 1485 1476 ﬁgura,
1535 1413 1592 1458 et
1643 1403 1978 1474 quantitate,
2031 1409 2088 1457 et

512 1491 802 1561 qualitate,
851 1500 906 1548 et
941 1495 1319 1563 magnitudine
1367 1504 1555 1559 vacat,
1580 1495 1756 1551 forma
1785 1493 1931 1550 servi
1967 1508 2089 1548 sus-

512 1590 695 1650 cepta,
745 1582 815 1636 ad
873 1583 1241 1652 quantitatem
1287 1587 1724 1656 gualitatemquc
1785 1599 1909 1641 sese
1953 1599 2087 1639 con-

511 1671 768 1738 traxerit,
803 1687 867 1729 ac
887 1676 1140 1744 corporis
1167 1677 1396 1748 ﬁguram
1428 1679 1670 1735 induerit
1695 1678 1763 1741 ”,
1797 1687 1927 1731 tunc
1959 1692 2085 1731 eum

2193 486 2482 558 γενόμενον
2507 486 2795 557 ἄνθρωπον
2819 485 2910 540 τὸν
2930 483 3239 556 ἀσώματον,
3257 488 3370 541 τότε
3395 490 3584 562 δράσεις
3611 500 3683 569 τῆς

2189 577 2540 651 ἀνθρωπίνης
2603 578 2820 650 μορφῆς
2880 579 2940 632 τὸ
3005 579 3334 651 ὲκτύπωμα·
3378 584 3494 638 ὅταν
3537 589 3682 659 ὁρατὸς

2191 667 2357 738 σαρκὶ
2383 670 2411 722 6
2431 668 2663 739 άόρατος
2681 668 2931 739 γένηται,
2962 667 3082 720 τότε
3112 669 3388 734 είκονίσεις
3414 673 3468 725 τὸ
3488 675 3568 727 τοῦ
3587 679 3682 747 δρα.

2188 756 2371 822 Θέντος
2394 757 2677 829 δμοίωμα’
2713 760 2802 812 ὅτε
2829 760 2858 812 6
2891 758 3180 828 ἀσώματος
3205 760 3299 814 καὶ
3328 761 3683 832 ἀσχημάτιστος,

2186 849 2390 914 ἀποσός
2428 867 2489 902 τε
2533 851 2630 903 καὶ
2662 850 2948 922 ἀπήλικος.
2980 851 3075 905 καὶ
3108 851 3378 922 ἀμεγέθης
3404 858 3463 924 τῇ
3496 857 3682 930 ὑπεροχῇ

2185 940 2285 1010 τῆς
2315 940 2515 995 ἑαυτοῦ
2544 941 2779 1010 φύσεως,
2811 942 2840 994 6
2864 942 2923 994 εν
2948 945 3134 1013 μορφῇ
3159 941 3292 996 Θεοῦ
3320 943 3570 1015 ὑπάρχων,
3590 967 3685 1020 μορ-

2187 1031 2296 1100 φὴν
2318 1030 2506 1084 δούλου
2537 1029 2718 1086 λαϐὼν
2744 1031 2917 1104 ταύτῃ
2955 1031 3196 1102 συσταλῇ
3238 1033 3366 1102 πρὸς
3394 1037 3623 1106 ποσότητά
3642 1057 3684 1092 τε

2187 1118 2284 1173 καὶ
2309 1119 2668 1191 πηλικότητα,
2691 1121 2787 1174 καὶ
2811 1121 3142 1192 χαρακτῆρα
3171 1122 3445 1193 περιθῆται
3469 1125 3682 1193 σώματος,

2185 1210 2307 1264 τότε
2346 1213 2404 1264 έν
2433 1211 2617 1276 πίναξι
2645 1212 2905 1283 χάραττε,
2935 1211 3032 1266 καὶ
3081 1213 3324 1267 άνατίθει
3360 1214 3483 1286 πρὸς
3506 1215 3684 1288 θεωρίαν

2186 1301 2278 1354 τὸν
2323 1301 2585 1372 ὁραθῆναι
2641 1303 3098 1374 καταδεξάμενον.
3135 1304 3380 1374 Χάραττε
3420 1306 3578 1360 τούτου
3612 1310 3683 1380 τὴν

2187 1390 2390 1458 ἄφατον
2441 1391 2871 1460 συγκατάὸασιν,
2899 1392 3001 1464 τὴν
3051 1393 3119 1446 ἐκ
3165 1392 3431 1464 Παρθένου
3469 1395 3680 1466 γέννησιν,

2184 1481 2286 1552 τὴν
2317 1483 2376 1536 έν
2422 1481 2662 1554 Ἰορδάνῃ
2709 1482 2990 1553 βάπτισιν,
3022 1481 3126 1554 τὴν
3158 1483 3215 1536 ὲν
3254 1481 3439 1552 Θαὸὼρ
3468 1487 3681 1558 μεταμορ·

2185 1575 2466 1643 φωσιν,τά
2503 1573 2649 1646 πάθη
2676 1575 2746 1628 τά
2769 1576 2869 1646 τῆς
2899 1575 3177 1639 ἀπαθείας
3204 1575 3443 1646 πρόξενα,
3470 1577 3546 1630 τὸν
3569 1578 3680 1632 Θάνα-

2185 1683 2296 1730 τον,
2325 1668 2396 1721 τά
2429 1666 2704 1737 Θαύματα,
2729 1669 2799 1722 τά
2841 1669 2940 1738 τῆς
2987 1669 3145 1732 θείας
3174 1668 3334 1723 αὐτοῦ
3377 1669 3582 1740 σύμδολα
3607 1672 3679 1740 φύ-

509 1761 669 1832 311
699 1763 755 1819 in
789 1765 1002 1823 tabellis
1018 1769 1289 1840 exprime,
1318 1778 1373 1825 et
1403 1770 1855 1842 conSpiciendum
1882 1769 2081 1838 praebe,

2187 1775 2343 1824 σεως,
2372 1759 2439 1814 δι’
2467 1760 2748 1830 ἐνεργείας
2782 1761 2987 1832 σαρκὸς
3015 1761 3273 1833 ἐνεργείᾳ
3303 1761 3413 1833 θείᾳ
3439 1765 3676 1834 πραττόμε-

510 1854 606 1921 qui
645 1856 896 1926 conspici
925 1857 1121 1912 voluit.
1176 1859 1626 1926 lnexplicabilem
1674 1859 1850 1929 ipsius
1878 1857 2085 1913 demis-

511 1943 724 1998 sionem
759 1960 948 2013 exara,
991 1957 1176 2004 ortum
1219 1965 1286 2006 ex
1330 1949 1576 2022 Virgine,
1626 1951 1966 2022 baptismum
2025 1948 2084 2004 in

509 2031 774 2102 Jordane,
836 2037 1381 2112 transﬁgurationem
1440 2041 1498 2097 in
1569 2049 1759 2097 monte
1820 2039 2081 2108 Thabor;

512 2124 796 2182 cruciatus
839 2135 896 2183 et
923 2139 1182 2194 mortem,
1235 2146 1358 2200 quae
1407 2131 1879 2188 immortalitatem
1922 2129 2084 2188 nobis

511 2215 918 2289 conciliarunt;
955 2235 1046 2278 res
1090 2221 1466 2290 admirandas,
1509 2225 1696 2280 carnis
1751 2223 2084 2291 ministerio,

511 2305 609 2361 sed
640 2305 830 2363 divina
879 2309 1085 2366 virtute
1130 2319 1400 2382 patratas,
1446 2328 1570 2383 qua:
1611 2313 1856 2369 divinam
1907 2313 2084 2384 ipsius

510 2405 767 2450 naturam
800 2400 1128 2469 premebant
1151 2417 1413 2469 ;crucem
1449 2403 1598 2457 illam
1635 2403 1960 2480 salutarem,
1996 2417 2084 2458 se-

511 2485 816 2555 pulturam,
867 2492 1354 2559 resurrectionem,
1407 2491 1464 2548 in
1515 2493 1689 2548 cu-los
1749 2509 2082 2561 ascensum;

514 2578 628 2632 haec
653 2579 839 2635 omnia
879 2587 998 2636 tum
1051 2583 1259 2651 verbis,
1315 2591 1430 2639 tum
1478 2585 1760 2641 coloribus
1802 2583 2081 2642 describe.

511 2674 658 2730 Nihil
684 2691 917 2746 prorsus
940 2694 1190 2746 vereare,
1237 2681 1379 2736 nihil
1419 2689 1656 2746 metuas.
1693 2681 2081 2736 adorationum

508 2766 638 2820 novi
686 2765 1030 2824 discrimina.
1086 2769 1354 2825 Adoravit
1416 2767 1693 2825 Abraham
1749 2767 1894 2822 lilios
1953 2767 2084 2822 Em-

512 2872 632 2912 mor
684 2857 753 2922 ⁸⁰,
814 2857 1074 2915 homines
1131 2859 1359 2930 impios,
1425 2867 1480 2914 et
1550 2855 1921 2928 ignorationis
1984 2855 2082 2912 Dei

511 2949 707 3005 morbo
761 2949 1112 3016 laborantes,
1175 2966 1303 3007 cum
1347 2952 1404 3007 in
1464 2951 1709 3022 sepulcri
1771 2949 2083 3020 possessio-

509 3054 634 3096 nem
691 3042 1015 3112 speluncam
1062 3043 1337 3117 duplicem
1385 3042 1541 3099 emit.
1593 3041 1859 3098 Adoravit
1898 3040 2075 3097 Jacob

510 3128 740 3190 fratrem
785 3148 952 3190 suum
1007 3136 1179 3202 Esau,
1248 3145 1304 3193 et
1353 3135 1702 3192 Pharaonem
1765 3137 1944 3191 virum
1988 3133 2305 3206 Egyptium
2361 3155 2375 3191 :

2186 1869 2273 1915 να,
2306 1851 2399 1906 τὸν
2436 1853 2670 1924 σταυρὸν
2690 1854 2793 1908 τὸν
2831 1856 3127 1925 σωτήριον,
3155 1855 3252 1926 τὴν
3277 1855 3461 1924 ταφὴν,
3486 1855 3565 1925 τὴν
3585 1858 3677 1910 ἀνά-

2187 1959 2395 2009 στασιν,
2424 1943 2525 2016 τὴν
2555 1948 2634 2009 εἰς
2672 1946 2936 2016 οὐρανοὺς
2969 1945 3194 2000 ἄνοδον·
3228 1947 3395 2001 πάντα
3418 1949 3579 2018 γράφε,
3609 1949 3675 2003 καὶ

2184 2031 2347 2104 λόγῳ,
2383 2035 2477 2089 καὶ
2505 2035 2778 2107 χρώμασι.
2813 2036 2906 2108 Μὴ
2936 2037 3136 2106 φοὸοῦ,
3178 2036 3253 2109 μὴ
3276 2037 3454 2091 δέδιθι·
3483 2035 3675 2094 0161m-

2184 2125 2359 2197 φοράν
2412 2130 2856 2200 προσκυνήσεως.
2902 2129 3291 2201 Προσεκύνησε
3335 2130 3452 2184 ποτὲ
3488 2130 3672 2202 ’Δδραὰμ

2181 2221 2296 2282 τοῖς
2325 2219 2460 2283 υἱοῖς
2499 2219 2752 2292 Ἑμμὼρ,
2776 2221 2866 2274 ὅτε
2913 2221 2974 2275 τὸ
3017 2222 3292 2294 σπήλαιον
3331 2223 3388 2276 τὸ
3413 2222 3592 2276 διπλοῦν
3615 2225 3670 2286 εἰς

2181 2308 2354 2379 τάφου
2387 2309 2590 2382 κλῆρον
2611 2311 2880 2383 ὠνήσατο,
2910 2312 3182 2385 ἀνδράσιν
3211 2313 3432 2376 ἀσεϐέσι,
3449 2313 3528 2366 καὶ
3546 2313 3670 2380 ἀγνω-

2185 2401 2306 2455 σίαν
2338 2401 2555 2456 νοσοῦσι
2579 2402 2748 2457 Θεοῦο
2781 2405 3202 2478 προσεκύνησεν
3246 2405 3423 2460 Ἰακὼϐ
3456 2402 3671 2473 Ἦσαῦτῷ

2182 2491 2420 2563 ἀδελφῷ,
2454 2495 2550 2547 καὶ
2574 2495 2778 2567 Φαραὼ
2809 2497 2966 2568 ἀνδρὶ
3000 2498 3311 2568 Αἰγυπτίῳ,
3340 2496 3460 2551 ἀλλὰ
3489 2497 3573 2567 μὴν
3603 2495 3670 2548 καὶ

2181 2583 2276 2635 ἐπὶ
2323 2583 2386 2636 τὸ
2435 2585 2603 2656 ἄκρον
2652 2587 2752 2656 τῆς
2782 2587 3011 2660 ῥάϐδου⁸
3046 2588 3417 2660 προσεκύνησε
3462 2586 3670 2658 μὲν.ἀλλ’

2180 2674 2281 2728 οὐκ
2327 2675 2624 2747 ὲλάτρευσε
2645 2692 2659 2706 ⁸
2699 2678 3129 2750 προσεκύνησαν
3169 2679 3365 2750 Ἰησοῦς
3386 2680 3411 2732 6
3435 2677 3512 2732 τοῦ
3535 2676 3668 2746 Ναυῆ,

2181 2767 2278 2819 καὶ
2307 2766 2504 2838 Δανιὴλ
2532 2767 2748 2839 ἀγγέλῳ
2775 2767 2935 2835 Θεοῦ,
2968 2769 3102 2824 ἀλλ’
3123 2770 3223 2824 ούκ
3247 2768 3669 2840 έλάτρευσαν.”Ετε-

2183 2875 2276 2928 ρον
2309 2859 2419 2928 γάρ
2445 2861 2592 2914 ἐστιν
2621 2861 2654 2932 ἡ
2680 2861 2779 2932 τῆς
2808 2862 3070 2933 λατρείας
3112 2863 3470 2935 προσκύνησις,
3495 2860 3569 2913 καὶ
3587 2859 3668 2910 Ets-

2185 2966 2276 3020 ρον
2327 2951 2362 3020 ὴ
2409 2950 2473 3004 έκ
2511 2951 2680 3022 τιμῆς
2727 2955 3128 3026 προσαγομένη
3156 2957 3267 3018 τοῖς
3292 2953 3416 3008 κατά
3437 2969 3480 3004 τι
3509 2950 3671 3018 ἀξίωμα

2183 3042 2558 3114 ὑπερέχουσιν.

2431 3138 2562 3208 quin
2600 3137 2766 3194 etiam
2818 3138 3109 3212 fastigium
3143 3141 3302 3212 virgae
3335 3137 3546 3194 adoravit
3581 3131 3667 3205 qui-

507 3225 658 3292 dem,
711 3239 812 3280 nec
863 3231 1049 3282 tamen
1103 3228 1278 3284 latria:
1325 3230 1535 3285 cultum
1574 3229 1754 3285 eidem
1803 3228 2074 3285 exhibuit.
2133 3228 2518 3286 Adoraverunt
2567 3231 2732 3290 Jesus
2770 3233 2920 3291 Nave
2981 3234 3158 3302 (ilius,
3203 3246 3256 3292 et
3320 3231 3484 3288 Daniel
3543 3245 3664 3300 ange-

508 3315 619 3368 lum
645 3315 741 3370 Dei
776 3333 791 3370 :
825 3325 882 3370 at
909 3317 1083 3373 latria:
1107 3321 1323 3375 cultum
1361 3322 1682 3392 neutiquam
1718 3322 1799 3376 illi
1865 3320 2271 3390 impenderunt.
2312 3325 2432 3379 Alia
2487 3327 2692 3398 quippe
2728 3328 2978 3386 adoratio
3048 3339 3165 3395 est,
3239 3344 3339 3399 qua
3391 3326 3538 3382 latrize
3585 3337 3668 3380 ser-

507 3407 746 3478 vilisque
777 3407 964 3465 cultus
989 3411 1306 3479 exhibetur,
1339 3413 1396 3468 et
1425 3413 1556 3480 alia,
1599 3429 1707 3484 qua
1756 3414 1986 3469 honoris
2050 3413 2223 3482 gratia
2264 3415 2517 3476 homines
2580 3421 2636 3475 in
2667 3419 2932 3492 dignitate
2956 3421 3203 3492 quadam
3236 3419 3532 3477 constitutos
3553 3427 3668 3470 vene-

507 3513 718 3557 ramur.

575 3589 632 3646 9.
671 3589 942 3647 Caeterum
965 3592 1188 3662 quando
1213 3592 1282 3649 de
1308 3593 1542 3666 imagine
1571 3610 1637 3650 ac
1664 3597 1730 3652 de
1753 3596 2074 3652 adorationc

2246 3595 2313 3652 θ’.
2359 3597 2499 3650 Ἀλλ’
2536 3598 2724 3670 ἐπειδὴ
2756 3600 2885 3669 περὶ
2931 3600 3148 3664 εἰκόνος
3185 3603 3214 3654 6
3245 3599 3420 3668 λόγος,
3446 3595 3665 3663 alapas.

506 3682 794 3738 institutus
821 3691 910 3739 est
949 3698 1156 3749 sermo,
1182 3685 1438 3756 agedum,
1463 3687 1726 3758 quidnam
1761 3699 1989 3759 utraque
2008 3690 2082 3744 sit

505 3776 832 3848 diligentius
873 3778 1270 3850 expendamus.
1307 3779 1495 3851 imago
1540 3781 1727 3852 itaque
1760 3791 1846 3838 est
1885 3783 2080 3846 simili-

506 3865 638 3922 tudo
687 3867 968 3937 exemplar
1012 3868 1088 3923 ita
1145 3869 1499 3941 exprimens,
1556 3883 1616 3927 ut
1665 3873 1850 3942 aliqua
1893 3882 2076 3930 tamen

506 3957 722 4013 ratione
773 3959 842 4013 ab
895 3972 962 4014 eo
998 3958 1235 4016 differat.
1270 3960 1460 4032 Neque
1498 3963 1646 4018 enim
1683 3963 1865 4036 imago
1889 3980 2076 4022 exem-

508 4049 642 4120 plari
664 4049 719 4104 in
744 4051 1003 4107 omnibus
1028 4051 1228 4108 similis
1251 4061 1355 4110 est.
1383 4053 1516 4110 Viva
1560 4055 1748 4126 igitur,
1782 4057 2075 4125 naturalis,

505 4158 570 4196 ac
596 4142 742 4196 nulla
768 4156 827 4198 re
859 4141 1147 4200 dissimilis
1186 4145 1366 4216 imago
1394 4145 1487 4202 Dei
1515 4147 1810 4204 invisibilis
1838 4159 1923 4205 est
1960 4149 2078 4219 ipse

508 4229 680 4288 Filius
707 4233 774 4299 ⁸¹,
805 4233 902 4304 qui
934 4234 988 4288 in
1019 4235 1201 4305 seipse
1228 4237 1448 4291 Patrem
1477 4237 1634 4306 gerit,
1669 4253 1732 4294 ac
1763 4254 1860 4309 per
1891 4241 2075 4296 omnia

506 4322 650 4377 idem
688 4338 811 4378 cum
860 4323 952 4378 illo
979 4332 1085 4388 est,
1117 4335 1315 4394 printer
1361 4325 1414 4380 id
1446 4342 1638 4390 unum,
1689 4329 1831 4398 quod
1873 4330 1942 4384 ab
1981 4331 2075 4386 illo

506 4427 765 4486 tanquam
795 4430 895 4471 sua
927 4431 1095 4472 causa
1129 4417 1221 4472 sit.
1254 4415 1532 4473 Naturalis
1559 4419 1706 4473 enim
1730 4434 1893 4475 causa
1916 4419 2076 4477 Pater

504 4514 589 4560 est
633 4520 749 4559 :ex
780 4520 946 4560 causa
994 4520 1126 4560 vero
1156 4505 1526 4576 proﬁciscitur
1574 4505 1766 4562 Filius.
1830 4508 1961 4562 Nam
2006 4525 2074 4566 ex

504 4593 646 4651 Filio
679 4593 841 4652 Pater
879 4611 988 4650 non
1037 4604 1140 4660 est,
1173 4595 1267 4650 sed
1307 4593 1480 4650 Filius
1512 4611 1578 4650 ex
1625 4595 1803 4652 Patre.
1839 4597 1917 4652 Ex
1953 4599 2074 4668 ipso

505 4687 772 4758 siquidem
814 4685 1052 4758 (tametsi
1088 4686 1361 4756 posterior
1397 4687 1487 4742 illo
1533 4702 1644 4742 non
1676 4687 1769 4758 sit)
1820 4691 1983 4748 habet
2016 4701 2073 4746 ut

503 4780 575 4833 sit
604 4777 658 4832 id
684 4778 832 4849 quod
861 4785 946 4834 est
985 4776 1147 4834 Pater
1179 4778 1272 4849 qui
1306 4780 1484 4850 ipsum
1515 4780 1723 4850 genuit.

578 4871 667 4926 10.
713 4871 854 4926 Sunt
909 4871 1036 4927 item
1090 4873 1145 4927 in
1184 4871 1293 4928 Deo
1321 4873 1589 4945 imagines
1617 4883 1672 4930 et
1699 4875 1948 4946 exempla
1983 4891 2071 4932 re-

504 4976 623 5016 rum
669 4961 738 5017 ab
791 4962 912 5032 ipso
965 4963 1461 5033 producendarum,
1536 4980 1733 5036 nempe
1783 4966 2072 5023 consilium

503 5055 676 5125 ipsius
703 5064 994 5124 aeternum,
1045 5057 1193 5128 quod
1225 5056 1419 5114 eodem
1471 5073 1688 5128 semper
1739 5073 1862 5116 sese
1915 5060 2078 5116 habet

502 5147 688 5203 modo.
757 5147 1125 5204 lmmutabilis
1179 5148 1448 5219 siquidem
1501 5150 1726 5207 omnino
1783 5149 1929 5207 Deus
1973 5160 2076 5219 est,

502 5243 557 5296 in
603 5255 713 5310 quo
756 5242 904 5297 nulla
961 5249 1044 5297 est
1091 5243 1504 5308 transmutatio,
1558 5251 1653 5298 aut
1683 5243 2078 5299 vicissitudinis

499 5334 857 5390 obumbratio
883 5334 950 5388 ³¹.
989 5332 1101 5390 Has
1141 5347 1302 5402 porro
1333 5332 1622 5405 imagines,
1660 5342 1716 5390 et
1750 5335 1866 5390 hmo
1890 5350 2075 5390 exem-

503 5425 611 5494 pla,
652 5424 1044 5497 prmilnitiones
1098 5424 1339 5495 appellat
1398 5435 1623 5483 sanctus
1677 5427 1972 5498 Dionysius
2001 5428 2067 5494 ",

571 5583 629 5654 ξξ
647 5583 880 5654 Philipp.
921 5601 982 5651 ιι,
1005 5586 1058 5642 6.

2179 3685 2478 3755 κυνήσεως,
2515 3686 2647 3758 φέρε
2676 3686 2769 3741 τὸν
2799 3688 2927 3759 περὶ
2945 3687 3157 3742 τούτων
3188 3688 3334 3756 λόγον
3362 3681 3666 3753 διευκρινῆσαι·

2182 3795 2301 3848 μεν.
2328 3778 2503 3833 Είκὼν
2530 3779 2628 3850 μὲν
2668 3775 2762 3834 οῦν
2789 3781 2936 3834 ἐστιν
2978 3781 3231 3852 ὁμοίωμα
3259 3775 3601 3851 χαρακτηρίζον
3624 3769 3667 3822 τὸ

2179 3870 2554 3939 πριιιτότυπον,
2593 3870 2733 3941 μετὰ
2761 3871 2856 3924 τοῦ
2886 3871 2978 3925 καί
3003 3887 3127 3926 τινα
3147 3870 3394 3941 διαφοράν
3421 3868 3543 3938 ἔχειν
3571 3861 3666 3932 πρὸς

2177 3963 2331 4018 αύτό.
2366 3963 2441 4017 Οὐ
2465 3961 2574 4035 γάρ
2605 3963 2744 4018 κατὰ
2795 3964 2974 4019 πάντα
3001 3965 3036 4033 ἡ
3087 3963 3247 4018 εἰκὼν
3282 3961 3529 4032 ὁμοιοῦται
3570 3952 3666 4024 πρὸς

2175 4053 2238 4106 τὸ
2283 4053 2614 4124 ἀρχέτυπον.
2671 4055 2850 4109 Είκὼν
2908 4055 3092 4108 τοίνυν
3151 4054 3331 4119 ζῶσα,
3381 4047 3559 4121 φυσικὴ
3603 4041 3666 4097 καὶ

2177 4147 2599 4219 ἀπαράλλακτος
2645 4146 2739 4201 τοῦ
2772 4148 3008 4218 ἀοράτου
3064 4146 3200 4201 Θεοῦ
3220 4187 3235 4211 ,
3267 4147 3294 4197 ὁ
3324 4143 3466 4207 Υἱὸς,
3490 4140 3588 4194 ὅλον
3628 4136 3667 4185 ἐν

2177 4238 2354 4308 ἑαυτῷ
2389 4237 2572 4310 φέρων
2614 4238 2706 4291 τὸν
2748 4238 3004 4310 Πατέρα,
3041 4238 3184 4293 κατὰ
3240 4235 3406 4290 πάντα
3450 4232 3566 4301 ἔχων
3599 4223 3668 4292 τὴν

2177 4329 2314 4400 πρὸς
2341 4329 2505 4384 αὑτὸν
2526 4329 2855 4400 ταυτότητα,
2900 4329 3046 4400 μόνῳ
3075 4329 3130 4382 δὲ
3163 4327 3422 4396 διαφέρων
3443 4321 3510 4391 τῷ
3534 4319 3667 4372 αἰτια-

2175 4422 2472 4493 τῷ.Αῐτιον
2497 4422 2598 4492 μὲν
2632 4421 2740 4493 γὰρ
2768 4424 3018 4493 φυσικὸν,
3039 4424 3068 4475 ὁ
3099 4421 3312 4491 Πατήρ·
3341 4413 3552 4470 αίτιατὸν
3573 4404 3668 4469 δὲ,ὃ

2178 4514 2325 4576 Υἱός.
2357 4513 2433 4566 Οὐ
2463 4513 2571 4584 γάρ
2599 4513 2787 4584 Πατὴρ
2819 4513 2877 4580 ἐξ
2907 4512 3060 4578 Υξοῦ,
3093 4511 3226 4566 ἀλλὰ
3256 4510 3374 4572 Υἱὸς
3411 4507 3469 4558 ἐκ
3489 4500 3567 4554 τοῦ
3587 4498 3668 4550 Ila-

2175 4605 2324 4676 τρός.
2366 4604 2457 4670 Ἐξ
2507 4583 2672 4658 αύτοῦ
2697 4583 2805 4675 γάρ
2831 4646 2846 4670 ,
2877 4605 2926 4658 εί
2970 4603 3066 4658 καὶ
3098 4606 3173 4675 μὴ
3208 4601 3317 4673 μετ’
3347 4595 3492 4654 αὑτὸν
3514 4591 3605 4662 ἔχει
3625 4583 3668 4638 ιδ

2177 4695 2314 4749 εἶναι
2337 4695 2476 4766 ὅπερ
2509 4695 2658 4750 ἐστὶν
2682 4697 2711 4748 ὁ
2745 4697 3014 4766 γεννήσας
3041 4696 3250 4765 Πατήρ.

2248 4881 2302 4929 ι’.
2326 4872 2448 4926 Εἰσὶ
2471 4873 2526 4926 δὲ
2547 4874 2640 4927 καὶ
2667 4875 2722 4926 ἐν
2743 4873 2820 4944 τῷ
2841 4874 2959 4945 Θεῷ
2988 4876 3191 4937 εἰκόνες
3211 4871 3302 4926 καὶ
3323 4865 3666 4956 παραδείγματα

2175 4966 2283 5019 τῶν
2317 4965 2409 5019 ὑπ’
2439 4965 2606 5018 αὑτοῦ
2662 4966 2957 5036 ἐσομένων,
2984 4967 3279 5029 τουτέστιν,
3313 4964 3344 5033 ἡ
3373 4958 3518 5031 βουλῆ
3544 4953 3665 5006 αὐτου

2175 5061 2208 5129 ἠ
2238 5058 2587 5130 προαιώνιος,
2618 5059 2714 5113 καὶ
2746 5060 2835 5114 ἀεὶ
2886 5059 3147 5123 ὡσαύτως
3191 5057 3403 5129 ἔχουσα.
3435 5043 3665 5142 ’Δτρεττδὶδ

2175 5151 2282 5219 γὰρ
2312 5151 2374 5203 τὸ
2421 5149 2564 5204 θεῖον
2611 5150 2756 5206 κατὰ
2799 5153 3001 5217 πάντα,
3029 5151 3121 5205 καὶ
3162 5151 3260 5203 οὐκ
3315 5147 3450 5200 ἐστιν
3473 5144 3524 5194 ὲν
3556 5136 3663 5202 αὐτῷ

2178 5241 2474 5314 μεταϐολὴ,
2509 5242 2543 5313 ἢ
2595 5246 2807 5315 τροπῆς
2835 5244 3207 5311 ἀποσκίασμα.
3236 5239 3436 5300 Ταύτας
3455 5233 3539 5295 τὰς
3559 5224 3662 5282 51x6-

2175 5353 2275 5400 νας
2319 5336 2413 5390 καὶ
2465 5335 2536 5389 τά
2588 5336 3034 5408 παραδείγματα,
3083 5331 3434 5405 προορισμοὺς
3475 5315 3660 5408 φησὶνρ

2181 5427 2337 5496 ἅγιος
2359 5427 2658 5497 Διονύσιος,
2675 5405 2715 5482 '6
2744 5405 2911 5495 πολῦς
2932 5429 3003 5483 τά
3034 5427 3147 5482 θεῖα
3170 5465 3185 5491 ,
3215 5425 3306 5479 καὶ
3342 5420 3468 5496 μετὰ
3487 5410 3596 5470 Θεοῦ
3614 5405 3661 5460 τὰ

1163 5586 1205 5662 Ϊ⁹
1237 5586 1368 5642 ίδίάο
1441 5588 1489 5662 ξθ
1512 5587 1794 5662 lmo__ii_lios
1817 5584 1983 5662 lieth.
2011 5587 2081 5642 Ge

2182 5603 2334 5653 XXIII.
2375 5588 2579 5662 7.Vid.
2620 5591 2742 5650 Act.
2765 5607 2860 5662 vn,
2895 5592 2960 5650 l6
3031 5594 3070 5628 ³¹
3095 5589 3298 5648 Coloss.
3325 5601 3363 5653 ι,
3397 5581 3446 5636 2.
3510 5568 3658 5624 "Jac-

507 5663 544 5712 ι,
571 5651 656 5706 l7.
732 5651 946 5724 “'tiap.
967 5657 1000 5711 ε)
1029 5657 1105 5710 De
1131 5657 1236 5711 diu.
1269 5673 1409 5712 nom.
1438 5656 1590 5712 Dam.
1634 5658 1728 5715 lib.
1763 5675 1776 5712 ι
1808 5657 1884 5711 De
1910 5657 2014 5729 ﬁde
2051 5675 2080 5713 ο

2182 5698 2187 5712 .
2221 5651 2341 5729 cap.
2383 5660 2466 5716 10.
