3960 6198
394 324 532 390 1243

1500 324 1562 386 S.
1597 323 1918 389 JOANNIS
1953 326 2384 388 DAMASCENI

3547 307 3689 376 1?“

393 436 461 490 lis
494 431 789 503 insculpsit
814 431 881 498 ⁸⁸,
916 444 981 486 ac
1009 429 1282 496 virorum,
1328 440 1474 500 quos
1505 430 1708 487 charos
1756 429 1970 496 habuit,

2090 432 2359 502 ιίσθητῆς,
2394 430 2470 492 ὡς
2501 427 2602 495 τὴν
2631 425 2870 496 στάμνον
2913 425 3010 479 καὶ
3031 423 3132 494 τὴν
3156 421 3350 495 ῥάϐδον
3377 423 3444 477 ὲν
3464 424 3540 492 τῇ
3591 439 3691 476 κι-

392 525 563 580 vitam
617 523 818 578 litteris
865 520 1116 576 mandari
1173 520 1468 592 pmcepit;
1527 530 1641 575 tum
1698 535 1821 590 quae
1875 535 1974 590 per

394 616 714 673 sensibilem
754 615 1262 670 considerationem
1311 613 1588 685 pmtcrita
1622 623 1842 669 revocat
1865 629 1880 643 ο
1913 620 1974 668 ιιι

394 725 522 764 eum
560 709 614 763 in
661 722 902 779 perenne
934 707 1327 762 monimentum
1378 720 1600 770 urnam,
1655 705 1974 775 virgamque

396 799 456 856 in
514 813 644 856 arca
695 801 890 870 reponi
937 799 1129 870 jussit.
1185 798 1278 853 Sic
1328 813 1478 854 nunc
1525 799 1698 853 etiam
1751 797 1972 852 illorum

397 892 493 963 qui
536 903 659 948 ante
692 894 1068 962 exstiterunt"
1107 898 1222 946 tum
1270 890 1563 962 imagines,
1597 897 1714 945 tum
1743 890 1981 944 virtutes

399 983 791 1039 describimus.
845 985 954 1037 Aut
1008 982 1177 1050 igitur
1225 996 1390 1037 omne
1445 996 1616 1052 genus
1676 979 1979 1050 imaginum

400 1077 551 1143 tolle,
586 1087 753 1149 atque
799 1077 1066 1133 adversus
1089 1090 1241 1142 eum,
1263 1075 1360 1146 qui
1399 1075 1524 1131 illas
1551 1073 1668 1129 fieri
1697 1071 1980 1143 praecepit,

2080 522 2238 592 ϐωτῷ
2274 521 2498 590 τεθῆναι
2560 515 2900 588 προσέταξεν
2945 516 3025 578 είς
3083 513 3461 584 μνημόσυνον.
3506 511 3690 565 Οῦτω

2080 615 2175 667 καὶ
2203 612 2298 666 νῦν
2332 611 2433 673 τὰς
2457 609 2676 672 είκόνας
2715 606 2823 660 τῶν
2854 604 3179 674 γεγονότων,
3207 605 3304 657 καὶ
3325 605 3430 667 τὰς
3459 604 3688 675 ἀρετὰς

2078 703 2478 773 διαγράφομεν.
2527 701 2599 753 Ἢ
2646 698 2826 752 τοίνυν
2869 699 3053 752 πᾶσαν
3106 697 3292 750 εἰκόνα
3339 696 3546 760 ἄνελε,
3578 695 3692 748 καὶ

2079 793 2486 864 ἀντινομοθέτει
2507 791 2587 862 τῷ
2632 789 2833 853 ταύτας
2881 788 3243 860 προστάξαντι
3267 788 3560 856 γενέσθαι.
3606 788 3690 840 Ἦ

2077 887 2316 956 ἑκάστην
2349 884 2505 954 δέχου
2531 922 2546 947 ,
2581 882 2721 936 κατὰ
2774 881 2869 934 τὸν
2901 880 3109 950 ἑκάστῃ
3159 879 3443 950 πρέποντα
3498 880 3684 945 λόγον

2077 978 2172 1030 καὶ
2224 976 2450 1048 τρόπον.
2484 975 2743 1036 Εἰπόντες
2773 972 2955 1026 τοίνυν
2987 972 3116 1034 τοὺς
3149 971 3249 1041 τῆς
3284 971 3499 1035 είκόνος
3536 971 3683 1041 τρό-

2079 1083 2236 1132 πους,
2266 1069 2511 1136 εἴπωμεν
2534 1066 2631 1118 καὶ
2662 1066 2791 1135 περὶ
2819 1064 3264 1134 προσκυνήσεως.

401 1173 550 1242 leges
568 1181 769 1237 statue,
795 1181 886 1227 aut
912 1172 1162 1243 singulas
1190 1171 1350 1241 juxta
1379 1171 1650 1226 rationem
1669 1183 1736 1224 ac
1754 1167 1977 1222 modum
2016 1162 2320 1231 unicuique
2355 1162 2770 1216 convenientem
2799 1160 3043 1229 suscipe.
3070 1158 3209 1214 Cum
3273 1157 3465 1228 itaque
3525 1159 3684 1213 ima-

402 1265 590 1336 ginum
623 1264 771 1318 varia
801 1265 1224 1334 exposuerimus
1253 1277 1476 1334 genera,
1507 1263 1779 1331 reliquum
1806 1268 1891 1315 est
1916 1267 1976 1313 ut
2010 1255 2077 1312 de
2106 1253 2428 1309 adoratione
2457 1253 2621 1308 verba
2653 1252 2945 1308 faciamus.

473 1357 560 1412 14.
593 1355 855 1411 Adoratio
879 1366 964 1412 est
987 1356 1237 1427 obsequii
1264 1371 1328 1410 ae
1358 1355 1681 1411 reverentiae
1714 1353 1931 1424 signum
1961 1369 1977 1405 :

403 1455 568 1516 atque
609 1443 772 1514 hujus
799 1443 981 1499 varios
1015 1443 1207 1500 modos
1250 1443 1527 1500 novimus.
1578 1441 1738 1497 Prior
1775 1456 1839 1496 ea
1871 1451 1974 1508 est,

404 1551 568 1608 quam
601 1551 699 1606 per
728 1535 944 1590 latriam
972 1534 1082 1591 Deo
1112 1536 1218 1592 soli
1251 1545 1446 1606 suapte
1482 1542 1678 1589 natura
1700 1533 1979 1598 adoranda

404 1627 752 1684 exhibemus.
803 1628 958 1682 Hane
1003 1627 1256 1698 sequitur
1306 1629 1505 1692 altera,
1537 1643 1702 1698 quam
1755 1633 1980 1697 propter

2153 1346 2236 1400 ιδ’.
2281 1347 2348 1400 Ἦ
2382 1344 2754 1415 προσκύνησις
2818 1344 3189 1407 ὐποπτὼσεως
3224 1344 3321 1398 καὶ
3343 1347 3513 1414 τιμῆς
3550 1344 3684 1396 ἐστι

2082 1437 2351 1508 σύμϐολον
2375 1455 2390 1469 ο
2425 1438 2520 1490 καὶ
2541 1439 2747 1507 ταύτης
2776 1436 3068 1506 διαφόρως
3107 1435 3360 1505 ἔγνωμεν
3386 1435 3643 1506 τρόπους
3663 1450 3678 1463 ⁸

2081 1531 2327 1603 πρώτην,
2373 1528 2470 1600 τὴν
2524 1529 2667 1582 κατὰ
2701 1529 2980 1598 λατρείαν,
3008 1529 3074 1598 ἣν
3123 1528 3479 1596 προσάγομεν
3512 1528 3682 1598 μόνῳ

2077 1623 2156 1694 τῷ
2207 1621 2368 1692 φύσει
2414 1619 2780 1692 προσκυνητῷ
2824 1619 2965 1689 Θεῷ.
3008 1619 3402 1689 Ἔπειτα,τὴν
3450 1619 3547 1672 διὰ
3579 1620 3684 1673 τὸν

406 1721 702 1791 ipsummet
736 1720 906 1774 Deum
941 1720 1034 1790 qui
1075 1729 1274 1776 natura
1314 1721 1468 1776 solus
1513 1719 1830 1775 adorandus
1865 1725 1978 1782 est,

2090 1715 2241 1784 φύσει
2284 1713 2664 1785 προσκυνητδν
2694 1713 2828 1766 Θεὸν
2868 1712 3296 1784 προσαγομένην
3331 1715 3445 1774 τοῖς
3491 1713 3681 1766 αὐτοῦ

407 1813 601 1868 amicis
634 1812 810 1882 ipsius
844 1827 909 1868 ac
936 1812 1156 1869 famulis
1182 1823 1540 1884 praestamus;
1576 1820 1636 1867 ut
1666 1826 1791 1868 cum
1817 1811 1981 1868 Iesus

2090 1807 2256 1876 φίλοις
2288 1807 2386 1861 καὶ
2419 1805 2774 1877 θεράπουσιν,
2809 1804 2886 1868 ὡς
2917 1804 2994 1875 τῷ
3018 1804 3241 1876 ἀγγέλῳ
3272 1805 3485 1874 Ἰησοῦς
3508 1807 3540 1856 ὁ
3574 1805 3680 1859 ’τοὗ

407 1902 555 1960 Nave
589 1904 755 1968 filius,
790 1913 845 1960 et
883 1903 1074 1960 Daniel
1115 1907 1370 1976 angelum
1425 1906 1798 1960 adoraverunt
1841 1923 1855 1959 :
1895 1904 1984 1960 vel

409 1997 544 2052 locis
571 1995 664 2052 Dei
696 1998 987 2067 prasentia
1012 1999 1221 2062 sacris;
1253 1999 1418 2053 sicuti
1453 1997 1622 2053 David
1652 1999 1761 2052 ait:
1792 2015 1812 2048 ι
1837 1996 1984 2052 Ado-

408 2102 595 2142 remus
625 2087 680 2141 in
725 2088 871 2154 loco,
902 2088 996 2142 ubi
1049 2098 1325 2144 steterunt
1357 2088 1523 2159 pedes
1561 2089 1685 2158 ejus
1712 2089 1788 2154 ”;
1820 2106 1840 2140 ι
1894 2088 1981 2143 vel

409 2180 578 2235 rebus
609 2179 713 2250 ipsi
742 2181 1114 2248 consecratis;
1145 2189 1206 2236 ut
1227 2181 1411 2236 omnis
1429 2180 1597 2236 israel
1621 2178 1982 2235 tabernaculo

409 2272 752 2342 proeidebat,
793 2289 856 2330 ac
892 2275 948 2330 in
990 2275 1226 2330 circuitu
1255 2273 1740 2345 Hierosolymitani
1794 2273 1982 2344 templi

409 2370 640 2429 stantes,
667 2365 1026 2434 vultibusque
1049 2367 1114 2421 ad
1142 2368 1322 2438 ipsum
1341 2367 1520 2422 versis
1540 2367 1606 2421 ad
1643 2366 1788 2421 hunc
1810 2382 1983 2436 usque

409 2453 553 2508 diem
585 2454 818 2510 adorant
849 2475 863 2510 :
897 2458 980 2511 vel
1017 2456 1362 2526 principibus
1399 2457 1470 2512 ab
1502 2457 1623 2526 ipso
1652 2458 1886 2522 creatis;
1921 2464 1984 2510 ut

409 2543 599 2613 Iacob,
631 2557 746 2602 tum
774 2548 919 2603 Esau
944 2549 1165 2604 fratrem
1207 2566 1370 2605 suum
1392 2550 1462 2618 ⁸ο,
1489 2549 1602 2604 Deo
1632 2549 1707 2602 ita
1742 2549 1978 2614 volente,

411 2635 861 2705 primogenitum,
901 2645 1014 2692 tum
1048 2637 1385 2695 Pharaonem
1420 2640 1780 2694 constitutum
1812 2653 1841 2693 a
1873 2639 1986 2694 Deo

411 2726 720 2796 principem
780 2728 1066 2793 adoravit;
1138 2729 1380 2798 itemque
1451 2728 1611 2799 313
1682 2728 1982 2799 Josephum

411 2817 701 2888 ipsiusmet
755 2819 978 2876 fratres.
1038 2820 1175 2876 Novi
1233 2836 1456 2892 quoque
1515 2822 1744 2878 honoris
1807 2823 1980 2878 mutui

411 2910 586 2977 gratia
621 2909 1003 2967 adorationem
1049 2911 1296 2966 adhiberi
1328 2911 1394 2976 “,
1443 2912 1666 2982 qualem
1707 2913 1983 2968 Abraham

413 2999 539 3055 liliis
562 3001 785 3056 Emmor
803 3002 1050 3057 exhibuit
1073 3002 1140 3057 ".
1163 3003 1272 3056 Aut
1293 3017 1425 3073 ergo
1442 3018 1659 3058 omnem
1675 3002 1832 3060 aufer
1851 3006 1984 3059 ado—

2081 1901 2258 1970 Ναυῇ,
2275 1899 2371 1952 καὶ
2394 1897 2591 1969 Δανιὴλ
2620 1896 3040 1969 προσεκύνησαν
3060 1915 3075 1930 ο
3094 1898 3127 1968 ἢ
3147 1900 3259 1961 τοῖς
3287 1897 3423 1951 Θεοῦ
3450 1898 3677 1965 τόποις,

2080 1993 2155 2053 ῶς
2189 2009 2356 2062 φησιν
2389 1993 2418 2045 6
2444 1991 2608 2044 Δαϐίδ
2627 2005 2640 2019 ·
2677 2009 2695 2042 ι
2739 1991 3216 2060 Προσκυνήσωμεν
3252 1991 3332 2054 είς
3355 1990 3449 2043 τὸν
3469 1992 3676 2058 τόπον,

2079 2079 2140 2140 οῦ
2169 2085 2408 2155 ἔστησαν
2454 2086 2503 2136 oi
2537 2083 2699 2146 πόδες
2732 2083 2896 2137 αὑτοῦ
2917 2099 2930 2112 ο
2967 2085 3203 2148 καὶτοῖς
3237 2085 3406 2138 αὐτοῦ
3451 2085 3677 2157 ἀναθή-

2083 2196 2268 2249 μασιν,
2302 2178 2379 2240 ὡς
2404 2176 2553 2240 ἅπας
2579 2179 2608 2229 6
2642 2175 2860 2247 Ἰσραὴλ
2897 2178 2962 2246 τῇ
2992 2179 3162 2247 σκηνῇ
3195 2178 3544 2248 προσεκύνει,
3563 2178 3680 2230 καὶ

2078 2271 2159 2342 τῷ
2189 2272 2248 2323 ὲν
2301 2268 2657 2340 Ἰερουσαλὴμ
2685 2267 2800 2337 ναῷ
2850 2267 3036 2338 κύκλῳ
3086 2268 3355 2333 ἑστῶτες,
3387 2271 3486 2322 καὶ
3524 2271 3678 2340 πρὸς

2080 2363 2212 2418 αὐτὸ
2240 2360 2613 2430 ἁπανταχόθεν
2635 2360 2869 2430 ὁρῶντες
2902 2361 2997 2412 καὶ
3027 2360 3462 2430 προσκυνοῦντες
3492 2363 3677 2415 είσέτι

2081 2457 2175 2510 καὶ
2209 2455 2304 2508 νῦν
2334 2454 2500 2524 ἢτοϊς
2540 2453 2632 2506 ὑπ’
2670 2451 2836 2506 αὑτοῦ
2875 2455 3340 2523 χειροτονηϐεἶσιν
3375 2455 3680 2526 ἄρχουσιν.

2081 2546 2156 2609 ὡς
2189 2543 2381 2598 Ἰακὼϐ
2422 2543 2502 2614 τῷ
2531 2561 2591 2597 τε
2627 2541 2798 2596 Ἠσαῦ
2824 2583 2839 2607 ,
2875 2543 2950 2606 ὡς
2977 2545 3394 2617 προγενεστέρῳ
3442 2547 3687 2618 ἁδελφῷ

2083 2637 2188 2692 ὑπὸ
2207 2634 2342 2690 Θεοῦ
2373 2635 2676 2705 γενομένῳ,
2714 2636 2810 2689 καὶ
2853 2635 3057 2704 Φαραὼ
3095 2637 3200 2688 ὑπὸ
3247 2637 3383 2690 Θεοῦ
3413 2656 3684 2710 χειροτοο

2082 2729 2298 2798 νηθέντι
2352 2729 2575 2798 ἄρχοντι
2600 2744 2611 2756 ·
2646 2727 2739 2782 καὶ
2763 2727 2839 2798 τῷ
2874 2729 3096 2797 Ἰωσὴφ,
3128 2730 3176 2781 οἱ
3206 2728 3368 2782 αὐτοῦ
3408 2730 3678 2800 ἀδελφοί.

2084 2815 2215 2873 Οίδα
2251 2820 2348 2873 καὶ
2373 2819 2514 2872 κατὰ
2559 2819 2725 2890 τιμὴν
2759 2819 2857 2890 τὴν
2900 2819 3038 2890 πρὸς
3067 2819 3328 2890 ἀλλήλους
3351 2822 3684 2892 προσκύνη-

2086 2929 2195 2974 σιν,
2217 2911 2294 2974 ὼς
2340 2910 2591 2981 Ἀϐραὰμ
2635 2913 2748 2972 τοῖς
2780 2911 2919 2973 υίοῖς
2959 2910 3214 2981 Ἑμμὼρ.
3247 2913 3320 2964 ’Ἡ
3349 2912 3534 2965 τοίνυν
3559 2915 3682 2965 πᾶ-

2087 3018 2185 3054 σαν
2238 3003 2606 3074 προσκύνησιν
2640 3003 2831 3066 ἄνελε,
2869 3003 2901 3072 ἢ
2960 3002 3140 3068 πάσας
3174 3003 3356 3074 δέχου,
3398 3005 3542 3074 μετὰ
3571 3004 3681 3058 τοῦ

345 3155 358 3166 ο
413 3093 704 3159 rationem,
744 3103 841 3149 aut
879 3109 1100 3150 omnem
1136 3095 1371 3152 admitte
1411 3110 1538 3151 cum
1579 3096 1762 3153 debita
1799 3105 1982 3153 tamen

2090 3094 2391 3162 ὀφείλοντος
2413 3095 2573 3163 λόγου
2608 3095 2705 3149 καὶ
2729 3095 2956 3165 τρόπου.

413 3185 628 3240 ratione
666 3201 730 3240 ac
771 3187 955 3242 modo.

483 3276 572 3329 iii.
606 3273 676 3328 At
705 3291 834 3330 vero
870 3276 1004 3330 mihi
1039 3275 1193 3332 dicas
1225 3277 1390 3330 velim
1417 3294 1429 3329 :
1459 3291 1644 3331 nonne
1679 3275 1821 3330 Deus
1846 3292 1989 3334 unus

415 3364 556 3418 Deus
593 3364 717 3418 est?
749 3363 892 3417 Deus
936 3367 1214 3433 equidem,
1258 3366 1498 3434 inquies,
1541 3376 1599 3419 ut
1641 3380 1791 3428 reor,
1844 3383 1988 3423 unus

413 3453 616 3522 estqui
642 3454 813 3521 legem
842 3455 1044 3508 sanxit.
1071 3453 1258 3520 Quid?
1283 3455 1571 3508 Contraria
1606 3457 1827 3510 sanxit?
1852 3456 1988 3511 Nam

414 3553 566 3598 CXII‘G
599 3551 912 3598 creatarum
937 3560 1125 3598 rerum
1160 3559 1454 3599 numerum
1487 3561 1597 3601 non
1629 3557 1760 3602 sunt
1782 3549 1990 3604 Cheru-

416 3636 525 3688 bim
561 3634 629 3690 “.
687 3633 868 3689 Eeeur
918 3651 1051 3706 ergo
1106 3637 1392 3692 hominum
1449 3653 1615 3693 manu
1675 3640 1992 3699 fabrefactis

415 3725 715 3780 Cheruhim
740 3726 1060 3782 obumbrari
1087 3729 1532 3799 prepiliatorium
1560 3731 1756 3801 jubet?
1794 3736 1991 3791 Annon

414 3816 541 3886 quia
581 3817 694 3882 Dei,
731 3828 916 3889 utpote
952 3821 1046 3892 qui
1094 3822 1414 3878 nullatenus
1459 3825 1849 3882 circumscribi
1892 3843 1994 3885 nec

415 3911 800 3977 repraisentari
842 3919 1046 3980 potest,
1096 3912 1277 3982 imago
1309 3913 1418 3968 ulla
1472 3915 1589 3970 ﬁeri
1632 3919 1841 3988 nequit,
1893 3935 1992 3975 nec

417 4002 726 4072 cujuspiam
754 4003 913 4072 quasi
942 4004 1080 4058 Deus
1114 4004 1204 4070 sit,
1234 4020 1300 4059 ne
1332 4006 1505 4061 latrize
1525 4008 1708 4064 cultus
1732 4020 1991 4082 tanquam

421 4093 530 4148 Deo
559 4103 827 4149 creatura:
857 4095 1218 4151 attribuatur.
1252 4095 1462 4153 Idcirco
1503 4098 1826 4166 Cherubim,
1866 4104 1996 4173 quia

417 4185 834 4258 circumscripta
893 4199 1042 4255 sunt,
1078 4189 1380 4261 divinaque
1437 4193 1577 4248 solio
1612 4194 1992 4251 ministrorum

421 4293 571 4334 more
609 4279 898 4346 assistunt,
937 4281 1209 4352 imagines
1238 4283 1436 4340 cantici
1478 4286 1723 4352 mandat,
1755 4302 1876 4358 qua:
1909 4287 1993 4342 fa-

420 4371 694 4424 mulorum
727 4380 980 4442 gerentes
1011 4374 1261 4431 habitum
1299 4377 1744 4447 propitiatorium
1797 4381 1995 4436 obum-

2163 3280 2246 3328 ιε’.
2276 3274 2416 3341 Λέγε
2465 3289 2557 3342 μοι
2606 3270 2882 3342 ἐρωτῶντι
2916 3287 2931 3302 ο
2982 3265 3064 3335 εἷς
3096 3271 3228 3334 Θεδς
3279 3273 3307 3326 6
3336 3272 3506 3338 Θεός;
3539 3274 3676 3342 Ναὶ,

2092 3367 2310 3436 φήσεις,
2339 3363 2414 3427 ὡς
2448 3363 2572 3434 ἐμοὶ
2600 3363 2785 3426 δοκεῖ,
2811 3358 2892 3426 εἷς
2923 3363 3244 3434 νομοθέτης.
3275 3364 3341 3417 Τί
3365 3360 3457 3418 οῦν
3502 3384 3681 3435 νομο-

2092 3457 2236 3511 Θετεί
2262 3456 2331 3510 τὰ
2359 3454 2578 3508 ἐναντία
2605 3471 2620 3520 ;
2674 3454 2750 3507 Οὐ
2781 3454 2890 3524 γὰρ
2920 3453 3024 3519 ἔξω
3049 3455 3150 3524 τῆς
3194 3455 3424 3520 κτίσεως
3453 3457 3526 3510 τὰ
3562 3460 3681 3511 Χε-

2092 3549 2310 3620 ρουϐίμ.
2332 3549 2398 3602 Τί
2423 3544 2514 3602 οὖν
2547 3547 2873 3618 προστάττει
2901 3548 3182 3618 Χερουϐὶμ
3211 3548 3426 3616 γλυπτὰ
3454 3551 3678 3622 ἀνθρὼ-

2092 3660 2210 3698 πων
2252 3641 2413 3713 χερσὶ
2467 3640 2882 3711 τεκταινόμενα,
2936 3638 3182 3703 σκιάζειν
3215 3639 3274 3693 τὺ
3311 3641 3676 3712 ίλαστήριονς

2094 3738 2164 3790 Ἦ
2201 3735 2382 3806 δῆλον,
2415 3734 2493 3797 ὡς
2519 3734 2656 3787 Θεοῦ
2695 3733 2815 3805 μὲν,
2843 3733 2918 3797 ὡς
2950 3733 3365 3805 ἁπεριγρόιπτον
3393 3735 3492 3789 καλ⁸
3523 3737 3644 3789 ἁνει
3665 3767 3681 3777 ο

2093 3828 2296 3882 κάστου
2329 3827 2507 3880 ποιεῖν
2560 3826 2743 3880 είκόνα
2795 3826 3098 3896 ἀμήχανον,
3132 3826 3164 3896 ἧ
3214 3844 3357 3890 τινος
3388 3826 3464 3890 ὡς
3501 3828 3680 3894 Θεοῦ,

2093 3919 2181 3972 ἵνα
2209 3918 2284 3989 μὴ
2311 3917 2386 3982 ὡς
2423 3917 2556 3980 Θεὸς
2593 3918 2964 3988 λατρευομένη
2997 3919 3372 3989 προσκυνῆται
3401 3920 3436 3990 ἡ
3466 3920 3678 3983 κτίσις.

2093 4008 2214 4062 Τῶν
2243 4008 2300 4061 δὲ
2339 4006 2641 4079 Χερουϐὶμ,
2697 4007 2772 4070 ὡς
2816 4007 3243 4079 περιγραπτῶν,
3281 4009 3376 4061 καὶ
3421 4009 3500 4080 τῷ
3549 4009 3682 4080 θεέῳ

2095 4101 2272 4172 Θρόνῳ
2312 4099 2694 4171 δουλοπρεπῶς
2732 4099 3120 4172 παρεστώτων,
3153 4099 3252 4172 τὴν
3284 4102 3474 4155 είκόνα
3508 4120 3682 4175 προσ-

2094 4195 2277 4248 τάττει
2311 4197 2484 4248 ποιεῖν
2510 4237 2524 4260 ,
2555 4195 2944 4267 δουλοπρεπῶς
2977 4195 3306 4261 σκιάζουσαν
3337 4196 3401 4248 τὸ
3448 4196 3681 4268 ἱλαστή-

2100 4303 2233 4358 ριον.
2259 4287 2508 4358 Ἐπρεπε
2549 4287 2656 4358 γὰρ
2695 4290 2760 4358 τῇ
2791 4288 2958 4341 εἰκόνι
3001 4288 3109 4341 τῶν
3137 4287 3406 4358 ούρανίων
3435 4289 3683 4358 λειτουρο

2096 4381 2227 4449 γῶν,
2259 4377 2355 4451 τὴν
2389 4379 2574 4432 εἰκόνα
2615 4379 2724 4432 τῶν
2761 4378 2920 4432 Θείων
2957 4378 3274 4449 μυστηρίων
3326 4379 3677 4442 σκιάζεσθαι.

420 4463 598 4518 brent.
632 4463 772 4529 Quid
803 4480 1009 4530 arcam,
1041 4467 1171 4535 quid
1208 4482 1426 4534 urnam,
1450 4469 1651 4540 quidve
1675 4473 1986 4542 propitiato-

2097 4473 2162 4528 Τί
2191 4473 2249 4526 δὲ
2281 4472 2386 4543 φὴς
2409 4471 2510 4542 τὴν
2534 4470 2785 4540 κιϐωτὸν,
2819 4473 2916 4543 τὴν
2947 4471 3206 4542 στάμνον,
3236 4472 3297 4524 τὸ
3335 4473 3678 4544 ἱλαστήριον,

419 4554 562 4609 rium
596 4555 768 4611 fuisse
813 4558 929 4613 ais?
973 4560 1169 4614 Annon
1215 4559 1498 4615 hominum
1533 4566 1789 4619 manibus
1821 4566 1996 4621 fabri-

419 4655 542 4699 cata
563 4645 646 4698 “?
675 4644 936 4717 Nunquid
971 4662 1080 4701 non
1129 4662 1298 4719 epcra
1355 4664 1617 4705 manuum
1677 4653 1998 4710 hominum?

418 4736 613 4794 Nonne
645 4755 710 4794 ex
759 4740 873 4806 vili,
911 4748 969 4795 ut
1012 4741 1130 4814 ipse
1181 4741 1334 4808 loqui
1384 4759 1559 4810 amas,
1592 4747 1825 4801 materia
1859 4763 1996 4803 con-

423 4839 634 4886 structa
700 4833 865 4888 sunt?
925 4833 1068 4902 Quid
1120 4849 1249 4890 vero
1306 4843 1483 4892 totum
1548 4839 1998 4896 tabernaculum?

422 4937 607 4978 nonne
632 4923 854 4995 imago?
879 4941 1061 4982 nonne
1085 4927 1282 4983 umbra
1314 4936 1478 4998 atque
1510 4932 1821 5001 exemplum
1851 4936 1999 4989 erat?

423 5012 697 5076 Quocirca
717 5011 940 5070 divinus
957 5016 1252 5084 Apostolus
1273 5018 1349 5070 ait
1376 5017 1445 5071 de
1475 5018 1612 5088 legis
1643 5020 1883 5090 antiquae
1906 5037 1996 5077 sa-

423 5103 742 5160 cerdotibus
772 5107 1086 5163 edisserens
1124 5124 1138 5161 :
1179 5126 1197 5158 ι
1235 5107 1668 5178 Quiexemplari
1702 5119 1756 5165 et
1790 5115 1998 5166 umbra:

424 5193 741 5250 deserviunt
775 5199 1121 5265 cmlestium;
1165 5199 1310 5256 sicut
1343 5215 1673 5271 responsum
1693 5211 1779 5259 est
1801 5203 1995 5275 Moysi,

426 5285 553 5342 dum
577 5301 1061 5348 consummaturus
1076 5299 1195 5347 erat
1209 5291 1627 5348 tabernaculum
1651 5293 1808 5350 :Vide
1823 5297 1991 5362 enim,

426 5379 625 5450 inquit,
654 5381 840 5436 omnia
867 5382 1031 5438 facito
1063 5385 1368 5440 secundum
1405 5385 1687 5454 exemplar
1715 5386 1860 5455 quod
1897 5387 1995 5442 tibi

424 5479 712 5528 ostensum
746 5483 831 5530 cst
863 5475 920 5532 in
954 5486 1136 5532 meme
1159 5475 1228 5532 ".
1268 5496 1287 5530 ι
1317 5476 1642 5546 Quanquam
1666 5493 1735 5533 ne
1766 5479 1850 5534 lex
1873 5479 1996 5550 qui-

502 5676 547 5706 "
571 5678 736 5748 Exod.
772 5697 957 5742 xxxiv,
987 5682 1114 5744 ‘28.;
1144 5683 1311 5740 Hebr.
1347 5698 1424 5747 Ix,
1450 5685 1503 5738 4.
1580 5680 1623 5716 ³⁸
1648 5683 1986 5746 Psal.cxxxs,

2165 5686 2211 5717 ⁸ο
2264 5683 2400 5740 Gen.
2462 5699 2660 5748 xxxiii,
2693 5686 2746 5740 5.

2094 4568 2155 4620 οὐ
2185 4564 2570 4636 χειρότευκτα;
2613 4563 2715 4616 οὐκ
2767 4563 2903 4633 ἔργα
2956 4563 3157 4634 χειρῶν
3187 4561 3536 4633 ἀνθρώπωνς
3577 4565 3683 4617 οὒκ

2095 4655 2155 4720 ἐξ
2182 4655 2401 4725 ἀτίμου,
2427 4653 2501 4716 ὡς
2533 4653 2599 4706 σὺ
2637 4649 2763 4722 φὴς,
2791 4653 2924 4723 ῦλης
2970 4653 3494 4722 κατεσκευασμένας
3526 4653 3596 4706 Τί
3623 4654 3679 4706 δὲ

2092 4749 2125 4817 ἠ
2155 4746 2328 4817 σκηνὴ
2355 4745 2570 4812 atracia;
2611 4745 2732 4816 οὐχὶ
2775 4745 2938 4799 εἰκὼν
2980 4742 3092 4818 ἧν;
3125 4747 3202 4800 Οὐ
3245 4747 3373 4800 σκιὰ
3400 4747 3498 4799 καὶ
3545 4746 3680 4799 ὑπό-

2094 4838 2320 4907 δειγμα’;
2344 4835 2484 4908 Φησὶ
2512 4837 2802 4908 τοιγαροῦν
2823 4838 2851 4891 6
2876 4837 3018 4902 Θεῖος
3058 4837 3380 4900 Ἀπόστολος
3406 4837 3540 4909 περὶ
3567 4837 3678 4889 τῶν

2095 4929 2237 4982 κατὰ
2291 4930 2381 4982 τὸν
2433 4929 2598 5000 νόμον
2640 4929 2830 5000 ἱερέων
2887 4929 3100 4994 διεξιών
3136 4945 3152 4960 ο
3201 4949 3220 4982 ι
3277 4930 3489 4993 Οῖτινες
3543 4931 3676 4984 ὕπο-

2093 5021 2345 5091 δείγματι
2393 5021 2486 5074 καὶ
2521 5023 2648 5092 σκιᾷ
2691 5020 3012 5092 λατρεύουσι
3043 5022 3152 5076 τῶν
3182 5021 3556 5092 ἐπουρανίων·
3587 5040 3679 5075 κα-

2096 5112 2204 5176 Θὼς
2242 5113 2679 5184 κεχρημάτισται
2713 5115 2956 5185 Μωῦσῆς
2979 5157 2994 5180 ,
3034 5116 3244 5188 μέλλων
3276 5115 3551 5169 ἐπιτελεῖν
3578 5117 3676 5185 τὴν

2098 5209 2319 5279 σκηνήν.
2347 5208 2492 5279 Ὅρα
2523 5206 2666 5278 γὰρ,
2711 5207 2866 5278 φησὶ,
2905 5210 3163 5279 ποιήσεις
3194 5207 3338 5262 κατὰ
3377 5209 3471 5262 τὸν
3507 5207 3676 5261 τύπον

2100 5299 2192 5352 τὸν
2219 5298 2513 5370 δειχθέντα⁸
2532 5316 2611 5352 σοι
2657 5302 2715 5352 έν
2747 5300 2827 5371 τῷ
2857 5301 2995 5370 ὄρει.
3023 5319 3041 5352 ι
3085 5299 3230 5352 Ἀλλ’
3262 5300 3382 5352 οὐδὲ
3411 5298 3584 5353 είκὼν
3612 5295 3676 5365 ἦν

2101 5393 2128 5444 6
2148 5391 2330 5462 νόμος,
2354 5391 2469 5444 ἀλλ’
2501 5391 2710 5455 εἰκόνος
2750 5392 3111 5462 προσκίασμα
3133 5407 3145 5420 ’
3191 5392 3326 5461 φησὶ
3358 5389 3492 5458 γοῦν
3519 5391 3548 5442 6
3579 5390 3676 5442 αύο

2098 5480 2189 5545 τὸς
2224 5480 2547 5544 Ἀπόστολος
2566 5497 2578 5510 ·
2612 5499 2630 5532 ι
2661 5480 2830 5534 Σκιὰν
2854 5481 2964 5552 γὰρ
2990 5479 3128 5549 ἔχων
3152 5480 3181 5532 6
3209 5478 3373 5549 νόμος
3396 5478 3509 5532 τῶν
3547 5479 3676 5549 μελ-

2855 5683 3052 5740 “Gen.
3105 5700 3271 5750 van,
3303 5685 3352 5738 '7.
3470 5683 3675 5739 "Gen.

432 5759 590 5812 χχιιι,
615 5747 669 5800 7.
743 5750 788 5781 ”
813 5750 983 5806 Exod.
1028 5768 1152 5816 xxv,
1186 5753 1273 5807 18.
1351 5753 1564 5819 “l’sal,
1599 5769 1750 5820 cxtu,
1827 5757 1892 5822 ις
1929 5755 1986 5809 Ηι

2122 5771 2196 5818 ix,
2232 5756 2317 5808 11.
2393 5755 2442 5787 ⁸⁸
2468 5753 2632 5811 Hebr.
2661 5771 2780 5821 vm,
2813 5755 2863 5810 5.
