3960 6198
313 286 453 357 1245

1440 296 1539 356 DE
1570 296 2030 377 IMAGLNIBUS
2065 298 2349 361 ORATIO
2380 299 2430 359 l.

3425 288 3562 354 1246

306 393 514 448 λόντων
544 392 787 463 ἀγαθῶν,
816 395 916 450 οὐκ
948 396 1117 469 αὐτὴν
1143 397 1240 471 τὴν
1268 398 1452 452 εἰκόνα
1487 400 1598 454 τῶν
1629 402 1880 471 πραγμά-

1992 402 2116 457 dem
2147 402 2329 473 imago
2355 410 2498 465 erat,
2521 399 2615 457 sed
2645 400 2901 471 imaginis
2918 403 3101 471 potius
3119 398 3483 461 adumbratio,
3504 405 3563 452 ut

308 502 442 539 των.
480 503 499 538 ι
535 488 599 541 Εἰ
630 481 722 541 οῦν
742 490 769 541 ό
802 489 967 558 νόμος
995 491 1213 554 εἰκόνας
1267 493 1624 563 ἀπαγορεύει,
1650 494 1813 557 αὐτὸς
1834 494 1889 547 δὲ

310 578 520 642 εἰκόνος
555 580 671 633 ὲστὶ
698 581 1107 653 προχάραγμα,
1142 584 1195 635 τί
1237 583 1524 653 φήσομεν;
1556 586 1618 637 Εἰ
1651 587 1683 654 ἡ
1718 586 1888 657 σκηνὴ

313 668 467 730 σκιὰ,
498 669 593 723 καὶ
614 669 785 724 τύπου
815 672 1009 735 τύπος,
1044 672 1162 736 πῶς
1207 672 1280 743 μὴ
1315 674 1724 744 εἰκονογραφεῖν
1755 675 1782 726 6
1812 673 1891 726 νό-

316 777 415 829 μος
436 761 849 829 διακελεύεται;
892 764 1029 816 Ἀλλ’
1055 765 1155 818 οὐκ
1198 764 1345 817 ἔστιν
1386 764 1530 818 οὕτω
1552 763 1724 817 ταῦτα
1744 804 1758 831 ,
1790 764 1891 817 οὐκ

314 849 429 906 ἔστι
450 868 464 884 ·
500 853 693 925 καιρὸς
726 854 782 908 δὲ
821 855 1020 926 μᾶλλον
1042 854 1122 925 τῷ
1145 856 1309 910 παντὶ
1334 856 1639 929 πράγματι.

270 1168 278 1175 .
387 1128 486 1187 ις’.
515 1120 694 1174 Πάλαι
746 1120 845 1190 μὲν
872 1119 901 1172 6
936 1117 1089 1183 Θεὸς,
1119 1117 1147 1170 6
1185 1116 1477 1189 άσὼματός
1510 1136 1568 1172 τε
1598 1119 1691 1172 καὶ
1719 1119 1890 1191 ἀσχη-

318 1213 595 1285 μάτιστος,
614 1210 867 1282 οὐδαμῶς
889 1210 1203 1274 εἰκονίζετο.
1230 1211 1345 1264 Νῦν
1362 1212 1417 1266 δὲ
1444 1212 1608 1283 σαρκί⁸
1629 1212 1888 1283 ὀφθέντος

312 1304 473 1369 Θεοῦ,
504 1304 599 1358 καὶ
645 1306 759 1367 τοῖς
783 1303 1093 1375 ἀνθρώποις
1145 1305 1704 1375 ωναναστραφέντος,
1746 1307 1889 1358 εἰκοο

310 1396 443 1462 νίζω
480 1395 617 1449 Θεοῦ
647 1396 711 1448 τὸ
742 1396 1039 1467 ὁρώμενον.
1081 1397 1153 1450 Ού
1181 1397 1468 1465 προσκυνῶ
1489 1400 1555 1467 τῇ
1580 1380 1699 1469 ὕλῃ,
1720 1415 1882 1469 προσο

312 1487 463 1539 κυνῶ
491 1485 547 1538 δὲ
568 1486 661 1540 τὸν
686 1486 784 1556 τῆς
815 1486 945 1557 ὕλης
994 1486 1326 1558 δημιουργὸν
1345 1529 1359 1554 ,
1391 1487 1483 1541 τὸν
1525 1487 1657 1559 ὕλην
1687 1488 1755 1541 δι’
1786 1488 1887 1559 ἐμὲ

309 1580 627 1648 γενόμενον,
667 1578 763 1631 καὶ
801 1579 860 1632 ὲν
892 1576 995 1651 ὕλῃ
1047 1579 1376 1649 κατοικῆσαι
1432 1580 1885 1651 καταδεξάμενον,

311 1672 407 1723 καλ⁵
436 1670 504 1722 δι’
537 1669 667 1738 ὕλης
712 1669 810 1738 τὴν
866 1670 1142 1741 σωτηρίαν
1194 1687 1295 1741 μου
1345 1670 1723 1741 ἐργασάμενον
1747 1709 1762 1736 ,
1793 1672 1888 1725 καὶ

1989 492 2136 547 idem
2175 493 2251 547 ait
2285 491 2587 563 Apostolus
2619 509 2631 545 :
2674 507 2693 541 ι
2721 488 2978 544 Umbram
3003 491 3210 545 habens
3234 490 3317 545 lex
3351 489 3565 542 futuro-

1989 599 2112 637 rum
2152 583 2451 645 bonorum,
2503 597 2615 636 non
2678 582 2852 651 ipsam
2896 580 3189 651 imaginem
3236 596 3419 634 rerum
3446 579 3510 630 ⁸⁸.
3540 595 3559 629 ι

1988 674 2172 739 Quare
2197 677 2243 729 si
2276 674 2363 729 lex
2394 688 2517 744 qua:
2548 672 2814 740 imagines
2848 670 3102 741 prohibet
3136 669 3273 733 ﬁeri,
3311 668 3562 738 imaginis

1990 767 2167 836 ﬁgura
2200 774 2321 832 est;
2361 765 2492 836 quid
2520 764 2633 833 jam
2658 762 2949 818 dicemus?
2972 762 3041 815 At
3069 761 3113 815 si
3149 761 3564 815 tabernaculum

1992 858 2187 913 umbra
2237 864 2353 921 est,
2390 866 2444 912 et
2476 855 2652 926 ﬁgura
2681 854 2887 924 ﬁgura},
2921 869 3020 908 cur
3048 853 3130 907 lex
3164 853 3429 922 imagines
3460 866 3565 905 non

1989 948 2143 1019 pingi
2170 948 2403 1017 jubeat?
2436 946 2636 1003 Verum
2670 947 2785 1000 haec
2819 960 2929 999 non
2981 945 3054 997 ita
3090 960 3149 999 se
3174 943 3411 1008 habent;
3455 957 3564 996 non

1989 1038 2243 1110 profecto
2274 1058 2288 1094 :
2332 1037 2426 1093 sed
2456 1054 2618 1094 suum
2648 1036 2951 1105 unicuique
2980 1036 3057 1089 rei
3097 1043 3313 1104 tempus
3352 1043 3436 1089 est
3459 1033 3526 1087 ⁸⁷.

2060 1132 2147 1186 16.
2176 1132 2522 1202 Quapropter
2553 1130 2719 1186 Deum
2742 1131 2895 1194 olim,
2924 1136 2981 1182 ut
3005 1128 3256 1197 corporis
3288 1142 3351 1181 ac
3382 1128 3566 1197 ﬁgnrm

1989 1234 2307 1295 expertem,
2365 1225 2545 1293 imago
2603 1223 2756 1277 nulla
2818 1220 3093 1276 referebat
3120 1220 3185 1272 ‘3.
3236 1218 3393 1274 Nunc
3440 1234 3565 1274 vero

1992 1324 2349 1386 posteaquam
2385 1314 2439 1367 in
2474 1327 2639 1367 carne
2666 1313 2818 1369 visus
2844 1323 2928 1366 est
2960 1311 3126 1374 Deus,
3153 1318 3207 1365 et
3240 1325 3362 1365 cum
3391 1309 3565 1363 homi-

1990 1408 2154 1463 nibus
2184 1413 2548 1463 conversatus
2587 1415 2669 1462 est
2693 1406 2759 1469 δ’,
2790 1420 2896 1475 qua
2924 1412 3078 1474 parte
3112 1403 3562 1473 conspiciemlum

1990 1514 2051 1554 se
2080 1498 2336 1569 praebuit,
2381 1496 2475 1551 Dei
2507 1496 2799 1566 imaginem
2828 1494 3083 1549 etl'ormo.
3106 1492 3225 1548 Non
3257 1492 3561 1552 materiam,

1990 1589 2087 1644 sed
2118 1589 2362 1643 materiae
2389 1596 2677 1642 auctorem
2709 1582 2912 1652 adoro;
2946 1586 3038 1656 qui
3071 1594 3294 1656 propter
3326 1598 3412 1639 me
3444 1596 3561 1636 ma-

1992 1680 2130 1735 teria
2160 1680 2339 1736 factus
2370 1689 2479 1745 est,
2513 1687 2568 1735 et
2599 1680 2653 1734 in
2680 1680 2913 1734 materia
2950 1679 3198 1733 habitare
3228 1676 3419 1737 voluit,
3459 1690 3564 1746 quo

311 1761 489 1814 σέϐων
518 1761 578 1814 οὕ
617 1761 897 1832 παύσομαι
926 1762 1024 1833 τὴν
1054 1764 1209 1833 ὕλην,
1241 1760 1397 1835 δι’ἦς
1435 1766 1467 1834 ἡ
1501 1765 1745 1836 σωτηρία
1784 1782 1880 1834 μου

1990 1788 2088 1843 per
2118 1773 2401 1828 materiam
2439 1773 2673 1827 salutem
2710 1786 2888 1826 meam
2933 1780 3290 1839 operaretur:
3321 1783 3421 1822 nec
3452 1781 3561 1819 ma-

309 1851 601 1921 εἴργασται
621 1869 634 1884 ο
679 1853 821 1906 σέϐω
854 1854 912 1907 δὲ
944 1855 1043 1924 οὐχ
1076 1853 1151 1918 ὡς
1186 1854 1317 1907 Θεόν
1340 1870 1353 1884 ·
1387 1855 1567 1924 ἄπαγε
1589 1873 1604 1886 ·
1632 1855 1750 1919 πῶς
1775 1855 1882 1928 γάρ

306 1943 369 1997 τὸ
394 1943 452 2011 ἐξ
485 1944 586 1997 οὐκ
614 1945 787 1998 όντων
808 1945 911 2016 τὴν
940 1948 1159 2014 γένεσιν
1192 1949 1426 2018 ὲσχηκὸς
1448 1990 1462 2014 ,
1496 1948 1661 2015 Θεό;;
1698 1950 1760 2001 Εἰ
1791 1951 1883 2003 καὶ

304 2032 367 2085 τὸ
401 2031 495 2086 τοῦ
535 2033 671 2088 Θεοῦ
732 2035 891 2104 σῶμα
934 2023 1088 2100 Θεὸς,
1127 2036 1216 2091 διὰ
1268 2037 1368 2107 τὴν
1422 2037 1545 2090 καθ’
1586 2038 1882 2093 ὑπόστασιν

302 2126 501 2180 ἕνωσιν
548 2129 775 2199 γεγονὸς
829 2130 1227 2202 άμεταϐλήτως
1266 2132 1403 2203 ὅπερ
1442 2132 1502 2185 τὸ
1535 2134 1751 2205 χρίσαν,
1788 2135 1883 2188 καὶ

304 2221 499 2287 μεῖναν
528 2221 664 2291 ὅπερ
720 2217 788 2293 ἦν
835 2224 901 2293 τῇ
944 2223 1135 2291 φύσει,
1174 2223 1308 2293 σὰρξ
1351 2223 1675 2297 ἐψυχωμένη
1733 2225 1901 2296 ψυχῇ·

300 2310 493 2383 λογικῇ
543 2329 603 2365 τε
658 2314 753 2366 καὶ
788 2316 950 2385 νοερᾷ
972 2356 985 2377 ,
1014 2316 1265 2386 ἠργμένη
1287 2357 1301 2381 ,
1335 2317 1434 2370 οὐκ
1466 2318 1737 2381 άκτιστος.
1771 2318 1881 2388 Τὴν

298 2407 358 2459 δέ
390 2422 453 2473 γε
496 2406 689 2476 λοιπὴν
718 2406 848 2478 ὕλην
899 2408 1062 2472 σέϐω,
1097 2408 1192 2461 καὶ
1233 2408 1300 2461 δι’
1335 2410 1518 2473 αἰδοῦς
1545 2410 1683 2479 ἄγω,
1713 2411 1780 2464 δι’
1812 2406 1880 2481 ἧς

299 2496 333 2565 ἡ
362 2497 605 2566 σωτηρία
632 2516 733 2567 μου
759 2500 1011 2567 γέγονεν,
1043 2499 1119 2563 ὡς
1152 2500 1303 2563 θείας
1334 2501 1618 2571 ἐνεργείας
1648 2502 1743 2555 καὶ
1781 2505 1878 2573 χά-

301 2605 451 2660 ριτος
487 2589 757 2659 ἔμπλεων,
789 2592 858 2644 Ἦ
880 2593 976 2661 οὐχ
1010 2591 1108 2661 ὕλη
1139 2592 1199 2645 τὸ
1227 2591 1320 2645 τοῦ
1357 2594 1591 2666 σταυροῦ
1620 2594 1796 2661 ξύλον,
1819 2597 1879 2648 τὸ

297 2682 611 2754 τρισόλϐιον
649 2684 743 2737 καί
781 2685 1248 2755 τρισμακάριστον
1274 2702 1289 2750 ;
1318 2687 1388 2738 Ἥ
1411 2687 1511 2756 οὐχ
1539 2686 1639 2756 ὕλη
1672 2688 1733 2739 τὸ
1754 2687 1880 2757 ὅρος

297 2774 363 2826 τὸ
391 2774 585 2827 σεπτὸν
622 2774 718 2828 καί⁵
743 2774 897 2842 ἆγιον
918 2794 933 2841 ;
955 2776 1017 2829 '0
1046 2776 1139 2831 τοῦ
1179 2777 1420 2845 Κρανίου
1446 2778 1642 2851 τόπος;
1676 2780 1747 2832 Ἢ
1781 2780 1879 2850 οὐχ

300 2864 401 2935 ὕλη
429 2866 463 2935 ή
512 2865 801 2935 φερέσϐιος
848 2866 1024 2937 πέτρα
1070 2869 1162 2920 καὶ
1214 2866 1521 2940 ζωηφόρος,
1561 2872 1591 2922 6
1636 2871 1805 2939 τάφος
1851 2873 1878 2925 ὁ

296 2956 474 3029 ἅγιος,
501 2959 535 3027 ἡ
561 2959 713 3028 πηγὴ
748 2959 848 3029 τῆς
900 2959 1057 3029 ἡμῶν
1104 2959 1485 3026 ἀναστάσεωςς
1519 2963 1588 3013 Ἦ
1640 2962 1738 3031 οὐχ
1777 2960 1875 3033 ὕλη

295 3047 361 3099 τὸ
401 3047 593 3118 μέλαν,
620 3051 713 3102 καὶ
743 3051 775 3121 ή
822 3049 934 3104 τῶν
966 3050 1318 3120 Εὑαγγελίων
1366 3053 1610 3122 παναγία
1650 3054 1872 3125 βίϐλος;

299 3140 372 3193 Ἦ
401 3112 501 3211 οὐχ
533 3140 633 3210 ὕλη
660 3144 692 3213 ἡ
728 3112 1014 3213 ζωηφόρος
1056 3112 1325 3215 τράπεζα,
1356 3146 1389 3214 ὴ
1417 3112 1715 3217 τὸν’άρτ.ον
1904 3112 1947 3172 C

292 3234 393 3305 τῆς
420 3230 568 3304 ζωῆς
598 3236 909 3306 χορηγοῦσα
934 3253 947 3302 ;
990 3238 1061 3291 Ἦ
1103 3238 1201 3308 οὐχ
1234 3237 1336 3308 ὕλη
1358 3279 1371 3303 ,
1405 3239 1433 3291 6
1463 3240 1665 3311 χρυσός
1692 3258 1752 3292 τε
1784 3242 1875 3295 καὶ

293 3327 327 3380 6
352 3326 615 3397 ἄργυρος,
642 3327 702 3392 ἐξ
752 3323 826 3382 ὧν
861 3329 1084 3399 σταυροὶ
1129 3330 1223 3381 καὶ
1261 3329 1489 3392 πίνακες
1528 3331 1875 3384 κατασκευά-

297 3416 504 3480 ζονται,
528 3417 623 3469 καὶ
649 3417 923 3488 ποτήριας
965 3418 1033 3471 Ἢ
1064 3418 1163 3488 οὐχ
1190 3416 1288 3489 ὕλη
1332 3419 1438 3489 πρὸ
1468 3420 1674 3475 τούτων
1703 3421 1877 3475 ἁπάν-

293 3522 405 3558 των
448 3504 508 3557 τὺ
538 3502 632 3557 τοῦ
664 3506 867 3575 Κυρίου
898 3507 1056 3577 ἡμῶν
1087 3508 1247 3577 σῶμα
1282 3508 1372 3561 καὶ
1412 3502 1594 3579 αἷμα;
1633 3512 1703 3564 Ἢ
1738 3512 1873 3565 πάν-

293 3612 405 3648 των
432 3594 639 3649 τούτων
664 3597 821 3651 ἄνελε
849 3597 912 3649 τὸ
935 3598 1099 3661 σέϐας
1133 3599 1233 3657 καί.Δ
1273 3599 1371 3668 τὴν
1412 3601 1809 3671 προσκύνησιν,
1840 3603 1872 3673 ἢ

295 3687 619 3758 παραχώρει
667 3690 735 3759 τῇ
775 3688 1208 3759 ὲκκλησιαστικῇ
1274 3690 1569 3759 παραδόσει
1627 3693 1722 3745 καὶ
1776 3693 1876 3764 τὴν

293 3775 403 3829 τῶν
442 3778 667 3831 εἰκόνων
690 3777 1081 3849 προσκύνησιν,
1107 3776 1244 3831 Θεοῦ
1271 3778 1365 3830 καὶ
1396 3779 1566 3845 φίλων
1591 3779 1726 3833 Θεοῦ
1756 3781 1876 3833 ὀνό-

296 3884 429 3938 ματι
481 3868 882 3939 ἀγιαζομένων,
920 3870 1013 3922 καὶ
1050 3868 1140 3922 διὰ
1171 3867 1333 3921 τοῦτο
1364 3868 1511 3923 θείου
1559 3870 1875 3941 Πνεύματος

293 3960 767 4029 ὶπισκιαζομένων
787 3961 988 4031 χάριτι.
1021 3961 1114 4032 Μὴ
1140 3959 1337 4023 κάκιζε
1360 3962 1458 4031 τὴν
1485 3961 1616 4033 ὕλην
1634 3977 1648 3990 ·
1673 3964 1734 4016 οὐ
1768 3964 1876 4036 γὰρ

292 4053 509 4122 ἄτιμος.
543 4052 712 4107 Οὐδὲν
750 4053 861 4125 γὰρ
890 4054 1108 4122 ἄτιμον,
1139 4056 1166 4109 ὃ
1201 4057 1352 4127 παρὰ
1398 4056 1534 4117 Θεοῦ
1562 4056 1873 4129 γεγένηται.

293 4144 419 4197 Τῶν
461 4145 786 4213 Μανιχαίων
832 4144 992 4199 τοῦτο
1024 4146 1085 4199 τὸ
1129 4148 1385 4219 φρόνημα
1421 4164 1435 4178 ο
1478 4148 1639 4217 μόνον
1673 4148 1730 4201 δὲ
1759 4150 1876 4202 άτι-

295 4252 420 4308 μον,
452 4235 481 4289 ὃ
515 4237 590 4306 μὴ
619 4236 719 4307 τὴν
749 4237 929 4291 αἰτίαν
970 4238 1127 4309 ἔσχεν
1157 4241 1221 4293 ὲκ
1261 4238 1421 4309 Θεοῦ,
1458 4239 1577 4294 ἀλλ’
1608 4240 1877 4312 ἡμέτερόν

291 4330 444 4384 ἐστιν
483 4329 719 4401 εὕρεμα,
752 4334 817 4403 τῇ
863 4332 929 4384 ὲκ
966 4332 1061 4385 τοῦ
1102 4332 1246 4386 κατὰ
1298 4334 1461 4402 φύσιν
1495 4336 1578 4397 εἰς
1626 4335 1688 4388 τὸ
1724 4336 1876 4407 παρὰ

293 4417 457 4487 φύσιν
480 4417 812 4489 αύτεξουσίῳ
836 4418 1078 4473 ὲκκλίσει
1115 4437 1175 4473 τε
1206 4421 1302 4499 καὶ
1342 4424 1484 4492 ῥοπῇ
1515 4421 1609 4475 τοῦ
1638 4422 1875 4493 θελήμαο

292 4526 408 4572 τος,
444 4511 725 4565 τουτέστιν
747 4511 779 4581 ἠ
802 4511 1069 4581 άμαρτία.
1100 4513 1167 4565 Εἰ
1208 4513 1297 4567 διὰ
1322 4512 1414 4566 τὸν
1454 4513 1619 4583 νόμον
1652 4516 1752 4579 τὰς
1795 4518 1874 4568 εἰ⁴

292 4600 458 4662 κόνας
490 4600 797 4669 ἀτιμάζεις,
832 4599 925 4655 καὶ
957 4601 1348 4672 άπαγορεύεις,
1375 4602 1451 4665 ὡς
1484 4602 1543 4667 ὲξ
1577 4601 1710 4673 ὕλης
1745 4622 1879 4658 κατ-

292 4692 724 4763 εσκευασμένας,
759 4693 861 4761 ὅρα
888 4692 942 4746 τί
980 4708 1150 4762 φησιν
1187 4694 1221 4763 ἡ
1254 4692 1444 4764 Γραφή
1468 4709 1483 4725 ⁸
1511 4695 1622 4747 Καὶ
1648 4694 1880 4764 ὲλάλησε

293 4786 500 4857 Κύριος
532 4785 671 4857 πρὸς
706 4786 970 4857 Μωῦσῆν,
1009 4785 1215 4855 λέγων’
1268 4787 1405 4842 ἰδοὺ
1441 4787 1793 4851 ἁνακέκληκα
1821 4788 1881 4853 ἐξ

290 4880 555 4949 ὀνόματος
573 4878 840 4950 Βεσελεὴλ
866 4878 958 4934 τὸν
988 4878 1081 4934 τοῦ
1117 4882 1237 4950 “Op,
1262 4880 1327 4933 ὲκ
1359 4879 1531 4951 φυλῆς
1566 4880 1749 4935 Ἰούδα.
1770 4882 1881 4935 Καὶ

306 4970 611 5041 Ἐνέπλησα
628 4971 792 5025 αὐτὸν
819 4970 1036 5041 πνεῦμα
1056 4971 1219 5033 θεῖον,
1243 4972 1457 5041 σοφίας,
1474 4973 1569 5025 καὶ
1587 4971 1879 5037 συνέσεως,

295 5061 390 5118 καὶ
417 5062 729 5133 ἐπιστήμης
758 5065 816 5116 ἑν
845 5063 1011 5116 παντὶ
1048 5061 1196 5133 ἔργῳ
1225 5061 1577 5125 διανοεῖσθαι,
1600 5062 1695 5115 καὶ
1724 5064 1882 5133 ἁρχι-

293 5156 594 5217 τεκτονείν,
628 5156 723 5207 καὶ
757 5154 1091 5226 ἐργάζεσθαι
1137 5156 1199 5208 τὸ
1232 5154 1477 5225 χρυσίον,
1506 5155 1601 5207 καὶ
1622 5154 1683 5207 τὸ
1716 5154 1882 5224 ἀργύ-

299 5263 436 5317 ριον,
467 5246 564 5299 καὶ
609 5246 701 5300 τὸν
734 5247 934 5317 χαλκὸν
956 5288 971 5311 ,
1006 5248 1100 5301 καὶ
1162 5248 1262 5316 τὴν
1313 5245 1600 5309 ὑάκινθον,
1632 5246 1727 5299 καὶ
1780 5246 1880 5316 τὴν

295 5338 607 5409 πορφύραν,
644 5340 739 5393 καὶ
767 5341 827 5393 τὸ
862 5339 1117 5393 κόκκινον
1165 5338 1226 5392 τὸ
1264 5337 1481 5408 νηστὸν,
1508 5337 1603 5389 καὶ
1624 5338 1724 5406 τὴν
1756 5336 1880 5406 βύσ·

298 5448 391 5487 σον
415 5432 514 5505 τὴν
538 5434 1053 5505 κεκλωσμένην,κα“ι
1078 5432 1149 5486 τὰ
1166 5431 1488 5502 λιθουργικά
1512 5431 1592 5492 εἰς
1616 5429 1684 5482 τὰ
1712 5429 1873 5500 ἔργα,

298 5525 496 5580 καὶτὰ
542 5526 833 5581 τεκτονικά
875 5526 957 5590 εἰς
1012 5524 1081 5579 τά
1128 5524 1300 5590 ξύλα,
1345 5521 1677 5594 ἐργάζεσθαι
1732 5524 1875 5578 κατὰ

1985 1864 2197 1929 teriam,
2240 1880 2337 1933 per
2373 1879 2537 1935 quam
2565 1863 2715 1919 salus
2746 1870 2901 1932 parta
2928 1862 3060 1915 mihi
3084 1869 3190 1925 est,
3220 1859 3401 1913 colere
3420 1856 3567 1911 desi-

1983 1972 2110 2011 nam
2142 1975 2153 2010 :
2184 1971 2296 2010 non
2339 1966 2520 2011 tamen
2556 1964 2614 2008 ut
2644 1956 2817 2024 ipsam
2842 1962 3104 2022 tanquam
3148 1952 3315 2005 Deum
3345 1950 3520 2005 colam
3549 1989 3564 2013 ,

1983 2048 2128 2118 quod
2166 2046 2309 2102 Deus
2356 2054 2591 2100 avertat.
2646 2043 2935 2110 Quomodo
2979 2044 3127 2097 enim
3182 2042 3329 2096 Deus
3376 2042 3467 2103 sit,
3511 2039 3563 2092 id

1982 2139 2128 2209 quod
2160 2156 2225 2194 ex
2263 2139 2434 2193 nihilo
2454 2146 2637 2191 ortum
2666 2135 3130 2204 est?Qnanquam
3160 2133 3362 2201 alioqui
3387 2134 3563 2201 ipsum

1982 2231 2075 2286 Dei
2108 2245 2310 2300 corpus
2342 2228 2487 2283 Deus
2532 2238 2614 2283 est
2663 2227 2732 2281 ob
2786 2226 3052 2280 unionem
3119 2224 3421 2280 secundum
3464 2224 3566 2293 hy-

1980 2323 2270 2394 postasim,
2311 2337 2438 2376 cum
2478 2322 2600 2375 sine
2637 2318 3011 2375 demutatione
3048 2316 3183 2370 illud
3219 2316 3421 2369 factum
3472 2315 3562 2377 sit,

1981 2430 2152 2485 aquo
2202 2417 2490 2469 inunctum
2550 2412 2679 2477 fuit,
2736 2411 2899 2479 idque
2961 2408 3367 2479 permanserit,
3421 2406 3564 2475 quod

1981 2514 2177 2575 suapte
2219 2513 2417 2559 natura
2472 2514 2628 2569 erat;
2682 2517 2880 2570 nempe
2927 2515 3056 2555 caro
3088 2500 3335 2553 animata
3384 2498 3566 2551 anima

1980 2606 2161 2653 mente
2221 2598 2546 2666 rationeque
2595 2594 2860 2665 praedita;
2898 2607 3021 2662 qua:
3071 2590 3294 2661 quidem
3348 2588 3564 2641 initium

1981 2690 2195 2754 habuit,
2240 2705 2304 2745 ac
2345 2690 2670 2758 neutiquam
2703 2686 2947 2739 increata
2973 2692 3078 2738 est.
3106 2681 3404 2737 Residuam
3438 2693 3567 2733 vero

1980 2782 2286 2846 materiam,
2313 2797 2434 2852 qum
2477 2781 2543 2835 ad
2581 2780 2817 2834 salutem
2848 2791 3025 2831 meam
3064 2774 3318 2839 contulit,
3353 2773 3474 2826 colo
3505 2785 3566 2824 ac

1979 2890 2241 2939 veneror;
2275 2874 2480 2945 quippe
2525 2886 2691 2942 quam
2722 2870 3049 2925 eﬂicacitate
3079 2866 3328 2935 implevit
3358 2872 3411 2919 et
3442 2879 3567 2934 gra-

1980 2966 2075 3021 tia.
2128 2968 2325 3022 Annon
2372 2965 2601 3020 materia
2642 2956 2783 3026 erat,
2826 2963 3035 3032 lignum
3074 2961 3261 3014 crucis
3311 2959 3566 3012 fortuna-

1982 3054 2262 3110 tissimum
2284 3054 2416 3109 illud
2450 3053 2947 3123 beatissimumque
2969 3066 3000 3105 a
3026 3050 3241 3104 cunctis
3266 3048 3560 3117 praedican-

1986 3147 2154 3201 dum?
2182 3144 2375 3201 Nonne
2400 3144 2655 3209 materia,
2673 3158 2835 3199 mons
2862 3150 3090 3199 sanctus
3109 3156 3173 3195 ac
3192 3139 3563 3201 venerandus,

1984 3238 2074 3293 ille
2091 3237 2354 3292 Calvarize
2376 3234 2857 3311 locus?Nunqui_d
2885 3234 3119 3288 materia
3151 3249 3257 3287 non
3292 3240 3375 3287 est
3424 3233 3564 3285 alma

1981 3329 2275 3399 vitalisque
2307 3328 2398 3381 illa
2435 3336 2625 3397 petra;
2657 3310 2936 3389 sanctum,
2972 3310 3221 3394 inquam,
3255 3322 3419 3396 314
3454 3339 3569 3378 mo-

1980 3427 2327 3481 numentum,
2389 3426 2593 3473 nostra:
2646 3416 2773 3471 fons
2840 3415 3311 3471 resurrectionis?
3364 3415 3564 3469 Annon

1981 3512 2235 3578 materia,
2263 3520 2378 3564 tum
2414 3519 2810 3571 atramentum,
2836 3516 2949 3563 tum
2985 3506 3375 3564 sanctissimus
3399 3506 3568 3559 Evan-

1980 3601 2251 3670 geliorum
2282 3599 2466 3653 liber?
2493 3600 2696 3652 Annon
2732 3612 2955 3667 quoque
2993 3596 3217 3649 materia
3244 3604 3348 3657 est,
3379 3609 3565 3648 mensa

1981 3690 2219 3755 vivifica,
2280 3704 2401 3757 qua:
2471 3702 2667 3757 panem
2720 3687 2849 3739 vitae
2910 3686 3073 3739 nobis
3141 3684 3569 3739 subministrat?

1980 3780 2174 3836 Nonne
2229 3780 2481 3841 materia,
2539 3792 2733 3831 aurum
2783 3783 2838 3830 et
2897 3785 3239 3847 argentum,-
3271 3788 3325 3830 et
3367 3776 3566 3844 quibus

1982 3884 2197 3938 cruces,
2255 3880 2310 3925 et
2364 3870 2547 3935 disci,
2602 3868 2920 3938 calicesque
2971 3868 3384 3923 conﬁciuntur?
3422 3867 3564 3933 Quin

1981 3963 2170 4025 etiam,
2203 3961 2350 4032 quod
2376 3960 2637 4014 omnibus
2666 3959 2791 4013 istis
2836 3961 3136 4025 antecellit,
3170 3959 3418 4027 nunquid
3454 3973 3566 4010 ma-

1983 4051 2119 4106 teria
2141 4065 2254 4105 non
2289 4056 2440 4115 sunt,
2475 4063 2681 4119 corpus
2712 4063 2775 4101 ac
2808 4050 3039 4120 sanguis
3061 4050 3309 4103 Christi?
3362 4048 3562 4102 llorum

1982 4142 2228 4197 omnium
2283 4140 2491 4195 cultum
2541 4138 3036 4211 adorationemque
3087 4156 3117 4195 e
3173 4140 3352 4195 medio
3386 4139 3561 4193 tolle:

1982 4241 2077 4288 aut
2108 4231 2505 4289 ecclesiasticis
2540 4231 2812 4287 institutis
2861 4232 3274 4302 obtemperans,
3321 4234 3459 4299 sine,
3506 4242 3564 4286 nt

1982 4324 2077 4381 Dei
2105 4332 2164 4379 et
2205 4338 2423 4388 eorum,
2469 4323 2565 4393 qui
2603 4322 2907 4379 amicorum
2944 4323 3036 4378 Dei
3083 4324 3435 4379 sanctissimo
3466 4338 3566 4378 no-

1982 4415 2130 4471 mine
2158 4412 2513 4477 decorantur,
2541 4420 2706 4485 atque
2736 4414 2873 4467 adeo
2903 4414 3073 4468 divini
3111 4414 3351 4484 Spiritus
3394 4414 3563 4484 gratia

1979 4515 2110 4565 sunt
2149 4507 2485 4573 obumbrati,
2508 4507 2778 4577 imagines
2809 4507 3130 4562 adorentur.
3153 4507 3298 4562 Nihil
3327 4510 3565 4561 materia:

1979 4600 2282 4666 detrahas;
2316 4614 2494 4670 neque
2533 4600 2679 4654 enim
2710 4608 3030 4670 contemptu
3070 4601 3231 4671 digna
3268 4610 3374 4655 est.
3421 4600 3565 4655 Nihil

1980 4692 2275 4762 siquidem,
2292 4692 2440 4761 quod
2463 4692 2671 4747 factum
2691 4709 2721 4746 a
2750 4692 2860 4748 Deo
2883 4694 2977 4760 sit,
2996 4694 3345 4764 aspernabile
3374 4693 3561 4748 fuerit.

1979 4785 2097 4839 Hoc
2126 4782 2558 4837 Manichaeorum
2580 4783 2899 4852 opinionem
2931 4786 3100 4856 sapit.
3132 4785 3265 4839 lllnd
3300 4786 3567 4840 duntaxat

1981 4875 2401 4945 contemptibile
2416 4882 2523 4940 est,
2552 4874 2701 4945 quod
2733 4874 2902 4930 Deum
2933 4891 3045 4931 non
3075 4877 3241 4931 habet
3259 4885 3564 4943 auctorem,

1981 4968 2079 5023 sed
2128 4967 2305 5023 libero
2345 4968 2643 5023 voluntatis
2690 4976 2844 5021 motu
2887 4982 2950 5021 ac
2985 4970 3356 5038 propensione
3403 4970 3471 5024 ab
3501 4983 3566 5024 eo

1975 5062 2123 5133 quod
2181 5069 2392 5117 natura:
2440 5058 2877 5118 Consentaneum
2927 5072 3031 5126 εει,
3079 5062 3133 5115 in
3183 5062 3238 5116 id
3282 5061 3427 5133 quod
3484 5071 3567 5118 est

1979 5160 2179 5224 praeter
2214 5160 2493 5217 naturam,
2544 5167 2574 5206 a
2622 5152 2784 5207 nobis
2825 5158 2911 5207 est
2943 5153 3338 5221 excogitatum.
3398 5152 3560 5223 Atqui

1987 5245 2043 5301 id
2078 5244 2231 5299 aliud
2260 5258 2371 5298 non
2406 5252 2492 5299 est
2517 5253 2716 5314 praeter
2736 5244 3063 5313 peccatum?
3088 5242 3242 5310 Quod
3269 5246 3312 5299 si
3343 5256 3563 5316 propter

1986 5340 2126 5410 legis
2166 5346 2499 5409 prmeeptum
2530 5338 2828 5408 ignominia
2856 5336 3029 5392 amcis
3076 5339 3365 5408 imagines,
3398 5348 3562 5408 atque

1982 5444 2049 5483 eo
2078 5429 2225 5498 quod
2255 5428 2484 5483 materia
2513 5435 2789 5494 constent,
2833 5427 2957 5483 illas
2985 5426 3101 5481 fieri
3139 5427 3416 5498 prohibes,
3438 5430 3560 5484 vide

1984 5520 2114 5591 quid
2151 5518 2439 5589 Scriptura
2484 5520 2677 5576 dicat:
2733 5537 2752 5572 ι
2796 5520 2862 5575 Et
2900 5520 3118 5577 locutus
3163 5528 3249 5576 est
3293 5519 3555 5577 Dominus

374 5704 611 5763 “llcbr.
641 5723 696 5776 κ,
734 5709 781 5763 1.
862 5707 906 5741 ⁵⁷
940 5708 1111 5766 Eccli.
1152 5723 1215 5771 ιι,
1256 5709 1303 5767 Ι.
1381 5708 1425 5742 ’⁸⁸
1459 5708 1649 5766 lTim.
1685 5706 1739 5775 5,
1770 5708 1854 5765 lt}.

2010 5707 2225 5765 Baruch
2262 5723 2345 5769 In,
2374 5708 2463 5765 58.
