3960 6198
429 335 564 400 1247

1563 349 1624 408 S.
1646 349 1683 411 Ι
1684 350 1967 415 OAN‘SIS
2003 351 2402 416 DAMASCEX
2405 357 2434 416 Ι

3591 368 3735 434 1258

424 451 619 504 dicens
658 467 673 503 :
727 452 927 506 γοωνί
975 469 1042 508 ει
1070 455 1289 512 nomine
1316 454 1556 513 Beseleel
1587 459 1758 516 lilium
1789 462 1905 519 iior
1937 465 1979 520 di

2111 466 2290 519 πάντα
2337 469 2408 522 τὰ
2462 467 2638 539 ἔργα·
2689 471 2785 525 καὶ
2819 472 2934 543 ἐγὼ
2983 473 3196 530 δέδωκα
3251 479 3445 546 αὑτὸν,
3472 480 3582 534 καὶ
3636 479 3734 532 τὲν

424 540 571 593 tribu
607 538 772 606 Juda,
807 555 862 600 et
889 545 1106 614 implevi
1145 563 1272 602 eum
1303 547 1518 618 Spiritu
1544 549 1665 618 Dei,
1704 557 2002 625 sapientia,

420 637 476 683 et
505 630 897 700 intelligentia,
939 636 992 689 in
1045 639 1196 692 omni
1243 655 1411 708 opere
1450 641 1518 696 ad
1558 644 2002 717 excogitandum,

421 730 476 776 ct
510 721 1010 792 fabrefaeicndum,
1034 740 1088 782 et
1105 731 1442 798 operandum
1473 747 1696 801 aurum,
1721 746 1775 793 et
1801 754 2004 810 argen-

422 825 560 880 tum,
591 825 648 870 et
683 833 782 882 κε,
809 827 867 872 et
896 819 1279 888 byacintbum,
1301 831 1358 876 et
1387 839 1714 894 purpuram,
1738 839 1794 884 et
1822 833 2004 886 cocci-

422 921 559 960 num
592 916 805 972 netum,
838 909 1175 981 byssumque
1205 910 1495 978 rétortum.
1528 927 1584 973 et
1618 919 1884 990 lapidaria
1933 923 2001 978 ad

420 1013 609 1066 opera,
643 1011 699 1053 et
728 998 946 1053 fabrilia
1001 1000 1057 1054 in
1105 1003 1295 1074 lignis,
1334 1006 1400 1058 ad
1458 1008 1790 1066 elaboranda
1833 1029 2001 1084 Opera

420 1091 628 1146 omnia.
663 1092 780 1162 Ego
813 1093 938 1148 dedi
978 1109 1127 1157 eum,
1155 1107 1209 1150 et
1247 1096 1405 1153 Eliab
1431 1101 1604 1158 filium
1635 1105 1999 1163 Achisamacb

420 1177 491 1232 de
515 1180 663 1233 tribu
702 1181 856 1235 Dan:
900 1191 955 1236 et
985 1186 1137 1240 omni
1175 1186 1499 1260 intelligenti
1535 1194 1704 1250 corde
1747 1195 1872 1253 dedi
1913 1200 2001 1254 in-

421 1270 802 1340 telligentiam,
825 1281 878 1326 et
908 1271 1113 1338 facient
1134 1278 1319 1332 omnia
1349 1296 1470 1351 qua:
1493 1288 1726 1355 praecepi
1755 1288 1852 1341 tibi
1873 1289 1939 1343 ⁸⁸.
1973 1310 1993 1343 ι

423 1358 489 1412 Et
519 1379 739 1424 rursum
776 1382 790 1416 :
848 1383 867 1416 ι
908 1363 1151 1422 Locutus
1179 1378 1267 1424 est
1310 1371 1532 1444 Moyses
1577 1377 1645 1430 ad
1680 1380 1995 1438 universam

418 1451 902 1520 congregationem
936 1453 1176 1509 filiorum
1219 1454 1387 1512 Israel
1435 1478 1448 1512 :
1500 1462 1699 1519 Audite
1741 1467 1842 1522 hoc
1875 1484 1999 1523 ver-

421 1538 571 1605 bum,
622 1543 766 1612 quod
812 1547 1072 1616 pracepit
1113 1546 1381 1605 Dominus
1423 1552 1614 1610 dicens
1657 1574 1670 1609 :
1718 1557 1926 1615 Sumite
1965 1578 1997 1616 a

421 1631 580 1686 vobis
611 1633 750 1703 ipsis
779 1649 1086 1704 separatam
1123 1640 1460 1699 oblationem
1519 1645 1771 1706 Domino.
1803 1651 1996 1710 Omnis

417 1721 513 1788 qui
564 1725 732 1780 corde
776 1731 1104 1798 susceperit,
1154 1732 1348 1788 afferat
1403 1736 1676 1806 primitias
1732 1741 1993 1813 Domino;

2119 556 2306 610 Ἐλιάό
2337 558 2430 613 τὸν
2457 559 2554 612 τσῦ
2596 561 2930 634 Ἀχισαμὰχ,
2954 567 3021 620 ἐκ
3053 568 3231 640 φυλῆς
3259 571 3371 624 Δάν
3393 589 3410 602 ο
3432 571 3535 625 καὶ
3554 573 3730 626 παντὶ

2106 650 2313 719 συνετῷ
2344 651 2544 721 καρδίᾳ.
2573 653 2686 721 ἐγὼ
2714 655 2926 711 δέδωκα
2963 661 3181 713 σύνεσιν
3204 700 3221 723 ,
3253 663 3352 717 καὶ
3403 665 3728 735 ποιήσουσι

2105 739 2282 794 πάντα
2306 743 2408 795 ὅσα
2438 760 2523 796 σοι
2547 745 2834 813 συνέταξα.
2868 768 2887 800 ι
2921 751 3032 805 Καὶ
3059 754 3224 807 πάλιν
3252 773 3268 787 ·
3299 775 3322 808 ι
3359 751 3506 813 Eine
3541 758 3726 812 Μειιῦ-

2104 829 2206 898 σῆς
2243 831 2381 900 πρὸς
2425 835 2607 887 πᾶσαν
2641 840 2969 910 συναγωγὴν
3019 844 3154 897 υἱῶν
3211 846 3466 918 Ἰσραήλο
3515 849 3726 903 ’Δκοῦ-

2107 937 2240 974 σατε
2281 923 2445 977 τοῦτο
2490 927 2554 978 τὸ
2603 928 2758 998 ῥῆμα
2783 971 2798 994 ,
2829 932 2859 984 ὃ
2896 935 3157 1002 συνέταξε
3214 941 3426 1010 Κύριος
3477 942 3676 1012 λέγων
3703 961 3722 978 ·

2102 1011 2309 1066 Λάϐετε
2341 1015 2474 1084 παρ’
2503 1017 2659 1084 ὑμῶν
2683 1019 2868 1074 αὐτῶν
2905 1025 3193 1098 ἀφαίρεμα
3225 1031 3302 1101 τῷ
3333 1011 3570 1105 Κυρίῳ.
3597 1037 3722 1100 Πᾶς

2099 1103 2131 1154 ὁ
2163 1105 2594 1176 καταδεχόμενος
2632 1114 2702 1181 τῇ
2733 1114 2950 1187 καρδίᾳ,
2965 1117 3176 1174 οἴσουσι
3203 1123 3306 1186 τὰς
3337 1103 3612 1196 suae;
3637 1129 3723 1199 τῷ

2105 1195 2316 1266 Κυρίῳ,
2371 1195 2618 1269 χρυσίον,
2651 1204 2944 1274 ἀργύριον,
2975 1210 3178 1277 χαλκὸν
3202 1255 3218 1278 ,
3247 1215 3536 1283 ὑάκινθον,
3574 1237 3714 1292 πορ-

2101 1287 2296 1357 φύραν,
2326 1290 2582 1348 κόκκινον
2607 1293 2834 1349 διπλοῦν
2877 1298 3302 1371 διανενησμὲνον
3325 1348 3341 1371 ,
3370 1309 3468 1360 καὶ
3498 1310 3720 1378 βύσσον

2100 1376 2614 1448 κεκλωσμὲνην,καὶ
2634 1384 2828 1453 agile;
2859 1387 3097 1453 αἰγείας,
3122 1391 3216 1444 καὶ
3238 1391 3492 1465 δέρματα
3523 1398 3718 1466 κριῶν

2097 1471 2585 1542 ἠρυθροδανωμένα
2607 1517 2622 1540 ,
2659 1479 2753 1530 καὶ
2779 1478 3028 1550 δέρματα
3065 1483 3373 1552 ὑακίνθινα,
3399 1489 3501 1541 καὶ
3567 1491 3715 1556 ξύλα

2097 1561 2356 1629 ἄσηπτα,
2398 1565 2491 1616 καὶ
2531 1566 2710 1620 ἔλαιον
2758 1569 2861 1638 τῆς
2891 1571 3163 1642 κρίσεως,
3196 1578 3294 1630 καὶ
3323 1579 3387 1632 τὸ
3437 1581 3713 1655 θυμίαμα

2097 1651 2197 1720 τῆς
2231 1654 2567 1723 συνθέσεως,
2599 1661 2695 1713 καὶ
2726 1660 2912 1726 λίθους
2951 1665 3239 1736 σαρδίους,
3266 1671 3362 1724 καὶ
3392 1651 3589 1740 λίθους
3622 1651 3712 1743 είς

2096 1744 2196 1813 τὴν
2245 1745 2477 1818 γλυφὴν,
2512 1750 2609 1804 καὶ
2643 1753 2725 1816 εἰς
2778 1754 2881 1826 τὴν
2913 1758 3189 1830 ἐπωμίδα,
3226 1763 3322 1816 καὶ
3350 1768 3436 1830 είς
3469 1767 3572 1820 τὸν
3612 1787 3713 1824 πο-

417 1828 639 1880 aurum,
697 1829 1012 1888 argentum,
1065 1838 1162 1891 me,
1228 1825 1617 1896 hyacintbum,
1673 1847 1979 1902 purpuram

421 1905 707 1930 ..ΑΑΑΖ....-...
756 1907 955 1930 Δ---Ι--
1004 1920 1052 1930 .-
1096 1923 1113 1930 -
1302 1927 1311 1930 -
1353 1918 1365 1930 ι

2097 1832 2256 1904 δήρη.
2288 1836 2400 1889 Καὶ
2426 1839 2539 1902 πᾶς
2570 1841 2736 1911 σοφὸς
2787 1824 2989 1919 καρδίᾳ
3019 1824 3077 1902 ἐν
3131 1824 3283 1922 ὑμῖν,
3316 1824 3495 1909 ὲλθιὶιν
3527 1860 3709 1930 ἐργα-

418 1905 708 1960 coccinum
751 1907 955 1980 duplex
1004 1920 1233 1981 tortum,
1262 1927 1314 1970 et
1351 1918 1577 1989 byssum
1609 1931 1897 1991 retortum,
1942 1935 1997 1982 et

415 1997 556 2066 pilos
587 2015 907 2070 caprarum,
965 2006 1249 2078 pellesque
1297 2010 1533 2066 arietum
1563 2015 1909 2096 ‘rubricatas,
1941 2029 1996 2075 et

415 2089 588 2158 pelles
618 2091 1028 2162 hyacinthinas,
1063 2107 1117 2152 et
1152 2100 1296 2171 ligna
1321 2089 1708 2174 imputribilia,
1728 2116 1784 2164 et
1812 2111 1992 2166 oleum

415 2180 721 2244 unctionis,
763 2191 818 2238 et
849 2184 1155 2256 thymiama
1187 2194 1627 2262 compositionis,
1673 2206 1729 2254 et
1781 2199 1993 2271 lapides

412 2269 654 2338 sardios,
682 2285 736 2327 et
757 2273 969 2345 lapides
989 2279 1044 2333 in
1065 2281 1407 2350 caelaturam,
1426 2286 1492 2340 ad
1519 2269 1992 2365 superbumerale,

411 2366 468 2412 et
495 2359 563 2413 ad
619 2364 869 2418 tunicam
906 2368 1157 2426 talarem.
1188 2373 1452 2445 Quisquis
1494 2359 1738 2437 vestrum
1768 2359 1992 2456 sapien's

411 2456 499 2502 est
525 2449 718 2518 corde,
764 2456 972 2518 veniat,
1000 2467 1055 2512 et
1085 2459 1252 2516 faciat
1287 2480 1411 2534 quze
1451 2467 1718 2529 Dominus
1748 2449 1990 2546 impera-

411 2541 516 2607 vit;
559 2542 980 2604 tabernaculum
1003 2551 1072 2616 ⁸¹,
1106 2570 1127 2604 ι
1161 2562 1270 2610 etc.
1309 2556 1384 2612 En
1420 2562 1669 2630 profecto
1703 2541 1988 2627 materiam

410 2633 732 2701 pretiosam,
774 2641 991 2699 etiamsi
1026 2644 1155 2702 vilis
1195 2646 1465 2714 habeatur
1506 2668 1539 2708 a
1566 2656 1743 2713 vobis.
1778 2660 1988 2731 Ecquid

407 2723 553 2777 cnim
579 2742 870 2797 caprarum
912 2733 1044 2802 pilis
1079 2749 1145 2791 ac
1187 2738 1474 2797 coloribus
1510 2723 1987 2818 contemptibilius

409 2814 529 2868 sit?
572 2817 768 2877 Nonne
793 2825 1106 2894 coccinum,
1136 2838 1189 2883 et
1227 2845 1498 2902 purpura,
1545 2814 1988 2914 hyacinthusque

410 2907 626 2966 colores
672 2915 841 2968 sunt?
884 2915 1023 2974 Ecce
1054 2919 1295 2987 demum,
1347 2932 1460 2979 tum
1504 2942 1669 2998 opera
1720 2947 1984 2990 manuum

408 2996 714 3070 hominum,
751 3015 864 3060 tum
895 3008 1192 3066 Cherubim
1237 3013 1473 3085 effigies.
1523 2996 1772 3085 Quonam
1821 3035 1983 3094 pacto

403 3091 510 3146 sub
540 3093 673 3165 legis
707 3098 934 3155 obtentu
963 3116 1027 3156 ea
1060 3102 1176 3158 ﬁeri
1208 3108 1523 3176 prohibeas,
1554 3128 1677 3181 quae
1701 3121 1760 3168 ut
1789 3091 1984 3173 tierent

402 3185 487 3240 lex
512 3187 626 3255 ipsa
656 3194 952 3262 praecepit?
981 3196 1038 3250 Si
1099 3212 1322 3269 propter
1353 3205 1524 3274 legem
1590 3206 1925 3278 imaginibus
1991 3213 2294 3284 interdicis,

2097 1923 2276 1988 ζέσθω
2302 1930 2480 1984 πάντα
2529 1934 2630 1986 ὅσα
2683 1937 2943 2002 συνέταξε
2975 1940 3203 2013 Κύριος,
3241 1947 3344 2016 τὴν
3395 1953 3640 2023 σκηνὴν,
3674 1973 3698 2007 ι

2097 2018 2191 2070 καὶ
2217 2017 2286 2072 τὰ
2336 2021 2484 2092 ιξῆς.
2523 2024 2654 2078 Ἰδοὺ
2692 2027 2757 2098 δὴ
2807 2030 2840 2100 ἡ
2873 2029 2971 2102 ὕλη
3023 2035 3214 2104 τιμία,
3248 2041 3355 2093 κᾶν
3385 2017 3516 2096 καθ’
3543 2017 3702 2116 ὑμεῖς

2096 2110 2316 2182 ἄτιμος.
2345 2115 2411 2167 Τί
2438 2115 2547 2188 γὰρ
2575 2119 2779 2189 τριχῶν
2800 2123 3025 2188 αἱγείων
3053 2128 3461 2204 εὐτελέστερον,
3487 2137 3520 2208 ἦ
3549 2110 3698 2211 χρωί

2097 2203 2286 2272 μάτων
2311 2221 2327 2270 ;
2354 2201 2434 2258 Ἦ
2464 2207 2525 2259 οὑ
2557 2209 2759 2280 χρῶμα
2790 2211 2853 2264 τὸ
2900 2214 3176 2283 κόκκινον,
3208 2223 3304 2276 καί
3399 2201 3696 2302 πρισξρι,

2093 2297 2188 2347 καὶ
2216 2297 2249 2367 ἡ
2276 2296 2564 2367 ὑάκινθος;
2603 2301 2736 2355 Ἰδοὺ
2756 2303 2821 2376 δὴ
2854 2307 3038 2363 καὶτὰ
3064 2311 3203 2383 ἔργα
3231 2318 3433 2387 χειρῶν

2093 2403 2232 2451 πων,
2267 2390 2359 2442 καὶ
2386 2391 2638 2463 ὁμοίωμα
2664 2395 2965 2470 Χερουσίμ.
2998 2403 3124 2467 Πῶς
3146 2401 3242 2460 οὖν
3277 2409 3368 2463 διὰ
3393 2413 3492 2466 τὸν
3519 2390 3694 2487 νόμον

2090 2480 2456 2551 ἀπαγορεύεις
2480 2523 2496 2545 ,
2521 2484 2558 2538 ἃ.
2602 2491 2776 2541 ποιεῖν
2804 2493 2834 2544 ό
2867 2491 3033 2563 νόμος
3082 2500 3455 2572 προσέταξεν;
3491 2510 3557 2563 ΕΞ
3589 2480 3693 2569 eis

2090 2572 2181 2624 τὸν
2222 2573 2386 2643 νόμον
2437 2575 2537 2640 τὰς
2587 2579 2806 2646 εἰκόνας
2856 2585 3247 2658 άπαγορεὺεις,
3279 2594 3399 2667 ὥρα
3437 2617 3526 2655 σοι
3588 2609 3692 2662 καὶ

2091 2662 2440 2730 σαϐϐατὶζειν
2468 2706 2486 2730 ,
2516 2670 2610 2722 καὶ
2656 2675 3107 2745 περιτέμνεσθαι.
3158 2684 3298 2738 Ἀλλ’
3328 2662 3454 2743 item
3507 2711 3528 2744 ι
3582 2697 3686 2765 ὡς,

2087 2754 2185 2807 ἐὰν
2217 2755 2309 2808 τὸν
2363 2757 2528 2829 νόμον
2565 2768 2820 2834 τηρεῖτε,
2857 2769 3094 2841 Χριστὸς
3141 2777 3296 2833 οὐδὲν
3346 2781 3497 2854 ὑμᾶς
3533 2754 3691 2858 ὡφέί

2085 2847 2263 2918 λήσει.
2317 2850 2529 2915 Οῖτινες
2575 2856 2636 2909 ὲν
2686 2857 2840 2930 νόμῳ
2902 2861 3266 2937 δικαιοῦσθε,
3450 2847 3687 2951 χάριτος

2084 2938 2394 3004 ὲξεπέσετε.
2423 2963 2442 2994 ι
2473 2945 2585 3016 Οὑχ
2626 2946 2774 3022 ἒωρα
2798 2951 2934 3008 Θεὸν
2961 2958 2990 3008 ὁ
3020 2958 3191 3014 πάλαι

2082 3031 2141 3085 δὲ
2190 3033 2704 3113 ἀνακεκαλυμμένῳ
2756 3046 3035 3120 προσώπῳ
3092 3050 3194 3124 τὴν
3243 3031 3422 3123 δόξαν-

2084 3127 2582 3200 κατοπτριζόμεθα.

2333 3219 2446 3290 jam
2490 3234 2678 3296 satage
2737 3239 2795 3284 ut
2849 3229 3150 3290 Sabbatum
3191 3240 3679 3320 circumcisiqu

2333 3285 2350 3290 ν
2613 3285 2643 3296 ν
2911 3285 3150 3290 ,__,,-_-_
3195 3285 3562 3303 ν..ν-ιυνισιυ
3609 3285 3676 3310 uc

400 3289 714 3334 serventur.
757 3285 857 3338 Ast
894 3286 1029 3342 illud
1091 3292 1235 3347 scito
1281 3311 1300 3344 ‹
1339 3297 1485 3364 quod
1544 3298 1594 3352 si
1622 3298 1792 3369 legem
1855 3302 2180 3377 observetis,
2235 3310 2490 3372 Christus
2531 3319 2664 3374 nihil
2711 3322 2866 3380 vobis
2911 3328 3176 3396 proderit.
3227 3331 3334 3399 Qui
3413 3340 3472 3396 in
3550 3285 3676 3416 lege

401 3370 770 3416 insliﬁnmnini
827 3390 856 3416 ει
900 3381 1072 3416 lyr-alia
1123 3384 1480 3416 nvnit‘:ai:,.li
1543 3409 1559 3416 -
1620 3392 1787 3416 nm-.—
1837 3397 1957 3416 μην
2004 3402 2024 3416 ·
2157 3405 2170 3416 -
2399 3409 2452 3416 ·-
2491 3412 2503 3416 -

2164 3370 2176 3377 _
2473 3370 2482 3372 ν
2531 3370 2664 3374 νν--η
2723 3370 2866 3380 --.ην
2911 3370 3176 3396 ,ην-νυν.
3228 3370 3334 3399 ιιι-1
3413 3370 3472 3396 lu
3550 3370 3676 3402 ["6

394 3370 794 3441 justilicainini,
826 3390 856 3430 a
899 3381 1075 3447 gratia
1122 3384 1412 3444 excidistis
1435 3389 1500 3444 “.
1542 3409 1562 3443 ι
1619 3392 1788 3448 Deum
1831 3397 1964 3453 olim
2003 3402 2174 3460 lsrael
2222 3421 2334 3464 non
2365 3409 2582 3468 videbat
2616 3432 2631 3468 :
2668 3431 2770 3474 nos
2795 3427 2979 3477 autem
3029 3426 3270 3483 revelata
3339 3431 3489 3492 facie
3557 3370 3682 3509 gl:-

407 3467 542 3509 rimn
585 3467 675 3509 Ῐὶρί
713 3473 1065 3509 cnam-Inmu-
1094 3478 1142 3509 η

404 3467 542 3520 riam
585 3467 676 3524 Dei
713 3473 1065 3540 speculamur
1094 3478 1162 3530 ⁸³.

395 3937 532 3983 ιιιιη.
578 3929 760 4003 Imago
789 3934 1061 4004 siquidem
1095 3943 1497 4002 monimentum
1529 3951 1807 4020 quoddam
1841 3965 1966 4012 est:

392 4034 458 4075 ac
485 4023 753 4094 quidquid
809 4026 950 4082 liber
985 4039 1073 4087 est
1128 4033 1200 4089 iis
1231 4037 1325 4106 qui
1358 4038 1573 4098 litteras
1625 4043 1966 4117 didicerunt,

390 4115 495 4171 hoc
520 4119 700 4188 imago
725 4131 807 4176 est
827 4115 1120 4184 illitteratis
1143 4138 1198 4183 ct
1229 4133 1490 4192 rudibus:
1509 4147 1564 4193 et
1584 4139 1732 4210 quod
1757 4115 1966 4200 auditui

391 4218 609 4278 ιιι-αεειιιι
639 4213 839 4281 oratio,
877 4216 980 4272 hoc
1012 4221 1155 4276 visui
1189 4224 1404 4280 confert
1438 4228 1618 4301 imago
1648 4249 1662 4286 :
1685 4248 1784 4303 per
1809 4250 1965 4291 men-

387 4307 498 4354 tem
535 4317 660 4358 vero
705 4304 807 4374 ipsi
852 4310 1263 4382 conjungimur.
1312 4316 1526 4375 Idcirco
1567 4321 1739 4392 jussit
1791 4325 1962 4394 Deus,

387 4398 448 4444 ut
474 4407 536 4444 ex
577 4393 741 4463 lignis
789 4414 912 4468 quae
940 4417 1049 4456 non
1095 4413 1444 4474 putrescunt,
1498 4424 1628 4468 area
1657 4414 1832 4481 fieret,
1875 4393 1956 4472 in;

387 4491 589 4554 tusque
613 4493 668 4541 et
698 4499 852 4543 extra
877 4507 1014 4547 auro
1042 4496 1358 4566 vestiretur,
1389 4507 1556 4572 atque
1583 4504 1639 4559 in
1671 4521 1736 4562 ea
1765 4509 1962 4565 tabulae

385 4587 742 4646 ponerentur,
786 4584 938 4655 virga
973 4601 1195 4658 quoque
1228 4599 1284 4645 et
1309 4607 1466 4660 urna,
1499 4594 1555 4650 in
1593 4611 1724 4668 qua,
1761 4599 1830 4654 ad
1871 4615 1961 4657 re-

383 4682 504 4724 rum
535 4681 814 4742 gestarum
841 4680 1190 4745 memoriam,
1223 4681 1648 4758 futurarumque
1665 4690 1961 4749 adumbra-

381 4759 604 4831 tionem,
626 4781 826 4822 manna
857 4771 1278 4830 recondebatur.
1311 4775 1436 4834 Haec
1471 4795 1634 4851 porro
1667 4783 1955 4855 imagines,

379 4867 771 4930 przeconesque
801 4875 1032 4920 sonoros
1066 4864 1240 4923 fuisse
1269 4870 1393 4939 quis
1417 4870 1630 4929 inficias
1660 4875 1824 4930 ierit?
1850 4876 1957 4933 Ne-

251 4959 266 4978 ι
376 4962 484 5018 que
500 4966 680 5008 veroa
711 4954 971 5013 lateribus
1012 4959 1373 5031 tabernaculi,
1403 4966 1498 5022 sed
1549 4967 1602 5022 in
1643 4969 1814 5025 totius
1843 4985 1945 5041 po-

377 5040 490 5110 puli
535 5053 839 5116 conspectu
879 5052 1349 5123 proponebantur,
1389 5073 1500 5127 quo
1542 5060 1732 5115 eadem
1779 5040 1963 5132 suspi-

374 5131 604 5201 cientes,
639 5134 750 5192 Deo
776 5139 869 5209 qui
901 5155 998 5209 per
1035 5143 1156 5214 ipsa
1187 5150 1542 5218 operabatur,
1578 5131 1956 5210 adorationem

374 5239 440 5279 ac
493 5225 670 5283 iatria:
718 5231 931 5288 cultum
982 5234 1268 5293 olferrent.
1321 5239 1477 5307 Quod
1530 5251 1712 5300 autem
1766 5246 1944 5304 latrize

373 5316 580 5374 cultum
610 5319 697 5377 his
736 5322 874 5394 ipsis
903 5340 1013 5382 non
1042 5328 1386 5400 exhiberem,
1423 5336 1776 5406 perspicuum
1813 5349 1942 5408 est;

373 5406 468 5461 sed
501 5424 602 5479 per
626 5425 713 5481 ea,
757 5415 1132 5486 prodigiorum
1163 5436 1457 5492 memores,
1488 5424 1731 5496 ipsorum
1757 5406 1949 5486 aucto-

375 5509 488 5551 rem
526 5498 694 5557 Deum
740 5505 1066 5564 adorabant.
1098 5510 1557 5572 Commonitionis
1584 5519 1786 5590 quippe
1815 5535 1938 5591 gra-

376 5587 450 5640 tia
481 5596 773 5662 proposita:
793 5611 950 5656 erant
981 5604 1267 5677 imagines,
1294 5625 1402 5666 non
1426 5587 1811 5682 tanqitaindii,
1843 5615 1938 5672 sed

376 5685 437 5732 ut
462 5681 772 5741 divinorum
803 5706 1029 5760 operum
1062 5697 1457 5758 udmonitrices
1489 5714 1698 5761 essent.

3037 3809 3052 3824 °
3092 3794 3286 3870 ὥσπερ
3307 3804 3405 3857 καὶ
3431 3809 3558 3873 τοῖς
3596 3811 3680 3865 λό-

2071 3883 2206 3935 γοις,
2243 3870 2344 3942 τὴν
2371 3873 2541 3944 ἀκοήν
2566 3889 2580 3903 ⁸
2614 3876 2916 3950 ὑπόμνημα
2945 3883 3054 3954 γάρ
3079 3887 3296 3964 ὲστιγή
3331 3870 3552 3953 είκώνί
3581 3905 3682 3958 καὶ

2069 3959 2209 4032 ὃπερ
2245 3964 2360 4026 τοῖς
2403 3965 2698 4038 γράμμασι
2748 3977 3127 4047 μεμνημένοις
3175 3983 3208 4053 ἡ
3247 3959 3474 4056 βέσλος,
3507 3995 3679 4050 τοῦτο

2069 4051 2164 4105 καὶ
2195 4055 2313 4117 τοῖς
2342 4056 2732 4129 ἀγραμμάτοις
2761 4066 2792 4135 ἡ
2837 4065 3002 4122 είκών
3026 4089 3040 4104 ο
3072 4073 3166 4127 καὶ
3189 4051 3330 4149 ὅπερ
3361 4085 3431 4151 τῇ
3458 4051 3616 4158 duo?)
3646 4091 3675 4142 ό

2067 4145 2244 4216 λόγος,
2278 4150 2436 4204 τοῦτο
2482 4155 2551 4226 τῇ
2601 4156 2792 4226 ὁράσει
2824 4161 2856 4231 ἡ
2911 4163 3080 4220 εἰκών
3111 4182 3126 4196 ’
3153 4145 3366 4241 νοητῶς
3403 4145 3475 4230 ,δὲ
3529 4145 3672 4252 αὑτῇ

2066 4237 2359 4309 ὲνοὺμεθα.
2397 4245 2500 4298 Διὰ
2532 4246 2690 4300 τοῦτο
2739 4253 3075 4322 προσέταξεν
3123 4259 3151 4311 ὁ
3203 4237 3339 4327 θεὸς
3397 4237 3672 4334 γενέσθαί

2065 4329 2300 4385 κιϐωτόν
2325 4335 2391 4388 ἐκ
2429 4335 2603 4401 ξύλων
2631 4339 2895 4412 ἁσήπτων
2916 4386 2931 4411 ,
2959 4347 3058 4400 καὶ
3092 4329 3538 4424 καταχρυσέηαι
3564 4364 3671 4416 αὑ-

2063 4418 2161 4490 τὴν
2192 4419 2394 4480 ἔσωθεν
2429 4427 2527 4481 καὶ
2573 4427 2796 4499 ἔξωθεν,
2839 4435 2935 4489 καὶ
2982 4418 3366 4509 ἐνθεῖναι-τὰς
3418 4449 3665 4520 πλάκας,

2063 4513 2157 4568 καὶ
2185 4515 2286 4586 τὴν
2315 4517 2534 4586 ῥάϐδον,
2566 4522 2663 4576 καὶ
2692 4523 2792 4596 τὴν
2821 4527 3062 4600 στάμνον
3097 4532 3196 4605 τὴν
3229 4539 3464 4610 χρυσῆν,
3503 4513 3664 4616 ἔχοιξξ

2065 4622 2164 4660 σαν
2193 4606 2255 4660 τὸ
2293 4609 2471 4679 μάννα
2529 4613 2668 4684 πρὸς
2699 4615 3010 4691 ὑπόμνησιν
3053 4623 3163 4678 τῶν
3200 4606 3661 4700 γεγονότων,“καὶ

2059 4697 2420 4768 προτὺπωσιν
2453 4701 2562 4757 τῶν
2599 4705 3054 4776 μελλόντων.Καὶ
3090 4717 3177 4782 τίς
3195 4697 3296 4774 οὑκ
3332 4722 3457 4794 ἐρεῖ
3480 4697 3659 4783 ταῦτα

2058 4789 2296 4857 εἰκόνας,
2323 4792 2680 4867 διαπρυσίους
2705 4816 2766 4852 τε
2796 4803 3084 4876 κήρυκαςς
3119 4809 3232 4864 Καὶ
3255 4789 3439 4870 ταῦτα
3466 4819 3571 4875 οὑκ
3591 4823 3658 4876 ἐκ

2061 4881 2308 4951 πλαγίων
2332 4885 2511 4941 ἔκειτο
2552 4890 2653 4961 τῆς
2691 4895 2920 4964 σκηνῆς,
2943 4897 3081 4954 ἀλλὰ
3117 4906 3472 4964 κατενώπιον
3513 4931 3653 4968 παν-

2060 4977 2151 5040 τὸς
2188 4977 2284 5031 τοῦ
2319 4979 2452 5035 λαοῦ
2472 5021 2488 5046 ,
2515 4984 2654 5054 πρὸς
2681 4985 2720 5040 ἃ
2767 4989 3211 5063 ἀποϐλέποντες,
3244 4999 3325 5070 τῷ
3363 5002 3434 5056 δι’
3468 5006 3654 5060 αὑτῶν

2059 5069 2422 5142 ἑνεργήσαντι
2467 5074 2588 5147 Θεῷ
2621 5083 2968 5156 προσέφερον
3005 5088 3108 5158 τὴν
3140 5097 3529 5166 προσκύνησιν
3558 5099 3650 5152 καὶ

2055 5160 2155 5233 τὴν
2183 5163 2459 5236 λατρείαν.
2483 5169 2654 5240 Δῆλον
2683 5173 2761 5238 ὼς
2785 5175 2884 5247 οὑχ
2917 5178 2994 5244 ὡς
3038 5160 3226 5248 αὐτοῖς
3264 5160 3646 5259 λατρεύοντες,

2052 5254 2192 5309 ἀλλὰ
2224 5257 2291 5310 δι’
2311 5259 2493 5314 αὐτῶν
2515 5262 2596 5327 είς
2630 5263 2941 5340 ὑπόμνησιν
2959 5271 3071 5326 τῶν
3096 5254 3399 5346 θαυμάτων
3437 5254 3650 5354 ἀγόμέζ

2051 5362 2162 5412 νοι,
2193 5350 2288 5403 καὶ
2330 5350 2410 5422 τῷ
2464 5358 2818 5430 τερατουργῷ
2865 5361 2986 5434 Θεῷ
3017 5366 3117 5436 τὴν
3148 5350 3530 5443 προσκύνησιν
3551 5350 3652 5433 ⁷νέε-

2052 5456 2264 5507 μοντες.
2313 5443 2538 5509 Εἰκὸνες
2574 5447 2686 5519 γὰρ
2734 5445 2877 5522 ἦσαν
2912 5455 3051 5526 πρὸς
3101 5458 3417 5533 ὑπόμνησιν
3452 5468 3648 5539 κείμε-

2056 5550 2154 5596 νοι,
2189 5535 2289 5605 οὑχ
2324 5535 2399 5602 ὼς
2429 5539 2563 5606 Θεοὶ,
2599 5541 2716 5595 ἀλλ’
2743 5545 2819 5609 ὼς
2841 5545 2993 5611 θείας
3022 5551 3309 5622 ἐνεργείας
3331 5535 3650 5633 ὑπόμνησιν

2051 5625 2184 5694 ἄγου
2193 5645 2303 5684 σαι.

446 5777 494 5808 ⁵⁸
517 5780 689 5836 Exod.
726 5800 878 5855 χχχι,
928 5791 1043 5845 1-6.
1122 5797 1164 5827 δ’
1195 5796 1367 5852 Exod.
1402 5816 1563 5869 xxxv,
1595 5802 1747 5857 i-H.
1830 5803 1872 5834 ⁵³
1904 5800 1979 5858 Ga

2115 5823 2167 5876 v,
2201 5807 2320 5864 2-4.
2395 5811 2442 5843 ⁸³
2477 5811 2516 5868 ll
2547 5813 2675 5871 Cor.
2753 5833 2836 5886 ιιι,
2867 5820 2948 5876 18.
