3960 6198
284 225 353 293 12
362 224 423 289 49

1410 239 1510 301 DE
1547 241 2010 308 IMAGINIBUS
2039 246 2325 310 ORATIO
2360 250 2413 312 Ῐ.

3401 262 3540 329 1250

358 344 448 406 ιη’.
478 335 591 391 Καὶ
618 338 825 393 δώδεκα
863 338 1046 408 λίθους
1072 345 1404 419 προσέταξεν
1432 353 1461 406 6
1488 352 1621 417 Θεὸς
1650 354 1844 427 ληφθῆ-

2037 360 2123 414 18.
2165 360 2342 417 Jussit
2380 378 2601 435 quoque
2632 366 2795 432 Deus,
2833 376 2891 423 ut
2920 369 3208 427 duodecim
3237 386 3270 428 e
3297 371 3542 434 Jordane

278 445 371 482 ναι
407 428 472 480 ἐκ
502 428 607 518 ,τοῦ
645 430 934 501 Ἰορδάνου,
969 437 1063 489 καί¹
1099 438 1199 509 τὴν
1249 440 1429 496 αἰτίαν
1477 446 1806 518 προστίθησι
1838 463 1853 479 ·

278 522 416 588 φησὶ
443 517 555 590 γάρ
582 535 595 549 '
639 538 657 571 ι
702 523 872 576 Ὅταν
902 527 1084 598 ἐρωτᾷ
1118 546 1180 582 σε
1208 531 1236 582 ό
1268 532 1382 594 υἱός
1410 550 1526 599 σου,
1557 536 1610 590 τί
1634 517 1773 589 εἰσιν
1808 538 1858 590 οἰ

274 612 417 666 λίθοι
440 606 608 678 οὗτοι,
640 615 829 686 διηγοῦ
861 619 979 684 πῶς
1006 622 1220 687 ἐξέλιπε
1247 626 1305 679 τὸ
1334 627 1478 700 ὕδωρ
1512 630 1604 682 τοῦ
1651 630 1855 701 Ἰορδά-

275 724 371 759 νου
398 706 521 779 θείᾳ
563 709 859 778 προστάξει
886 752 901 777 ,
936 713 1031 766 καὶ
1080 714 1233 786 διέϐη
1270 718 1302 787 ὴ
1336 718 1571 783 κιϐωτὸς
1609 719 1704 773 τοῦ
1743 723 1857 775 Κυ-

278 798 427 871 ρίου,
457 802 552 853 καὶ
590 802 700 864 πᾶς
741 805 769 855 6
805 802 954 867 λαός.
988 822 1006 855 ι
1043 807 1168 869 Πῶς
1192 806 1286 862 οῦν
1318 811 1483 901 ἡμεῖς
1512 811 1614 864 οὐκ
1645 812 1853 864 εἰκονο-

273 893 638 964 γραφήσομεν
666 893 738 946 τά
766 896 1010 967 σωτήρια
1040 898 1188 969 πάθη
1213 901 1304 954 καὶ
1337 893 1594 973 Θαύματα
1611 902 1853 971 Χριστοῦ

271 981 372 1038 τοῦ
402 984 562 1048 Θεοῦ,
592 984 700 1050 ἵνα,
736 987 868 1039 ὅταν
895 990 1077 1061 ἐρωτᾷ
1110 1008 1176 1060 με
1215 994 1243 1045 6
1284 994 1398 1057 υἱός
1438 1012 1563 1065 μου,
1605 995 1657 1047 τί
1695 994 1855 1047 τοῦτό

272 1078 448 1141 ἐστιν,
482 1075 597 1145 ἐρῶ
622 1077 705 1129 ὅτι
748 1080 776 1131 6
806 1078 939 1142 Θεὸς
977 1081 1150 1150 Λόγος
1183 1083 1473 1155 ἄνθρωπος
1506 1086 1721 1155 γέγονε,
1757 1087 1857 1139 καὶ

270 1168 343 1221 δι’
389 1167 589 1232 αὑτοῦ,
626 1169 748 1238 οὐχί¹
806 1170 1023 1243 Ἰσραὴλ
1059 1174 1218 1242 μόνος
1246 1175 1340 1229 τὸν
1384 1176 1660 1247 Ἰορδάνην
1705 1177 1857 1248 διῆλ-

267 1258 391 1325 οεν,
422 1259 538 1311 ἀλλ’
560 1261 593 1329 η
614 1260 776 1327 φύσις
805 1261 993 1315 ἅπασα
1024 1265 1162 1335 πρὸς
1189 1265 1291 1337 τὴν
1320 1268 1556 1339 ἀρχαίαν
1579 1268 1853 1338 ἐπανῆλθε

271 1351 682 1422 μακαριότητα.
719 1352 799 1404 Δι’
822 1345 883 1405 οῦ
915 1354 947 1426 ή
981 1354 1143 1424 φύσις
1176 1358 1241 1411 ἐκ
1266 1358 1376 1411 τῶν
1411 1360 1712 1413 κατωτάτω
1752 1363 1854 1432 τῆς

268 1445 381 1515 γῆς
408 1442 643 1513 ἀνῆλθεν
693 1444 952 1515 ὑπεράνω
998 1447 1181 1519 πάσης
1218 1449 1426 1523 ἀρχῆς,
1469 1453 1565 1506 καὶ
1611 1452 1672 1508 ἐν
1703 1452 1854 1524 αὖτῷ

266 1536 355 1607 τῷ
383 1536 641 1607 πατρικῷ
678 1536 943 1591 κεκάθικε
970 1536 1167 1610 Θρόνφ.

1960 449 2170 520 lapides
2200 464 2576 520 sumerentur,
2626 459 3009 529 rationemque
3061 464 3249 518 subdit
3297 466 3536 522 dicens:

1964 554 1984 588 ι
2015 536 2247 603 Quando
2298 540 2721 614 interrogaverit
2763 554 2816 601 te
2871 548 3018 602 ﬁlius
3052 560 3201 614 tuus.
3256 556 3387 623 quid
3434 557 3541 611 sibi

1958 626 2149 681 volunt
2177 629 2269 684 isti
2316 630 2550 700 lapides,
2606 652 2790 703 narra,
2844 640 3120 707 quomodo
3167 642 3355 698 divino
3404 657 3537 702 nutu

1958 717 2223 774 defecerit
2252 736 2393 792 aqua
2410 722 2695 789 Iordanis.
2733 736 2788 783 et
2816 730 3103 786 transierit
3138 746 3265 786 area
3298 733 3539 801 Domini,

1957 811 2247 880 omnisque
2274 816 2510 886 pepulus
2530 817 2598 871 “.
2634 838 2652 869 ι
2690 818 2801 874 Cur
2830 822 2997 892 igitur
3022 823 3298 880 salutares
3332 826 3540 885 Christi

1958 901 2053 958 Dei
2085 905 2369 963 cruciatus
2398 918 2451 962 et
2486 911 3101 984 miraculaimaginibus
3132 933 3239 971 non
3262 921 3543 988 exprima-

1958 994 2119 1047 mus?
2142 1006 2200 1049 ut
2224 1011 2348 1051 cum
2399 1015 2465 1053 ex
2492 1017 2576 1055 me
2610 1005 2892 1073 quresierit
2939 1006 3082 1064 ﬁlius
3117 1024 3543 1080 meus,respon-

1956 1077 2136 1146 deam,
2160 1080 2330 1137 Deum
2367 1084 2602 1141 Verbum
2637 1088 2839 1144 factum
2882 1108 3005 1148 esse
3034 1094 3338 1163 hominem,
3377 1077 3541 1167 atque

1955 1171 2249 1242 peripsum
2276 1190 2386 1229 non
2409 1177 2671 1233 lsraelem
2702 1181 2864 1235 modo
2896 1180 3194 1238 Iordanem
3230 1187 3538 1251 transiisse,

1956 1262 2051 1318 sed
2080 1273 2134 1318 et
2175 1280 2395 1320 omnem
2450 1283 2685 1337 prorsus
2719 1280 2973 1325 naturam
3002 1273 3068 1327 ad
3114 1275 3407 1343 pristinam
3457 1293 3543 1331 re-

1956 1350 2128 1409 diisse
2156 1353 2506 1425 felicitatem;
2541 1374 2637 1430 per
2663 1377 2824 1430 quem
2859 1372 3051 1418 natura
3097 1374 3289 1419 nostra
3319 1368 3387 1421 ab
3417 1368 3540 1422 inﬁ-

1954 1443 2064 1499 mis
2128 1454 2289 1500 terrae
2345 1448 2617 1516 partibus,
2666 1466 2836 1521 super
2893 1468 3111 1508 onmem
3165 1456 3538 1526 principatum

1954 1547 2168 1606 evecta,
2204 1548 2322 1606 est,
2379 1550 2435 1597 et
2488 1544 2542 1597 in
2608 1545 2844 1613 ipsomet
2903 1555 3139 1616 paterno
3192 1550 3333 1605 solio
3400 1568 3537 1606 con-

1955 1631 2120 1687 sedit.

345 1719 432 1773 tO’.
478 1719 642 1773 Ἀλλά
672 1720 844 1791 φησί’
884 1722 1033 1774 Ποίει
1054 1722 1292 1793 Χριστοῦ
1326 1724 1532 1790 εἰκόνα,
1558 1726 1653 1779 καὶ
1677 1726 1844 1799 ἀρκέ-

2026 1724 2114 1777 l9.
2171 1724 2290 1789 Ast,
2350 1724 2639 1795 inquiunt,
2683 1728 2820 1784 satis
2859 1730 2960 1785 tibi
3008 1730 3171 1785 fuerit
3205 1718 3409 1787 caiisa
3451 1735 3536 1787 vel

268 1812 451 1883 σθητι,
480 1812 513 1883 ἢ
544 1813 647 1882 τῆς
684 1813 879 1866 τούτου
907 1814 1132 1885 Μητρὸς
1174 1816 1273 1885 τῆς
1314 1816 1602 1870 Θεοτόκου.
1645 1818 1708 1870 Ὢ
1753 1818 1854 1889 τῆς

265 1904 539 1969 ἀτοπίαςί
573 1905 767 1976 ἐχθρὸν
790 1908 1018 1961 σεαυτὸν
1042 1909 1341 1979 διαρρήδην
1377 1908 1487 1963 τῶν
1517 1912 1688 1979 ἁγίων
1721 1912 1854 1965 καθ-

265 1996 653 2067 ωμολόγησαςι
716 1995 779 2049 Εἰ
825 1997 933 2067 γὰρ
990 1999 1230 2069 Χριστοῦ
1277 2002 1377 2069 μὲν
1419 2002 1605 2055 εἰκόνα
1652 2004 1848 2068 ποιεῖς,

263 2086 379 2141 τῶν
406 2087 465 2141 δὲ
496 2087 670 2157 ἁγίων
716 2088 1004 2160 οὐδαμῶς,
1061 2091 1219 2162 δῆλον
1255 2091 1331 2155 ὡς
1370 2093 1492 2164 οὐχὶ
1521 2093 1621 2165 τὴν
1665 2095 1851 2147 εἰκόνα

264 2181 655 2252 ἀπαγορεύεις,
691 2181 827 2235 ἀλλά
872 2184 971 2254 τὴν
1001 2186 1109 2237 τῶν
1140 2186 1312 2254 ἁγίων
1351 2188 1541 2258 τιμήν.
1567 2188 1673 2241 Τοῦ
1708 2190 1847 2259 Χρι-

267 2274 403 2327 στοῦ
436 2274 565 2343 γάρ,
607 2274 683 2338 ὡς
723 2274 1137 2347 δεδοξασμένου,
1175 2282 1350 2343 ποιεῖς
1377 2281 1614 2344 εἰκόνας,
1643 2281 1754 2334 τῶν
1792 2281 1849 2334 δὲ

264 2368 477 2437 ἁγίων,
508 2367 585 2431 ὡς
630 2366 961 2433 ἀδοξάστων,
1013 2370 1301 2434 ἁποποιεῖς
1346 2371 1408 2425 τὸ
1454 2372 1845 2443 ἀπεικόνισμα,

264 2463 365 2516 καὶ
397 2461 568 2531 ψευδῆ
611 2461 709 2532 τὴν
750 2460 1013 2531 ἀλήθειαν
1051 2462 1367 2527 ἀποκαλεῖς.
1408 2482 1427 2515 ι
1465 2464 1551 2519 Ζῶ
1574 2466 1683 2536 γὰρ
1713 2465 1846 2534 ἐγὼ,

261 2554 417 2623 λέγει
451 2554 688 2623 Κύριος,
719 2552 835 2605 ἀλλ’
868 2553 901 2625 ῆ
936 2552 1061 2618 τοὺς
1101 2554 1425 2620 δοξάζοντάς
1461 2574 1527 2627 με
1563 2558 1794 2622 δοξάσω.
1822 2578 1841 2610 ι

262 2646 377 2699 Καὶ
410 2645 439 2696 6
480 2642 625 2707 θεῖος
668 2642 1026 2706 Ἀπόστολοςο
1074 2662 1092 2695 ι
1145 2644 1311 2697 Ὥστε
1351 2646 1535 2699 οὐκέτι
1562 2642 1614 2699 εἷ
1635 2647 1843 2711 δοῦλος,

259 2737 401 2792 ἀλλά
442 2737 576 2800 υἱός.
636 2736 699 2789 El
737 2736 794 2790 δὲ
844 2735 1002 2801 υίὸς,
1046 2737 1139 2789 καὶ
1188 2736 1524 2808 κληρονόμος
1576 2736 1710 2790 Θεοῦ
1757 2736 1846 2790 διὰ

261 2828 527 2899 Χριστοῦ.
576 2846 595 2879 ι
636 2826 781 2881 Καί·
833 2846 851 2879 ι
901 2828 1075 2898 Εἴπερ
1127 2827 1564 2898 συμπάσχομεν,
1612 2829 1698 2880 ἵνα
1749 2826 1845 2881 καὶ

262 2918 740 2989 συνδοξασθῶμεν.
783 2936 802 2969 ι
835 2917 913 2973 Οὐ
968 2920 1108 2973 κατὰ
1162 2919 1271 2972 τῶν
1317 2920 1543 2972 εἰκόνων
1591 2920 1710 2990 ἣρω
1753 2919 1844 2972 τὸν

260 3013 524 3084 πόλεμον,
557 3010 697 3065 ἀλλά
724 3011 868 3065 κατά
892 3010 1001 3064 τῶν
1044 3011 1237 3079 ἁγίων.
1270 3011 1407 3081 Φησὶ
1436 3011 1547 3081 γὰρ
1588 3011 1843 3080 Ἰωάννης

259 3106 290 3159 6
321 3103 586 3171 Θεολόγος
617 3102 712 3155 xui.
750 3102 1098 3172 ἐπιστήθιος,
1143 3119 1162 3153 ι
1193 3102 1273 3155 ὅτι
1311 3102 1486 3171 ὅμοιοι
1528 3100 1677 3171 αὐτῷ
1720 3100 1843 3153 ἐσό-

263 3196 428 3269 μεθα.
462 3215 481 3249 ι
519 3198 733 3270 Ὥσπερ
763 3198 790 3248 6
815 3195 894 3267 τῷ
925 3196 1058 3267 πυρὶ
1089 3196 1403 3266 ἐνούμενος,
1446 3196 1506 3248 οῦ
1552 3199 1618 3265 τῇ
1656 3196 1838 3263 φύσει,

260 3288 401 3343 ἀλλά
454 3290 521 3359 τῇ
568 3286 788 3351 ἐνὼσει,
847 3287 945 3339 καὶ
989 3286 1271 3357 πυρώσει,
1320 3289 1413 3341 καὶ
1464 3287 1681 3357 μεθέξει
1731 3287 1843 3359 πῦρ

260 3383 496 3450 γίνεται,
533 3378 676 3432 οὕτω
706 3379 802 3433 καὶ
831 3378 930 3449 τὴν
958 3378 1139 3449 σάρκα
1168 3378 1313 3449 φημὶ
1340 3376 1433 3430 τοῦ
1468 3378 1843 3449 σαρκωθέντος

262 3472 396 3529 Υἰοῦ
443 3472 539 3527 τοῦ
588 3472 744 3525 Θεοῦ.
800 3471 1016 3541 Ἐκείνη
1065 3471 1209 3541 γάρ,
1256 3472 1323 3541 τῇ
1379 3470 1505 3524 καθ’
1545 3470 1844 3523 ὑπόστασιν

266 3565 487 3637 μεθέξει
523 3566 623 3635 τῆς
654 3564 806 3627 Θείας
838 3564 1076 3633 φύσεως,
1108 3563 1399 3633 ἀτρέπτως
1432 3562 1564 3624 Θεὸς
1593 3563 1844 3634 ἐχρημά-

257 3675 415 3712 τισεν
444 3672 457 3686 ·
502 3660 601 3711 οὐκ
646 3657 898 3728 ἐνεργείᾳ
943 3654 1235 3725 χρισθεῖσα
1282 3654 1459 3721 Θεοῦ,
1493 3654 1686 3727 ὥσπερ
1728 3654 1839 3707 τῶν

260 3750 561 3823 προφητῶν
596 3750 849 3813 ἕκαστος,
888 3746 1165 3817 παρουσίᾳ
1190 3745 1249 3798 δὲ
1283 3746 1408 3799 ὅλου
1439 3745 1534 3799 τοῦ
1566 3746 1836 3817 χρίοντος.

262 3844 386 3897 Ὀτι
414 3842 470 3895 δὲ
503 3841 637 3904 Θεὸς
654 3839 705 3903 (ι,
760 3840 852 3892 καὶ
902 3839 1015 3891 οεοὶ
1044 3839 1093 3890 οἰ
1145 3837 1316 3906 ἆγιοι,
1356 3855 1373 3887 ι
1409 3838 1437 3889 6
1467 3837 1619 3899 Θεὸς,
1652 3838 1838 3909 φησὶν,

257 3936 391 4007 ἔστη
422 3937 479 3987 ἐν
512 3934 802 4003 συναγωγῇ
834 3930 994 3984 θεῶν.
1034 3950 1052 3981 ι
1084 3930 1195 3983 Καὶ
1233 3931 1314 3983 ὅτι
1356 3929 1575 3983 ἵσταται
1602 3929 1734 3993 θεὸς
1781 3932 1841 3983 ἐν

259 4029 412 4100 μέσῳ
448 4026 608 4093 θεῶν,
632 4025 730 4089 τὰς
752 4024 908 4090 ἀξίας
934 4021 1181 4094 διαιρῶν,
1211 4021 1285 4085 ὼς
1314 4021 1634 4092 ἑρμηνεύων
1673 4022 1839 4092 φησιν

253 4124 282 4176 ό
314 4120 456 4184 θεῖος
484 4120 805 4191 Γρηγόριος.
836 4119 900 4170 Ol
928 4116 1035 4187 γάρ
1082 4116 1227 4183 ἅγιοι
1261 4115 1357 4169 καὶ
1402 4114 1604 4179 ζῶντες
1636 4115 1839 4187 πεπλη-

257 4214 497 4286 ρωμένοι
524 4208 667 4283 ἦσαν
700 4211 1022 4281 Πνεῦματος
1047 4210 1228 4277 ἁγίου,
1259 4208 1353 4262 καὶ
1385 4207 1829 4277 τελευτησάντων

254 4303 456 4367 αὐτῶν,
490 4305 523 4373 ἡ
555 4302 713 4372 χάρις
752 4300 844 4352 τοῦ
876 4299 1033 4368 ἁγίου
1070 4298 1386 4367 Πνεύματος
1417 4298 1831 4367 ἀνεκφοιτήτως

1958 1816 2150 1871 matris
2196 1816 2321 1885 ejus
2359 1817 2608 1888 Deiparee
2655 1821 2952 1892 imaginem
3000 1823 3295 1878 coniicere.
3342 1824 3385 1880 Ο
3424 1842 3535 1879 rem

1957 1905 2290 1961 absurdam!
2351 1911 2428 1965 Te
2482 1910 2598 1980 ipse
2667 1928 2802 1983 ergo
2868 1922 3189 1969 sanctorum
3248 1916 3535 1971 inimicum

1954 1998 2250 2067 proﬁteris.
2277 1998 2411 2054 Nam
2445 2003 2490 2056 si
2514 2000 2719 2073 Christi
2744 2005 2964 2073 quidem
3006 2006 3302 2077 imaginem
3328 2008 3533 2078 pingis,

1954 2104 2301 2160 nequaquam
2335 2108 2466 2147 vero
2505 2103 2848 2162 sanctorum,
2894 2097 3056 2166 plane
3101 2113 3209 2151 non
3270 2098 3536 2167 imagines

1954 2196 2185 2251 prorsus
2205 2183 2490 2253 prohibes,
2522 2184 2615 2239 sed
2649 2186 2861 2241 sanctis
2890 2188 3074 2256 potius
3106 2203 3267 2241 suum
3299 2187 3537 2259 denegas

1954 2273 2242 2331 honorem.
2281 2278 2489 2332 Christi
2533 2278 2847 2348 siquidem,
2897 2280 3025 2350 quia
3078 2280 3251 2350 gloria
3305 2290 3536 2333 ornatus

1951 2378 2052 2431 est,
2090 2370 2363 2439 imagines
2391 2369 2507 2424 ﬁeri
2537 2370 2835 2435 concedis;
2877 2381 3199 2424 sanctorum
3228 2386 3360 2425 vero
3378 2372 3533 2439 quasi

1948 2459 2112 2514 alieni
2145 2460 2305 2515 sinta
2331 2461 2522 2531 gloria,
2565 2461 2798 2531 effigiem
2831 2464 3068 2532 respuis,
3110 2463 3537 2530 mendacemque

1950 2549 2248 2607 Veritatem
2286 2552 2555 2619 declaras,
2598 2554 2686 2608 ubi
2718 2555 2793 2607 ait
2828 2571 2841 2607 :
2882 2574 2897 2604 ι
2937 2552 3072 2608 Vivo
3098 2569 3218 2623 ego,
3259 2552 3391 2607 dicit
3432 2552 3533 2606 Do-

1951 2642 2165 2707 minus,
2198 2644 2301 2700 nisi
2333 2645 2709 2716 gloriﬁcantes
2755 2660 2838 2699 me
2866 2645 3158 2715 gloriﬁcent
3183 2644 3249 2696 ⁸³.
3288 2662 3306 2694 ι
3359 2643 3421 2697 Ει
3448 2644 3532 2696 di-

1947 2735 2110 2790 vinus
2144 2720 2438 2805 Apostolus
2484 2755 2497 2790 :
2534 2756 2551 2788 ι
2588 2737 2776 2807 Itaque
2804 2737 2915 2807 jam
2957 2752 3063 2790 non
3092 2751 3150 2789 es
3190 2749 3401 2795 servus.
3437 2735 3531 2789 sed

1948 2825 2113 2882 ﬁlius.
2135 2826 2190 2880 Si
2228 2835 2409 2882 autem
2436 2829 2670 2894 ﬁlius,et
2689 2829 2863 2884 ltzeres
2887 2827 2978 2882 Dei
3005 2826 3392 2896 perChristum
3418 2826 3484 2879 ".
3509 2846 3525 2877 ι

1949 2917 2014 2971 Et
2047 2938 2059 2972 :
2099 2937 2117 2970 ι
2157 2919 2214 2972 Si
2246 2922 2640 2991 compatimnr,
2688 2930 2746 2974 ut
2796 2929 2850 2975 et
2901 2919 3467 2990 conglorilicemur".
3504 2937 3522 2968 ι

1947 3007 2063 3063 Νοιι
2085 3009 2349 3066 adversus
2372 3013 2660 3083 imagines,
2683 3012 2779 3067 sed
2799 3012 3065 3067 adversus
3083 3020 3304 3066 sanctos
3329 3010 3529 3064 belhnn

1949 3115 2155 3157 moves.
2182 3101 2273 3155 Ait
2294 3103 2438 3157 enim
2464 3101 2703 3158 Joannes
2720 3104 3060 3173 Theoiogns,
3082 3103 3173 3171 qui
3214 3116 3380 3171 supra
3404 3116 3529 3169 pec-

1950 3198 2039 3247 tus
2062 3192 2275 3246 Domini
2300 3196 2590 3260 recubuit,
2622 3214 2638 3246 ι
2676 3196 2819 3265 quod
2854 3195 3065 3248 similes
3083 3195 3131 3249 ci
3162 3194 3373 3248 erimus
3393 3191 3459 3243 ".
3502 3210 3520 3243 ι

1947 3281 2105 3338 Sicut
2129 3286 2275 3339 enim
2310 3286 2360 3341 id
2392 3286 2541 3356 quod
2584 3288 2696 3357 igni
2723 3288 2997 3358 jungitur,
3032 3302 3141 3341 non
3179 3292 3399 3347 natura,
3428 3281 3525 3337 sed

1946 3379 2358 3446 conjunctione,
2384 3387 2441 3435 et
2468 3382 2782 3446 exustione,
2827 3387 2883 3435 et
2926 3378 3433 3433 communicatione
3468 3375 3527 3428 ﬁt

1945 3473 2111 3545 ignis,
2139 3475 2281 3529 idem
2328 3490 2550 3545 quoque
2588 3476 2712 3531 dico
2745 3474 2812 3530 de
2837 3489 3005 3530 carne
3068 3472 3341 3527 incarnati
3398 3468 3523 3523 Filii

1943 3564 2063 3620 Dei.
2093 3564 2185 3619 Illa
2221 3566 2493 3637 siquidem
2530 3582 2626 3636 per
2650 3568 3049 3638 hypostaticam
3076 3564 3522 3619 communionem

1944 3655 2142 3711 divinae
2169 3666 2375 3714 natura:
2403 3658 2542 3712 citra
2570 3659 2992 3713 conversionem
3028 3656 3201 3710 evasit
3230 3656 3393 3718 Deus,
3418 3668 3523 3707 non

1942 3747 2087 3816 quod
2133 3746 2314 3800 divina
2359 3748 2598 3816 quadam
2658 3748 2999 3802 efﬁcacieate
3048 3746 3278 3799 inuncta
3336 3744 3523 3806 fuerit,

1945 3838 2091 3891 velut
2119 3839 2501 3906 unusquisque
2524 3836 2947 3907 prophetarum,
2969 3836 3102 3905 quin
3129 3835 3311 3904 potius
3331 3847 3527 3902 perun-

1940 3928 2121 4000 gcntis
2179 3928 2349 3982 totius
2402 3928 2721 3997 praesentia.
2777 3927 2933 3993 Quod
2990 3941 3155 3996 porro
3204 3925 3386 3981 sancti
3443 3924 3519 3979 dii

1940 4035 2159 4092 quoque
2195 4021 2328 4084 sint,
2368 4021 2533 4092 316
2583 4021 2746 4077 docet
2801 4020 3108 4091 Scriptura.
3172 4039 3192 4071 ‹
3229 4019 3396 4083 Deus,
3442 4019 3525 4072 in-

1939 4113 2082 4183 quit,
2114 4113 2260 4169 stetit
2288 4113 2342 4167 in
2378 4128 2651 4184 synagoga
2685 4113 2915 4169 deorum
2950 4115 3050 4166 θ’.»
3091 4113 3235 4168 Deus
3257 4114 3310 4167 in
3343 4113 3524 4167 medio

1939 4204 2166 4258 deorutn
2213 4211 2325 4259 stat
2377 4204 2677 4274 unicuique
2732 4220 2833 4275 pro
2887 4206 3103 4260 meritis
3154 4206 3521 4266 distribuens,

1937 4294 2401 4365 quemadmodum
2467 4296 2646 4350 locum
2712 4296 2858 4351 hunc
2925 4297 3148 4351 divinus
3221 4296 3523 4367 Gregorius

252 4394 433 4449 ἔνεστι
465 4395 558 4447 καὶ
589 4395 709 4455 ταῖς
738 4391 977 4460 ψυχαῖς,
1021 4390 1115 4441 καὶ
1162 4390 1274 4450 τοῖς
1326 4386 1581 4456 σώμασιν
1618 4388 1676 4438 ἐν
1719 4389 1834 4450 τοῖς

1950 4390 2197 4459 exposuit
2240 4390 2306 4445 ".
2369 4389 2555 4444 Sancti
2621 4389 2794 4453 enim,
2844 4390 2973 4444 dum
3028 4390 3278 4444 viverent
3330 4389 3522 4459 repleti

253 4489 472 4559 τάφοις,
504 4485 598 4539 καὶ
627 4485 740 4547 τοῖς
773 4482 1144 4553 χαρακτῆρσι,
1186 4480 1279 4532 καὶ
1316 4481 1435 4541 ταῖς
1465 4478 1651 4547 ἁγίαις
1689 4479 1833 4532 εἰκό-

255 4599 343 4636 σιν
382 4578 586 4643 αὑτῶν,
634 4577 695 4631 οὐ
742 4574 862 4629 κατ’
899 4573 1107 4637 οὐσίαν,
1145 4571 1283 4627 ἀλλά
1320 4571 1505 4641 χάριτι
1551 4571 1647 4625 καὶ
1679 4571 1834 4641 ἐνερ-

252 4690 315 4740 γε
326 4672 401 4743 [α.

1942 4488 2104 4534 erant
2159 4478 2367 4551 Spiritu
2407 4490 2625 4547 sancto,
2676 4490 2732 4536 et
2787 4492 3079 4553 postquam
3138 4484 3517 4545 decesserunt,

1945 4570 2191 4640 Spiritus
2226 4574 2405 4626 sancti
2445 4577 2620 4642 gratia
2668 4573 2888 4627 illorum
2928 4587 3143 4641 semper
3183 4581 3296 4625 tum
3321 4572 3520 4625 animis

1942 4665 2123 4735 adest,
2159 4677 2273 4720 tum
2316 4667 2648 4736 corporibus
2693 4668 2747 4719 in
2782 4665 3079 4735 sepulcris,
3115 4665 3246 4735 quin
3277 4672 3325 4718 et
3375 4664 3521 4732 ipso-

249 4783 373 4822 rum
424 4763 614 4835 ﬁguris
653 4776 717 4816 ac
775 4758 985 4814 sanctis
1034 4758 1404 4830 imaginibus,
1464 4772 1569 4812 non
1620 4755 1841 4827 quidem
1901 4762 2205 4816 secundum
2249 4762 2615 4817 substantiam
2667 4775 2845 4828 suam,
2906 4761 3001 4817 sed
3065 4777 3162 4832 per
3205 4760 3433 4831 gratiam
3464 4766 3519 4813 et

244 4860 621 4935 efﬁcientiam.

316 4954 498 5009 κἰὌν
526 4951 584 5005 δέ
604 4948 683 5019 τῷ
711 4946 875 5001 Δαδὶδ
902 4945 1265 5016 ἐπηγγείλατο
1287 4945 1313 4997 6
1330 4943 1459 5006 Θεὸς
1481 4944 1831 5014 οἰκοδομῆσαι

241 5045 394 5115 αὐτῷ
425 5041 550 5097 ναὸν
575 5040 663 5093 διά
682 5037 776 5090 τοῦ
805 5037 936 5090 ἰδίου
952 5034 1091 5101 υἱοῦ,
1112 5035 1203 5087 καὶ
1233 5034 1639 5087 κατασκευάσαι
1664 5034 1829 5085 τόπον

241 5134 628 5199 ἀναπαύσεως,
663 5129 853 5183 τοῦτον
914 5126 1167 5196 Σολομὼν
1218 5124 1536 5196 οἰκοδομῶν,
1601 5124 1824 5193 ἐποίησε

312 5314 359 5346 ⁸⁸
387 5311 557 5369 Josue
599 5311 763 5384 Iv,A8,
796 5310 897 5384 2l_._
922 5370 937 5384 .

238 5400 429 5451 um,
462 5388 513 5438 1.
590 5384 637 5415 ⁸⁸
666 5382 830 5453 Greg.
854 5378 1143 5437 Naz.orat.
1172 5381 1262 5433 40.

976 5311 1021 5342 ⁸⁸
1049 5309 1091 5363 ll
1134 5309 1267 5377 Reg.
1304 5328 1359 5375 ιι,
1386 5307 1476 5361 ⁸50.
1556 5306 1601 5337 ⁸⁸
1637 5303 1815 5360 Galat.
1860 5302 2012 5371 tv,7.
2089 5302 2134 5333 ⁸⁷
2159 5299 2318 5357 Rom.
2360 5317 2482 5366 vni,
2529 5301 2617 5355 l7.
2695 5298 2791 5351 l“‘l
2832 5299 2991 5354 Joan.
3025 5316 3106 5367 ιιι,
3147 5300 3202 5359 9..

1982 4942 2100 4996 μεθ.
2136 4940 2259 4995 Jam
2308 4955 2435 4993 vero
2486 4940 2750 5009 templum
2806 4939 2953 5009 quod
2996 4940 3138 4993 Deus
3176 4937 3367 4992 Davidi
3420 4952 3516 5006 per

1937 5034 2108 5088 ﬁlium
2164 5033 2284 5103 ejus
2328 5031 2709 5086 :Bdiﬁcandum
2742 5031 2846 5085 sibi
2880 5031 3058 5084 fuerat
3086 5029 3389 5098 pollicitus,
3428 5040 3515 5095 pa-

1933 5124 2284 5194 randumque
2340 5122 2448 5177 sibi
2498 5123 2551 5175 in
2606 5122 2784 5177 locum
2839 5120 3073 5191 quietis,
3116 5120 3167 5174 id
3218 5130 3510 5174 cxstruens

3279 5301 3323 5334 ”
3359 5295 3501 5357 l‘sal.

1552 5523 1791 5582 VARle
1830 5520 2238 5580 LECTIONES.

316 5657 343 5697 ἀ
367 5657 654 5733 Superllua
681 5665 766 5713 est
798 5669 902 5711 vos
931 5651 1085 5717 Θεός,
1126 5663 1235 5721 qua
1258 5647 1439 5704 ablata
1468 5661 1667 5705 sensus
1698 5646 1894 5703 obvius
1912 5652 2017 5710 est,
2045 5656 2208 5713 quem
2266 5648 2415 5697 recte
2436 5638 2608 5695 Zinus
2651 5647 2877 5699 secutus
2903 5648 3006 5698 est.
