3960 6198
401 268 531 334 1951

1563 262 1625 320 S.
1652 256 1973 322 JOANNIS
2003 256 2434 317 DAMASCEXI

3557 249 3710 316 1252

397 380 659 436 Salomon
702 375 1002 433 Cberubim
1053 388 1276 446 quoque
1329 371 1648 438 fabricavit,
1699 378 1762 425 ut
1815 369 1983 426 refert

2115 369 2386 440 ἱερουϐὶμ,
2427 367 2501 431 ὣς
2525 385 2695 438 φησιν
2728 368 2764 439 ἡ
3010 367 3122 421 τῶν
3169 366 3508 422 Βασιλειῶν.
3587 371 3711 422 Καὶ

397 472 711 542 Regnorum
747 469 949 524 liber“
987 489 999 522 :
1036 467 1336 523 Cherubim
1368 466 1537 522 etiam
1566 465 1787 519 vestivit
1819 479 1978 531 auro,

397 580 701 635 omnesque
758 565 997 633 parietes
1033 564 1087 617 in
1130 561 1406 627 circuitu;
1440 559 1645 631 quibus
1676 567 1730 613 et
1753 557 1981 613 celatos

401 658 692 726 insculpsit
727 654 1047 719 Cherubim,
1071 663 1124 708 et
1152 653 1365 725 palmas
1402 652 1553 706 intus
1582 657 1636 705 ct
1683 649 1820 704 l'oris
1849 651 1981 717 (non

399 751 540 806 dixit
575 764 603 802 a
635 747 924 811 lateribus,
969 747 1089 810 sed,
1111 748 1164 799 in
1191 745 1465 812 circuitu),
1499 743 1669 797 boves
1703 753 1982 812 praeterea,

402 845 696 911 leonesque
733 849 784 894 ct
828 840 1231 908 malogranata.
1261 838 1460 891 Annon
1496 837 1664 905 igitur
1689 833 1862 888 multo
1893 833 1988 886 bo-

404 935 790 989 noritiventius
823 933 986 987 fuerit
1012 939 1334 987 sanctorum
1358 929 1546 1001 ﬁguris
1577 942 1766 982 omnes
1794 925 1987 980 domus

406 1029 497 1083 Dei
519 1027 755 1095 parietes
778 1040 999 1090 ornare,
1026 1039 1190 1094 quam
1216 1022 1576 1076 animantium
1603 1028 1657 1074 et
1688 1017 1988 1073 arborum?

407 1117 640 1175 Ubinam
661 1127 743 1172 est
763 1117 845 1172 lex
870 1118 942 1170 ita
976 1116 1342 1187 praecipiens:
1388 1133 1406 1165 ι
1440 1111 1520 1169 Ne
1553 1111 1749 1166 feceris
1769 1124 1988 1164 omnem

406 1209 823 1264 similitudinem
849 1205 934 1259 "1'
959 1226 977 1258 ι
1017 1206 1275 1260 Attamen
1327 1203 1616 1267 Salomon,
1651 1201 1743 1273 qui
1774 1203 1993 1271 sapien-

406 1303 496 1356 tia:
514 1301 787 1357 elliuvium
821 1300 1056 1370 accepit,
1077 1300 1205 1354 dum
1231 1298 1358 1355 coeli
1384 1297 1647 1354 conderet
1678 1296 1989 1367 imaginem,

407 1393 728 1456 Chcrubim,
784 1401 838 1446 et
889 1393 1132 1456 leonum,
1186 1391 1461 1460 boumque
1516 1389 1786 1459 imagines
1842 1387 1992 1452 fecit,

409 1487 629 1540 tametsi
668 1487 769 1540 hoc
796 1485 910 1538 tieri
947 1485 1030 1539 lcx
1059 1484 1391 1556 prohiberet.
1423 1483 1579 1549 Quod
1613 1484 1658 1536 si
1693 1498 1801 1536 non
1834 1481 1997 1534 modo

410 1577 643 1642 Christi,
675 1591 866 1629 verum
899 1577 1063 1630 etiam
1127 1583 1451 1628 sanctorum
1483 1574 1763 1644 pingimus
1787 1572 1998 1641 ‘imagi-

410 1686 532 1732 nes,
567 1683 748 1722 annon
771 1667 871 1721 hoc
907 1683 1004 1737 per
1033 1682 1252 1722 omnem
1285 1666 1508 1720 modum
1540 1665 1852 1734 religiosius
1879 1675 1993 1730 est;

2082 462 2341 532 περιέσχε
2370 463 2439 514 τι
2455 461 2740 531 Χερουϐὶμ
2771 461 3008 532 χρυσίῳ,
3033 462 3131 515 καὶ
3155 461 3373 524 πάντας
3403 463 3550 526 τοὺς
3585 461 3715 514 τοῖς

2083 570 2211 623 χους
2243 551 2428 624 κύκλῳ
2447 570 2459 581 ·
2488 553 2582 606 καὶ
2608 553 2914 616 κολαπτοῦς
2948 552 3212 623 ὲνέγλυψε
3233 553 3564 624 Χερουϐὶμ,
3604 553 3718 606 καὶ

2086 647 2336 716 φοίνικας
2373 645 2453 715 τῷ
2482 644 2738 716 ἑσωτέρῳ
2770 646 2867 699 καὶ
2882 645 3134 715 ὲξωτέρῳ
3158 659 3172 672 °
3214 645 3313 698 καὶ
3364 646 3474 698 οὐκ
3534 640 3716 698 εἶπεν

2085 739 2149 792 ὲκ
2185 737 2451 805 πλαγίων,
2500 737 2636 792 ἀλλὰ
2659 739 2898 802 κύκυιῳο
2953 737 3052 788 καὶ
3102 735 3251 806 βόας,
3282 736 3381 790 καὶ
3435 735 3715 799 λέοντας,

2087 833 2180 884 καὶ
2212 832 2484 901 ῥοΐσκους.
2514 825 2591 883 Οὐ
2624 828 2803 899 πολλῷ
2829 824 2922 883 οῦν
2948 828 3274 900 τιμιώτερον
3310 831 3534 892 πάντας
3570 829 3713 891 τοῦς

2087 926 2301 993 τοίχους
2331 922 2485 976 οἴκου
2524 922 2732 992 Κυρίου
2767 923 3045 992 κοσμῆσαι
3071 923 3242 990 ἁγίων
3285 926 3538 994 μορφαῖς
3608 925 3713 978 καὶ

2091 1015 2487 1086 είκονίσμασιν,
2539 1015 2686 1086 ἦτερ
2730 1015 2942 1082 ἀλόγων
2968 1016 3064 1069 καὶ
3092 1016 3361 1085 δένδρωνς
3405 1017 3520 1070 ποῦ
3553 1018 3589 1069 ὁ
3628 1016 3713 1069 δῖ-

2092 1109 2372 1178 αγορεύων
2424 1108 2589 1178 νόμος
2623 1124 2639 1139 ·
2684 1125 2704 1160 ι
2738 1109 2822 1161 Οὐ
2877 1109 3155 1174 ποιήσεις
3181 1106 3304 1163 πᾶν
3330 1109 3654 1178 όμοίωμας
3684 1130 3703 1160 ι

2092 1201 2256 1255 Ἀλλά
2285 1201 2477 1269 σοφίας
2506 1201 2664 1271 χύσιν
2689 1200 2985 1272 δεξάμενος
3009 1201 3286 1271 Σολομὼν,
3315 1202 3564 1272 οὐρανὸν
3623 1204 3712 1255 εἰ-

2095 1295 2347 1360 κονίζων,
2370 1295 2595 1365 εποίησε
2618 1295 2926 1365 Χερουϐὶμ,
2961 1294 3056 1346 καὶ
3107 1292 3365 1358 λεόντων,
3409 1295 3514 1347 καὶ
3550 1295 3711 1365 βοῶν

2095 1388 2459 1459 ὁμοιώματαο
2495 1387 2653 1440 τοῦτο
2704 1386 2763 1439 δὲ
2809 1386 3146 1456 ἀπαγορεύει
3192 1387 3221 1439 δ
3276 1386 3473 1452 νόμος.
3528 1387 3604 1439 El.
3651 1387 3711 1439 δὲ

2097 1481 2258 1550 ἡμεῖς
2315 1480 2551 1547 Χριστδν
2595 1479 2976 1543 είκονίζοντες,
3019 1478 3112 1531 καὶ
3159 1477 3431 1549 ποιοῦμεν
3487 1479 3566 1531 τὰ
3589 1479 3710 1531 τῶν

2100 1571 2270 1640 ἁγίων
2293 1570 2675 1640 εἰκονίσματα,
2702 1571 2803 1622 οὐκ
2832 1570 2941 1640 ἁρα
2965 1569 3124 1622 τοῦτο
3184 1570 3406 1633 πάντως
3462 1572 3710 1625 εὐσεϐέ-

2103 1682 2313 1736 στερον,
2362 1665 2445 1717 ὅτι
2493 1665 2587 1716 καὶ
2644 1662 2960 1733 [Ινεύματος
3024 1664 3182 1731 ἁγίου
3243 1665 3352 1718 εἰσὶ
3389 1665 3710 1738 πεπληρω-

409 1759 610 1829 quippe
633 1772 757 1812 cum
794 1757 898 1810 illa:
920 1755 1162 1827 Spiritus
1182 1755 1360 1810 sancti
1386 1754 1548 1810 donis
1580 1754 1836 1808 alﬂuant?
1863 1751 1996 1806 Nam

2115 1757 2277 1823 .téva;
2305 1757 2518 1826 Ὠσπερ
2547 1756 2656 1826 γὰρ
2688 1756 2809 1808 τότε
2843 1755 3036 1825 αἵματι
3073 1756 3328 1825 ήγνίζετο
3351 1759 3381 1810 ὁ
3429 1757 3569 1821 λαός
3622 1775 3708 1821 τε,

412 1850 559 1902 sicut
585 1858 712 1901 tunc
746 1848 980 1917 populus
1001 1858 1054 1902 et
1091 1847 1356 1917 templum
1415 1847 1691 1917 sanguine
1722 1855 1772 1900 el
1813 1846 2001 1900 cinere

414 1941 597 1993 vitula:
630 1939 1056 2004 mundabantur,
1095 1941 1168 1992 ita
1201 1950 1254 1994 et
1283 1954 1430 1994 nunc
1469 1938 1741 2009 sanguine
1766 1938 1998 2001 Christi,

416 2033 506 2101 qui
542 2031 919 2086 testimonium
955 2029 1192 2085 reddidit
1246 2033 1347 2087 sub
1377 2029 1574 2087 Pontio
1603 2030 1804 2097 Pilato,
1835 2046 2002 2102 seque

418 2133 721 2194 martyrum
781 2123 1055 2193 primitias
1087 2121 1283 2176 obtulit
1333 2141 1346 2176 :
1398 2123 1646 2193 itemque
1684 2132 2000 2179 sanctorum

419 2215 713 2284 sanguine,
761 2231 929 2285 supra
971 2230 1112 2284 quos
1169 2213 1436 2268 :edilicata
1474 2224 1561 2270 est
1619 2215 1886 2270 Ecclesia.
1924 2218 2004 2270 Ac

421 2317 552 2361 tunc
603 2307 827 2376 quidem
866 2319 1048 2360 rerum
1106 2307 1319 2360 ratione
1361 2305 1670 2360 carentium
1726 2305 1920 2362 formis
1951 2314 2006 2361 et

423 2399 608 2468 ﬁguris
639 2397 731 2452 Dei
770 2397 1033 2465 templum
1065 2395 1396 2460 ornabatur;
1432 2411 1580 2450 nunc
1611 2411 1740 2451 vero
1773 2404 2003 2451 sancto-

423 2508 543 2544 rum
579 2489 936 2561 imaginibus,
973 2490 1064 2558 qui
1107 2491 1323 2559 seipsos
1359 2488 1600 2542 animata
1642 2503 1707 2543 ac
1760 2490 2007 2543 rationa-

424 2586 554 2640 hilia
589 2583 683 2639 Dei
714 2584 919 2653 templa
947 2583 1375 2638 constituerunt.

493 2675 582 2728 2|.
619 2674 890 2741 Quocirca
921 2673 1205 2728 Christum
1227 2686 1410 2742 regem
1440 2678 1494 2725 et
1520 2669 1808 2725 Dominum
1831 2671 2010 2728 oculis

426 2768 501 2822 ita
517 2767 872 2838 subjicimns,
890 2775 1071 2821 utnec
1097 2780 1198 2821 suo
1223 2766 1521 2834 spoliemns
1541 2764 1717 2833 ipsum
1737 2763 2006 2818 exercitu.

427 2861 560 2915 Nam
584 2862 860 2917 exercitus
885 2859 1102 2915 Domini
1133 2868 1263 2915 sunt
1283 2859 1483 2912 sancti.
1506 2855 1820 2912 Exercitum
1850 2873 2010 2913 suum

428 2954 672 3008 dimittat
714 2953 868 3021 prius
929 2952 1231 3023 imperator
1286 2959 1566 3014 terrenus,
1615 2964 1778 3019 quam
1822 2964 2010 3020 regem

2099 1852 2192 1904 καὶ
2237 1853 2266 1904 ὁ
2317 1851 2465 1916 ναὸς,
2517 1851 2610 1903 καὶ
2662 1849 2843 1920 σποδῷ
2899 1849 3223 1919 δαμάλεως,
3279 1850 3426 1904 οὕτω
3470 1851 3573 1904 καὶ
3605 1851 3711 1904 νῦν

2098 1943 2337 2014 Χριστοῦ
2363 1944 2579 2014 αἵματι,
2617 1943 3070 2013 μαρτυρήσαντος
3101 1942 3194 1994 ἐπὶ
3240 1942 3471 1995 Ποντίου
3535 1944 3711 1998 Πιλὰ-

2100 2055 2214 2101 του,
2249 2038 2344 2091 καὶ
2380 2037 2572 2090 ἑαυτὸν
2595 2037 2854 2106 ἀπαρχὴν
2898 2036 3006 2087 τῶν
3048 2035 3344 2106 μαρτύρων
3388 2036 3708 2101 δείξαντος,

2102 2129 2182 2184 ἔτι
2207 2129 2263 2183 δὲ
2283 2129 2380 2192 καὶ
2411 2127 2490 2199 τῷ
2518 2127 2625 2181 τῶν
2663 2129 2832 2196 ἁγίων
2856 2127 3074 2198 αἵματι,
3105 2127 3188 2195 ἐφ’
3214 2121 3289 2180 ὦν
3313 2130 3348 2197 ἡ
3388 2128 3711 2196 Ἐκκλησία

2103 2223 2486 2292 οἰκοδομεῖται.
2529 2222 2642 2275 Καὶ
2663 2221 2785 2274 τότε
2817 2221 2937 2290 μὲν,
2994 2224 3233 2292 μορφαῖς
3279 2238 3338 2274 τε
3377 2223 3480 2274 καὶ
3531 2222 3709 2274 ἐκτυ-

2104 2315 2361 2384 πώμασιν
2385 2314 2593 2383 ἀλόγων
2614 2313 2914 2385 ἐμψύχους,
2948 2313 3046 2366 καὶ
3073 2313 3324 2382 λογικοὺς
3363 2315 3535 2378 ναοὺς
3572 2315 3712 2369 hara-

2104 2409 2231 2470 τοὺς
2266 2407 2347 2472 είς
2367 2409 2788 2478 κατοικητήριον
2818 2405 2954 2460 Θεοῦ
2997 2406 3516 2460 κατεσκευακότων.

2179 2677 2288 2730 κα’.
2332 2675 2677 2746 ’ἱστοροῦμεν
2699 2667 2793 2728 οῦν
2825 2672 3061 2745 Χριστὸν
3087 2672 3183 2726 τὸν
3210 2671 3435 2743 βασιλέα
3463 2673 3567 2726 καὶ
3586 2673 3713 2728 Κύο

2113 2785 2249 2840 ριον.
2276 2770 2338 2821 οὐ
2361 2767 2696 2837 γυμνοῦντες
2723 2765 2887 2818 αὐτὸν
2921 2763 3015 2819 τοῦ
3043 2764 3484 2836 στρατεύματος.
3520 2767 3711 2837 Στρα-

2109 2863 2202 2924 τὸς
2251 2859 2361 2932 γὰρ
2398 2859 2493 2913 τοῦ
2540 2858 2746 2928 Κυρίου
2792 2859 2842 2910 οἱ
2889 2856 3057 2925 ἁγιοι.
3101 2857 3453 2928 Γυμνωσὰτω
3507 2857 3713 2912 ἑαυτὸν

2111 2951 2206 3006 τοῦ
2242 2951 2446 3005 οἰκείου
2472 2950 2880 3020 στρατεύματος
2922 2951 2951 3002 ὁ
2980 2948 3222 3017 ἐπίγειος
3276 2947 3563 3018 βασιλεὺς,
3607 2954 3714 3005 καὶ

430 3063 588 3104 suum
610 3063 673 3101 ac
705 3043 995 3100 Dominum
1032 3044 1274 3114 spoliare
1315 3041 1535 3096 audeat.
1571 3039 1882 3111 Purpuram
1911 3041 2006 3097 dc-

2117 3046 2241 3098 τότε
2271 3044 2362 3097 τὸν
2386 3043 2582 3098 ἑαυτοῦ
2624 3042 2851 3112 βασιλέα
2879 3041 2974 3095 καὶ
2994 3041 3216 3112 Κύριον.
3251 3041 3580 3098 Ἀποθέσθω
3605 3045 3712 3114 τὴν

432 3146 617 3210 ponat,
641 3146 754 3190 tum
772 3151 962 3190 eorum
982 3136 1076 3205 qui
1106 3150 1228 3190 cum
1256 3142 1490 3204 tyranno
1511 3143 1736 3187 strenue
1759 3131 2018 3187 conﬂixe-

434 3239 582 3292 runt,
611 3225 1011 3295 aﬂ‘ectibusque
1046 3225 1164 3280 suis
1201 3226 1571 3294 imperarunt,
1602 3223 2017 3278 venerationem

435 3317 666 3370 adimat.
696 3315 752 3368 Si
793 3316 938 3369 enim
976 3315 1220 3369 hrcredes
1253 3303 1367 3378 Dei,
1411 3313 1730 3369 cohaerech
1769 3312 2020 3383 proiecto

436 3405 732 3470 Christi.”,
768 3419 985 3458 necnon
1026 3403 1119 3458 Dei
1172 3404 1366 3474 gloria:
1427 3420 1491 3458 ac
1537 3405 1688 3474 regni
1730 3413 2020 3462 consortes

438 3505 565 3553 sunt
599 3495 793 3558 futuri,
820 3504 1008 3564 utpote
1032 3494 1124 3563 qui
1153 3495 1514 3564 passionibus
1539 3494 1746 3550 Christi
1773 3510 2022 3549 commu-

440 3589 788 3643 nicaverunt.
823 3586 966 3652 Quid
1022 3595 1172 3641 vetat
1229 3587 1529 3656 quominus
1575 3588 1737 3642 amici
1787 3586 2018 3655 Christi,

440 3682 612 3752 ipsius
636 3681 692 3735 in
720 3689 866 3735 terra
890 3680 1080 3752 gloria:
1104 3681 1407 3752 participes
1438 3682 1610 3737 ﬁant?
1644 3702 1660 3733 ι
1696 3682 1812 3737 Non
1841 3683 2018 3737 dicam

440 3789 536 3829 vos
573 3789 785 3839 servos,
856 3774 1034 3844 inquit
1092 3773 1236 3829 Deus
1283 3776 1349 3841 “,
1397 3775 1492 3830 sed
1556 3776 1785 3833 amicos.
1818 3805 1888 3816 -—-
1917 3775 2022 3831 Vos

442 3869 600 3922 amici
636 3869 739 3924 mei
768 3869 906 3925 estis
926 3867 992 3922 ⁸⁸.
1027 3887 1045 3921 ι
1073 3869 1242 3924 Hisne
1270 3869 1489 3924 tandem
1517 3885 1676 3924 suum
1700 3870 2022 3940 ncgabimus

443 3963 730 4026 honorem,
750 3978 916 4033 quem
941 3963 1217 4017 concessit
1238 3962 1375 4032 ipsis
1404 3961 1678 4018 Ecclesia?
1700 3961 1743 4017 0
1761 3961 2022 4018 audacem

444 4055 702 4106 manum!
744 4054 786 4105 Ο
840 4054 1196 4108 temerariam
1258 4063 1526 4119 mentem,
1577 4071 1702 4124 qua:
1754 4069 1879 4109 cum
1915 4053 2025 4109 Deo

443 4144 746 4211 contendit,
766 4144 1190 4215 cjusquejussis
1209 4147 1571 4202 adversatur!
1597 4145 1678 4201 Tu
1708 4148 1801 4218 qui
1835 4148 2026 4218 imagi-

445 4251 568 4291 nem
593 4236 824 4290 adorare
845 4237 1054 4303 renuis,
1080 4251 1147 4293 ne
1166 4237 1260 4292 Dei
1288 4238 1507 4308 quidem
1531 4237 1728 4291 Filium
1760 4238 2024 4301 colueris,

446 4328 540 4397 qui
573 4328 763 4384 vivens
817 4329 998 4400 imago
1045 4337 1130 4386 est
1165 4330 1256 4386 Dei
1289 4331 1590 4386 invisibilis
1617 4332 1685 4395 “,
1721 4329 2025 4384 invariahi-

449 4418 627 4488 lisque
657 4419 940 4474 character
966 4421 1032 4474 ".
1066 4419 1364 4492 Imaginem
1398 4419 1603 4476 Christi
1637 4420 1830 4488 adoro,
1864 4429 2026 4491 prout

451 4511 594 4566 Deus
619 4522 701 4566 est
733 4512 1052 4570 incarnatus
1099 4530 1111 4566 :
1155 4513 1404 4585 Deipara:
1453 4515 1585 4570 item
1637 4515 1886 4570 omnium
1923 4513 2031 4570 Do-

450 4603 632 4667 minae.
665 4611 722 4657 ut
752 4619 872 4674 quae
899 4605 1170 4659 incarnati
1200 4605 1293 4660 Dei
1339 4605 1508 4661 Mater
1540 4615 1626 4662 cst
1657 4623 1671 4662 :
1705 4615 2031 4663 sanctorum

452 4710 672 4764 quoque
722 4696 815 4765 qui
857 4695 1019 4749 amici
1068 4693 1162 4750 Dei
1210 4703 1370 4761 sunt,
1412 4697 1616 4767 quique
1644 4697 1712 4752 ad
1744 4698 2033 4769 sanguinis

451 4785 780 4842 cliusioncm
812 4799 985 4856 usque
1014 4795 1241 4856 peccato
1296 4789 1654 4854 restiterunt,
1701 4799 1754 4844 et
1805 4791 2032 4859 sangui-

452 4891 574 4930 nem
621 4893 718 4946 pro
761 4877 983 4933 Christo
1034 4877 1346 4944 fundentes,
1398 4881 1577 4950 ipsum
1629 4881 1827 4934 imitati
1871 4888 2024 4946 sunt,

453 4966 545 5048 qui
575 4968 856 5036 proprium
879 4969 1202 5038 sanguinem
1234 4970 1482 5040 ipsorum
1510 4985 1678 5025 causa
1714 4971 1864 5040 prior
1894 4971 2030 5027 cliu-

452 5058 641 5125 dcrat;
677 5059 839 5130 317
869 5075 1058 5116 eorum
1100 5061 1318 5118 demum
1353 5063 1445 5133 qui
1475 5063 1683 5117 Christi
1718 5071 2032 5133 prementes

457 5151 709 5221 vestigia,
758 5153 825 5206 ad
868 5169 931 5208 ea
981 5154 1150 5209 vitam
1188 5171 1344 5210 suam
1399 5155 1783 5210 instituerunt.
1816 5154 2028 5210 Horum

458 5245 722 5314 przeclarc
755 5253 905 5313 gesta
948 5247 1340 5317 cruciatusque
1370 5247 1602 5318 picturis
1632 5263 1928 5318 expressa,
1962 5249 2034 5304 ob

456 5336 650 5390 oculos
692 5350 846 5391 meos
874 5352 1044 5408 pono,
1077 5353 1175 5410 per
1208 5355 1330 5409 qua:
1362 5350 1592 5397 sanctus
1625 5341 1821 5406 evado,
1855 5350 2025 5412 atque

457 5427 711 5482 imitandi
757 5429 942 5485 studio
989 5432 1306 5488 inardesco.
1349 5431 1487 5488 Nam
1529 5434 1623 5502 qui
1659 5432 1888 5504 imagini
1932 5432 2066 5485 ha-v

551 5609 594 5641 ⁶¹
621 5609 660 5662 ll
707 5610 837 5680 Reg.
877 5626 952 5675 vl,
999 5611 1092 5676 25,
1125 5611 1217 5667 29.

461 5675 597 5734 loss.
631 5694 671 5745 ι,
714 5675 811 5745 ιὸξ
841 5681 1007 5736 Hebr.
1043 5675 1085 5747 i,
1112 5682 1164 5736 3.

1322 5614 1367 5646 ⁶²
1407 5611 1570 5670 Deut.
1623 5628 1698 5680 Iv,
1752 5615 1840 5670 l6.
1919 5615 1964 5649 ⁶³
1993 5614 2153 5674 Rom.
2204 5632 2326 5683 vui,
2359 5617 2446 5672 17.
2525 5615 2756 5682 “Joan,
2796 5629 2890 5681 κν,
2936 5612 3020 5667 l5.

2119 3135 2436 3207 ἁλουργίδα,
2464 3135 2559 3188 καὶ
2583 3134 2705 3186 τότε
2727 3133 2834 3187 τῶν
2865 3135 3010 3186 κατά
3029 3133 3122 3186 τοῦ
3148 3134 3420 3204 τυράννου
3445 3135 3712 3205 ἀριστευ-

2123 3227 2331 3281 σάντων
2356 3265 2374 3290 ,
2408 3227 2504 3279 καὶ
2541 3225 2978 3295 βασιλευσάντων
3018 3224 3126 3278 τῶν
3171 3224 3364 3277 παθῶν
3419 3226 3484 3278 τὸ
3538 3226 3711 3289 σέϐας

2122 3316 2502 3387 περιαιρείτω.
2533 3315 2596 3368 Εἰ
2638 3316 2746 3384 γὰρ
2772 3314 3102 3385 κληρονόμοι
3131 3314 3294 3377 Θεοῦ,
3327 3317 3426 3368 καὶ
3457 3317 3710 3388 συγκλη-

2123 3409 2342 3481 ρονόμοι
2377 3407 2636 3478 Χριστοῦ,
2677 3408 2771 3460 καὶ
2795 3409 2892 3476 τῆς
2923 3406 3073 3470 Θείας
3103 3404 3260 3477 δόξης
3287 3410 3384 3460 καὶ
3422 3407 3713 3477 βασιλείας

2123 3503 2370 3557 κοινωνοὶ
2403 3501 2648 3563 ἔσονται,
2695 3499 2804 3552 τῶν
2837 3497 3182 3569 παθημάτων
3212 3500 3453 3572 Χριστοῦ
3509 3519 3714 3556 κοινωο

2122 3598 2415 3666 νήσαντες·
2452 3592 2571 3655 πῶς
2601 3591 2724 3661 οὐχὶ
2755 3591 2850 3644 καὶ
2878 3591 2978 3660 τῆς
3023 3591 3118 3642 ἐπὶ
3150 3591 3450 3660 γῆς-δόξης
3483 3595 3709 3664 συμμέο

2122 3702 2272 3755 τοχοι
2302 3683 2736 3755 χρηματίσουσιν
2778 3684 2830 3735 οἱ
2874 3683 3018 3750 φίλοι
3048 3682 3331 3752 Χριστοῦ;
3366 3700 3388 3734 ι
3436 3685 3517 3736 Οὺ
3564 3685 3712 3752 λέγω

2125 3780 2268 3849 ὑμᾶς
2297 3778 2542 3843 δούλους,
2569 3778 2734 3848 φησὶν
2762 3779 2791 3829 ὁ
2810 3776 2943 3839 Θεός
2971 3793 2984 3806 ·
3016 3777 3175 3846 ὑμεῖς
3202 3777 3348 3842 φίλοι
3376 3794 3483 3846 μου
3509 3779 3657 3832 ἐστὲ.
3688 3799 3707 3829 ι

2124 3871 2238 3940 Τῆς
2286 3864 2380 3924 οῦν
2422 3869 2719 3940 δεδομένης
2775 3869 2959 3931 αὐτοῖς
3002 3869 3154 3939 παρὰ
3203 3869 3304 3938 τῆς
3368 3871 3710 3940 Ἐκκλησίας

2125 3964 2314 4035 τιμῆς,
2355 3961 2753 4034 ἀπαμφιοῦμεν
2790 3962 3029 4025 αὖτούς;
3065 3963 3129 4014 Ὦ
3171 3961 3433 4032 Θρασείας
3480 3967 3707 4035 χειρὸςῖ

2125 4057 2171 4111 ὣ
2207 4057 2491 4126 τολμηρᾶς
2517 4053 2742 4125 γνώμης
2763 4094 2778 4118 ,
2825 4052 3217 4127 ἁντεριζούσης
3246 4055 3367 4125 Θεῷ
3393 4095 3409 4119 ,
3459 4058 3562 4110 καὶ
3600 4061 3710 4119 τοῖς

2126 4144 2293 4199 αὑτοῦ
2329 4142 2804 4216 ἀντιπραττούσης
2836 4145 3261 4213 προστάγμασιν
3290 4144 3303 4195 ι
3343 4145 3421 4196 Οὐ
3460 4163 3710 4216 προσκυ-

2127 4239 2238 4301 νεῖς
2284 4224 2487 4301 εῖκόνι,
2535 4236 2670 4308 μηδὲ
2712 4235 2792 4307 τῷ
2827 4235 2941 4305 Υἱῷ
2967 4235 3065 4288 τοῦ
3105 4235 3242 4288 Θεοῦ
3274 4237 3583 4306 προσκύνει
3606 4279 3622 4302 ,
3652 4242 3711 4302 ὃς

2131 4330 2280 4382 ἐστιν
2315 4328 2480 4382 εἰκὼν
2513 4326 2606 4380 τοῦ
2639 4328 2875 4398 ἀοράτου
2905 4325 3042 4380 Θεοῦ
3076 4326 3249 4392 ζῶσα,
3291 4329 3387 4381 καὶ⁵
3417 4330 3714 4401 χαρακτὴρ

2132 4419 2576 4493 ἀπαράλλακτος.
2621 4417 2926 4490 Προσκυνῶ
2973 4419 3214 4490 Χριστοῦ
3252 4421 3457 4486 εἰκόνι,
3492 4422 3574 4485 ὡς
3625 4440 3714 4475 σε·

2133 4513 2492 4585 σαρκωμένου
2521 4511 2658 4565 Θεοῦ
2683 4527 2694 4540 ·
2733 4512 2834 4581 τῆς
2861 4511 3163 4581 Δεσποίνης
3192 4511 3301 4565 τῶν
3323 4513 3586 4568 ἁπάντων
3616 4514 3713 4582 τῆς

2132 4604 2397 4658 Θεοτόκου
2427 4643 2442 4667 ,
2497 4597 2586 4656 οἷα
2639 4602 2866 4673 Μητρὸς
2911 4600 3006 4653 τοῦ
3047 4601 3180 4654 Υἱοῦ
3229 4601 3324 4654 τοῦ
3371 4601 3510 4656 Θεοῦ
3539 4620 3554 4633 ο
3605 4604 3711 4655 τῶν

2135 4697 2307 4764 ἁγίων
2328 4736 2344 4762 ,
2393 4695 2468 4758 ὡς
2501 4695 2669 4765 φίλων
2699 4692 2835 4748 Θεοῦ
2859 4733 2876 4758 ,
2918 4693 3027 4746 τῶν
3055 4677 3245 4765 ’μέχρι
3297 4695 3534 4766 αἵματος
3567 4695 3712 4748 ἀντιο

2135 4788 2525 4843 καταστάντων
2591 4787 2730 4857 προς
2797 4785 2896 4856 τὴν
2944 4785 3264 4856 ἁμαρτίαν,
3319 4787 3415 4838 καὶ
3480 4787 3709 4857 Χριστὸν

2139 4880 2538 4954 μιμησαμένων
2568 4881 2635 4949 τῇ
2668 4878 2808 4949 ὑπὲρ
2858 4876 3022 4931 αὐτοῦ
3052 4878 3275 4948 ἐκχύσει
3329 4878 3426 4932 τοῦ
3461 4879 3704 4950 αἵματος,

2136 4973 2231 5028 τοῦ
2285 4973 2345 5025 τὸ
2403 4974 2604 5026 οἰκεῖον
2663 4965 2805 5041 αἷμα
2856 4968 2999 5038 ὑπὲρ
3049 4970 3230 5023 αὐτῶν
3278 4971 3704 5041 προεκχέαντος⁶

2140 5066 2233 5121 καὶ
2262 5066 2371 5119 τῶν
2402 5064 2523 5117 κατ’
2570 5063 2720 5134 ἴχνος
2751 5061 2917 5116 αὑτοῦ
2950 5061 3437 5133 πολιτευσαμένων
3460 5105 3475 5127 ,
3507 5062 3704 5116 τούτων

2137 5160 2238 5222 τὰς
2265 5157 2546 5228 ἀριστείας
2579 5158 2672 5211 καὶ
2701 5155 2772 5211 τὰ
2801 5157 2949 5227 πάθη
2979 5157 3369 5227 ἀναγράπτους
3391 5156 3706 5225 καθίστημι,

2139 5249 2214 5313 ὡς
2255 5247 2324 5301 δι’
2367 5246 2549 5301 αὐτῶν
2593 5246 2994 5317 ἁγιαζόμενος,
3034 5246 3130 5300 καλ⁵
3178 5247 3317 5317 πρὸς
3348 5247 3513 5317 ζῆλον
3545 5250 3706 5316 μιμη-

2144 5356 2281 5402 σεως
2330 5337 2710 5408 ἀλειφόμενος.
2755 5339 2821 5390 'H
2852 5340 2962 5408 γὰρ
3003 5333 3102 5406 τῆς
3142 5339 3354 5400 εἰκόνος
3400 5340 3539 5410 τιμὴ
3585 5339 3712 5409 πρὸς

2144 5433 2205 5486 τὸ
2235 5429 2594 5501 πρωτότυπον
2625 5429 2924 5499 διαϐαίνει,
2968 5430 3134 5502 φησὶν
3172 5433 3202 5483 ὁ
3229 5429 3374 5494 Θεῖος
3417 5430 3711 5494 Βασίλειος.

3115 5611 3159 5642 ⁸⁵
3191 5610 3329 5666 ibid.
3370 5611 3458 5668 13.
3539 5610 3588 5642 “
3617 5606 3719 5663 Co-
