3960 6198
332 258 474 326 1253

1436 255 1533 315 DE
1574 251 2035 333 IMAGINIBUS
2067 248 2350 310 ORATIO
2390 251 2440 309 Ι.

3441 247 3575 316 1254

333 371 396 428 Et
427 369 592 432 ναοὺς
615 367 850 437 ὲγείρεις
872 366 1046 434 ἁγίοις
1074 363 1232 430 Θεοῦ,
1267 365 1362 419 καὶ
1391 366 1458 418 τά
1489 363 1697 417 τούτων
1729 363 1900 432 ἔγειρε

2015 362 2176 416 betur
2217 362 2414 427 honor,
2467 359 2532 414 ad
2574 375 2698 414 eum
2733 359 2989 427 refertur,
3041 362 3202 433 cujus
3239 371 3326 420 est
3372 363 3576 435 imago.

330 464 601 534 τρόπαια,
653 460 767 514 Οὐκ
814 459 1068 530 ἠγείρετο
1112 460 1283 513 πάλαι
1313 459 1440 520 ναὸς
1480 457 1567 510 ἐπ’
1598 454 1905 526 ἀνθρώπων

330 554 586 621 ὀνόματι,
618 552 717 620 οὐχ
750 549 1036 619 ἑορτάζετο
1064 548 1170 602 τῶν
1199 548 1420 602 δικαίων
1447 550 1476 601 6
1507 546 1756 610 Θάνατος,
1788 546 1903 600 ἁλλ’

329 640 634 696 ὲπενθεῖτο.
680 640 737 693 '0
768 641 1074 710 ἁπτόμενος
1111 639 1338 709 νεκροῦ,
1388 635 1695 708 ἀκάθαρτος
1723 637 1902 704 ἐλογί-

330 734 479 799 ζετο,
511 733 609 786 καὶ
636 733 917 795 Μωῦσέως
960 731 1150 786 αὐτοῦ.
1209 733 1324 786 Νῦν
1361 731 1417 784 δὲ
1446 732 1554 784 τῶν
1585 731 1756 799 ἁγίων
1786 731 1905 799 ὲορ-

331 826 556 889 τάζεται
604 825 674 878 τά
717 824 1061 894 μνημόσυνα.
1133 822 1439 893 Ἐπενθήθη
1489 824 1518 876 ό
1567 822 1763 892 νεκρὸς
1806 820 1902 874 τοῦ

346 915 573 979 Ἰακὼϐ,
625 915 742 970 ἀλλ’
790 918 818 968 6
863 915 1140 983 Στεφάνου
1171 901 1604 985 πανηγυρίζεται
1651 913 1897 974 θάνατος.

339 1009 408 1061 ’11
436 1007 618 1060 τοίνυν
651 1006 746 1060 καὶ
775 1007 874 1071 τὰς
917 1007 1297 1078 πανηγυρικὰς
1343 1005 1563 1075 μνήμας
1592 1003 1703 1058 τῶν
1732 1003 1902 1072 ἁγίων

330 1100 518 1166 ἄνελε,
571 1101 726 1171 παρὰ
763 1099 856 1153 τὸν
907 1099 1142 1154 παλαιὸν
1183 1101 1347 1170 νόμον
1377 1097 1682 1170 ἀγομένας,
1724 1096 1757 1166 ἦ
1806 1094 1903 1147 καὶ

328 1193 429 1254 τὰς
455 1190 711 1254 εἰκόνας,
739 1191 891 1262 παρὰ
919 1189 1012 1244 τὸν
1040 1189 1206 1261 νόμον
1228 1232 1244 1257 ,
1273 1192 1348 1253 ὡς
1378 1190 1514 1260 φὴς,
1546 1188 1741 1250 οὔσας,
1776 1201 1903 1252 συγ-

331 1284 604 1355 χώρησον.
669 1284 810 1337 Ἀλλ’
865 1286 1146 1355 ἀμήχανον
1208 1284 1282 1356 μὴ
1342 1283 1624 1354 ἑορτάζειν
1680 1284 1749 1334 τὰ
1794 1279 1903 1332 τῶν

331 1376 502 1442 ἁγίων
530 1376 871 1447 μνημόσυνα.
909 1376 966 1429 Ὀ
990 1375 1094 1446 γὰρ
1123 1374 1232 1428 τῶν
1264 1375 1432 1442 ἁγίων
1461 1373 1777 1426 ἀποστόλων
1808 1369 1903 1422 καὶ

332 1463 605 1534 θεοφόρων
657 1465 919 1534 Πατέρων
949 1465 1110 1534 χορὸς
1133 1505 1146 1528 ,
1195 1463 1368 1516 ταῦτα
1399 1462 1721 1532 προστάττει
1753 1459 1902 1528 γίνε-

332 1555 476 1608 σθαι.
537 1555 654 1624 Ἀφ’
709 1550 772 1608 οὗ
822 1555 932 1626 γάρ
988 1559 1016 1608 6
1055 1555 1184 1618 Θεὸς
1242 1555 1414 1622 Λόγος
1471 1553 1606 1624 σὰρξ
1662 1553 1900 1620 ἐγένετο,

330 1647 622 1716 ὁμοιωθεὶς
665 1648 801 1717 ἡμῖν
841 1646 985 1700 κατὰ
1037 1647 1216 1700 πάντα
1256 1646 1426 1716 χωρὶς
1471 1644 1774 1713 ἁμαρτίας,
1808 1642 1903 1695 καὶ

2012 454 2193 524 inquit
2227 454 2468 510 Basilius
2496 454 2564 507 ⁸⁸.
2608 453 2667 508 Si
2711 454 2918 525 templa
2946 457 3154 512 sanctis
3187 457 3453 522 exstruis,
3485 473 3580 512 co-

2009 558 2134 596 rum
2177 559 2399 614 quoque
2434 555 2641 614 tropaea
2688 545 2860 614 erige.
2911 545 3126 599 Nullum
3158 547 3290 601 olim
3335 548 3582 617 cujusvis

2009 636 2296 691 hominum
2324 640 2547 694 nomine
2575 639 2838 708 templum
2865 639 3194 709 erigebatur,
3225 655 3399 709 neque
3429 656 3580 696 mors

2006 729 2284 799 jusmrum
2314 731 2422 785 ulla
2456 731 2752 786 festivitate
2766 731 3167 786 celebrabatur:
3193 733 3324 800 quin
3357 735 3582 802 plange-

2010 824 2174 878 batur
2205 823 2414 892 potius.
2464 821 2571 889 Qui
2617 830 2899 878 mortuum
2938 823 3231 893 tetigisset,
3267 824 3314 878 is
3340 824 3580 878 immun-

2009 921 2114 975 dus
2157 920 2482 1000 hahebatur,
2533 929 2586 974 et
2637 920 2685 974 si
2719 921 2801 974 vel
2833 920 3010 989 ipsum
3051 920 3290 990 Moysen)
3321 920 3389 974 “9.
3427 919 3581 976 Nunc

2009 1020 2194 1066 autem
2228 1021 2553 1066 sanctorum
2596 1013 2892 1068 memorias
2938 1012 3151 1068 festivis
3193 1016 3582 1082 prosequimur

2011 1103 2332 1158 honoribus.
2361 1102 2532 1158 Jacob
2578 1113 2860 1158 mortuum
2912 1104 3245 1173 planxerunt
3276 1103 3317 1135 7°
3347 1119 3360 1156 :
3389 1105 3580 1160 obitus

2007 1209 2140 1249 vero
2173 1193 2434 1264 Stephani
2471 1194 2704 1250 solemni
2729 1194 2874 1265 apud
2900 1210 3001 1252 nos
3033 1209 3312 1252 concursu
3343 1197 3580 1252 celebris

2008 1295 2114 1342 est.
2175 1287 2283 1340 Aut
2333 1288 2504 1357 igitur
2559 1288 2837 1344 solemnes
2904 1298 3221 1344 sanctorum
3279 1291 3577 1345 memorias

2007 1388 2207 1448 ιιι-αξιοι
2249 1380 2452 1434 veteris
2504 1379 2640 1450 legis
2694 1381 3082 1450 praescriptum
3129 1392 3378 1450 receptas
3430 1381 3578 1449 tolle,

2009 1478 2102 1524 aut
2136 1471 2355 1525 illorum
2400 1471 2690 1542 imagines,
2727 1487 2865 1543 quas
2903 1483 3095 1527 contra
3148 1473 3287 1543 legis
3333 1483 3578 1530 tenorem

2007 1563 2294 1618 confectas
2339 1564 2566 1626 asseris,
2620 1564 2808 1618 haberi
2876 1562 3154 1634 permitte.
3211 1564 3411 1620 Verum
3464 1567 3581 1621 fieri

2009 1667 2352 1723 nequaquam
2405 1661 2603 1723 potest,
2651 1663 2712 1708 ut
2764 1653 3083 1709 sanctorum
3132 1658 3408 1712 memoria:
3435 1659 3581 1714 ceie-

330 1737 653 1807 ἀσυγχύτως
701 1737 907 1808 ἑκράθη
956 1738 1092 1808 πρὸς
1134 1737 1195 1790 τὸ
1227 1737 1530 1807 ἡμέτερον,
1580 1735 1675 1787 καὶ
1705 1735 1900 1804 ἀμετα-

2005 1745 2208 1801 britate
2236 1760 2337 1801 sua
2359 1756 2582 1800 careant
2615 1763 2629 1798 :
2668 1748 2874 1816 quippe
2911 1763 3051 1817 quas
3090 1757 3322 1802 sanctus
3361 1761 3579 1818 aposto-

331 1826 542 1897 ϐλήτως
573 1827 672 1897 τὴν
703 1827 880 1898 σάρκα
908 1827 1135 1893 ἐθέωσε,
1168 1827 1258 1880 διὰ
1285 1825 1386 1897 τῆς
1417 1829 1476 1879 ὲν
1513 1826 1772 1896 ἀλλήλαις
1803 1827 1902 1895 τῆς

329 1917 496 1970 αὑτοῦ
529 1917 819 1988 θεότητος,
865 1918 962 1971 καὶ
1007 1919 1107 1990 τῆς
1157 1920 1323 1972 αὑτοῦ
1358 1917 1562 1989 σαρκὸς
1591 1916 1900 1985 ἀσυγχύτου

330 2010 780 2080 παραχωρήσεως
802 2021 846 2074 ε,
895 2009 1066 2072 ὅντως
1115 2010 1452 2081 ήγιάσμεθα.
1505 2009 1614 2062 Καὶ
1662 2011 1754 2077 ἀφ’
1786 2001 1846 2060 οὗ
1875 2010 1904 2060 ὁ

330 2103 458 2165 Υἱὸς
490 2101 585 2154 τοῦ
616 2099 779 2166 Θεοῦ,
812 2101 908 2153 καὶ
936 2101 1069 2164 Θεὸς
1090 2142 1104 2166 ,
1137 2101 1166 2152 ὀ
1197 2101 1416 2172 ἀπαθὴς
1453 2100 1529 2154 ὢν
1557 2102 1624 2171 τῇ
1659 2099 1900 2170 θεότητι,

327 2194 406 2264 τῷ
437 2192 830 2264 προσλήμματι
869 2194 1142 2259 πέπονθε,
1185 2193 1280 2246 καὶ
1309 2194 1370 2247 τὸ
1399 2195 1672 2264 ἡμέτερον
1703 2194 1901 2248 ἀπέτι-

329 2305 422 2340 σεν
444 2287 683 2357 ὖφλημα,
714 2286 910 2357 λύτρον
938 2288 1133 2356 ἐκχέας
1165 2287 1306 2358 ὑπὲρ
1330 2287 1496 2357 ἡμῶν⁵
1515 2286 1816 2358 ἀξιόχρεών
1842 2303 1902 2338 τε

326 2379 422 2434 καὶ
462 2382 795 2448 ἁξιάγαστον
815 2397 828 2409 ·
871 2378 1252 2447 δυσωπητικὸν
1301 2379 1410 2451 γὰρ
1441 2381 1617 2451 ﬂat-pi
1645 2421 1659 2446 ,
1691 2382 1788 2434 καὶ
1819 2383 1902 2435 ai-

325 2468 548 2538 δέσιμον
576 2464 717 2539 αἷμα
746 2467 878 2522 Υίοῦ
898 2486 909 2497 ·
959 2469 1129 2532 ὅντως
1176 2469 1605 2539 ήλευθερώμεθα
1631 2486 1645 2499 ⁶
1680 2471 1775 2524 καὶ
1806 2471 1899 2538 ἀφ’

321 2565 386 2617 οὐ
422 2561 698 2614 κατελθὼν
750 2562 829 2624 εἰς
875 2561 1041 2632 ᾅδην,
1089 2563 1212 2623 ταῖς
1239 2562 1333 2613 ἀπ’
1363 2561 1559 2624 αἰῶνος
1591 2561 1902 2630 πεπεδημέ-

326 2671 445 2717 ναις
471 2654 671 2724 ψυχαῖς
696 2693 712 2717 ,
755 2656 830 2717 ὡς
859 2653 1230 2726 αἰχμαλώτοις
1259 2654 1527 2725 ἐκήρυξεν
1557 2655 1755 2724 ἄφεσιν
1781 2695 1794 2718 ,
1825 2657 1902 2719 ὼς

324 2746 545 2814 τυφλοῖς
569 2745 884 2814 ἀνάϐλεψιν,
916 2747 1012 2799 καὶ
1040 2747 1211 2817 δήσας
1238 2747 1329 2799 τὸν
1357 2748 1599 2817 ίσχυρὸν,
1630 2747 1708 2817 τῷ
1735 2749 1902 2817 ὑπερ-

326 2836 504 2904 έχοντι
527 2835 626 2904 τῆς
646 2836 930 2906 δυνάμεως
959 2837 1179 2906 ἀνέστη.
1212 2837 1272 2889 τὸ
1299 2836 1358 2900 ἐξ
1389 2839 1418 2908 ἡ
1429 2838 1544 2907 μῶν
1565 2837 1714 2907 αὐτῷ
1737 2854 1904 2906 προσ-

324 2927 532 2996 ληφθὲν
562 2928 904 2997 ἀφθα-ρτίσας
955 2927 1180 2998 σαρκίον
1199 2966 1213 2992 ,
1261 2929 1428 2990 ὅντως
1458 2927 1900 2997 ὴφθαρτίσμεθα.

337 3020 459 3090 Ἀφ’
489 3015 550 3074 οῦ
581 3039 638 3074 τε
670 3020 737 3073 δι’
781 3020 972 3084 ὕδατος
1015 3021 1110 3073 καὶ
1148 3021 1462 3090 πνεύματος
1501 3019 1899 3090 γεγεννήμεθα,

322 3114 492 3176 ὅντως
513 3113 894 3183 υἱοθετὴμεθα,
920 3114 1010 3167 καὶ
1029 3111 1354 3184 κληρονόμοι
1375 3111 1511 3166 Θεοῦ
1533 3111 1896 3181 γεγενήμεθα.

337 3202 622 3255 Ἐντεῦθεν
643 3204 767 3266 τοὺς
792 3203 1035 3266 πιστοὺς,
1068 3203 1254 3270 ἁγίους
1279 3204 1306 3254 6
1327 3200 1536 3264 Παῦλος
1566 3201 1740 3254 καλεῖ.
1784 3202 1901 3253 Ἐν-

327 3293 520 3347 τεῦθεν
545 3294 635 3348 τὸν
655 3295 763 3347 τῶν
794 3294 962 3363 ἁγίων
980 3295 1040 3346 οὐ
1069 3293 1263 3346 πενθοῦ
1273 3311 1391 3364 μεν,
1422 3292 1538 3346 ἀλλ’
1567 3290 1900 3362 ἑορτάζομεν

325 3389 576 3442 θάνατον.
622 3386 902 3440 Ἐντεῦθεν
945 3388 1042 3456 οὐχ
1080 3387 1184 3439 ὑπὸ
1226 3387 1408 3456 νόμον,
1454 3386 1570 3439 ἀλλ’
1608 3386 1712 3439 ὑπὸ
1741 3388 1900 3456 χάριν

327 3479 516 3550 ἐσμὲν,
541 3480 920 3542 δικαιωθέντες
941 3479 1028 3532 διὰ
1051 3479 1150 3550 τῆς
1176 3478 1430 3543 πίστεως,
1462 3480 1554 3532 καὶ
1571 3479 1714 3531 Θεὸν
1743 3479 1900 3548 μόνον

327 3569 531 3630 εἰδότες
571 3555 662 3622 τὸν
703 3568 958 3638 ἀληθινόν
989 3583 1001 3596 ·
1050 3568 1245 3637 δικαίῳ
1290 3568 1347 3620 δὲ
1390 3570 1554 3638 νόμος
1600 3568 1660 3620 οὐ
1698 3572 1895 3622 κεῖται.

327 3665 444 3734 Οὐχ
466 3663 570 3716 ὑπὸ
596 3663 668 3716 τὰ
693 3665 934 3734 στοιχεῖα
962 3661 1054 3715 τοῦ
1083 3661 1248 3731 νόμου
1283 3661 1470 3730 ἐσμὲν,
1516 3660 1901 3730 δεδουλωμένοι

324 3757 403 3820 ὡς
427 3757 633 3827 νήπιοι,
681 3756 797 3810 ἀλλ’
847 3757 927 3818 εἰς
976 3754 1145 3825 ἄνδρα
1176 3752 1635 3822 καταρτ-ισθέντες
1672 3752 1898 3813 τέλειον,

332 3850 561 3919 στερεὰν
605 3847 812 3919 τροφὴν
841 3845 1174 3917 τρεφόμεθα,
1217 3846 1278 3897 οῦ
1307 3846 1407 3914 τὴν
1449 3843 1586 3914 πρὸς
1621 3841 1900 3895 είδωλολαυ

325 3937 537 4009 τρείαν·
569 3937 750 4000 Καλὸς
793 3938 822 3990 6
865 3928 1028 4008 νῧμος
1052 3976 1066 4001 9
1109 3936 1186 3998 ὼς
1225 3934 1418 4004 λύχνος
1459 3935 1665 4003 φαίνων
1701 3934 1758 3985 ἐν
1807 3923 1903 3985 αὖ-

325 4029 526 4101 χμηρῷ
553 4030 705 4099 τόπῳ
726 4069 741 4092 ,
787 4028 900 4081 ἀλλ’
936 4029 1041 4090 ἕως
1066 4023 1127 4082 οὗ
1155 4027 1188 4091 ή
1227 4027 1414 4096 ἡμέρα
1450 4025 1716 4096 διαυγάζῃ
1741 4039 1754 4053 °
1800 4024 1900 4094 ἠδη

323 4125 383 4177 δὲ
414 4124 652 4177 ἀνέτειλε
687 4123 974 4194 φωσφόρος
1013 4123 1071 4175 ὲν
1120 4124 1238 4184 ταῖς
1289 4119 1535 4190 καρδίαις
1566 4119 1754 4188 ἡμῶν,
1807 4118 1902 4170 καὶ

326 4216 472 4288 ὕδωρ
500 4215 608 4281 ζῶν
649 4219 748 4287 τῆς
777 4217 1103 4285 θεογνωσίας
1129 4257 1142 4279 ,
1193 4214 1467 4276 θαλάσσας
1501 4212 1669 4266 ἐθνῶν
1697 4209 1899 4263 ἐπεκά-

324 4308 481 4377 λυψε,
518 4308 615 4361 καὶ
654 4308 854 4370 πάντες
886 4307 976 4359 τὸν
1019 4305 1222 4375 Κύριον
1263 4305 1511 4374 ἔγνωμεν
1536 4319 1548 4334 ·
1588 4322 1605 4355 ι
1649 4301 1901 4376 Παρῆλθε

2004 1838 2183 1892 lorum
2214 1838 2658 1909 divinorumque
2733 1836 2962 1892 Patrum
3004 1838 3208 1895 chorus
3250 1840 3337 1911 agi
3383 1842 3578 1911 praeci-

2004 1931 2135 1998 piat.
2166 1929 2300 1984 Nam
2338 1945 2402 1984 ex
2447 1945 2558 2000 quo
2608 1932 2753 1987 Deus
2789 1931 3028 1987 Verbum
3082 1930 3262 1987 factus
3307 1940 3392 1988 est
3422 1949 3577 1999 caro,

2004 2021 2345 2077 assimilatus
2391 2021 2549 2077 nobis
2606 2035 2704 2092 per
2737 2022 2942 2086 omnia,
2973 2031 3204 2092 excepto
3248 2034 3494 2092 peccato,
3525 2034 3578 2079 et

2003 2115 2139 2168 citra
2189 2114 2576 2170 confusionem
2613 2123 2828 2168 natura:
2865 2125 3066 2169 nostra:
3114 2116 3438 2171 eommistus
3470 2127 3576 2180 est,

2004 2215 2228 2276 propter
2292 2215 2538 2260 mutuam
2619 2207 2936 2276 utriusque,
2992 2205 3302 2260 divinitatis
3368 2205 3580 2261 scilicet

2004 2298 2495 2368 humanitatisque.
2559 2298 3168 2361 circutnincessionem,
3234 2307 3576 2368 assumptam

2001 2404 2224 2444 carnem
2273 2392 2393 2444 sine
2434 2391 2794 2445 conversione
2838 2391 3007 2444 Deum
3058 2389 3261 2457 eﬂ'ecit,
3299 2391 3409 2460 jam
3462 2400 3577 2444 tum

2003 2481 2182 2551 reipsa
2240 2482 2292 2534 in
2325 2489 2549 2537 sanctos
2579 2484 2877 2537 evasimus.
2929 2481 3008 2535 Ex
3040 2497 3150 2552 quo
3186 2483 3315 2537 item
3351 2483 3443 2538 Dei
3482 2481 3577 2536 Fi-

2002 2573 2110 2626 lius
2141 2579 2193 2626 et
2231 2571 2394 2635 Deus,
2450 2587 2577 2627 eum
2621 2573 2756 2626 nulli
2799 2573 3108 2628 secundum
3149 2574 3416 2629 Deitatem
3451 2589 3577 2644 per~

2005 2662 2244 2731 pessioni
2277 2660 2552 2715 obnoxius
2603 2669 2773 2725 esset,
2825 2669 3113 2730 assumpta
3157 2675 3325 2714 carne
3373 2675 3576 2728 passus

2001 2758 2112 2813 est,
2152 2758 2517 2817 nostrumque
2552 2747 2717 2804 solvit
2748 2748 3016 2810 debitum,
3051 2749 3387 2817 condignum
3417 2748 3579 2816 plane

2005 2855 2070 2893 ac
2101 2853 2228 2893 vere
2281 2838 2597 2893 mirandum
2646 2837 3044 2907 redemptionis
3097 2839 3446 2905 prolundens
3476 2853 3576 2908 pro

2006 2930 2165 2985 nobis
2196 2933 2434 3000 pretium
2467 2929 2729 3001 (sanguis
2760 2932 2963 2998 quippe
2995 2929 3118 2982 Filii
3159 2929 3429 2998 placando
3470 2930 3576 2983 l’a-

2006 3020 2076 3075 tri
2111 3020 2212 3074 fuit
2241 3021 2494 3086 idoneus,
2538 3036 2603 3075 ac
2635 3011 2948 3076 reverentia
2979 3020 3221 3090 dignus),
3255 3035 3383 3074 vera
3411 3021 3578 3076 liber-

2008 3122 2119 3170 tate
2172 3114 2360 3168 donati
2407 3130 2623 3170 sumus.
2687 3113 2766 3167 Ex
2803 3127 2914 3182 quo
2965 3128 3186 3166 rursum
3248 3114 3316 3167 ad
3370 3114 3576 3169 inferos

2005 3207 2367 3272 descendens,
2402 3206 2604 3262 vinetis
2653 3207 2863 3276 pridem
2923 3205 3236 3272 animabus,
3271 3222 3368 3261 ceu
3403 3207 3576 3276 capti-

2003 3299 2086 3352 vis
2116 3298 2454 3360 libertatem,
2493 3305 2658 3368 atque
2705 3297 2886 3352 visum
2937 3298 3099 3351 cae-cis
3129 3298 3477 3352 annuntiavit
3503 3299 3574 3363 τι,

2002 3398 2058 3445 et
2091 3390 2549 3459 praestantissima
2601 3391 2807 3444 virtute
2853 3405 2952 3444 sua
3023 3390 3217 3443 fortem
3269 3390 3501 3459 alligans
3529 3390 3576 3421 "

2004 3483 2329 3548 resurrexit,
2384 3497 2722 3552 carnemque
2753 3492 3001 3536 nostram
3053 3495 3216 3550 quam
3257 3495 3575 3550 assumpse-

2002 3582 2110 3636 rat,
2143 3575 2562 3642 incorruptione
2611 3573 2844 3636 dolavit,
2883 3573 2994 3641 jam
3031 3587 3132 3624 nos
3166 3587 3385 3640 quoque
3423 3574 3574 3627 inco-

2003 3665 2304 3718 lumitatcm
2344 3679 2371 3716 a
2419 3667 2779 3733 corruptione
2829 3663 3036 3730 indepti
3100 3677 3316 3718 smnus.
3363 3663 3437 3717 Ex
3465 3680 3576 3733 quo

2003 3756 2242 3823 denique
2273 3771 2370 3824 per
2427 3770 2625 3824 aquam
2668 3765 2722 3810 et
2773 3755 3028 3825 spiritum
3081 3769 3274 3809 smnus
3309 3755 3573 3824 generati,

2006 3848 2250 3917 adoptivi
2308 3847 2406 3900 ﬁlii
2460 3845 2818 3916 ha’rcdesque
2876 3844 2972 3900 Dei
3005 3861 3133 3900 vere
3188 3845 3311 3899 facti
3358 3861 3572 3901 smnus.

2004 3939 2277 4004 Quocirca
2310 3937 2497 3992 ﬁdeles
2545 3953 2575 3991 a
2615 3935 2788 3990 Paulo
2828 3937 3088 3990 dicuntur
3120 3937 3296 3991 sancti
3323 3938 3390 3990 ⁷³.
3421 3937 3575 3992 Unde

2005 4047 2114 4086 non
2150 4032 2327 4095 luctu,
2369 4030 2504 4100 quin
2558 4029 2745 4099 potius
2777 4028 2976 4099 gaudio
3015 4040 3334 4083 sanctorum
3367 4031 3572 4084 exitum

2001 4123 2414 4194 prosequimur.
2472 4120 2610 4175 l-linc
2672 4121 2877 4175 factum
2926 4128 3030 4185 est,
3059 4129 3120 4174 ut
3180 4136 3286 4174 non
3340 4123 3578 4192 amplius

2005 4214 2107 4269 sub
2135 4215 2272 4283 lege,
2309 4213 2402 4266 sed
2439 4213 2546 4267 sub
2589 4213 2767 4282 gratia
2811 4211 2989 4267 simus
3023 4214 3091 4276 7",
3132 4211 3420 4282 iustiﬁcati
3480 4229 3578 4283 per

2004 4305 2164 4359 tidem
2229 4303 2297 4368 ⁷⁵,
2354 4304 2646 4374 solumque
2680 4303 2848 4359 Deum
2899 4317 3089 4357 verum
3151 4315 3572 4374 cognoscentes.

323 4401 397 4452 τὰ
426 4401 654 4464 παλαιὰ,
687 4401 796 4453 ἰδοὺ
818 4400 1009 4468 γέγονε
1039 4399 1108 4452 τά
1129 4400 1307 4452 πάντα
1335 4397 1514 4451 καινά.
1549 4415 1566 4448 ι
1595 4399 1733 4467 Φησὶ
1767 4397 1898 4466 γοῦν

2005 4395 2178 4451 Porro
2223 4396 2308 4450 lex
2365 4396 2519 4464 justo
2560 4410 2666 4450 non
2713 4403 2797 4450 est
2832 4397 3009 4464 posita
3040 4397 3105 4449 ⁷⁸.
3141 4396 3255 4451 Sub
3289 4399 3579 4453 elementis

322 4493 353 4544 6
386 4492 530 4554 θεῖος
565 4491 863 4553 ἀπόστολος
893 4490 1101 4553 Παῦλος
1149 4489 1283 4559 πρὸς
1318 4488 1523 4558 Πέτρον
1543 4531 1557 4553 ,
1604 4489 1703 4558 τὴν
1732 4505 1901 4556 κορυ-

325 4584 492 4652 φαίαν
522 4584 800 4656 ἀκρότητα
827 4583 936 4636 τῶν
980 4581 1296 4636 ἀποστόλων
1323 4596 1335 4609 ·
1376 4599 1394 4632 ι
1441 4582 1504 4632 Et
1547 4581 1610 4634 σὺ
1651 4581 1903 4642 Ἰουδαῖος

324 4674 422 4742 ὢν,
451 4676 681 4738 ἐθνικῶς
718 4677 837 4746 ζῇς,
880 4675 974 4728 καὶ
1003 4674 1102 4728 οῦκ
1147 4671 1478 4735 Ἰουδαϊκῶς,
1509 4672 1629 4735 πῶς
1657 4673 1726 4725 τὰ
1766 4671 1894 4742 ἔθνη

325 4768 658 4836 ἀναγκάζεις
712 4767 1062 4831 Ἰουδαΐζειν;
1101 4783 1120 4817 ι
1156 4765 1272 4818 Καὶ
1301 4764 1439 4835 πρὸς
1471 4765 1719 4827 Γαλάτας
1760 4766 1899 4834 γρά-

325 4878 457 4931 φει·
518 4881 535 4914 ι
584 4859 949 4932 Μαρτύρομαι
1013 4858 1177 4912 παντὶ
1235 4856 1509 4928 ἀνθρώπῳ
1575 4873 1900 4927 περιτεμνο-

328 4953 513 5024 μένῳ,
568 4954 649 5006 ὅτι
708 4950 992 5021 ὀφειλέτης
1044 4949 1193 5003 ἐστὶν
1237 4949 1357 5002 ὅλον
1404 4947 1496 5000 τὸν
1539 4948 1703 5017 νόμον
1760 4948 1902 5019 πλη-

328 5044 524 5114 ρῶσαι.
563 5063 580 5096 ι

2006 4489 2167 4555 legis,
2200 4487 2366 4542 veluti
2417 4487 2676 4552 infantes,
2731 4502 2841 4542 non
2896 4501 3088 4542 sumus
3147 4489 3451 4544 servientes
3505 4491 3574 4550 ".

2007 4583 2102 4635 sed
2155 4581 2208 4634 in
2242 4579 2548 4650 perfectum
2586 4581 2862 4634 hominem
2906 4580 3168 4650 coaptati,
3218 4580 3401 4636 solido
3451 4581 3576 4634 cibo

2005 4673 2307 4738 nutrimur,
2339 4689 2447 4726 non
2494 4686 2562 4727 eo
2605 4687 2715 4742 quo
2745 4673 2797 4728 in
2848 4673 3212 4729 idololatriam
3257 4673 3572 4729 illiciamur.

2003 4764 2151 4818 Bona
2191 4773 2274 4819 est
2321 4766 2406 4818 lex
2437 4765 2505 4828 ⁷⁸,
2539 4764 2715 4818 instar
2767 4765 3011 4819 lucernae
3069 4767 3302 4821 lucentis
3356 4768 3412 4819 in
3441 4767 3578 4821 cali-

2005 4856 2200 4924 ginoso
2235 4855 2376 4919 loco,
2441 4854 2616 4910 donec
2672 4855 2790 4910 dies
2847 4857 3124 4910 elnccscat
3167 4858 3230 4909 7°.
3269 4857 3434 4926 Atqui
3464 4857 3576 4925 jam

2005 4947 2198 5001 lucifer
2231 4955 2389 5003 ortus
2419 4955 2503 5001 est
2558 4947 2614 5001 in
2645 4948 2908 5002 cordibus
2971 4949 3182 5004 nostris
3240 4967 3254 5003 :
3305 4950 3421 5019 jam
3454 4949 3576 5004 vita

2005 5040 2339 5109 cognitionis
2396 5039 2490 5094 Dei
2526 5055 2665 5108 aqua
2713 5040 2956 5108 gentium
2990 5041 3207 5109 operuit
3241 5056 3414 5107 mare,
3447 5055 3578 5095 nos-

323 5152 434 5209 que
495 5151 686 5192 omncs
739 5135 1026 5191 Dominum
1078 5132 1356 5188 novimus.
1423 5148 1442 5181 ‹
1477 5128 1674 5185 Vetera
1732 5131 2279 5187 transieruntzecce
2311 5132 2455 5185 facta
2517 5140 2647 5187 sunt
2723 5135 2908 5186 omnia
2975 5148 3116 5188 nova
3139 5133 3208 5187 ⁸⁰.
3253 5151 3272 5184 ι
3345 5132 3576 5189 Divinus

399 5279 442 5311 ⁸⁸
468 5278 586 5332 Lib.
623 5275 700 5330 De
718 5275 860 5342 Spir.
878 5283 1058 5328 sancto
1082 5273 1148 5326 ad
1173 5273 1362 5339 Amph.
1388 5288 1506 5341 cap.
1536 5270 1620 5325 18.

325 5350 372 5382 ⁷³
407 5349 603 5402 Matth.
627 5363 727 5411 xu,
759 5341 855 5409 ’29,
933 5344 1024 5398 ⁷³1
1058 5345 1184 5399 Cor.
1228 5361 1268 5409 ι,
1295 5344 1350 5407 2,
1388 5352 1442 5397 et
1471 5342 1625 5396 alibi.
1683 5342 1747 5411 ,⁷⁸
1778 5343 1900 5411 linit}

2008 5358 2047 5404 ι,
2085 5342 2172 5395 14.
2249 5343 2292 5373 ⁷⁵
2321 5341 2482 5396 item.
2511 5357 2562 5407 v,
2596 5342 2648 5397 1.

1697 5271 1742 5303 ⁶⁹
1761 5270 1900 5324 Num

2005 5287 2072 5338 Ix,
2101 5273 2185 5326 11.
2263 5273 2308 5303 "°
2331 5270 2465 5326 Gen.
2506 5289 2594 5332 xv.
2633 5271 2718 5324 11.
2797 5271 2836 5301 ⁷¹
2875 5267 2974 5325 lsa.
3001 5273 3200 5334 “1,2;
3233 5272 3365 5325 Luc.
3389 5286 3460 5335 tv,
3488 5271 3573 5326 19.

2725 5342 2771 5374 τ’
2799 5341 2815 5394 l
2840 5339 2978 5393 Tim.
3011 5356 3049 5405 ι,
3075 5340 3127 5395 9.
3204 5343 3246 5373 ⁷⁷
3287 5342 3464 5396 Galat.
3497 5357 3573 5405 tv,

325 5419 380 5472 8.
464 5419 510 5451 ⁷⁸
547 5410 718 5472 Rom.
746 5432 840 5480 vn,
869 5414 956 5467 12.
1047 5414 1264 5468 "~ibid.
1303 5413 1345 5467 ll
1376 5413 1520 5468 Pctr.
1563 5427 1606 5476 ι,
1639 5410 1724 5465 19.
1804 5412 1849 5442 ⁸ο
1888 5410 1900 5462 Ι

2005 5427 2085 5464 or.
2116 5429 2168 5477 v,
2197 5411 2285 5465 17.

1583 5523 1817 5578 νΑῐὶΙιΕ
1859 5522 2147 5579 LECTION
2156 5523 2259 5580 ES.

404 5637 427 5665 ο
467 5624 634 5682 Recte
655 5623 849 5681 Billius
871 5622 1124 5680 emendat
1151 5621 1601 5692 περιχωρήσεως,
1642 5635 1807 5691 quam
1845 5619 2398 5676 circumincessionem
2431 5619 2671 5691 theologi
2702 5626 2980 5678 nostrates
3009 5617 3302 5690 appellant.
