3960 6198
416 260 552 329 1255
781 251 784 258 '
1549 257 1612 320 s.
1647 255 1971 321 JOANNIS
2011 255 2447 318 DAMASCENI
3539 251 3678 326 ηδε

402 375 687 448 apostolus
737 373 941 430 Paulus
1019 385 1237 429 summo
1306 370 1684 442 apostolorum
1744 370 1938 426 vertici
1978 367 2142 426 Petro
2197 371 2419 428 aiebat:
2453 387 2473 422 ι
2515 369 2572 425 Si
2646 377 2728 439 tu,
2786 370 3010 428 Judmus
3073 372 3343 448 cum/sis,
3394 375 3684 449 gentiliter

402 471 566 535 vivis,
603 484 668 524 ac
705 484 816 524 non
852 465 1105 532 Judaiec,
1149 465 1430 536 quomodo
1473 473 1665 536 gentes
1701 465 1858 536 cogis
1891 463 2191 520 Judaizare
2219 465 2312 518 ⁸⁸2
2348 484 2368 518 ι
2453 465 2702 536 Itemque
2745 465 2956 521 Calatis
3038 465 3155 522 haec
3202 468 3400 523 scribit
3433 486 3448 523 :
3480 489 3503 520 ι
3574 468 3686 526 Te-

403 563 612 620 stilicor
661 565 811 620 omni
863 561 1283 618 circumcidenti
1323 576 1406 626 se,
1453 561 1717 632 quoniam
1775 560 1993 616 debitor
2029 569 2116 616 est
2149 561 2422 617 universae
2451 561 2586 634 legis
2615 562 2904 632 implenda:
2932 562 3000 615 ⁸².
3034 580 3053 613 ι

483 661 649 732 318
672 659 764 712 22.
798 655 1170 722 Quamobrem
1200 654 1332 710 olim
1359 652 1583 723 quidem
1627 650 1797 708 Deum
1834 651 1993 722 igno-

2099 651 2203 724 κβ¹.
2230 653 2405 708 Πάλαι
2438 653 2538 724 μὲν
2576 648 2671 706 οὖν
2707 653 2782 724 μὴ
2814 652 3014 716 εἰδότες
3041 652 3175 706 Θεὸν
3195 694 3210 719 ,
3242 653 3534 710 ἐδούλευον
3565 658 3687 720 tot;

404 764 611 817 rantes,
647 750 716 806 iis
742 748 838 819 qui
873 757 1067 802 natura
1100 760 1213 800 non
1249 754 1382 801 sunt
1413 743 1514 806 dii,
1558 743 1982 799 serviebant”:

404 859 552 900 nunc
601 849 782 896 autem
836 853 961 894 cum
1011 835 1442 907 cognoverimus
1491 833 1687 900 Deum,
1727 833 1838 888 imo
1889 847 1986 888 eo-

405 935 540 1005 gniti
591 935 766 990 simus
797 945 827 985 a
875 929 1008 994 Deo,
1038 927 1320 998 quomodo
1369 938 1761 982 convertemur
1800 924 1868 980 ad
1900 926 1987 980 iu-

407 1029 561 1082 lirma
589 1033 640 1080 et
669 1036 844 1094 egena
866 1021 1136 1076 elementa
1170 1019 1254 1072 οιι
1277 1017 1584 1075 Humanam
1622 1016 1716 1071 Dei
1752 1015 1985 1071 formam

405 1118 622 1190 aspexi,
654 1125 710 1171 et
758 1115 908 1172 salva
932 1113 1079 1168 facta
1111 1120 1196 1169 est
1240 1113 1422 1167 anima
1476 1126 1619 1166 mea.
1667 1110 1760 1166 Dei
1794 1110 1992 1181 imagi-

407 1225 530 1266 nem
562 1209 802 1272 intueor,
821 1206 900 1261 uti
931 1205 1071 1260 vidit
1099 1219 1221 1260 eam
1244 1202 1418 1259 Jacob
1442 1203 1510 1267 3‘,
1539 1216 1856 1272 quanquam
1882 1200 1992 1255 alio

405 1309 462 1359 et
499 1301 610 1356 alio
639 1299 826 1356 modo.
865 1296 1002 1351 Nam
1065 1296 1156 1352 ille
1209 1294 1414 1350 mentis
1461 1293 1641 1348 oculis
1695 1307 1724 1346 a
1762 1293 1992 1348 materia

407 1391 606 1448 alienis
661 1397 943 1460 expertem
1009 1387 1256 1443 materia:
1290 1386 1430 1441 vidit
1496 1385 1817 1456 imaginem,
1869 1399 1994 1454 qua:

409 1485 594 1541 futura
625 1489 991 1555 prauuoneret
1016 1499 1030 1536 :
1059 1496 1160 1552 ego
1213 1480 1268 1534 id
1309 1480 1554 1544 intueor,
1600 1477 1746 1549 quod
1787 1476 1989 1548 periri-

407 1587 500 1634 cat
531 1575 849 1632 memoriam
887 1573 1064 1638 illius,
1099 1572 1193 1642 qui
1226 1571 1384 1626 visus
1414 1581 1501 1626 est
1530 1570 1588 1625 in
1624 1584 1818 1624 carne.
1848 1570 1993 1638 Apo-

409 1669 685 1724 stolorum
727 1667 946 1728 umbra,
986 1663 1210 1720 sudaria
1253 1677 1495 1733 quoque.
1548 1675 1613 1715 ac
1643 1660 1989 1716 semicinctia

407 1761 635 1817 morbos
679 1759 980 1830 pellebant,
1035 1757 1314 1811 daemones
1367 1749 1638 1824 rogabant
1681 1754 1762 1808 ⁸⁶ε
1822 1767 1990 1808 cccur

407 1853 616 1909 umbrae
642 1860 696 1907 et
733 1849 958 1920 imagini
1015 1855 1334 1903 sanctorum
1385 1859 1527 1900 suus
1567 1843 1778 1914 pariter
1813 1843 1993 1898 honos

2093 743 2168 815 μὴ
2209 743 2371 813 φύσει
2400 739 2524 798 οὖσι
2554 743 2705 808 θεοῖς
2729 758 2746 775 ο
2778 742 2874 796 νῦν
2913 742 2974 796 δὲ
3016 742 3242 811 γνόντες
3267 743 3423 808 Θεὸν,
3476 745 3690 815 μᾶλλον

2087 835 2148 889 δὲ
2188 834 2529 904 γνωσθέντες
2560 835 2667 902 ύπδ
2693 834 2830 888 Θεοῦ
2855 874 2872 898 ,
2923 833 3041 898 πῶς
3079 835 3486 906 ἐπιστρέφομεν
3515 838 3691 891 πάλιν

2089 927 2184 980 ἐπὶ
2210 926 2282 980 τά
2309 927 2510 998 ἀσθενῆ
2543 928 2638 980 καὶ
2669 924 2866 997 πτωχά
2899 929 3178 996 στοιχεῖα;
3209 923 3360 980 Εἶδον
3387 925 3529 994 εἶδος
3542 930 3693 984 Θεοῦ

2089 1020 2151 1073 τὸ
2178 1019 2541 1091 ἀνθρώπινον,
2591 1019 2686 1073 καὶ
2739 1016 2921 1089 ἐσώθη
2961 1035 3064 1088 μου
3103 1017 3334 1090 ἡψυχή.
3366 1018 3573 1090 Θεωρῶ
3603 1023 3691 1073 εξ-

2091 1111 2226 1167 κόνα
2241 1111 2401 1177 Θεοῦ,
2427 1111 2504 1176 ὡς
2526 1109 2668 1165 εἶδεν
2703 1109 2916 1176 Ἰακὼϐ,
2939 1114 2987 1164 εί
3017 1095 3112 1165 καὶ
3141 1111 3340 1177 ἄλλως,
3365 1114 3462 1167 καὶ
3477 1113 3687 1177 ἄλλως.

2103 1205 2341 1268 Ἐκεῖνος
2373 1205 2472 1274 μὲν
2502 1205 2612 1275 γάρ
2648 1204 2831 1270 ἀῦλον,
2860 1203 2920 1256 τὸ
2943 1205 3206 1274 ἐσόμενον
3231 1207 3691 1277 προμηνύουσαν,

2090 1296 2276 1360 ἀΰλοις
2312 1296 2439 1361 ναὸς
2472 1295 2794 1368 ὀφθαλμοῖς,
2829 1295 2942 1366 ὲγὼ
2967 1297 3022 1350 δὲ
3048 1295 3144 1350 τοῦ
3171 1299 3336 1368 σαρκὶ
3363 1298 3689 1370 ὁραθέντος,

2094 1387 2317 1456 μνήμης
2361 1385 2722 1457 ἐμπύρευμα.
2769 1386 2836 1440 'H
2885 1386 2994 1440 τῶν
3036 1386 3355 1440 ἀποστόλων
3398 1389 3568 1453 σκιά,
3615 1391 3696 1442 τά

2092 1474 2354 1545 σουδάριά
2380 1492 2439 1528 τε
2467 1475 2560 1528 καὶ
2615 1474 2948 1546 σιμικίνθια,
2980 1476 3171 1538 νόσους
3204 1476 3487 1547 ἀπήλαυνε
3513 1519 3528 1541 ,
3567 1479 3693 1532 δαί-

2094 1583 2263 1638 μονας
2308 1567 2615 1636 ἐφυγάδευε
2636 1582 2650 1596 ο
2695 1569 2792 1621 καὶ
2843 1567 2963 1632 πῶς
2999 1569 3033 1640 ἡ
3079 1567 3208 1624 σκιά
3241 1569 3338 1622 καὶ
3371 1569 3540 1624 εἰκὼν
3575 1571 3696 1624 τῶν

2090 1657 2262 1726 ἁγίων
2292 1657 2354 1710 ού
2382 1657 2774 1730 δοξασθήσεται
2813 1674 2828 1724 ;
2873 1658 2906 1730 ἢ
2935 1660 3118 1732 πάσης
3147 1659 3282 1731 ὕλης
3308 1660 3698 1732 προσκύνησιν

2089 1749 2268 1808 ἄνελε.
2300 1749 2333 1819 ἢ
2369 1750 2443 1819 μὴ
2469 1749 2787 1819 καινοτόμει
2807 1788 2822 1814 ,
2874 1750 3012 1821 μηδὲ
3044 1749 3269 1822 μέταιρε
3303 1751 3430 1822 ὅρια
3460 1752 3691 1818 αἰώνια,

2098 1840 2134 1895 ἀ
2160 1839 2345 1893 ἔθεντο
2373 1841 2422 1893 oi
2449 1841 2688 1912 πατέρες
2717 1857 2836 1895 σου.

407 1961 516 2000 non
557 1945 707 2000 erit?
737 1943 844 1999 Aut
889 1941 1026 1996 illud
1059 1956 1221 1996 omne
1267 1941 1416 2011 quod
1457 1942 1689 1998 materia
1738 1948 1978 2004 constat,
2023 1937 2244 1992 adorari
2274 1936 2530 2008 prohibe,
2559 1945 2656 1992 aut
2686 1938 2830 1994 nihil
2873 1939 3141 1999 obtrudas
3171 1942 3322 2009 novi,
3391 1957 3504 2000 neu
3570 1950 3684 1999 ter-

407 2036 587 2094 minos
617 2033 872 2103 antiquos
896 2031 1226 2095 transferas,
1267 2047 1406 2101 quos
1434 2041 1741 2102 posuerunt
1783 2041 1968 2103 patres
2010 2030 2084 2083 tui
2115 2028 2186 2084 ⁸⁷.

477 2127 570 2181 25.
621 2127 746 2180 Νοιι
807 2124 986 2179 solum
1035 2124 1182 2179 enim
1240 2124 1499 2180 Ecclesia:
1567 2125 1718 2194 leges
1775 2125 1995 2194 scriptis

2171 2126 2283 2192 κγ’.
2314 2121 2387 2176 Οὐ
2428 2122 2591 2193 μόνον
2621 2123 2918 2196 γράμμασι
2944 2126 3046 2198 τὴν
3074 2126 3539 2201 ὲκκλησιαστικὴν
3565 2130 3690 2184 θεσο

409 2227 736 2284 sanxerunt,
789 2233 982 2272 verum
1041 2218 1203 2272 etiam
1240 2217 1382 2273 citra
1439 2217 1787 2288 Scripturam
1839 2224 1991 2272 certa

409 2312 658 2384 quaedam
713 2310 1085 2365 tradiderunt.
1137 2307 1296 2365 Unde
1346 2309 1610 2375 Basilius,
1659 2325 1784 2381 cap.
1829 2309 1897 2364 27
1925 2324 1990 2364 ex

410 2404 640 2475 triginta
683 2403 791 2457 illis
831 2401 1108 2471 capitibus
1153 2417 1277 2471 qua:
1328 2402 1396 2456 ad
1435 2402 1880 2473 Amphilochium
1927 2400 1994 2455 de

412 2495 623 2566 Spiritu
653 2502 849 2549 sancto
872 2493 1121 2563 scripsit,
1159 2494 1442 2562 expressis
1475 2495 1660 2550 verbis
1686 2495 1764 2548 ait
1800 2511 1815 2550 :
1856 2511 1874 2545 ‹
1914 2491 1992 2546 Ex

413 2586 526 2643 illis
556 2585 910 2656 dogmatibus
941 2592 995 2642 et
1020 2585 1534 2655 prredicationibus,
1568 2589 1692 2653 quae
1725 2585 1780 2638 in
1809 2583 1996 2638 Eccle-

413 2679 499 2737 sia
531 2686 970 2742 conservantur,
1007 2677 1113 2731 alia
1156 2691 1224 2731 ex
1271 2677 1483 2746 scripta
1537 2676 1790 2732 doctrina
1843 2682 1996 2730 tene-

414 2784 559 2832 mus,
594 2768 700 2822 alia
728 2783 793 2823 ex
826 2766 1134 2836 apostolica
1159 2765 1457 2821 traditione
1481 2776 1700 2822 secreto
1731 2779 1994 2821 concessa

413 2857 769 2928 accepimus:
801 2872 925 2926 qua:
955 2855 1180 2926 quidem
1227 2863 1466 2925 utraque
1508 2857 1618 2911 vim
1667 2871 1856 2926 parem
1893 2855 1994 2910 ha-

413 2950 546 3006 bent
586 2948 654 3004 ad
707 2948 990 3018 pietatem.
1043 2945 1156 3002 Nec
1204 2946 1503 3016 quisquam
1539 2947 1608 3002 iis
1642 2947 1998 3002 contradixe—

414 3041 509 3104 rit,
548 3040 643 3111 qui
691 3040 777 3094 vel
813 3038 1106 3093 minimum
1155 3037 1412 3093 Ecclesia:
1468 3038 1618 3108 leges
1662 3037 1993 3108 inquisierit.

411 3130 549 3189 Nam
580 3132 625 3187 si
662 3132 1089 3187 consuetudines
1117 3131 1266 3196 illas,
1296 3145 1420 3201 quae
1445 3131 1668 3201 scriptae
1697 3146 1807 3184 non
1838 3137 1993 3196 sunt,

415 3233 675 3294 tanquam
725 3223 907 3294 magni
953 3238 1063 3278 non
1119 3223 1234 3278 sint
1286 3222 1574 3288 momenti,
1625 3223 1858 3292 rejicere
1902 3237 1998 3292 ag-

415 3315 592 3388 gressi
644 3313 938 3380 fuerimus,
993 3315 1376 3384 imprudenter
1421 3313 1690 3383 profecto,
1754 3314 1841 3377 iis,
1876 3328 1998 3384 qua!

415 3407 474 3462 in
519 3404 817 3473 Evangelia
868 3405 1086 3472 potiora
1125 3412 1276 3466 sunt,
1319 3403 1580 3458 damnum
1614 3403 1935 3458 inieremus.
1973 3421 1992 3456 ι

2096 2212 2354 2283 μοθεσίαν
2382 2215 2730 2286 παρέδωκαν,
2780 2217 2921 2272 ἀλλά
2945 2219 3041 2272 καὶ
3065 2220 3338 2291 ἀγράφοις
3360 2223 3473 2275 τισὶ
3503 2241 3689 2296 παρα-

2092 2305 2296 2361 δόσεσι.
2318 2307 2458 2377 Φησὶ
2481 2307 2613 2378 γοῦν
2645 2310 2674 2363 ό
2701 2308 2848 2374 θεῖος
2873 2311 3157 2376 Βασίλειος
3184 2315 3244 2367 ὲν
3267 2314 3505 2385 είκοστῷ
3525 2316 3684 2368 ἐϐδό-

2097 2415 2183 2468 μῳ
2209 2399 2317 2451 τῶν
2344 2399 2482 2470 πρὸς
2518 2401 2869 2471 Ἀμφιλόχιον
2900 2403 3028 2473 περὶ¹
3057 2403 3150 2457 τοῦ
3175 2404 3336 2474 ἁγίου
3364 2407 3683 2476 πνεύματος

2095 2489 2394 2558 τριάκοντα
2424 2490 2762 2558 κεφαλαίων,
2804 2492 2896 2545 ἐπὶ
2927 2492 3125 2559 λέξεως
3152 2495 3325 2558 οὕτως
3347 2511 3360 2522 ·
3400 2515 3420 2548 ι
3469 2498 3595 2549 Τῶν
3624 2500 3684 2550 ἐν

2093 2582 2159 2651 τῇ
2207 2579 2512 2652 Ἐκκλησία
2560 2581 3000 2655 πεφυλαγμένων
3051 2585 3343 2656 δογμάτων
3377 2589 3474 2641 καὶ
3502 2606 3681 2660 κηρυο

2096 2671 2350 2741 γμάτων,
2378 2670 2450 2724 τὰ
2485 2672 2584 2744 μὲν
2613 2675 2679 2726 ὲκ
2711 2675 2813 2744 τῆς
2853 2677 3141 2747 ἐγγράφου
3181 2677 3530 2743 διδασκαλίας
3555 2681 3684 2751 ἐχο-

2102 2780 2203 2834 μεν
2232 2779 2247 2792 ·
2278 2762 2350 2816 τὰ
2373 2764 2432 2817 δὲ
2468 2766 2534 2819 ὲκ
2562 2765 2663 2836 τῆς
2693 2766 2804 2820 τῶν
2829 2768 3146 2826 ἀποστόλων
3175 2773 3531 2843 παραδόσεως
3561 2774 3684 2827 δια-

2096 2853 2319 2908 δοθέντα
2363 2857 2534 2926 ἡμῖν,
2575 2858 2635 2912 ἑν
2682 2860 2969 2932 μυστηρίῳ
3012 2862 3441 2934 παραδεξάμεθα
3467 2882 3481 2895 ·
3534 2866 3684 2938 ἅπερ

2096 2944 2385 3016 ἀμφότερα
2408 2945 2507 3016 τὴν
2536 2947 2709 3019 αὐτὴν
2738 2949 2893 3019 ίσχῦν
2921 2949 3035 3021 ἔχει
3073 2952 3210 3024 πρὸς
3237 2954 3340 3026 τὴν
3367 2955 3681 3011 εὐσέϐειαν.

2096 3033 2208 3086 Καὶ
2239 3033 2450 3098 τούτοις
2504 3035 2681 3100 οὐδεὶς
2710 3037 2970 3112 ἀντερεῖ,
3014 3041 3212 3096 ούκοῦν
3238 3042 3259 3081 ί
3297 3045 3447 3109 ὅστις
3477 3063 3540 3115 γε
3577 3049 3685 3102 κᾶν

2100 3124 2296 3195 μικρὸν
2323 3125 2454 3195 γοῦν
2477 3127 2693 3196 θεσμῶν
2726 3129 3057 3201 Ἐκκλησίας
3078 3136 3414 3206 πεπείραται
3441 3155 3456 3168 ο
3489 3140 3540 3191 εἰ
3573 3141 3687 3209 γὰρ

2098 3218 2552 3290 ἐπιχειρήσαιμεν
2593 3220 2663 3274 τά
2691 3220 2920 3294 ἄγραφα
2949 3226 3057 3279 τῶν
3084 3227 3244 3294 ἐθῶν,
3288 3229 3367 3291 ὠς
3397 3229 3472 3300 μὴ
3506 3233 3684 3301 μεγά-

2097 3310 2197 3380 λην
2223 3309 2413 3382 ἔχοντα
2445 3311 2548 3384 τὴν
2594 3312 2824 3385 δύναμιν
2865 3318 3274 3388 παραιτεῖσθαι,
3317 3321 3583 3392 λάθοιμεν
3619 3325 3687 3378 ἂν

2099 3402 2182 3466 είς
2220 3403 2360 3458 αὐτά
2413 3403 2483 3457 τὰ
2540 3403 2732 3476 καίρια
2780 3407 3107 3476 ζημιοῦντες
3153 3411 3214 3463 τὸ
3265 3411 3628 3481 Εὐαγγέλιον.
3659 3430 3679 3464 ›

419 3495 545 3550 11ωο
592 3509 825 3564 magnus
867 3493 1129 3548 Basilius.
1167 3494 1271 3548 Sed
1311 3495 1460 3548 enim
1514 3493 1790 3549 undenam
1843 3495 1995 3550 novi-

2102 3456 2288 3546 Ταῦτα
2325 3456 2422 3547 τοῦ
2457 3456 2730 3566 μεγάλου
2750 3456 3682 3572 Ἶιάᾌήεῖξιξέι

417 3601 545 3642 mus
601 3583 871 3640 Calvarire
918 3584 1142 3650 locum,
1179 3582 1320 3638 Vitae
1393 3584 1748 3655 sepulcrum?
1800 3584 1998 3640 Annon

417 3679 546 3748 quia
570 3691 600 3730 a
639 3675 962 3746 parentibus
998 3674 1096 3729 ﬁlii
1145 3675 1297 3729 nulla
1347 3673 1582 3730 docente
1622 3675 1912 3744 Scriptura
1947 3675 1998 3730 id

418 3768 780 3839 receperunt?
811 3768 949 3821 Nam
980 3767 1302 3823 cruciﬁxum
1339 3766 1562 3837 quidem
1599 3766 1916 3833 Dominum,
1943 3777 1999 3823 et

420 3859 478 3916 in
509 3867 894 3921 monumento,
957 3857 1103 3927 quod
1155 3856 1360 3928 Joseph
1408 3856 1688 3912 exciderat
1741 3857 1794 3912 in
1844 3865 2000 3927 petra

421 3954 721 4024 sepultum,
741 3949 1030 4021 Scriptura
1062 3950 1312 4021 perhibet
1337 3949 1406 4006 ⁸⁸.
1439 3948 1598 4016 Quod
1633 3964 1762 4004 vero
1790 3965 1855 4004 ea
1883 3951 2000 4019 ipsa

422 4044 556 4109 sint,
604 4043 805 4114 quibus
857 4057 1005 4097 nunc
1035 4040 1398 4111 procidimus,
1445 4055 1510 4095 ex
1549 4039 1849 4094 traditione
1885 4053 1998 4094 non

421 4135 629 4205 scripta
659 4133 936 4200 novimus,
961 4133 1232 4202 pluraque
1263 4131 1348 4186 his
1390 4131 1616 4186 similia.
1651 4131 1807 4188 Unde
1831 4130 2002 4186 habe-

424 4239 570 4288 mus,
612 4232 672 4279 ut
695 4223 1003 4294 baptismus
1031 4228 1189 4277 terna
1243 4221 1628 4276 mersitatione
1657 4219 1792 4275 tiat?
1843 4218 2003 4276 Unde

424 4315 576 4387 quod
611 4314 679 4369 ad
710 4315 980 4369 orientem
1035 4313 1292 4367 conversi
1337 4311 1673 4382 precemur?
1722 4309 1880 4366 Unde
1913 4327 2002 4367 sa-

423 4413 834 4463 cramentorum
863 4405 1184 4462 institutio?
1208 4403 1419 4460 Idcirco
1463 4403 1687 4459 divinus
1714 4404 2000 4473 apostolus

423 4498 628 4555 Paulus
648 4499 724 4553 ait
756 4519 770 4553 :
807 4517 826 4550 ι
857 4499 1068 4568 Itaque,
1101 4496 1319 4562 fratres,
1343 4505 1504 4563 state,
1539 4505 1594 4552 et
1614 4505 1797 4553 tenete
1829 4497 2003 4552 tradi-

426 4589 625 4654 tiones,
657 4602 798 4659 quas
843 4587 1141 4654 didicistis,
1187 4585 1310 4642 sive
1361 4600 1460 4655 per
1513 4601 1848 4653 sermonem,
1889 4587 2004 4642 sive

423 4693 523 4752 per
562 4679 850 4749 epistolam
888 4686 1136 4733 nostram
1169 4677 1234 4732 8’.
1271 4695 1290 4728 ι
1337 4675 1578 4732 Proinde
1612 4692 1740 4731 cum
1769 4685 1850 4732 tot
1883 4685 2004 4732 tan-

2101 3584 2211 3656 γὰρ
2245 3585 2402 3656 ῐσμεν
2429 3587 2520 3639 τὸν
2549 3588 2792 3658 Κρανίου
2827 3590 2992 3644 τόπον
3023 3591 3114 3645 τὸν
3147 3591 3340 3662 άγιον,
3377 3595 3436 3648 τὸ
3483 3600 3679 3668 μνῆμα

2099 3675 2202 3746 τῆς
2227 3676 2408 3747 ζωῆς;
2449 3679 2524 3732 Ού
2553 3681 2744 3744 παῖδες
2777 3681 2929 3752 παρά
2951 3684 3158 3755 πατρὸς
3185 3687 3454 3757 ἀγράφως
3486 3705 3683 3762 παρει-

2100 3765 2334 3836 ληφότες
2358 3785 2373 3834 ;
2407 3769 2481 3822 Τὸ
2509 3768 2608 3840 μὲν
2637 3769 2749 3840 γὰρ
2776 3773 2835 3826 ὲν
2863 3772 3013 3845 τόπῳ
3037 3776 3266 3845 κρανίου
3299 3778 3681 3849 ἐσταυρῶσθαι

2100 3859 2191 3912 τὸν
2215 3859 2421 3931 Κύριον
2442 3901 2458 3924 ,
2491 3861 2834 3935 γέγραπται,
2869 3866 2964 3920 καὶ
2995 3868 3262 3938 τετάφθαι
3302 3870 3360 3924 ὲν
3399 3872 3680 3942 μνημείῳ,

2099 3945 2129 3998 δ
2157 3946 2495 4020 ἐλατόμησεν
2543 3951 2743 4024 Ἰωσὴφ
2793 3955 2852 4010 ὲν
2895 3958 2964 4028 τῇ
3012 3959 3220 4032 πέτρᾳ·
3267 3960 3353 4014 ὅτι
3401 3959 3459 4015 δὲ
3509 3963 3682 4016 ταῦτα

2101 4037 2305 4092 ἐστιτὰ
2327 4039 2420 4092 νῦν
2455 4044 2927 4116 προσκυνούμενα,
2967 4049 3028 4113 ἐξ
3047 4051 3299 4122 ἀγράφου
3323 4056 3682 4126 παραδόσεως

2105 4127 2284 4219 ίσμεν,
2315 4131 2412 4184 καὶ
2439 4131 2668 4188 πλεῖστα
2691 4134 2905 4202 τούτοις
2937 4140 3238 4214 παρόμοια.
3271 4144 3444 4198 Πόθεν
3467 4147 3534 4200 τὸ
3563 4150 3682 4219 τρὶς

2105 4218 2425 4290 βαπτίζεινς
2456 4223 2630 4279 Πόθεν
2656 4225 2718 4279 τὸ
2741 4228 2858 4280 κατ’
2888 4228 3156 4294 ἀνατολάς
3174 4231 3432 4302 εὔχεσθαι
3459 4252 3476 4301 ;
3512 4218 3682 4290 Πόθεν

2101 4312 2135 4382 ὴ
2168 4311 2275 4366 τῶν
2309 4316 2623 4386 μυστηρίων
2653 4319 2986 4390 παράδοσις;
3022 4321 3114 4374 Διὸ
3141 4323 3237 4376 καὶ
3263 4325 3293 4376 ό
3328 4323 3476 4388 θεῖος
3521 4327 3684 4380 Ἀπό-

2106 4405 2290 4468 στολος
2319 4405 2531 4471 Παῦλος
2555 4408 2755 4478 φησίν*
2795 4428 2814 4462 ι
2857 4413 3000 4483 ’Δρα
3025 4409 3138 4478 οὖν,
3175 4413 3417 4485 ἀδελφοὶ,
3452 4421 3682 4489 στήκετε

2105 4495 2199 4547 καὶ
2232 4499 2483 4567 κρατεῖτε
2508 4498 2607 4562 τὰς
2633 4502 2960 4572 παραδόσεις
2983 4504 3051 4569 ἃς
3081 4505 3420 4580 ἐδιδάχθητε,
3451 4513 3565 4564 εἴτε
3597 4513 3684 4566 διὰ

2104 4585 2288 4654 λόγου,
2318 4587 2427 4641 εἴτε
2457 4590 2524 4642 δι’
2556 4591 2852 4664 ἐπιπολῆς
2882 4595 3060 4666 ήμῶν.
3091 4616 3111 4648 ι
3142 4600 3361 4654 Πολλῶν
3388 4605 3683 4675 τοιγαροῦν

2105 4677 2201 4730 καὶ
2228 4677 2498 4733 τοσούτων
2526 4681 2793 4753 ἀγράφως
2819 4688 2882 4756 τῇ
2906 4687 3178 4760 ἐκκλησία
3201 4675 3678 4764 παραδεδομένων,
3713 4675 3716 4680 ’

426 4778 591 4840 taque
629 4771 743 4825 sint
768 4769 930 4826 nobis
962 4769 1081 4824 sine
1106 4767 1334 4838 scriptis
1369 4766 1594 4836 tradita,
1627 4783 1748 4840 quae
1773 4769 1838 4823 ad
1863 4769 1995 4822 hanc

2108 4769 2204 4822 καὶ
2239 4769 2401 4842 μέχρι
2433 4769 2527 4824 τοῦ
2556 4772 2651 4828 νῦν
2680 4775 3137 4848 πεφυλαγμένων,
3170 4781 3222 4834 τί
3254 4785 3386 4855 περὶ
3412 4785 3514 4850 τὰς
3538 4788 3680 4841 εἰκό-

427 4875 607 4929 usque
640 4858 786 4914 diem
841 4857 1134 4914 observata
1194 4866 1357 4925 sunt,
1395 4856 1528 4928 quid
1575 4866 1661 4913 est
1721 4871 1822 4913 cur
1873 4873 1995 4928 erga

2110 4878 2207 4925 νας
2239 4863 2654 4933 σμικρολογείς;

427 4952 695 5023 imagines
724 4948 1032 5021 vitilitiges?

495 5041 590 5096 24.
630 5040 779 5109 Quos
818 5038 1064 5110 profecto
1107 5036 1371 5109 producis
1412 5037 1589 5103 locos,
1635 5037 1674 5092 ii
1710 5051 1818 5092 non
1860 5037 2000 5092 ima-

429 5135 616 5206 ginum
665 5140 977 5187 nostrarum
1011 5131 1224 5186 cultum
1274 5145 1399 5186 esse
1437 5129 1869 5185 abominandum
1900 5128 1998 5184 do-

427 5233 582 5292 cent;
634 5223 732 5280 sed
781 5223 1000 5277 illarum
1035 5222 1242 5291 potius,
1276 5237 1416 5292 quas
1444 5220 1556 5275 sibi
1609 5219 1842 5290 gentiles
1877 5227 1997 5275 sta-

2178 5040 2278 5095 x8'.
2310 5042 2410 5106 Ἀς
2440 5042 2623 5113 μέντοι
2656 5047 2884 5119 χρήσεις
2933 5052 3242 5122 παράγεις,
3291 5054 3354 5107 οὐ
3399 5056 3514 5109 τῶν
3557 5057 3680 5127 παρ’

2109 5131 2241 5203 ἡμῖν
2282 5132 2506 5187 εἰκόνων
2557 5134 2945 5206 βδελύσσονται
2985 5143 3087 5213 τὴν
3119 5145 3518 5216 προσκύνησιν,
3553 5148 3681 5200 am

2105 5223 2214 5278 τῶν
2241 5223 2446 5289 ταύτας
2487 5223 2886 5284 θεοποιούντων
2927 5231 3214 5305 Ἑλλήνων.
3258 5235 3332 5289 Ού
3381 5236 3465 5290 δεῖ
3507 5239 3680 5292 τοίνυν

499 5360 542 5392 ⁸¹
567 5359 1001 5441 ϐρίθῃ-[1,.μῇ
1033 5356 1081 5389 ⁸⁸
1120 5355 1336 5441 ἰθίά.χ,
1363 5357 1416 5412 3.
1440 5356 1736 5441 Μεξβξίει.
1768 5373 1843 5426 tv,
1871 5359 1925 5415 8.
1965 5430 1979 5441 _

2099 5361 2205 5416 bid.
2247 5362 2300 5418 9.
2374 5363 2421 5398 ⁸⁸
2443 5363 2582 5422 Gen.
2615 5381 2768 5434 χχχι,
2807 5368 2898 5437 50,
2970 5371 3018 5406 ⁸⁸
3041 5371 3164 5429 Act.
3197 5389 3290 5441 xv,
3311 5374 3368 5430 6.
3443 5374 3490 5408 ⁸⁷
3525 5375 3680 5431 Prov.

436 5444 575 5499 xxii,
599 5431 691 5490 28.

764 5431 810 5463 ⁸⁸
852 5427 1046 5484 Matth.
1084 5428 1350 5494 xxvu,60.
1439 5425 1486 5459 ⁸⁰
1528 5429 1569 5482 ιι
1599 5427 1799 5484 Thess.
1857 5444 1921 5493 it,
1958 5428 2046 5485 14.

1747 5537 1983 5596 VARIIE
2023 5540 2429 5604 LECTIONES.

507 5654 527 5692 ί
558 5654 794 5712 Delenda
824 5669 932 5713 vox
964 5655 1159 5712 οὐκοῦν
1185 5667 1307 5726 qua:
1337 5654 1488 5714 abest
1511 5657 1568 5713 in
1597 5672 1728 5715 mss.
1760 5663 1814 5715 et
1839 5659 1982 5730 apud
2004 5658 2168 5718 Basil.
