3960 6198
230 228 362 291 125⁵7

1342 226 1441 284 DE
1482 220 1939 283 IMAGINIBUS
1978 218 2258 278 ORATIO
2299 218 2343 277 Ι.

3333 207 3469 271 1258

219 338 311 389 διὰ
338 335 435 406 τὴν
460 334 569 387 τῶν
612 335 877 407 Ἐλλήνων
908 336 1112 390 ἄτοπον
1147 335 1366 406 χρῆσιν,
1408 336 1505 388 καὶ
1534 336 1632 404 τὴν
1659 336 1793 403 ἠμε-

1910 328 2145 383 Luebant.
2211 325 2583 393 Quamobrem
2636 336 2745 377 non
2802 336 2870 376 eo
2925 317 3070 390 quod
3128 319 3469 390 imaginibus

216 430 386 499 τέραν
431 426 675 490 εὐσεϐῶς
702 428 1030 498 γινομένην,
1066 429 1335 499 ἀναιρεῖν.
1383 426 1796 497 Ἐφορκίζουσιν

218 520 463 575 ὲπαοιδοί
507 535 567 571 τε
622 520 717 571 καὶ
758 519 986 589 γόητες,
1041 520 1323 589 ὲφορκίζει
1358 521 1453 572 καὶ
1499 522 1625 582 τοὺς
1664 536 1797 571 κατ-

216 610 565 682 ηχουμένους
613 611 647 681 ἡ
709 611 1008 680 Ἐκκλησία
1031 626 1047 640 °
1079 611 1197 664 ἀλλ’
1237 612 1435 665 ἐκεῖνοι
1471 611 1570 680 μὲν
1599 612 1797 663 ἐπικα-

217 700 443 754 λοῦνται
487 698 749 769 δαίμονας
768 740 782 762 ,
832 698 972 769 αὕτη
1020 698 1077 751 δὲ
1100 738 1114 761 ,
1142 698 1275 751 Θεὸν
1303 696 1446 751 κατά
1483 696 1754 765 δαιμόνων
1780 709 1795 724 ⁸

218 792 444 861 δαίμοσι
494 791 595 853 τάς
648 790 866 854 εἰκόνας
940 790 1289 844 ἀνατιθέασιν
1345 788 1635 859 Ἕλληνες,
1704 786 1798 841 καὶ

222 884 386 947 θεοὺς
448 882 652 945 ταύτας
704 882 1232 952 προσαγορεύουσιν,
1289 883 1450 951 ἡμεῖς
1499 881 1555 933 δὲ
1611 879 1801 950 ἀληθεί

221 974 346 1045 Θεῷ
374 974 714 1045 σαρκωθέντι
736 1012 750 1038 ,
793 974 887 1026 καὶ
913 973 1049 1027 Θεοῦ
1083 973 1289 1036 δούλοις
1315 974 1411 1025 καὶ
1445 971 1621 1040 φίλοις
1644 1012 1657 1033 ,
1685 970 1801 1022 δαι-

224 1065 411 1137 μόνων
440 1064 808 1119 ἀπελαύνουσι
839 1066 1024 1133 στίφη.

298 1331 397 1386 κε’,
430 1331 493 1383 Ei
534 1330 590 1383 δὲ
625 1330 753 1399 φὴς,
782 1330 875 1383 τὸν
914 1330 1057 1384 θεῖον
1087 1332 1182 1383 καὶ
1224 1330 1535 1401 θαυμαστὸν
1571 1330 1795 1397 Ἐπιφάο

218 1440 365 1487 νιον,
404 1422 701 1494 διαρρήδην
749 1422 953 1485 ταύτας
1006 1421 1409 1494 ἀπαγορεῦσαι,
1438 1422 1653 1493 πρῶτον
1704 1423 1803 1492 μὲν

220 1515 392 1586 τυχδν
436 1513 1007 1585 παρεγγεγραμμένος
1037 1513 1133 1566 καὶ
1182 1514 1517 1577 ὲπίπλαστος
1546 1516 1575 1567 ὁ
1622 1514 1800 1581 λόγος,

220 1607 391 1661 ἄλλου
418 1604 516 1675 μὲν
543 1605 619 1657 ῶν
652 1604 835 1668 πόνος,
868 1604 1057 1676 ἑτέρου
1082 1604 1140 1658 δὲ
1168 1605 1269 1676 τὴν
1290 1605 1610 1674 ἐπωνυμίαν
1637 1605 1796 1675 ἔχων,

1899 425 2090 487 gentes
2120 426 2319 486 praeter
2354 415 2434 469 fas
2475 429 2639 469 omne
2674 413 2999 473 abutantur,
3050 412 3341 480 religiosus
3371 428 3471 465 no-

1900 517 2142 561 strarum
2193 507 2377 561 cultus
2434 504 2712 561 tollendus
2750 511 2857 559 est.
2896 501 3172 570 Adjurant
3216 503 3468 557 incautae

1900 607 2046 653 tores
2073 606 2127 653 et
2156 598 2595 667 praestigiatores
2635 614 2648 649 :
2685 605 2740 649 at
2784 594 3217 649 catechumenos
3249 608 3471 663 quoque

1901 688 2127 757 adjurat
2159 688 2434 743 Ecclesia.
2473 687 2673 742 Verum
2706 687 2787 741 illi
2811 685 3038 756 quidem
3074 685 3354 741 daemones
3386 686 3472 739 in-

1900 786 2137 844 vocant;
2175 778 2288 832 haec
2323 792 2453 833 vero
2499 776 2671 832 Deum
2689 784 2886 831 contra
2918 775 3222 830 damones.
3258 774 3472 829 Damo-

1901 866 2069 920 nibus
2101 867 2368 936 imagines
2412 872 2746 921 consecrant
2788 864 3043 933 gentiles,
3082 876 3224 932 quas
3254 871 3308 916 et
3339 861 3475 915 deos

1901 958 2278 1027 appellitant:
2347 972 2450 1012 nos
2513 966 2697 1011 autem
2766 955 2879 1010 Deo
2945 970 3079 1009 vero
3122 954 3216 1023 qui
3246 966 3471 1007 carnem

1902 1050 2229 1121 assumpsit,
2317 1065 2535 1106 necnon
2616 1047 2709 1103 Dei
2771 1046 2996 1101 famulis
3050 1053 3104 1101 et
3168 1046 3384 1110 amicis,
3442 1061 3475 1099 a

1901 1145 2110 1214 quibus
2132 1144 2441 1200 daemonum
2480 1151 2715 1199 caterva:
2758 1149 2814 1197 et
2846 1140 3012 1195 cunei
3057 1138 3111 1192 in
3143 1136 3329 1208 fugam
3361 1137 3476 1208 pel-

1902 1236 2113 1289 luntur.

1974 1326 2140 1398 319
2166 1326 2259 1382 25.
2294 1326 2449 1393 Quod
2488 1326 2536 1382 si
2565 1324 2722 1381 dicas
2764 1324 3011 1379 divinum
3058 1319 3477 1377 admirandum-

1903 1434 2011 1488 que
2048 1418 2414 1489 Epiphaniam
2472 1415 2807 1487 imaginibus
2860 1414 3041 1484 palam
3098 1410 3477 1473 interdixisse,

1903 1504 2143 1579 primum
2172 1510 2396 1580 quidem
2426 1508 2562 1563 illud
2596 1506 2997 1577 responderim,
3026 1503 3271 1560 libellum
3290 1502 3477 1563 istum,

1904 1600 2321 1671 supposititium
2376 1600 2746 1670 llctitiumquc
2791 1612 2933 1661 esse,
2968 1595 3063 1664 qui
3096 1608 3224 1648 cum
3267 1592 3337 1645 ab
3371 1591 3481 1645 alio

219 1699 257 1752 δ
291 1698 503 1761 πολλοῖς
540 1696 770 1750 εἴθισται
795 1697 950 1769 δρᾷν.
982 1697 1269 1769 Δεύτερον,
1307 1697 1465 1767 ῑσμεν
1495 1697 1586 1750 τὸν
1624 1696 1800 1767 μακά-

1910 1692 2223 1748 elaboratus
2253 1692 2328 1746 sit
2358 1692 2590 1747 alterius
2635 1690 2858 1745 nomine
2912 1687 3215 1757 inscriptus
3262 1683 3432 1739 fuerit
3465 1700 3476 1734 :

224 1808 349 1861 ριον
385 1789 723 1854 Ἀθανάσιον,
775 1790 1199 1861 ἀπηγορευκότα
1237 1790 1299 1843 τὸ
1340 1792 1399 1843 ὲν
1442 1789 1671 1861 λάρναξι
1719 1808 1803 1843 τι-

220 1883 382 1935 θέναι
419 1882 487 1934 τά
525 1881 637 1934 τῶν
686 1881 858 1950 ἁγίων
903 1881 1153 1951 λείψανα,
1188 1881 1389 1951 μᾶλλον
1429 1882 1487 1935 δὲ
1526 1883 1796 1954 προστάτ-

219 1991 391 2027 τοντα
414 1974 520 2026 ὑπὸ
542 1975 646 2044 γῆν
675 1973 851 2027 ταῦτα
883 1974 1212 2040 καλύπτειν,
1240 1975 1300 2028 τὸ
1324 1975 1526 2029 ἄτοπον
1555 1976 1673 2039 ἔθος
1701 1977 1804 2028 τῶν

218 2064 544 2132 Δίγυπτίων
588 2066 935 2136 καταργῆσαι
972 2065 1315 2136 βουλόμενον,
1350 2066 1399 2119 οἳ
1434 2068 1560 2129 τοὺς
1596 2066 1803 2120 ἑαυτῶν

219 2152 479 2225 νεκροὺς,
541 2154 639 2225 οὐχ
679 2155 785 2207 ὑπὸ
838 2160 941 2227 γῆν
972 2156 1263 2228 ἔκρυπτον,
1296 2158 1411 2211 ἀλλ’
1460 2157 1554 2210 ἐπὶ
1606 2158 1803 2211 κλινῶν

220 2248 323 2300 καὶ
348 2246 681 2316 σκιμποδὶων
717 2247 962 2300 ἐτίθουν·
1002 2249 1140 2317 τάχα
1190 2249 1397 2301 τοιοῦτὸ
1432 2266 1485 2301 τι
1522 2248 1616 2302 καὶ
1643 2250 1670 2301 ὁ
1702 2248 1799 2317 μὲ-

217 2354 333 2405 γας
368 2336 688 2403 Ἐπιφάνιος
717 2336 1217 2407 ἐπιδιορθώσασθαι
1252 2338 1442 2405 θέλων,
1470 2340 1533 2392 τδ
1564 2338 1638 2409 μὴ
1665 2339 1801 2408 χρῆ-

219 2442 317 2479 ναι
352 2427 526 2479 ποιεῖν
578 2426 791 2489 είκόνας
830 2427 1245 2499 ἐνομοθέτησεν,
1303 2429 1358 2481 εί
1388 2446 1453 2498 γε
1503 2429 1598 2483 καὶ
1632 2427 1801 2482 αὑτοῦ

219 2515 413 2587 δῶμεν
444 2511 592 2567 εἶναι
626 2515 720 2569 τὸν
746 2516 920 2584 λόγον.
971 2518 1143 2584 Ἐπεὶ,
1177 2519 1260 2572 ὅτι
1292 2534 1356 2587 γε
1396 2520 1424 2570 ὁ
1459 2516 1653 2570 τούτου
1680 2533 1803 2569 σκο-

221 2608 335 2672 πὸς
398 2607 603 2671 ταύτας
649 2609 750 2662 οὐκ
807 2608 1115 2673 ἀπετίθετο,
1159 2609 1373 2680 μάρτυς
1414 2611 1449 2680 ή
1493 2607 1588 2662 τοῦ
1634 2605 1801 2661 αὐτοῦ

1905 1782 2049 1854 quod
2071 1782 2287 1853 quidem
2309 1782 2462 1837 multi
2485 1792 2543 1836 ut
2572 1788 2851 1852 patrarent
2881 1780 2936 1831 in
2972 1792 3125 1831 more
3147 1775 3479 1828 habuerunt.

1907 1874 2165 1931 Secundo
2193 1875 2292 1943 (l),
2351 1872 2816 1945 quemadmodum
2863 1872 3077 1925 beatum
3118 1869 3479 1935 Athanasium

1904 1969 2255 2038 prohibuisse
2332 1968 2611 2031 novimus,
2690 1981 2758 2019 ne
2844 1974 3168 2017 sanctorum
3245 1973 3479 2029 corpora

1905 2060 2090 2130 capsis
2118 2058 2574 2123 reconderentur,
2607 2058 2745 2127 quin
2778 2056 2965 2126 potius
2993 2055 3165 2109 humu
3192 2054 3299 2125 tegi
3343 2067 3482 2121 pra--

1904 2150 2142 2219 cepisse,
2181 2164 2247 2204 eo
2296 2148 2445 2219 quod
2496 2148 2765 2202 absonum
2807 2163 3016 2201 morem
3066 2144 3477 2215 Egyptiorum,

1905 2241 1997 2311 qui
2040 2249 2289 2296 mortuos
2318 2255 2449 2295 suos
2492 2247 2641 2295 terra
2670 2254 2780 2293 non
2826 2236 3151 2299 humabant,
3188 2235 3281 2291 sed
3315 2235 3368 2287 in
3403 2233 3481 2286 lc-

1905 2334 2072 2387 ctulis
2114 2344 2169 2387 et
2209 2332 2536 2403 scimpodiis
2577 2331 2948 2394 reclinabant,
2984 2330 3145 2384 vellet
3189 2328 3477 2398 abrogare.

1907 2423 1998 2478 Sic
2046 2423 2303 2479 fortassis
2351 2426 2516 2478 etiam
2570 2437 2801 2492 magnus
2854 2421 3191 2491 Epiphanius
3226 2418 3322 2485 (si
3357 2418 3480 2488 qui-

1904 2516 2028 2572 dem
2082 2516 2250 2571 libelli
2303 2514 2469 2585 hujus
2526 2514 2796 2584 genuinus
2846 2522 3039 2568 auctor
3088 2513 3211 2581 est)
3265 2519 3324 2564 ut
3370 2510 3479 2563 tale

1904 2608 2035 2678 quid
2066 2608 2387 2677 corrigeret,
2430 2606 2698 2676 imagines
2732 2605 3016 2660 faciendas
3060 2618 3171 2658 non
3204 2618 3327 2658 esse
3353 2617 3477 2655 cen-

222 2698 381 2751 θείου
412 2697 729 2768 Ἐπιφανίου
794 2698 1129 2770 Ἐκκλησία,
1178 2699 1352 2752 είκὸσι
1395 2699 1587 2769 μέχρις
1646 2698 1801 2768 ἡμῶν

1910 2699 2100 2754 Suerit.
2154 2697 2311 2765 Quod
2368 2698 2515 2753 enim
2572 2696 2917 2767 Epiphanius
2974 2694 3139 2763 hujus
3196 2692 3481 2747 sententiae

224 2790 780 2860 περικεκοσμημένη.
818 2789 1033 2861 Τρίτον,
1065 2790 1127 2842 οὐ
1165 2790 1227 2842 τὸ
1267 2790 1491 2844 σπάνιον
1524 2789 1687 2859 νόμος
1734 2790 1799 2859 τῇ

1910 2808 2016 2846 non
2067 2790 2256 2856 fuerit,
2315 2801 2373 2845 ut
2426 2790 2551 2845 illas
2610 2790 2832 2859 penitus
2876 2786 3144 2851 aulcrret,
3192 2785 3349 2841 testis
3396 2793 3481 2839 est

239 2881 565 2953 Ἐκκλησία,
591 2880 710 2934 οὐδὲ
746 2881 844 2951 μία
882 2879 1108 2951 χελιδὼν
1145 2880 1246 2953 ἔαρ
1290 2883 1453 2946 ποιεῖ,
1490 2880 1567 2943 ὡς
1594 2880 1690 2933 καὶ
1723 2880 1801 2949 τῷ

1910 2884 2139 2952 ipsamet
2170 2880 2464 2951 Epiphanii
2497 2879 2764 2946 Ecclesia,
2795 2894 2917 2949 qua:
2952 2879 3019 2933 ad
3052 2878 3196 2933 hanc
3232 2887 3477 2932 nostram

222 2974 478 3045 Θεολόγῳ
501 2973 788 3043 Γρηγορίῳ
830 2973 925 3026 καὶ
948 2975 1014 3044 τῇ
1040 2970 1267 3043 ἀληθείᾳ
1292 2972 1441 3025 δοκεῖ
1457 2988 1471 3003 ⁸
1502 2972 1621 3025 οὑδὲ
1647 2972 1801 3040 λόγος

1910 2987 2085 3043 usque
2116 2978 2327 3027 aetatem
2360 2971 2699 3042 imaginibus
2742 2969 3109 3040 undequaque
3157 2969 3474 3025 decoratur.

224 3058 337 3128 εἷς,
366 3031 771 3131 δόηἱατὲξὲλῆέ
797 3031 1150 3134 Ἐκκλησίας,
1200 3031 1299 3133 της
1343 3061 1454 3116 ἀπὸ
1484 3062 1590 3132 γῆς
1623 3031 1798 3133 περάζ

1910 3031 2097 3118 Tertio
2132 3062 2391 3135 denique,
2422 3031 2569 3135 qdod
2598 3080 2629 3119 a
2663 3062 2855 3134 paucis
2978 3031 3105 3117 raro
3146 3061 3225 3127 lit,
3257 3061 3364 3115 vim
3398 3062 3478 3115 le-

225 3172 341 3209 wv
384 3152 545 3226 μέχρι
586 3150 697 3209 τῶν
738 3150 908 3222 αὐτῆς
956 3150 1227 3222 περάτων,
1266 3149 1575 3221 ἀνατρέψαι
1626 3152 1801 3222 παρά-

220 3248 399 3303 tam».

1909 3154 1992 3224 gis
2039 3154 2095 3208 in
2149 3153 2398 3209 Ecclesia
2461 3169 2569 3209 non
2636 3155 2819 3211 habet.
2882 3153 3039 3220 Nam,
3098 3162 3159 3209 ut
3212 3152 3481 3224 Gregorio

1910 3244 2188 3316 Theologo
2243 3246 2425 3315 placet
2472 3246 2539 3312 η,
2598 3262 2704 3301 una
2744 3245 2985 3303 hirundo
3026 3260 3136 3301 non
3186 3244 3318 3300 facit
3346 3260 3478 3302 ver:

225 3358 338 3401 nec
375 3345 536 3401 unius
586 3343 861 3399 sententia
915 3342 1055 3397 tanti
1094 3340 1310 3397 roboris
1344 3338 1531 3403 fuerit,
1571 3345 1629 3391 ut
1670 3339 1940 3396 universae
1989 3338 2275 3409 Ecclesiae,
2329 3356 2452 3411 quae
2521 3342 2589 3395 ab
2634 3348 2880 3397 extremo
2954 3348 3118 3396 terra
3193 3337 3261 3395 ad
3327 3338 3478 3395 aliud

222 3443 537 3491 extremum
596 3434 793 3491 dill‘usa
849 3442 957 3500 est,
1020 3432 1377 3487 traditionem
1439 3431 1616 3501 possit
1661 3438 1930 3488 evertere.

301 3533 417 3591 κς’.
451 3527 616 3597 Δέχου
646 3530 826 3582 τοίνυν
854 3530 964 3582 τῶν
1009 3525 1304 3598 Γραφικῶν
1355 3526 1452 3578 καὶ
1497 3542 1802 3596 πνευματι-

228 3614 349 3669 κῶν
378 3612 403 3650 δ
429 3616 680 3686 χρήσεων
698 3617 788 3671 τὸν
818 3617 1009 3689 ἑσμὸν,
1035 3618 1116 3670 ὅτι
1142 3616 1193 3669 εί
1226 3614 1322 3668 καὶ
1341 3613 1487 3683 λέγει
1512 3616 1547 3685 ἡ
1586 3616 1801 3686 Γραφήσ

237 3719 257 3752 ι
297 3699 381 3753 Τὰ
404 3699 597 3755 εἴδωλα
628 3703 735 3757 τῶν
768 3704 936 3759 ὲθνῶν
986 3704 1247 3776 ἀργύριον
1273 3702 1368 3756 καὶ
1392 3703 1634 3772 χρυσίον,
1668 3704 1807 3773 ἔργα

231 3791 435 3861 χειρῶν
486 3792 807 3863 ἀνθρώπων·
839 3813 858 3845 ι
911 3795 1025 3848 ἀλλ’
1054 3792 1147 3847 οὖν
1192 3791 1253 3844 οὐ
1276 3790 1337 3843 τὸ
1363 3792 1438 3861 μὴ
1480 3796 1807 3863 προσκυνεῖν

231 3882 465 3954 ἀψύχοις
494 3884 527 3955 ἢ
559 3884 742 3957 ἔργοις
783 3886 982 3957 χειρῶν
1032 3883 1253 3950 κωλύει,
1281 3882 1422 3937 ἀλλὰ
1461 3884 1580 3947 ταῖς
1616 3884 1805 3955 δαιμό-

232 3992 346 4030 νων
372 3972 604 4030 είκὸσινὲ

306 4148 410 4214 κζ’.
449 4148 570 4204 Ὅτι
594 4152 693 4222 μὲν
717 4148 809 4207 οὖν
837 4152 1110 4224 ἀγγέλοις,
1130 4157 1225 4210 καὶ
1244 4157 1575 4229 ἀνθρώποις,
1594 4158 1688 4210 καὶ
1713 4158 1806 4227 βα-

230 4240 470 4305 σιλεῦσι,
488 4241 584 4295 καὶ
604 4243 847 4311 ἀσεϐέσι,
867 4246 1283 4317 προσεκύνησαν
1309 4248 1360 4299 οί
1396 4248 1689 4318 προφῆται,
1715 4248 1807 4299 καὶ

230 4332 441 4403 ῥάϐδῳ,
480 4334 699 4404 εἴρηται
723 4351 735 4365 ·
770 4336 921 4404 λέγει
948 4337 1005 4390 δὲ
1035 4340 1129 4392 καὶ⁸
1155 4338 1347 4392 Δαϐίδο
1382 4357 1399 4389 r
1424 4338 1535 4393 Καὶ
1567 4355 1805 4409 προσκυ-

1979 3526 2068 3581 26.
2120 3526 2234 3584 Hac
2272 3528 2455 3598 itaque
2509 3529 2722 3584 ratione
2775 3527 3161 3597 depromptum
3208 3543 3274 3583 ex
3328 3526 3480 3582 Scri-

1906 3628 2066 3688 ptura
2117 3628 2173 3674 et
2203 3618 2469 3674 Patribus
2518 3620 2764 3674 locorum
2799 3617 3024 3689 globum
3073 3617 3319 3687 excipias
3352 3636 3365 3672 :
3401 3618 3476 3671 ita

1905 3709 2073 3779 quod,
2121 3709 2225 3763 etsi
2272 3707 2558 3777 Scriptura
2588 3707 2765 3763 dicit:
2802 3724 2820 3758 ι
2850 3706 3157 3763 Simulacra
3229 3708 3475 3777 gentium

1907 3808 2191 3871 argentum
2216 3808 2270 3854 et
2292 3813 2508 3863 aurum,
2536 3812 2702 3868 opera
2748 3812 3011 3852 manuum
3040 3798 3327 3853 hominum
3359 3800 3428 3867 ⁹¹;
3455 3818 3474 3852 ι

1906 3904 2252 3961 nequaquam
2301 3896 2481 3944 tamen
2531 3888 2698 3945 rebus
2753 3888 3036 3954 inanimis,
3071 3897 3163 3943 aut
3218 3905 3479 3944 manuum

1906 3996 2009 4052 ope
2060 3981 2358 4037 elaboratis
2414 3980 2795 4036 adorationeiu
2846 3979 3100 4036 adhiberi
3166 3980 3476 4052 prohibeat,

1906 4072 1999 4127 sed
2032 4071 2344 4126 daemonum
2375 4070 2644 4126 duntaxat
2679 4069 3017 4126 simulacris.

1975 4160 2217 4216 27.1am
2258 4176 2410 4226 vero,
2458 4159 2605 4233 quod
2652 4159 2909 4231 angelos,
2950 4159 3203 4217 homines
3229 4173 3282 4217 et
3322 4178 3478 4233 rcges

1907 4256 2263 4324 quantumvis
2293 4253 2512 4324 impios,
2548 4252 2824 4323 prophetae
2868 4250 3240 4320 adoraverint,
3278 4253 3389 4309 imo
3423 4266 3475 4307 et

1909 4344 2142 4413 virgam,
2189 4341 2295 4397 hoc
2344 4342 2455 4412 jam
2506 4343 2799 4413 probatum
2837 4341 2963 4396 fuit.
3001 4340 3169 4397 David
3215 4352 3476 4412 praeterea

225 4427 376 4479 νεῖτε
423 4426 502 4497 τῷ
533 4427 806 4499 ὑποποδίῳ
842 4403 950 4483 τῶν
989 4430 1165 4483 ποδῶν
1195 4430 1383 4487 αὐτοῦ.
1412 4449 1432 4482 ι
1490 4403 1719 4493 Ἠσαίας
1749 4429 1801 4482 δὲ

1912 4403 2047 4485 dicit
2079 4446 2092 4482 :
2130 4403 2153 4483 vr
2186 4403 2427 4488 Adorate
2452 4403 2752 4489 sc-abellum
2787 4432 2984 4502 pedum
3016 4430 3133 4500 ejus
3162 4403 3233 4485 πί
3260 4452 3278 4485 ι
3314 4432 3481 4490 Isaias

226 4517 301 4570 hc
339 4516 636 4587 προσώπου
683 4519 778 4572 τοῦ
822 4518 957 4573 Θεοῦ
980 4538 993 4551 ’
1032 4538 1051 4573 r
1084 4521 1147 4573 '0
1193 4520 1423 4591 οὐρανός
1461 4536 1552 4590 μοι
1594 4518 1802 4590 θρόνος,

226 4607 428 4678 φησιν,
450 4608 485 4679 ἠ
503 4608 560 4663 δὲ
587 4612 679 4681 γῆ,
704 4610 992 4664 ὑποπόδιον
1018 4610 1129 4665 τῶν
1155 4611 1333 4665 ποδῶν
1364 4628 1485 4682 μου.
1519 4628 1537 4661 ι
1565 4610 1805 4682 Οὐρανὸς

226 4701 288 4755 δὲ
343 4700 443 4755 καὶ
505 4704 576 4773 γῆ
627 4705 788 4758 παντί
838 4722 939 4758 που
992 4704 1151 4775 δῆλον
1210 4704 1293 4757 δτι
1348 4702 1644 4773 κτίσματα.
1695 4704 1807 4757 Καὶ

1916 4528 2099 4575 autem
2156 4536 2223 4577 ex
2282 4537 2517 4592 persona
2556 4522 2648 4577 Dei
2684 4522 2801 4577 ait:
2841 4542 2859 4574 ι
2898 4521 3107 4579 Caelum
3140 4523 3273 4578 mihi
3325 4526 3481 4580 sedes

1912 4620 2018 4680 est,
2050 4620 2104 4669 et
2129 4623 2272 4669 terra
2305 4615 2601 4671 scabellum
2632 4615 2830 4685 pedum
2875 4633 3121 4674 meorum
3151 4618 3218 4671 ”.
3255 4636 3274 4670 ι
3308 4617 3482 4672 Porro

1914 4705 2113 4763 malum
2163 4713 2218 4760 et
2262 4712 2460 4761 terrain
2501 4714 2718 4763 creatas
2746 4722 2835 4764 res
2859 4722 2983 4765 esse
3022 4709 3228 4764 nemini
3257 4709 3481 4764 dubium

310 4839 361 4872 "
379 4839 550 4914 Greg.
576 4843 707 4899 Naz.
747 4853 888 4899 orat.
920 4845 1009 4900 38.
1085 4846 1128 4879 ⁹¹
1160 4845 1308 4903 Psal.
1339 4860 1495 4912 cun,
1535 4845 1623 4899 13.
1700 4847 1745 4878 "
1782 4844 1931 4902 Psal.
1962 4860 2149 4911 xcvm,
2177 4848 2228 4902 5.
2295 4845 2341 4878 ⁵³
2368 4844 2472 4902 lsa.
2510 4862 2654 4915 LXVI,
2694 4850 2741 4903 l.

1542 5003 1777 5060 VARUS
1810 5004 2209 5065 LECTIONES.
2295 5045 2309 5061 .

315 5086 345 5127 ⁸
369 5090 512 5157 Quid
551 5094 597 5148 si
644 5093 794 5163 legas
816 5108 939 5149 cum
969 5091 1129 5149 Billio
1161 5095 1469 5166 πατρικῶν,
1520 5094 1982 5165 quemadmodum
2018 5107 2163 5153 orat.
2189 5098 2225 5152 ἓ
2264 5098 2353 5153 ubi
2400 5099 2515 5155 haec
2546 5098 2711 5153 verba
2736 5098 2954 5170 aliaque
2990 5096 3337 5170 repetuntur.

1755 5252 1987 5311 NOTAE.

309 5334 386 5420 μ)
422 5336 561 5420 Male
582 5338 867 5420 “manus
895 5361 908 5396 :
943 5339 1075 5420 Tum
1094 5342 1324 5420 secundo
1351 5342 1468 5420 loco
1484 5344 1529 5397 si
1557 5344 1776 5420 apponis
1797 5363 1815 5400 :

1922 5346 2060 5411 vult,
2089 5347 2195 5403 nisi
2230 5346 2397 5419 quod
2430 5363 2528 5419 pro
2584 5348 2852 5419 locorum,
2901 5358 3207 5419 temporum
3230 5349 3307 5419 __et
3338 5357 3474 5419 per-

226 5408 444 5481 ἐδίωκε
487 5408 1091 5475 be'atumAthanastum,
1114 5419 1169 5465 et
1200 5415 1253 5466 in
1276 5413 1545 5481 margine
1570 5408 1813 5470 secunda
1918 5408 2182 5470 sonarum
2234 5408 2571 5481 discrimine,
2610 5418 2715 5472 alia
2768 5408 2977 5472 et'alia
3013 5408 3191 5469 luerit
3225 5408 3484 5467 Ecclesia:

233 5478 482 5551 obiectio,
511 5482 727 5535 solutio.
764 5482 836 5535 lbi
864 5483 1012 5537 enim
1046 5496 1153 5536 non
1195 5478 1558 5551 objectidnem
1584 5500 1802 5547 novam,

232 5547 332 5599 sed
383 5550 533 5616 prius
582 5553 761 5605 allata:
819 5552 1232 5621 responsionem
1265 5547 1583 5607 secundam
1636 5555 1803 5609 tradit

234 5628 451 5681 auctor,
502 5635 663 5688 quam
716 5636 933 5675 rursum
972 5621 1129 5675 tertia
1172 5621 1441 5691 sequitur.
1490 5622 1600 5678 Nec
1657 5624 1805 5679 aliud

568 5712 838 5772 Pnnon.
886 5712 1003 5771 (in.
1053 5712 1254 5771 XCIV.

1917 5485 2235 5555 disciplina,
2267 5497 2432 5556 atque
2483 5497 2697 5543 semoto
2730 5487 3053 5543 idololatria:
3085 5482 3349 5556 seandalo
3392 5498 3484 5535 sa-

1913 5553 2134 5679 ﬁrartiip
2172 5553 2474 5629 imaginum
2501 5558 2915 5615 venerationem
2952 5557 3052 5611 rite
3081 5553 3321 5607 Ecclesia
3354 5564 3480 5623 pm-

1950 5640 2095 5679 avert
2128 5665 2140 5677 .

3054 5718 3124 5778 40
