3960 6198
480 256 502 318 1
515 257 618 319 ⁵259

1609 307 1616 312 .
1676 254 1735 312 S.
1769 252 2088 313 JOANNIS
2118 253 2548 313 DAMASCENI

3617 259 3746 316 ιεςι

477 375 584 420 est.
645 363 788 429 Quin
841 371 892 416 ct
936 361 1150 431 Moyses
1204 360 1318 430 ipse
1346 369 1399 415 et
1444 361 1626 414 Aaron
1663 377 1751 417 res
1801 363 2057 417 manibus

2170 363 2404 431 Μωῦσῆς
2438 363 2515 423 δὲ,
2540 360 2637 414 καὶ
2682 361 2894 432 Ἀαρὼν
2929 362 3025 414 σὺν
3082 363 3243 414 παντὶ
3283 363 3358 433 τῷ
3416 364 3536 435 λαῷ
3570 384 3749 438 χειρη.

472 455 744 511 formatas
800 453 1189 508 adoraverunt.
1246 454 1336 505 Ait
1382 453 1588 522 quippe
1623 451 1845 514 l’aulus.
1885 469 2051 509 aurea

473 547 731 604 Ecclesia:
775 547 986 610 cicada,
1020 545 1087 598 ad
1118 545 1377 600 llebrmos
1405 546 1657 599 scribens
1691 563 1704 598 :
1743 563 1762 596 ι
1800 546 2054 601 Christus

471 639 746 694 assistens
794 636 1041 707 pontifex
1089 637 1402 692 futurorum
1455 636 1751 703 bonorum,
1800 653 1896 707 per
1935 653 2053 691 am-

472 731 620 802 plius
645 741 699 785 et
734 729 1035 800 perfectius
1068 729 1484 783 tabernaculum
1513 743 1620 782 non
1651 727 2052 792 manufactnm,

472 825 581 878 hoc
626 831 732 886 est,
782 835 891 876 non
940 821 1105 890 hujus
1133 819 1428 875 ereationis
1461 821 1529 873 “.
1568 837 1586 873 ι
1660 819 1725 872 Ει
1774 835 1995 874 rursum
2039 838 2051 874 :

479 934 498 966 ι
534 912 655 968 Non
683 914 830 968 enim
879 913 933 966 in
983 910 1296 966 manufaeta
1344 922 1534 966 sancta
1579 912 1833 967 introivit
1870 912 2053 976 Jcsus,

471 1005 810 1076 exemplaria
865 1019 1142 1069 verorum,
1195 1004 1291 1058 sed
1331 1005 1386 1058 in
1435 1006 1616 1074 ipsum
1678 1006 1880 1058 coelum
1929 1007 1998 1060 ’³.
2033 1025 2050 1058 ι

469 1095 662 1150 Priora
715 1096 886 1166 igitur
937 1103 1157 1161 sancta,
1209 1102 1326 1147 tum
1360 1095 1801 1158 tabernaculum,
1854 1104 1967 1148 tum
1994 1110 2056 1147 ea

468 1190 640 1243 etiam
665 1201 1014 1258 quaecunque
1057 1187 1112 1241 in
1154 1187 1251 1240 illo
1289 1187 1751 1252 continebantur,
1800 1188 2055 1241 nianufa-

469 1291 555 1334 cta
596 1287 772 1334 erant.
802 1276 961 1344 Quod
997 1293 1125 1333 vero
1163 1278 1256 1331 illa
1292 1278 1685 1344 adorarentnr,
1737 1279 1927 1333 nullus
1969 1279 2056 1332 in-

471 1374 625 1427 Ilcias
650 1370 832 1425 iverit.

541 1463 856 1517 Priscorum
883 1460 1338 1530 probaturumque
1373 1458 1472 1514 SS.
1503 1459 1728 1513 Patrum
1757 1461 2058 1513 testimonia

1030 1546 1126 1599 pro
1159 1531 1500 1600 imaginibus.

567 1622 626 1678 S.
664 1621 903 1693 Dionysii
932 1621 1282 1692 Areopagum,
1313 1637 1378 1677 ea:
1409 1620 1654 1691 Epistula
1683 1621 1751 1674 ad
1787 1620 1984 1674 Titum.

548 1800 567 1832 ι
605 1776 797 1850 Opera:
827 1777 1063 1848 pretium
1102 1777 1275 1846 igitur
1311 1776 1495 1841 fuerit,
1543 1785 1601 1832 ut
1635 1792 1734 1831 nos
1768 1776 1868 1846 ipsi
1918 1792 2055 1846 prze-

472 1871 734 1928 tcrmissa
761 1869 911 1939 vulgi
939 1867 1006 1922 de
1039 1867 1127 1923 his
1160 1869 1500 1938 opinatione,
1535 1869 1680 1922 intra
1718 1868 1868 1938 ipsas
1899 1867 2057 1921 simi.

472 1961 733 2018 litudincs
767 1976 923 2016 sacra
956 1967 1147 2015 sancte
1187 1969 1242 2015 et
1267 1961 1522 2030 religiose
1556 1969 1929 2030 penetremus,
1956 1973 2057 2012 nec

472 2057 658 2128 probri
689 2053 900 2125 aliquid
935 2053 1014 2108 cis
1052 2052 1382 2117 inferamus,
1417 2062 1475 2107 ut
1505 2070 1625 2124 qua:
1657 2053 1820 2124 320
1849 2067 1918 2106 ex
1943 2049 2057 2104 for-

473 2148 579 2202 mis
631 2145 838 2202 divinis
877 2144 1144 2216 origincm
1202 2145 1449 2210 trahant,
1506 2159 1892 2215 expressaeque
1923 2143 2054 2204 sint,

471 2249 528 2296 et
567 2249 774 2310 aperta:
827 2252 1160 2292 arcanorum
1215 2237 1715 2308 sublimiorumque
1767 2245 2057 2306 spectacu-

474 2332 656 2386 lorum
689 2331 984 2399 imagines.
1017 2349 1034 2382 ι

546 2421 994 2478 Commentarius.
1069 2420 1224 2484 Vide,
1313 2421 1594 2491 quomodo
1671 2419 2057 2474 excellentium

474 2529 656 2569 rerum
714 2513 1050 2583 imaginibus
1103 2527 1212 2566 non
1262 2527 1388 2566 csse
1444 2509 1846 2565 detrahendum
1907 2524 2058 2564 asse-

474 2615 649 2660 voret.

475 2698 749 2768 Ejusdem,
795 2713 859 2750 ex
904 2697 1039 2752 libro
1097 2697 1173 2751 De
1203 2696 1401 2750 divinis
1451 2695 1755 2749 nominibus
1780 2695 1922 2763 (cap.
1971 2693 2056 2762 Ι).

547 2809 567 2842 s
600 2789 725 2844 llaec
779 2804 882 2844 nos
935 2787 1113 2842 edocti
1173 2801 1411 2841 sumus:
1472 2785 1602 2839 dum
1653 2799 1798 2839 nunc
1840 2784 2060 2854 quidem

475 2899 574 2952 pro
633 2890 801 2952 captu
861 2888 1054 2936 nostro
1106 2880 1419 2934 divinorum
1466 2877 1832 2947 eloquiorum,
1891 2876 2061 2929 tradi-

474 2985 766 3046 larumque
821 2987 850 3026 a
911 2971 1088 3028 sacris
1141 2969 1484 3024 antistitibus
1515 2966 1925 3022 institutionum
1959 2967 2060 3018 hu-

2155 455 2402 525 ποιήτοις
2445 455 2881 524 προσεκύνησαν.
2916 455 3054 522 Φησὶ
3107 453 3241 520 γοῦν
3293 454 3505 518 Παῦλος
3540 459 3573 508 ὁ
3620 477 3752 529 χρυ-

2158 548 2284 611 σοῦς
2321 548 2506 612 τέττιξ
2545 547 2646 615 τῆς
2681 547 3033 616 Ἐκκλησίας,
3069 549 3126 600 ἐν
3165 550 3230 616 τῇ
3282 548 3421 616 πρὸς
3452 548 3753 619 Ἐϐραίους

2169 639 2456 709 Ἐπιστολῇ
2489 655 2502 668 °
2531 658 2549 689 ι
2579 637 2818 708 Χριστὸς
2864 638 2918 690 δὲ
2971 640 3418 709 παραγενόμενος
3451 641 3758 710 ἀρχιερεὺς

2153 731 2262 784 τῶν
2294 730 2597 800 μελλόντων
2649 731 2894 796 ἀγαθῶν,
2943 729 3031 782 διὰ
3075 731 3176 798 τῆς
3216 729 3467 798 μείζονος
3521 735 3630 784 καὶ
3670 750 3759 784 τε·

2155 823 2437 891 λειοτέρας
2483 822 2710 891 σκηνῆς,
2767 823 2832 874 οὑ
2883 823 3288 894 χειροποιήτου,
3332 823 3658 884 τουτέστιν,
3697 827 3756 876 οὗ

2155 915 2358 983 ταύτης
2413 913 2515 982 τῆς
2569 914 2822 976 κτίσεως.
2863 933 2881 963 ι
2940 914 3051 966 Καὶ
3093 915 3293 967 πάλιν·
3332 917 3454 968 «οὑ
3512 915 3639 983 γὰρ
3683 919 3759 978 εἰς

2155 1009 2513 1078 χειροποίητα
2543 1007 2796 1076 εἰσῆλθεν
2823 1007 2955 1074 ἅγια
2986 1009 3015 1059 ό
3037 1007 3296 1078 Χριστὸς,
3331 1009 3624 1062 ἀντίτυπα
3654 1011 3759 1061 τῶν

2157 1101 2454 1170 ἀληθινῶν,
2487 1100 2602 1153 ἀλλ’
2625 1101 2706 1162 είς
2727 1101 2816 1152 τδν
2839 1100 3090 1170 οὑρανὸν.
3129 1119 3148 1152 ι
3185 1101 3347 1152 Ὥστε
3389 1101 3459 1154 τὰ
3499 1102 3757 1171 πρότερα

2159 1194 2312 1256 ἆγια,
2435 1209 2493 1245 τε
2540 1191 2736 1262 σκηνὴ,
2774 1192 2867 1244 καὶ
2919 1191 3099 1244 πάντα
3146 1193 3215 1244 τὰ
3266 1194 3324 1244 ἐν
3377 1194 3522 1262 αὑτῇ
3572 1211 3756 1262 χειρο-

2159 1284 2362 1354 ποίητα
2391 1279 2489 1354 ἦν·
2531 1284 2626 1336 καὶ
2663 1284 2746 1336 ὅτι
2777 1285 3189 1353 προσεκυνεῖτο,
3217 1284 3396 1346 οὐδεὶς
3426 1286 3568 1337 ἅντε
3580 1289 3688 1354 ρεῖ.

2159 1462 2488 1530 Μαρτυρίαι
2514 1461 2788 1516 παλαιῶν
2819 1463 2915 1536 καὶ
2945 1464 3208 1533 δοκίμων
3245 1466 3433 1535 ἁγίων
3464 1469 3755 1536 Until—(.2:-

2728 1534 2862 1600 περὶ
2892 1536 3162 1590 εἰκόνων.

2166 1625 2277 1680 Τοῦ
2319 1625 2492 1694 ἁγίου
2538 1626 2860 1696 Διονυσίου
2906 1627 3012 1680 τοῦ
3050 1627 3482 1696 Ἀρεοπαγίτου,
3529 1630 3608 1682 ἐκ
3651 1628 3754 1695 τῆς

2557 1695 2708 1763 πρὸς
2746 1696 2917 1750 Τίτον
2959 1695 3338 1766 Ἐπιστολῆς.

2234 1808 2251 1838 ι
2289 1787 2412 1859 Χρὴ
2461 1786 2751 1860 τοιγαροῦν
2800 1788 2898 1841 καὶ
2923 1791 3094 1859 ἡμᾶς,
3127 1792 3249 1842 ἀντὶ
3304 1791 3407 1860 τῆς
3455 1794 3751 1862 δημώδους

2157 1880 2284 1951 περὶ
2348 1880 2531 1934 αὑτῶν
2601 1879 2965 1950 ὑπολήψεως,
3029 1880 3163 1935 εἴσω
3214 1881 3322 1935 τῶν
3379 1883 3555 1954 ιερῶν
3615 1902 3751 1954 συμ-

2156 1973 2327 2026 ϐόλων
2364 1973 2708 2044 ἱεροπρεπῶς
2750 1973 3027 2027 διαλαϐεῖν
3056 1970 3106 2035 δ,
3141 1974 3234 2026 καὶ
3273 1974 3409 2044 μηδὲ
3449 1977 3748 2045 ἀτιμάζειν

2158 2065 2300 2117 αὑτὰ
2331 2064 2438 2117 τῶν
2469 2063 2631 2117 θείων
2673 2063 2803 2117 ὅντα
2839 2065 3210 2135 χαρακτήρων
3241 2066 3444 2133 ἔκγονα
3474 2069 3583 2120 καὶ
3618 2071 3747 2122 ἀπο-

2156 2153 2483 2222 τυπὼματα,
2537 2154 2632 2206 ml
2671 2155 2888 2218 είκόνας
2933 2157 3208 2224 ἐμφανεῖς
3254 2154 3361 2206 τῶν
3410 2156 3744 2226 ἀπορρήτων

2158 2247 2253 2300 καὶ
2279 2245 2573 2316 ὑπερφυῶν
2604 2244 2913 2316 θεαμάτων.
2955 2264 2971 2296 ι

2232 2424 2509 2491 Σχόλιον.
2549 2424 2692 2490 Ἴδε,
2743 2425 2817 2487 ὡς
2858 2425 2960 2495 ἔφη
3017 2424 3095 2495 μὴ
3152 2424 3438 2496 ἀτιμάζειν
3479 2428 3589 2490 τὰς
3644 2427 3746 2478 τῶν

2161 2515 2356 2585 τιμίων
2397 2516 2635 2578 εἰκόνας.

2167 2695 2277 2750 Τοῦ
2307 2695 2515 2757 αὐτοῦ,
2539 2695 2606 2749 ἐκ
2635 2695 2738 2750 τοῦ
2764 2696 2900 2764 Περὶ
2929 2696 3103 2750 θείων
3133 2695 3442 2763 ὀνομάτων
3473 2697 3636 2765 (κεφ.
3660 2698 3743 2763 α’).

2239 2805 2256 2836 ι
2293 2785 2476 2856 Ταύτῃ
2509 2787 2523 2825 ί
2569 2785 2664 2839 καὶ
2697 2787 2859 2854 ἡμεῖς
2905 2784 3268 2856 μεμνήμεθα·
3313 2785 3406 2838 νῦν
3443 2786 3578 2852 μὲν,
3626 2788 3747 2838 ἁνα-

2163 2873 2335 2942 λόγως
2378 2875 2511 2944 ἡμῖν
2564 2873 2652 2928 διὰ
2689 2875 2797 2926 τῶν
2849 2873 3012 2945 ἱερῶν
3063 2876 3623 2945 παραπετασμάτων,
3656 2877 3744 2943 τῆς

2163 2965 2273 3018 τῶν
2299 2965 2497 3033 λογίων
2529 2966 2623 3018 καὶ
2667 2966 3004 3038 ἱεραρχικῶν
3047 2966 3400 3036 παραδόσεων
3435 2968 3746 3037 φιλανθρω-

475 3069 730 3131 inanitas,
762 3065 1131 3120 velaminibus
1162 3062 1360 3127 sacris,
1399 3059 1763 3116 scnsibilibus
1795 3056 2057 3127 intelligi-

2171 3058 2321 3120 πίας,
2357 3057 2636 3128 αἰσθητοῖς
2679 3057 2749 3112 τὰ
2792 3058 2984 3131 νοητὰ,
3022 3059 3117 3113 καὶ
3155 3060 3264 3122 τοῖς
3299 3054 3421 3112 οὖσι
3452 3059 3523 3112 τὰ
3582 3061 3743 3128 ὑπερο

475 3160 628 3224 bilia,
672 3166 839 3228 atque
877 3158 958 3212 eis
1009 3172 1132 3226 quae
1165 3163 1318 3220 sunt,
1356 3168 1419 3208 ea
1445 3168 1567 3224 qua:
1600 3151 1900 3207 essentiam
1943 3165 2059 3202 om.

477 3267 600 3305 nem
645 3257 930 3318 superant,
984 3247 1238 3314 involvit,
1291 3261 1505 3300 necnon
1550 3257 1614 3298 ea
1646 3257 1766 3312 quae
1793 3241 1974 3310 specie
2007 3247 2060 3294 et

477 3339 654 3393 forma
695 3344 918 3400 carent,
961 3336 1153 3389 formis
1200 3343 1256 3388 et
1291 3335 1479 3404 figuris
1526 3331 1947 3393 circumvcstit,
1981 3337 2062 3382 at-

476 3446 584 3498 que
620 3427 794 3491 illam,
821 3442 944 3496 quae
998 3441 1166 3493 supra
1216 3433 1468 3477 naturam
1516 3429 1622 3485 est,
1654 3429 1710 3476 et
1743 3420 1922 3476 omnis
1960 3436 2059 3474 ex-

478 3535 608 3592 pers
640 3521 846 3589 figurae,
892 3516 1328 3586 simplicitatem,
1378 3512 1730 3568 dividuorum
1791 3513 2060 3566 varietate

478 3614 764 3683 signorum
790 3608 1121 3678 multiplicat
1147 3614 1198 3661 ct
1231 3604 1458 3676 ellingit.
1494 3622 1511 3655 ι

549 3701 841 3757 Comment.
901 3698 958 3753 Si
1009 3695 1379 3753 humanitatis
1431 3692 1900 3764 benignitatisque
1931 3709 2061 3766 pro-

478 3789 658 3860 prium
713 3798 818 3856 est,
857 3787 1024 3842 rebus
1062 3787 1246 3857 specie
1296 3785 1582 3854 formaque
1631 3784 1951 3840 carentibus
1979 3793 2061 3838 at-

479 3881 586 3952 que
619 3880 988 3950 simplicibus,
1019 3893 1122 3934 nec
1173 3877 1446 3949 ﬁguratis,
1491 3876 1708 3948 species
1757 3885 1811 3931 et
1857 3875 2062 3931 formas

478 3971 802 4043 congruenti
873 3971 1036 4027 nobis
1101 3971 1313 4024 ratione
1372 3965 1831 4032 accommodare;
1895 3981 2060 4022 eccur

481 4079 589 4120 non
612 4065 702 4118 illa
735 4064 919 4127 etiam,
959 4075 1082 4134 qua:
1127 4076 1219 4133 per
1246 4061 1459 4116 formas
1495 4065 1550 4114 et
1596 4059 1804 4129 figuras
1838 4058 2060 4128 conspi-

479 4173 582 4212 cua
642 4159 782 4210 facta
837 4165 968 4210 sunt
1025 4155 1207 4218 nobis,
1258 4151 1422 4208 modo
1476 4165 1695 4220 qquue
1743 4149 1837 4219 qui
1900 4149 2060 4204 nobis

484 4250 826 4303 conveniens
930 4247 1024 4313 sit,
1111 4262 1205 4317 per
1295 4244 1564 4313 imagines
1647 4241 2056 4306 adumbremus,

485 4350 601 4394 tum
634 4338 699 4392 ad
733 4339 1140 4408 perfricandam
1175 4336 1518 4399 memoriam,
1565 4346 1676 4388 tum
1725 4346 1783 4389 ut
1815 4350 1912 4404 per
1938 4349 2057 4390 eam

484 4434 550 4489 ad
583 4433 952 4488 aemulationis
982 4429 1225 4486 studium
1260 4426 1607 4483 excitentur?

489 4543 762 4614 Ejusdem,
823 4559 888 4598 ex
961 4541 1100 4595 libro
1190 4539 1265 4594 De
1321 4537 1696 4679 1cfctesiastica
1761 4535 2058 4594 trierarchia

1171 4625 1290 4679 cap.
1394 4648 1407 4661 .

1171 4625 1407 4680 cap.1).

564 4745 581 4778 ι
617 4726 888 4781 Craterum
925 4722 1242 4792 superiores
1287 4719 1508 4792 quidem
1541 4719 1699 4776 nobis
1737 4719 2061 4776 substantia:

487 4819 612 4881 illa},
655 4830 953 4886 carumque
981 4815 1225 4880 ordines,
1258 4828 1490 4884 quorum
1519 4827 1735 4868 sacram
1760 4811 1874 4882 jam
1909 4827 2058 4866 men-

491 4906 694 4959 tionem
741 4902 869 4968 feci,
928 4903 1269 4972 incorporeae
1302 4908 1427 4955 sunt
1458 4917 1472 4952 :
1523 4899 1657 4969 quin
1691 4906 1744 4952 et
1779 4907 2057 4953 sacratum

491 4998 709 5052 illorum
771 4993 1147 5066 magisterium
1193 4991 1484 5064 spiritualc
1540 4990 1860 5060 mundoque
1923 5006 2064 5061 pro:-

492 5089 727 5144 stantius
773 5085 1008 5143 exsistit.
1041 5083 1300 5140 Nostrum
1345 5097 1474 5139 vero
1515 5097 1616 5154 pro
1651 5080 1812 5151 captu
1846 5093 2062 5148 nostro,

588 5263 635 5296 "
664 5262 827 5318 Ilcbr.
864 5278 939 5325 Ix,
969 5261 1054 5315 Η.
1146 5263 1191 5294 ³⁸
1227 5261 1357 5316 ibid.
1386 5259 1476 5312 24.

2161 3147 2320 3203 οὑσια
2366 3147 2774 3219 καλυπτοὺσης,
2814 3149 2909 3202 καὶ
2965 3148 3180 3220 μορφὰς
3224 3148 3321 3202 καὶ
3372 3149 3592 3213 τύπους
3642 3153 3742 3211 τοῖς

2161 3239 2508 3310 ἁμορφὼτοις
2539 3257 2600 3293 τε
2657 3241 2750 3293 καὶ
2797 3241 3110 3305 ἀτυπώτοις
3169 3242 3591 3312 περιτιθείσης,
3659 3244 3740 3294 καὶ

2160 3330 2258 3400 τὴν
2283 3330 2537 3400 ὑπερφυᾶ
2563 3330 2658 3383 καὶ
2705 3331 3116 3403 ἀσχημάτιστον
3147 3332 3430 3402 ἁπλότητα
3467 3337 3538 3404 τῇ
3576 3352 3740 3387 ποικιο

2161 3423 2253 3495 λία
2290 3423 2399 3478 τῶν
2447 3424 2723 3496 μεριστῶν
2788 3425 3076 3495 συμϐόλων
3122 3426 3478 3499 πληθυούσης
3527 3444 3617 3491 τε,
3659 3429 3740 3479 καί

2161 3516 2494 3571 διαπλαττοὺ
2504 3534 2620 3588 σης.
2654 3537 2671 3570 ι

2233 3681 2511 3755 ΣχοἿιον.
2541 3689 2602 3742 Ei
2653 3690 3067 3762 φιλανθρωπίας
3102 3695 3218 3746 ἐστὶ
3259 3693 3322 3747 τὸ
3362 3698 3478 3758 τοῖς
3523 3696 3734 3749 ann-3-

2160 3795 2293 3842 τοις,
2334 3781 2426 3832 καὶ
2453 3780 2818 3852 ἀμορφὼτοις,
2853 3784 2948 3835 καὶ
2979 3786 3091 3847 τοῖς
3116 3784 3328 3850 ἁπλοῖς,
3358 3787 3457 3838 καὶ
3485 3787 3731 3857 ἀσχημα-

2161 3872 2386 3936 τίστοις,
2427 3875 2641 3944 μορφὰς
2670 3877 2766 3928 καὶ
2808 3875 3012 3939 τύπους
3054 3878 3420 3948 περιτιθέναι,
3457 3879 3602 3950 πρὸς
3649 3880 3729 3948 τὴν

2161 3965 2439 4036 ἡμετέραν
2470 3967 2785 4036 ἀναλογίαν,
2809 3968 2925 4032 πῶς
2959 3969 3028 4022 τά
3061 3973 3300 4040 μορφαῖς
3335 3971 3436 4023 καὶ
3471 3973 3731 4042 σχήμασιν

2160 4057 2448 4128 ὁραθέντα,
2505 4059 2578 4130 μὴ
2641 4060 2921 4128 ἀναλόγως
2980 4062 3113 4131 ἡμῖν
3165 4061 3514 4130 είκονίσομεν
3545 4101 3562 4126 ,
3614 4061 3728 4129 πρὶς

2165 4150 2409 4221 μνήμην,
2468 4153 2560 4206 καὶ
2593 4152 2692 4224 τὴν
2742 4154 2807 4206 ἐκ
2833 4153 2932 4224 τῆς
2977 4155 3198 4232 μνήμης
3250 4153 3388 4224 πρὸς
3443 4153 3614 4224 ζῆλον
3661 4154 3726 4206 xi-

2162 4257 2318 4310 νησιν
2345 4257 2359 4306 ;

2171 4525 2280 4580 Τοῦ
2319 4524 2529 4590 αὑτοῦ,
2560 4525 2629 4578 ἐκ
2668 4524 2776 4579 τοῦ
2818 4527 2960 4594 Περὶ
2992 4519 3513 4591 ἐκκλησιαστικῆς
3552 4524 3733 4589 temp-

2734 4597 2872 4666 χίας
2899 4599 3045 4667 (κεφ.
3071 4595 3163 4664 α’).

2242 4729 2260 4762 ι
2297 4711 2434 4764 Ἀλλ’
2473 4712 2530 4764 αἱ
2565 4711 2662 4782 μὲν
2700 4711 2843 4782 ὑπὲρ
2877 4713 3026 4782 ἡμᾶς
3067 4711 3248 4766 οὐσίαι
3289 4710 3385 4764 καὶ
3430 4709 3642 4773 τάξεις,
3668 4701 3733 4759 ὧν

2165 4804 2267 4874 ἤδη
2313 4803 2537 4875 μνήμην
2586 4805 2737 4873 ἱερὰν
2771 4803 3148 4875 ἐποιησάμην,
3187 4801 3476 4872 ἁσώματοί
3513 4803 3576 4854 τέ
3617 4802 3727 4858 εἱσι,

2167 4897 2263 4948 καὶ
2316 4897 2517 4966 νοητὴ,
2547 4896 2643 4949 καὶ
2687 4896 3061 4968 ὑπερκόσμιός
3102 4899 3252 4948 ἐστιν
3310 4897 3344 4965 ἡ
3393 4897 3520 4947 κατ’
3579 4893 3729 4948 αὑτᾶς

2170 4993 2446 5062 ιεραρχία.
2482 4991 2592 5062 Τὴν
2617 4992 2737 5046 καθ’
2763 4994 2914 5064 ἡμᾶς
2945 4993 3001 5046 δὲ
3037 4992 3274 5064 ὁρῶμεν,
3299 4992 3591 5059 ἀναλόγως
3617 4990 3726 5058 ἡμῖν

2169 5084 2372 5148 αὑτοῖς,
2405 5085 2472 5155 τῇ
2513 5083 2621 5137 τῶν
2671 5085 2948 5156 αἰσθητῶν
2985 5085 3275 5154 σνμὸόλων
3313 5083 3567 5155 ποικιλίᾳ
3614 5082 3723 5146 πλη-

1767 5425 1998 5481 VAliUE
2036 5423 2442 5482 LECTIONES.

568 5600 597 5644 ιι
629 5600 782 5668 Apud
805 5598 1474 5680 Dionysium_6ta_6aivuv,
1497 5611 1662 5680 atque
1684 5602 1793 5680 hac
1823 5601 1876 5653 in
1919 5599 2300 5680 eans_a__e_adem
2341 5598 2831 5680 epistolaidcm
2867 5598 3092 5680 verbum
3129 5600 3414 5680 repetitur.
3457 5599 3611 5658 Unde
3629 5614 3723 5654 me-

502 5671 803 5722 ritovoccm
831 5671 967 5722 hanc
993 5671 1216 5724 alterius
1247 5671 1368 5725 loco
1397 5671 1786 5727 restituendam
1811 5671 2023 5725 censuit
2046 5671 2254 5725 Billius.

2340 5670 2450 5724 ‘Ex
2477 5669 2728 5740 Dionysio
2757 5683 2875 5739 cap.
2904 5669 2923 5722 i
2959 5669 3206 5733 emenda,
3232 5670 3423 5724 ταῦτα.
