3864 6198
243 261 377 324 126!

1364 273 1461 331 DE
1503 273 1958 335 IMAGlNIBUS
1995 277 2198 338 ORAT
2207 279 2279 338 10
2320 281 2367 338 Ι.

3367 292 3499 354 ίὲοὶέ

235 373 571 445 θυνομένην,
617 375 707 444 ὑφ’
736 371 812 431 ὧν
845 379 1181 451 ἱεραρχικῶς
1211 380 1286 450 (‘2)
1340 383 1432 434 ἐπὶ
1481 383 1580 452 τὴν
1615 382 1806 434 ἑνοειδῖ

1925 385 2276 440 sensibilium
2317 390 2584 445 varietate
2608 393 2889 463 signorum
2930 400 3281 469 multiplicari
3313 421 3496 458 οωίιι⁴

236 464 443 519 θέωσιν
473 469 531 520 ὲν
561 470 877 541 συμμετρίᾳ
903 475 968 542 τῇ
996 472 1119 525 καθ’
1152 474 1301 544 ἡμᾶς
1325 475 1663 544 ἀναγόμεθα,
1688 474 1820 526 Θεόν

233 573 298 610 ’τε
339 560 433 612 καὶ
463 559 614 614 θείαν
642 562 864 632 ἀρετὴν,
893 565 948 616 αί
977 564 1076 633 μὲν
1102 565 1176 627 ὡς
1211 568 1332 630 νόες
1371 565 1552 618 νοοῦσι
1587 567 1728 619 κατὰ
1760 567 1822 617 τὸ

236 649 432 712 αὐτοῖς
455 649 698 720 θεμιτὸν,
727 653 888 722 ἡμεῖς
913 653 970 706 δὲ
1020 654 1308 725 αἰσθηταῖς
1346 657 1549 710 εἰκόσιν
1597 657 1688 709 ἐπὶ
1721 655 1820 718 τὰς

234 737 417 807 θείας,
444 742 517 803 ὡς
550 742 794 807 δυνατὸν,
835 745 1154 815 ἀναγόμεθα
1193 746 1446 817 θεωρίας.
1476 767 1494 800 ι

1925 493 2069 541 mus,
2111 478 2314 548 quibus
2347 489 2506 550 prout
2539 497 2756 538 sacrmn
2805 487 3185 555 magisterium
3225 494 3402 559 decet,
3433 496 3496 547 an"

1924 567 2258 623 uniformem
2290 585 2566 628 concessa:
2609 589 2706 642 pro
2747 585 2937 630 nostro
2973 581 3194 636 modulo
3235 585 3498 639 divinita-

1922 657 1994 712 tis
2041 658 2276 728 gratiam
2333 677 2545 718 necnon
2586 665 2652 718 ad
2714 667 2881 724 Deum
2934 669 3289 743 divinamque
3327 678 3498 729 virtu~

1923 757 2029 801 tem
2055 751 2363 807 evehimur.
2395 754 2514 808 Ista?
2544 755 2789 825 quidem,
2825 765 3013 828 utpote
3053 773 3286 829 mentes,
3318 783 3493 837 quan-

238 837 358 881 tum
396 830 506 884 illis
529 830 613 886 fas
646 839 752 898 est,
804 833 1158 904 intelligunt:
1193 851 1294 890 nos
1325 846 1504 890 autem
1542 836 1896 894 sensibilibus
1964 838 2300 910 imaginibus
2345 842 2412 900 ad
2456 845 2690 913 divinas,
2760 863 2867 919 qua
2919 851 3032 906 fieri
3103 863 3300 924 potest,
3371 875 3501 916 con-

233 922 629 992 temptationes
655 938 1066 992 promovemur.
1097 946 1115 977 ›

306 1014 591 1082 Σχόλιον.
625 1014 686 1066 Ei
713 1015 894 1068 τοίνυν
925 1017 1208 1086 ἀναλόγως
1240 1021 1373 1089 ἡμῖν
1409 1021 1594 1083 αὐτοῖς
1630 1019 1817 1091 αἰσθη-

231 1108 358 1169 ταῖς
403 1107 609 1160 εἰκόσιν
661 1108 754 1160 ἐπὶ
796 1108 898 1178 τὴν
949 1109 1099 1163 θείαν
1149 1091 1244 1163 καὶ
1295 1111 1456 1165 ἄῦλον
1499 1113 1816 1183 ἀναγόμεθα

233 1195 519 1266 θεωρίαν,
567 1196 662 1250 καὶ
705 1197 1114 1269 φιλανθρώπως
1160 1201 1192 1270 ἡ
1257 1200 1376 1255 θεία
1433 1203 1661 1271 πρόνοια
1707 1206 1819 1267 τοῖς

234 1285 671 1355 ἀσχηματίστοις
706 1287 798 1338 καὶ
833 1287 1144 1352 ἀτυπώτοις
1184 1288 1390 1352 τύπους
1427 1291 1523 1343 καὶ
1560 1291 1816 1360 σχήματα

233 1376 336 1445 τῆς
367 1377 527 1446 ἡμῶν
557 1376 743 1431 ἕνεκεν
773 1379 1148 1449 χειραγωγίας
1185 1380 1525 1452 περιτίθησι,
1556 1381 1610 1433 τί
1645 1383 1817 1452 ἀπρε-

234 1469 340 1531 πὲς
377 1469 469 1521 τὸν
498 1471 736 1540 σχήματι
781 1471 876 1523 καὶ
910 1473 1092 1542 μορφῇ
1121 1471 1476 1541 ὑποκύψαντα
1507 1470 1816 1542 φιλανθρώ-

233 1577 357 1624 πως
388 1560 460 1614 δι’
487 1562 657 1631 ἡμᾶς,
693 1561 980 1627 είκονίζειν
1012 1563 1293 1632 ἀναλόγως
1327 1565 1458 1635 ἡμῖν
1488 1563 1668 1627 αὐτοῖς
1691 1581 1707 1632 ;
1799 1589 1811 1602 ο

1997 1013 2291 1071 Comment.
2345 1016 2504 1083 Quod
2539 1019 2584 1074 si
2617 1020 2804 1091 igitur,
2853 1031 2912 1077 ut
2947 1037 3133 1082 nostra
3167 1030 3270 1086 fert
3303 1033 3501 1089 intelli—

1925 1110 2127 1180 gentia,
2164 1125 2262 1180 per
2305 1112 2595 1168 sensibiles
2644 1115 2909 1186 imagines
2956 1120 3024 1173 ad
3057 1121 3300 1178 divinam
3334 1134 3500 1197 atque

1926 1198 2168 1252 materite
2208 1207 2483 1254 exsortem
2539 1204 3067 1272 contemplationem
3121 1211 3498 1286 sublevantur,

1925 1287 2226 1358 divinaque
2268 1291 2637 1361 providentia,
2681 1309 2770 1349 res
2803 1292 2977 1351 forma
3011 1308 3062 1352 et
3094 1299 3266 1370 figura
3306 1319 3499 1360 caren-

1925 1387 2027 1445 tes,
2061 1378 2255 1436 formis
2285 1391 2339 1436 ct
2383 1381 2595 1453 figuris,
2655 1386 2859 1455 quibus
2915 1389 3084 1443 veluti
3130 1407 3293 1448 manu
3331 1395 3497 1451 duca-

1924 1483 2068 1534 mur,
2139 1471 2576 1528 circumvestivit
2630 1495 2642 1529 :
2701 1477 2832 1546 quid
2909 1479 3240 1538 incommodi
3308 1488 3494 1552 fuerit,

1922 1560 2052 1628 quin
2085 1577 2232 1630 cum,
2265 1564 2357 1633 qui
2381 1579 2478 1634 pro
2521 1581 2618 1621 sua
2652 1583 2778 1636 erga
2817 1584 2915 1625 nos
2959 1571 3301 1632 humanitate
3323 1620 3338 1644 ,
3372 1595 3495 1638 sese

1819 1702 1828 1712 ,
1925 1650 2113 1722 figura:
2164 1652 2465 1725 formzeque
2511 1658 2770 1728 subjecit,
2821 1672 3190 1721 consentanea
3225 1670 3384 1734 nobis
3412 1689 3498 1726 ra-

301 1824 481 1892 Λόγος
521 1823 729 1878 ἄνωθεν
768 1824 848 1888 είς
879 1826 1026 1895 ἡμᾶς
1059 1825 1500 1899 παραδεδομένος
1545 1824 1812 1892 κάτεισιν,

231 1915 510 1986 Αὓγαρον,
543 1915 633 1968 τὸν
666 1915 924 1987 Ἐδέσσης
954 1918 1165 1971 ἄνακτὰ
1199 1936 1363 1989 φημι,
1395 1922 1461 1991 τῇ
1488 1920 1584 1974 τοῦ
1610 1921 1816 1991 Κυρίου

234 2009 374 2078 πρὸς
416 2007 560 2060 θεῖον
611 2008 1056 2078 ὲκπυρσευθέντα
1115 2009 1297 2080 ἔρωτα
1338 2013 1499 2081 ἀκοῇ,
1546 2013 1819 2065 ἀπεσταλ·

236 2101 397 2156 κέναι
429 2098 714 2170 πρέσϐεις,
764 2097 862 2168 τὴν
902 2099 1070 2153 αὐτοῦ
1118 2102 1405 2172 ἐπίσκεψιν
1441 2103 1812 2169 ἐξαιτοῦντας.

235 2195 298 2246 ΕΞ
345 2193 401 2246 δὲ
451 2191 712 2262 ἀρνηθείη
757 2191 917 2245 τοῦτο
956 2193 1197 2264 δράσειν,
1248 2195 1309 2249 τὸ
1355 2196 1549 2249 τούτου
1601 2198 1814 2251 κελεύει

234 2287 489 2357 ὁμοίωμα
516 2285 790 2356 ζωγράφῳ
821 2284 1168 2356 ἑκμάξασθαι
1188 2303 1201 2316 ·
1239 2285 1266 2342 ὃ
1291 2289 1490 2355 γνόντα
1517 2289 1608 2343 τὸν
1637 2291 1816 2345 πάντα

233 2381 439 2444 εἰδότα,
472 2378 566 2432 καὶ
596 2379 772 2432 πάντα
820 2378 1139 2449 δυνάμενον,
1188 2379 1251 2434 τὸ
1297 2382 1464 2451 ῥάκος
1511 2382 1812 2453 εἰληφέναι,

231 2473 330 2524 καὶ
369 2471 453 2542 τῷ
503 2473 778 2544 προσώπῳ
829 2474 1363 2545 προσενεγκάμενον,
1398 2477 1457 2528 έν
1497 2476 1672 2549 τούτῳ
1721 2478 1815 2532 τὸν

231 2569 434 2619 εἰκεῖον
462 2565 939 2638 ἐναπομόρξασθαι
969 2568 1315 2638 χαρακτῆρα,
1339 2569 1366 2621 ὂ
1398 2569 1495 2624 καὶ
1523 2571 1686 2641 μέχρι
1718 2571 1812 2624 τοῦ

232 2657 330 2710 νῦν
370 2657 627 2722 σώζεται.

235 2752 363 2826 ΤοῦΔ
381 2752 728 2826 Βαοζιλείου,
750 2752 818 2826 ἐκ
849 2752 955 2806 τοῦ
976 2755 1062 2826 εἰς
1089 2754 1195 2826 τὸν
1218 2755 1514 2826 μακάριον
1528 2758 1814 2826 Βαρλαὰμ

235 2813 238 2816 ί
299 2823 414 2896 te?
441 2813 942 2896 μάρτιυοαλᾴγου,
975 2813 1052 2879 οὗ
1083 2825 1120 2890 ἠ
1149 2813 1303 2893 ἀρᾷςή
1329 2840 1342 2854 ’
1372 2813 1667 2893 Πρότερον
1698 2813 1814 2896 μέν

300 2891 421 2945 τῶν
447 2893 632 2960 ἁγίων
657 2896 710 2946 οἱ
737 2891 1001 2947 θάνατοι.

309 3001 328 3031 ιι
367 2981 664 3051 Ἀνάστητέ
717 2997 808 3051 μοι
838 2980 954 3047 νῦν,
981 2975 1026 3034 ὧ
1073 2983 1319 3052 λαμπροὶ
1357 2984 1465 3037 τῶν
1507 2985 1813 3056 ἀθλητικῶν

1847 1729 1889 1784 Β
1921 1743 2066 1799 tione
2091 1744 2424 1817 imaginibus
2451 1749 2863 1819 exprimamus?

1989 1837 2310 1908 Antiquitus
2350 1839 2550 1894 tradita
2579 1844 2830 1898 narratio
2862 1846 2929 1901 ad
2968 1863 3066 1904 nos
3091 1865 3264 1920 usque
3299 1867 3493 1921 perve-

1920 1929 2036 1993 nit;
2075 1929 2352 1999 Abgarum
2385 1930 2596 1987 scilicet
2625 1931 2850 1990 Edessa:
2892 1952 3096 2008 regem,
3143 1943 3344 1998 auditis
3374 1960 3494 2014 qua:

1933 2019 1999 2073 de
2035 2019 2265 2074 Domino
2316 2020 2652 2086 ferebantur,
2693 2025 2881 2082 divino
2913 2044 3240 2087 succensum
3275 2035 3492 2102 ardore,

1918 2111 2126 2181 legatos
2167 2113 2406 2179 misisse,
2451 2117 2546 2186 qui
2594 2132 2720 2172 eum
2768 2119 2832 2173 ad
2875 2134 2933 2175 se
2971 2122 3320 2179 invisendum
3355 2127 3495 2181 invi--

1917 2212 2129 2270 tarent;
2188 2209 2271 2260 sin
2327 2222 2458 2262 vero
2514 2209 2806 2275 abnueret,
2867 2215 3090 2270 mandat
3150 2226 3210 2272 ut
3266 2219 3491 2288 pictoris

1916 2311 2079 2366 opera
2114 2298 2406 2369 imaginem
2432 2298 2550 2367 ejus
2598 2303 2946 2372 exprimant:
2981 2308 3124 2376 quod
3162 2325 3291 2364 cum
3324 2314 3491 2367 sciret

1918 2388 2008 2442 ille
2039 2389 2127 2442 cui
2165 2388 2303 2443 nihil
2354 2391 2652 2450 obscurum
2689 2404 2796 2460 est,
2826 2397 3037 2468 quique
3069 2403 3258 2457 omnia
3291 2415 3490 2475 potest,

1915 2489 2142 2548 accepto
2188 2495 2391 2551 panno,
2443 2497 2666 2554 sumque
2716 2483 2875 2542 faciei
2929 2491 3174 2555 admoto,
3209 2499 3490 2568 propriam

1914 2561 2141 2641 etiigbzm
2193 2573 2531 2643 appinxisse,
2584 2591 2707 2646 qua:
2739 2579 2805 2633 ad
2847 2579 2964 2636 haec
3016 2561 3488 2660 usque—tempora

1916 2672 2166 2718 servatur
2199 2665 2514 2727 incolumis.

1917 2752 1973 2806 S.
2009 2753 2227 2839 Basilii,
2265 2773 2342 2841 ea:
2388 2775 2625 2815 sermone
2645 2762 2804 2848 ius.
2860 2763 3116 2848 Barlaqm
3164 2785 3490 2848 martyrem,

1983 2826 2138 2892 cujus
2200 2828 2410 2882 initium
2467 2840 2546 2885 est
2578 2845 2598 2882 :
2640 2831 2882 2888 Primum
2932 2840 3142 2907 quidem
3179 2826 3488 2900 sauciari-ini

1988 2912 2034 2946 ιιι
2042 2911 2126 2948 Ol"
2134 2936 2145 2948 .

1991 3005 2008 3036 ι
2039 2985 2261 3057 Surgite
2289 3004 2461 3054 nunc,
2493 2991 2879 3049 athletieorum
2911 3007 3194 3068 gestorum
3225 3013 3491 3073 praestan-

228 3073 680 3144 κατορθωμάτων
703 3074 1008 3144 ζωγράφοι,
1034 3075 1135 3145 τὴν
1164 3074 1258 3128 τοῦ
1314 3077 1619 3147 στρατηγοῦ
1660 3079 1806 3133 κολο-

1919 3077 2115 3131 tissimi
2163 3078 2320 3148 321
2368 3081 2630 3150 pictores,
2684 3067 3026 3155 imperfectae
3063 3067 3489 3166 ducis-imagini

228 3167 504 3222 δωθεῖσαν
527 3166 712 3220 εἰκόνα
735 3168 855 3228 ταῖς
878 3167 1172 3236 ὑμετέραις
1199 3168 1539 3239 μεγαλύνατε
1569 3171 1806 3242 τέχναις.

241 3257 648 3329 ’Δμαυρότερον
689 3257 819 3327 παρ’
860 3256 998 3326 ἐμοῦ
1029 3258 1121 3312 τὸν
1156 3259 1482 3330 στεφανίτην
1509 3263 1806 3333 γραφέντα,

228 3355 344 3414 τοῖς
373 3353 474 3421 τῆς
511 3350 780 3421 ὑμετέρας
826 3350 1019 3419 σοφίας
1066 3351 1450 3422 περιλάμψατε
1501 3355 1806 3426 χρώμασιν.

241 3443 490 3496 ’Δπέλθω
523 3444 589 3512 τῇ
636 3442 746 3497 τῶν
771 3442 1192 3512 ἁριστευμάτων
1232 3443 1328 3496 τοῦ
1375 3445 1650 3518 μάρτυρος
1678 3450 1809 3518 παρ’

229 3535 386 3606 ὑμῶν
417 3532 766 3603 νενικημένος
808 3536 1033 3604 γραφῇ·
1070 3533 1248 3604 χαίρω
1284 3535 1387 3604 τὴν
1423 3537 1680 3607 τοιαύτην
1705 3538 1807 3608 τῆς

225 3625 506 3695 ὑμετέρας
534 3622 717 3692 ἰσχύος
747 3623 987 3693 σήμερον
1017 3621 1333 3693 ἡττώμενος
1357 3625 1514 3696 νίκην
1534 3641 1547 3654 ·
1587 3626 1682 3680 ίδω
1709 3631 1807 3698 τῆς

223 3720 414 3796 χειρὸς
431 3717 566 3787 πρὸς
591 3716 651 3768 τὸ
683 3715 795 3783 πῦρ
831 3715 1225 3784 ἀκριϐέστερον
1257 3718 1386 3786 παρ’
1423 3717 1576 3785 ὑμῶν
1603 3736 1807 3789 γραφο-

223 3811 402 3881 μένην
425 3808 524 3878 τὴν
553 3807 730 3877 πάλην
752 3822 767 3837 ’
795 3805 890 3858 ἴδω
916 3805 1270 3876 φαιδρότερον
1300 3807 1392 3858 ἐπὶ
1412 3807 1512 3877 τῆς
1535 3809 1805 3880 ὑμετέρας

222 3901 316 3952 τὸν
349 3898 656 3969 παλαιστὴν
685 3897 1073 3968 γεγραμμένον
1116 3896 1345 3958 είκόνος.
1396 3897 1805 3953 Κλαυσάτωσαν

221 3994 480 4060 δαίμονες
527 3991 624 4043 καὶ
663 3988 780 4053 νῦν,
811 3990 933 4050 ταῖς
965 3987 1060 4041 τοῦ
1104 3987 1379 4059 μάρτυρος
1415 3991 1473 4042 ὲν
1512 3990 1642 4059 ὑμῖν
1680 3992 1802 4061 ἀρι-

224 4086 438 4144 στείαις
461 4082 856 4153 πληττόμενον
893 4079 1200 4150 φλεγομένη
1227 4079 1388 4135 πάλιν
1417 4081 1598 4144 αὐτοῖς
1625 4083 1657 4152 ἡ
1683 4085 1804 4152 χεὶρ

221 4177 323 4228 καὶ
351 4173 562 4226 νικῶσα
590 4169 910 4237 δεικνύσθω.
942 4167 1335 4241 Ἐγγραφέσθω
1365 4167 1443 4238 τῷ
1477 4169 1666 4223 πίνακι
1706 4172 1803 4223 καὶ

217 4267 331 4320 τῶν
363 4263 754 4333 παλαισμάτων
787 4259 1131 4329 ἀγωνοθέτης
1159 4259 1416 4330 Χριστὸς,
1443 4253 1540 4330 ᾧή
1577 4259 1702 4326 δόξα
1724 4263 1804 4324 εἰς

219 4359 350 4419 τοὺς
383 4357 587 4418 αἰῶνας
618 4356 727 4409 τῶν
756 4354 989 4406 αίώνων.
1025 4353 1220 4421 Ἀμήν.

226 4446 340 4498 Τοῦ
370 4443 579 4506 αὑτοῦ,
608 4444 678 4496 ἐκ
713 4440 832 4495 τῶν
874 4442 1024 4508 πρὸς
1066 4440 1454 4509 Ἀμφιλόχιον
1487 4441 1800 4508 τριάκοντα

293 4514 656 4583 κεφαλαίων,
692 4512 826 4579 περὶ
881 4510 990 4575 τοῦ
1031 4511 1205 4578 ἁγίου
1259 4513 1628 4581 Πνεύματος,
1675 4513 1798 4566 ἀπὸ

289 4584 620 4653 κεφαλαίου
648 4588 743 4649 ιη’.

298 4693 315 4726 ι
344 4673 470 4727 Ὀτι
497 4671 747 4742 βασιλεὺς
776 4670 994 4738 λέγεται
1025 4671 1118 4722 καὶ
1147 4668 1294 4739 ήτοῦ
1329 4669 1595 4740 βασιλέως
1612 4670 1794 4742 εἰκὼν,

215 4765 316 4819 καὶ
355 4764 417 4818 οὐ
456 4763 548 4816 δύο
582 4761 842 4833 βασιλεῖς.
879 4759 1018 4815 Οῦτε
1067 4761 1176 4829 γὰρ
1204 4759 1265 4814 τὸ
1293 4759 1495 4832 κράτος
1534 4762 1796 4833 σχίζεται,

214 4860 344 4913 οὔτε
376 4861 410 4930 ἡ
433 4858 558 4923 δόξα
584 4854 982 4929 διαμερίζεται.
1022 4854 1111 4916 Ὠς
1140 4852 1300 4924 γὰρὴ
1337 4855 1618 4926 κρατοῦσα
1640 4856 1798 4927 ἡμῶν

213 4951 361 5023 ἀρχὴ
394 4953 488 5004 καὶ
521 4950 738 5016 ἐξουσία
773 4949 895 5020 μία,
928 4945 1070 5000 οῦτω
1099 4946 1194 4999 καὶ⁵
1223 4947 1256 5016 ἡ
1295 4947 1425 5016 παρ’
1453 4944 1613 5016 ἡμῶν
1649 4947 1794 5013 δοξο-

213 5043 398 5115 λογία,
432 5043 532 5114 μία
559 5043 652 5098 καὶ
682 5042 744 5096 οὐ
785 5039 1000 5104 πολλαὶ,
1035 5039 1168 5092 διότι
1199 5039 1232 5108 ὴ
1278 5038 1625 5108 τῆςέίκόνος
1657 5039 1794 5110 τιμὴ

213 5135 312 5188 ἐπὶ
347 5135 409 5188 τὸ
437 5136 792 5206 πρωτότυπον
819 5132 1109 5188 διαϐαίνει.
1148 5131 1212 5193 Ὀ
1248 5127 1342 5184 οὖν
1383 5131 1534 5184 ἐστιν
1565 5131 1798 5185 ἐνταῦθα

215 5227 533 5298 μιμητικῶς
579 5229 613 5298 ἡ
654 5226 838 5296 εἰκὼν,
886 5217 1044 5279 τοῦτο
1095 5225 1212 5278 ἐκεῖ
1265 5223 1511 5293 φυσικῶς
1557 5226 1585 5276 ὁ
1630 5224 1792 5288 Υἱός’

212 5320 528 5391 καίῶσπερ
571 5319 800 5386 ἐπὶτῶν
848 5316 1146 5389 τεχνητῶν,
1185 5316 1329 5370 κατὰ
1374 5316 1472 5385 τὴν
1507 5317 1720 5387 μορφὴν
1751 5319 1784 5389 ἡ

1911 3169 2045 3223 artis
2073 3179 2262 3226 vestrae
2290 3183 2608 3228 ornamenta
2648 3176 2914 3247 conferte,
2941 3191 2996 3236 et
3030 3183 3322 3243 obscurius
3347 3203 3376 3240 a
3407 3205 3491 3243 me

1910 3259 2256 3332 designatum
2298 3264 2564 3321 victorem
2603 3268 2932 3337 laureatum,
2963 3273 3257 3333 industria
3291 3290 3488 3335 vestrae

1909 3352 2192 3409 coloribus
2223 3354 2518 3411 illuslrate.
2559 3355 2845 3427 Discedam
2889 3364 3072 3426 victus
3107 3381 3138 3420 ιι
3168 3369 3324 3425 vobis
3349 3386 3488 3441 prae-

1908 3439 2186 3495 clarorum
2232 3445 2492 3514 martyris
2532 3443 2842 3504 facinorum
2898 3453 3155 3522 pictura:
3197 3459 3296 3514 tali
3327 3439 3489 3517 hodie

1908 3543 2062 3600 parta
2113 3535 2271 3589 vobis
2301 3551 2398 3605 per
2430 3545 2673 3593 vestram
2717 3542 3099 3603 dexteritatem
3130 3550 3362 3610 victoria
3394 3569 3485 3608 su-

1908 3631 2134 3692 peratus
2161 3628 2428 3694 gaudeam
2489 3647 2502 3680 :
2558 3646 2781 3686 manum
2822 3635 3036 3690 videam
3081 3654 3204 3694 cum
3233 3642 3357 3712 igne
3385 3661 3487 3713 pu-

1906 3724 2162 3784 gnantem
2197 3721 2519 3776 accuratius
2559 3736 2590 3772 a
2630 3723 2788 3780 vobis
2816 3721 3184 3786 delineatam:
3219 3732 3274 3787 in
3301 3744 3482 3791 vestra

1907 3808 2106 3862 tabella
2147 3811 2385 3878 pugilem
2435 3811 2728 3882 inspiciam
2777 3816 3085 3889 elegantius
3117 3822 3478 3895 descriptum.

1906 3897 2138 3958 Luctum
2195 3912 2361 3970 agant
2423 3903 2722 3975 daemones,
2782 3923 3171 3978 expressorum
3227 3931 3258 3970 a
3322 3921 3480 3976 vobis

1903 3992 2163 4062 martyris
2211 4001 2435 4049 strenue
2473 3995 2744 4056 factarum
2794 3998 3090 4066 formidine
3143 4011 3474 4068 conterriti:

1905 4083 2106 4139 ardens
2147 4085 2452 4156 victrixque
2499 4103 2699 4144 manus
2740 4091 2850 4148 illis
2897 4095 3097 4166 iterum
3132 4101 3476 4159 ostendatur.

1907 4175 2167 4240 Quinimo
2216 4178 2404 4234 eadem
2468 4180 2520 4234 in
2596 4181 2782 4238 tabula
2849 4190 3215 4246 certaminum
3275 4209 3479 4265 praeses

1902 4266 2159 4322 Christus
2187 4271 2542 4340 appingatur,
2583 4274 2673 4328 cui
2705 4275 2883 4346 gloria
2918 4280 2972 4333 in
3002 4283 3207 4347 saecula
3242 4291 3477 4343 saeculo-

1905 4374 2047 4414 rum.
2083 4361 2278 4427 Amen.
2305 4381 2325 4413 ›

1908 4448 2192 4518 Ejusdem,
2224 4468 2295 4515 ea:
2320 4455 2847 4537 ltr‘igintaca‘pitibus
2886 4463 2950 4520 de
3001 4461 3208 4537 Spiritu
3255 4482 3474 4537 sancte,

2257 4524 2331 4583 ad
2365 4524 2782 4595 Amphilochium
2809 4534 2827 4603 (
2849 4547 2974 4603 cap.
3000 4524 3066 4589 i3
3085 4538 3124 4604 ).

1983 4697 2001 4727 ‹
2033 4677 2190 4743 Quod
2224 4678 2341 4747 ipsa
2369 4695 2588 4751 quoque
2625 4686 2766 4754 regis
2799 4687 2980 4758 imago
3015 4705 3111 4746 rex
3149 4694 3473 4762 appelletur,

1902 4781 2251 4836 nequaquam
2288 4778 2582 4838 propterea
2608 4773 2719 4829 duo
2747 4786 2874 4832 sunt
2905 4794 3082 4850 reges.
3114 4780 3299 4853 Neque
3329 4787 3473 4840 enim

1903 4858 2183 4912 scinditur
2220 4859 2546 4929 imperium,
2592 4880 2772 4934 neque
2809 4868 2987 4938 gloria
3020 4869 3302 4928 dividitur.
3335 4874 3473 4930 Nam

1898 4949 2370 5021 quemadmodum
2409 4951 2706 5022 imperium
2748 4957 2920 5024 illud,
2981 4961 3144 5018 illave
3187 4975 3473 5034 potestas,

1895 5058 2017 5113 qum
2046 5043 2206 5097 nobis
2240 5042 2580 5111 dominatur,
2621 5064 2728 5103 una
2771 5059 2892 5119 est,
2937 5054 3023 5108 sic
3049 5056 3218 5110 etiam
3255 5058 3432 5130 gloria
3454 5100 3470 5122 ,

1896 5151 2005 5205 qua
2041 5135 2216 5206 ipsam
2250 5135 2596 5194 celebramus
2639 5157 2745 5200 una
2789 5151 2873 5198 est
2901 5184 2915 5209 ,
2955 5160 3067 5201 non
3121 5149 3329 5218 plures.
3382 5149 3472 5205 Si-

1897 5227 2118 5295 quidem
2159 5227 2340 5282 honor
2368 5229 2462 5299 qui
2497 5231 2723 5306 imagini
2772 5236 3024 5305 habetur,
3073 5241 3138 5296 ad
3187 5245 3472 5314 exemplar

1893 5319 2268 5377 transfertur:
2298 5322 2484 5393 itaque
2509 5326 2656 5393 quod
2685 5326 2798 5381 illic
2823 5337 2908 5384 est
2931 5331 3240 5390 imitatione
3262 5334 3468 5408 imago,

1731 5447 1962 5504 NOTAE.

285 5519 594 5618 (9.).Gra3ce
638 5548 907 5619 ἱεραρχία,
942 5545 1088 5625 quod
1133 5545 1501 5625 magisterium
1548 5561 1781 5625 sacrum,

209 5619 303 5672 hic
345 5617 647 5682 vertimus,
695 5617 826 5671 non
867 5617 1279 5686 pontificatum;
1338 5617 1472 5686 quia
1517 5630 1622 5667 vox
1679 5617 1781 5668 ista

209 5691 355 5760 apud
417 5691 642 5760 angelos
681 5685 886 5742 locum
943 5701 1053 5741 non
1092 5685 1275 5740 habet.
1323 5685 1478 5754 Apud
1509 5701 1606 5740 nos
1652 5701 1781 5747 vero

1895 5546 2282 5625 tspdpanjlle
2307 5556 2401 5625 _est
2433 5550 2528 5619 qui
2563 5565 2670 5604 non
2692 5553 2898 5625 solum
2931 5555 3116 5611 divina
3165 5558 3346 5625 docet,
3372 5559 3468 5618 sed

1889 5615 2066 5684 et’qui
2113 5615 2467 5704 administrari
2501 5622 2812 5704 ea,_quibus
2862 5629 3184 5704 erudimur;
3223 5615 3467 5704 adeoque

1890 5701 2140 5742 sunnnus
2169 5689 2449 5757 sacerdos,
2487 5691 2850 5765 pontifexque
2879 5689 3215 5771 nominatur.
