3960 6198
434 239 570 305 liti}

1597 241 1657 299 S.
1696 239 2016 302 JOANNIS
2054 241 2480 302 DAMASCENI

3558 233 3707 298 1264

428 362 531 415 hoc
565 363 688 415 istic
726 367 924 414 natura
959 356 1134 411 Filius
1170 363 1255 409 est
1282 373 1294 407 :
1325 367 1392 406 ac
1428 351 1575 404 sicut
1616 352 1670 404 in
1711 351 1997 406 artcfactis

2109 353 2377 422 ὗμοξωσις,
2426 350 2569 404 οὕτω
2621 350 2714 401 καὶ
2767 349 2861 400 ἐπὶ
2905 349 3004 418 τῆς
3036 348 3181 411 θείας
3235 347 3329 402 καὶ
3377 351 3705 403 ﬁrm-bitas

428 455 483 507 in
519 453 635 522 ipsa
673 450 851 505 lorma
897 448 1154 502 consistit
1194 441 1505 498 similitudo
1530 482 1544 505 ,
1593 443 1672 496 sic
1713 443 1769 494 in
1813 442 1998 494 divina

427 543 907 612 incnuipositaque
948 548 1179 602 natura,
1221 537 1276 590 in
1326 533 1559 590 Deitatis
1612 532 2001 587 communione

427 634 744 703 conjunctio
772 634 877 689 sita
908 641 1013 686 est.
1045 649 1064 682 ι

497 727 789 782 Comment.
832 721 986 789 Quod
1026 722 1072 776 si
1116 719 1266 789 regis
1304 717 1486 787 imago
1526 730 1625 770 rex
1664 718 1785 777 est,
1823 713 2003 782 imago

430 831 650 890 quoque
680 813 887 869 Christi
910 850 925 874 ,
953 811 1210 866 Christus
1241 808 1350 860 erit
1371 849 1385 873 ,
1416 814 1583 874 atque
1615 805 1794 871 imago
1825 801 2001 856 sancti

433 919 659 966 sanctus
689 905 816 960 erit.
849 903 955 957 Nec
987 899 1264 956 scinditur
1306 897 1598 965 imperiunm
1620 935 1637 959 ,
1682 908 1781 947 nec
1828 891 2002 960 gloria

433 1000 744 1063 dividitur;
781 993 878 1050 sed
914 993 1010 1062 qui
1047 991 1282 1045 habetur
1314 987 1543 1056 imagini
1582 985 1783 1046 honor,
1816 983 1869 1036 in
1903 982 2004 1034 bo-

431 1106 628 1147 norem
663 1088 810 1140 illius
839 1082 1020 1146 cedit,
1049 1095 1210 1152 quem
1251 1077 1422 1133 refert
1457 1078 1657 1144 imago.
1683 1072 2005 1126 Formidant

431 1191 653 1238 sanctos
682 1180 786 1248 ipsi
814 1177 1093 1230 dmmones
1111 1212 1125 1236 ,
1151 1186 1452 1238 eorumque
1484 1168 1702 1235 fugiunt
1729 1165 2002 1218 umbram.

431 1272 595 1342 Atqui
629 1270 814 1337 imago
849 1265 1044 1318 umbra
1082 1271 1202 1324 est,
1233 1271 1468 1327 eamque
1496 1256 1710 1310 idcirco
1739 1252 2002 1316 coniicio,

429 1378 538 1433 qua
564 1361 838 1414 daemones
864 1356 1163 1425 pellantur.
1193 1348 1350 1418 Quod
1380 1350 1427 1404 si
1456 1347 1644 1411 dicas,
1674 1345 1791 1400 sola
1821 1352 2004 1397 mente

431 1467 533 1509 nos
565 1450 675 1504 Deo
702 1446 965 1515 conjungi
995 1450 1294 1512 oportere;
1323 1454 1414 1493 res
1450 1438 1622 1507 igitur
1650 1450 1844 1490 omnes
1877 1447 2004 1487 cor-

432 1557 626 1614 porcas
656 1540 818 1599 tolle,
853 1533 1187 1593 luminaria,
1223 1546 1394 1587 suave
1432 1527 1686 1598 fragrans
1726 1523 2006 1580 suﬂimen-

433 1646 584 1697 tum,
625 1630 976 1703 precationes
1021 1624 1282 1688 vocales,
1319 1622 1556 1692 ipsamet
1610 1625 2000 1682 sacramenta,

429 1741 552 1798 quae
585 1741 650 1780 cx
689 1721 922 1778 materia
962 1717 1354 1789 perﬁciuntur,
1385 1726 1620 1784 panem,
1650 1711 1871 1773 vinum,
1901 1724 2003 1762 un-
2033 1696 2074 1749 Β

430 1821 634 1875 ctionis
663 1817 846 1870 oleum
869 1854 886 1879 ,
916 1810 1102 1866 crucis
1137 1809 1378 1877 signum.
1423 1804 1550 1858 llzec
1577 1802 1784 1872 quippe
1817 1800 2003 1854 omnia

429 1912 660 1969 materia
687 1916 985 1969 constant,
1013 1899 1478 1973 quemadmodum
1506 1911 1642 1950 crux
1673 1902 1727 1950 et
1752 1891 2004 1961 spongia,

430 2023 553 2078 quae
579 2005 828 2065 Christo,
855 1999 985 2054 dum
1010 1994 1167 2050 cruci
1199 1991 1391 2045 aﬂixus
1418 1996 1557 2050 erat.
1593 1995 1844 2058 porrecta
1871 1983 1999 2047 fuit,

431 2075 646 2154 arundo
680 2107 932 2166 quoque,
963 2098 1018 2145 et
1047 2089 1239 2142 lancea
1261 2125 1276 2148 ,
1303 2097 1426 2152 qua:
1452 2082 1599 2134 latus
1619 2119 1634 2143 ,
1663 2093 1730 2133 ex
1759 2091 1868 2147 quo
1896 2075 2007 2129 vita

433 2192 679 2263 profecta
717 2195 839 2252 est,
872 2181 1194 2256 perforavit.
1234 2179 1345 2232 Aut
1383 2176 1579 2229 horum
1619 2171 1866 2226 omnium
1908 2185 2007 2222 ve-

433 2261 776 2341 nerationem
819 2279 1000 2341 aufer,
1040 2271 1185 2342 quod
1238 2269 1355 2324 ﬁeri
1400 2278 1751 2336 nequaquam
1796 2261 2008 2332 possit,

433 2387 531 2432 aut
565 2373 860 2443 ncquidem
891 2367 1193 2436 imaginum
1227 2366 1491 2415 honorem
1543 2369 1764 2426 respue.
1815 2353 2008 2408 Divina

431 2467 609 2540 gratia
644 2466 714 2520 iis
744 2476 866 2534 qua:
900 2456 1130 2512 materia
1164 2458 1460 2512 constant,
1495 2446 1840 2507 conceditur,
1875 2443 2010 2513 quia

431 2538 624 2615 eorum
651 2563 848 2625 gerunt
877 2549 1103 2604 nomina
1122 2585 1136 2609 ,
1161 2559 1303 2614 quos
1329 2540 1600 2596 referunt.
1629 2538 1785 2591 Velut
1810 2550 2009 2605 rumpe

433 2663 676 2721 purpura
701 2654 755 2702 et
782 2645 1017 2700 sericum
1039 2678 1055 2702 ,
1081 2637 1340 2708 quodque
1365 2649 1434 2688 ev
1466 2632 1534 2686 iis
1563 2637 1894 2702 prtetextum
1925 2637 2008 2682 est

433 2743 816 2798 indumentum
839 2775 855 2800 ,
886 2749 951 2789 ex
987 2747 1046 2787 se
1079 2729 1187 2783 vile
1218 2725 1477 2796 quiddam
1511 2731 1565 2778 et
1603 2722 1844 2791 ignobile
1877 2727 2002 2774 est:

434 2927 712 2999 particeps
743 2918 1018 2982 honoris,
1052 2927 1164 2986 quo
1210 2916 1437 2981 przestat
1479 2907 1594 2962 ille.
1633 2905 1712 2959 lta
1751 2919 1840 2960 res
1882 2917 2006 2974 qua:

2100 442 2337 510 φύσεως,
2371 444 2429 493 ὲν
2458 443 2524 509 τῇ
2558 439 2814 509 κοινωνίᾳ
2848 439 3098 509 θεότητος
3129 440 3277 491 ἐστιν
3299 441 3335 509 ἡ
3360 439 3603 504 ἓνωσις.
3645 463 3664 488 ι

2170 722 2217 773 Σ
2220 719 2448 788 χόλων.
2476 717 2538 770 Εἰ
2559 719 2592 787 η
2626 715 2790 770 εἰκὼν
2817 713 2913 770 τοῦ
2945 716 3212 786 βασιλέως
3239 717 3358 772 ἐστὶ
3397 717 3704 787 βασιλεὺς,

2102 809 2196 862 καὶ
2216 809 2250 878 ἡ
2282 807 2447 860 είκὼν
2477 805 2572 859 τοῦ
2603 806 2873 875 Χριστοῦ,
2912 807 3170 878 Χριστὸς,
3198 809 3293 861 καὶ
3321 811 3356 878 ἡ
3393 807 3575 860 εἰκὼν
3605 808 3706 860 τοῦ

2101 899 2259 966 ἀγίου
2301 898 2476 966 ἆγιος.
2531 899 2642 951 Καὶ
2673 897 2798 950 οὔτε
2839 897 2901 950 τὸ
2947 899 3150 968 κράτος
3183 900 3456 968 σχίζεται,
3485 899 3629 951 οὔτε
3671 901 3709 966 ἡ

2101 989 2226 1052 δόξα
2253 987 2650 1057 διαμερίζεται,
2687 989 2805 1040 ἀλλ’
2830 990 2865 1056 ὴ
2893 989 3020 1053 δόξα
3061 990 3162 1059 τῆς
3211 990 3452 1052 εἰκόνος,
3486 990 3594 1041 τοῦ
3619 991 3705 1041 εξ-

2104 1079 2456 1148 κονιζομένου
2504 1079 2732 1146 γίνεται.
2755 1080 3040 1132 Δεδοίκασι
3071 1083 3198 1142 τοὺς
3243 1082 3439 1148 ἁγίους
3474 1083 3524 1134 οἱ
3576 1081 3704 1134 δαί-

2107 1186 2286 1240 μονες,
2321 1170 2416 1222 καὶ
2451 1171 2550 1239 τὴν
2585 1171 2741 1222 σκιὰν
2785 1167 2965 1222 αὐτῶν
3011 1163 3428 1241 δραπετεύουσι,
3472 1173 3618 1224 σκιά
3645 1171 3704 1224 δὲ

2105 1263 2200 1315 καὶ
2220 1264 2252 1332 ἡ
2275 1261 2459 1322 εἰκὼν,
2488 1262 2583 1314 καὶ
2599 1261 2804 1331 ταύτην
2821 1262 2978 1325 ποιῶ,
2991 1265 3067 1326 ὼς
3082 1265 3353 1332 δαιμόνων
3367 1263 3700 1332 ὲλάτειραν.

2103 1355 2168 1407 Εἰ
2194 1353 2250 1406 δὲ
2285 1353 2482 1423 χρῆναι
2509 1353 2688 1420 λέγοις
2718 1353 2920 1422 νοερῶς
2945 1353 3104 1422 μόνον
3129 1353 3251 1424 Θεῷ
3285 1355 3702 1419 συνάπτεσθαι,

2103 1445 2258 1500 ἄνελε
2283 1446 2459 1498 πάντα
2473 1443 2544 1496 τά
2571 1444 2881 1514 σωματικὰ,
2903 1444 2973 1497 τά
3000 1445 3176 1513 φῶτα,
3195 1446 3256 1497 τὸ
3271 1446 3704 1516 εὐῶδεςθυμία-

2105 1553 2210 1608 μα·
2242 1537 2412 1606 αὐτὴν
2437 1535 2535 1606 τὴν
2555 1535 2644 1588 διὰ
2663 1535 2762 1604 τῆς
2785 1535 2968 1605 φωνῆς
3001 1539 3335 1607 προσευχήνο
3356 1538 3504 1591 αὑτά
3537 1539 3613 1590 τὰ
3643 1539 3705 1605 ἐξ

2106 1629 2236 1700 ὕλης
2256 1628 2555 1698 τελούμενα
2590 1627 2710 1680 θεῖα
2740 1629 3036 1698 μυστήρια,
3067 1629 3158 1680 τὸν
3182 1628 3369 1699 ἄρτον,
3400 1630 3498 1682 τὸν
3520 1627 3701 1694 οἶνον,

2106 1723 2167 1775 τὸ
2192 1723 2292 1792 τῆς
2325 1721 2560 1792 χρίσεως
2596 1719 2795 1786 ἔλαιον,
2832 1719 2928 1774 τοῦ
2972 1721 3208 1791 σταυροῦ
3237 1722 3300 1774 τὸ
3349 1723 3697 1794 ὲκτὺπωμα.

2107 1813 2291 1866 Ταῦτα
2341 1812 2450 1882 γὰρ
2503 1812 2681 1866 πάντα
2727 1811 2863 1881 ὕλη·
2911 1813 2941 1865 6
2986 1814 3243 1882 σταυρὸς,
3287 1815 3317 1866 6
3371 1815 3474 1884 τῆς
3527 1832 3703 1868 mu-

2108 1904 2330 1976 ρώσεως
2360 1904 2620 1972 σπόγγος,
2654 1903 2747 1957 καὶ
2766 1902 3033 1973 κάλαμος,
3063 1905 3157 1957 καὶ
3192 1906 3226 1975 ἠ
3259 1905 3362 1976 τὴν
3397 1907 3702 1978 (mm-Apoc

2107 1995 2350 2066 πλευρὰν
2373 1995 2578 2060 νύξασα
2605 1994 2797 2064 λόγχη.
2825 1994 2896 2047 Ἦ
2916 1994 3121 2049 τούτων
3149 1996 3405 2049 ἀπάντων
3436 1998 3605 2050 ἀνελε
3635 2001 3700 2052 τὸ

2108 2086 2290 2150 σέϐας,
2330 2086 2467 2156 ὅπερ
2504 2083 2789 2146 ἀδύνατον,
2833 2084 2868 2154 ἢ
2912 2083 2987 2153 μὴ
3042 2085 3341 2139 ἀπαναίνου
3389 2086 3528 2157 μηδὲ
3590 2087 3699 2158 τὴν

2104 2179 2214 2231 τῶν
2239 2177 2463 2230 εἰκόνων
2493 2177 2680 2246 τιμήν.
2727 2177 2902 2246 Χάρις
2950 2175 3154 2229 δίδοται
3207 2177 3326 2230 θεία
3362 2182 3485 2242 ut;
3533 2180 3699 2242 ὕλαις

2106 2269 2196 2322 διὰ
2237 2269 2338 2338 τῆς
2383 2267 2490 2320 τῶν
2536 2266 2955 2336 είκονιζομένων
3018 2268 3409 2338 προσηγορίας.
3472 2271 3698 2343 Ὠσπερ

2108 2361 2254 2414 λιτὸν
2291 2362 2325 2429 ἡ
2353 2357 2592 2428 κογχύλη
2629 2356 2752 2410 καθ’
2789 2357 3007 2428 ἑαυτὴν,
3039 2360 3135 2410 καὶ
3170 2359 3206 2427 ἠ
3239 2359 3471 2427 μέταξα,
3499 2365 3602 2414 καὶ
3639 2365 3702 2414 τὺ

2107 2455 2170 2520 ἐξ
2187 2455 2389 2524 ἀμφοῖν
2415 2451 2788 2520 ὲξυφασμένον
2810 2451 3026 2522 ἱμάτιον
3048 2469 3061 2482 ο
3081 2453 3146 2505 ἂν
3167 2453 3225 2505 δὲ
3248 2453 3507 2522 βασιλεὺς
3529 2456 3703 2509 τοῦτο

2108 2546 2424 2616 περίθηται,
2449 2545 2513 2597 ὲκ
2535 2545 2634 2614 τῆς
2662 2540 2974 2614 προσούσης
2999 2543 3080 2614 τῷ
3106 2544 3476 2614 ἠμφιεσμένῳ
3499 2549 3699 2616 τιμῆς,

2106 2637 2185 2706 τῷ
2225 2634 2577 2705 ἀμφιάσματι
2627 2634 2972 2704 μεταδίδοται
3001 2651 3015 2665 ο
3056 2635 3231 2698 οὕτως
3277 2637 3376 2690 καὶ¹
3430 2641 3490 2691 αἱ
3539 2639 3698 2702 ὗλαι,

2106 2729 2268 2782 αὐταὶ
2297 2727 2396 2798 μὲν
2427 2726 2550 2780 καθ’
2577 2727 2778 2789 ἑαυτὰς
2824 2725 3256 2798 ἀπρΟσκὺνητοι,
3281 2729 3346 2783 ἂν
3374 2731 3432 2784 δὲ
3463 2733 3699 2802 χάριτος

2105 2820 2193 2889 εἴη
2225 2819 2440 2890 πλήρης
2459 2819 2489 2870 6
2509 2816 2926 2886 εἰκονιζόμενος,
2957 2819 3175 2888 μέτοχοι
3197 2821 3420 2892 χάριτος
3443 2826 3698 2890 γίνονται

2105 2910 2228 2963 κατ’
2252 2909 2546 2976 ἀναλογίαν
2576 2908 2673 2978 τῆς
2703 2906 2960 2971 πίστεως.
2992 2903 3146 2962 Εἶδον
3183 2913 3234 2963 oi
3270 2912 3573 2968 ἀπόστολοι
3605 2917 3698 2967 τὸν

435 2995 668 3073 iuatcria
714 3016 1012 3072 constant,
1060 3023 1126 3062 ex
1178 3019 1238 3060 se
1286 3000 1509 3072 quidem
1555 2995 1847 3052 adorandae
1891 3011 2001 3050 non

2109 3001 2315 3072 Κύριον
2349 3002 2686 3070 σωματικοῖς
2711 2997 3032 3069 ὀφθαλμοῖς,
3065 3001 3162 3054 κα)⁵
3192 3003 3318 3066 τοὺς
3351 3005 3699 3071 ἀποστόλους

434 3119 563 3167 sunt
587 3125 603 3162 :
630 3116 686 3160 at
713 3106 757 3162 si
791 3103 968 3174 gratia
1002 3098 1195 3168 plenus
1219 3096 1293 3150 sit
1325 3095 1374 3148 is
1395 3107 1559 3162 quem
1587 3089 1693 3145 illa:
1720 3087 1998 3149 referunt,

435 3217 538 3272 pro
559 3199 683 3253 ﬁdei
717 3198 932 3250 ratione
964 3193 1097 3261 ipsa;
1125 3201 1344 3259 quoque
1373 3185 1606 3254 gratiam
1640 3178 2001 3250 profundunt.

432 3289 686 3361 Apostuli
709 3286 1003 3341 Dominum
1031 3279 1320 3349 corporeis
1353 3275 1534 3329 oculis
1560 3281 1961 3340 conspexerunt
1985 3287 2002 3335 ;

434 3379 719 3452 apostolos
751 3375 844 3430 alii
872 3380 1001 3427 sunt
1041 3367 1344 3438 conspicati
1372 3384 1386 3431 ;
1441 3373 1710 3433 martyres
1749 3361 2006 3415 viderunt

434 3473 568 3528 alii:
602 3484 733 3540 ergo
764 3477 988 3538 quoque
1019 3459 1144 3516 illos
1182 3472 1307 3512 cum
1351 3456 1536 3510 animo
1558 3493 1573 3517 ,
1618 3462 1734 3508 tum
1776 3468 2007 3523 corpore

433 3561 758 3632 conspicere
783 3556 978 3613 vellem
1001 3592 1016 3618 ,
1043 3550 1191 3606 unde
1217 3547 1518 3604 remedium
1543 3560 1870 3616 consequar,
1896 3561 2006 3615 quo

434 3656 642 3713 malum
676 3665 841 3707 omne
873 3644 1238 3718 propellatur.
1293 3639 1373 3694 Ex
1406 3637 1610 3708 duplici
1646 3637 1850 3707 quippe
1906 3654 2006 3693 na-

433 3758 560 3803 tura
589 3759 712 3800 sum
744 3739 1032 3796 conditus:
1063 3734 1254 3804 sicque
1289 3733 1342 3788 id
1370 3733 1517 3802 quod
1546 3732 1666 3787 visu
1695 3732 1856 3802 322
1882 3747 2004 3786 cer-

435 3840 588 3897 nitur
613 3835 914 3906 aspiciens,
942 3828 1077 3884 illud
1105 3841 1364 3893 veneror,
1390 3841 1501 3882 non
1527 3837 1786 3896 tanquam
1813 3823 2002 3890 Deum,

434 3931 528 3988 sed
548 3939 809 4000 tanquam
833 3922 1164 3980 veneranda
1187 3922 1269 3976 rei
1286 3920 1602 3976 venerabile
1622 3918 2004 3974 simulacrum.

434 4024 542 4080 Sed
574 4031 632 4078 tu
659 4019 881 4093 quidem
915 4005 1150 4072 fortasse
1181 4013 1473 4070 sublimior
1503 4027 1598 4076 es,
1633 4020 1798 4080 atque
1827 4024 1858 4063 a
1887 4025 2006 4063 ma-

433 4118 573 4171 teria
604 4111 906 4177 remotior;
957 4123 1022 4163 ac
1075 4120 1244 4178 supra
1295 4118 1500 4175 corpus
1553 4102 1854 4166 incedens,
1905 4115 2004 4155 ceu

433 4207 583 4262 nullo
611 4204 798 4258 carnis
847 4199 1095 4272 pondere
1147 4197 1360 4268 gravis,
1418 4195 1470 4249 id
1523 4209 1686 4249 omne
1734 4193 2004 4263 despicis,

433 4297 581 4370 quod
612 4297 669 4350 in
704 4301 983 4365 aspectum
1013 4291 1181 4346 cadit.
1215 4290 1328 4360 Ego
1359 4301 1492 4342 vero
1521 4287 1684 4341 homo
1713 4301 1836 4341 cum
1865 4287 1966 4340 sim
1987 4323 2002 4347 ,

2105 3094 2306 3162 ἕτεροι,
2328 3091 2423 3144 καὶ
2456 3092 2583 3154 τοὺς
2621 3091 2905 3162 μάρτυρας
2934 3091 3133 3162 ἕτεροι.
3163 3093 3324 3147 Ποθῶ
3361 3096 3527 3164 κάγὼ
3564 3099 3698 3152 τοῦ.

2105 3203 2234 3248 τους
2258 3187 2390 3256 ὀρᾷν
2417 3183 2562 3254 ψυχῇ
2587 3201 2645 3237 τε
2681 3184 2774 3236 καὶ
2801 3182 3036 3254 σώματι,
3063 3187 3158 3238 καὶ
3185 3187 3332 3256 ἐχειν
3357 3187 3700 3252 ἀλεξίκακον

2106 3276 2420 3345 φάρμακον,
2456 3274 2580 3326 ἐπεὶ
2626 3273 2848 3336 διπλοῦς
2876 3273 3134 3344 ἐκτισμαι
3155 3293 3171 3307 ο
3199 3277 3295 3330 καὶ
3333 3279 3484 3348 ὀρῶν
3514 3297 3695 3350 προσ-

2107 3361 2254 3415 κυνῶ
2278 3361 2342 3414 τὸ
2375 3358 2674 3431 ὁρώμενον,
2718 3359 2817 3428 οὐχ
2847 3359 2923 3422 ὡς
2963 3359 3117 3423 Θεὸν,
3160 3360 3278 3413 ἀλλ’
3305 3361 3384 3424 ὡς
3423 3365 3643 3432 τιμίων
3670 3377 3688 3413 ι

2108 3453 2394 3525 είκόνισμα
2418 3453 2618 3522 τίμιον.
2647 3450 2874 3520 Σὺκμὲν,
2907 3451 2984 3513 ὡς
3008 3450 3194 3521 τυχὸν,
3235 3453 3442 3524 ὑψηλός
3472 3472 3560 3520 τε,
3600 3458 3697 3509 καὶ

2107 3545 2292 3610 ἇῦλος,
2323 3545 2420 3598 καὶ
2441 3545 2582 3614 ὑπὲρ
2609 3543 2672 3596 τὸ
2692 3543 2855 3614 σῶμα
2881 3551 3197 3613 γενόμενος,
3224 3545 3320 3599 καὶ
3355 3541 3472 3601 οἷον
3515 3551 3696 3622 ἀσαρ-

2106 3655 2224 3702 κος,
2253 3637 2590 3700 καταπτύεις
2632 3639 2742 3690 πᾶν
2771 3636 2834 3690 τδ
2871 3635 3182 3707 δρώμενονο
3227 3638 3342 3692 ἀλλ’
3378 3640 3517 3708 ἐγὼ,
3569 3645 3695 3696 ἐπεὶ

2106 3727 2395 3798 ἄνθρωπός
2441 3728 2578 3796 είμι,
2625 3725 2722 3778 καὶ
2773 3727 2931 3796 σῶμα
2984 3727 3340 3798 περίκειμαι,
3383 3730 3548 3782 ποθῶ
3595 3733 3695 3786 καὶ

2107 3820 2442 3893 σωματικῶς
2465 3820 2699 3890 ὁμιλεῖν,
2729 3819 2824 3872 καὶ
2849 3821 2984 3890 ὀρᾷν
3010 3819 3082 3873 τὰ
3101 3821 3265 3889 ἀγια·
3302 3826 3690 3896 συγκατάδηθι

2105 3915 2186 3985 τῷ
2221 3912 2467 3981 ταπεινῷ
2496 3927 2598 3980 μου
2627 3911 2938 3982 φρονήματι
2964 3913 2993 3965 6
3013 3911 3236 3984 ὑψηλὸς,
3270 3914 3360 3968 ἵνα
3389 3932 3490 3968 σου
3519 3921 3692 3988 τηρῇ-

2109 4021 2209 4078 σῃς
2237 4004 2297 4058 τὸ
2338 4003 2561 4074 ὑψηλόν.
2595 4002 2952 4072 Ἀποδέχεται
2978 4003 3183 4074 Κύριος
3217 4005 3309 4060 τὸν
3355 4006 3506 4076 πρὸς
3530 4009 3688 4060 αὐτόν

2112 4120 2212 4172 μου
2239 4101 2425 4163 πόθον,
2457 4102 2552 4154 καὶ
2596 4103 2722 4165 τοὺς
2754 4101 2991 4166 οἰκείους
3046 4100 3236 4156 αὑτοῦ.
3274 4089 3476 4170 Χαίρεί
3502 4100 3613 4170 γάρ
3660 4101 3688 4152 6

2105 4193 2396 4262 δεσπότης,
2436 4192 2922 4262 ὲγκωμιαζομένου
2977 4192 3164 4245 δούλου
3223 4192 3610 4262 εὐγνώμονος,
3661 4192 3691 4244 6

2112 4284 2283 4354 μέγας
2329 4284 2433 4354 ἔφη
2475 4283 2760 4346 Βασίλειος
2817 4283 3183 4353 ἐγκωμιάζων
3231 4284 3359 4346 τοὺς
3411 4282 3690 4352 τεσσαρά-

433 4399 489 4447 et
514 4402 745 4458 corpore
769 4387 1029 4448 vestitus,
1055 4397 1180 4437 cum
1218 4380 1284 4435 iis
1311 4394 1433 4448 qua:
1469 4384 1658 4434 sancta
1693 4387 1855 4438 sunt,
1882 4390 1996 4430 cor-

2113 4391 2280 4427 κοντα
2333 4373 2642 4443 μάρτυρας.
2697 4373 2891 4444 Ἀθρει
2948 4373 3006 4426 δὲ
3049 4367 3140 4427 οἷα
3172 4373 3269 4426 καὶ
3315 4371 3545 4442 Γόρδιον
3598 4371 3689 4423 τὸν

433 4495 567 4552 pore
595 4477 802 4534 versari
834 4475 1020 4546 cupio,
1058 4486 1234 4542 eaque
1268 4470 1443 4524 oculis
1477 4467 1754 4523 contueri.
1794 4465 1876 4520 Tu
1909 4465 2004 4535 qui

2117 4463 2360 4532 ἀοίδιμον
2381 4463 2656 4533 γεραίρων
2683 4463 2712 4502 ιι
2741 4463 2928 4534 φησίν.

432 4547 730 4642 praecelsus
757 4583 816 4622 es
836 4607 852 4633 ,
886 4562 1115 4618 humilis
1146 4575 1345 4616 sensus
1381 4558 1486 4613 mei
1519 4556 1786 4610 rationem
1825 4554 1963 4609 habe
1985 4593 2000 4617 ,
2045 4559 2104 4605 ut
2133 4559 2283 4604 tuam
2313 4551 2432 4620 ipse
2457 4564 2647 4604 serves
2671 4549 3081 4605 celsitudinem.
3140 4547 3316 4604 Meum
3386 4547 3688 4603 adversum

443 4640 506 4720 se
569 4660 891 4727 amicosque
961 4668 1096 4711 suos
1143 4650 1388 4709 studium
1466 4647 1854 4719 complectitur
1929 4643 2217 4698 Dominus.
2269 4640 2482 4696 Gaudet
2533 4641 2682 4696 enim
2724 4642 3019 4705 dominus,
3062 4655 3188 4695 eum
3235 4640 3685 4696 addictissimum

437 4755 543 4812 sibi
593 4751 860 4808 famulum
897 4747 1156 4802 laudibus
1191 4742 1330 4799 allici
1369 4743 1570 4799 viderit
1610 4758 1625 4794 :
1663 4735 2129 4813 quemadmodum
2181 4749 2412 4805 magnus
2437 4732 2674 4790 Basilius
2704 4734 2810 4798 ait,
2846 4734 2903 4788 in
2967 4748 3032 4789 ea
3071 4733 3358 4798 oratione,
3426 4747 3540 4803 qua
3608 4748 3676 4788 xi.

435 4854 707 4917 martyres
731 4841 1013 4913 praedicat.
1037 4839 1107 4892 At
1128 4837 1313 4893 videas
1334 4838 1494 4892 velim
1531 4834 1664 4906 quid
1699 4835 1971 4888 illustrem
2011 4828 2276 4884 Gordium
2309 4827 2598 4883 celebrans
2629 4828 2850 4883 dixerit.

539 4937 599 4998 S.
634 4936 862 5002 Basilii,
891 4948 956 4989 ex
986 4932 1306 5056 sergonzoin
1339 4939 1583 4985 sanctum
1617 4939 1904 4996 martyrem

1128 5019 1187 5054 or
1229 5017 1355 5054 mm.

1128 5017 1355 5054 oratum.

513 5119 533 5152 ι
563 5096 846 5151 ιαιιυιιιυι-
874 5093 1060 5166 populi
1094 5092 1285 5146 laetitia
1315 5089 1592 5161 spirituali
1617 5129 1634 5151 ,
1667 5103 1736 5143 ex
1769 5087 1888 5142 sola
1922 5099 2012 5140 re-

2113 4921 2229 4977 Τοῦ
2269 4920 2443 4990 ἁγίου
2493 4922 2855 4985 Βασιλείου,
2899 4920 2968 4974 ἐκ
3004 4920 3112 4974 τοῦ
3139 4924 3227 4988 εἰς
3278 4920 3541 4989 Γόρδιον·
3585 4920 3683 4974 τὸν

2630 4991 2906 5059 μάρτυρα
2940 4993 3147 5060 λόγου.

2185 5102 2204 5135 ι
2244 5080 2640 5153 Εὐφραίνονται
2665 5082 2786 5136 λαοὶ
2811 5082 3151 5153 εὐφροσύνην
3173 5082 3561 5151 πνευματικὴν
3592 5080 3677 5132 ἐπὶ

438 5204 560 5243 rum
585 5203 703 5256 quae
733 5201 764 5240 a
797 5184 1115 5254 virisjustis
1145 5192 1312 5254 gesta:
1348 5188 1480 5236 sunt
1507 5178 1922 5240 recordatione,
1953 5183 2004 5230 et

2113 5173 2252 5245 μόνη
2274 5176 2342 5243 τῇ
2359 5173 2669 5243 ὑπομνήσει
2689 5173 2798 5226 τῶν
2823 5175 2936 5237 τοῖς
2957 5171 3184 5234 δικαίοις
3207 5171 3676 5240 κατωρθωμένων,

436 5277 742 5343 audiendo,
781 5277 848 5332 ad
884 5273 1217 5331 imitandum
1265 5279 1658 5343 provocamur.
1707 5267 1842 5323 Nam
1885 5268 2011 5322 illo-

437 5387 555 5427 rum
589 5371 683 5443 qui
721 5369 891 5441 probe
935 5376 1235 5438 sancteque
1276 5365 1564 5430 vixerunt,
1607 5361 1842 5418 historia
1894 5360 2005 5415 illis

2106 5265 2188 5328 είς
2221 5264 2382 5335 ζῆλον
2414 5264 2507 5317 καὶ
2535 5264 2764 5336 μίμησιν
2798 5263 2909 5316 τῶν
2947 5262 3186 5331 ἀγαθῶν,
3221 5262 3317 5330 ἀφ’
3351 5255 3429 5314 ὧν
3458 5261 3677 5313 ἀκούου-

2113 5375 2220 5426 σιν,
2277 5357 2612 5428 ὲναγόμενοι.
2637 5357 2708 5409 Ἠ
2741 5355 2852 5428 γὰρ
2902 5354 3010 5410 τῶν
3040 5353 3443 5408 εὐπολιτεύτων
3471 5350 3671 5423 ἀνδρῶν

1629 5535 1862 5593 VARUE
1909 5535 2202 5593 LECTION
2212 5534 2308 5592 ES.

513 5636 530 5688 l
568 5638 716 5690 Orat.
749 5635 806 5699 2,
835 5632 1038 5702 τιμίουζ
1121 5630 1147 5671 ιι
1180 5629 1403 5697 Ibidem,
1437 5629 1517 5700 τῷ
1567 5627 1734 5698 λόγῳ.

1603 5765 1634 5781 -ι
