3864 6198
178 361 325 422 1265

1300 369 1397 428 DE
1438 369 1896 429 [MAGINIBUS
1920 367 2202 428 ORATIO
2236 366 2285 426 Ι.

3314 363 3449 427 1266

176 470 423 540 ἱστορία,
465 464 579 523 οἷόν
606 487 659 523 τι
693 471 808 539 φῶς
844 475 959 536 τοῖς
1008 476 1336 545 σωζομένοις
1372 479 1510 548 πρὸς
1542 478 1641 548 τὴν
1670 480 1753 532 τοῐ

1870 479 1965 546 qui
2000 485 2288 547 compotes
2320 475 2520 530 salutis
2554 473 2729 535 fiunt,
2768 472 2917 527 velut
2949 472 3135 527 lumen
3172 474 3447 543 quoddam

177 564 305 633 βίου
354 562 473 616 ὁδὸν
526 563 764 632 ἐμποιεῖ.
796 582 815 616 ι
876 564 985 618 Kal
1031 566 1224 619 πάλιν·
1266 587 1285 619 ι
1316 568 1480 622 Ὥστε
1517 570 1645 623 ὅταν
1681 570 1759 623 δι-

170 655 450 725 ηγὼμεθα
473 655 600 718 τοὺς
622 655 773 724 βίους
814 655 924 709 τῶν
949 656 1364 728 διαπρεψάντων
1388 662 1446 713 ὲν
1479 661 1755 733 εὐσεϐείᾳ,

171 746 480 817 δοξάζομεν
524 745 741 817 πρῶτον
788 746 882 801 τὸν
925 750 1206 820 Δεσπότην
1237 751 1324 806 διὰ
1367 751 1475 807 τῶν
1516 753 1754 807 δούλων’

172 834 605 906 ἐγκωμιάζομεν
633 836 693 889 δὲ
728 838 855 900 τούς
894 837 1135 902 δικαίους
1174 840 1263 893 διὰ
1306 841 1405 910 τῆς
1448 842 1758 912 μαρτυρίας

175 921 255 981 ὧν
288 928 449 997 ῐσμεν
474 944 489 959 ⁸
518 928 887 1002 εὐφραίνομεν
909 930 968 985 δὲ
988 930 1113 995 τοὺς
1143 932 1327 999 λαοὺς,
1353 934 1443 988 διὰ
1470 933 1569 1005 τῆς
1586 934 1759 1005 ἀκοῆς

177 1020 291 1073 τῶν
320 1020 528 1076 καλῶν.
565 1040 585 1072 ³

248 1202 535 1271 Σχόλιον.
575 1202 738 1273 Ὅρα,
769 1204 845 1268 ὡς
875 1204 1012 1259 Θεοῦ
1043 1206 1141 1276 μὲν
1162 1207 1340 1274 δόξαν,
1366 1207 1473 1261 τῶν
1502 1208 1557 1262 δὲ
1588 1209 1758 1277 ἁγίων

173 1293 478 1364 ἐγκώμιον,
505 1293 615 1347 τῶν
654 1295 712 1348 δὲ
743 1296 888 1349 λαῶν
935 1298 1276 1370 εὐφροσύνην
1320 1301 1413 1354 καὶ
1458 1302 1755 1373 σωτηρίαν,

173 1387 208 1454 ἡ
272 1387 463 1456 μνήμη
515 1386 624 1441 τῶν
680 1388 852 1455 ἁγίων
913 1390 1220 1461 συνίστησι.
1276 1392 1343 1445 Τί
1395 1390 1488 1447 οὖν
1550 1395 1757 1466 ταύτην

172 1477 469 1547 ἀψαιρεῖω
502 1479 620 1532 Ὀτι
670 1479 728 1532 δὲ
757 1480 845 1532 διὰ
877 1480 1037 1549 λόγου
1092 1484 1185 1537 καὶ
1212 1485 1439 1539 εἰκόνων
1486 1489 1518 1558 ἡ
1563 1490 1756 1560 μνήμη

174 1566 415 1635 γίνεται,
456 1569 622 1638 φησιν
652 1570 680 1621 ὁ
713 1570 877 1634 αὐτὸς
908 1571 1050 1635 θεῖος
1078 1574 1383 1639 Βασίλειος.

179 1745 297 1798 Τοῦ
328 1746 516 1799 αὐτοῦ
553 1747 749 1815 ἁγίου,
779 1751 866 1816 εἰς
895 1750 1002 1805 τὸν
1026 1754 1283 1821 Γόρδιον
1326 1756 1431 1811 τὸν
1458 1756 1751 1829 μάρτυρα.

253 1857 272 1888 ι
297 1839 508 1909 ’Ὠσπερ
541 1840 650 1911 γὰρ
680 1841 758 1911 τῷ
804 1844 938 1914 πυρὶ¹
967 1845 1290 1917 αὐτομάτως
1327 1848 1523 1903 ἕπεται
1552 1852 1613 1905 τὸ
1642 1870 1754 1921 φω-
1792 1829 1831 1884 Β

172 1929 369 1995 τίζειν,
394 1933 488 1982 καὶ
512 1931 589 2001 τῷ
628 1932 787 2004 μύρῳ
808 1934 867 1987 τὸ
900 1935 1143 2001 εὐωδεῖν,
1172 1939 1319 1993 οὕτω
1348 1943 1438 1995 καὶ
1470 1946 1589 2006 ταῖς
1620 1947 1756 2014 ἀγα-

172 2020 298 2083 θαίς
330 2021 615 2091 πράξεσιν,
654 2027 967 2093 ἀναγκαίως
1017 2030 1305 2084 ἀκολουθεί
1353 2034 1414 2086 τὸ
1456 2035 1749 2106 ὠφέλιμον.

176 2111 375 2164 Καίτοι
428 2113 547 2167 οὐδὲ
574 2115 730 2170 τοῦτο
763 2119 990 2190 μικρὸν,
1024 2122 1266 2192 ἀκριϐῶς
1295 2128 1478 2196 τυχεῖν
1500 2127 1597 2198 τῆς
1630 2128 1756 2201 ἀλη-

174 2201 331 2265 θείας
362 2202 470 2256 τῶν
499 2204 640 2259 τότε.
680 2207 929 2277 Ἀμυδρὰ
979 2213 1086 2282 γάρ
1134 2231 1219 2277 τις
1252 2218 1443 2288 μνήμη
1481 2220 1561 2283 εἰς
1607 2223 1755 2291 ἡμᾶς

174 2294 415 2367 διεδόθη,
441 2297 540 2360 τὰς
582 2298 674 2351 ἐπὶ
705 2300 814 2354 τῶν
846 2302 1073 2370 ἀγώνων
1116 2306 1488 2377 ἀνδραγαθίας
1526 2312 1622 2365 τοῦ
1662 2315 1755 2368 ἁν-

172 2383 303 2455 δρδς
330 2385 693 2456 διασώζουσα,
726 2391 821 2444 καί
871 2410 988 2457 πως
1012 2394 1163 2449 δοκεί
1205 2398 1273 2451 τὰ
1311 2401 1434 2455 καθ’
1462 2404 1609 2472 ἡμᾶς
1642 2408 1755 2470 τοῖς

171 2479 285 2533 τῶν
315 2480 625 2551 ζωγράφων
659 2487 1062 2555 προσεοικέναι.
1091 2490 1200 2544 Καὶ
1218 2493 1328 2564 γὰρ
1353 2497 1572 2561 ἐκεῖνοι,
1607 2498 1756 2552 ἐπει-

171 2569 270 2623 δὰν
302 2572 362 2639 ἐξ
394 2573 614 2629 εἰκόνων
652 2580 1042 2650 μεταγράφωσι
1084 2582 1187 2648 τὰς
1216 2586 1450 2655 εἰκόνας,
1484 2590 1754 2657 πλεῖστον,

174 2662 252 2726 ὡς
274 2664 444 2730 εἰκὸς,
478 2666 585 2721 τῶν
613 2669 940 2740 ἀρχετύπων
961 2674 1454 2747 ἀπολιμπάνονται.
1476 2683 1587 2736 Καὶ
1611 2684 1756 2754 ἡμᾶς

174 2754 347 2824 αὐτῆς
378 2758 479 2827 τῆς
500 2757 629 2824 θέας
656 2761 765 2814 τῶν
788 2765 1131 2835 πραγμάτων
1155 2770 1609 2841 ἀπολειφθέντας,
1638 2776 1755 2832 κίν-

174 2846 330 2911 δυνος
355 2849 416 2902 οὐ
453 2853 651 2923 μικρὸς
675 2855 776 2925 τὴν
807 2857 1063 2929 ἀλήθειαν
1095 2860 1422 2919 ἐλαττῶσαι.
1448 2883 1468 2916 ι

510 3029 643 3084 Ἐπί
683 3032 844 3087 τέλει
876 3034 986 3090 τοῦ
1013 3037 1201 3093 αὐτοῦ
1227 3040 1436 3108 λόγου.

1860 570 2291 636 subministrat,
2321 585 2433 639 quo
2461 566 2529 622 ad
2561 567 2734 622 vitam
2768 572 3021 636 pergant.
3045 584 3062 616 ι
3092 564 3157 618 Ει
3181 582 3400 620 rursum
3428 582 3445 621 ε

1869 684 1887 715 ι
1915 663 2288 735 Quapropter,
2321 661 2543 733 quando
2603 660 2772 715 vitam
2816 673 3044 725 eorum,
3098 659 3192 728 qui
3242 659 3450 729 pietate

1861 758 2108 827 insignes
2141 755 2376 819 fuerim,
2406 768 2776 815 enarramus;
2812 752 3051 822 primum
3085 750 3305 820 quidem
3338 751 3448 803 Do-

1861 849 2071 902 minum
2108 847 2160 901 in
2194 847 2374 902 servis
2409 845 2793 899 honoramus:
2835 844 3035 898 deinde
3065 843 3247 912 justos
3281 854 3450 895 orna-

1862 957 1986 996 mus
2008 982 2023 1006 ,
2055 956 2117 994 ea
2152 938 2504 994 testificando
2527 976 2542 1000 ,
2582 951 2707 1007 qua!
2748 936 2909 991 nobis
2955 942 3240 1004 comperta
3275 941 3445 988 sunt:

1858 1030 2081 1085 domum
2113 1030 2451 1085 laetiticamus
2480 1027 2735 1099 populos,
2778 1027 2907 1081 dum
2953 1041 3041 1081 res
3072 1026 3311 1095 optimas
3346 1039 3446 1077 au—

1859 1122 2039 1176 diunt.
2087 1139 2106 1172 ι

1932 1213 2233 1268 Comment.
2277 1211 2410 1267 Vide
2443 1210 2724 1281 Quomodo
2757 1218 3075 1265 sanctorum
3109 1221 3448 1261 commento»

1862 1306 2041 1370 ratio,
2087 1312 2203 1359 tum
2248 1303 2361 1359 Deo
2404 1304 2669 1376 gloriam,
2716 1311 2831 1356 tum
2874 1300 3010 1371 ipsis
3044 1299 3294 1362 laudem,
3330 1306 3446 1353 tum

1860 1398 2103 1468 denique
2150 1396 2396 1453 laetitiam
2449 1395 2706 1474 populis,
2762 1396 3109 1461 salutemque
3163 1391 3444 1445 conciliet.

1864 1490 1979 1545 Cur
2006 1490 2179 1561 igitur
2208 1505 2332 1548 eam
2375 1490 2573 1543 tollere
2613 1487 2889 1542 conaris?
2927 1484 3082 1550 Quod
3129 1492 3310 1537 autem
3350 1497 3449 1551 per

1859 1596 2172 1641 sermonem
2228 1595 2292 1634 ac
2342 1595 2438 1649 per
2492 1579 2762 1649 imagines
2810 1584 3132 1632 sanctorum
3180 1572 3447 1627 memoria

1860 1680 2079 1741 agatur,
2114 1671 2340 1726 divinus
2374 1670 2519 1725 idem
2556 1670 2795 1724 Basilius
2828 1667 3081 1721 aﬂirmat.

2145 1762 2434 1832 Ejusdem,
2472 1762 2523 1815 in
2560 1761 2815 1815 Gordium
2851 1767 3161 1827 martyrem.

1933 1854 2456 1921 «Quemadmodum
2508 1855 2654 1907 enim
2714 1854 2893 1922 ignem
2936 1834 3136 1925 sponte
3189 1846 3445 1917 sequitur

1858 1946 2046 2001 lmuen
2069 1987 2083 2012 ,
2116 1958 2170 2001 et
2200 1954 2545 2017 unguentum
2580 1946 2770 2000 suavis
2802 1943 2962 2007 odor,
2997 1942 3071 1996 ita
3104 1948 3257 1994 recte
3302 1940 3444 1992 facta

1858 2040 2183 2095 necessario
2224 2039 2587 2109 consequitur
2628 2037 2866 2092 utilitas.
2911 2035 3239 2104 Quanquam
3277 2048 3361 2086 ne.
3387 2031 3443 2085 id

1856 2130 2081 2201 quidem
2116 2147 2313 2200 parum
2348 2139 2467 2195 est,
2500 2145 2691 2184 eorum
2727 2143 2849 2198 qua:
2898 2139 3029 2181 tunc
3079 2132 3229 2197 gesta
3282 2130 3444 2185 sunt,

1858 2224 2144 2278 veritatem
2177 2225 2474 2295 diligenter
2502 2225 2744 2291 assequi.
2776 2219 3027 2275 Obscura
3063 2217 3271 2288 quippe
3297 2214 3446 2268 venit

1857 2314 1925 2369 ad
1977 2329 2079 2369 nos
2128 2315 2431 2380 memoria,
2477 2330 2584 2385 qua
2633 2313 2899 2385 prmclara
2945 2310 2999 2364 in
3034 2307 3445 2365 certaminibus

1857 2407 1959 2461 viri
1993 2406 2242 2462 facinora
2289 2415 2509 2464 servata
2548 2417 2715 2462 sunt:
2746 2405 3003 2474 idemque
3031 2399 3445 2471 quodammodo

1857 2500 2064 2567 nobis,
2110 2500 2259 2571 quod
2309 2500 2659 2571 pictoribus,
2714 2497 2968 2553 accidere
3017 2494 3258 2551 videtur.
3306 2493 3443 2548 Cum

1857 2592 2004 2648 enim
2034 2607 2103 2647 ex
2135 2592 2475 2664 imaginibus
2508 2591 2779 2662 imagines
2812 2588 3116 2659 depingunt
3164 2585 3276 2650 illi,
3319 2598 3445 2653 per-

1859 2698 2006 2754 saepe
2054 2684 2173 2739 ﬁeri
2208 2699 2306 2754 par
2329 2694 2446 2752 est,
2481 2692 2543 2739 ut
2589 2698 2620 2738 a
2652 2681 3001 2754 primigeniis
3032 2677 3443 2747 exemplaribus

1860 2776 2143 2831 aberrent.
2177 2775 2353 2832 Nobis
2380 2792 2602 2848 quoque
2622 2817 2636 2841 ,
2666 2777 2762 2847 qui
2792 2775 2958 2829 rebus
2987 2772 3160 2842 gestis
3195 2786 3303 2826 non
3348 2771 3445 2824 ad-

1860 2866 2097 2933 fuimus,
2132 2868 2423 2923 minimum
2451 2883 2562 2923 non
2595 2867 2788 2924 subest
2817 2866 3166 2937 periculum,
3200 2881 3272 2919 ne
3300 2864 3443 2919 veri-

1859 2958 1965 3013 tati
1990 2958 2251 3014 damnum
2280 2959 2608 3015 inferamus.
2645 2977 2664 3011 ι

2204 3050 2313 3106 Sub
2343 3051 2582 3113 eiusdem
2615 3049 2873 3105 sermonis
2907 3051 3090 3118 ﬁnem.

252 3137 272 3170 ι
313 3117 403 3183 Ὦς
432 3119 663 3228 γὰρ-τὸν
678 3124 837 3231 Ϊιλιον
869 3128 956 3180 ἀεὶ
984 3129 1242 3198 ὁρῶντες,
1264 3132 1351 3185 ἀεὶ
1378 3131 1753 3206 θαυμάζομεν,

1938 3160 1956 3194 ι
1982 3139 2138 3196 Sicut
2164 3141 2311 3195 enim
2329 3180 2345 3205 ,
2367 3140 2471 3196 etsi
2500 3140 2672 3196 solem
2700 3155 2919 3210 semper
2945 3139 3252 3208 aspicimus
3270 3177 3286 3203 ,
3316 3153 3442 3193 eum

176 3208 325 3264 οὓτω
358 3212 454 3264 καὶ
483 3212 577 3266 τοῦ
606 3215 797 3287 ἀνδρὸς
818 3217 1030 3273 ἐκείνου
1058 3220 1145 3273 ἀεὶ
1177 3222 1378 3293 νεαρὰν
1406 3224 1507 3294 τὴν
1532 3225 1753 3296 μνήμην

1870 3240 2044 3287 tamen
2074 3246 2295 3300 semper
2318 3230 2676 3296 admiramur,
2701 3231 2782 3286 sic
2802 3230 2907 3285 viri
2933 3230 3082 3285 illius
3108 3230 3274 3286 nobis
3301 3246 3444 3287 sem-

177 3300 267 3371 εχο
275 3318 396 3370 μεν.
427 3320 448 3353 ι

248 3394 533 3461 Σχόλιον.
569 3396 760 3467 Δῆλον,
796 3398 871 3463 ὡς
898 3400 986 3453 ἀεὶ
1014 3401 1378 3473 καθορῶντες,
1397 3404 1488 3458 διά
1506 3422 1567 3458 τε
1592 3403 1753 3475 λόγου

177 3485 272 3537 καὶ
303 3488 728 3557 είκονισμάτων.

174 3576 289 3629 Καὶ
315 3578 384 3631 ἐν
416 3577 496 3642 τῷ
520 3581 681 3658 ,μόγῳ
714 3580 782 3635 δὲ
808 3582 889 3658 τῷ
919 3586 1004 3651 εις
1033 3585 1178 3652 τοὺς
1216 3589 1579 3658 ὑπερήμους
1617 3606 1755 3646 τεσ-

388 3649 735 3717 σαράκοντα
754 3649 1082 3722 μάρτυρας,
1113 3649 1299 3711 ταῦτά
1326 3649 1538 3727 gem-rw.

252 3759 272 3792 σ
300 3741 612 3812 Μαρτύρων
642 3743 698 3796 δὲ
741 3746 982 3816 μνήμης,
1014 3748 1098 3811 τίς
1127 3747 1191 3801 ἂν
1212 3748 1422 3816 γένοιτο
1469 3750 1630 3820 κόρος
1677 3750 1755 3821 τῷ

175 3832 575 3904 φιλομὰρτυρι;
612 3836 757 3889 Διότι
791 3838 826 3906 ἡ
872 3838 1010 3908 πρὸς
1040 3842 1166 3903 τοὺς
1214 3841 1455 3910 ἀγαθοὺς
1491 3843 1600 3897 τῶν
1634 3846 1757 3913 ὀμο-

171 3923 381 3977 δούλων
409 3926 568 3997 τιμὴ,
605 3928 885 3995 ἀπόδειξιν
934 3930 1049 4001 ἔχει
1096 3933 1195 4003 τῆς
1238 3934 1374 4003 πρὸς
1436 3934 1530 3988 τὸν
1576 3935 1755 3989 κοινδν

173 4019 454 4088 Δεσπότην
504 4020 738 4084 εὐνοίας.
780 4040 800 4074 ι
836 4023 949 4076 Καὶ
986 4024 1179 4078 πάλιν·
1216 4027 1579 4098 «Μακάρισον
1624 4044 1756 4099 γνη-

176 4110 311 4173 σίως
340 4111 433 4163 τὸν
488 4115 945 4184 μαρτυρήσαντα,
981 4114 1070 4169 ἵνα
1105 4116 1235 4187 γένῃ
1268 4118 1478 4188 μάρτυς
1508 4120 1574 4189 τῇ
1623 4136 1757 4190 προ-

172 4204 414 4275 αιρέσει,
452 4206 547 4257 καὶ
605 4206 773 4277 ὲκϐῇς
807 4207 979 4277 χωρὶς
1034 4207 1300 4278 διωγμοῦ,
1341 4212 1511 4281 χωρὶς
1558 4211 1753 4281 πυρὸς,

174 4295 345 4366 χωρὶς
374 4297 678 4367 μαστίγων,
708 4297 819 4351 τῶν
859 4298 1039 4354 αὐτῶν
1069 4301 1298 4365 ἐκείνοις
1329 4301 1567 4356 ἐπαίνων
1592 4303 1757 4372 ἠξιω-

176 4389 356 4459 μένος.
398 4408 420 4443 ι

246 4568 529 4637 Σχόλιον.
571 4572 697 4635 Πῶς
724 4569 819 4626 οὖν
856 4573 925 4642 μὲ
970 4572 1259 4645 ἀπείργεις
1292 4573 1395 4643 τῆς
1443 4572 1553 4627 τῶν
1588 4573 1758 4643 ἁγίων

170 4658 367 4729 τιμῆς,
399 4660 495 4714 καὶ
545 4662 760 4730 φθονεῖς
816 4680 906 4733 μοι
934 4662 1034 4734 τῆς
1082 4663 1392 4735 σωτηρίας;
1421 4664 1543 4719 Ὅτι
1560 4663 1614 4718 δὲ
1634 4680 1757 4717 συν-

171 4754 517 4826 εζευγμένην
547 4750 653 4809 οἶδε
699 4755 777 4827 τῷ
823 4754 968 4826 λόγῳ
1016 4756 1116 4826 τὴν
1165 4757 1253 4810 διά
1305 4757 1414 4811 τῶν
1450 4758 1757 4830 χρωμάτων

175 4846 419 4917 μορφὴν,
442 4846 612 4900 ἄκουε
640 4846 807 4902 αὐτοῦ
837 4845 958 4917 μετ’
983 4845 1141 4915 ὀλίγα
1170 4845 1496 4917 φάσκοντος.

793 5035 1140 5090 Βασίλειον.

250 5144 269 5176 ι
302 5123 475 5193 Δεῦρο
520 5123 586 5195 δὴ
628 5119 744 5193 οὖν,
770 5125 853 5188 εἰς
888 5125 1053 5194 μέσον
1093 5122 1292 5186 αὐτοὺς
1331 5122 1629 5190 ἀγαγόντες
1670 5120 1758 5174 διὰ

169 5216 276 5285 τῆς
324 5216 684 5287 ὑπομνήσεως
709 5258 725 5283 ,
765 5217 951 5286 κοινὴν
988 5217 1090 5288 τὴν
1130 5216 1225 5270 ἀπ’
1254 5216 1434 5269 αὐτῶν
1484 5213 1758 5282 ὠφέλειαν

171 5310 291 5370 τοῖς
334 5307 573 5378 παροῦσι
617 5307 1115 5379 καταστησώμεθα,
1146 5305 1524 5378 προδείξαντες
1567 5307 1756 5371 πᾶσιν,

134 5402 143 5411 ⁸
171 5396 368 5468 ὥσπερ
394 5399 452 5452 ἐν
482 5402 694 5470 γραφῇ,
724 5400 827 5463 τὰς
854 5399 964 5453 τῶν
987 5397 1197 5470 ἀνδρῶν
1226 5396 1528 5467 ἀριστείας.
1564 5414 1583 5446 ι

248 5578 298 5629 Σ
300 5577 533 5644 χόλων.
548 5577 735 5650 Ὀρᾷς,
757 5578 831 5642 ὡς
849 5578 908 5632 ἓν
931 5576 1138 5640 είκόνος
1157 5577 1249 5639 καὶ
1280 5575 1436 5644 λόγου
1466 5574 1526 5628 τὸ
1558 5575 1718 5646 ἔργον
1742 5593 1755 5641 ;

178 5686 198 5718 ι
221 5668 313 5732 Ὦς
365 5671 425 5721 ἐν
470 5674 656 5742 γραφῇ
686 5671 1000 5752 γὰρηφησὶ,
1032 5670 1404 5741 προδείξωμεν
1431 5668 1508 5739 τῷ
1536 5669 1699 5740 λόγῳ.
1733 5688 1753 5721 ι

174 5761 349 5816 Πάλιν
382 5760 617 5833 ἐχόμενα
641 5762 734 5818 τοῦ
776 5763 935 5834 λόγου
963 5779 977 5849 τ
1010 5782 1028 5817 ι
1053 5761 1205 5818 Ἐπεὶ
1252 5761 1342 5815 καὶ
1375 5760 1623 5831 πολέμων
1663 5762 1756 5818 ἀν-

1855 3337 1956 3394 per
1985 3337 2180 3379 recens
2209 3329 2294 3377 est
2327 3321 2617 3377 memoria.
2656 3340 2676 3373 ι

1926 3413 2219 3469 Comment.
2256 3411 2370 3469 Nec
2394 3411 2656 3481 dubium,
2685 3413 2821 3483 quin
2847 3427 3067 3483 semper
3093 3411 3249 3465 illum
3273 3450 3287 3473 ,
3315 3425 3444 3465 cum

1855 3522 1953 3577 per
1976 3521 2287 3567 sermonem
2310 3547 2324 3572 ,
2348 3513 2464 3560 tum
2488 3521 2585 3576 per
2605 3506 2904 3577 imaginum
2929 3503 3134 3574 eﬂigies
3157 3503 3441 3557 intuendo.

1858 3598 1927 3654 In
1965 3600 2203 3654 oratione
2230 3615 2348 3653 vero
2385 3599 2447 3652 de
2482 3598 3048 3665 prwstantissimorum
3085 3594 3445 3666 quadraginta

2287 3678 2589 3738 martyrum
2619 3667 2891 3721 laudibus.

1932 3777 1953 3810 ι
1982 3758 2281 3828 Martyrum
2317 3770 2487 3825 porro
2520 3754 2800 3809 recolendi
2837 3753 3197 3818 memoriam,
3230 3751 3440 3821 inquit,

1857 3863 2108 3919 quaenam
2140 3847 2371 3903 satietas
2402 3843 2668 3899 acciderit
2690 3844 2768 3897 illi
2792 3845 2886 3913 qui
2911 3852 3183 3913 martyres
3219 3841 3444 3910 diligit?

1860 3939 2050 3994 llonos
2079 3937 2287 4008 quippe
2314 3948 2479 4005 quem
2509 3933 2797 3988 conservis
2823 3931 3048 4002 optimis
3080 3939 3440 4001 praesternas,

1859 4033 2251 4097 argumentum
2303 4033 2390 4081 est
2445 4022 2879 4086 benevolentiae,
2932 4039 3043 4092 qua
3087 4036 3440 4076 communem

1857 4119 2019 4191 323
2052 4118 2345 4173 Dominum
2376 4123 2814 4187 prosequuntur.
2846 4134 2865 4167 ι
2892 4113 2961 4167 Ει
2982 4130 3224 4169 sursum:
3254 4130 3272 4164 ι
3302 4114 3440 4167 Bea-

1858 4221 1946 4267 tos
1974 4212 2098 4265 illos
2125 4210 2342 4265 sincere
2368 4207 2605 4278 praadica
2626 4245 2641 4272 ,
2669 4206 2766 4276 qui
2794 4204 3119 4276 martyrium
3142 4204 3437 4266 obierunt,

1858 4313 1918 4359 ut
1948 4312 2005 4358 tu
2036 4318 2257 4373 quoque
2288 4302 2571 4357 voluntate
2594 4308 2802 4369 martyr
2824 4299 3047 4362 evadas,
3072 4306 3441 4367 persequente

1859 4395 2044 4461 nullo,
2081 4396 2292 4465 absque
2326 4394 2483 4464 igne,
2519 4391 2728 4462 absque
2758 4389 3114 4455 verberibus,
3151 4388 3345 4445 iisdem
3376 4402 3442 4444 ac

1787 4508 1832 4564 ι)
1860 4486 1938 4541 illi
1967 4495 2195 4541 ornatus
2220 4481 2509 4540 encomiis.
2542 4501 2561 4535 ι

1934 4576 2231 4632 Comment.
2271 4573 2384 4631 Cur
2420 4587 2552 4644 ergo
2586 4571 2656 4627 ab
2703 4570 3046 4628 honorandis
3096 4570 3303 4625 sanctis
3353 4584 3442 4625 me

1859 4668 2110 4724 deterrcs
2132 4669 2155 4721 ?
2181 4666 2297 4723 Cur
2332 4665 2467 4721 mihi
2501 4664 2736 4721 salutem
2774 4664 2990 4719 invides
3010 4665 3037 4717 ἓ
3066 4661 3223 4729 Quod
3255 4669 3440 4716 autem

1858 4775 2178 4829 expressam
2210 4758 2493 4813 coloribus
2521 4756 2755 4819 formam
2775 4795 2791 4819 ,
2820 4754 3034 4813 amnem
3065 4754 3143 4808 illi
3170 4768 3294 4809 esse
3318 4768 3442 4822 quae

1859 4864 2118 4905 sermone
2168 4847 2435 4918 pingitur,
2488 4855 2751 4913 censeat,
2788 4845 3075 4901 nonnullis
3124 4843 3431 4915 interiectis

1859 4940 2227 4995 affirmantem
2264 4937 2481 4996 audias.

2540 5027 2755 5082 Basilii.

1935 5137 1954 5171 ι
1985 5119 2231 5191 Agedum
2269 5120 2422 5190 ipsos
2472 5119 2530 5174 in
2568 5118 2809 5173 medium
2856 5132 2953 5186 per
2998 5116 3440 5187 qualemcunque

1858 5212 2450 5280 commemorationem
2483 5218 2731 5265 nostram
2764 5207 3112 5263 adducentes
3134 5247 3151 5274 ,
3178 5217 3440 5263 strenua-

1859 5318 1967 5374 que
1994 5304 2238 5358 virorum
2268 5302 2413 5357 facta
2433 5342 2448 5370 ,
2478 5302 2629 5355 velut
2660 5300 2715 5354 in
2746 5298 2949 5354 tabella
2976 5306 3305 5353 cunctorum
3338 5315 3438 5355 ex-

1859 5395 2114 5450 hibentes
2152 5394 2363 5459 oculis,
2416 5407 2768 5448 communem
2815 5390 3126 5446 astantibus
3173 5406 3439 5460 procure-

1860 5503 1983 5543 mus
2012 5486 2328 5541 utilitatem.
2368 5503 2388 5537 ι

1933 5579 2229 5645 Comment,
2263 5577 2425 5637 Vides
2448 5620 2463 5645 ,
2492 5575 2639 5648 quod
2667 5574 2810 5631 idem
2842 5573 3135 5629 conferant
3168 5581 3281 5627 tum
3317 5589 3436 5628 ser-

1860 5688 1951 5728 mo
1972 5711 1988 5737 ,
2023 5680 2136 5726 tum
2169 5670 2399 5740 imago?
2426 5668 2518 5722 Ait
2547 5669 2698 5725 enim
2727 5686 2739 5722 :
2769 5687 2788 5721 ι
2818 5666 3105 5736 Tanquam
3141 5668 3197 5721 in
3232 5668 3434 5723 tabella

1864 5764 2219 5825 sermonibus
2271 5761 2656 5819 exhibeamus.
2697 5781 2715 5815 ι
2746 5760 2888 5828 Quin
2940 5768 2996 5817 ct
3047 5778 3170 5819 inox
3229 5760 3435 5820 subdit.
