3960 6198
518 277 648 361 ise?

1675 301 1735 361 S.
1769 295 2094 360 JOANNIS
2135 300 2567 364 DAMASCENI

3638 308 3760 372 1263

518 430 536 463 σ
563 417 694 479 Quae
721 411 863 465 enim
894 411 944 464 in
977 411 1119 466 bello
1145 407 1361 464 fortiter
1386 418 1535 479 gesta
1563 418 1725 476 sunt,
1751 426 1813 465 ea
1840 425 2090 481 smpenuo

2212 411 2609 484 ἱραγαθήματα.
2635 413 2727 466 καὶ
2753 413 3078 484 λογογράφοι
3107 414 3385 480 πολλάκις,
3412 417 3507 472 καί
3551 418 3760 492 ζωγρά-

517 520 704 570 mero,
739 500 853 558 tum
885 512 1134 558 oratores
1178 503 1490 573 explicant,
1533 510 1646 556 tum
1692 502 1971 573 pictores:
2007 503 2086 557 illi

515 598 732 669 quidem
772 596 952 650 verbis
990 595 1360 658 exornantes“,
1397 595 1450 648 hi
1487 608 1617 650 vero
1650 595 1866 652 tabellis
1901 594 2089 664 impri-

515 696 724 744 mentes
750 705 763 741 :
797 701 905 756 quo
934 686 1149 759 quidem
1183 695 1343 756 pacto
1374 683 1576 739 multos
1609 685 1828 756 utrique
1857 686 1921 740 ad
1947 701 2087 760 pra:-

517 781 660 835 elara
699 777 943 832 facinora
965 779 1350 833 incenderunt.
1389 777 1524 832 Nam
1549 794 1670 849 qua:
1704 780 1930 836 auribus
1964 795 2090 851 pro-

517 869 665 938 ponit
697 868 876 923 oratio
901 908 916 932 ,
949 867 1136 922 eadem
1173 867 1342 923 silens
1383 866 1552 937 figura
1589 884 1686 938 per
1724 870 2088 928 imitationem

516 961 780 1015 ostendit.
816 979 833 1010 ι

588 1051 881 1108 Comment.
928 1053 1144 1120 Quibus
1181 1054 1411 1108 obsecro
1445 1056 1630 1110 verbis
1661 1055 1869 1111 clarius
1906 1065 2093 1127 posset

517 1146 909 1213 demonstrari,
939 1148 1080 1218 apud
1117 1149 1429 1203 illitter’atos
1453 1149 1717 1203 librorum
1753 1149 2092 1220 locoimagi-

519 1254 618 1294 nes
644 1253 767 1298 esse
787 1278 802 1301 ,
831 1245 886 1292 et
923 1248 1243 1291 sanctorum
1275 1237 1462 1309 gloriae
1488 1239 1714 1294 minime
1746 1250 1926 1294 mutos
1955 1253 2092 1310 pra:-

520 1345 687 1385 cones
713 1347 727 1396 ;
757 1329 965 1400 quippe
999 1344 1124 1399 qua:
1148 1344 1284 1384 voce
1315 1330 1551 1400 quadam
1589 1331 1754 1385 tacita
1785 1346 1880 1387 eos
1911 1332 2005 1402 qui
2037 1347 2095 1387 se

521 1425 807 1477 intuentur
833 1420 1070 1487 docent,
1098 1423 1564 1492 sanctitatemque
1589 1422 1732 1478 risui
1759 1423 2090 1478 conciliant!

521 1513 754 1581 Quando
790 1514 929 1569 mihi
978 1529 1089 1570 non
1141 1521 1445 1585 suppetunt
1498 1516 1663 1578 libri,
1721 1531 1823 1571 nec
1869 1515 2096 1570 lectioni

523 1620 745 1675 possunt
795 1620 1026 1673 vacare,
1061 1608 1455 1675 cogitationum
1507 1607 1714 1664 aculeis
1763 1607 1992 1678 perinde
2031 1622 2096 1661 ac

524 1699 699 1762 spinis
730 1706 1096 1767 compunctus
1117 1738 1132 1762 ,
1164 1697 1232 1752 ad
1261 1698 1564 1754 Ecclesiam
1592 1739 1606 1765 ,
1635 1699 1946 1754 animarum
1983 1714 2096 1754 me-

522 1788 632 1842 dici
667 1788 944 1858 oﬂicinam
988 1803 1338 1844 communem
1385 1805 1590 1862 pergo:
1633 1799 1924 1861 aspectum
1977 1805 2095 1845 mo-

525 1887 650 1935 vent
689 1881 921 1951 pictura:
956 1879 1121 1936 ﬂores
1145 1921 1160 1945 ,
1198 1889 1363 1952 atque
1411 1881 1478 1936 ad
1520 1883 1696 1937 instar
1735 1884 1879 1953 prati
1916 1883 2096 1938 visum

523 1972 802 2026 obiectant
835 1986 1050 2036 meum,
1083 1981 1137 2027 et
1164 1973 1259 2028 Dei
1301 1974 1532 2044 gloriam
1573 1974 1774 2029 sensim
1821 1974 2099 2030 instillant

524 2065 729 2118 animo.
764 2061 1143 2119 Constantiam
1184 2067 1442 2138 martyris
1481 2067 1810 2133 considero,
1845 2075 1899 2122 et
1935 2083 2097 2122 coro-

524 2171 718 2233 narum
752 2157 973 2226 praemia
1003 2174 1016 2224 ;
1056 2157 1316 2228 humique
1350 2158 1646 2228 procidens
1675 2175 1772 2230 per
1804 2168 2096 2229 martyrem

526 2246 697 2303 Deum
735 2249 911 2304 adoro
933 2289 947 2314 ,
981 2259 1036 2304 et
1069 2251 1269 2307 salutis
1303 2266 1531 2322 compos
1571 2251 1798 2307 eiiieior.
1837 2249 2096 2320 Nunquid

526 2355 634 2393 non
661 2339 907 2394 divinum
934 2340 1085 2395 illum
1110 2341 1323 2397 Patrem
1347 2342 1550 2399 auditis
1572 2342 1624 2396 in
1649 2343 1915 2405 oratione,
1933 2356 2098 2412 quam

528 2432 580 2484 in
615 2429 959 2485 Psalmorum
990 2431 1209 2486 initium
1241 2433 1468 2502 scripsit
1495 2424 1562 2499 π,
1589 2432 1861 2488 dicentem
1890 2450 1902 2486 :
1934 2449 1951 2482 ι
1978 2429 2101 2503 Spi-

526 2524 695 2576 ritum
723 2531 977 2578 sanctum
999 2567 1012 2591 ,
1043 2524 1302 2594 quoniam
1333 2525 1683 2580 intractabile
1711 2524 2100 2596 torpidumque

527 2623 611 2670 cst
641 2615 928 2669 hominum
962 2631 1155 2686 genus,
1198 2615 1546 2670 Psalmorum
1576 2615 1870 2670 concentui
1900 2615 2102 2669 carmi-

531 2721 659 2760 num
698 2706 1060 2762 admiscuisse
1099 2707 1576 2762 concinnitatem?
1605 2727 1622 2759 ι
1651 2703 1789 2772 Quid
1826 2707 1951 2760 ais?
2007 2723 2102 2760 ne—

529 2814 806 2868 quaquam
844 2814 946 2869 ego
984 2800 1215 2868 pinxero
1237 2839 1251 2863 ,
1283 2815 1385 2854 nec
1423 2799 1606 2853 verbis
1629 2837 1644 2864 ,
1683 2813 1786 2854 nec
1820 2798 2103 2853 coloribus

531 2899 848 2946 sanctorum
879 2893 1184 2964 martyria?
1215 2892 1334 2946 Non
1373 2893 1463 2946 illa
1520 2907 1644 2961 quae
1685 2889 1862 2962 angeli
1895 2897 1950 2945 et
1981 2890 2104 2944 uni-

532 3000 688 3039 versa
745 2992 1002 3040 creatura
1063 2983 1455 3048 admirantur;
1510 2997 1652 3052 quae,
1708 2988 1770 3036 ut
1825 2980 1967 3036 idem
2005 2980 2107 3033 Ec-

2191 521 2280 573 φοι
2310 504 2773 576 διασημαίνουσιν,
2810 507 2858 560 οἱ
2893 505 2992 576 μὲν
3019 506 3096 576 τῷ
3137 506 3278 577 λόγῳ
3324 510 3687 580 κοσμοῦντες,
3721 519 3764 569 οι

2189 594 2244 646 δὲ
2273 597 2387 658 τοῖς
2409 594 2625 659 πίναξιν
2651 596 3106 666 ὲγχαράσσοντες,
3139 597 3233 650 καὶ
3262 599 3490 665 πολλοὺς
3542 603 3762 675 ἐπήγει-

2194 703 2293 756 ραν
2326 687 2404 750 εἰς
2443 685 2696 758 ἀνδρείαν
2735 688 3084 759 έκάτεροι.Ἃ
3111 689 3222 762 γὰρ
3251 692 3279 745 ὁ
3312 691 3468 760 λόγος
3496 695 3605 764 τῆς
3640 697 3766 751 toto.

2193 777 2312 848 ρεας
2355 777 2442 830 διὰ
2491 779 2589 849 τῆς
2616 779 2782 848 ἀκοῆς
2810 781 3128 852 παρίστησι,
3161 782 3334 837 ταῦτα
3360 785 3623 858 γραφική
3656 805 3767 842 σιω-

2193 868 2353 922 πῶσα
2381 870 2469 923 διά
2505 873 2790 942 μιμήσεως
2821 871 3079 927 δείκνυσι.
3116 893 3135 925 ι

2267 1053 2312 1103 Σ
2315 1052 2544 1118 χόλων.
2568 1052 2634 1104 Τί
2654 1052 2856 1105 τούτων
2873 1053 3304 1125 τηλαυγέστερον
3319 1057 3454 1127 πρὸς
3471 1058 3767 1124 ἀπόδειξιν,

2193 1144 2272 1195 ὅτι
2305 1141 2476 1211 βὶὅλοι
2506 1145 2619 1206 τοῖς
2652 1144 3040 1215 ἀγραμμάτοις
3065 1148 3120 1198 αἱ
3151 1148 3377 1210 εἰκόνες,
3402 1149 3504 1201 καὶ
3542 1149 3649 1218 τῆς
3676 1153 3771 1204 τῶν

2193 1233 2366 1300 ἁγίων
2407 1234 2575 1303 τιμῆς
2624 1235 2876 1306 άσίγητοι
2906 1236 3170 1307 κήρυκες,
3201 1239 3258 1292 ἐν
3283 1239 3437 1310 άήχῳ
3462 1245 3630 1313 φωνῇ
3657 1246 3770 1306 τοὺς

2194 1326 2436 1397 ὁρῶντας
2485 1326 2853 1394 διδάσκουσαι,
2885 1330 2978 1382 καὶ
3014 1329 3114 1400 τὴν
3160 1332 3350 1402 ὅρασιν
3400 1334 3771 1401 άγιάξουσαις

2197 1419 2309 1472 Ούκ
2345 1419 2563 1490 εὐπορῶ
2594 1420 2812 1490 βίϐλων,
2841 1421 2901 1474 ού
2955 1422 3152 1494 σχολὴν
3199 1425 3318 1491 ἀγω
3363 1424 3507 1496 πρὸς
3546 1427 3775 1494 ἀνάγνω-

2199 1529 2306 1574 σιν,
2336 1511 2540 1582 είσειμι
2589 1514 2668 1575 εἰς
2711 1512 2772 1565 τὸ
2810 1513 2987 1566 κοινὸν
3013 1514 3121 1568 τῶν
3147 1514 3336 1585 ψυχῶν
3383 1518 3654 1587 ἰατρεῖον,
3689 1519 3774 1588 τὴν

2211 1603 2559 1673 Ἐκκλησίαν,
2591 1603 2777 1674 ὥσπερ
2809 1604 3076 1668 ἀκάνθαις
3103 1608 3216 1669 τοῖς
3236 1607 3531 1676 λογισμοῖς
3563 1625 3776 1677 συμπνι-

2199 1696 2430 1767 γόμενος
2452 1713 2467 1728 ο
2496 1696 2643 1749 ἕλκει
2673 1710 2743 1767 με
2773 1697 2910 1768 πρὸς
2941 1695 3070 1749 θέαν
3110 1700 3211 1770 τῆς
3255 1700 3476 1769 γραφῆς
3512 1700 3582 1753 τὸ
3611 1701 3774 1765 ἄνθος,

2202 1789 2294 1843 καὶ
2325 1788 2400 1853 ὼς
2428 1788 2631 1858 λειμὼν
2653 1789 2844 1860 τέρπει
2874 1789 2971 1860 τὴν
2995 1790 3207 1859 ὅρασιν,
3234 1791 3327 1844 καί
3356 1791 3676 1862 λεληθότως
3701 1798 3776 1846 ὲν-

2202 1880 2396 1949 αφίησι
2423 1882 2490 1951 τῇ
2519 1881 2664 1951 ψυχῇ
2693 1878 2850 1944 δόξαν
2880 1880 3036 1934 Θεοῦ.
3055 1881 3334 1952 Τεθέαμαι
3361 1883 3460 1954 τὴν
3487 1885 3777 1956 καρτερίαν

2199 1972 2291 2026 τοῦ
2343 1973 2642 2044 μάρτυρος,
2667 1971 2775 2025 τῶν
2805 1974 3082 2042 στεφάνων
3131 1973 3232 2045 τὴν
3276 1976 3671 2040 ἀνταπόδοσιν,
3700 1979 3777 2031 καὶ

2199 2063 2275 2129 ὡς
2311 2065 2444 2135 πυρὶ
2493 2064 2630 2135 πρὸς
2677 2063 2835 2134 ζῆλον
2883 2063 3203 2135 ἐξάπτομαυ
3230 2068 3297 2136 τῇ
3346 2066 3664 2138 προθυμία,
3698 2071 3777 2122 καὶ

2203 2156 2416 2210 πίπτων
2465 2156 2756 2228 προσκυνῶ
2799 2155 2876 2226 τῷ
2926 2155 3046 2226 Θεῷ
3097 2156 3183 2210 atat
3227 2157 3321 2210 τοῦ
3359 2159 3672 2230 μάρτυρος,
3699 2161 3777 2211 καὶ

2201 2247 2464 2319 λαμϐάνω
2487 2247 2583 2318 τὴν
2610 2247 2902 2320 σωτηρίαν.
2927 2249 3042 2301 Ούκ
3067 2248 3312 2320 ἀκήκοας
3341 2248 3434 2302 τοῦ
3468 2249 3650 2303 αὐτοῦ
3679 2249 3778 2302 0co-

2203 2341 2371 2412 φόρου
2423 2339 2653 2412 Πατρὸς,
2683 2340 2933 2410 λέγοντος
2971 2341 3030 2392 ὲν
3071 2339 3148 2411 τῷ
3192 2343 3272 2404 εἰς
3315 2341 3413 2413 τὴν
3462 2343 3657 2414 ἀρχὴν
3684 2341 3778 2394 τῶν

2201 2421 2448 2502 Ψαλμῶν
2492 2431 2656 2501 λόγῳ,
2681 2431 2763 2484 ὅτι
2805 2449 2824 2483 ι
2854 2429 3145 2484 Γινώσκων
3171 2431 3232 2484 τὸ
3261 2431 3485 2503 Πνεῦμα
3521 2434 3588 2486 τὸ
3620 2434 3777 2501 ἅγιον,

2202 2525 2282 2576 ὅτι
2333 2523 2650 2590 δυσάγωγον
2695 2522 2834 2593 πρὸς
2883 2522 3106 2594 ἀρετὴν,
3139 2524 3234 2577 καὶ
3274 2524 3524 2601 ῥᾴθυμον
3554 2526 3617 2577 τὸ
3641 2525 3780 2592 γένος

2202 2613 2310 2665 τῶν
2339 2610 2664 2683 ἀνθρώπων,
2697 2611 2758 2664 τὸ
2781 2611 2940 2682 μέλος
2963 2614 3083 2676 ταῖς
3101 2601 3454 2683 Ψαλμῳδίαις
3490 2614 3779 2683 ἐγκατέμι-

2207 2703 2297 2768 ξε;
2332 2723 2350 2754 ι
2391 2702 2444 2755 τί
2484 2704 2626 2774 (mg;
2660 2703 2735 2756 Ού
2770 2702 2966 2775 γράψω
2993 2702 3085 2755 καὶ
3118 2702 3263 2772 λόγῳ
3296 2705 3389 2756 καὶ
3429 2702 3698 2774 χρώμασι
3729 2704 3779 2755 τό

2205 2796 2312 2850 τῶν
2362 2795 2654 2867 μαρτύρων
2701 2793 3026 2866 μαρτύριον;
3060 2794 3154 2848 καὶ
3187 2793 3484 2864 ὀφθαλμοῖς
3523 2795 3778 2866 περιπτύ-

2208 2891 2366 2959 ξομαι
2403 2890 2465 2942 τὸ
2509 2889 2823 2957 θαυμαστὸν
2853 2887 2949 2941 καὶ
2987 2886 3240 2955 ἀγγέλοις
3266 2886 3360 2939 καὶ
3391 2885 3550 2957 πάσῃ
3585 2888 3649 2957 τῇ
3676 2886 3778 2938 κτξ-

2209 2999 2311 3047 σει,
2342 2980 2599 3052 ὀδυνηρὸν
2629 2980 2687 3032 δὲ
2723 2978 2801 3050 τῷ
2833 2979 3068 3048 διαῦόλῳ
3111 2979 3207 3032 καὶ
3249 2977 3482 3048 φοϐερὸν
3515 2980 3777 3050 δαίμοσιν,

532 3078 714 3131 clesize
750 3080 960 3131 astrum
1006 3077 1255 3148 loquitur
1297 3075 1366 3140 ⁸⁷,
1412 3075 1634 3130 diabolo
1687 3073 1888 3128 acerba
1938 3081 2103 3136 sunt,

2212 3073 2283 3136 ὡς
2317 3071 2479 3135 αὐτὸς
2512 3075 2538 3125 ὁ
2570 3069 2794 3141 φωστὴρ
2827 3069 2924 3140 τῆς
2968 3069 3297 3140 Ἑκκλησίας
3325 3070 3535 3140 ἔφησεν
3563 3089 3580 3136 ;
3616 3070 3710 3126 οἷα
3731 3073 3777 3124 δέ

533 3171 761 3239 ejusque
808 3169 1156 3224 daamonibus
1217 3177 1486 3224 terrorem
1565 3167 1873 3227 incutiunt,
1931 3165 2103 3220 labris

534 3261 820 3328 oculisque
850 3259 1236 3328 complectar?
1276 3259 1442 3328 Atqui
1479 3257 1682 3312 similia
1715 3261 1914 3312 horum
1946 3271 2106 3327 pror-

536 3364 631 3403 sus
666 3355 827 3410 sunt,
859 3362 982 3416 quae
1016 3349 1119 3402 sub
1153 3349 1320 3402 tinem
1352 3347 1625 3408 orationis,
1650 3348 1708 3402 "in
1744 3349 2105 3418 quadraginta

538 3447 806 3508 martyres
839 3447 1078 3508 perorat.
1109 3455 1129 3489 ι
1160 3429 1204 3493 Ο
1237 3439 1470 3493 chorum
1504 3446 1756 3493 sanctum
1783 3440 1795 3492 l
1827 3455 1859 3493 ο
1891 3453 2106 3494 sacram

537 3532 817 3586 cohortem
845 3532 858 3584 ί
897 3545 929 3585 o
957 3546 1195 3586 cuneum
1225 3530 1712 3601 inexpugnabilem
1743 3533 1756 3584 l
1793 3546 1824 3586 ο
1858 3546 2110 3588 commu-

539 3636 638 3676 nes
671 3621 891 3690 generis
927 3620 1213 3674 hominum
1261 3620 1563 3684 custodes,
1608 3619 1801 3690 optimi
1850 3635 2110 3675 curarum

539 3712 676 3767 socii
705 3751 722 3776 ,
762 3727 988 3780 precum
1027 3711 1354 3780 adjutores,
1397 3719 1648 3766 oratores
1687 3711 2110 3780 facundissimi,

539 3802 690 3858 urbis
729 3809 921 3866 astra,
960 3800 1338 3862 Eccieﬁarum
1374 3799 1572 3868 ﬂores,
1613 3801 1810 3868 liores,
1854 3804 2112 3874 inquam,

541 3894 818 3949 utetitibus
857 3909 1012 3965 aeque
1041 3908 1106 3948 ac
1139 3893 1401 3950 sensibus
1437 3893 1790 3964 periucundi.
1825 3893 1936 3951 Vos
1967 3903 2114 3950 terra

542 4000 653 4040 non
685 3985 968 4049 condidit,
998 3983 1095 4041 sed
1130 3985 1330 4042 coelum
1359 3987 1594 4055 excepit.
1625 3986 1930 4043 Patuerunt
1961 3987 2117 4044 vobis

544 4077 786 4144 paradisi
819 4078 1041 4148 ianuae:
1089 4077 1471 4148 spectaculum
1519 4077 1748 4149 dignum
1795 4080 2114 4150 angelorum

543 4171 845 4238 exercitui,
878 4170 1216 4240 patriarchis
1239 4210 1255 4237 ,
1292 4171 1576 4241 prophetis
1599 4212 1615 4240 ,
1659 4182 1716 4228 et
1760 4174 1932 4242 justis
1985 4172 2116 4228 facti

544 4264 696 4318 estis.
737 4280 758 4314 ι

617 4352 910 4408 Comment.
953 4354 1075 4420 Qua
1115 4355 1330 4410 ratione
1369 4343 1572 4410 intueri
1611 4368 1718 4410 non
1759 4343 2069 4411 desiderem
2099 4399 2112 4418 ,

2207 3181 2340 3234 φησι
2390 3164 2527 3235 πρὸς
2572 3162 2648 3233 τῷ
2695 3161 2837 3215 τέλει
2886 3161 2980 3214 τοῦ
3028 3162 3209 3230 λόγου,
3249 3163 3626 3232 ἐγκωμιάζων
3672 3165 3777 3226 τοὺς

2206 3258 2611 3328 τεσσαράκοντα
2645 3258 2960 3328 μάρτυραςς
2986 3275 3004 3307 ι
3030 3241 3099 3310 Ὦ
3116 3255 3274 3325 χορὸς
3291 3245 3478 3323 ἃγιοςί
3519 3250 3571 3309 ὧ
3609 3257 3777 3325 σύστη-

2211 3367 2288 3420 μα
2317 3349 2494 3419 ἱερόνί
2531 3343 2575 3402 ὦ
2608 3347 2982 3418 συνασπισμὸς
3009 3347 3293 3420 άῤῥαγήςί
3337 3341 3380 3401 ὧ
3415 3350 3600 3402 κοινοὶ
3635 3348 3777 3418 φύλα-

2210 3458 2304 3504 κες
2323 3440 2417 3493 τοῦ
2443 3442 2634 3509 γένους
2655 3440 2761 3495 τῶν
2785 3440 2881 3494 ἁνο
2889 3441 3106 3512 ρώπων,
3140 3440 3333 3508 ἀγαθοὶ
3354 3443 3615 3494 κοινωνοὶ
3637 3458 3776 3510 φρον-

2209 3533 2404 3599 τίδων,
2435 3533 2670 3605 δεήσεων
2713 3533 2984 3604 συνεργοὶ,
3043 3533 3348 3603 πρεσϐύται
3387 3533 3775 3597 δυνατώτατοι,

2213 3627 2443 3696 ἀστέρες
2492 3626 2590 3698 τῆς
2633 3625 2993 3695 οἰκουμένης,
3057 3623 3192 3694 ἄνθη
3253 3622 3362 3676 τῶν
3411 3625 3774 3695 Ἐκκλησιῶν’

2213 3718 2324 3788 ἐγὼ
2347 3719 2404 3772 δέ
2443 3735 2612 3790 φημι,
2644 3717 2814 3787 νοητά
2837 3733 2895 3770 τε
2921 3717 3013 3769 καὶ
3040 3715 3296 3786 αἰσθητά.
3329 3715 3508 3783 Ύμᾶς
3535 3717 3637 3785 οὐχ
3664 3718 3694 3785 ὴ
3723 3718 3774 3783 τῆ

2215 3812 2594 3884 κατέκρυψεν,
2658 3811 2772 3866 ἀλλ’
2821 3808 3047 3882 οὐρανὸς
3105 3807 3434 3872 ὑπεδέξατοο
3503 3809 3774 3878 ἡνοξγησσν

2217 3905 2344 3974 ὑμῖν
2400 3905 2731 3976 παραδείσου
2781 3905 2969 3970 πύλαι,
3014 3902 3166 3970 ἄξιον
3216 3902 3397 3972 θέαμα
3449 3905 3519 3971 τῇ
3574 3899 3776 3971 στρατιᾷ

2216 3996 2325 4048 τῶν
2373 3996 2640 4064 ἀγγέλων,
2686 3997 2838 4062 ἀξιον
2886 3994 3284 4071 πατριάρχαις,
3330 3993 3668 4063 προφήταις,
3712 3990 3775 4042 δι’

2221 4090 2419 4152 καίοις.
2454 4107 2473 4140 ι
2771 4116 2779 4124 -

2290 4340 2566 4419 Σχόλιον.
2597 4349 2719 4412 Πῶς
2747 4349 2810 4402 ού
2845 4347 2919 4418 μὴ
2941 4347 3162 4417 ποθήσω
3183 4333 3330 4409 ἰδεῖν,
3349 4344 3376 4397 ὃ
3397 4345 3529 4400 ἰδεῖν
3548 4343 3781 4398 ποθοῦσιν

546 4441 695 4510 quod
727 4445 1232 4512 cernerecupiunt
1274 4446 1498 4516 angeli?
1532 4446 1630 4502 liis
1666 4461 1833 4516 porro
1870 4462 2103 4503 consona

2223 4444 2476 4512 άγγελοι;
2503 4440 2721 4510 Συνῳδά
2742 4439 2798 4492 δὲ
2817 4439 3026 4502 τούτοις
3049 4438 3144 4492 καὶ
3171 4438 3198 4490 6
3228 4437 3422 4490 τούτου
3450 4436 3679 4505 ἀδελφὸς
3703 4435 3780 4488 καὶ

551 4533 718 4590 frater
765 4535 942 4606 ipsius
992 4536 1256 4606 loquitur,
1310 4536 1497 4592 eadem
1554 4553 1617 4593 ac
1666 4539 1786 4608 ipse
1834 4540 2109 4595 sentiens.

548 4628 922 4698 Nyssenorum
956 4628 1188 4684 antistes
1215 4627 1538 4697 Gregorius.

547 4719 711 4792 324
843 4718 1081 4794 Gregorii
1108 4717 1156 4772 Ν
1165 4722 1337 4789 ysseni
1356 4761 1370 4782 ,
1396 4721 1448 4794 in
1477 4721 1835 4791 supplemento
1868 4723 1944 4794 (5)
1966 4763 1981 4790 ,
2010 4726 2117 4780 sire

741 4791 795 4843 in
834 4791 966 4844 libra
1006 4789 1078 4844 De
1107 4800 1378 4844 structura
1408 4789 1635 4846 Itonziaiis
1665 4795 1807 4864 (cap.
1838 4794 1917 4865 4).

627 4967 644 4999 ι
670 4934 1140 5013 Quemadmodum
1171 4946 1226 5001 in
1253 4947 1536 5002 hominum
1563 4963 1716 5005 more
1739 4953 1977 5020 positum
2011 4963 2113 5022 est,

551 5040 731 5105 utqui
766 5036 1157 5104 imperatorum
1191 5035 1465 5090 fabricant
1495 5035 1796 5107 imagines,
1832 5037 2020 5096 forma:
2062 5043 2116 5096 in

553 5125 746 5196 primis
797 5123 1023 5196 eliigiem
1059 5125 1400 5194 exprimant,
1451 5141 1904 5200 purpureumque
1954 5132 2115 5187 indu-

621 5241 667 5276 ³⁸
693 5241 860 5298 Basil.
927 5240 1086 5294 Hom.
1113 5240 1166 5294 iu
1217 5239 1338 5295 init.
1370 5239 1518 5296 Psal.
1550 5242 1599 5295 i.

2221 4531 2560 4604 ὁμογνώμων
2593 4528 2918 4602 Γρηγόριος,
2953 4530 2981 4582 ὁ
3027 4529 3124 4599 τῆς
3168 4527 3470 4582 Νυσσαέων
3502 4526 3783 4587 ἐπίσκοπος

2226 4642 2408 4696 φησιν.

2229 4719 2338 4790 Τοῦ
2371 4717 2544 4786 ἁγίου
2577 4715 2908 4790 Γρηγορίου
2933 4715 3270 4790 ἐπισκόπου
3294 4715 3572 4790 Νύσσης.
3599 4713 3664 4766 ἐκ
3697 4711 3780 4790 rei?

2293 4785 2892 4854 ἀναὲτληρωματικοῦ,
2932 4785 3208 4840 τουτέστι
3251 4785 3382 4854 περὶ
3419 4785 3779 4848 κατασκευῆς

2296 4855 2607 4924 ἀνθρώπου
2639 4855 2786 4922 (κεφ.
2819 4855 2926 4922 δ’.).

2304 4952 2552 5020 «Ὥσπερ
2578 4949 2716 5004 κατά
2738 4949 2838 5020 τὴν
2882 4945 3228 5018 ἀνθρωπίνην
3270 4943 3567 5014 συνήθειαν
3611 4944 3656 4996 οἱ
3699 4940 3778 4998 τὰς

2223 5044 2436 5107 εἰκόνας
2464 5043 2573 5097 τῶν
2605 5041 2950 5114 κρατούντων
2979 5037 3497 5102 κατασκευάζοντες,
3514 5035 3608 5089 τόν
3632 5052 3683 5087 τε
3705 5049 3775 5101 χιι

2227 5132 2474 5206 ρακτῆρα
2501 5131 2599 5203 τῆς
2633 5132 2850 5203 μορφῆς
2877 5131 3304 5202 άναμάσσονται,
3329 5127 3422 5182 καὶ
3444 5129 3510 5199 τῇ
3542 5121 3771 5197 περιϐολῇ

1677 5242 1722 5274 ⁸⁷
1759 5242 1928 5302 Basil.
1967 5246 2020 5301 in
2053 5246 2111 5304 S.
2152 5247 2434 5304 Gordium.

2062 5399 2290 5470 ΝΟΤΛΕ.

627 5505 704 5572 (ὅ)
731 5503 825 5573 Sic
853 5521 1040 5558 vocem
1089 5506 1332 5560 Graecam
1394 5506 1458 5558 ἐκ
1502 5502 1596 5556 τιοῦ
1656 5505 2123 5573 ἀποπληρωματι-

556 5570 689 5643 “7.06,
722 5572 912 5627 Latine
959 5575 1145 5638 reddo,
1197 5583 1475 5642 praeeunte
1523 5575 1798 5629 Tilmano.
1829 5570 2002 5643 Hujus
2033 5577 2118 5628 in—

557 5637 1417 5714 terpretationemiprmtermisit
1466 5645 1654 5700 Zinus.
1714 5644 1868 5714 Opus
1911 5637 2117 5712 'nempe

562 5707 693 5761 illud
732 5711 982 5780 Gregorii
1031 5707 1282 5781 Nysseui,
1319 5713 1442 5782 jure
1490 5707 1847 5784 appendicem
1891 5707 2110 5785 supple—

2232 5516 2549 5563 mcntumve
2611 5507 2820 5562 dixeris
2877 5507 2944 5562 ad
3008 5507 3198 5562 Basilii
3278 5507 3468 5562 fratris
3515 5505 3675 5559 libros
3728 5499 3767 5548 in

2231 5578 2628 5638 Hexaemeron,
2673 5577 2724 5631 in
2767 5577 2972 5645 quibus
3019 5579 3155 5632 nihil
3199 5579 3265 5632 de
3316 5577 3557 5631 hominis
3579 5569 3768 5645 opiﬁrjfj

2227 5649 2670 5727 scripsefatjile.
2729 5638 2948 5727 Yidesis
2976 5664 3096 5719 qua:
3127 5649 3440 5704 notavimus
3473 5646 3542 5701 ad
3571 5638 3682 5715 cap.
3712 5638 3766 5690 9‘3

2226 5719 2318 5774 lib.
2345 5717 2391 5773 ru
2417 5717 2492 5773 De
2523 5718 2616 5786 ﬁd.
2642 5718 2850 5774 art/rod.
