3960 6198
272 203 408 267 Ῑῐὶίῖθ
478 229 486 234 '

1369 201 1464 258 DE
1509 201 1968 261 lMAGlNlBUS
2007 201 2285 261 ORATlO
2328 201 2411 260 l'.-

3408 192 3542 258 1:270

266 318 366 386 τῆς
415 313 746 384 πορφυρίδος
799 313 894 383 τὴν
931 311 1216 384 βασιλικὴν
1248 314 1404 379 ἀξίαν
1457 316 1855 389 συμπαραγρά-

1972 323 2210 368 mentum
2253 312 2500 378 addant,
2539 328 2650 382 quo
2695 312 2841 379 regis
2883 311 3128 381 dignitas
3171 310 3535 378 signiﬁcetur.

267 426 450 480 φουσι.
483 408 576 462 καὶ
603 406 822 473 λέγεται
869 404 1009 458 κατὰ
1055 405 1151 475 τὴν
1197 408 1510 476 συνήθειαν,
1539 409 1632 462 καὶ
1665 409 1850 471 εἰκὼν,

271 499 362 551 καὶ
392 495 648 568 βασιλεύς
678 509 690 522 °
731 492 874 545 οὕτω
904 493 1053 562 καὶὴ
1093 493 1408 566 ἀνθρωπίνη
1450 493 1631 563 φύσις,
1667 495 1853 565 ἐπειδὴ

268 590 407 658 πρὸς
448 587 626 658 ἀρχὴν
669 584 779 638 τῶν
808 583 985 638 ἀλλων
1013 585 1469 649 κατεσκευάζετο,
1499 579 1611 638 οἷόν
1644 601 1724 648 τις
1761 584 1853 655 ἐμ-

265 682 440 750 ψυχος
485 677 652 730 είκὼν
696 676 990 747 ἀνεστάθη,
1035 677 1365 730 κοινωνοῦσα
1414 675 1490 746 τῷ
1543 677 1851 749 ἀρχετύπῳ,

269 773 488 844 καὶτῆς
521 768 698 836 ἀξίας,
734 768 829 822 καὶ
857 769 952 822 τοῦ
985 769 1266 840 ὀνόματος.
1307 787 1325 820 ι

277 974 386 1027 Τοῦ
413 969 625 1038 αὑτοῦ,
655 969 724 1023 ἐκ
767 969 873 1041 τοῦ
909 970 1184 1038 πέμπτου
1231 971 1560 1040 κεφαλαίου
1599 967 1708 1041 τῆς
1757 973 1856 1027 αὺ-

756 1112 765 1120 ⁸
781 1039 891 1107 τῆς
922 1041 1346 1109 πραγματείας.

347 1175 365 1206 ι
390 1156 462 1209 T6
488 1156 544 1208 δὲ
575 1154 718 1208 θεῖον
751 1153 965 1218 κάλλος,
1004 1155 1065 1208 οὐ
1101 1155 1340 1226 σχήματί
1363 1174 1493 1223 τινι,
1514 1159 1607 1210 καὶ
1641 1160 1856 1229 μορφῆς

268 1246 527 1316 εὐμοιρίᾳ
571 1246 661 1300 διά
707 1263 853 1308 τινος
903 1245 1156 1316 εὐχροίας
1203 1245 1604 1313 ἐναγλαῖζεται,
1656 1246 1772 1300 ἀλλ’
1799 1251 1856 1302 ἐν

266 1338 536 1408 ἀφράστῳ
567 1335 930 1407 μακαριότητι
952 1335 1073 1387 κατ’
1106 1336 1308 1407 ἀρετὴν
1332 1337 1856 1409 θεωρεῖται.⁹Ὠσπερ

270 1429 449 1482 τοίνυν
481 1429 580 1493 τὰς
608 1429 956 1498 ἀνθρωπίνας
986 1430 1222 1500 μορφάς,
1249 1429 1336 1483 διὰ
1365 1431 1672 1501 χρωμάτων
1697 1432 1858 1485 τινῶν

271 1522 366 1574 ἐπὶ
399 1522 526 1585 τοὺς
568 1520 806 1584 πίνακας
835 1523 884 1574 οἱ
919 1523 1154 1592 γραφεῖς
1211 1521 1600 1593 μεταφέρουσι,
1641 1526 1738 1589 τὰς
1775 1527 1856 1578 oi-

271 1613 428 1676 κείας
459 1630 516 1666 τε
570 1613 663 1666 καὶ
701 1611 1073 1683 καταλλήλους
1120 1612 1300 1682 βαφὰς
1349 1614 1736 1683 ἐπαλείφοντες
1782 1615 1858 1688 τῷ

267 1706 579 1776 μιμήματι,
606 1705 684 1769 ὡς
720 1705 786 1758 ἂν
815 1703 882 1757 δι’
912 1703 1199 1775 ἀκριϐείας
1229 1704 1290 1758 τὸ
1315 1707 1621 1778 ἀρχέτυπον
1662 1707 1856 1773 κάλλος

269 1795 624 1866 μετενεχθείη
656 1794 791 1865 πρὸς
821 1794 882 1849 τὸ
911 1782 1182 1865 ὁμοίωμα.
1221 1814 1238 1847 ι

347 1975 798 2046 Σχόλιον.⁶⁷ορα,
817 1974 892 2038 ὡς
921 1974 982 2027 τὸ
1005 1975 1106 2046 μὲν
1139 1974 1282 2029 θεῖον
1299 1976 1515 2042 κάλλος,
1537 1977 1596 2031 οὐ
1618 1979 1859 2050 σχήματί

266 2081 380 2118 τινι
424 2064 513 2118 διά
548 2082 696 2129 τινος
732 2065 988 2136 εὐχροίας
1028 2065 1430 2136 ἐναγλαῖζεται,
1469 2069 1562 2122 καὶ
1589 2069 1678 2122 διὰ
1705 2069 1861 2123 τοῦτο

264 2156 374 2210 οὐκ
409 2155 736 2222 είκονίζεται
758 2173 773 2188 ο
815 2158 848 2229 ἡ
880 2156 938 2212 δὲ
964 2157 1283 2232 ἀνθρωπίνη
1317 2161 1499 2231 μορφὴ
1527 2160 1614 2214 διὰ
1641 2160 1862 2231 χρωμά-

265 2265 383 2300 των
412 2248 505 2300 ἐπὶ
528 2248 656 2310 τοὺς
690 2246 924 2312 πίνακας
953 2249 1338 2320 μεταφέρεται.
1379 2251 1443 2305 ΕΞ
1477 2251 1656 2305 τοίνυν
1681 2253 1708 2304 6
1733 2253 1860 2316 Υἱὸς

266 2339 370 2393 τοῦ
401 2338 535 2394 Θεοῦ
571 2341 628 2394 ἐν
651 2339 936 2411 ἀνθρώπου
973 2344 1154 2413 μορφῇ
1183 2342 1395 2412 γέγονε,
1429 2343 1642 2415 μορφὴν
1671 2343 1858 2398 δούλου

266 2431 476 2498 λαϐὼν,
511 2433 604 2486 καὶ
636 2435 694 2486 ἐν
735 2433 1042 2504 ὁμοιώματι
1074 2433 1381 2504 ἀνθρώπων
1423 2435 1736 2506 γενόμενος,
1767 2438 1860 2492 καὶ

269 2525 518 2594 σχήματι
551 2524 794 2595 εὑρεθεὶς
828 2524 902 2590 ὡς
938 2525 1246 2596 ἄνθρωπος,
1277 2526 1395 2590 πῶς
1425 2527 1522 2581 οὐκ
1557 2529 1862 2600 είκονισθή-

270 2632 466 2681 σεται;
504 2616 598 2670 καὶ
641 2617 690 2669 εἰ
739 2615 882 2669 κατὰ
928 2617 1216 2688 συνήθειαν
1245 2617 1480 2687 λέγεται,
1517 2620 1672 2692 ἡτοῦ
1705 2621 1858 2691 βασι-

267 2701 414 2769 λέως
455 2705 637 2771 εἰκὼν,
682 2705 958 2776 βασιλεὺς,
994 2708 1088 2762 καὶ
1136 2711 1169 2781 ή
1220 2709 1319 2779 τῆς
1363 2710 1573 2774 εἰκόνος
1603 2710 1738 2784 τιμὴ
1768 2713 1861 2766 ἐπὶ

269 2796 338 2849 τὸ
387 2799 742 2867 πρωτότυπον
777 2797 1064 2866 διαϐαίνει,
1100 2797 1176 2862 ὥς
1225 2816 1391 2869 φησιν
1437 2801 1464 2852 6
1515 2799 1660 2865 θεῖος
1692 2801 1856 2855 Βασί-

271 2886 440 2951 λειος,
472 2886 592 2951 πῶς
632 2890 664 2958 ἡ
701 2886 864 2942 εἰκὼν
914 2889 974 2941 οὐ
1022 2887 1388 2960 τιμηθήσεται
1421 2889 1514 2942 καὶ
1545 2907 1860 2962 προσκυνη-

275 2979 538 3048 θήσεταις
569 2979 666 3049 οὐχ
704 2979 780 3042 ὡς
820 2978 974 3047 Θεὸς,
1001 2978 1118 3032 ἀλλ’
1143 2979 1219 3044 ὡς
1251 2979 1388 3037 Θεοῦ
1433 2982 1858 3053 σεσαρκωμένου

268 3084 295 3122 ε
313 3069 459 3125 Ξκὼν.

278 3249 392 3303 Τοῦ
423 3248 627 3319 αὐτοῦ,
660 3249 778 3302 ἀπὸ
819 3250 1006 3319 λόγου
1049 3248 1340 3316 ῥηθέντος
1368 3249 1438 3304 ἐν
1483 3233 1859 3307 Κωνστακτι-

347 3322 654 3392 γουπόλει,
687 3319 820 3392 περὶ
849 3321 1127 3392 θεότητος
1168 3319 1306 3373 Υιοῦ
1348 3319 1448 3374 καὶ
1490 3323 1856 3392 Πνεύματος,

347 3389 444 3443 καὶ
471 3391 559 3456 είς
590 3389 694 3442 τὸν
727 3389 994 3459 Ἀϐραάμ.

351 3519 374 3555 ι
398 3489 675 3579 Ἐντεῦθεν
693 3501 911 3573 δεσμοῖς
937 3501 1202 3574 πρότερον
1237 3501 1592 3574 διαλαμϐάνει
1619 3505 1648 3555 6
1676 3503 1861 3574 πατὴρ

271 3595 372 3649 τὸν
426 3595 603 3650 παῖδα.
634 3591 788 3648 Εἶδον
836 3594 1098 3659 πολλάκις
1145 3596 1240 3647 ἐπὶ
1283 3595 1502 3666 γραφῆς
1550 3596 1735 3650 εἰκόνα
1764 3596 1859 3649 τοῦ

275 3686 507 3750 πάθους,
547 3688 640 3740 καὶ
686 3687 788 3741 οὐκ
827 3685 1094 3758 ἀδακρυτὶ
1131 3685 1233 3757 τὴν
1263 3685 1394 3740 θέαν
1435 3686 1735 3757 παρῆλθον,
1772 3687 1860 3738 ἐν-

273 3779 462 3848 αργῶς
508 3779 607 3850 τῆς
652 3779 848 3850 τέχνης
897 3777 989 3832 ὑπ’
1017 3777 1140 3847 ὄψιν
1193 3776 1434 3849 ἀγούσης
1464 3777 1564 3848 τὴν
1599 3777 1859 3848 ἱστορίαν.

272 3875 572 3942 Πρόκειται
618 3875 646 3926 6
692 3871 878 3925 Ἰσαὰκ
943 3871 1075 3942 παρ’
1123 3870 1274 3941 αὕτῷ
1321 3869 1403 3941 τῷ
1449 3868 1860 3942 θυσιαστηρίῳ,

271 3967 516 4030 ὀκλάσας
542 3966 633 4019 ἐπὶ
664 3965 726 4019 τὸ
755 3966 908 4034 γόνυ,
940 3964 1034 4017 καὶ
1065 3963 1442 4035 περιηγμέναις
1466 3961 1605 4034 ἔχων
1632 3965 1712 4027 εἰς
1735 3963 1862 4016 τοὺ-

272 4057 424 4110 οπίσω
452 4056 551 4120 τὰς
594 4057 814 4126 χεῖρας·
846 4057 874 4108 6
900 4055 956 4108 δὲ
991 4051 1338 4126 ἐπιϐεϐηκὼς
1365 4052 1598 4106 κατόπιν
1627 4050 1702 4121 τῷ
1736 4051 1864 4105 πόδε

270 4151 378 4220 τῆς
405 4150 670 4220 ἀγκύλης,
705 4147 801 4202 καὶ
837 4150 903 4219 τῇ
948 4147 1216 4220 ἀριστερᾷ
1254 4145 1399 4216 χειρὶ
1430 4145 1528 4218 τὴν
1555 4145 1735 4216 κόμην
1767 4144 1860 4200 τοῦ

273 4241 468 4303 παιδὸς
499 4240 634 4312 πρὸς
666 4239 856 4294 ἑαυτὸν
887 4238 1223 4306 ἀνακλάσας,
1254 4238 1545 4292 ἐπικύπτει
1583 4237 1664 4310 τῷ
1697 4256 1865 4310 προσ-

271 4334 434 4404 ώπῳ,
463 4332 710 4395 ἐλεεινῶς
745 4331 884 4402 πρὸς
913 4331 1072 4384 αὐτὸν
1101 4329 1484 4394 ἀναϐλέποντι,
1514 4329 1611 4383 καὶ
1653 4329 1751 4401 τὴν
1779 4330 1866 4383 δε-

275 4403 402 4480 ξιὰν
429 4423 878 4493 καθωπλισμένος
907 4421 983 4493 τῷ
1009 4422 1172 4489 ξίφει,
1206 4421 1342 4493 πρὸς
1369 4420 1469 4493 τὴν
1498 4422 1714 4492 σφαγὴν
1733 4439 1864 4476 κατ·
1891 4403 1944 4462 Ῑ)

273 4519 514 4573 ευθύνει.
550 4518 658 4572 Καὶ
687 4517 917 4571 ἅπτεται
947 4515 1046 4587 ἤδη
1082 4513 1175 4569 τοῦ
1205 4513 1457 4584 σώματος
1482 4516 1515 4585 ή
1556 4513 1649 4568 τοῦ
1678 4513 1863 4584 ξίφους

275 4611 459 4682 ἀκμὴ,
489 4612 583 4664 καὶ
611 4611 734 4664 τότε
759 4609 908 4680 αὐτῷ
937 4608 1147 4678 γίνεται
1177 4607 1362 4662 θεόθεν
1398 4607 1572 4680 φωνὴ,
1607 4609 1668 4662 τὸ
1699 4607 1860 4680 ἔργον

276 4703 493 4756 κωλύου
501 4719 588 4756 σα.
632 4721 650 4753 ι

285 4796 398 4849 T05
444 4795 616 4862 ἁγίου
664 4793 944 4848 Ἰωάννου
990 4792 1095 4846 τοῦ
1149 4791 1596 4860 Χρυσοστόμου,
1644 4792 1712 4846 ἐκ
1758 4791 1868 4861 τῆς

388 4865 705 4933 ἑρμηνείας
733 4863 840 4930 τῆς
875 4862 1024 4931 πρὸς
1056 4863 1362 4929 Ἑϐραίους
1376 4862 1754 4929 Ἐπιστολῆς.

360 4973 379 5005 ι
400 4956 509 5008 Καί
526 4971 642 5017 πως
660 4952 823 5007 εἰκὼν
853 4952 946 5006 τοῦ
971 4953 1226 5022 δευτέρου
1255 4952 1314 5004 τὸ
1341 4950 1575 5022 πρῶτον,
1608 4953 1637 5004 6
1660 4953 1866 5022 Μελχι-

281 5047 442 5100 σεδὲκ
487 5045 583 5099 τοῦ
621 5043 884 5115 Χριστοῦ,
918 5042 1110 5115 ὥσπερ
1153 5042 1218 5096 ἄν
1266 5059 1350 5106 τις
1400 5042 1546 5096 elatos
1577 5043 1734 5096 σκιὰν
1766 5044 1864 5112 τῆς

1957 416 2123 475 atque
2152 405 2430 475 ejusmodi
2471 405 2654 474 imago
2695 418 2790 458 rex
2831 418 3053 474 quoque
3092 403 3357 473 appellari
3401 417 3534 458 cono

1957 497 2139 552 suevit
2167 515 2177 549 :
2216 497 2295 553 sic
2325 498 2489 552 etiam
2523 497 2761 550 humana
2792 503 2991 550 natura
3017 535 3031 559 ,
3057 509 3181 550 cum
3210 510 3276 550 eo
3303 494 3540 550 consillo

1960 589 2318 654 conderetur,
2347 598 2407 643 ut
2430 588 2598 643 rebus
2622 588 2748 641 aliis
2777 588 3078 657 imperaret
3098 626 3113 650 ,
3139 587 3318 642 instar
3341 588 3538 656 imagi-

1957 682 2045 737 nis
2077 679 2364 750 cujusdam
2415 680 2674 734 animatae
2717 687 2906 734 erecta
2949 685 3071 741 est,
3118 692 3182 732 ac
3231 678 3540 747 primigenii

1957 771 2291 840 exemplaris
2330 785 2564 825 consors
2599 769 2790 825 ell‘ccta
2817 808 2832 832 ,
2867 767 3152 841 dignitatis
3187 783 3408 838 quoque
3439 783 3540 822 no-

1958 877 2081 917 men
2116 862 2373 922 obtinuit.
2412 882 2430 913 ι

2140 975 2427 1044 Ejusdem,
2457 991 2520 1028 ex
2547 975 2716 1042 capite
2745 973 2929 1042 quinto
2955 971 3188 1040 ejusdem
3219 969 3362 1024 libri.

2037 1163 2054 1193 ι
2096 1145 2287 1198 Divina
2344 1147 2744 1215 pulchritudo,
2801 1162 2906 1200 non
2961 1143 3133 1217 ﬁgura
3186 1147 3401 1217 aliqua,
3449 1157 3544 1201 aut

1961 1234 2151 1291 forma:
2181 1248 2470 1293 venustate
2503 1254 2599 1308 per
2633 1240 2798 1294 ullam
2827 1241 3034 1296 coloris
3061 1241 3388 1312 elegantiam
3421 1243 3544 1296 illn-

1960 1334 2209 1382 stratur:
2247 1345 2438 1383 verum
2475 1331 2526 1383 in
2562 1331 2935 1400 inexplicabili
2973 1331 3354 1396 beatitudine,
3398 1349 3541 1403 prae-

1961 1419 2307 1474 stantissima
2367 1422 2609 1490 quadam
2669 1423 2890 1478 ratione
2951 1425 3316 1494 conspicitur.
3380 1425 3544 1480 Velut

1959 1525 2090 1580 ergo
2125 1511 2365 1580 pictores
2398 1509 2683 1566 hominum
2754 1514 2958 1570 formas
3000 1516 3282 1571 coloribus
3314 1518 3544 1587 quibus—

1961 1600 2084 1655 dam
2121 1601 2172 1654 in
2209 1603 2430 1658 tabellis
2452 1604 2840 1660 transcribunt
2865 1649 2880 1674 ,
2907 1614 2960 1661 et
2991 1607 3242 1662 imitandi
3271 1617 3389 1664 arte
3421 1626 3548 1680 pro-

1961 1693 2111 1763 prios
2166 1697 2672 1768 convenientesque
2731 1699 3116 1769 superliniunt
3174 1701 3433 1768 colores,
3491 1712 3550 1756 ut

1961 1800 2060 1856 per
2118 1786 2584 1843 assimilationem
2635 1791 2873 1862 exelnpli
2911 1792 3197 1864 archetypi
3239 1791 3549 1852 similitudo

1961 1884 2226 1930 accurate
2259 1886 2710 1946 repraesentetur.
2751 1898 2769 1932 ι

2034 1965 2333 2022 Comment.
2369 1969 2770 2027 Animadverte
2793 2011 2808 2036 ,
2849 1987 2957 2026 non
2988 1972 3166 2044 ﬁgura
3195 1971 3377 2044 aliqua
3401 2017 3416 2040 ,
3449 1993 3548 2031 nec

1962 2059 2079 2114 ulla
2143 2061 2394 2116 colorum
2450 2063 2724 2134 elegantia
2779 2065 3248 2136 pulchritudinem
3309 2067 3546 2122 divinam

1963 2147 2382 2220 splendescere,
2429 2162 2595 2221 atque
2639 2153 2691 2207 id
2741 2153 2796 2207 in
2845 2169 3016 2211 causa
3059 2143 3210 2221 esse,
3255 2173 3354 2212 cur
3396 2157 3549 2212 illius

1963 2241 2146 2312 imago
2197 2258 2303 2297 non
2338 2244 2520 2314 possit
2549 2245 2786 2316 exprimi
2813 2264 2826 2301 :
2859 2255 2917 2303 at
2944 2262 3075 2302 vero
3107 2247 3346 2304 humana
3377 2248 3550 2304 forma

1963 2332 2246 2388 coloribus
2282 2335 2338 2388 in
2367 2335 2586 2391 tabellis
2621 2335 2892 2408 pingitur.
2921 2336 3298 2410 Quapropter,
3327 2341 3550 2411 quando

1964 2421 2060 2478 Dei
2095 2420 2274 2479 Filius
2296 2464 2310 2490 ,
2349 2426 2494 2481 servi
2530 2425 2765 2482 formam
2795 2429 3079 2500 accipiens
3099 2469 3116 2496 ,
3149 2430 3394 2487 hominis
3423 2449 3549 2504 spc-

1963 2514 2104 2568 ciem
2137 2514 2344 2581 induit,
2376 2527 2430 2572 et
2455 2519 2509 2573 in
2543 2518 2907 2577 similitudine
2937 2521 3223 2577 hominum
3261 2523 3440 2580 tactus
3471 2525 3549 2593 μ)

1966 2601 2160 2658 habitu
2191 2604 2451 2662 inventus
2481 2616 2567 2662 est
2598 2616 2659 2662 ut
2688 2609 2852 2663 homo
2879 2627 2894 2676 ;
2929 2611 3061 2680 quid
3085 2617 3231 2666 vetat
3252 2613 3550 2682 quominus

1964 2693 2088 2763 ejus
2124 2695 2304 2765 imago
2335 2698 2708 2753 conﬁciatur?
2746 2699 2889 2765 Quin
2947 2702 2993 2756 si
3025 2717 3146 2757 mos
3185 2703 3454 2768 invaluit,
3487 2713 3549 2758 ut

1965 2784 2322 2856 imperatoris
2353 2788 2537 2860 imago
2568 2791 2868 2861 imperator
2901 2792 3232 2862 appelletur,
3267 2778 3323 2848 et
3353 2809 3550 2850 secun»

1965 2877 2094 2933 dum
2124 2879 2294 2934 divini
2321 2878 2507 2936 Basilii
2530 2885 2971 2954 pronuntiatum,
2994 2884 3172 2940 honor
3197 2886 3450 2956 imaginis
3481 2888 3549 2942 ad

1964 2981 2088 3022 eum
2125 2970 2366 3038 transit,
2401 2971 2562 3041 cujus
2594 2981 2678 3028 est
2717 2975 2901 3046 imago
2925 3015 2940 3041 ,
2975 2990 3144 3032 eccur
3166 2992 3276 3032 non
3299 2979 3508 3033 coletur
3532 3019 3548 3044 ,

1963 3072 2065 3114 nec
2099 3059 2428 3116 adoraltitur
2454 3063 2634 3135 imago
2666 3081 2679 3118 :
2713 3079 2821 3119 non
2851 3066 3074 3136 quidem
3122 3082 3223 3124 ceu
3253 3068 3396 3124 Deus
3426 3069 3499 3124 sit
3533 3110 3546 3134 ,

1961 3151 2058 3206 sed
2090 3160 2350 3223 tauquam
2387 3153 2568 3226 imago
2600 3155 2732 3222 Dei,
2766 3158 2861 3229 qui
2898 3174 3119 3216 carnem
3152 3161 3480 3232 assumpsit.

1961 3245 2252 3322 Ejusdem,
2300 3241 2653 3322 ex_lorutione
2703 3252 3172 3322 Constantinopoli
3219 3254 3439 3318 habita,
3486 3254 3550 3308 de

2045 3317 2196 3391 Filii
2239 3329 2288 3374 et
2353 3319 2588 3389 Spiritus
2643 3327 2820 3378 sancti
2867 3317 3183 3391 divinitate;
3239 3327 3328 3379 ubi
3386 3317 3436 3378 et
3485 3325 3550 3379 de

2032 3390 2356 3446 Abrahamo.

2039 3522 2056 3556 ι
2091 3504 2299 3560 Dehinc
2329 3504 2575 3562 vinculis
2610 3506 2840 3578 ligatum
2894 3508 3050 3578 prius
3096 3509 3338 3564 assumit
3375 3509 3549 3563 illium

1962 3603 2137 3665 pater.
2166 3596 2345 3666 llnjus
2371 3598 2585 3653 acerbae
2613 3599 2690 3652 rei
2721 3599 3016 3668 imaginem
3040 3599 3316 3668 depictam
3349 3602 3550 3669 smpins

1962 3687 2106 3749 vidi,
2161 3701 2264 3740 nec
2314 3702 2344 3740 a
2393 3687 2658 3759 lacrymis
2705 3696 3016 3758 temperare
3064 3703 3308 3759 unquam
3355 3691 3550 3760 potui;

1963 3791 2088 3832 cum
2121 3792 2212 3832 ars
2245 3779 2540 3850 perspicue
2586 3794 2704 3834 rem
2742 3787 2953 3850 gestam
3005 3780 3183 3837 oculis
3221 3782 3546 3851 explicaret.

1963 3870 2122 3925 Isaac
2162 3865 2320 3925 flexis
2363 3868 2640 3942 genibus,
2688 3871 3062 3942 manibusque
3105 3886 3136 3926 a
3177 3881 3332 3944 tergo
3364 3873 3549 3928 revin-

1965 3963 2102 4028 ctis,
2132 3963 2292 4032 juxta
2325 3964 2504 4020 altare
2530 3965 2721 4036 jacens
2753 3973 3205 4037 repraesentatur.
3230 3965 3392 4023 Pater
3419 3982 3550 4023 vero

1966 4065 2109 4120 pone
2145 4050 2239 4106 ﬁlii
2271 4054 2514 4124 poplites
2546 4057 2838 4124 accedens,
2870 4073 3203 4130 comamque
3233 4059 3382 4115 illius
3413 4060 3552 4114 sini-

1967 4152 2082 4198 stra
2115 4147 2517 4215 apprehensam
2551 4163 2716 4204 manu
2736 4188 2752 4215 ,
2784 4151 2852 4206 ad
2884 4165 2945 4207 se
2975 4150 3200 4208 trahens
3220 4193 3236 4221 ,
3266 4153 3458 4208 oculos
3493 4153 3550 4207 in

1967 4236 2178 4292 vultum
2213 4237 2307 4294 ﬁlii
2347 4239 2517 4310 digno
2554 4256 2789 4312 prorsus
2834 4242 3344 4300 commiserationis
3386 4244 3551 4300 modo

1970 4327 2152 4398 ipsum
2189 4331 2580 4401 respicientis,
2627 4333 2910 4401 demittit,
2949 4344 3003 4393 et
3037 4336 3321 4394 dexteram
3364 4353 3548 4392 arma-

1972 4429 2081 4475 tam
2115 4423 2302 4493 gladio
2331 4424 2400 4478 ad
2436 4425 2642 4481 easdem
2676 4426 2887 4498 dirigit.
2920 4427 3151 4501 Jamque
3195 4430 3358 4499 gladii
3401 4431 3550 4486 acies

1968 4527 2175 4584 corpus
2205 4516 2462 4588 attingit,
2493 4531 2620 4572 cum
2657 4534 2760 4576 vox
2784 4561 2800 4590 ,
2832 4525 2901 4577 ne
2936 4535 3049 4578 rem
3096 4519 3379 4593 perﬁciat,
3421 4539 3550 4593 pro-

1969 4606 2166 4663 hibens
2195 4610 2512 4666 exauditur.
2550 4631 2569 4663 ι

2081 4786 2139 4842 S.
2174 4785 2402 4860 Joannis
2443 4787 2809 4860 Cjtrysoslomi
2849 4791 2962 4860 (5).
3004 4807 3068 4846 ex
3104 4793 3441 4847 enarratione

2360 4859 2416 4911 in
2451 4857 2751 4927 Epistolam
2786 4857 3132 4916 αάἨεὺνιεοι
3158 4905 3172 4917 .

2047 4970 2066 5001 ‹
2094 4952 2170 5006 Ac
2213 4951 2368 5021 prius
2419 4951 2638 5021 quidem
2690 4953 3024 5022 posterioris
3071 4957 3252 5024 imago
3297 4953 3547 5023 quaedam

1970 5043 2111 5108 fuit,
2155 5042 2557 5098 Melchisedech
2605 5043 2854 5111 scilicet,
2893 5044 3146 5102 Christi:
3195 5045 3339 5101 baud
3384 5061 3546 5101 secus

1863 5221 2069 5277 ΝΟΤᾹΞ
2079 5267 2092 5282 .

361 5400 439 5470 (4)
472 5401 552 5474 lta
577 5400 739 5474 Vulg.
787 5402 890 5458 lnt.
925 5402 991 5456 ad
1038 5401 1423 5471 Philippenses
1453 5418 1514 5466 It,
1547 5398 1691 5474 8.1a
1722 5411 1871 5459 textu
1976 5406 2064 5471 19.,
2100 5406 2270 5459 multa
2298 5407 2557 5474 leguntur
2587 5404 2672 5459 his
2697 5419 2926 5473 prorsus
2955 5421 3059 5460 non
3093 5407 3386 5463 absimilia.
3415 5410 3550 5465 Sen-

286 5473 484 5554 tit-uico
515 5473 718 5554 legitur
737 5474 796 5527 ἐν
821 5475 1058 5554 σχηματι
1079 5488 1091 5500 ·
1127 5476 1227 5525 hoe
1257 5480 1366 5553 est,
1401 5473 1456 5525 in
1482 5473 1652 5554 specie
1678 5475 1873 5542 ﬁgura.

365 5541 442 5609 (ὅ)
468 5540 647 5614 Locus
669 5544 755 5595 hic
789 5540 1052 5614 mihinott
1079 5543 1512 5614 occurrit‘apud
1543 5540 1868 5614 Chrysosto-

292 5627 443 5663 mum
492 5613 544 5665 in
586 5612 882 5683 Epistolant
911 5613 978 5668 ad
1012 5611 1288 5668 llebrmos.
1321 5611 1671 5682 Quanquam,
1716 5614 1865 5669 hom.

1975 5477 2176 5549 tentias
2216 5477 2397 5549 potius
2425 5491 2588 5549 quam
2615 5475 2782 5549 verba
2813 5474 3196 5549 Chrysostomi
3231 5489 3548 5549 compactas

1973 5547 2061 5600 hic
2094 5543 2420 5615 putaverint,
2442 5543 2526 5597 ἰιι
2557 5543 2616 5598 ﬁt
2651 5545 2704 5597 in
2739 5543 2971 5599 catenis.
3016 5546 3217 5602 Locum
3253 5543 3396 5605 hunc
3427 5565 3550 5605 rur-

1973 5632 2068 5671 sus
2110 5616 2322 5686 protcrt
2349 5615 2743 5678 Damascenus,
2791 5624 2935 5671 orat.
2977 5615 3014 5668 2
3043 5625 3095 5672 et
3125 5616 3177 5673 3.
