3864 6198
308 326 449 392 1273

1424 331 1520 392 DE
1560 333 2020 398 IMAGINIBUS
2052 336 2337 401 ORATIO
2370 340 2421 411 Ι.
2854 332 2887 345 ‘

3436 342 3572 413 127i-

302 446 335 497 θ
367 440 522 506 Θεὸς,
552 435 794 508 εὔδηλον,
822 436 905 491 ὃτι
932 436 1159 493 δύναται
1197 441 1291 495 καὶ
1320 440 1387 495 δι’
1412 444 1657 511 εἰκόνων,
1684 446 1777 498 καὶ
1804 445 1885 498 λί-
1911 498 1913 505 λ

1991 449 2174 504 statim
2200 452 2401 505 revixit
2434 450 2493 504 ‘?
2531 449 2689 517 Quod
2717 450 2766 506 si
2796 451 2940 507 Deus
2966 468 3061 523 per
3094 470 3221 510 ossa
3250 470 3338 512 res
3365 461 3573 513 miran-

304 535 439 595 θων,
468 532 569 585 καὶ
613 529 820 601 ἑτέρων
853 530 1086 599 πολλῶν,
1116 531 1299 597 καθὼς
1346 535 1443 587 καὶ
1483 536 1578 589 ἐπὶ
1616 535 1888 592 Ἐλισσαιὲ

303 625 545 693 ἐγένετο,
570 622 629 687 ὃς
654 623 823 677 ἔδωκε
856 622 957 694 τὴν
992 623 1128 677 ίδίαν
1168 624 1360 694 ῥάϐδον
1391 626 1470 697 τῷ
1494 628 1688 682 ἑαυτοῦ
1709 630 1885 697 παιδὶ,

305 717 404 769 καὶ
429 712 575 783 εἷπε,
602 716 671 770 δι’
694 716 865 787 αὐτῆς
898 716 1234 787 πορευθέντα
1262 719 1564 790 ἀναστῆσαι
1590 720 1682 775 τὸν
1720 723 1888 777 παῖδα

304 808 407 878 τῆς
433 807 838 875 Σουναμίτιδος.
875 808 986 859 Καὶ
1018 807 1494 881 Μωῦσῆς,“ρά6δῳ
1525 811 1723 882 Φαραὼ
1766 814 1889 867 ὲκό·

305 899 461 965 λασε,
499 899 592 952 καὶ
622 896 901 952 θάλασσαν
940 896 1146 966 ἔσχισε,
1177 899 1272 951 καὶ
1296 896 1442 970 ὕδωρ
1470 900 1761 969 ὲγλύκανε,
1794 905 1889 957 καὶ

310 991 519 1060 πέτραν
567 987 788 1060 ἔρρηξε,
838 988 933 1041 καὶ
981 986 1124 1061 ὕδωρ
1172 989 1429 1060 ἐξήγαγε.
1478 993 1589 1047 Καὶ
1637 994 1888 1065 Σολομὼν

310 1097 497 1151 φησιν*
522 1082 868 1149 Ηὺλόγηται
899 1080 1109 1145 ξύλον,
1141 1080 1216 1134 δι’
1241 1077 1315 1138 οὗ
1353 1085 1577 1152 γίνεται
1605 1088 1884 1154 σωτηρία.

321 1173 592 1226 Ἐλισσαιὲ
655 1172 811 1236 ξύλον
876 1173 934 1226 ὲν
976 1172 1221 1245 Ἰορδάνῃ
1284 1175 1619 1246 ἀπορρίψας,
1672 1178 1889 1249 σίδηρον

309 1264 592 1333 ἁνήγαγε’
639 1263 734 1315 καὶ
777 1261 932 1329 ξύλον
980 1261 1153 1331 ζωῆς,
1201 1263 1297 1316 καὶ⁵
1346 1265 1513 1332 φυτὸν
1560 1265 1737 1319 Σαόὲκ
1786 1267 1886 1338 (7),

308 1357 480 1427 ἧγουν
513 1356 933 1426 συγχωρήσεως.
957 1357 1068 1409 Καὶ
1095 1356 1334 1427 Μωῦσῆς
1365 1358 1505 1429 ξύλῳ
1526 1359 1649 1429 ὅφιν
1680 1360 1887 1431 ῦψωσε,

310 1449 405 1501 καὶ
430 1446 555 1500 λαὸν
578 1447 909 1519 ὲζωοποίησε
928 1462 943 1477 ·
976 1447 1119 1519 ξύλῳ
1148 1448 1508 1519 βλαστήσαντι
1534 1453 1591 1505 ὲν
1616 1456 1682 1524 τῇ
1715 1455 1887 1525 σκηνῇ

308 1539 409 1610 τὴν
441 1539 714 1610 ἱερατείαν
743 1539 1040 1611 ἐκύρωσεν.
1059 1539 1198 1594 Ἀλλ’
1225 1542 1356 1606 ἴσως
1386 1544 1532 1613 ἐρεῖς
1564 1560 1680 1615 μοι,
1703 1546 1731 1598 6
1762 1545 1889 1598 Ἰου-

308 1630 478 1695 δαῖος,
512 1631 596 1684 ὅτι
622 1630 693 1685 τὰ
724 1632 782 1684 ὲν
814 1634 881 1702 τῇ
928 1635 1100 1703 σκηνῇ
1129 1632 1223 1686 τοῦ
1257 1636 1562 1707 μαρτυρίου
1593 1637 1830 1704 ἅπαντα,
1859 1640 1888 1692 6

309 1721 444 1786 Θεὸς
465 1721 717 1789 γενέσθαι
734 1723 1037 1795 προσέταξε
1061 1723 1139 1795 τῷ
1158 1723 1364 1795 Μωῦσῇ
1388 1743 1402 1756 ·
1426 1726 1584 1795 κὰγὼ
1610 1746 1693 1782 σοι
1719 1729 1884 1797 λέγω,

307 1814 394 1868 ὅτι
436 1813 610 1867 πολλὰ
656 1815 752 1867 καὶ
801 1815 1021 1869 ποικίλα
1050 1816 1354 1890 πράγματα
1381 1821 1410 1872 6
1441 1819 1693 1889 Σολομὼν
1723 1825 1782 1876 ὲν
1811 1822 1887 1892 τῷ

309 1905 444 1977 ναῷ,
469 1905 685 1974 γλυπτὰ
727 1906 820 1959 καὶ
864 1908 1110 1979 χωνευτὰ
1158 1909 1480 1981 πεποίηκεν,
1509 1912 1652 1984 ἆπερ
1703 1914 1823 1967 οὐδὲ
1859 1917 1888 1968 6

308 1997 442 2060 Θεὸς
470 1996 620 2068 αύτῷ
663 1998 886 2067 ποιῆσαι
921 2000 1273 2070 προσέταξεν,
1314 2000 1439 2055 οὕτε
1482 2004 1516 2073 ἡ
1569 2004 1742 2075 σκηνὴ
1790 2006 1885 2059 τοῦ

311 2088 612 2162 μαρτυρίου
650 2088 823 2142 ταῦτα
853 2090 1137 2161 ἐκέκτητο,
1184 2092 1310 2147 οὔτε
1354 2095 1384 2146 6
1433 2095 1582 2161 ναὸς,
1611 2095 1671 2150 ὃν
1698 2097 1728 2149 6
1754 2096 1887 2161 Θεὸς

304 2180 385 2251 τῷ
410 2181 670 2252 Ἰεζεκιὴλ
700 2181 972 2249 ὑπέδειξε,
998 2184 1093 2237 καὶ
1127 2184 1188 2238 οὐ
1228 2185 1587 2258 κατεγνώσθη
1616 2189 1675 2241 ὲν
1708 2188 1886 2259 τούτῳ

304 2272 336 2324 6
367 2270 617 2341 Σολομῶν
636 2288 651 2302 ·
684 2274 766 2335 είς
792 2272 951 2337 δόξαν
977 2273 1086 2343 γὰρ
1108 2273 1244 2327 Θεοῦ
1265 2275 1364 2338 τὰς
1386 2276 1643 2342 τοιαύτας
1670 2279 1887 2351 μορφάς

305 2361 731 2428 κατεσκεύασεν,
764 2361 954 2435 ὥσπερ
1002 2364 1066 2437 δὴ
1112 2364 1211 2419 καὶ
1254 2369 1438 2438 ἡμεῖς.
1472 2364 1631 2439 Εἴχες
1680 2370 1776 2423 καὶ
1818 2370 1883 2423 σὺ

304 2453 522 2540 πολλὰς,
536 2454 633 2506 καὶ
658 2454 952 2524 διαφόρους
999 2455 1137 2528 πρὸς
1164 2456 1474 2529 ἀνάμνησιν
1498 2458 1632 2512 Θεοῦ
1665 2461 1885 2526 εἰκόνας

302 2544 399 2598 καὶ
424 2544 733 2616 σὴμαντρα,
761 2546 891 2616 πρὶν
938 2546 971 2617 ἢ
1013 2547 1220 2601 τούτων
1246 2549 1336 2603 διὰ
1361 2549 1462 2621 τὴν
1501 2550 1600 2622 σὴν
1630 2553 1885 2625 ἀγνωμο-

303 2635 472 2708 σύνην
518 2636 850 2709 δστερήθης·
880 2639 1126 2694 τουτέστι
1182 2640 1282 2712 τὴν
1327 2644 1633 2714 Μωσαῖκὴν
1663 2644 1880 2715 ῥάϐδον,

299 2728 400 2792 τὰς
446 2728 743 2794 θεοτύπους
792 2731 1027 2798 πλάκας,
1059 2731 1158 2803 τὴν
1197 2733 1559 2804 πυρένδροσον
1590 2735 1750 2805 βάτον
1781 2737 1879 2807 (8),

299 2819 399 2889 τὴν
427 2819 755 2892 ξηρένυδρον
790 2821 1017 2893 πέτραν,
1053 2823 1152 2893 τὴν
1188 2825 1524 2895 μαννοφόρον
1550 2826 1801 2893 κιϐωτὸν,
1822 2827 1882 2881 τὸ

298 2910 597 2981 πυρένθεον
641 2911 1061 2984 θυσιαστήριον,
1097 2914 1161 2966 τὸ
1209 2914 1487 2984 θεώνυμον
1534 2916 1787 2984 πέταλον,
1820 2918 1881 2971 τὸ

297 3001 550 3074 θεόδηλον
592 3003 808 3071 Ἐφοὺδ,
862 3003 962 3075 τὴν
1011 3005 1255 3059 θεόσκιον
1291 3007 1529 3078 σκηνήν
1582 3009 1630 3061 εί
1680 3007 1738 3061 δὲ
1786 3009 1881 3063 καὶ

1994 545 2094 599 das
2138 543 2483 614 exsequitur,
2528 542 2635 598 hoc
2672 541 2791 612 ipse
2840 542 3010 597 dubio
3057 547 3274 615 procul,
3322 559 3434 603 tum
3476 566 3574 619 per

1994 637 2285 707 imagines,
2327 645 2441 689 tum
2500 650 2599 705 per
2648 635 2819 689 multa
2864 634 2969 687 alia
3014 645 3276 704 praestare
3333 641 3569 709 poterit;

1993 728 2458 798 quemadmodum
2482 726 2680 781 Elisaeo
2701 726 2928 797 contigit
2947 728 2988 792 ',
3020 727 3113 795 qui
3134 728 3385 783 baculum
3408 746 3571 790 suum

1995 834 2155 875 servo
2186 821 2435 883 tradens,
2464 820 2546 874 ire
2569 816 2829 889 praecepit
2872 825 2931 871 ut
2960 817 3085 887 ejus
3112 832 3283 888 opera
3320 820 3374 872 in
3404 820 3571 874 vitam

1997 912 2360 969 Sunamitidis
2408 911 2578 965 filium
2635 917 2944 966 revocaret.
3002 909 3121 964 lam
3170 924 3304 965 vero
3360 909 3573 981 Moyses

1997 1006 2149 1075 virga
2202 1003 2542 1058 Pharaonem
2586 1002 2911 1073 castigavit;
2969 1016 3123 1057 mare
3179 1002 3312 1056 item
3362 1000 3571 1064 divisit,

1998 1112 2155 1167 aqum
2202 1094 2552 1150 dulcedinem
2603 1093 2943 1158 conciliavit,
3007 1101 3219 1160 petram
3280 1093 3476 1162 fregit,
3518 1102 3574 1147 et

1996 1202 2168 1257 aquas
2207 1186 2397 1242 eduxit
2431 1186 2473 1240 °.
2536 1184 2679 1252 Quin
2730 1185 2897 1239 etiam
2944 1183 3204 1240 Salomon
3256 1185 3333 1239 ait
3366 1202 3378 1239 :
3408 1184 3574 1239 Bene-

1994 1281 2193 1333 dictum
2234 1290 2309 1333 est
2350 1278 2553 1349 lignum
2610 1292 2701 1345 per
2737 1277 2875 1346 quod
2934 1277 2995 1346 fit
3054 1276 3202 1330 salus
3245 1276 3289 1329 ⁷.
3342 1274 3573 1330 ΕΙίειευε

1995 1387 2091 1443 per
2130 1372 2335 1441 lignum
2367 1373 2422 1423 in
2459 1368 2758 1424 Iordanem
2787 1368 3117 1438 projectum,
3150 1367 3352 1422 ferrum
3386 1376 3573 1423 extra-

1995 1460 2076 1514 xit
2107 1460 2150 1513 ⁸.
2214 1459 2380 1529 326
2442 1460 2579 1513 Item
2628 1457 2836 1529 lignum
2886 1458 3012 1512 vitae
3063 1457 3571 1523 commendatur';

1995 1552 2203 1624 lignum
2235 1550 2429 1615 Sabec,
2466 1548 2524 1604 id
2574 1557 2659 1604 est
2708 1548 3063 1603 dimissionis.
3097 1548 3312 1619 Moyses
3352 1563 3574 1617 quoque

1994 1643 2145 1714 ligno
2170 1648 2482 1711 serpentem
2509 1641 2787 1703 exaltavit,
2812 1650 2865 1695 et
2888 1641 3056 1693 vitam
3090 1640 3291 1710 populo
3319 1638 3469 1694 dedit
3487 1640 3532 1671 ¹⁰
3556 1658 3568 1692 :

1994 1733 2145 1804 ligno
2183 1733 2239 1787 in
2279 1730 2635 1786 tabernaculo
2678 1728 3027 1800 germinante
3064 1728 3435 1783 sacerdotium
3464 1728 3573 1781 Aa-

1920 1800 1962 1855 Β
1992 1800 2113 1879 ι·οηί
2144 1823 2381 1878 firmavit
2402 1824 2469 1876 υ.
2495 1824 2565 1875 At
2596 1820 2786 1876 forsan
2807 1820 3047 1891 inquies,
3075 1834 3109 1875 ο
3145 1818 3353 1885 Iudaee,
3386 1819 3571 1873 omnia

1989 1917 2083 1972 illa
2130 1932 2252 1987 quae
2281 1917 2340 1971 in
2389 1913 2747 1969 tabernaculo
2797 1911 3104 1967 testimonii
3157 1920 3317 1965 erant
3378 1926 3408 1964 a
3458 1909 3569 1966 Deo

1988 2008 2161 2080 Moysi
2198 2009 2370 2064 fuisse
2399 2006 2681 2061 mandata.
2712 2003 2779 2058 Et
2805 2018 2906 2074 ego
2933 2003 3029 2059 tibi
3054 2017 3284 2072 repono,
3321 2000 3571 2056 Salomo-

1986 2118 2112 2159 nem
2139 2104 2307 2158 multa
2327 2102 2591 2172 variaque
2618 2099 2897 2170 sculptilis
2924 2106 2980 2154 et
3001 2096 3299 2152 conflatilia
3328 2096 3385 2150 in
3417 2106 3563 2151 tem-

1988 2195 2075 2265 plo
2102 2192 2424 2259 fabricasse,
2459 2207 2581 2263 quae
2618 2206 2724 2246 nec
2757 2189 2901 2245 Deus
2924 2188 3031 2257 ipsi
3063 2186 3245 2241 facere
3277 2199 3566 2255 praecepe-

1986 2296 2075 2340 rat
2105 2286 2171 2350 ¹¹,
2210 2299 2312 2340 nec
2344 2284 2401 2338 in
2450 2281 2809 2338 tabernaculo
2855 2277 3157 2335 testimonii
3192 2276 3432 2337 fuerant,
3461 2289 3566 2330 nec

1987 2376 2043 2431 in
2074 2375 2277 2445 templo
2334 2373 2433 2427 illo
2487 2371 2637 2442 quod
2685 2368 2962 2425 Ezeciiieli
3004 2365 3151 2422 Deus
3200 2363 3444 2420 ostendit
3480 2363 3563 2416 υς

1984 2481 2164 2536 neque
2207 2464 2279 2520 ob
2328 2466 2471 2519 hanc
2517 2477 2635 2517 rem
2682 2458 3084 2516 condemnatus
3118 2456 3376 2511 Salomon
3415 2454 3563 2518 fuit;

1983 2559 2184 2628 quippe
2203 2557 2299 2627 qui
2322 2557 2378 2611 in
2401 2555 2494 2610 Dei
2519 2552 2751 2624 gloriam
2772 2549 3049 2621 ejusmodi
3074 2548 3281 2603 formas
3311 2545 3568 2600 fabricas-

1984 2656 2088 2714 set,
2116 2648 2265 2702 velut
2288 2653 2342 2701 et
2370 2660 2471 2700 nos
2501 2658 2719 2714 quoque
2738 2642 2995 2698 facimus.
3025 2638 3104 2693 Tu
3122 2652 3342 2708 quoque
3362 2636 3565 2691 multas

1983 2738 2251 2801 habebas,
2285 2735 2535 2805 variique
2565 2732 2785 2804 generis
2826 2732 3094 2801 imagines
3139 2738 3195 2783 et
3227 2729 3408 2798 signa,
3438 2741 3565 2797 quae

1985 2830 2083 2885 Dei
2125 2827 2447 2883 memoriam
2488 2823 2855 2895 perlricarent
2898 2820 3033 2882 tibi,
3088 2818 3410 2887 priusquam
3452 2815 3564 2872 illis

1983 2926 2210 2990 propter
2238 2915 2439 2987 ingrati
2467 2914 2637 2969 animi
2664 2912 2864 2967 vitium
2899 2908 3217 2981 spoliareris
3250 2925 3265 2961 :
3303 2906 3564 2960 nimirum

1982 3012 2194 3081 virgam
2222 3006 2447 3078 Moysis,
2480 3004 2701 3059 tabulas
2722 3017 2752 3055 a
2782 3001 2896 3057 Deo
2929 2998 3254 3070 insculptas,
3278 2997 3563 3052 ardentem

298 3094 366 3146 σὺ
397 3092 617 3148 ἅπαντα
641 3094 815 3148 ταῦτα
839 3095 1033 3159 νυκτὸς
1063 3096 1157 3149 καὶ
1185 3097 1401 3167 ἡμέρας
1433 3098 1819 3165 κατεσκιάζου,
1850 3100 1879 3151 6
1906 3155 1913 3171 Α

1989 3104 2340 3171 roridumque
2386 3097 2594 3170 pariter
2630 3095 2836 3149 rubum
2863 3132 2878 3157 ,
2914 3100 3122 3161 petram
3157 3089 3369 3143 aridam
3397 3088 3558 3158 aquis

295 3185 507 3255 λέγων’
553 3186 708 3251 Δόξα
736 3202 837 3242 σοι
875 3192 909 3243 ὁ
950 3192 1140 3259 μόνος
1178 3190 1599 3260 παντοκράτωρ
1635 3193 1800 3259 Θεὸς,
1841 3196 1875 3248 ό
1906 3181 1913 3197 ⁷

1989 3204 2318 3254 manantem,
2377 3204 2559 3245 arcam
2609 3188 2664 3241 in
2707 3201 2817 3257 qua
2864 3198 3063 3237 manna
3101 3181 3439 3251 gestabatur,
3477 3181 3561 3232 al-

294 3275 396 3331 ὅιὰ
422 3277 668 3331 πάντων
696 3280 923 3333 τούτων
949 3280 1020 3334 ἐν
1040 3280 1294 3349 Ἰσραὴλ
1322 3284 1871 3350 θαυματοποιήσας,

294 3372 344 3425 εί
372 3370 430 3423 δὲ
462 3369 552 3424 διὰ
578 3372 795 3425 πάντων
827 3374 1030 3426 τούτων
1067 3372 1179 3428 τῶν
1215 3375 1477 3443 νομικῶν,
1507 3369 1581 3428 ὧν
1607 3372 1752 3446 εἶχες
1774 3394 1873 3429 πο-

1983 3300 2099 3344 tare
2132 3286 2273 3357 ignis
2303 3283 2474 3338 divini
2510 3278 2997 3348 conceptaculum,
3034 3275 3296 3327 laminam
3333 3271 3429 3326 Dei
3460 3287 3563 3324 no-

1982 3376 2127 3431 mine
2180 3372 2539 3441 insculptam,
2590 3366 2782 3437 Ephod
2813 3365 2871 3419 in
2906 3364 3413 3418 manifestationem
3460 3376 3567 3414 nu-

293 3466 379 3533 τὲ,
412 3468 772 3538 προσπίπτων
800 3468 878 3539 τῷ
909 3468 1028 3540 Θεῷ
1073 3469 1451 3541 προσεκύνεις,
1478 3472 1611 3542 ὁρᾷς
1654 3473 1735 3525 ὃτι
1784 3472 1873 3527 διὰ

1989 3468 2173 3530 minis,
2231 3458 2825 3517 obumbratunLitem,
2862 3471 2893 3510 a
2961 3454 3072 3511 Deo
3126 3452 3565 3509 tabernaculum.

294 3559 403 3614 τῶν
428 3558 653 3615 εἰκόνων
680 3561 1017 3631 προσάγεται
1043 3560 1121 3632 τῷ
1154 3561 1273 3632 Θεῷ
1301 3565 1333 3633 ὴ
1371 3563 1760 3636 προσκύνησις.
1786 3584 1806 3616 ι

1980 3560 2123 3627 Quin
2166 3556 2328 3612 etiam
2361 3552 2623 3607 universa
2669 3547 2787 3602 haec
2816 3547 2906 3602 die
2939 3554 3223 3614 noctuque
3261 3542 3424 3596 adum
3440 3541 3566 3594 bra-

295 3650 394 3706 bas
428 3651 658 3708 dicens:
696 3650 881 3707 Gloria
913 3652 1006 3705 tibi
1052 3653 1151 3717 sit,
1195 3654 1285 3722 qui
1308 3632 1453 3709 solus
1498 3632 1825 3724 omnipotens
1856 3673 1908 3711 es
1940 3655 2104 3717 Deus,
2148 3650 2237 3719 qui
2284 3662 2375 3716 per
2398 3644 2508 3698 haec
2534 3643 2713 3696 omnia
2751 3657 2835 3694 res
2862 3638 3207 3692 admirabiles
3262 3635 3448 3703 feceris
3511 3632 3565 3684 in

292 3744 471 3802 Israel
497 3746 587 3803 ’δε
638 3748 687 3803 si
745 3761 879 3803 vero
942 3762 1040 3817 per
1099 3747 1282 3801 omnia
1334 3749 1488 3816 bare,
1526 3766 1649 3821 qua:
1712 3752 1828 3822 lege
1856 3749 2209 3821 praecipiente
2251 3737 2532 3811 quondam
2575 3734 2858 3800 servabas,
2889 3731 3186 3801 procidens
3216 3728 3388 3783 Deum
3429 3725 3565 3780 ado-

291 3847 479 3909 rabas,
542 3844 696 3899 vides
751 3842 862 3898 Deo
908 3858 1007 3913 per
1094 3843 1361 3913 imagines
1443 3844 1823 3902 adorationem
1855 3842 2123 3902 exhiberi.
2160 3859 2179 3891 ι

362 3940 475 3995 καὶ
495 3941 625 4010 μετ’
656 3939 850 4007 ὀλίγα.
898 3957 917 3989 ι
949 3939 1010 3991 Εί
1057 3938 1166 4009 γὰρ
1214 3940 1243 3991 ὁ
1288 3940 1523 4008 ἀγαπῶν
1568 3942 1876 4015 εἰλικρινῶς

2056 3937 2126 3992 Et
2175 3943 2294 4004 post
2338 3947 2531 4001 pauca.
2573 3947 2591 3980 ι
2638 3924 2697 3981 Si
2746 3924 2872 3995 quis
2904 3924 3048 3979 enim
3096 3921 3292 3976 alfectu
3341 3920 3562 3976 sincero

291 4030 446 4100 φίλον
500 4030 534 4102 ἢ
588 4030 835 4101 βασιλέα,
888 4031 980 4082 καὶ
1026 4030 1263 4100 μάλιστα
1296 4031 1389 4084 τὸν
1421 4013 1739 4104 εὐεργέτην,
1771 4033 1874 4088 κᾶν

1989 4030 2219 4086 amicum
2249 4025 2336 4082 vel
2367 4024 2667 4094 ipsummet
2716 4018 3110 4087 imperatorem
3143 4013 3322 4084 diligit
3345 4051 3361 4078 ,
3399 4021 3565 4083 atque

290 4120 408 4174 υιδν
454 4118 621 4173 αὐτοῦ
674 4119 959 4189 θεάσηται,
993 4118 1094 4172 κᾶν
1129 4119 1344 4189 ῥάσδον,
1377 4121 1483 4175 κᾶν
1521 4102 1738 4192 θρόνον,
1775 4122 1878 4176 κᾶν

1989 4123 2135 4176 illum
2171 4119 2227 4174 in
2276 4114 2494 4187 primis,
2528 4111 2622 4182 qui
2659 4110 2726 4165 de
2756 4123 2819 4163 se
2850 4108 2989 4163 bene
3030 4106 3263 4161 meritus
3318 4113 3423 4169 est,
3471 4102 3565 4158 hic

293 4212 580 4281 στέφανον,
608 4212 710 4265 κᾶν
735 4208 904 4275 οἷκον,
933 4209 1036 4263 κᾶν
1069 4210 1272 4275 δοῦλον,
1310 4214 1520 4283 κρατεῖ,
1552 4213 1648 4266 καὶ
1695 4212 1875 4267 ἀσπάρ

1989 4214 2154 4285 plane,
2187 4210 2305 4267 sive
2332 4208 2504 4264 filium
2547 4204 2689 4275 ejus,
2737 4202 2853 4256 sive
2880 4208 3163 4270 sceptrum
3195 4198 3282 4253 vel
3308 4198 3524 4267 virgam
3545 4236 3564 4265 ,

291 4303 465 4367 ζεται,
498 4300 593 4354 καί
617 4301 753 4371 τιμᾷ
784 4300 874 4353 τὸν
914 4299 1210 4370 εὐεργέτην
1244 4300 1490 4369 βασιλέα,
1517 4301 1699 4373 πολλῷ
1730 4303 1871 4373 μᾶλ-

1989 4308 2095 4363 sive
2125 4318 2410 4368 coronam,
2446 4301 2561 4355 sive
2614 4298 2837 4353 domum
2865 4332 2882 4359 ,
2926 4294 3044 4348 sive
3074 4306 3296 4347 servum
3330 4304 3565 4360 conspe-

289 4389 380 4443 λον
406 4391 497 4443 τὸν
528 4390 679 4443 Θεόν.
707 4386 832 4442 Εἴθε
858 4389 986 4460 γὰρ,
1023 4388 1186 4443 πάλιν
1210 4389 1371 4458 λέγω,
1399 4392 1663 4462 ἐποίησας
1690 4394 1784 4446 καὶ
1805 4395 1870 4448 σὺ
1907 4410 1913 4464 j

1989 4398 2145 4461 xerit,
2186 4395 2533 4466 amplexatur
2573 4400 2631 4447 et
2676 4388 2997 4452 osculatur;
3066 4385 3283 4455 hacque
3340 4384 3559 4438 ratione

289 4482 507 4544 εἰκόνας
542 4481 862 4547 Μωσαῖκὰς,
891 4480 986 4533 καὶ
1010 4479 1378 4551 προφητικάς,
1399 4481 1493 4533 καὶ
1518 4482 1640 4535 καθ’
1657 4483 1871 4554 ἡμέραν

1989 4488 2283 4545 beneﬁcum
2309 4500 2438 4556 erga
2469 4499 2528 4540 se
2566 4488 2863 4537 veneratur
2898 4480 3306 4547 imperatorem.
3344 4473 3562 4539 Quanto

291 4573 649 4645 προσεκύνεις
696 4571 776 4643 τῷ
827 4573 1074 4646 Δεσπότῃ
1110 4571 1296 4629 αὐτῶν
1329 4572 1470 4642 Θεῷ.
1492 4573 1657 4627 Ὅταν
1695 4575 1874 4629 τοίνυν

1989 4582 2146 4652 igitur
2180 4580 2379 4650 potiori
2420 4577 2546 4647 jure
2580 4574 2752 4630 Deum
2791 4573 2971 4642 ipsum
3016 4567 3302 4624 colueris?
3337 4564 3559 4620 Utinam

291 4666 408 4737 ἴδῃς
448 4664 790 4737 Χριστιανῶν
820 4665 1018 4728 παῖδας
1047 4663 1492 4737 προσκυνοῦντας
1519 4664 1597 4736 τῷ
1632 4668 1873 4738 σταυρῷ,

1989 4681 2037 4727 et
2066 4683 2122 4727 tu
2146 4685 2367 4742 quoque
2393 4668 2522 4741 (hoc
2544 4667 2691 4724 enim
2726 4663 2995 4736 repetam)
3027 4660 3299 4717 Mosaicae
3326 4655 3562 4729 prophe-

291 4756 494 4824 γνῶθι,
541 4758 623 4812 ὅτι
668 4755 748 4827 τῷ
792 4756 1157 4829 σταυρωθέντι
1211 4756 1435 4828 Χριστῷ
1506 4758 1877 4830 προσκύνησιν

1989 4765 2234 4834 ticasque
2296 4761 2526 4817 fecisses
2581 4758 2895 4829 imagines,
2959 4754 3311 4825 singulisque
3366 4747 3561 4804 diebus

358 4934 378 4962 ³
415 4932 481 4984 ιν
502 4896 641 5000 Reg.
690 4948 759 4997 ιν,
810 4930 935 5000 99η
978 4930 1192 5000 (Exod.
1230 4947 1326 4993 vu,
1367 4931 1453 4984 i7.
1532 4930 1702 5000 ’Sap.
1736 4948 1849 4992 xtv,
1880 4936 1911 4988 7

2009 4933 2031 4965 ⁸
2056 4930 2121 4984 ιν
2151 4931 2286 5000 Reg.
2326 4946 2400 4989 γι,
2441 4930 2558 4983 4-7.
2635 4930 2657 4961 ⁸
2686 4928 2900 5000 Gen._9..
2933 4927 2986 5000 9.
3065 4926 3108 4956 ¹⁰
3140 4923 3307 5000 Num.
3337 4936 3452 4985 xxi,
3501 4918 3555 4973 9.

292 5002 329 5034 ¹¹
369 4999 530 5056 Num.
557 4996 666 5056 xvii
706 4996 759 5058 8.
840 5002 881 5033 ¹²
920 4999 964 5054 ll
983 4999 1164 5055 Paral.
1199 5018 1280 5065 ui,
1319 5001 1344 5053 1
1379 5015 1534 5071 seqq.
1614 4996 1662 5032 ³³⁷
1697 5002 1895 5059 Ezeeh.
1924 5020 2015 5069 XL,
2056 5003 2146 5057 47.
2226 4996 2269 5033 ιῖ
2303 5000 2348 5054 ll
2380 5000 2564 5056 Paral.
2596 5015 2673 5066 vt,
2709 5000 2776 5064 4;
2830 4997 2975 5052 Psal.
3039 5010 3191 5059 um,
3222 4996 3308 5048 18.

1783 5156 2017 5214 NOTAE.

356 5274 435 5346 (7)
498 5274 733 5349 Lignum
815 5278 980 5349 Sabec
1065 5278 1376 5349 desumpsit
1450 5277 1712 5332 Leontius
1792 5293 1857 5349 ex
1965 5292 2090 5329 eum
2133 5274 2276 5349 idem
2310 5280 2395 5349 est
2428 5285 2493 5323 ac
2524 5269 2751 5349 dimisit,
2785 5260 3387 5349 dereliquilglarbiuati
3423 5268 3551 5349 sunt

287 5335 750 5425 ςξιρκχχιινίξοιιη
781 5364 833 5410 v,
865 5348 956 5407 23.
989 5348 1081 5425 ubi
1113 5335 1368 5425 legim'us,
1403 5349 1541 5425 inter
1574 5348 1857 5425 t'epres,__in
1964 5355 2086 5425 Ῥω
2112 5343 2507 5425 ἀςπιὶεεὶοηθῃι,
2532 5340 2930 5425 emissionemve
2968 5335 3281 5425 signiﬁcare
3314 5346 3437 5384 cum
3464 5341 3549 5425 tit;

288 5405 517 5497 lle:be
544 5405 776 5497 habetur
807 5405 973 5497 ητιςῄ
1007 5419 1063 5497 riu
1110 5405 1392 5497 opacitate.
1440 5405 1859 5497 arbor-isseili-
1966 5405 2089 5497 men
2145 5414 2341 5468 litteris
2395 5412 2520 5466 aliis
2574 5409 2872 5471 scribatur,
2930 5406 3146 5461 scilicet
3194 5417 3288 5472 per
3316 5405 3551 5480 met?

288 5492 495 5557 cet‘aut
543 5484 848 5554 spinarum:
892 5487 1245 5557 Septuaginta
1288 5504 1421 5541 vero
1449 5504 1644 5542 nomen
1678 5488 1856 5557 ipsum
1964 5486 2019 5539 in
2057 5484 2182 5557 line:

291 5542 589 5636 liebraeum'
610 5566 933 5636 posuerunt,
968 5542 1026 5607 ἒν
1054 5542 1206 5636 (post?)
1235 5558 1517 5636 2a6_éx,_in
1544 5542 1731 5627 plant}:
1756 5556 1859 5609 Sa-

1996 5624 2006 5634 _
2036 5551 2576 5636 (8)..Πιξρένδροσον
2602 5548 2821 5613 βάτον,
2842 5545 3230 5636 quod-rubum
3260 5542 3545 5623 ardentem

291 5622 432 5684 θεοῘιο
468 5614 631 5692 (ιυεηὶ
665 5614 942 5688 singulare
974 5614 1246 5693 quoddam
1279 5614 1492 5682 arboris
1525 5614 1699 5693 genus
1730 5644 1854 5683 esse
1965 5614 2264 5687 signiﬁcat,
2314 5614 2413 5693 nec
2465 5630 2645 5675 tamen
2709 5614 3149 5681 comburentctn,
3197 5614 3354 5683 quasi
3420 5625 3545 5668 rore

292 5691 543 5749 arbitrati
586 5706 714 5750 sunt
748 5694 940 5752 Graeci.
973 5691 1047 5750 Ac
1080 5699 1204 5766 quin
1232 5708 1361 5759 Dm}:
1409 5691 1616 5752 δίιίιῦαε
1655 5700 1851 5769 Syria-
1960 5693 2198 5765 quodam
2227 5691 2527 5761 perfusum.
