3960 6198
237 815 240 817 ’
340 833 398 879 tu
430 826 547 894 ipse
591 827 893 895 quondam,
936 826 1131 890 lsrael,
1164 842 1227 881 ea
1256 826 1566 890 adorabas;
1604 827 1732 882 dum
1764 829 1926 883 arbo—

344 253 479 317 lft‘tii
1623 253 1928 315 IOANNI:

2043 256 2082 311 Λ
2092 249 2384 312 MASCEN
2399 251 2417 308 Ι
3488 233 3644 300 12ἷ6

343 373 514 424 Deum
570 369 812 438 ipsorum
871 371 1164 426 Dominum
1206 369 1518 424 adorasses.
1559 371 1694 424 Cum
1735 373 1920 440 itaque

2038 368 2386 438 προσάγουσι,
2419 365 2514 418 καὶ
2542 364 2600 417 οῦ
2644 363 2720 434 τῷ
2749 361 2912 428 ξύλῳ.
2933 353 3090 415 Ἐπεὶ
3120 359 3169 410 εί
3200 356 3302 428 τὴν
3332 355 3499 426 φύσιν
3540 352 3648 405 τοῦ

339 462 689 516 Christianos
730 462 933 518 videris
957 477 1174 517 erucem
1209 462 1528 525 adorantes,
1561 461 1612 515 id
1646 478 1743 532 pro
1770 471 1920 518 certo

2038 461 2186 525 ξύλου
2215 459 2423 521 έσεόον,
2459 457 2675 518 πάντως
2705 453 2771 507 ἂν
2798 455 2892 506 καὶ
2918 451 2984 505 τὰ
3022 451 3184 520 ἄλση,
3215 451 3310 504 καὶ
3338 449 3409 502 τὰ
3435 447 3652 518 δένδρα

339 565 551 616 teneas,
588 551 970 606 adorationem
1004 552 1166 606 istam
1220 550 1442 606 Christo
1485 550 1555 605 ab
1610 552 1691 634 eis
1739 551 1921 607 offerri

2038 551 2354 622 προσκυνεῖν
2381 544 2549 618 εἶχον,
2577 545 2767 614 ὥσπερ
2796 545 2861 596 σὺ
2892 545 2920 596 6
2949 541 3168 613 Ἰσραὴλ
3203 539 3651 610 προσεκύνησας

339 644 628 707 cruciﬁxo,
660 660 766 697 non
805 644 975 713 ligno.
1005 642 1141 697 Nam
1191 644 1236 697 si
1275 643 1409 714 ligni
1445 630 1728 697 materiam
1773 645 1921 698 cole-

2038 643 2234 704 τοῦτοις
2276 641 2430 705 ποτὲ,
2459 639 2634 707 λέγων
2673 635 2753 707 τῷ
2785 636 2987 706 δένδρῳ
3011 634 3108 688 καὶ
3140 632 3218 704 τῷ
3244 632 3399 703 λίθῳ,
3430 634 3520 685 ὅτι
3554 630 3653 685 Σύ

339 744 481 799 rent,
517 735 669 788 lucos
696 750 926 804 prorsus
955 743 1009 789 et
1031 735 1262 790 arbores
1283 735 1518 789 adorare
1547 735 1832 802 deberent,
1867 745 1925 790 ut

2038 751 2139 788 μου
2171 729 2227 787 εἴ
2259 733 2422 799 Θεὸς,
2457 731 2556 784 καὶ
2597 729 2678 784 σύ
2706 746 2782 798 με
2816 727 3174 796 ἐγέννησας.
3192 727 3381 814 Ἡμεῖς
3416 725 3498 788 δὲ,
3536 722 3655 792 οὐχ

2025 825 2202 890 οὕτως
2267 824 2498 895 λέγομεν
2527 821 2606 893 τῷ
2640 821 2878 891 σταυρῷ,
2916 819 3037 872 οὐδὲ
3079 821 3202 882 ταῖς
3248 820 3486 890 μορφαῖς
3520 816 3656 869 τῶν

2029 917 2217 986 ἁγίων.
2242 918 2316 970 Οὐ
2340 915 2449 986 γὰρ
2474 911 2586 968 θεοὶ
2609 914 2766 984 ἡμῶν
2792 915 2950 978 εἰσιν,
2975 911 3113 966 ἀλλὰ
3151 911 3324 981 βίϐλοι
3346 912 3538 980 ἀνεῳγ
3549 909 3653 978 μέ-

2027 1026 2114 1062 ναι
2151 1007 2285 1079 πρὸς
2317 1008 2624 1077 ἀνάμνησιν
2656 1005 2792 1058 Θεοῦ
2826 1005 2921 1060 καὶ
2963 1002 3130 1073 τιμὴν
3164 1001 3355 1067 αὑτοῦ,
3392 1005 3454 1056 ὲν
3504 1003 3652 1064 ταῖς

2027 1095 2669 1167 ἐκκλησίαις-προφανῶς
2715 1095 2968 1164 κείμεναι
2997 1093 3091 1147 καὶ
3117 1092 3651 1164 προσκυνούμεναι.

2041 1185 2098 1239 '0
2147 1186 2256 1257 γὰρ
2289 1185 2464 1251 τιμῶν
2492 1184 2582 1238 τὸν
2619 1183 2895 1256 μάρτυρα,
2925 1181 3059 1236 Θεὸν
3091 1182 3250 1252 τιμᾷ,
3279 1173 3324 1248 ᾧ
3349 1183 3377 1234 6
3413 1181 3657 1251 μάρτυς

2028 1277 2418 1349 ἐμαρτύρησεν
2438 1289 2452 1304 ⁸
2493 1277 2522 1328 6
2559 1275 2881 1346 προσκυνῶν
2919 1275 3012 1328 τὸν
3040 1273 3338 1328 ἀπόστολον
3365 1273 3464 1326 τοῦ
3492 1275 3658 1342 Χρι-

2031 1371 2181 1436 στοῦ,
2213 1372 2306 1424 τὸν
2371 1369 2774 1424 ἀποστείλαντα
2839 1368 3005 1422 αὑτὸν
3070 1370 3389 1438 προσκυνεῖ.
3428 1369 3551 1420 Καὶ
3620 1369 3656 1422 ὁ

2030 1461 2393 1534 προσπίπτων
2446 1464 2511 1531 τῇ
2567 1460 2755 1531 Μητρὶ
2796 1459 2891 1512 τοῦ
2927 1458 3189 1530 Χριστοῦ,
3222 1458 3494 1530 πρόδηλον
3549 1459 3654 1511 ὅτι.

339 1557 711 1625 persequitur,
739 1557 1005 1612 honorem
1037 1573 1256 1627 quoque
1278 1559 1384 1612 Deo
1409 1558 1650 1623 exhibet,
1671 1557 1757 1612 cui
1785 1573 1928 1611 mar-

2038 1553 2106 1624 τῷ
2140 1553 2254 1624 Υἱῷ
2301 1553 2473 1624 αὐτῆς
2528 1553 2628 1624 τὴν
2680 1552 2847 1623 τιμὴν
2892 1551 3221 1622 προσφέρει.
3281 1552 3472 1615 Οὐδεὶς
3517 1551 3655 1621 γὰρ

343 1653 428 1714 tyr
478 1647 850 1702 testimonium
901 1648 1162 1703 reddidit.
1205 1647 1311 1714 Qui
1347 1647 1552 1703 Christi
1605 1647 1923 1716 apostolum

2038 1647 2182 1712 Θεὸς,
2215 1649 2264 1701 εί
2295 1648 2372 1720 μὴ
2401 1642 2504 1712 εἷς,
2528 1649 2556 1702 6
2579 1649 2636 1700 ἐν
2662 1646 2855 1718 Τριάδι
2885 1641 3289 1716 γνωριζόμενός
3313 1661 3373 1697 τε
3403 1645 3500 1697 καὶ
3529 1643 3651 1696 λα-

340 1737 554 1802 adorat,
603 1739 887 1794 Christum
935 1741 1192 1805 insimul,
1229 1755 1259 1794 a
1296 1753 1408 1810 quo
1453 1739 1542 1794 ille
1574 1739 1777 1793 missus
1820 1745 1924 1803 est,

2038 1738 2381 1811 τρευόμενος.
2413 1759 2432 1791 ι

339 1829 577 1883 adorat:
638 1839 692 1886 et.
730 1833 826 1902 qui
865 1847 1050 1888 coram
1105 1833 1310 1890 Christi
1371 1843 1542 1889 matre
1600 1831 2019 1888 venerabundus
2061 1834 2315 1903 procidit,
2371 1833 2574 1888 nemini
2621 1830 2848 1887 dubium
2897 1836 3006 1892 est,
3042 1829 3176 1899 quin
3205 1837 3262 1885 et
3305 1828 3360 1884 id
3395 1826 3654 1883 honoris

341 1917 534 1974 offerat
567 1918 728 1976 Filio.
764 1921 960 1979 Nullus
995 1925 1199 1995 quippe
1218 1924 1363 1979 Deus
1389 1933 1474 1979 est
1533 1929 1728 1994 praeter
1807 1936 1997 1988 unum,
2040 1923 2134 1994 qui
2174 1923 2230 1977 in
2261 1922 2534 1978 Trinitate
2561 1921 2914 1993 cognoscitur
2943 1927 3000 1992 et
3029 1921 3249 1976 colitur.
3286 1938 3306 1973 ι

339 931 453 969 rem
498 924 552 969 et
600 916 836 985 lapidem
891 916 1042 969 hisce
1099 916 1280 970 verbis
1330 917 1698 986 compellares
1735 935 1746 970 :
1780 917 1924 972 Deus

341 1022 487 1059 meus
523 1023 576 1059 es
607 1016 686 1070 tu,
720 1015 768 1060 et
800 1015 856 1059 tu
885 1022 965 1059 me
999 1007 1228 1076 genuisti
1263 1008 1327 1060 ³⁸.
1357 1005 1466 1062 Nos
1496 1023 1632 1062 vero
1667 1024 1768 1063 nec
1795 1025 1924 1063 cru-

339 1111 480 1156 cem.
507 1110 608 1150 nec
633 1105 947 1150 sanctorum
975 1097 1243 1166 imagines
1271 1097 1548 1167 ejusmodi
1573 1097 1758 1154 verbis
1792 1099 1928 1154 allo-

340 1187 584 1256 quimur.
617 1186 734 1242 Non
764 1189 914 1243 enim
941 1189 1019 1243 dii
1055 1190 1236 1244 nostri
1268 1197 1434 1255 sunt,
1471 1189 1568 1245 sed
1601 1197 1791 1260 aperta
1825 1207 1919 1261 po-

338 1279 450 1334 tius
511 1279 814 1347 volumina,
867 1296 991 1348 quae
1040 1283 1094 1336 in
1149 1283 1406 1338 ecclesiis
1462 1283 1808 1352 explicantur
1871 1291 1926 1340 et

340 1373 663 1434 adorantur,
693 1380 752 1427 ut
803 1389 995 1429 earum
1029 1383 1256 1444 aspectu
1301 1389 1572 1430 memores
1602 1371 1697 1430 Dei
1727 1375 1924 1442 simus,

343 1463 633 1534 ipsumque
667 1481 1014 1520 veneremur.
1048 1465 1152 1533 Qui
1189 1467 1335 1521 enim
1371 1476 1667 1538 martyrem
1713 1467 1927 1522 honore

2104 2035 2383 2103 Σχόλιον.
2403 2030 2573 2098 υῦτος
2609 2034 2797 2098 πιστὸς
2813 2033 3086 2105 ἐξηγητὴς
3101 2032 3210 2086 τῶν
3225 2031 3322 2086 τοῦ
3345 2031 3648 2102 μακαρίου

2047 2129 2362 2197 Ἐπιφανίου
2392 2128 2588 2194 λόγων,
2607 2129 2635 2180 6
2663 2129 2776 2190 τοῖς
2802 2124 2996 2179 ἑαυτοῦ
3023 2125 3205 2192 λόγοις
3228 2123 3328 2194 τὴν
3355 2123 3650 2193 Κυπρίων

2033 2223 2464 2292 κατακοσμήσας
2501 2221 2687 2290 νῆσον,
2723 2220 2756 2290 ἢ
2806 2221 2856 2272 ol.
2906 2217 3014 2271 ἀπὸ
3049 2217 3281 2287 καρδίας
3305 2215 3642 2279 λαλοῦντεςς

2036 2311 2237 2364 ’Λκουε
2275 2311 2332 2364 δὲ
2376 2311 2469 2364 καὶ
2494 2309 2831 2380 Σευηριανοῦ
2861 2308 2970 2362 τῶν
3007 2306 3268 2362 Γαϐάλων
3293 2305 3641 2368 ἐπισκόπου,

2032 2394 2122 2454 οἷά
2147 2417 2334 2469 φησιν.

413 2029 709 2089 Comment.
731 2033 932 2090 Annon
966 2036 1108 2092 beati
1144 2036 1433 2107 Epiphanii
1463 2035 1736 2090 dictorum
1764 2032 1926 2106 327

344 2123 520 2178 fidelis
560 2125 835 2195 interpres
877 2127 1041 2183 fuerit
1077 2129 1368 2194 Leontius,
1407 2129 1500 2198 qui
1558 2143 1656 2183 sua
1706 2140 1930 2196 quoque

343 2217 596 2271 doctrina
649 2219 890 2290 Cyprum
921 2221 1162 2277 insulam
1196 2222 1520 2276 exornavit?
1550 2222 1633 2274 An
1669 2221 1795 2274 illos
1831 2234 1931 2290 po-

347 2307 459 2361 tius
482 2310 938 2376 auscultabimus,
963 2314 1056 2382 qui
1084 2313 1268 2367 cordis
1291 2314 1374 2368 sul
1408 2327 1567 2367 sensa
1587 2311 1932 2381 loquuntur?

349 2399 454 2454 Sed
497 2402 688 2457 audias
730 2403 913 2466 velim,
951 2403 1082 2475 quid
1122 2407 1286 2460 etiam
1326 2405 1660 2460 Severianus
1687 2403 1928 2458 Gabalo-

348 2507 470 2544 rum
503 2493 798 2561 episcopus
829 2495 1103 2552 docuerit.
1937 2481 1944 2488 ί

349 2580 618 2635 Seueriani
671 2584 1017 2652 Gabalorum,
1054 2601 1118 2639 ea:
1153 2602 1392 2667 sermone
1440 2587 1495 2640 in
1543 2586 1930 2641 dedicationem

1035 2673 1229 2710 crusta.

424 2761 444 2795 ι
485 2743 736 2811 Quonam
774 2756 934 2817 pacto
991 2748 1173 2819 imago
1230 2749 1504 2804 maledicti
1562 2748 1932 2819 progenitori-

348 2836 452 2892 bus
503 2840 710 2894 nostris
752 2841 919 2896 vitam
968 2844 1322 2898 conciliavit?
1357 2863 1376 2897 ι
1435 2843 1502 2896 Et
1535 2845 1718 2912 paucis
1759 2845 1930 2897 inter-

340 2932 501 2998 jectis
533 2949 552 2986 :
583 2933 870 2999 Quomodo
905 2935 1071 3004 igitur
1098 2936 1278 3005 imago
1306 2936 1580 2991 maledicti
1619 2935 1821 3005 populo
1851 2933 1932 2987 la-

349 3024 568 3079 boranti
611 3026 774 3081 saluti
808 3027 940 3082 fuit?
968 3027 1161 3084 Nonne
1182 3029 1535 3084 verisimilius
1563 3028 1796 3084 dixisset
1822 3045 1835 3081 :
1872 3027 1930 3082 Si

2034 2579 2399 2648 Σευηριανοῦ
2423 2579 2762 2632 ἐπισκόπου
2790 2576 3243 2648 ιάϐἁνὶων,ίάπὸ
3271 2577 3485 2644 λόγου,
3517 2578 3644 2632 τοῦ

2313 2651 2400 2714 εἰς
2427 2651 2496 2703 τὰ
2522 2650 2796 2716 ἐγκαίνια
2827 2649 2932 2702 τοῦ
2962 2647 3236 2715 Σωτῆρος
3274 2656 3337 2702 ω.

2111 2759 2128 2791 ι
2170 2741 2294 2804 Πῶς
2321 2742 2354 2810 ἡ
2387 2739 2552 2794 εἰκὼν
2597 2740 2691 2793 τοῦ
2743 2740 3179 2811 ὲπικαταράτου,
3233 2739 3380 2810 ζωὴν
3422 2740 3645 2808 ἤνεγκε

2031 2833 2144 2895 τοῖς
2167 2833 2461 2903 ἡμετέροις
2501 2833 2818 2904 προγόνοις;
2858 2851 2874 2884 ι
2913 2831 3172 2901 Καὶμετ⁹
3201 2831 3406 2900 ὀλίγα³
3446 2849 3468 2881 ‹
3502 2831 3644 2895 Πῶς

2031 2920 2123 2978 οὖν
2156 2927 2189 2994 ὴ
2218 2925 2382 2978 εἰκὼν
2419 2923 2514 2978 τοῦ
2555 2924 2969 2995 ὲπικαταράτου
3003 2925 3201 2994 ἤνεγκε
3245 2923 3360 2992 λαῷ
3392 2924 3454 2975 ὲν
3487 2939 3550 2975 συ
3561 2940 3644 2992 μ.-

2033 3018 2176 3088 φορᾷ
2209 3017 2596 3089 χειμαζομένῳ
2634 3017 2954 3088 σωτηρίαν;
2993 3011 3140 3086 Ἀρα
3185 3016 3287 3069 οῦκ
3323 3011 3389 3084 ἦν
3413 3013 3645 3079 ἀξιοπι-

347 3114 474 3181 quis
499 3126 742 3170 vestrum
780 3134 1004 3175 morsus
1041 3119 1228 3184 fuerit,
1267 3120 1472 3174 coelum
1519 3119 1806 3188 suspiciat,
1836 3125 1928 3173 aut

2038 3110 2288 3182 στότερον
2335 3112 2547 3163 εἰπεῖν·
2589 3109 2714 3163 Ἐάν
2763 3128 2850 3173 τις
2888 3109 3040 3181 ὑμῶν
3093 3108 3290 3179 δηχθῇ,
3330 3107 3518 3178 βλέψει
3549 3109 3641 3172 εἰς

349 3209 765 3262 tabernaculum
804 3209 923 3273 Dei,
961 3219 1016 3266 et
1057 3212 1294 3266 salutem
1343 3212 1699 3280 adipiscetur.
1728 3208 1926 3263 Verum

2038 3204 2123 3256 τὸν
2151 3204 2402 3273 οὐρανὸν,
2434 3205 2546 3258 ἄνω
2583 3203 2718 3274 πρὸς
2761 3204 2855 3256 τὸν
2879 3202 3032 3266 Θεὸν,
3075 3203 3169 3256 καὶ
3205 3203 3544 3273 σωθήσεται,
3601 3203 3638 3272 ἢ

350 3293 437 3345 his
469 3295 557 3348 ille
590 3297 959 3364 posthabitis,
1009 3301 1194 3354 erucis
1243 3309 1454 3353 tantum
1504 3301 1698 3354 statuit
1743 3300 1928 3368 imagi-

2041 3299 2118 3358 εἰς
2149 3297 2248 3367 τὴν
2281 3300 2490 3367 σκηνὴν
2527 3295 2621 3349 τοῦ
2676 3295 2859 3360 Θεοῦ;
2915 3296 3074 3350 Ἀλλὰ
3130 3295 3305 3349 ταῦτα
3354 3295 3638 3366 παριδὼν,

349 3400 495 3438 nent.
533 3386 646 3439 Cur
674 3402 842 3454 porro
873 3389 987 3441 hinc
1010 3391 1182 3458 egerit
1212 3390 1446 3458 Moyses,
1481 3393 1575 3459 qui
1613 3392 1774 3458 paulo
1805 3401 1932 3446 ante

349 3477 564 3531 dixerat
593 3499 604 3532 :
641 3477 764 3532 Non
793 3480 967 3547 facias
1001 3481 1094 3533 tibi
1135 3481 1400 3548 sculptile,
1438 3499 1600 3552 neque
1628 3483 1928 3551 conﬂatile,

348 3585 511 3640 neque
535 3571 943 3626 similitudinem
973 3589 1157 3626 eorum
1188 3589 1386 3636 rerum,
1415 3590 1532 3643 qnw
1559 3585 1681 3628 sunt
1716 3576 1769 3628 in
1802 3577 1932 3630 cwlo

347 3678 578 3725 sursum,
614 3675 708 3716 aut
739 3666 794 3717 in
828 3675 972 3720 terra
996 3666 1269 3732 deorsum,
1299 3676 1390 3720 aut
1433 3668 1486 3721 in
1522 3669 1696 3737 aquis,
1741 3669 1932 3724 locisve

346 3753 704 3810 subterraneis
744 3758 829 3811 ‘3?
870 3758 977 3813 Sed
1027 3759 1156 3828 quid
1205 3759 1273 3814 ad
1323 3760 1600 3831 ingratum
1661 3763 1928 3832 populum

346 3845 462 3900 haec
482 3847 718 3916 laquor?
746 3847 1022 3912 Edissere,
1051 3865 1261 3919 quaeso,
1298 3851 1614 3907 ﬁdelissime
1642 3851 1734 3907 Dei
1768 3854 1932 3907 mini-

345 3944 495 4002 ster;
526 3939 670 4006 quod
699 3939 822 3993 aliis
845 3948 1015 4002 vetas,
1045 3956 1145 3995 cur
1178 3942 1296 4011 ipse
1342 3941 1553 3997 facias?
1582 3941 1736 4010 Quod
1771 3960 1929 3999 ever-

345 4028 441 4092 tis,
493 4028 628 4083 illud
678 4031 918 4086 statuis?
961 4033 1054 4100 qui
1099 4034 1375 4103 pratcipis,
1424 4032 1551 4089 Non
1609 4035 1773 4102 facies
1832 4037 1930 4090 tibi

344 4121 624 4188 sculptile;
681 4124 774 4193 qui
832 4126 1162 4181 conﬂatilem
1230 4127 1463 4181 vitulum
1522 4129 1924 4195 comminuisti,

347 4223 657 4279 serpentem
687 4229 753 4268 ex
792 4230 899 4270 tere
930 4225 985 4270 tu
1013 4218 1130 4288 ipse
1154 4218 1425 4272 canticis?
1457 4216 1600 4284 Quin
1634 4219 1784 4272 illum
1817 4237 1926 4273 non

346 4303 512 4366 clam,
545 4305 640 4359 sed
672 4307 849 4375 palam
881 4309 1138 4364 omnibus
1175 4310 1636 4378 conspiciendum
1671 4311 1928 4380 praebes?

345 4392 413 4446 At
451 4393 560 4456 illa,
593 4395 790 4465 inquit,
825 4399 1103 4462 mandavi,
1148 4414 1258 4468 quo
1301 4400 1585 4453 materiam
1625 4401 1925 4471 impietatis

345 4486 730 4542 exscinderent
752 4528 768 4551 .
801 4498 854 4544 et
899 4491 970 4546 ab
1011 4491 1162 4544 omni
1190 4490 1500 4546 delectione
1529 4492 1924 4566 ctidololatria

345 4579 606 4646 populum
657 4595 968 4636 avocarent.
1007 4580 1164 4636 Nunc
1193 4591 1376 4638 autem
1409 4585 1475 4638 ad
1510 4585 1744 4640 aliorum
1782 4586 1926 4640 utili-

2044 3389 2204 3459 μόνον
2251 3389 2347 3441 τοῦ
2405 3387 2642 3460 σταυροῦ
2704 3389 2801 3459 τὴν
2853 3389 3039 3460 εἰκόνα
3089 3387 3314 3458 ἔπηξεν.
3347 3389 3506 3442 Διατί
3536 3383 3638 3442 οῦν

2039 3477 2215 3534 ταῦτα
2244 3479 2419 3532 ἐποίει
2445 3479 2714 3549 Μωῦσῆς,
2741 3482 2768 3534 ὁ
2795 3478 2966 3534 εἰπὼν
2994 3479 3072 3551 τῷ
3104 3480 3218 3553 λαῷ
3243 3523 3259 3548 ,
3314 3483 3397 3535 Οὐ
3448 3496 3637 3550 ποιη-

2039 3586 2171 3635 σεις
2192 3569 2384 3636 ἑαυτῷ
2422 3571 2885 3640 τλυπτὸν,οὺόὲ
2927 3573 3256 3642 χωνευτὸν,
3312 3572 3458 3626 οὐδὲ
3507 3573 3638 3627 πᾶν

2039 3665 2322 3732 ὁμοίωμα,
2363 3663 2480 3718 ὅσα
2517 3665 2588 3718 ἐν
2620 3661 2701 3730 τῷ
2726 3664 2958 3733 οὐρανῷ
2989 3665 3135 3732 ἇνω,
3170 3665 3272 3718 καὶ
3308 3664 3426 3719 ὅσα
3449 3666 3525 3720 ἐν
3558 3665 3635 3732 τῇ

2038 3752 2116 3824 γῇ
2143 3754 2318 3819 κάτω,
2365 3755 2464 3809 καί
2512 3755 2628 3809 ὅσα
2677 3755 2746 3808 ἐν
2771 3754 2896 3822 τοῖς
2929 3755 3169 3820 ὕδασιν,
3201 3755 3490 3810 ὑποκάτω
3523 3754 3634 3822 τῆς

2037 3845 2190 3916 γῆς
2227 3845 2388 3898 Ἀλλὰ
2423 3848 2474 3900 τι
2515 3846 2688 3902 ταῦτα
2747 3847 2884 3918 πρὸς
2931 3847 3224 3918 ἀγνώμονα
3274 3847 3631 3919 φθέγγομαις

2037 3937 2193 4002 Εἰπὲ,
2235 3932 2280 3992 ὧ
2333 3939 2624 3992 πιστότατε
2665 3937 2801 3991 Θεοῦ
2855 3937 3113 4008 Οεράπον,
3159 3939 3188 3992 6
3232 3939 3631 4011 ἀπαγορεύεις,

2037 4032 2248 4094 ποιεῖς;
2304 4029 2332 4082 6
2363 4030 2728 4101 ἀνατρέπεις,
2776 4030 3250 4098 κατασκευάζεις
3309 4031 3369 4084 ὐ
3408 4031 3590 4101 λέγων
3615 4073 3629 4098 ,

2039 4123 2120 4176 Οὐ
2143 4123 2419 4188 ποιήσεις
2436 4124 2726 4188 γλυπτὸν,
2758 4123 2848 4176 τὸν
2871 4123 3207 4194 χωνευοέντα
3230 4123 3360 4194 βοῦν
3388 4125 3633 4178 κατελά-

2038 4230 2158 4278 σας,
2187 4217 2249 4268 σὺ
2275 4215 2397 4283 ὅφιν
2423 4215 2781 4288 χαλκουργεῖς
2805 4233 2820 4281 ;
2858 4216 2970 4268 Καὶ
2996 4216 3157 4269 τοῦτο
3186 4217 3246 4269 οὐ
3268 4216 3470 4290 λάθρα,
3492 4219 3631 4272 ἀλλᾶ

2033 4309 2334 4378 ἀναφανδὸν
2361 4309 2457 4362 καὶ
2495 4311 2630 4362 πᾶσι
2677 4309 2959 4377 γνωστόν;
2999 4309 3143 4362 Ἀλλ’
3181 4311 3392 4375 ἐκεῖνα,
3430 4303 3628 4380 φησὶν,

2034 4401 2428 4472 ἐνομοθέτησα,
2485 4401 2573 4455 ἵνα
2618 4401 2840 4470 ἐκκόψω
2891 4401 2990 4464 τὰς
3032 4400 3167 4466 ὕλας
3206 4402 3305 4474 τῆς
3337 4402 3626 4466 ἀσεϐείας,

2036 4494 2130 4547 καὶ
2165 4493 2256 4547 τὸν
2279 4495 2408 4547 λαὸν
2454 4495 2731 4562 ἀπαγὰγω
2767 4495 2948 4566 πάσης
2991 4495 3090 4566 τῆς
3142 4495 3484 4557 ἀποστασεις
3532 4497 3627 4549 καὶ

2035 4584 2482 4657 είδωλολατρείας
2507 4602 2519 4614 ·
2554 4587 2670 4639 νυνὶ
2697 4586 2774 4648 δὲ,
2810 4587 3033 4656 χωνεύω
3054 4587 3146 4641 τὸν
3173 4587 3298 4658 ὅφιν
3330 4588 3627 4657 χρησίμως

342 4675 509 4722 tatem
535 4679 844 4741 serpentem
873 4673 1076 4739 conllo,
1117 4675 1182 4728 ad
1209 4675 1647 4746 pra-signandam
1678 4677 1924 4733 videlicet

2038 4669 2110 4740 εἰς
2140 4676 2495 4748 προτύπωσιν
2519 4677 2618 4748 τῆς
2652 4677 2936 4747 ἀληθείας.
2985 4679 3095 4732 Καὶ
3127 4677 3383 4749 καθάπερ
3414 4679 3624 4748 σκηνὴν

339 4762 649 4816 veritatem.
691 4763 754 4816 Et
793 4765 1256 4833 quemadmodum
1310 4769 1726 4823 tabernaculum
1774 4785 1928 4824 com-

2038 4768 2224 4838 Ξπηξα,
2255 4769 2350 4822 καὶ
2380 4768 2448 4822 τὰ
2480 4770 2538 4820 ὲν
2571 4769 2712 4840 αὐτῇ
2746 4769 2943 4834 πάντα,
2966 4770 3061 4823 καὶ
3091 4769 3620 4840 Χερουϐὶμ,ὁμοίωο

341 4854 484 4923 pagi,
521 4861 576 4909 et
624 4871 690 4909 ea
725 4871 846 4925 quae
893 4856 948 4910 in
999 4857 1118 4928 ipso
1161 4867 1328 4925 sunt;
1361 4859 1656 4916 Cherubim
1707 4877 1927 4932 quoque

346 4944 702 5000 invisibilium
754 4962 939 5002 rerum
999 4949 1414 5005 similitudinem
1459 4952 1796 5017 referentia,
1865 4965 1925 5010 ut

342 5045 534 5091 sancta
573 5038 984 5109 adumbrarent,
1020 5041 1279 5113 expandi,
1317 5045 1368 5099 in
1404 5045 1621 5116 signum
1663 5045 1924 5117 ﬁguram-

416 5215 463 5249 ”
489 5216 689 5274 Jcrem.
723 5238 783 5286 ιι,
813 5221 905 5276 9-7.
985 5225 1028 5255 ’³
1065 5222 1238 5278 Exod.
1291 5242 1382 5290 xx,
1437 5227 1519 5280 4..

2030 4880 2105 4932 μα
2137 4863 2248 4916 τῶν
2281 4863 2532 4935 ἀοράτων
2555 4903 2570 4928 ,
2608 4862 2908 4916 διεπέτασα
2955 4866 3038 4927 εἰς
3064 4862 3132 4916 τὰ
3161 4864 3316 4932 am,
3346 4863 3424 4925 ὡς
3449 4863 3620 4915 τύπον

2033 4954 2128 5008 καὶ
2161 4955 2320 5007 σκιὰν
2358 4955 2469 5008 τῶν
2506 4955 2830 5025 μελλόντων,
2863 4955 3008 5009 οῦτω
3052 4957 3147 5009 καὶ
3181 4955 3306 5025 ὅφιν
3335 4955 3618 5023 ὲστήλωσα

2035 5051 2114 5111 εἰς
2164 5049 2442 5120 σωτηρίαν
2497 5048 2574 5119 τῷ
2617 5047 2752 5120 λαῷ,
2799 5049 2888 5103 ἴνα
2935 5049 3023 5102 διὰ
3056 5049 3156 5119 τῆς
3183 5049 3379 5120 πείρας
3412 5049 3615 5102 τούτων

1653 5407 1885 5464 VARle
1928 5405 2330 5464 LECTIONES.

428 5574 566 5664 ’ἱείς
603 5584 949 5664 τᾲξμαίνια
983 5587 1076 5639 τοῦ
1110 5588 1382 5664 Σωτῆρος,
1413 5590 1556 5656 quod
1581 5591 1674 5664 alii
1715 5593 1766 5644 in
1808 5592 2188 5664 dedingihnlt’lll
2229 5591 2478 5645 Ecrlesirv
2506 5590 2826 5656 Salraloris,
2855 5591 3199 5664 interpretati
3233 5601 3380 5647 sunt.
3410 5593 3472 5647 At
3511 5605 3604 5664 pm

351 5655 615 5717 σωτῆρος,
652 5655 838 5710 Dillius
887 5673 953 5712 cx
986 5665 1122 5712 orat.
1151 5659 1186 5711 ί).
1212 5655 1282 5714 οι⁷
1308 5659 1338 5710 3
1381 5655 1634 5729 σταυροῦ,
1676 5663 1865 5716 crucis.
1901 5663 2078 5717 Malim
2103 5665 2524 5718 anniversarium
2560 5665 2758 5733 potius,
2790 5655 2952 5734 quam
2980 5655 3410 5718 dedicationem.
3468 5698 3479 5704 .
