3960 6198
377 298 510 358 1277
1484 293 1584 352 DE
1625 291 2088 352 IMAGINIBUS
2117 281 2399 352 ORATIO
2424 294 2473 353 Ι.

3509 290 3641 353 19.78

373 403 844 478 προγυμνασθῶσι
867 402 960 455 τοῦ
994 402 1221 474 σημείου
1255 403 1348 457 τοῦ
1373 401 1609 473 σταυροῦ
1632 401 1731 472 τὴν
1760 399 1960 465 εἰκόνα,

2074 417 2181 472 que
2209 401 2523 457 futurorum
2552 421 2564 456 :
2588 403 2669 458 sic
2691 409 2744 457 ct
2773 407 3080 472 serpentem
3110 402 3177 458 ad
3205 403 3387 474 populi
3407 404 3640 460 salutem

371 501 466 556 καὶ
483 498 571 552 τὸν
596 497 654 550 ἐν
673 494 822 564 αὐτῷ
840 495 1067 565 Σωτῆρα
1090 493 1185 547 καὶ
1209 495 1529 564 Λυτρωτήν.
1563 493 1672 545 Καὶ
1695 493 1777 544 ὅτι
1797 490 1965 560 ἀψευ-

371 594 630 652 δέστατος
660 588 688 640 6
708 587 890 654 λόγος,
918 575 1199 658 ἀγαπητέ,
1224 586 1390 640 ἄκουε
1413 583 1508 638 τοῦ
1540 583 1751 654 Κυρίου
1775 580 1964 635 τοῦτον

374 679 746 754 βεὸαιοῦντος,
778 678 874 730 καὶ
907 676 1162 745 λέγοντος
1185 693 1199 708 ·
1234 675 1440 742 Καθὼς
1467 672 1726 741 Μωῦσῆς
1754 671 1988 741 ww;

371 776 480 829 τὸν
506 775 644 843 ὄφιν
693 772 762 825 ἐν
812 769 887 838 τῇ
922 769 1141 840 ἐρήμῳ,
1179 770 1334 824 οὕτω
1373 769 1469 822 δεῖ
1509 768 1827 838 ὑψωθῆναι
1859 774 1964 819 τόν

380 868 519 921 T167-
553 865 658 919 τοῦ
696 862 1036 932 ἀνθρώπου,
1064 863 1166 916 ἵνα
1208 861 1328 927 πᾶς
1361 864 1393 915 ό
1428 859 1734 914 πιστεύων
1759 858 1828 912 ἐν
1855 856 1964 910 αὺ-

371 959 452 1024 τῷ
490 956 577 1027 μὴ
603 955 923 1024 ἀπόληται,
955 954 1090 1008 ἀλλ’
1119 953 1236 1022 ἔχῃ
1281 951 1436 1021 ζωὴν
1471 951 1732 1005 αἰώνιον.
1763 969 1784 1003 ι

377 1064 448 1116 ιο,
480 1053 554 1104 ita
585 1050 820 1105 exaltari
863 1057 1066 1118 oportet
1116 1046 1319 1101 Filium
1372 1047 1602 1101 hominis
1641 1063 1659 1100 :
1701 1055 1758 1099 ut
1807 1043 1978 1099 onmis
2016 1043 2108 1112 qui
2149 1044 2312 1099 credit
2361 1047 2413 1098 in
2457 1061 2598 1112 eum,

371 1155 622 1200 wlernam
653 1143 718 1194 ⁸⁷.
764 1160 780 1191 ι

441 1237 718 1305 Σχόλιον.
743 1232 929 1301 Σύνες,
945 1233 1021 1297 ὡς
1045 1232 1134 1286 διὰ
1165 1235 1227 1285 τὸ
1255 1232 1568 1300 ἀπαγαγεῖν
1589 1229 1694 1300 ἔφη
1715 1228 1806 1282 τὸν
1831 1224 1961 1286 λαὸν

371 1327 471 1396 τῆς
498 1323 964 1394 εἰδωλολατρείας,
998 1321 1276 1376 εὐόλισθον
1303 1323 1397 1376 καὶ
1426 1321 1643 1392 ἕτοιμον
1663 1320 1795 1373 ὄντα
1826 1316 1960 1390 πρὸς

371 1415 550 1478 τοῦτο,
591 1413 666 1484 μὴ
701 1415 874 1465 ποιεῖν
907 1413 1015 1465 πᾶν
1033 1411 1283 1482 ὁμοίωμα
1314 1409 1672 1480 ἐνομοθέτησε
1709 1427 1722 1439 ·

372 1503 538 1559 εἰκὼν
565 1499 634 1574 ἦν
659 1501 753 1555 τοῦ
782 1501 987 1566 πάθους
1017 1501 1107 1555 τοῦ
1148 1501 1354 1573 Κυρίου
1384 1499 1412 1552 6
1443 1499 1679 1570 ὑψωθεὶς
1710 1498 1854 1568 δφις.

444 1683 570 1736 ὀτι
596 1681 674 1748 δὲ,
715 1680 775 1734 οὑ
805 1678 990 1733 καινὸν
1020 1677 1304 1751 ἐφεύρεμα
1326 1678 1385 1732 τὸ
1417 1676 1524 1732 τῶν
1555 1676 1800 1741 εἰκόνων,
1823 1675 1958 1730 ἀλλὰ

373 1774 623 1843 ἀρχαῖον,
664 1771 760 1823 καὶ
812 1772 927 1833 τοῖς
988 1769 1166 1838 ἁγίοις
1219 1769 1314 1822 καὶ
1361 1768 1637 1840 ἐκκρίτοις
1684 1767 1960 1837 Ιῖατράσιν

375 1867 715 1938 ἐγνωσμένον
739 1884 797 1920 τε
845 1867 940 1920 καὶ
971 1865 1300 1937 εἰθισμένον,
1331 1865 1522 1920 ἄκουεο
1559 1865 1875 1936 Γέγραπται
1903 1865 1961 1918 ἐν

374 1957 466 2029 Τῷ
504 1959 604 2029 βίῳ
621 1956 909 2010 Βασιλείου
936 1956 1029 2010 τοῦ
1066 1957 1336 2028 μάκαρος,
1364 1955 1442 2028 τῷ
1463 1955 1530 2009 δι’
1564 1954 1833 2008 Ἐλλαδίου
1868 1951 1960 2008 τοῦ

373 2051 540 2105 αὐτοῦ
573 2048 844 2121 μαθητοῦ,
889 2049 985 2103 καί⁹
1028 2048 1276 2120 διαδόχου
1307 2052 1404 2119 τῆς
1436 2047 1602 2102 αὐτοῦ
1654 2048 1960 2119 ίεραρχίας,

372 2147 448 2210 ὡς
495 2148 856 2218 παρειστήκει
883 2155 912 2184 ιι
949 2146 978 2198 6
1024 2147 1171 2212 ὅσιος
1200 2148 1266 2218 τῇ
1302 2147 1403 2216 τῆς
1442 2144 1743 2215 Δεσποίνης
1769 2144 1957 2208 εἰκόνι,

374 2241 434 2292 ἐν
529 2242 624 2294 καὶ
657 2241 684 2292 6
706 2241 991 2312 χαρακτὴρ
1015 2239 1326 2311 ἐγέγραπτο
1349 2239 1692 2308 Μερκουρίου
1719 2236 1812 2290 τοὺ
1837 2235 1961 2290 ’ἀοι-

375 2333 534 2404 δίμου
583 2332 883 2403 μάρτυρος.
920 2333 1294 2404 Παρειστήκει
1321 2331 1378 2384 δέ
1407 2330 1636 2396 ἐξαιτῶν
1670 2328 1960 2384 Ἰουλιανοῦ

375 2424 469 2479 τοῦ
512 2426 827 2479 ἀθεωτάτου
867 2426 962 2478 καὶ
990 2425 1301 2478 ἀποστάτου
1332 2424 1599 2495 τυράννου
1643 2423 1958 2494 ἀναίρεσιν·

375 2518 434 2582 ἐξ
456 2512 524 2591 ἧς
553 2519 758 2580 εἰκόνος
785 2518 1004 2589 ἐμυήθη
1026 2515 1233 2588 ταύτην
1265 2517 1363 2588 τὴν
1384 2517 1748 2585 ἀποκάλυψιν.
1781 2516 1962 2586 Ἐώρα

374 2611 501 2681 γὰρ,
549 2609 687 2680 πρὸς
731 2609 832 2679 μὲν
875 2609 1050 2680 βραχὺ
1090 2609 1271 2680 ἀφανῆ
1319 2608 1410 2662 τὸν
1441 2609 1715 2680 μάρτυρα,
1751 2609 1868 2679 μετ’
1898 2610 1959 2663 οὐ

376 2700 508 2754 πολὺ
534 2700 612 2768 δὲ,
645 2702 706 2754 τὸ
735 2701 862 2773 δόρυ
892 2702 1215 2773 ᾑμαγμένον
1245 2700 1565 2771 κατέχοντα.

389 2881 488 2935 Ἐκ
520 2879 631 2934 τοῦ
671 2881 819 2946 βίου
860 2881 971 2934 τοῦ
1033 2879 1306 2934 Ἰωάννου
1361 2880 1468 2934 τοῦ
1501 2881 1959 2948 Χρυσοστόμου,

691 2950 882 3016 οὕτως
921 2950 1237 3014 αὐτολεξεὶ
1289 2949 1635 3020 γέγραπται.

451 3059 470 3095 ι
493 3041 713 3111 Ἦγάπα
762 3042 817 3096 δὲ
846 3044 874 3096 6
901 3043 1173 3112 μακάριος
1200 3042 1274 3112 (9)
1300 3040 1554 3112 Ἰωάννης
1582 3041 1683 3105 τὰς
1713 3042 1960 3096 Ἐπιστο-

373 3135 470 3200 λὰς
497 3137 590 3190 τοῦ
630 3135 947 3206 σοφωτάτου
968 3133 1187 3188 Παύλου
1217 3135 1378 3203 ἄγαν.
1412 3153 1430 3186 ι
1460 3135 1569 3188 Καὶ
1590 3136 1718 3205 μετ’
1749 3136 1923 3205 cum:
1944 3151 1957 3164 ·

379 3250 396 3280 ι
433 3225 542 3282 Ἦν
589 3229 646 3282 δέ
690 3228 787 3283 καὶ
829 3229 890 3281 τὸ
935 3229 1241 3296 ἐκτύπωμα
1282 3225 1376 3280 τοῦ
1429 3227 1594 3282 αὑτοῦ
1633 3227 1958 3281 ’Λποστόλου

373 3318 510 3391 ἔχων
536 3323 594 3374 ἐν
616 3320 807 3384 εἰκόνι,
841 3319 969 3373 ἔνθα
998 3319 1302 3378 ἀνεπαύετο
1333 3318 1421 3372 διὰ
1451 3319 1552 3390 τὴν
1585 3318 1677 3372 τοῦ
1709 3318 1960 3390 σώματος

373 3411 676 3477 ἀσθένειαν,
721 3411 896 3482 βραχύ
935 3429 1010 3466 τι.
1064 3406 1178 3464 Ἦν
1223 3410 1332 3482 γὰρ
1389 3410 1808 3482 πολυάγρυπνος
1858 3412 1958 3481 τὴν

374 3505 554 3572 φύσιν.
585 3505 696 3557 Καὶ
747 3503 912 3573 ἡνίκα
963 3502 1216 3573 διήρχετο
1269 3503 1368 3566 τὰς
1399 3502 1723 3566 Ἐπιστολὰς
1769 3503 1956 3566 αὐτοῦ,

375 3595 678 3666 ἐνητένιζεν
735 3595 915 3666 αὐτῇ,
964 3595 1060 3647 καὶ
1108 3593 1186 3656 ὡς
1237 3593 1330 3646 ἐπὶ
1379 3591 1580 3657 ζῶντος
1615 3591 1782 3646 αὑτοῦ
1815 3591 1960 3645 οὕτω

373 3691 657 3759 προσεῖχεν
684 3685 852 3757 αὐτῷ,
893 3684 1216 3756 μακαρίζων
1263 3683 1448 3745 αὑτὸν,
1493 3684 1587 3736 καὶ
1628 3683 1748 3735 ὅλον
1793 3680 1957 3735 αὑτοῦ

371 3783 460 3835 τὴν
487 3781 748 3851 λογισμὸν
779 3779 914 3851 πρὸς
948 3778 1113 3832 αὑτὸν
1141 3774 1254 3848 εἶχε
1283 3774 1719 3846 φανταζόμενος,
1757 3775 1850 3828 καὶ
1872 3772 1961 3826 διὰ

369 3874 468 3942 τῆς
500 3871 733 3942 θεωρίας
757 3869 906 3940 αὑτῷ
933 3867 1163 3940 ὁμιλῶν.
1200 3887 1224 3920 s
1272 3867 1382 3920 Καὶ
1417 3866 1548 3936 μεθ’
1570 3865 1764 3933 ἔτερα.
1803 3883 1822 3916 ι
1870 3863 1959 3926 Ὠς

370 3965 649 4018 ἐπαύσατο
679 3963 708 4015 6
733 3961 977 4032 Πρόκλος
1003 3959 1204 4025 λαλῶν,
1235 3959 1492 4022 ἀτενίσας
1533 3959 1600 4029 τῇ
1646 3957 1816 4010 εἰκόνι
1863 3955 1957 4008 τοῦ

382 4054 732 4119 ’Λποστόλου,
761 4053 856 4106 καὶ
909 4051 1248 4122 θεασάμενος
1294 4050 1385 4102 τὸν
1415 4049 1740 4120 χαρακτῆρα
1773 4047 1960 4117 ὅμοιον

369 4148 461 4200 τοῦ
481 4145 736 4215 ὀφθέντος
762 4144 930 4215 αὐτῷ,
958 4142 1137 4214 βαλὼν
1170 4142 1457 4214 μετάνοιαν
1482 4141 1594 4210 (10)
1616 4139 1955 4211 τῷΊωάννη,

369 4235 490 4291 εἷπε
523 4236 981 4290 δακτυλοδεικτῶν
1024 4235 1122 4304 τὴν
1175 4234 1392 4288 εἰκόναο
1445 4229 1812 4302 Συγχὼρησόν
1843 4247 1955 4299 μοι,

2067 496 2239 558 erexi,
2265 503 2324 548 ut
2357 493 2629 565 ejusmodi
2676 494 2962 564 signorum
3015 496 3352 563 experientia
3401 497 3642 567 aptiores

2066 583 2262 638 ﬁerent
2297 584 2365 638 ad
2398 585 2584 641 crucis
2624 584 2939 655 imaginem,
2979 585 3412 657 cruciﬁxumque
3447 588 3642 643 Salva-

2068 684 2241 730 torem
2264 683 2320 730 et
2361 675 2784 747 Rcdemptorem
2827 676 3230 747 excipiendum.
3266 677 3422 744 Quod
3460 691 3639 737 autem

2067 775 2128 822 ut
2150 767 2506 822 verissimum
2543 783 2666 824 esse
2700 768 2970 838 percipias
2994 809 3008 833 ,
3059 769 3439 833 dilectissime,
3485 774 3644 828 Chri-

2065 865 2212 911 stum
2245 856 2298 910 id
2330 864 2692 924 asserentem,
2714 867 2877 927 atque
2903 859 2958 912 in
2991 859 3106 914 haec
3135 861 3298 914 verba
3329 861 3640 930 loquentem

2068 947 2191 1002 audi
2226 966 2240 1004 :
2276 947 2344 1001 Et
2376 950 2515 1003 sicut
2544 947 2755 1020 Moyses
2797 949 3050 1004 exultavit
3082 962 3370 1020 serpentem
3387 953 3441 1006 in
3465 955 3642 1008 deser-

2674 1060 2777 1099 non
2843 1053 3054 1115 pereat,
3101 1047 3192 1101 sed
3241 1047 3430 1101 habeat
3484 1049 3645 1104 vitam

2134 1222 2432 1280 Comment.
2466 1225 2721 1282 Advertis
2745 1226 2878 1297 quid
2911 1226 3131 1288 dixerit,
3163 1241 3234 1283 ne
3263 1225 3415 1282 ﬁeret
3433 1227 3544 1282 ulla
3573 1229 3648 1282 si-

2061 1315 2314 1370 militudo
2357 1316 2566 1372 idcirco
2599 1325 2936 1387 praeceptum
2974 1317 3167 1382 fuisse,
3199 1317 3277 1371 uti
3313 1317 3547 1387 pepulus
3576 1317 3646 1371 ab

1760 1407 1854 1460 καὶ
1879 1407 1960 1460 ὅτι
2059 1405 2334 1460 idolorum
2365 1407 2541 1472 cultu,
2581 1407 2636 1462 in
2665 1424 2829 1478 quem
2863 1407 3334 1478 propensissimus
3360 1417 3497 1473 erat,
3517 1423 3646 1462 avo-

2058 1507 2306 1565 caretur,
2342 1499 2760 1571 exaltatumque
2811 1510 3155 1570 serpentem,
3196 1500 3494 1556 Dominicai
3523 1516 3647 1570 pas-

1993 1624 2037 1679 Β
2066 1587 2240 1642 sionis
2280 1586 2578 1658 imaginem
2611 1589 2938 1645 exstitisse?

2137 1675 2296 1743 Quod
2334 1686 2516 1733 autem
2559 1693 2702 1733 nova
2751 1695 2861 1735 non
2904 1680 2975 1735 sit
3025 1679 3326 1750 imaginum
3380 1679 3642 1746 inventio,

2065 1769 2158 1826 sed
2195 1771 2448 1841 antiqua,
2478 1781 2533 1827 et
2564 1773 2773 1828 sanctis
2804 1775 3129 1844 eximiisque
3157 1775 3411 1832 Patribus
3441 1785 3569 1831 nota
3592 1787 3648 1832 et

2067 1863 2298 1924 usitata,
2329 1862 2617 1918 auscultes
2641 1865 2826 1919 velim.
2848 1863 3122 1936 Scriptum
3156 1875 3238 1923 est
3262 1867 3316 1921 in
3350 1866 3470 1922 Vita
3501 1868 3645 1924 beati

2065 1949 2254 2006 Basilii
2289 1951 2359 2006 ab
2401 1950 2652 2008 llelladio
2698 1954 2820 2026 ejus
2867 1954 3161 2025 discipulo,
3200 1967 3363 2028 atque
3409 1959 3464 2012 in
3517 1960 3647 2015 sede

2063 2042 2362 2113 episcopali
2411 2059 2742 2102 successore
2809 2049 3018 2118 scripta
3070 2067 3084 2103 :
3137 2049 3316 2105 virum
3389 2059 3643 2106 sanctum

2063 2135 2339 2203 quondam
2386 2137 2630 2194 astitisse
2669 2155 2855 2195 coram
2892 2139 3140 2196 Domina:
3159 2149 3364 2197 nostra:
3385 2141 3644 2213 imagine,

2065 2223 2120 2280 in
2152 2242 2260 2296 qua
2285 2228 2449 2282 etiam
2483 2229 2741 2286 Mercurii
2770 2234 3033 2304 martyris
3077 2233 3444 2290 laudatissimi
3473 2234 3646 2305 ﬁgura

2063 2317 2280 2389 depicta
2309 2332 2445 2376 erat.
2478 2323 2704 2385 Astabat
2732 2337 2898 2395 porro
2925 2327 3268 2397 supplicans,
3301 2335 3360 2381 ut
3392 2325 3646 2383 Julianus

2065 2417 2313 2478 apostata
2367 2412 2572 2483 impius
2617 2430 2648 2472 e
2691 2415 2874 2471 medio
2921 2417 3222 2472 tolleretur.
3277 2417 3457 2488 Atque
3491 2431 3558 2472 ex
3581 2431 3646 2472 ea

2065 2498 2342 2570 imagine,
2403 2504 2532 2573 quid
2601 2515 2929 2562 eventurum
2985 2515 3172 2573 esset,
3234 2508 3450 2584 didicit.
3498 2507 3648 2563 Vidit

2064 2593 2266 2662 quippe
2320 2603 2614 2666 martyrem
2665 2598 2924 2670 exiguum
2973 2599 3040 2655 ad
3085 2609 3301 2670 tempus
3351 2600 3421 2655 ab
3469 2599 3648 2656 oculis

2065 2684 2182 2738 suis
2228 2697 2672 2755 evanescentem,
2722 2705 2787 2745 ac
2842 2706 2945 2747 nec
2987 2693 3164 2747 multo
3195 2699 3322 2764 post
3360 2699 3645 2747 cruentam

2065 2775 2278 2830 hastam
2316 2787 2616 2835 tenentem.

2064 2869 2231 2940 328
2251 2868 2334 2922 Ea:
2385 2869 2504 2926 Vita
2533 2877 2709 2946 sancti
2732 2873 2960 2929 Joannis
2989 2874 3381 2946 Clirysostomi,
3411 2875 3502 2929 ubi
3537 2875 3650 2930 hinc

2493 2943 2562 2997 ad
2591 2945 2802 2998 uerbum
2846 2947 3047 3014 scripta
3079 2943 3223 3000 sunt.

2140 3049 2159 3083 ‹
2211 3032 2413 3088 Beatus
2446 3032 2686 3090 Joannes
2729 3035 3014 3105 Epistolas
3059 3035 3454 3106 sapientissimi
3488 3033 3650 3090 Pauli

2061 3137 2277 3177 summo
2311 3123 2492 3179 studio
2523 3124 2758 3195 legebat.
2780 3143 2826 3190 ,ι
2863 3123 2932 3178 Et
2971 3125 3243 3194 aliquanto
3273 3133 3389 3194 post
3423 3139 3442 3178 :
3477 3139 3498 3176 ι
3540 3124 3650 3179 lla-

2062 3213 2225 3269 bebat
2272 3231 2438 3286 porro
2495 3216 2746 3286 ejusdem
2807 3217 3040 3288 apostoli
3095 3217 3248 3273 Pauli
3307 3218 3360 3272 in
3412 3217 3652 3290 imagine

2061 3305 2394 3377 descriptam
2425 3308 2653 3378 eﬂigiem
2681 3325 2748 3364 eo
2778 3310 2834 3367 in
2859 3310 3004 3375 loco,
3039 3309 3130 3365 ubi
3153 3317 3374 3381 propter
3400 3311 3652 3381 corporis

2061 3397 2495 3455 imbecillitatem
2548 3401 2814 3470 tantisper
2868 3401 3210 3471 quiescebat.
3270 3401 3407 3455 Nam
3480 3415 3650 3471 supra

2061 3505 2224 3560 quam
2275 3499 2474 3546 natura
2522 3492 2734 3563 patitur
2763 3493 2980 3563 vigilias
3025 3492 3386 3562 producebat.
3423 3493 3480 3547 In
3510 3493 3652 3548 lianc

2061 3582 2151 3636 ille
2182 3582 2502 3654 imaginem,
2541 3600 2666 3638 cum
2716 3583 2996 3654 Epistolas
3020 3583 3177 3639 Pauli
3210 3586 3435 3656 legeret,
3461 3584 3652 3640 oculos

2061 3671 2375 3739 intendens,
2412 3674 2487 3728 ita
2515 3675 2810 3745 deﬁgebat,
2841 3685 2900 3728 ut
2927 3676 3146 3730 beatum
3177 3691 3300 3730 eum
3320 3676 3648 3745 praedicans,

2061 3761 2277 3830 sibique
2333 3772 2787 3832 repraesentans,
2845 3764 3245 3833 cogitationem
3301 3778 3518 3818 onmem
3581 3764 3648 3817 ad

2062 3853 2246 3923 ipsum
2285 3854 2571 3925 dirigeret,
2604 3871 2666 3910 ac
2692 3869 2789 3925 per
2825 3855 3348 3924 contemplationem
3376 3869 3501 3909 cum
3533 3855 3650 3925 ipso

2061 3957 2507 4003 conversarelur.
2553 3966 2572 4000 ›
2618 3948 2907 4005 Nonnullis
2951 3951 3278 4021 interfectis:
3315 3970 3333 4003 ι
3381 3951 3516 4005 Cum
3547 3967 3649 4005 au-

2063 4049 2168 4092 tem
2197 4037 2430 4096 Proclus
2456 4041 2715 4111 loquendi
2745 4045 2909 4098 ﬁnem
2937 4041 3184 4109 fecisset,
3211 4043 3390 4099 oculis
3416 4044 3470 4097 in
3492 4042 3647 4099 Pauli

2061 4129 2357 4200 imaginem
2392 4131 2625 4198 deﬁxis,
2671 4133 3043 4203 similemque,
3094 4134 3245 4189 illius
3285 4150 3446 4204 quem
3492 4133 3646 4189 vide-

2061 4229 2164 4287 rat,
2200 4223 2433 4292 ﬁguram
2474 4223 2852 4293 conspicatus,
2901 4222 3149 4278 exhibita
3195 4223 3396 4278 Joanni
3437 4223 3646 4277 saluta-

371 4328 572 4398 Πάτερ,
602 4327 660 4380 ὃν
684 4323 824 4380 εἶδον
854 4325 1120 4380 λαλοῦντά
1148 4342 1252 4389 σοι,
1283 4324 1468 4396 ὅμοιός
1507 4325 1622 4376 ἐστι
1652 4320 1857 4393 τούτῳ·
1884 4321 1958 4386 ὼς

2070 4315 2244 4394 tione,
2292 4315 2592 4387 imaginem
2640 4315 2812 4386 digito
2859 4326 3212 4380 monstrans,
3255 4315 3376 4371 ait:
3416 4315 3646 4386 Ignosce

367 4420 422 4472 δὲ
454 4420 852 4490 ὑπολαμϐάνω,
883 4420 978 4472 καὶ
1008 4418 1174 4480 αὐτός
1199 4419 1369 4470 ἐστιν.
1405 4435 1422 4468 ι

451 4682 537 4734 Ἐν
565 4681 642 4752 τῷ
668 4683 765 4752 τῆς
806 4683 959 4746 ὁσίας
991 4681 1307 4753 Εὐπραξίας
1341 4681 1459 4752 βίῳ,
1503 4679 1594 4734 τὸν
1631 4680 1959 4734 Δεσποτικὸν

2060 4400 2236 4472 mihi,
2275 4406 2477 4474 Pater;
2533 4407 2624 4462 ille
2678 4423 2841 4478 quem
2901 4417 3082 4462 tecum
3135 4408 3447 4479 loquentem
3498 4406 3643 4470 vidi,

2062 4498 2190 4551 huic
2244 4512 2472 4567 prorsus
2540 4498 2736 4554 similis
2795 4508 2903 4564 est,
2971 4495 3156 4569 atque,
3230 4506 3289 4553 ut
3358 4512 3502 4562 reor,
3556 4497 3646 4552 ille

2063 4591 2180 4660 ipse
2209 4601 2314 4644 est.
2361 4611 2378 4640 ι
3515 4648 3526 4652 -

2131 4683 2189 4736 1η
2218 4678 2338 4737 Vita
2359 4691 2564 4738 sanctae
2588 4683 2878 4755 Eupraxize
2927 4685 3198 4755 scriptum
3226 4691 3331 4749 est,
3358 4683 3504 4737 illam
3530 4693 3647 4753 qua:

367 4773 634 4844 ὃεδείχθαι
667 4775 805 4845 αὐτῇ
849 4775 1182 4845 χαρακτῆρα
1220 4773 1663 4846 ἀναγέγραπται,
1710 4773 1815 4827 ὑπὸ
1855 4773 1960 4842 τῆς

2070 4775 2211 4847 gregi
2246 4785 2500 4844 przeerat,
2530 4777 2744 4832 Domini
2791 4778 2970 4834 nostri
3006 4779 3298 4850 imaginem
3327 4776 3431 4849 ipsi
3458 4781 3643 4831 osten‘

371 4867 780 4934 προεπηκιυίας
809 4865 911 4936 τῆς
940 4867 1197 4936 ποίμνης.

442 4997 481 5026 ’⁷
509 4995 670 5053 Joan.
718 5014 803 5063 iu,
847 4999 931 5052 M.

2058 4867 2230 4924 disse.

1657 5067 1890 5125 VARle
1929 5069 2335 5129 LECTIONES.

439 5239 465 5268 ιι
495 5230 571 5290 ὡς
607 5228 996 5302 παρειστήκει..
1021 5226 1212 5302 Simile
1236 5227 1414 5302 visum
1444 5225 1646 5302 legitur
1678 5226 1730 5278 in
1765 5225 1888 5302 _V_ita
1916 5227 2164 5302 ejusdem
2188 5229 2409 5302 Basilii,
2449 5243 2571 5302 qua:
2599 5231 2974 5302 Amphilochii
3010 5244 3217 5302 nomen
3244 5231 3467 5302 praefert
3501 5251 3512 5286 :
3553 5233 3643 5290 ubi

365 5309 548 5356 tamen
590 5296 738 5354 nulla
776 5296 1031 5368 imaginis
1060 5299 1200 5352 facta
1246 5297 1470 5351 mentio.
1523 5297 1594 5350 [)e
1636 5296 1737 5350 hac
1765 5298 1996 5352 historia
2031 5298 2234 5355 videsis
2275 5296 2526 5355 Bollandi
2554 5296 2974 5359 continuatores
3001 5303 3070 5356 ad
3106 5304 3172 5358 Μ
3193 5296 3325 5358 Jun.
3358 5320 3410 5372 p.
3437 5303 3563 5358 847.

1874 5414 2106 5470 NOTAE.

439 5505 514 5576 (9)
560 5505 784 5576 Ὴγάπα
812 5505 879 5559 δὲ
909 5504 1272 5573 όμακάριος.
1325 5503 1450 5558 Ηίὲρ
1498 5511 1724 5576 narrant
1774 5506 1945 5560 Geor-

366 5575 489 5646 gius
505 5575 800 5648 Alexandra
825 5585 880 5630 et
903 5577 1228 5648 Anonymus
1257 5577 1446 5648 nescio
1473 5579 1599 5644 quis
1625 5575 1746 5628 vitm
1773 5578 1943 5648 Chry-

366 5645 597 5716 bustnmi
625 5655 836 5709 auctor,
863 5653 904 5701 t.
938 5645 1047 5716 thl
1081 5646 1214 5700 edit.
1251 5645 1442 5716 Siavill.

436 5717 547 5782 (10)
598 5716 810 5771 Βαλὼν
868 5715 1210 5784 μετάιβρκαν,
1282 5715 1532 5776 ltcddidit
1593 5720 1926 5777 Tilmauus:

2055 5507 2372 5564 Paenitenlia
2427 5513 2637 5564 (luctus.
2715 5509 2932 5566 Zinus:
2997 5513 3316 5567 desiderium
3374 5513 3633 5578 injiciens.

2051 5581 2256 5652 Neuter
2289 5583 2620 5652 locutionem
2655 5583 2864 5636 Graecis
2902 5584 3223 5638 familiarem
3256 5581 3493 5651 agnovit,
3536 5601 3641 5652 qua

2054 5651 2187 5703 nihil
2223 5651 2372 5704 aliud
2403 5653 2765 5720 signiﬁcatur,
2802 5669 2965 5722 quam
3005 5657 3344 5710 rerercnliam
3379 5651 3641 5716 exhibere,

2060 5722 2312 5774 inclinato
2345 5739 2560 5793 corpore
2597 5724 2852 5780 salutare.
