3960 6198
316 275 454 340 1279
1501 281 1560 338 S.
1602 275 1923 340 JOANNIS
1973 274 2408 340 DAMASCENI
3447 265 3609 333 ιεδο

382 391 440 443 ln
466 386 588 442 Vita
610 395 814 442 sancta:
841 386 1030 441 Mariae
1049 385 1389 459 [Egyptiacae
1415 388 1634 460 legitur,
1665 403 1787 444 eam
1816 387 1884 444 ad

2073 391 2162 444 Ἑν
2190 391 2269 462 τῷ
2299 391 2400 461 τῆς
2428 390 2586 453 ὁσίας
2622 388 2843 460 Μαρίας
2872 387 2972 458 βίῳ
3010 387 3108 456 τῆς
3147 385 3456 452 Αἰγυπτίας
3502 383 3610 451 τέ-

310 480 604 548 imaginem
654 479 900 534 Dominaa
945 488 1147 534 nostra:
1199 480 1566 550 supplicasse,
1602 487 1657 535 et
1685 480 1890 551 eiﬂagi-

2006 500 2266 555 γραπται,
2299 485 2367 554 τῇ
2397 482 2566 535 εἰκόνι
2617 481 2714 552 τῆς
2741 479 3043 549 Δεσποίνης
3089 476 3261 548 αὐτὴν
3298 475 3608 540 εὔξασθαι,

309 585 478 635 tasse,
511 579 572 625 ut
601 586 701 641 pro
730 571 851 640 ipsa
899 571 1215 640 sponderet,
1261 579 1426 642 atque
1473 573 1577 628 hoc
1626 579 1790 642 pacto
1830 579 1891 627 ut

2006 578 2090 633 ml
2111 577 2318 647 ταύτην
2360 577 2498 648 πρὸς
2527 575 2734 645 ἐγγύην
2761 570 3176 659 ἐξαιτήσασθαι,
3207 569 3302 625 καὶ
3327 567 3476 622 οὕτω
3499 584 3612 621 τυ-

308 662 570 731 templum
608 660 1016 730 ingrederetur,
1046 662 1380 718 obtinuisse.

2006 671 2109 738 (εἴν
2131 669 2232 739 τῆς
2263 670 2346 732 είς
2376 668 2468 722 τὸν
2499 667 2627 721 ναὸν
2656 665 2884 720 είσόδου.

308 775 393 828 Ea:
438 773 607 828 Prata
652 772 797 848 (cap.
831 774 922 841 45)
953 772 1012 828 S.
1062 772 1243 848 Ρι-Ν,
1298 773 1584 848 Soplironii
1640 775 1891 832 Hieroso-

2006 781 2100 834 Ἐκ
2121 781 2228 834 τοῦ
2259 781 2664 848 Λειμωναρίου
2695 778 2805 847 (Η)
2827 776 2933 832 τοῦ
2954 775 3127 848 ἁγίου
3156 775 3390 848 Πατρός
3420 769 3616 843 ἡμῶν

709 844 970 913 lymorum
1003 844 1384 914 archiepiscopi
1421 846 1486 900 ⁸⁸.

2124 844 2468 919 Σωφρονῖίου
2493 844 2975 918 ἀρχιεπισκόπου
3004 844 3466 914 Ἰεροσολύμων.

383 951 403 983 ι
441 931 714 986 Narrabat
741 930 1064 986 Theodorus
1107 931 1368 998 IEliotcs,
1400 933 1455 988 in
1493 941 1678 991 monte
1707 934 1889 990 Oliva-

2073 957 2092 991 ι
2139 940 2370 1008 Ἔλεγεν
2419 941 2447 992 ὀ
2479 938 2656 1001 ἀϐσᾶς
2699 937 2978 1009 Θεόδωρος
3024 937 3052 988 6
3081 935 3372 1006 Δίλιώτης,
3404 935 3493 988 ὅτι
3534 929 3616 1004 ἦν

307 1040 430 1080 rum
476 1022 769 1094 quemdam
819 1023 1093 1078 inclusum
1145 1027 1455 1093 mansisse,
1509 1026 1567 1079 in
1616 1026 1888 1095 spirituali

2006 1047 2075 1094 ru;
2103 1029 2417 1099 ἕγκλειστος
2448 1033 2505 1085 ὲν
2551 1031 2629 1101 τῷ
2687 1030 2806 1101 ὄρει
2835 1027 3236 1094 τῶν·“Ελαιῶν,
3276 1028 3617 1096 ἀγωνιστὴς

308 1117 503 1170 militia
534 1115 895 1170 exercitatum
942 1130 1150 1182 senem,
1184 1131 1347 1185 quem
1392 1116 1637 1173 libibinis
1677 1117 1891 1172 daemon

2006 1123 2170 1178 πάνυο
2200 1122 2460 1193 ἐπολέμει
2488 1123 2546 1176 δὲ
2575 1121 2724 1192 αὐτῷ
2760 1123 2789 1174 6
2826 1120 3037 1189 δαίμων
3068 1119 3172 1189 τῆς
3199 1120 3480 1190 πορνείας.
3504 1117 3615 1172 Ἐν

308 1208 628 1278 impetebat.
663 1207 714 1262 ls
754 1221 882 1260 cum
939 1205 1029 1261 die
1062 1206 1298 1277 quadam
1331 1207 1711 1263 vehementius
1738 1208 1890 1262 illum

2006 1215 2098 1284 μιᾷ
2116 1208 2231 1278 οὖν,
2261 1213 2336 1276 ὡς
2363 1213 2615 1267 ἐπέκειτο
2640 1210 2790 1282 αὐτῷ
2817 1211 3088 1282 σφοδρῶς,
3118 1209 3325 1281 ἤρξατο
3351 1213 3381 1264 6
3407 1210 3614 1280 γέρων

311 1311 552 1374 urgeret,
577 1300 941 1371 conqueritur
969 1316 1159 1367 senex,
1191 1309 1356 1372 atque
1391 1302 1538 1356 hunc
1575 1301 1632 1355 in
1670 1302 1888 1357 modum

2006 1305 2383 1376 im6dpsaeat,
2429 1303 2525 1357 καὶ
2571 1303 2722 1372 λέγει
2752 1302 2830 1373 τῷ
2857 1302 3070 1371 δαίμονι
3098 1315 3110 1329 ·
3146 1301 3292 1362 Ἕως
3324 1299 3458 1352 πότε
3490 1298 3613 1351 οὐκ

311 1395 614 1450 daamonem
671 1394 1015 1461 alloquitur:
1066 1392 1368 1464 Quousque
1403 1393 1622 1448 tandem
1675 1407 1760 1448 me
1791 1407 1889 1447 ve-

2006 1395 2210 1458 ὲνδίδως
2241 1410 2370 1464 μοι;
2415 1395 2629 1448 ἀπόστα
2669 1393 2856 1447 λοιπὸν
2885 1392 2979 1446 ἀπ’
3006 1392 3165 1463 ἐμοῦ.
3195 1393 3403 1460 Συνεγή
3416 1390 3614 1461 ρασὰς

308 1503 441 1542 xare
489 1503 602 1541 non
621 1486 889 1542 desines?
919 1486 1150 1542 Discede
1193 1487 1305 1555 jam
1352 1502 1383 1541 a
1441 1501 1527 1540 me
1579 1503 1593 1539 :
1634 1485 1704 1540 ad
1750 1486 1892 1539 hanc

2006 1506 2110 1558 μοι.
2135 1488 2390 1542 Φαίνεται
2423 1486 2572 1556 αὺτῷ
2598 1489 2626 1540 6
2649 1485 2860 1557 δαίμων
2883 1483 3343 1554 όφθαλμοφανῶς,
3380 1484 3607 1552 λέγων·

311 1587 524 1635 aetatem
551 1580 891 1635 consenuisti
927 1595 1166 1634 mecum.
1213 1579 1314 1634 Cui
1355 1579 1568 1634 daemon
1601 1594 1726 1634 sese
1757 1592 1891 1633 con-

1998 1578 2235 1649 Ὄμοσόν
2273 1596 2364 1648 μοι
2415 1579 2498 1631 ὅτι
2539 1577 2717 1631 οὐδενὶ
2766 1577 2948 1645 λέγεις
2974 1576 3003 1630 ὃ
3043 1575 3226 1646 μέλλω
3257 1575 3443 1642 λέγειν
3483 1591 3611 1639 σοι,

312 1672 563 1741 spicuum
595 1670 846 1740 prazbens
881 1689 895 1725 :
929 1670 1088 1735 Jura,
1114 1670 1317 1740 inquit,
1357 1671 1489 1725 mihi
1520 1677 1574 1724 te
1602 1669 1809 1725 nemini
1835 1669 1890 1724 id

2006 1671 2091 1722 καὶ
2121 1669 2302 1723 οὐκέτι
2335 1687 2416 1722 σοι
2459 1669 2704 1739 πολεμῶ.
2751 1669 2862 1723 Καὶ
2892 1667 3107 1738 ὤμοσεν
3145 1666 3294 1738 αὐτῷ
3322 1669 3350 1721 6
3379 1667 3614 1736 γέρων,

311 1764 703 1826 revelaturum,
749 1762 896 1834 quod
924 1764 1027 1818 tibi
1059 1763 1311 1819 dicturus
1357 1779 1500 1818 sum.
1539 1761 1758 1817 Iuravit
1806 1776 1892 1818 se-

310 1872 438 1922 nex,
496 1871 596 1928 per
642 1871 769 1911 eum
814 1856 910 1926 qui
967 1855 1020 1910 in
1069 1855 1358 1910 altissimis
1391 1855 1638 1910 habitat:
1677 1853 1892 1909 Nemini

310 1962 545 2020 prorsus
570 1947 839 2017 aperiam,
869 1947 1071 2016 inquit,
1096 1945 1244 2016 quod
1271 1945 1406 1999 mihi
1437 1945 1666 2000 dixeris.
1695 1943 1891 1998 Statim

313 2039 529 2094 daemon
559 2057 572 2092 :
599 2035 679 2093 Ne
726 2038 871 2092 ultra
924 2037 1219 2107 imaginem
1255 2035 1407 2094 hanc.
1437 2035 1668 2099 adores,
1701 2049 1800 2089 nec
1841 2043 1893 2089 te

309 2130 424 2201 jam
482 2130 535 2183 in
586 2137 869 2199 posterum
926 2127 1279 2197 impugnabo.
1331 2126 1518 2196 Imago
1567 2133 1748 2181 autem
1800 2124 1894 2178 illa

313 2221 560 2277 Dominae
591 2229 798 2276 nostra;
825 2228 1029 2276 sanctae
1063 2219 1248 2273 Maria:
1299 2217 1393 2272 Dei
1431 2216 1747 2280 Gcnitricis,
1783 2215 1892 2271 Do—

312 2315 524 2369 minum
553 2322 804 2368 nostrum
835 2309 1019 2365 Jesum
1058 2309 1341 2364 Christum
1375 2309 1640 2378 gestantis
1666 2306 1891 2376 eﬂigiem

312 2404 608 2462 referebat.
663 2401 917 2456 luclnsns
982 2415 1152 2471 porro
1201 2399 1442 2454 daemoni
1503 2397 1623 2452 iniit
1666 2414 1682 2451 :
1739 2395 1891 2459 Sine,

312 2497 606 2567 dispiciam
634 2494 765 2565 quid
797 2492 942 2548 facto
971 2508 1111 2563 opus
1141 2491 1234 2548 sit.
1272 2490 1552 2546 Postridie
1594 2489 1761 2560 igitur
1797 2489 1895 2544 ab-

315 2590 495 2645 batem
535 2587 886 2644 Theodorum
915 2585 1200 2652 )Eliotem,
1248 2585 1343 2655 qui
1391 2584 1445 2637 in
1492 2585 1645 2637 laura
1672 2582 1892 2637 Pharon

315 2693 450 2738 tunc
491 2680 757 2750 temporis
816 2679 1120 2743 habitabat,
1186 2676 1424 2732 accersit
1459 2694 1474 2730 :
1509 2689 1748 2745 cumque
1802 2672 1895 2729 ille

315 2774 553 2839 adesset,
571 2773 619 2828 ei
653 2787 766 2826 rem
794 2785 1013 2826 omnem
1043 2769 1278 2839 aperuit.
1299 2768 1367 2821 At
1397 2768 1490 2823 ille
1513 2767 1632 2823 seni
1677 2765 1894 2821 incluso

315 2864 439 2919 ait:
472 2861 640 2918 Plane
685 2871 768 2925 tu,
801 2861 965 2926 abba,
997 2860 1227 2916 delusus
1277 2873 1360 2925 es,
1411 2857 1507 2928 qui
1561 2867 1615 2912 te
1657 2855 1894 2910 daemoni

314 2955 680 3010 obstrinxeris
705 2952 1042 3024 iuramento.
1078 2949 1234 3016 Quod
1262 2956 1446 3004 tamen
1471 2963 1586 3004 rem
1613 2947 1895 3018 aperueris

1993 1763 2075 1816 ὅτι
2097 1751 2174 1833 iii
2198 1762 2288 1814 τὸν
2318 1762 2631 1816 ἐνοικοῦντα
2651 1763 2709 1814 ὲν
2732 1763 2847 1825 τοῖς
2870 1759 3137 1829 ὑψίστοις.
3157 1759 3271 1812 Οὐκ
3292 1759 3433 1812 είπω
3459 1758 3611 1821 τινὶ,

1994 1857 2132 1928 ὅπερ
2178 1856 2356 1926 λέγεις
2408 1875 2519 1928 μοι.
2574 1855 2711 1909 Τότε
2764 1853 2911 1922 λέγει
2960 1853 3108 1922 αὐτῷ
3141 1855 3170 1906 6
3219 1853 3459 1923 δαίμων
3493 1851 3605 1922 Μὴ

1996 1949 2382 2020 προσκυνήσῃς
2405 1946 2580 2018 ταύτῃ
2595 1949 2659 2017 τῇ
2687 1946 2876 2010 εἰκόνι,
2895 1947 2990 1998 καὶ
3007 1944 3192 2018 ουκέτι
3219 1961 3300 1996 σοι
3328 1943 3575 2012 πολεμῶ
3589 1985 3607 1997 .

1997 2033 2127 2108 Είχε
2153 2037 2210 2092 δὲ
2243 2039 2277 2107 ὴ
2308 2036 2476 2091 είκὼν
2509 2037 2817 2107 ἐκτύπωμα
2848 2036 2947 2106 τῆς
2972 2035 3276 2105 Δεσποίνης
3303 2032 3465 2104 ἡμῶν
3490 2032 3610 2102 τῆς

1993 2131 2160 2200 ἁγίας
2181 2128 2402 2199 Μαρίας
2428 2129 2529 2200 τῆς
2549 2128 2842 2194 Θεοτόκου,
2869 2126 3243 2198 βασταζούσης
3266 2127 3358 2180 τὸν
3384 2125 3609 2197 Κύριον

1996 2221 2153 2293 ἡμῶν
2195 2219 2404 2290 Ἰησοῦν
2437 2221 2696 2292 Χριστόν.
2741 2219 2905 2287 Λέγει
2948 2221 2977 2272 6
3013 2219 3330 2286 ἔγκλειστος
3360 2218 3442 2289 τῷ
3474 2218 3607 2272 δαί-

1999 2329 2153 2384 μονι·
2190 2313 2363 2382 ’Δφες
2388 2353 2403 2378 ,
2455 2312 2749 2381 σκέψομαι.
2782 2311 2862 2381 Τῇ
2895 2304 2986 2365 οὖν
3022 2309 3286 2382 ἐπαύριον
3331 2309 3490 2379 δηλοῖ
3515 2308 3609 2379 τῷ

1995 2405 2141 2475 ἀόϐᾷ
2166 2403 2429 2476 Θεοδώρῳ
2445 2403 2524 2474 τῷ
2545 2403 2805 2474 Αίλιὼτῃ.
2826 2403 3064 2457 οἰκοῦντι
3092 2403 3213 2456 τότε
3243 2403 3302 2455 ἐν
3325 2405 3388 2473 τῇ
3412 2401 3612 2476 λαύρῃ

1994 2494 2208 2567 Φαρὼν,
2241 2496 2336 2548 καὶ
2359 2491 2515 2566 ἦλθε,
2548 2496 2645 2549 καὶ
2665 2495 2936 2566 διηγεῖται
2967 2492 3132 2548 αὐτοῦ
3163 2494 3402 2547 ἅπαντα.
3453 2493 3510 2546 '0
3536 2494 3609 2546 δὲ

1995 2589 2172 2660 γέρων
2197 2587 2346 2656 λέγει
2362 2586 2438 2657 τῷ
2455 2585 2755 2658 ἐγκλείστῳ
2776 2586 2945 2650 ὅντως
2991 2586 3162 2640 ἁϐὄᾶο
3207 2586 3608 2656 Ἐνεπαίχθης,

1997 2680 2079 2734 ὅτι
2100 2679 2324 2749 ὤμοσας
2355 2677 2433 2750 τῷ
2469 2678 2720 2749 δαίμονιο
2755 2679 2897 2749 πλὴν
2935 2677 3117 2742 καλῶς
3153 2677 3419 2750 ἐποίησας
3452 2677 3610 2742 ἐξει-

1998 2771 2146 2825 πώνο
2189 2772 2458 2842 συμφέρει
2489 2770 2547 2824 δέ
2581 2787 2684 2837 σοι,
2721 2770 2797 2842 μὴ
2831 2772 2992 2825 ἐᾶσαι
3037 2773 3118 2834 είς
3144 2771 3247 2841 τὴν
3277 2770 3434 2823 πόλιν
3459 2771 3609 2823 ταὺ-

1996 2881 2098 2934 την
2126 2862 2334 2932 πόρνην
2363 2863 2442 2925 είς
2465 2861 2494 2915 ὃ
2525 2862 2601 2934 μὴ
2626 2862 2873 2936 είσέρχῃ,
2900 2861 2933 2933 ἢ
2963 2863 3050 2916 ἵνα
3079 2863 3297 2935 ἀρνήσῃ
3333 2863 3395 2915 τὸ
3425 2879 3610 2930 προσ.

1999 2956 2181 3009 κυνεῖν
2204 2954 2282 3024 τῷ
2311 2954 2503 3025 Κυρίῳ
2530 2955 2624 3007 καὶ
2651 2953 2771 3024 Θεῷ
2797 2953 2959 3025 ήμῶν
3006 2953 3185 3025 Ἰησοῦ
3207 2954 3428 3024 Χριστῷ
3457 2955 3608 3024 μετὰ

315 3045 476 3109 mihi,
521 3044 780 3100 consulto
809 3043 992 3114 egisti.
1038 3040 1243 3097 Verum
1279 3041 1456 3097 satius
1491 3039 1634 3096 foret
1665 3040 1788 3108 tibi,
1851 3039 1896 3094 si

2006 3044 2103 3114 τῆς
2147 3044 2286 3108 ίδίας
2331 3043 2498 3105 αὑτοῦ
2533 3045 2778 3115 Μητρός.
2837 3044 3104 3116 Στηρίξας
3151 3040 3247 3099 οὖν
3286 3044 3474 3108 αὑτὸν,
3504 3046 3610 3099 καὶ

314 3138 528 3193 nullum
559 3138 614 3191 in
659 3135 798 3190 urbe
837 3134 1206 3206 prostibulum
1254 3135 1583 3199 omitteres,
1634 3132 1704 3187 ad
1754 3131 1902 3204 quod

315 3245 426 3284 non
453 3228 836 3297 ingredereris,
853 3243 1017 3296 quam
1042 3236 1098 3280 ut
1119 3225 1410 3280 Dominum
1434 3224 1606 3280 Deum
1626 3232 1901 3289 nostrum,

316 3325 662 3384 matremque
673 3315 795 3383 ejus
815 3315 980 3384 329
995 3315 1350 3368 adoraturum
1369 3321 1422 3367 te
1434 3327 1617 3383 neges.
1638 3311 1734 3368 His
1751 3313 1903 3367 illum

319 3406 683 3477 pluribusque
729 3405 854 3458 aliis
885 3405 1242 3459 sermonibus
1281 3403 1644 3468 conﬁrmans,
1673 3404 1741 3458 ad
1773 3418 1905 3474 pro-

318 3498 438 3568 pria
483 3495 664 3550 rediit.
698 3496 838 3549 Tum
881 3495 1097 3550 daemon
1145 3509 1341 3549 rursus
1372 3493 1589 3548 incluso
1618 3509 1740 3550 sese
1772 3510 1899 3549 con-

317 3587 668 3658 spiciendum
710 3587 956 3657 preebet:
990 3584 1200 3657 Ecquid
1231 3593 1338 3654 est,
1388 3585 1589 3655 inquit,
1621 3585 1899 3643 scelestis-

318 3683 456 3737 sime
485 3680 699 3735 senex?
727 3679 918 3735 Nonne
950 3679 1150 3748 iurasti
1184 3678 1319 3732 mihi
1358 3690 1410 3733 te
1432 3678 1487 3733 id
1521 3679 1894 3735 revelaturum

319 3772 559 3828 nemini?
593 3771 704 3826 Cur
729 3787 860 3842 ergo
891 3772 1076 3826 omnia
1105 3770 1344 3825 narrasti
1375 3769 1453 3823 illi
1496 3770 1590 3840 qui
1627 3771 1692 3825 ad
1727 3779 1780 3826 te
1810 3789 1900 3828 ve-

2003 3133 2395 3206 ἐνδυναμὼσας
2440 3132 2651 3188 πλείοσι
2691 3133 2897 3204 λόγοις,
2936 3135 3181 3206 ἀπῆλθεν
3220 3137 3301 3200 είς
3344 3136 3436 3193 τὸν
3467 3137 3606 3190 τδιον

2005 3225 2172 3280 αὑτοῦ
2194 3225 2380 3280 τόπον.
2411 3225 2665 3280 Φαίνεται
2693 3223 2788 3280 οὖν
2811 3227 2973 3281 πάλιν
2993 3229 3022 3281 6
3043 3227 3254 3298 δαίμων
3277 3229 3356 3300 τῷ
3386 3229 3607 3297 ἐγκλεί-

2005 3334 2137 3389 στῳ,
2171 3317 2264 3372 καὶ
2288 3315 2436 3387 λέγει
2461 3310 2724 3388 asto-'1":
2756 3317 2858 3384 ἔνι,
2888 3319 3201 3391 κακόγηρε;
3245 3320 3347 3373 οὐκ
3373 3319 3605 3391 ὤμοσας

2008 3427 2124 3480 μοι,
2180 3410 2264 3464 ὅτι
2313 3410 2488 3463 οὐδενὶ
2527 3411 2743 3479 λέγεις;
2776 3412 2871 3464 καὶ
2918 3411 3037 3474 πῶς
3067 3412 3246 3465 πάντα
3280 3411 3495 3475 ἐξεῖπες
3523 3410 3602 3484 τῷ

2004 3501 2211 3554 ἐλθόντι
2247 3507 2383 3574 πρὸς
2418 3501 2506 3555 σέ.
2556 3502 2718 3570 Λέγω
2747 3520 2853 3565 σοι,
2904 3502 3208 3575 κακόγηρε,
3233 3504 3308 3568 ὡς
3338 3504 3604 3574 ἐπίορκος

2005 3591 2149 3662 ἔχεις
2183 3592 2440 3662 κριθῆναι
2465 3594 2524 3646 ὲν
2557 3597 2623 3666 τῇ
2654 3594 2842 3666 ἡμέρᾳ
2864 3594 2965 3663 τῆς
2999 3595 3255 3664 κρίσεως.
3293 3595 3602 3666 Ἀπεκρίθη

2005 3682 2156 3753 αὐτῷ
2176 3684 2204 3735 6
2231 3683 2545 3752 ἔγκλειστος
2564 3727 2579 3752 ,
2618 3685 2790 3754 λέγων
2814 3702 2828 3716 ·
2873 3686 2942 3739 Ὅ
2967 3703 3020 3739 τι
3065 3687 3163 3756 μὲν
3201 3685 3411 3756 ὤμοσα,
3443 3685 3602 3756 ὤμο-

2009 3791 2106 3829 σα·
2141 3777 2235 3829 καὶ
2261 3777 2290 3829 ὃ
2315 3794 2367 3830 τι
2395 3778 2744 3849 ἐπιώρκησα,
2791 3777 2908 3832 οἶδα
2930 3797 2944 3810 ο
2981 3779 3075 3832 σοῦ
3103 3779 3161 3834 δὲ
3193 3781 3293 3833 οὐκ
3319 3779 3530 3835 ἀκούω.
3579 3800 3600 3833 ι

319 3863 437 3918 nit?
463 3861 582 3916 Jam
619 3863 738 3928 tibi,
775 3863 1012 3933 pessime
1038 3862 1322 3927 monache,
1350 3861 1616 3915 denuntio
1664 3863 1885 3932 quidem
1925 3873 1978 3921 te
2016 3866 2094 3921 uti
2149 3867 2436 3938 perjurum
2485 3869 2542 3924 in
2603 3871 2692 3926 die
2723 3869 2919 3939 judicii
2993 3870 3314 3924 damnatum
3394 3871 3486 3926 iri.
3534 3871 3606 3930 At

319 3955 617 4010 inclusus:
659 3953 765 4020 Me,
822 3953 1020 4024 inquit,
1066 3951 1287 4022 jurasse
1345 3951 1554 4020 fateor,
1610 3959 1664 4007 et
1705 3961 1900 4008 contra
1937 3971 2102 4026 quam
2142 3957 2328 4028 juravi
2389 3959 2593 4016 fecisse
2640 3977 2752 4016 non
2799 3961 2993 4033 ignoro
3027 3961 3163 4018 :tibi
3226 3971 3409 4017 tamen
3491 3981 3603 4020 non

321 4051 724 4106 auscultavcro.
767 4068 786 4100 ι

393 4146 690 4201 Comment.
730 4143 870 4200 Hinc
928 4143 1083 4199 vides
1138 4143 1368 4214 imagini
1411 4143 1716 4198 exhibitam
1764 4143 1902 4200 ado-

320 4239 616 4303 rationem,
644 4236 711 4290 ad
745 4236 798 4290 id
837 4236 1000 4304 cujus
1040 4243 1126 4290 est
1169 4219 1372 4303 imago,
1409 4233 1624 4298 referri,
1655 4243 1710 4288 et
1738 4236 1902 4304 quale

2075 4147 2355 4215 Σχόλιον.
2389 4144 2574 4217 Ὁρᾷς,
2601 4146 2685 4200 ὅτι
2717 4144 2816 4216 τὴν
2838 4145 2938 4216 τῆς
2967 4144 3175 4209 εἰκόνος
3200 4144 3601 4218 προσκύνησιν,

2006 4238 2099 4294 τοῦ
2143 4237 2552 4308 εἰκονιζομένου
2604 4232 2724 4290 εἷπε
2753 4255 2768 4303 ;
2798 4238 2891 4290 καὶ
2921 4237 3088 4290 πόσον
3117 4237 3289 4291 κακὸν
3315 4237 3377 4290 τὺ
3421 4238 3599 4311 ταύτῃ

321 4336 701 4400 quantumque
743 4328 813 4382 sit
842 4327 1045 4381 malum
1077 4325 1145 4379 ab
1173 4325 1322 4379 illius
1351 4323 1672 4378 adoratione
1716 4339 1898 4379 cessa-

2014 4329 2090 4402 μὴ
2117 4330 2449 4401 προσκυνεῖν
2477 4346 2492 4394 ;
2521 4329 2615 4382 καὶ
2642 4329 2760 4393 πῶς
2788 4328 2922 4381 αὐτὸ
2950 4328 3049 4398 τῆς
3084 4329 3342 4400 πορνείας
3375 4331 3599 4401 προετί-

322 4435 401 4476 re.
430 4417 626 4473 Cernis
649 4433 752 4488 qua
788 4419 1003 4473 ratione
1029 4433 1095 4472 eo
1128 4418 1310 4487 potius
1333 4430 1497 4485 quam
1524 4415 1770 4473 libidinis
1796 4416 1898 4472 cri-

2015 4440 2189 4494 μησεν
2213 4425 2241 4476 6
2268 4422 2511 4493 δαίμωνς

321 4511 470 4564 mine
499 4510 828 4564 obstrictum
862 4508 1136 4562 hominem
1170 4507 1426 4562 voluerit.

391 4601 531 4654 Cum
564 4602 752 4671 itaque
793 4599 950 4653 multi
982 4598 1217 4654 antehac
1241 4597 1579 4666 sacerdotes,
1627 4613 1902 4671 regesque

397 4781 439 4812 η
473 4778 593 4834 Vid.
626 4789 734 4834 act.
776 4779 879 4834 iet
908 4779 941 4834 5
972 4779 1221 4849 septima:
1277 4780 1494 4852 synodi.

2081 4599 2302 4658 Πολλῶν
2331 4600 2510 4656 τοίνυν
2543 4598 2808 4655 ἀνέκαθεν
2858 4599 3052 4674 ἱερέων
3098 4618 3159 4656 τε
3206 4600 3301 4654 καὶ
3327 4599 3595 4671 βασιλέων

1838 4949 2044 5006 ΝΟΤᾸΕ
2055 4992 2069 5007 .

399 5034 520 5112 (μ)-
557 5035 659 5112 ’ῌκ
710 5037 812 5092 τοῦ
845 5040 1293 5112 -ᾼειμωναρίουη
1324 5039 1550 5096 Pratum
1619 5041 1905 5112 spirituale

335 5105 551 5186 scripsit
574 5105 816 5186 Joannes
844 5105 1132 5186 hios'chus,
1165 5111 1419 5186 illudque
1439 5105 1776 5183 nuncupavit
1797 5113 1906 5186 _So-

331 5175 567 5254 phronio
597 5175 868 5254 Sophistae
892 5175 1167 5254 discipulo
1196 5175 1334 5254 s_n_o,'
1361 5175 1756 5254 itinﬁerumque,
1796 5183 1906 5254 imo

330 5251 386 5327 οξ
417 5249 600 5327 operis
632 5249 802 5327 socio,
833 5249 924 5315 qui
958 5249 1201 5327 posthac
1221 5249 1739 5327 Hierosolymorum
1761 5251 1907 5327 anti-

330 5321 443 5369 stes
479 5314 600 5370 fuit.
639 5315 751 5372 Nec
779 5314 898 5373 eam
941 5314 1117 5375 solum
1151 5322 1222 5376 ob
1247 5314 1495 5378 causam'
1521 5338 1551 5376 a
1589 5322 1775 5377 multis
1805 5321 1907 5376 So-

329 5385 566 5462 phronia
597 5387 698 5462 ipsi
733 5390 1058 5445 attributum
1089 5401 1206 5458 est;
1243 5393 1336 5446 sed
1379 5394 1622 5461 insuper,
1651 5391 1781 5462 quia
1805 5391 1906 5447 So-

330 5453 769 5532 phroninsihoe
799 5453 1270 5532 opuspublicum
1309 5463 1456 5527 fecit,
1498 5453 1557 5516 ut
1584 5453 1636 5515 in
1669 5453 1901 5532 prologo

331 5477 601 5520 puwmns
644 5477 748 5512 noc
799 5477 940 5528 opus
990 5477 1270 5529 pllDllCllm
1309 5477 1456 5527 leCil,
1498 5477 1557 5516 ut
1584 5479 1636 5515 In
1672 5477 1828 5532 prono
1867 5477 1901 5515 ο

331 5521 521 5607 Graeco
551 5528 971 5607 qtti_toti._op_eri
1009 5532 1264 5607 prwlixns
1301 5543 1404 5595 est,
1438 5533 1802 5607 signiﬁcatur.
1832 5477 1902 5586 ﬁn

330 5589 581 5673 editione;
598 5593 806 5671 Adoysii
834 5589 1182 5673 ilippo'mani,
1214 5589 1455 5673 Joannes
1481 5589 1686 5657 dicilur
1708 5618 1899 5670 cogno-

333 5668 506 5714 mento
533 5660 783 5716 Eviraius
803 5683 822 5730 ;
844 5660 1052 5722 insulse
1071 5660 1322 5740 prorsus,
1361 5671 1603 5743 illudque
1637 5660 1895 5730 tuendum

2004 5045 2207 5114 corrigi
2265 5046 2428 5102 debet
2487 5062 2555 5101 ex
2610 5047 2769 5102 titulo
2807 5062 2968 5117 quem
3016 5046 3190 5102 edidit
3239 5046 3590 5128 Cotellerius,

2006 5125 2042 5170 t.
2076 5117 2117 5169 ll
2146 5116 2390 5172 Monum.
2445 5115 2649 5171 Eccles.
2678 5117 2849 5172 erc.
2883 5133 2938 5172 n.
2969 5117 3065 5172 5H
3099 5134 3112 5170 :
3166 5117 3275 5170 Του
3319 5119 3590 5172 μακαρίου

2029 5157 2042 5170 .
2076 5134 2116 5169 ll
2146 5134 2194 5170 ,11
2211 5134 2390 5172 onum.
2445 5134 2649 5171 ECCMS.
2678 5134 2849 5172 urceo.
2883 5134 2938 5172 ῐ).
2969 5134 3065 5172 OH
3099 5134 3112 5170 ε
3168 5134 3275 5170 1ου
3319 5134 3590 5172 μακαριου

2015 5133 2042 5170 ι.
2076 5133 2116 5169 ιι
2146 5133 2194 5170 ,ιι
2211 5134 2390 5172 onum.
2445 5133 2649 5171 ηεσιοδ.
2678 5133 2849 5172 urceo.
2883 5133 2938 5187 p.
2969 5133 3065 5172 ou
3099 5134 3112 5170 :
3167 5133 3275 5170 1ου
3319 5134 3590 5187 μακαριου

2015 5185 2722 5259 Ἰωάννου-τοῦΛΕὑκρατᾷ
2771 5188 2989 5259 βίϐλος,
3041 5190 3073 5257 ἡ
3128 5188 3591 5259 ἐπιγεγραμμένη

2002 5255 2247 5328 Λειμὼν,
2277 5257 2366 5328 διὰ
2398 5257 2461 5311 τὸ
2491 5255 2781 5328 πολυανθῆγ
2807 5255 3213 5328 βίων-διήγησιν
3239 5255 3592 5328 τῆςοῦρανοὲ

2004 5277 2247 5326 Λειμων,
2277 5277 2366 5310 οια
2398 5277 2461 5311 το
2491 5277 2732 5311 πολυανυ
2807 5277 2938 5328 Ριων
2959 5277 3213 5327 οιηγησιν
3239 5277 3340 5324 της
3364 5277 3587 5328 ουρανο-

2004 5325 2176 5410 πόρου
2207 5327 2454 5410 ῥοδρνιᾶς
2477 5329 2675 5410 ,ςρὲρειν
2695 5343 2709 5357 °
2733 5277 2891 5410 genti
2915 5326 3144 5410 Joannis
3164 5326 3587 5410 Queratterlibcr,

2002 5396 2094 5465 qui
2130 5396 2437 5469 inscribitur
2465 5396 2712 5469 Pratum,
2737 5398 2875 5469 quod
2902 5399 3156 5469 ﬂoridam
3188 5397 3327 5466 {erat
3366 5401 3591 5469 citarent

2009 5468 2372 5536 narrationem
2421 5467 2645 5522 celestis
2688 5467 2871 5523 roseti.
2927 5467 3008 5522 Ex
3067 5470 3172 5523 hac
3233 5467 3592 5536 inscriptione

2009 5535 2198 5591 Graeca
2227 5537 2478 5592 Latinam
2511 5538 2593 5592 sic
2625 5538 2906 5593 emendari
2933 5537 3137 5593 debere
3158 5552 3360 5592 censeo
3387 5535 3592 5591 {Joan-

2011 5608 2091 5663 nis
2124 5616 2465 5678 cognomento
2495 5606 2763 5676 Eucraur,
2796 5619 2893 5665 aut
2935 5608 3128 5665 saltem
3168 5605 3412 5663 Encrati.
