3864 6198
260 256 387 323 1281

1348 256 1445 317 DE
1482 251 1938 315 IMAGINIBUS
1967 254 2248 314 ORATIO
2283 254 2329 313 Ι.

3360 254 3499 323 1282

251 368 596 437 Χριστιανοίς
632 364 1047 436 ὃεδωρημένων,
1092 363 1256 435 σοφίᾳ
1284 381 1345 417 τε
1393 366 1487 418 καὶ
1518 364 1815 434 θεοσεϐείᾳ,

1930 360 2123 415 iuerint
2152 379 2180 416 a
2218 362 2327 416 Deo
2365 361 2693 418 Christianis
2737 363 3011 429 concessi,
3044 366 3137 437 qui
3194 366 3499 437 sapientiae,

246 460 336 515 καὶ
362 458 508 529 λόγῳ
534 457 632 509 καὶ
663 456 764 525 βίῳ
795 455 1211 525 διαπρεψάντων
1234 497 1249 521 ,
1288 456 1380 508 καὶ
1410 456 1644 509 συνόδων
1671 455 1820 506 πλεί-

246 568 385 605 στων
405 548 786 619 γεγενημένων
805 546 977 614 ἁγίων
1004 547 1097 600 καὶ
1126 546 1500 599 θεοπνεύστων
1538 545 1819 614 Πατέρων,

244 643 296 697 τί
330 642 521 712 μηδεὶς
548 638 722 692 ταῦτα
776 638 910 708 δρᾷν
952 637 1345 707 ἐπεχείρησεν;
1398 638 1497 690 οὐκ
1523 636 1823 705 ἀνεξόμεθα

245 735 369 789 νέαν
409 734 592 786 πίστιν
618 729 985 784 διδάσκεσθαι.
1022 747 1041 780 ι
1087 729 1180 781 Ἐκ
1226 729 1335 798 γὰρ
1377 728 1515 781 Σιὼν
1544 726 1823 794 segreges.

240 842 331 879 ται
361 824 390 875 6
420 824 602 891 νόμος,
647 838 665 870 ι
697 816 1054 889 προφητικῶς
1080 816 1184 887 ἔφη
1211 816 1273 869 τὸ
1307 816 1531 886 Πνεῦμα
1555 814 1616 867 τὸ
1645 814 1820 882 ἅγιον,

247 934 265 968 ι
289 916 382 968 καὶ
403 913 562 980 λόγος
588 911 796 981 Κυρίου
821 907 882 974 ἐξ
912 908 1290 979 Ἰερουσαλήμ.
1326 927 1344 960 ι
1382 907 1495 959 Οὐκ
1521 906 1823 976 ἀνεξόμεθα

242 1008 433 1061 ἄλλοτε
458 1003 593 1058 ἀλλα
618 1003 859 1071 φρονεῖν,
890 999 985 1052 καὶ
1006 1001 1220 1064 καιροῖς
1248 997 1699 1068 μεταϐάλλεσθαι,
1730 997 1824 1049 καὶ

240 1100 336 1169 τὴν
371 1097 556 1150 πίστιν
584 1095 695 1155 τοῖς
726 1089 926 1155 ἔξωθεν
975 1090 1190 1157 γέλωτα
1233 1090 1329 1141 καὶ
1371 1089 1622 1156 παίγνιον
1673 1088 1823 1156 γίνε-

241 1190 386 1242 σθαι.
426 1187 544 1240 Οὐκ
584 1182 889 1251 ἀνεξόμεθα
942 1179 1208 1251 βασιλικῷ
1258 1179 1595 1232 ὑποκύπτειν
1636 1178 1824 1232 θεσπί-

241 1299 409 1351 σματι
437 1280 536 1349 τὴν
564 1279 629 1330 ὲκ
680 1275 940 1345 Πατέρων
970 1272 1300 1341 πειρωμένῳ
1334 1268 1662 1342 ἀνατρέπειν
1697 1286 1823 1321 συν-

238 1375 452 1442 ήθειαν.
472 1371 548 1423 Οὐ
580 1368 689 1439 γὰρ
718 1364 956 1419 εὐσεϐῶν
988 1364 1247 1434 βασιλέων
1272 1362 1597 1432 ἀνατρέπειν
1624 1361 1823 1431 ἐκκλη-

238 1463 557 1523 σιαστικοὺς
611 1456 869 1527 θεσμοὺς.
908 1456 981 1508 Οὐ
1033 1454 1277 1524 πατρικά
1320 1452 1523 1506 ταῦτα’
1554 1451 1825 1525 λῃστρικά

234 1557 348 1624 γὰρ
378 1554 447 1605 τὰ
471 1552 561 1622 βίᾳ
583 1551 679 1603 καὶ
709 1549 767 1603 οὐ
798 1547 979 1600 πειθοῖ
1011 1547 1277 1617 γινόμενα
1297 1562 1310 1575 ⁸
1341 1546 1435 1598 καὶ
1468 1545 1679 1615 μάρτυς
1711 1545 1823 1614 nev

248 1647 464 1715 Ἐφέσῳ
486 1646 542 1697 τὸ
560 1642 814 1712 δεύτερον
844 1639 1188 1709 γεγενημένη
1214 1637 1450 1700 σύνοδος,
1480 1637 1640 1705 μέχρι
1663 1633 1823 1705 δεῦρο

233 1711 591 1807 Λῃοτρικὴν
648 1733 950 1803 δεδεγμένη
1005 1732 1105 1801 τὴν
1161 1729 1515 1800 ἐπωνυμίαν,
1566 1727 1824 1799 βασιλικῇ
1860 1711 1901 1769 Β

233 1829 384 1900 χειρὶ
408 1825 882 1887 ὲκϐιασθεῖσα,ὄτε
907 1823 1203 1886 Φλαϐιανὸς
1220 1824 1248 1875 6
1268 1822 1535 1892 μακάριος
1560 1820 1827 1873 ἀπεκτένιι

232 1938 382 1975 νυτο.
420 1918 665 1971 Συνόδων
691 1915 890 1979 ταῦτα,
910 1915 970 1967 οὐ
994 1914 1282 1984 βασιλέων.
1306 1913 1381 1975 ὡς
1405 1913 1433 1963 6
1463 1910 1667 1980 Κύριος
1690 1910 1825 1979 ἔφη·

235 2028 332 2064 σεν
351 2028 369 2057 ’ν
414 2028 433 2059 ι
472 2010 650 2061 Ὅπου
683 2006 992 2076 συναχθῶσι
1027 2004 1174 2074 δύοῆ
1209 2006 1358 2075 τρεῖς
1381 2003 1475 2055 ἐπὶ
1501 2001 1578 2072 τῷ
1601 2001 1829 2071 ὀνόματί

238 2120 372 2175 μου,
409 2102 528 2153 ἐκεῖ
559 2100 684 2170 εἰμι
732 2099 790 2152 ὲν
821 2097 972 2169 μέσῳ
1002 2096 1201 2150 αὐτῶν.
1237 2115 1256 2146 ι
1306 2096 1380 2148 Οὐ
1415 2094 1693 2165 βασιλεῦσι
1733 2090 1829 2145 τοῦ

230 2192 525 2264 δεσμεύειν
551 2190 646 2245 καὶ
665 2189 815 2243 λύειν
846 2190 945 2260 τὴν
984 2188 1235 2254 ἐξουσίαν
1261 2186 1493 2239 δέδωκεν
1516 2188 1543 2238 6
1564 2184 1823 2256 Χριστὸς,

232 2286 354 2342 ἀλλ’
378 2284 719 2345 ἀποστόλοις,
761 2281 855 2334 καὶ
888 2282 1003 2343 τοῖς
1027 2278 1232 2332 τούτων
1254 2277 1541 2348 διαδόχοις,
1577 2278 1671 2331 καὶ
1701 2294 1824 2329 ποι-

238 2378 393 2448 μέσι,
432 2376 526 2428 καὶ
564 2372 925 2434 διδασκάλοις.
978 2388 996 2421 ι
1028 2369 1147 2423 Κᾶν
1175 2368 1427 2437 ἄγγελος,
1454 2368 1592 2439 φησι⁸
1614 2368 1826 2431 Παῦλος

233 2471 267 2522 6
288 2468 622 2531 ἀπόστολος,
648 2465 1071 2534 εὐαγγελίσηται
1100 2463 1247 2531 ὑμᾶς
1281 2460 1413 2532 παρ’
1461 2460 1491 2514 ὃ
1518 2459 1825 2532 παρελάϐε-

233 2579 298 2615 τε
324 2578 338 2590 °
380 2580 399 2614 ι
427 2560 523 2615 καὶ
546 2560 608 2613 τὸ
631 2559 756 2629 ἑξῆς
793 2553 1206 2625 σιωπησόμεθα,
1230 2553 1422 2622 φειδοῖ,
1448 2553 1547 2624 τὴν
1574 2554 1826 2623 ἐπιστρο-

236 2652 351 2724 φὴν
389 2650 757 2721 ἐκδεχόμενοι.
821 2650 920 2701 Ἂν
962 2645 1020 2700 δὲ
1080 2646 1279 2712 ἴδωμεν
1338 2644 1438 2713 τὴν
1491 2644 1826 2715 διαστροφὴν

237 2744 661 2815 ἀνεπιστροφον,
703 2743 841 2811 ὅπερ
871 2739 945 2811 μὴ
978 2738 1052 2809 δῷ
1079 2740 1107 2791 6
1139 2726 1366 2808 Κύριος,
1402 2738 1524 2790 τότε
1555 2738 1827 2809 ἐπάξομεν

240 2837 338 2889 καὶ
368 2835 428 2887 τὸ
452 2835 776 2905 λειπόμενον
800 2851 813 2864 ο
846 2832 985 2885 ἀλλὰ
1005 2830 1276 2901 ἀπηύχθω
1306 2828 1484 2881 τοῦτο.

1924 453 2232 522 religionis,
2270 453 2556 515 doctrinae,
2591 455 2908 509 sanctitatis
2953 458 3109 513 laude
3144 459 3497 525 claruerunt;

1924 546 2083 614 plura
2105 546 2231 599 item
2264 544 2496 599 concilia
2522 559 2550 597 a
2569 547 2777 601 sanctis
2800 546 3095 616 divinoque
3123 548 3331 619 Spiritu
3358 552 3503 605 allia-

1925 638 1994 692 tis
2025 636 2287 691 Patribus
2313 637 2587 691 celebrata
2629 638 2762 702 sint,
2798 638 3063 707 quidnam
3091 656 3275 695 causa:
3307 651 3412 707 est,
3443 653 3503 695 ut

1926 743 2119 782 eorum
2168 742 2329 781 nemo
2385 728 2494 780 tale
2533 728 2664 798 quid
2708 744 2869 799 agere
2918 745 3088 784 ausus
3141 730 3249 783 sit?
3295 730 3500 785 Novam

1925 819 2111 874 doceri
2144 817 2304 873 ﬁdem
2340 816 2656 887 neutiquam
2691 820 2985 887 patiemur.
3029 836 3048 870 ι
3084 818 3159 873 Ex
3194 819 3326 874 Sion
3360 823 3503 874 enim

1927 908 2100 962 exibit
2134 908 2240 968 lex,
2289 915 2343 961 et
2376 908 2603 962 verbum
2649 909 2859 962 Domini
2897 910 2966 964 de
3008 908 3316 965 Jerusalem
3374 913 3439 975 '9,
3483 933 3501 964 ι

1926 997 2388 1067 quemadmodum
2440 1014 2535 1067 per
2590 999 2913 1068 prophetam
2974 1000 3051 1055 ait
3104 1000 3342 1072 Spiritus
3375 1018 3505 1057 san-

1926 1098 2070 1146 ctus.
2092 1088 2206 1143 Non
2225 1090 2632 1146 committemus
2656 1098 2715 1143 ut
2742 1091 2890 1144 aliud
2912 1091 3049 1146 alias
3073 1093 3380 1157 sentiendo,
3406 1109 3505 1163 pro

1928 1191 2237 1251 temporum
2271 1183 2485 1235 ratione
2518 1192 2814 1247 mutemur,
2854 1197 3033 1253 neque
3058 1194 3115 1237 ut
3159 1184 3292 1240 fides
3317 1194 3505 1239 nostra

1926 1275 2071 1345 apud
2101 1274 2225 1329 illos
2253 1274 2347 1344 qui
2385 1276 2454 1327 ab
2486 1289 2550 1328 ea
2602 1273 2766 1328 alieni
2814 1284 2982 1338 sunt,
3020 1275 3261 1330 ludibrio
3312 1276 3406 1330 ﬁat
3445 1291 3510 1332 ac

1928 1366 2213 1421 derisioni.
2254 1365 2608 1435 Imperatoris
2638 1364 2820 1419 edicto
2849 1367 3222 1436 obtemperari
3254 1383 3363 1423 non
3390 1385 3511 1437 pcr-

1930 1457 2242 1521 mittemus,
2270 1456 2495 1511 Patrum
2530 1456 2987 1512 consuetudinem
3024 1468 3270 1513 evertere
3305 1474 3513 1513 conan-

1928 1549 2018 1603 tis.
2052 1546 2239 1617 Neque
2270 1547 2416 1602 enitn
2449 1548 2836 1617 religiosorum
2880 1547 3047 1603 fuerit
3076 1550 3503 1618 imperatorum,

1928 1640 2337 1695 ecclesiasticas
2361 1640 2674 1694 convellere
2701 1640 3040 1695 sanctiones.
3067 1640 3192 1695 llaac
3225 1651 3511 1710 paternam

1932 1735 2189 1803 pietatem
2246 1748 2361 1786 non
2415 1733 2657 1802 sapiunt.
2711 1733 2847 1787 Nam
2882 1749 3005 1803 qua:
3048 1748 3147 1802 per
3178 1737 3287 1787 vim
3316 1745 3369 1788 et
3402 1749 3513 1787 non

1930 1826 2107 1881 libera
2159 1825 2422 1881 suasione
2468 1832 2782 1894 patrantur,
2833 1825 3164 1895 praedatoria
3216 1839 3364 1881 sunt.
3398 1825 3513 1880 Hoc

1932 1925 2170 1973 testatur
2213 1916 2495 1972 celebrata
2546 1916 2798 1971 secundo
2839 1917 3035 1987 Ephesi
3075 1917 3343 1988 synodus,
3393 1934 3515 1988 qum.

1934 2010 2000 2064 ad
2058 2009 2200 2063 hanc
2238 2024 2414 2079 usque
2463 2008 2603 2062 diem
2656 2006 2953 2062 Latrocinii
3009 2025 3208 2064 nomen
3266 2011 3511 2075 obtinet;

1932 2102 2137 2171 quippe
2184 2101 2276 2154 cui
2318 2100 2676 2170 imperatoris
2725 2116 2922 2155 manus
2972 2102 3080 2155 vim
3129 2102 3338 2167 intulit,
3389 2117 3513 2157 cum

1931 2195 2129 2249 beatus
2177 2200 2385 2262 martyr
2437 2191 2732 2245 Flavianus
2784 2191 3118 2247 interfectus
3155 2192 3277 2247 fuit.
3309 2191 3410 2247 His
3444 2192 3516 2247 de

1928 2287 2096 2343 rebus
2131 2285 2336 2356 aliquid
2389 2292 2655 2351 statuere,
2692 2299 2805 2339 non
2854 2284 2921 2340 ad
2971 2284 3342 2355 imperatores
3390 2300 3516 2353 spe-

1929 2386 2064 2438 ctat.
2101 2379 2196 2433 sed
2254 2378 2319 2432 ad
2380 2378 2617 2433 concilia
2663 2394 2680 2431 :
2731 2377 3199 2448 quemadmodum
3250 2377 3516 2433 Dominus

1930 2470 2008 2524 ait
2040 2486 2054 2522 :
2099 2487 2117 2521 ι
2154 2466 2258 2523 Ubi
2291 2469 2401 2523 duo
2435 2468 2520 2523 vel
2568 2476 2681 2524 tres
2727 2469 3051 2539 congregati
3086 2467 3291 2524 fuerint
3322 2469 3378 2523 in
3409 2484 3515 2523 no—

1929 2562 2079 2617 mine
2121 2576 2264 2627 meo,
2304 2560 2379 2615 ibi
2411 2576 2532 2615 sum
2564 2560 2618 2614 in
2655 2560 2838 2615 medio
2865 2561 3087 2616 illorum
3121 2562 3188 2615 ¹⁰.
3227 2580 3246 2612 ι
3284 2560 3513 2629 Ligandi

1933 2665 2094 2725 atque
2147 2654 2393 2709 solvendi
2449 2660 2777 2725 potestatem
2842 2668 2952 2707 non
3008 2654 3237 2723 regibus
3287 2652 3517 2706 tradidit

1933 2744 2207 2805 Christus,
2252 2743 2348 2798 sed
2380 2744 2675 2813 apostolis,
2708 2757 3017 2811 eorumque
3063 2742 3511 2809 successoribus,

1934 2842 1987 2889 et
2027 2834 2383 2904 pastoribus,
2428 2841 2597 2903 atque
2653 2834 2980 2888 doctoribus
3033 2833 3101 2886 ²¹.
3139 2851 3157 2884 ι
3201 2833 3359 2887 Licet
3391 2849 3514 2902 vos,

240 2930 427 3000 inquit
457 2927 661 2984 Paulus
707 2925 1020 2998 apostolus,
1057 2930 1154 2977 aut
1192 2921 1422 2990 angelus
1468 2922 1812 2993 evangelizet
1850 2936 2049 2995 praeter
2095 2927 2146 2980 id
2185 2926 2333 2996 quod
2366 2926 2665 2996 accepistis
2688 2927 2773 2980 "z
2814 2944 2834 2977 ι
2872 2925 3017 2996 quod
3060 2926 3314 2996 sequitur
3352 2929 3517 2983 modo

238 3024 553 3079 tacehimus
593 3023 658 3084 ³³.
691 3027 980 3092 parcentes
1033 3017 1180 3082 illis,
1216 3029 1453 3086 quorum
1504 3019 1924 3075 conversionem
1956 3035 2267 3090 speramus.
2305 3020 2404 3075 Sin
2472 3030 2680 3086 autem,
2749 3021 2897 3090 quod
2966 3030 3180 3077 avertat
3226 3026 3390 3088 Deus,
3458 3025 3515 3079 in

240 3114 511 3185 Opinione
556 3127 819 3184 perversa
870 3110 1185 3166 obstinatos
1257 3106 1588 3173 viderimus,
1665 3120 1781 3165 tum
1849 3111 2067 3184 reliqua
2126 3113 2634 3185 pronuntiabimus.
2707 3111 2909 3169 Verum
2946 3115 3066 3170 hoc
3116 3131 3184 3171 ne
3230 3115 3516 3186 contingat

242 3222 524 3286 optamus.

316 3352 390 3408 Εῐ
422 3368 507 3413 τις
532 3346 764 3403 εἰσέλθοι
797 3345 876 3407 εἰς
914 3340 1082 3407 οἶκον,
1114 3340 1172 3394 ὲν
1202 3333 1247 3408 ᾧ
1295 3338 1585 3410 ζωγράφος
1622 3340 1680 3393 ὲν
1723 3340 1826 3393 τοί.

2012 3337 2168 3404 Quod
2209 3337 2256 3393 si
2289 3335 2416 3406 quis
2448 3335 2674 3389 domum
2715 3335 3023 3408 ingressus,
3056 3337 3218 3408 cujus
3246 3340 3301 3394 in
3328 3339 3517 3409 parie-

244 3463 368 3520 χοις
396 3440 636 3512 ἱστορίαν
654 3435 932 3497 Μωῦσέως
950 3433 1045 3485 καὶ
1064 3430 1266 3503 Φαραὼ
1286 3430 1494 3501 ἔγραψε
1520 3430 1828 3501 χρώμασιν,

248 3534 372 3590 εἶτα
403 3532 671 3604 ἐρωτήσει
698 3527 859 3597 τυχὸν
879 3523 1008 3594 περὶ
1030 3523 1162 3584 τῶν,
1187 3522 1263 3584 ὡς
1285 3523 1379 3574 ἐπὶ
1402 3521 1597 3592 ξηρὰν,
1626 3521 1829 3573 διοδευ-

250 3629 468 3682 σάντων
515 3622 615 3690 τὴν
660 3618 958 3678 θάλασσαν,
992 3612 1149 3675 Τίνες
1191 3606 1335 3664 οῦτοι
1380 3614 1551 3677 εἰσιν;
1585 3612 1650 3663 Τί
1688 3615 1832 3683 ἐρεῖς

246 3712 642 3787 ἐρωτώμενος
678 3709 798 3777 οὐχ,
826 3706 946 3758 Υἱοὶ
972 3702 1223 3775 ’1σραὴλ;
1255 3703 1352 3763 Τίς
1383 3702 1413 3754 6
1446 3702 1625 3772 ῥάϐδῳ
1657 3703 1832 3755 παίων

246 3808 352 3879 τὴν
382 3804 688 3867 θάλασσαν;
718 3798 855 3869 Οὐχὶ
884 3796 1124 3863 Μωῦσῆς
1148 3809 1163 3857 ;
1187 3791 1372 3854 Οῦτως
1398 3791 1557 3854 εἴτις
1577 3793 1667 3845 τὸν
1694 3793 1833 3879 ξρι-

247 3875 380 3953 στδν
406 3894 661 3949 είκονίσει
685 3887 1104 3960 σταυρούμενον,
1137 3884 1232 3936 καὶ
1262 3881 1534 3954 ἐρωτηθῇ,
1555 3882 1651 3945 Τίς
1678 3875 1831 3946 οὗτός

242 3990 401 4041 ἔστιν
427 4002 443 4052 ;
484 3980 719 4052 Χριστὸς
744 3982 771 4032 ό
794 3977 947 4042 Θεὸς,
986 3975 1121 4045 ἐρεῖ,
1151 3974 1179 4025 6
1210 3971 1278 4023 δι’
1308 3971 1458 4041 ἡμᾶς
1503 3970 1830 4041 σαρκωθείς.

243 4078 385 4139 Ναὶ,
408 4075 677 4137 Δέσποτα,
709 4064 1128 4141 προσκυνοῦμεν
1148 4063 1328 4123 πάντα
1350 4061 1420 4115 τὰ
1448 4062 1537 4125 σὰ,
1566 4063 1658 4116 καὶ
1683 4062 1832 4129 πόθῳ

244 4171 445 4223 ἐκκαεί
481 4161 989 4237 περιπτυσσόμεθα,
1029 4157 1132 4229 τὴν
1162 4156 1424 4226 Θεότητα,
1453 4157 1553 4226 τὴν
1578 4155 1829 4225 δύναμιν,

242 4259 349 4329 τὴν
379 4256 712 4327 ἀγαθότητα,
747 4252 838 4306 τὸν
866 4250 995 4320 περ)⁸
1029 4248 1178 4319 ἡμᾶς
1223 4246 1391 4310 ἔλεον,
1427 4243 1527 4314 τὴν
1557 4242 1831 4312 συγκατά-

246 4350 434 4413 ϐασιν,
464 4348 565 4419 τὴν
614 4345 925 4416 σάρκωσιν·
952 4339 1047 4394 καὶ
1085 4338 1275 4409 ὥσπερ
1323 4336 1563 4407 ἅψασθαι
1609 4335 1829 4406 σιδήρου

244 4434 758 4513 πεπυρακτωμένου
789 4434 1129 4505 δεδοίκαμεν,
1165 4433 1226 4485 οὐ
1250 4430 1339 4484 διὰ
1366 4429 1464 4500 τὴν
1484 4427 1580 4482 τοῦ
1611 4428 1830 4499 σιδήρου

246 4532 434 4603 φύσιν,
471 4530 606 4583 ἀλλὰ
647 4526 737 4581 διά
775 4524 837 4578 τὸ
861 4524 1139 4596 ἡνωμένον
1185 4520 1335 4592 αῦτῷ
1374 4520 1525 4591 πῦρ’,
1559 4518 1704 4572 οὕτω
1732 4518 1832 4589 τὴν

246 4626 433 4696 σάρκα
463 4622 565 4692 τὴν
599 4619 696 4690 σὴν
729 4614 1045 4689 προσκυνῶ,
1085 4614 1145 4666 οὐ
1200 4613 1288 4665 διὰ
1333 4612 1433 4682 τὴν
1474 4610 1577 4681 τῆς
1629 4609 1832 4680 σαρκὸς

1935 3429 2085 3483 tibus
2134 3427 2339 3498 Moysis
2388 3434 2442 3482 et
2500 3425 2812 3484 Pharaonis
2843 3429 3147 3495 ,ltistoriam
3197 3430 3380 3500 pictor
3414 3433 3517 3487 de-

1934 3518 2240 3588 scripserit,
2296 3516 2440 3572 forte
2479 3526 2715 3587 quaerat,
2752 3519 2978 3589 quinam
3038 3520 3073 3574 ii
3106 3520 3238 3585 sint,
3271 3520 3367 3591 qui
3418 3536 3517 3591 per

1935 3627 2108 3674 mare,
2139 3625 2203 3664 ac
2238 3611 2282 3666 si
2329 3624 2426 3679 per
2476 3610 2687 3663 aridam
2735 3616 2943 3665 terram
3004 3612 3348 3679 incederent,
3406 3613 3516 3666 iter

1936 3703 2203 3757 fecerunt.
2240 3700 2382 3766 Quid
2417 3700 2486 3754 ad
2524 3701 2636 3755 haec
2660 3702 3063 3770 respondebis?
3089 3701 3284 3756 Nonne
3318 3702 3372 3754 hi
3412 3703 3511 3756 lilii

1934 3800 2066 3848 sunt
2095 3791 2304 3847 Israel?
2335 3790 2539 3859 Ecquis
2581 3789 2673 3843 ille
2702 3790 2795 3859 qui
2828 3791 2981 3860 virga
3029 3790 3269 3859 percutit
3320 3792 3519 3845 mare?

1933 3882 2127 3938 Nonne
2177 3880 2386 3945 audiet,
2454 3878 2709 3949 Moyses?
2745 3879 3032 3934 Consimili
3085 3882 3270 3945 modo,
3305 3882 3355 3936 si
3390 3883 3517 3950 quis
3568 3919 3583 3935 .

1934 3976 2219 4032 Christum
2255 3974 2479 4029 alIixum
2511 3975 2670 4029 cruci
2706 3972 2973 4044 pinxerit,
3006 3981 3401 4044 quaeraturque
3446 3974 3517 4029 ab

1933 4084 2001 4122 eo
2032 4067 2288 4137 quisnam
2325 4066 2419 4121 ille
2441 4066 2565 4122 est?
2598 4064 2794 4120 Nonne
2822 4066 3226 4136 respondebit:
3256 4066 3517 4122 Christus

1934 4158 2082 4214 Deus
2137 4156 2312 4212 nostri
2364 4156 2541 4228 gratia
2594 4157 2961 4231 incarnatus?
3008 4156 3514 4227 Etiam,Domine,

1933 4249 2119 4304 omnia
2144 4264 2265 4320 quae
2288 4257 2385 4304 tua
2416 4257 2566 4316 sunt,
2594 4249 2914 4314 adoramus,
2959 4252 3288 4323 ardentique
3318 4253 3516 4308 affectu

1932 4338 2203 4396 Deitatem
2252 4350 2428 4407 tuam,
2458 4341 2786 4412 potentiam,
2823 4340 3149 4405 bonitatem,
3191 4344 3517 4400 misericor-

1932 4431 2081 4487 diam
2109 4447 2239 4505 erga
2270 4448 2395 4499 nos,
2423 4433 2773 4498 descensum,
2807 4441 2861 4488 et
2892 4434 3329 4491 incarnationem
3360 4451 3516 4490 com-

1934 4525 2231 4594 plectimur
2291 4539 2306 4578 :
2364 4532 2418 4580 et
2473 4524 2939 4604 quemadmodum
3003 4525 3211 4580 ferrum
3280 4526 3516 4597 ignitum

1934 4617 2255 4689 contingere
2277 4632 2560 4684 veremur,
2596 4634 2705 4673 non
2736 4628 2962 4689 propter
2987 4617 3151 4689 330
3184 4618 3316 4674 l'erri
3352 4624 3517 4672 natu-

246 4684 437 4787 φῦσιν,
477 4684 616 4766 ἀλλὰ
639 4684 727 4764 διὰ
756 4684 855 4780 τὴν
884 4707 1006 4761 καθ’
1038 4706 1339 4759 ὑπόστασιν
1369 4701 1656 4774 ἡνωμένην
1689 4701 1826 4772 αὑτῇ

1932 4724 2073 4775 ram,
2125 4684 2223 4766 sed
2275 4717 2505 4781 propter
2555 4684 2776 4781 ignem',
2813 4684 2907 4781 q—ui
2954 4684 3136 4766 rei-{0'
3151 4710 3378 4781 junctus
3406 4718 3515 4774 est,

163 4795 503 4876 4’θεόειτητω
538 4800 963 4875 Προσκυνοῦμέν
1000 4814 1093 4851 σου
1133 4798 1202 4851 τὰ
1240 4794 1412 4865 πάθη.
1451 4795 1549 4860 Τίς
1594 4789 1702 4847 εἶδε
1731 4793 1829 4847 θά-

242 4916 409 4953 νατον
440 4892 956 4967 προσκυνούμενον;
985 4889 1070 4954 τίς
1094 4889 1241 4962 πάθη
1267 4887 1475 4955 σεπτά;
1516 4887 1631 4939 ἀλλ’
1661 4886 1830 4949 ὅντως

241 4988 667 5062 προσκυνοῦμεν
692 4986 785 5039 τὸν
814 4983 908 5037 τοῦ
943 4981 1076 5036 Θεοῦ
1103 4998 1202 5052 μου
1234 4980 1546 5050 σωματικὸν
1577 4978 1827 5038 θάνατον.

241 5084 343 5139 καὶ
362 5081 431 5135 τά
460 5080 707 5150 σωτήρια
728 5075 906 5145 πάθη·
935 5071 1245 5145 προσκυνοῦ
1254 5072 1351 5142 μέν
1382 5088 1475 5123 σου
1497 5069 1595 5141 τὴν
1620 5071 1827 5124 εἰκόνα’

244 5175 429 5229 πάντα
451 5172 519 5225 τὰ
547 5170 641 5223 σοῦ
675 5164 1091 5240 προσκυνοῦμεν
1113 5180 1126 5195 ⁸
1157 5165 1285 5226 τοὺς
1314 5163 1672 5234 θεράποντας,
1704 5162 1831 5225 τοὺς

245 5267 463 5337 φίλους,
505 5262 601 5317 καὶ
634 5261 742 5331 πρὸ
764 5258 971 5314 τούτων
1000 5256 1101 5327 τὴν
1130 5254 1369 5325 Μητέρα
1400 5252 1501 5323 τὴν
1544 5251 1828 5304 Θεοτόκον.

1928 4800 2120 4856 eadem
2156 4801 2373 4855 ratione
2407 4816 2631 4855 carnem
2661 4809 2812 4856 tuam
2846 4800 3041 4867 adoro,
3079 4817 3190 4856 non
3234 4801 3305 4856 ob
3329 4801 3515 4856 carnis

1928 4900 2207 4955 naturam,
2252 4891 2347 4945 sed
2384 4898 2610 4961 propter
2648 4890 3027 4958 divinitatem,
3070 4907 3192 4962 quae
3242 4883 3515 4948 cum'illa

1929 4983 2237 5039 secundum
2262 4983 2610 5054 hypostasim
2644 4982 2839 5052 juncta
2875 4989 2984 5038 est.
3014 4981 3336 5039 Passionem
3362 4992 3512 5037 tuam

1930 5073 2253 5128 adoramus.
2309 5072 2446 5139 Quis
2498 5088 2745 5144 unquam
2797 5081 3031 5129 mortem
3068 5074 3211 5129 vidit
3257 5074 3515 5128 adorari?

1938 5162 2076 5227 Quis
2114 5166 2399 5221 cruciatus
2440 5164 2637 5235 dignos
2677 5165 2828 5221 cultu
2869 5166 3124 5221 censuit?
3168 5165 3281 5221 Nos
3328 5174 3512 5221 tamen

1939 5257 2286 5326 corporalem
2336 5256 2432 5312 Dei
2484 5257 2590 5311 mei
2634 5267 2890 5324 mortem,
2940 5244 3353 5328 salutaremque
3385 5272 3513 5327 pas-

247 5359 465 5416 sionem
495 5368 627 5409 vere
661 5352 981 5407 adoramus.
1010 5348 1320 5402 Adoramus
1351 5346 1670 5415 imaginem,
1699 5344 1995 5403 adoramus
2023 5350 2207 5403 omnia
2238 5364 2361 5421 quae
2398 5357 2494 5404 tua
2559 5360 2710 5413 sunt,
2779 5350 3089 5417 ministros,
3152 5352 3384 5418 amicos,
3449 5365 3513 5405 ac

246 5466 364 5522 pra:
403 5446 621 5504 caeteris
652 5445 896 5501 divinam
933 5440 1160 5495 Matrem
1193 5446 1370 5492 tuam.

327 5633 372 5664 ’⁹
414 5628 520 5686 lsa.
586 5643 649 5696 tt,
679 5626 735 5681 5.
832 5624 878 5657 '°
908 5620 1102 5677 Matth.
1143 5618 1301 5683 xit",
1332 5617 1424 5675 20.

1526 5619 1567 5651 ²¹
1621 5617 1751 5673 ibid.
1786 5618 1871 5674 18.
1953 5618 1996 5649 "
2023 5616 2182 5672 Galat
2218 5632 2255 5681 ι,
2282 5614 2334 5683 8,
2366 5614 2419 5671 9.
2494 5617 2540 5649 "
2572 5614 2837 5672 Videlitct
2892 5614 3188 5672 Attat/temo
3232 5615 3326 5670 sit.
