3936 6174
339 278 472 344 1233

406 385 777 440 Obsecramus
838 380 1020 449 itaque
1081 374 1173 430 Dei
1228 373 1459 444 plebem,
1512 381 1730 441 gentem
1780 387 1908 423 san.
1938 378 1977 431 Α

337 486 505 540 ctam,
563 483 621 528 ιιι
669 471 1064 527 ecclesiasticis
1119 465 1392 522 institutis
1428 462 1678 532 pressius
1721 463 1904 515 adhae-

340 575 541 622 rescat.
566 563 879 618 Priscarum
905 560 1049 614 enim
1085 557 1368 627 abrogatio
1395 553 1750 606 traditiouum
1785 567 1909 604 sen~

339 659 443 712 sim
501 655 841 718 introducta,
895 663 1156 720 tanquam
1197 649 1244 703 si
1284 649 1353 702 ab
1381 645 1614 701 mdiﬁcio
1648 644 1908 714 paulatim

1529 265 1587 322 S.
1629 262 1867 323 JOANN
1881 262 1948 320 IS
1990 257 2416 323 DAMASCENI

3446 247 3606 308 123-4

2082 367 2448 434 Δυσωποῦμεν
2468 363 2522 416 δὲ
2550 362 2640 414 καὶ
2664 360 2754 412 τὸν
2779 357 2870 411 τοῦ
2903 357 3037 410 Θεοῦ
3073 356 3222 422 λαὸν,
3262 356 3322 410 τδ
3342 356 3505 418 ἔθνος
3541 360 3614 407 τι.

2011 460 2186 528 ἅγιον,
2217 457 2324 510 τῶν
2358 450 2822 525 ἐκκλησιαστικῶν
2856 448 3174 519 ἀντέχεσθαι
3211 449 3613 519 παραδόσεων.

2023 550 2086 602 Ἢ
2119 547 2227 618 γὰρ
2284 545 2424 599 κατά
2473 541 2706 612 σμικρὸν
2756 540 2865 592 τῶν
2913 536 3361 608 παραδεδομένων
3426 537 3618 606 ἀφαί-

2015 657 2183 712 ρεσις,
2235 637 2311 701 ὠς
2359 634 2418 701 ἐξ
2449 631 2742 702 οἰκοδομῆς
2782 630 2968 694 λίθων,
3005 628 3200 682 Θᾶττον
3238 628 3466 682 ἅπασαν
3503 627 3620 696 τὴν

339 749 739 803 subtrahantur
795 743 1052 812 lapides.
1105 747 1444 796 structuram
1521 750 1742 792 omnem
1798 733 1912 786 cito

2046 729 2299 800 ίκοδομὴν
2351 724 2821 797 καταρρήγνυσιν.
2880 720 2981 790 Εἴη
3017 719 3074 772 δὲ
3115 720 3263 789 ἡμᾶς
3319 718 3620 789 ἑδραίους,

337 840 526 893 diruit.
566 835 724 890 Faxit
775 835 921 890 Deus
972 842 1030 887 ut
1080 831 1257 895 ﬁrmi,
1304 829 1532 885 stabiles
1576 835 1632 880 et
1695 823 1908 879 immoti

341 947 687 993 maneamus,
740 943 909 1000 supra
966 926 1180 979 ﬁrmam
1241 929 1450 991 petram
1508 917 1748 979 fundati,
1790 930 1910 986 qum

340 1029 598 1083 Christus
638 1033 767 1081 est:
802 1035 965 1093 quem
1001 1019 1160 1074 decet
1211 1016 1407 1086 gloria,
1445 1013 1620 1066 honor
1675 1018 1728 1064 et
1778 1009 1912 1063 ado-

341 1123 480 1175 ratio
514 1134 638 1172 cum
687 1115 849 1170 Patre
900 1120 954 1168 et
1007 1110 1216 1179 Spiritu
1265 1115 1478 1170 sancto,
1517 1119 1685 1167 nunc,
1722 1109 1776 1156 et
1818 1115 1913 1170 per

341 1212 554 1275 inﬁnita
589 1207 786 1264 saecula
815 1205 1166 1260 saeculorum.
1197 1200 1392 1255 Amen.

2016 823 2316 892 ἀκαμπεῖς,
2347 816 2675 885 ἀκλονήτους
2704 812 3003 882 διαμένειν,
3038 811 3130 862 ἐπὶ
3159 811 3361 880 πέτραν
3390 808 3625 878 ὀχυρὰν

2018 909 2472 982 ἐστηριγμένους,
2491 908 2612 976 qu;
2634 905 2780 958 ἐστὶν
2814 905 2843 956 6
2875 902 3132 976 Χριστὸς,
3152 895 3196 969 ᾧ
3224 902 3428 971 πρέπει
3447 900 3622 963 δόξα,

2019 1003 2113 1055 καὶ
2143 1000 2296 1069 τιμὴ,
2362 999 2456 1053 καὶ
2487 994 2877 1066 προσκύνησις,
2929 994 3026 1046 σὺν
3069 991 3146 1063 τῷ
3177 994 3351 1063 Πατρὶ
3391 993 3489 1044 καὶ
3531 989 3626 1057 τῷ

2023 1092 2320 1161 Πνεύματι,
2352 1088 2446 1143 νῦν
2482 1088 2577 1141 καὶ
2619 1087 2727 1152 ἀεὶ,
2757 1086 2835 1148 εἰς
2866 1085 2993 1147 τοὺς
3029 1083 3367 1156 ἀπεράντους
3396 1083 3628 1144 αἰῶνας

2019 1184 2126 1238 τῶν
2148 1182 2378 1238 αἰώνων.
2415 1181 2471 1232 Ἀ
2481 1180 2606 1251 μήν.

348 1358 2803 1408 ________________________________________..._.__

774 1531 1000 1622 ΤΟΥ
1077 1492 1410 1614 ΑΓιοΥ
1483 1520 1960 1608 ιΩΑΝΝΟι

2057 1514 2286 1600 ΤΟΥ
2364 1508 3144 1600 ΔΑΜΑΣΚΗΝΟΥ

1655 1700 1869 1754 ΛΟΓΟΣ
1935 1696 2290 1751 ΔΕΥΤΕΡΟΣ

1160 1867 1348 1920 ΠΡΟΣ
1390 1864 1575 1919 ΤΟΥΣ
1607 1857 2150 1918 ΔΙΑΒΑΛΛΟΝΤΑΣ
2178 1855 2406 1908 ΑΓΙΑΣ
2467 1850 2791 1906 ΕιΚΟΝΔΣ.

1051 2199 1175 2310 S.
1345 2188 1938 2310 JOANNIS

2095 2167 2910 2301 DAMASCENI

1815 2411 2073 2467 ORATIO
2112 2411 2156 2465 ll

943 2578 1338 2642 ADVERSUS
1390 2576 1530 2636 EOS
1587 2575 1721 2646 QUI
1796 2572 2080 2636 SACRAS
2160 2569 2533 2639 IMAGINES
2603 2551 3027 2630 ABJICIUNT.

433 2882 486 2936 ι.
523 2878 780 2935 Poscenti
830 2875 1048 2931 veniam
1083 2874 1376 2945 ignoscite,
1415 2872 1622 2928 domini
1654 2873 1785 2938 mei,
1811 2881 1865 2928 et
1902 2888 1932 2926 a

2104 2870 2174 2926 σι’.
2218 2872 2346 2923 Δότε
2379 2869 2712 2938 συγγνώμην
2763 2866 3023 2927 αἰτοῦντι,
3074 2863 3334 2918 δεσπόται
3365 2879 3496 2932 μου,
3525 2863 3634 2917 καί

362 2988 453 3027 me
483 2971 662 3026 inutili
693 2969 1033 3036 minimoque
1064 2963 1158 3020 Dei
1195 2964 1404 3020 famulo
1433 2965 1814 3035 explieatioris
1845 2980 1937 3018 ve-

364 3063 548 3117 ritatis
577 3059 742 3115 verba
777 3057 1064 3127 suscipite.
1110 3056 1230 3111 Non
1259 3057 1402 3112 enim
1445 3057 1632 3126 gloria:
1656 3057 1940 3128 captandae

365 3154 570 3219 studio,
603 3153 708 3215 vel,
737 3160 794 3207 ut
818 3151 1023 3221 aliquid
1053 3167 1177 3206 esse
1203 3151 1392 3204 videar
1413 3150 1582 3218 (Deus
1622 3150 1779 3204 testis
1810 3151 1936 3217 est),

367 3241 463 3296 sed
497 3240 743 3296 veritatis
781 3255 1050 3293 accensus
1083 3238 1200 3292 zelo
1225 3277 1238 3302 ,
1273 3238 1336 3290 ad
1370 3237 1666 3290 dicendum
1707 3236 1936 3290 accessi.

369 3332 426 3385 in
464 3333 567 3384 hoc
590 3330 737 3384 enim
773 3329 969 3383 salutis
997 3342 1128 3381 mea:
1149 3342 1299 3394 spem
1327 3327 1611 3388 collocavi,
1641 3334 1694 3379 et
1725 3340 1849 3380 cum
1877 3341 1941 3378 eo

367 3422 587 3476 obviam
629 3434 716 3472 me
751 3417 974 3472 Christo
1012 3416 1248 3470 Domino
1293 3416 1500 3468 iturum
1532 3431 1718 3487 spero,
1747 3416 1942 3471 arden-

368 3515 529 3581 tique
569 3525 798 3581 prorsus
827 3507 1013 3564 studio
1052 3506 1349 3573 desidero;
1391 3523 1564 3562 meam
1596 3508 1739 3561 hanc
1769 3522 1942 3562 aemu-

369 3603 631 3655 lationem
669 3600 772 3669 ipsi
818 3597 1061 3652 oﬁ'crens
1098 3596 1149 3650 iu
1187 3595 1557 3665 expiationem
1595 3612 1786 3652 eorum
1819 3612 1943 3667 qua:

369 3694 559 3763 inique
612 3691 718 3761 egi.
766 3687 904 3742 Nam
948 3688 1046 3758 qui
1095 3701 1124 3740 a
1178 3686 1411 3742 Domino
1456 3688 1702 3759 quinque
1735 3689 1942 3743 talenta

370 3791 679 3856 acceperat,
709 3783 815 3836 alia
849 3781 1100 3851 quinque
1150 3795 1274 3850 qua:
1317 3780 1566 3836 lucratus
1607 3781 1808 3848 fuerat,
1841 3783 1942 3838 ob-

371 3879 495 3932 tulit
517 3876 565 3908 “
593 3895 609 3945 ;
639 3883 694 3931 et
727 3875 822 3944 qui
858 3873 988 3939 duo,
1017 3873 1281 3940 totidem;
1306 3873 1398 3944 qui
1423 3889 1554 3928 vero
1589 3890 1757 3929 unum
1780 3888 1943 3930 acce-

369 3975 543 4038 perat,
569 3982 695 4021 cunt
727 3965 860 4020 illud
881 3963 1030 4033 quod
1065 3963 1118 4018 in
1152 3974 1354 4018 terram
1389 3962 1618 4027 foderat,
1643 3965 1763 4020 sine
1792 3981 1944 4020 emo-

371 4059 618 4114 lumento
656 4056 1000 4126 protulisset,
1035 4070 1229 4109 servus
1263 4054 1440 4110 malus
1474 4054 1731 4120 audiens,
1768 4057 1822 4110 in
1850 4071 1946 4110 ex-

369 4149 604 4204 teriores
637 4147 892 4202 tenebras
929 4147 1188 4200 detrusus
1231 4153 1338 4200 est.
1374 4145 1541 4216 Atqui
1591 4147 1646 4200 id
1697 4148 1944 4217 quidem,

2038 2963 2261 3028 δέξασθε
2292 2960 2666 3032 πληροφορίας
2708 2959 2886 3026 λόγον,
2933 2956 3066 3026 παρ’
3090 2955 3226 3026 ἐμοῦ
3272 2954 3365 3007 τοῦ
3393 2954 3634 3027 ἀχρείου

2041 3060 2137 3112 καὶ
2164 3056 2449 3126 ἐλαχίστου
2481 3053 2668 3105 δούλου
2697 3054 2796 3121 τῆς
2826 3050 2921 3103 τοῦ
2953 3049 3086 3102 Θεοῦ
3139 3047 3490 3118 Ἐκκλησίας.
3545 3049 3633 3101 οὐ

2042 3151 2150 3219 γὰρ
2178 3146 2334 3216 δόξης
2362 3145 2567 3208 ἕνεκεν,
2589 3143 2623 3213 ἣ
2655 3140 3040 3210 φανητιασμοῦ
3062 3140 3197 3212 πρὲις
3222 3138 3284 3192 τὺ
3306 3139 3492 3208 λέγειν
3515 3139 3637 3209 ὧρ-

2047 3256 2195 3310 μησα
2218 3255 2232 3270 '
2256 3238 2386 3300 Θεὸς
2415 3238 2623 3307 μάρτυς
2644 3251 2658 3265 '
2688 3233 2823 3287 ἁλλά
2843 3233 2990 3303 ζήλῳ
3017 3231 3296 3302 ἀληθείας.
3321 3231 3498 3284 Αὐτὸν
3517 3232 3633 3299 γὰρ

2047 3334 2207 3403 μόνον
2244 3329 2434 3382 ἐλπίδα
2483 3327 2758 3398 σωτηρίας
2819 3325 3116 3396 κέκτημαι,
3179 3324 3274 3377 καὶ
3321 3325 3418 3376 σὺν
3474 3325 3631 3394 αὐτῷ

2043 3423 2349 3493 ὑπαντῆσαι
2375 3419 2452 3490 τῷ
2473 3419 2716 3488 Δεσπότῃ
2746 3416 2989 3489 Χριστῷ,
3012 3415 3218 3480 ἐλπίζω
3238 3416 3334 3468 καὶ
3365 3415 3630 3486 εὔχομαι,

2043 3513 2231 3567 τοῦτον
2260 3509 2410 3580 αὑτῷ
2457 3507 2804 3578 προσφέρων,
2849 3506 2958 3558 τῶν
2996 3507 3216 3571 ἀτόπως
3251 3523 3341 3575 μοι
3368 3508 3632 3577 πεπλημ-

2048 3605 2371 3678 μελημένων
2400 3601 2655 3671 γενέσθαι
2686 3599 2947 3668 ὲξίλασμα
2971 3615 2984 3629 ·
3019 3601 3047 3653 6
3079 3600 3178 3670 μὲν
3209 3601 3315 3670 γὰρ
3353 3599 3419 3652 τὰ
3459 3601 3626 3652 πέντε

2043 3697 2281 3750 τάλαντα
2305 3693 2454 3764 παρὰ
2473 3691 2569 3745 τοῦ
2596 3691 2867 3751 Δεσπότου
2887 3689 3088 3753 λαϐὼν,
3123 3689 3286 3758 ἕτερα
3308 3689 3472 3741 πέντε
3511 3705 3631 3758 κερ-

2043 3789 2230 3859 δήσας,
2264 3785 2604 3858 προσήγαγε·
2634 3783 2728 3845 καὶ
2757 3783 2784 3834 6
2812 3780 2882 3833 τὰ
2903 3779 3016 3845 δύο,
3055 3779 3319 3851 ἰσάριθμα
3344 3778 3541 3832 δύο.⁹Ο
3574 3780 3629 3830 δὲ

2043 3882 2104 3935 τὸ
2127 3877 2458 3951 ἓνείληφὼς,
2510 3874 2832 3947 κατορύξας,
2861 3874 2954 3934 καὶ
2979 3873 3224 3944 ἄκαρπον
3275 3872 3635 3942 τοῦτονπροε-

2045 3969 2291 4043 αγαγὼν,
2343 3969 2578 4041 πονηρὸς
2606 3968 2790 4031 δοῦλος
2829 3963 3088 4030 ἀκούσας,
3122 3965 3202 4026 εἰς
3244 3965 3305 4016 τὸ
3359 3962 3627 4034 ἐξώτερον

2047 4063 2440 4133 κατακέκριται
2464 4062 2677 4124 σκότος.
2713 4061 2891 4128 Ὅπερ
2931 4056 3040 4127 ἐγὼ
3078 4057 3153 4128 μὴ
3183 4057 3376 4110 παθεῖν
3407 4057 3629 4128 ὑφορώ-

2051 4173 2210 4228 μενος
2239 4155 2317 4226 τῷ
2373 4152 2685 4223 Δεσποτικῷ
2734 4151 2944 4205 ὑπείκω
2997 4149 3403 4219 προστάγματι,
3438 4149 3538 4201 καὶ
3573 4149 3630 4200 τὸ

371 4256 440 4296 ne
469 4241 602 4294 mihi
651 4240 1000 4310 contingeret
1033 4239 1267 4302 veritus,
1307 4238 1523 4292 Domini
1568 4238 1744 4308 jussis
1773 4240 1940 4295 obsc-

2048 4224 2327 4315 δεδομένον
2378 4259 2468 4312 μοι
2495 4242 2624 4313 παρ’
2649 4240 2816 4296 αὐτοῦ
2845 4239 2940 4294 τοῦ
2969 4240 3129 4308 λόγου
3160 4239 3453 4301 τάλαντον,
3500 4240 3630 4307 ὑμῖν

372 4345 532 4400 quor,
565 4338 618 4384 et
656 4330 934 4385 sermonis
987 4330 1257 4384 talentum
1317 4329 1462 4398 quod
1520 4330 1659 4386 mihi
1711 4331 1780 4385 ab
1827 4331 1948 4401 ipso

371 4423 726 4478 commissum
774 4430 878 4487 est,
932 4421 1077 4492 apud
1135 4436 1233 4477 vos
1282 4422 1583 4491 prudentes
1634 4424 1949 4479 mensarios

371 4513 610 4584 depono,
654 4521 714 4568 ut
745 4528 871 4568 cum
919 4512 1184 4567 Dominus
1231 4527 1387 4567 meus
1429 4513 1734 4580 advenerit,
1775 4516 1949 4570 multo

371 4603 506 4658 illud
557 4604 869 4657 animarum
933 4601 1122 4656 fenore
1146 4609 1414 4669 auctum,
1476 4618 1674 4674 meque
1733 4605 1946 4660 ﬁdelem

369 4708 592 4749 servum
628 4693 888 4762 inveniat,
917 4703 971 4748 et
998 4695 1052 4747 in
1077 4695 1485 4764 optatissimum
1516 4697 1944 4751 suavissimum-

372 4802 481 4857 que
516 4787 776 4856 gaudium
811 4802 972 4842 suum
1012 4787 1352 4843 introduc-at.
1381 4787 1512 4843 Mihi
1543 4790 1732 4860 itaque
1765 4799 1947 4846 atten~

372 4886 458 4934 tas
485 4894 648 4934 aures
680 4879 914 4949 praebete
947 4897 959 4934 :
995 4881 1257 4949 expansis
1289 4883 1541 4935 cordium
1573 4883 1797 4947 mensis,
1829 4899 1947 4937 ser-

373 4983 588 5024 monem
616 4985 797 5024 meum
837 4970 1095 5040 excipite,
1123 4972 1530 5041 verborumque
1558 4988 1801 5028 meorum
1837 4975 1943 5028 vim

372 5075 532 5128 mquo
563 5060 892 5130 sinceroque
922 5062 1106 5117 animo
1144 5071 1392 5132 pensate.
1439 5063 1583 5129 Quin
1627 5072 1685 5118 ut
1712 5064 1942 5120 alteram

373 5148 516 5203 hanc
570 5165 670 5220 pro
726 5151 1059 5223 imaginibus
1111 5153 1560 5210 dissertationem
1621 5155 1940 5220 scriberem,

371 5238 507 5293 mihi
538 5255 933 5310 suggesserunt
953 5244 1173 5313 quidam
1200 5243 1462 5300 Ecclesia:
1493 5245 1586 5298 lilii
1618 5253 1670 5299 et
1698 5245 1941 5312 alumni;

371 5330 500 5398 quia
531 5331 947 5401 intelligent-iam
982 5334 1183 5403 prioris
1215 5335 1371 5390 mulli
1400 5337 1536 5391 satis
1570 5337 1812 5391 assecuti
1834 5353 1942 5390 non

373 5431 576 5474 essent.
615 5419 981 5487 Quamobrem
1031 5424 1134 5477 hoc
1169 5426 1298 5477 item
1349 5425 1482 5478 mihi
1521 5425 1684 5480 velim
1733 5425 1942 5481 condo-

379 5516 523 5574 natc,
557 5511 880 5566 obcdientia:
913 5513 1102 5567 munia
1132 5514 1380 5568 obcnnti.

448 5662 492 5693 “
524 5663 714 5717 Matth.
743 5682 866 5733 xxv,
891 5671 984 5723 9.0.

2045 4334 2394 4405 παρατίθημι
2413 4336 2524 4396 τοῖς
2557 4334 2839 4405 φρονίμοις
2861 4330 3244 4402 τραπεζίταιςο
3281 4330 3430 4393 ὅπως
3459 4329 3632 4382 ἐλθὼν

2045 4430 2073 4481 6
2107 4427 2310 4498 Κύριός
2340 4444 2465 4498 μου,
2509 4425 2658 4498 εὕροι
2686 4425 3263 4494 πολυπλασιαζόμενον
3284 4464 3300 4487 ,
3331 4424 3427 4476 καὶ
3470 4424 3630 4476 τόκον

2045 4519 2428 4591 καρποφοροὖν
2461 4518 2670 4588 ψυχῶν,
2700 4519 2794 4571 καὶ
2837 4517 3022 4570 δοῦλον
3063 4514 3254 4569 πιστὸν
3286 4513 3488 4583 εὑρὼν,
3516 4515 3628 4565 εἱσ-

2047 4612 2230 4680 αγάγῃ
2264 4627 2331 4679 με
2370 4611 2450 4672 είς
2470 4608 2566 4678 τὴν
2603 4605 2995 4678 πεποθημένην
3031 4622 3122 4675 μοι
3156 4603 3505 4672 γλυκυτάτην
3534 4619 3632 4670 χα-

2054 4704 2152 4773 ρὰν
2192 4700 2378 4755 αὑτοῦ.
2433 4700 2592 4753 Ἀλλά
2635 4699 2754 4752 δότε
2790 4716 2880 4768 μοι
2917 4693 3011 4761 οὖς
3041 4697 3380 4768 ἀκροάσεως,
3406 4695 3503 4746 καὶ
3530 4694 3631 4753 τὰς

2049 4793 2324 4866 τραπέζας
2345 4792 2453 4846 τῶν
2486 4792 2723 4862 καρδιῶν
2767 4790 3233 4851 ἀναπετάσαντες,
3264 4784 3491 4850 δέξασθέ
3527 4801 3625 4853 μου

2049 4887 2140 4940 τὸν
2163 4887 2343 4953 λόγον,
2370 4886 2463 4939 καὶ
2504 4883 2809 4956 εἰλικρινῶς
2835 4881 3147 4954 διακρίνατε
3182 4880 3293 4934 τῶν
3317 4877 3624 4948 λεγομένων

2051 4978 2148 5048 τὴν
2169 4977 2417 5047 δύναμιν.
2446 4975 2707 5045 Δεύτερον
2735 4975 2791 5026 δὲ
2812 4974 3001 5028 τοῦτον
3017 4974 3110 5026 τὸν
3138 4971 3295 5042 λόγον
3327 4970 3456 5040 περὶ
3483 4968 3622 5021 εἰκό-

2053 5089 2159 5124 νων
2184 5071 2471 5137 συνέταξα.
2498 5071 2654 5134 Τινὲς
2675 5070 2783 5140 γὰρ
2809 5070 2918 5124 τῶν
2941 5067 3149 5122 τέκνων
3163 5067 3263 5137 τῆς
3306 5063 3622 5134 Ἐκκλησίας

2051 5159 2312 5213 ὑπέθεντο
2360 5178 2449 5232 μοι
2484 5162 2644 5214 τοῦτο
2667 5160 2915 5230 ποιῆσαι,
2956 5159 3045 5212 διὰ
3071 5158 3132 5210 τὸ
3169 5157 3243 5227 μὴ
3275 5157 3419 5219 πάνυ
3451 5150 3618 5205 εὐδιά-

2051 5266 2293 5318 γνωστον
2335 5253 2448 5313 τοῖς
2482 5250 2694 5314 πολλοῖς
2725 5251 2816 5303 τὸν
2841 5250 3056 5321 πρῶτον
3090 5244 3230 5302 εἶναι
3249 5265 3262 5277 ·
3294 5245 3428 5300 ἀλλά
3453 5247 3544 5298 καὶ
3565 5242 3618 5292 ἐν

2052 5338 2222 5405 τούτῳ
2247 5338 2522 5408 σύγγνωτε
2553 5357 2664 5411 μοι,
2695 5341 2944 5409 ὑπακοὴν
2968 5337 3409 5409 ἐκπληρώσαντι.
