3864 6198
295 305 428 370 1285

1388 313 1483 372 DE
1524 312 1981 374 IMAGINIBUS
2019 315 2301 375 ORATIO
2337 318 2417 377 II.

3410 327 3544 393 1236

358 414 422 486 βὀ
459 414 621 478 Ἕοος
654 415 822 480 ἐστὶν,
855 410 900 470 ὦ
928 421 1223 490 ἀγαπητοὶ,
1255 420 1332 492 τῷ
1364 420 1611 492 φθονερῷ
1643 421 1737 474 καὶ
1771 423 1855 491 ἁρ-

2042 423 2099 474 2.
2139 423 2309 478 Invidi
2341 424 2630 492 serpentis,
2670 426 3024 496 omniumque
3058 431 3324 486 malorum
3356 447 3547 489 aucto-

287 508 503 578 χεκάκῳ
529 508 670 576 θφει,
697 505 774 577 τῷ
801 507 1033 581 διαϐόλῳ
1077 513 1240 583 φημὶ,
1297 513 1651 584 πολυτρόπως
1703 514 1862 565 πολε-

288 600 408 668 μεῖν
437 597 516 667 τῷ
541 597 664 650 κατ’
703 598 890 653 εἰκόνα
925 599 1064 652 Θεοῦ
1108 600 1612 675 πλαστουργηθέντι
1652 602 1864 673 ἀνθρώο

284 705 391 758 πῳ,
425 688 520 740 καὶ
558 687 646 740 διά
681 688 790 742 τῶν
819 689 1078 742 ἐναντίων
1107 691 1196 744 τὸν
1232 693 1398 745 αὑτοῦ
1424 692 1862 764 κατεργάζεσθαι

284 779 533 831 θάνατον.
567 777 746 841 Εὐθὺς
793 781 894 850 μὲν
923 780 1032 851 γάρ
1066 782 1123 836 ὲν
1154 783 1297 854 ἀρχῇ
1328 783 1519 836 ἐλπίδα
1552 783 1648 837 καὶ
1677 784 1864 837 ἐπιθυ-

285 865 411 938 μίαν
434 865 684 930 θεώσεως
709 867 860 937 αὑτῷ
894 869 1200 940 ὲνέσπειρε,
1229 871 1323 924 καὶ
1355 871 1424 924 δι’
1446 871 1638 942 αὐτῆς,
1667 873 1750 936 είς
1773 875 1864 927 τὸν

278 959 387 1012 τῶν
436 957 649 1026 ἀλόγων
702 961 981 1030 κατήγαγε
1012 961 1241 1015 θάνατον
1271 977 1283 991 ·
1318 962 1379 1014 ού
1433 962 1561 1032 μὴν,
1598 963 1735 1017 ἀλλὰ
1769 965 1864 1016 καὶ

279 1051 534 1120 αίσχραῖς
583 1049 677 1102 καὶ
710 1050 928 1118 ἀλόγοις
978 1051 1196 1122 ἡδοναῖς
1231 1053 1496 1116 πολλάκις
1539 1054 1702 1107 αὑτὸν
1746 1055 1861 1107 ἐδε-

276 1140 462 1194 λέασε.
489 1140 661 1193 Πόσον
690 1141 748 1194 δὲ
777 1142 838 1195 τὸ
873 1143 1037 1212 μέσον
1077 1143 1349 1207 θεώσεως,
1394 1146 1489 1197 καὶ
1514 1143 1710 1213 ἀλόγου
1742 1146 1863 1196 ἐπι-

277 1234 504 1303 θυμίαςί
543 1232 655 1286 Καὶ
690 1233 822 1287 ποτὲ
859 1234 996 1304 μὲν,
1037 1236 1116 1298 είς
1152 1234 1419 1305 ἀθεότητα
1447 1236 1646 1306 ἤγαγε,
1681 1235 1864 1299 καθώς

276 1341 444 1394 φησιν
487 1326 516 1378 ὁ
557 1325 848 1396 θεοπάτωρ
897 1324 1086 1378 Δαϐίδ’
1119 1344 1138 1375 ι
1173 1320 1338 1379 Εἶπεν
1369 1325 1558 1395 ἄφρων
1588 1327 1644 1378 ἐν
1669 1325 1865 1396 καρδίᾳ

277 1413 470 1467 αὑτοῦ·
512 1415 628 1466 Οὑκ
671 1413 788 1465 ἔστι
813 1413 966 1477 Θεός.
1006 1433 1023 1462 ι
1059 1414 1196 1468 Ποτὲ
1227 1414 1281 1466 δὲ
1309 1415 1389 1478 είς
1416 1415 1736 1468 πολυθεΐανο
1769 1402 1863 1468 mit

279 1504 410 1558 ποτὲ
459 1505 579 1573 μὲν,
619 1504 754 1575 μηδὲ
783 1505 874 1557 τὸν
909 1503 1072 1573 φύσει
1108 1505 1239 1560 Θεὸν
1267 1507 1592 1576 προσκυνεῖν
1642 1505 1858 1558 ἔπεισε·

278 1597 412 1650 ποτὲ
441 1597 521 1663 δὲ,
549 1597 832 1666 δαίμοσιν’
867 1598 948 1651 ἔτι
997 1597 1089 1662 δὲ,
1123 1599 1339 1671 οὐρανῷ
1381 1616 1441 1650 τε
1472 1598 1566 1653 καὶ
1597 1601 1693 1670 γῇ,
1724 1598 1862 1670 ἡλίῳ

276 1706 338 1743 τε
374 1688 472 1744 καὶ
504 1687 728 1760 σελήνῃ,
780 1690 874 1742 καὶ
925 1689 1180 1760 ἄστρασι,
1213 1689 1308 1742 καὶ
1339 1691 1405 1761 τῇ
1457 1689 1618 1760 λοιπῇ
1661 1689 1858 1756 κτίσει,

1970 515 2046 569 ris
2070 513 2158 568 hic
2191 530 2310 569 mos
2351 524 2462 578 est,
2497 515 2870 580 dilectissimi,
2914 529 2976 571 ut
3006 520 3072 572 ad
3106 521 3397 593 imaginem
3449 528 3542 582 Dei

1969 605 2263 659 formatum
2301 606 2578 662 hominem
2620 607 2804 663 modis
2838 609 3012 664 variis
3053 612 3359 684 impugnet,
3393 633 3544 672 mor-

1967 705 2185 766 lemque
2245 699 2348 768 ipsi
2389 699 2689 753 contrariis
2749 699 2963 756 artibus
3025 701 3247 757 inferat.
3308 707 3367 761 ln
3424 710 3545 779 ips'o

1966 789 2242 856 siquidem
2290 805 2475 843 rerum
2524 791 2755 845 exordio
2806 805 2959 861 spem
2993 792 3069 846 illi
3101 802 3154 848 et
3187 798 3545 866 cupiditatem

1967 881 2287 936 affectandze
2341 883 2649 938 divinitatis
2688 884 3006 954 inspiravit,
3054 903 3154 956 per
3206 905 3368 958 quam
3418 909 3544 948 eum

1965 972 2122 1042 331
2163 973 2215 1026 in
2251 973 2536 1028 brutorum
2572 977 2938 1032 animantium
2966 988 3200 1035 mortem
3236 985 3541 1050 pertraxit:

1966 1062 2146 1131 ipsum
2194 1080 2414 1134 quoque
2463 1066 2696 1136 impuris
2743 1068 3118 1140 helluinisque
3169 1074 3545 1144 voluptatibus

1964 1151 2260 1222 deceptum
2291 1155 2497 1224 saepius
2531 1156 2727 1210 illexit.
2752 1155 2928 1212 Porro
2963 1175 3126 1228 quam
3162 1161 3420 1218 immanis
3452 1165 3546 1218 illa

1965 1244 2228 1300 distantia
2271 1247 2616 1302 divinitatem
2665 1249 2813 1304 inter
2853 1259 2905 1305 et
2941 1250 3164 1306 brutam
3212 1252 3537 1309 libidinem!

1964 1336 2278 1405 Aliquando
2303 1339 2525 1408 quidem
2563 1341 2612 1394 ei
2639 1342 2946 1410 persuasit,
2994 1351 3053 1396 ut
3085 1343 3255 1398 Deum
3301 1346 3542 1417 abnega—

1966 1436 2068 1482 ret.
2101 1429 2193 1482 Ait
2221 1430 2364 1483 enim
2403 1429 2495 1484 Dei
2530 1446 2731 1500 parens
2767 1429 2938 1485 David
2974 1450 2987 1487 :
3027 1451 3045 1482 ι
3089 1432 3236 1488 Dixit
3270 1435 3540 1506 insipiens

1966 1517 2020 1570 in
2067 1519 2234 1573 corde
2267 1534 2368 1574 suo
2398 1536 2411 1571 :
2441 1520 2560 1574 Non
2595 1529 2681 1577 est
2721 1521 2864 1577 Deus
2898 1523 2965 1576 ’⁵.
3019 1542 3038 1574 ι
3069 1523 3206 1577 Tum
3234 1525 3399 1579 etiam
3438 1527 3540 1579 ho-

1965 1609 2192 1676 minem,
2225 1620 2283 1665 ιιι
2331 1615 2518 1680 plures
2549 1614 2681 1668 deos
2715 1615 2948 1680 coleret,
2986 1614 3216 1669 adduxit
3244 1633 3257 1670 :
3290 1618 3541 1686 quando-

1964 1715 2072 1770 que
2107 1709 2311 1766 autem,
2355 1711 2414 1757 ut
2454 1719 2520 1758 ne
2545 1704 2622 1758 illi
2655 1706 2873 1775 quidem
2901 1707 2997 1776 qui
3026 1715 3227 1761 natura
3264 1707 3406 1764 Deus
3430 1720 3536 1773 est,

280 1780 443 1851 μέχρι
479 1779 571 1832 καὶ
596 1779 884 1833 κνωδάλων
925 1780 1018 1832 καὶ
1042 1779 1290 1851 ἑρπετῶν
1339 1783 1666 1851 προσκυνεῖν
1712 1797 1855 1852 παρ-

1961 1767 2298 1860 procideret,
2347 1793 2628 1862 persuasit
2660 1767 2986 1850 {interdum
3036 1804 3096 1850 ut
3131 1797 3416 1854 dznmones
3455 1767 3538 1868 ip;

276 1869 595 1927 εσκεύασεν.
641 1869 876 1940 Ὁμοίως
915 1871 1023 1940 γάρ
1072 1872 1187 1923 ἐστι
1221 1871 1478 1940 χαλεπὸν,
1537 1871 1630 1924 καὶ
1662 1870 1722 1924 τὸ
1750 1873 1863 1934 τοῖς

273 1963 480 2031 τιμίοις
508 1964 606 2033 τὴν
637 1961 995 2032 ὀφειλομένην
1024 1961 1099 2032 μὴ
1131 1963 1431 2032 προσάγειν
1461 1963 1646 2034 τιμὴν,
1677 1963 1772 2017 καὶ
1800 1964 1860 2017 τὸ

273 2057 388 2118 τοῖς
419 2053 662 2125 ,ἀτίμοις
709 2054 808 2125 τὴν
859 2054 934 2124 μὴ
976 2056 1365 2126 προσήκουσαν
1415 2056 1860 2126 ὑπερϐάλλουσαν

275 2147 614 2216 προσάπτειν
651 2146 830 2212 δόξαν.
873 2146 1064 2210 Πάλιν,
1090 2146 1243 2210 τινας
1278 2146 1378 2216 μὲν
1421 2145 1756 2216 συνάναρχον
1781 2144 1857 2215 τῷ

273 2236 392 2306 Θεῷ
424 2237 524 2307 τὴν
553 2236 753 2289 κακίαν
787 2235 968 2304 λέγειν
996 2235 1220 2299 ἐδίδαξε.
1249 2235 1291 2285 Τ
1299 2234 1414 2298 ινάς
1451 2233 1527 2298 δὲ,
1563 2233 1735 2286 αἴτιον
1756 2233 1856 2302 τῆς

274 2328 477 2390 κακίας
509 2326 599 2379 τὸν
633 2325 792 2395 φύσει
818 2325 1021 2394 ἀγαθὸν
1044 2325 1178 2379 Θεὸν
1203 2325 1487 2394 ὁμολογεῖν
1515 2322 1851 2393 ἐξηπάτησε·

272 2419 368 2473 καὶ
394 2417 488 2481 οὓς
520 2417 637 2487 μὲν,
687 2417 818 2488 μίαν
871 2417 1056 2488 φύσιν,
1104 2417 1201 2470 καὶ
1256 2416 1387 2486 μίαν
1433 2416 1730 2468 ὑπόστασιν
1757 2414 1854 2484 τῆς

270 2507 528 2577 θεότητος
578 2508 829 2577 ἀφρόνως
859 2506 1039 2574 λέγειν
1070 2506 1375 2576 ἐπλάνησεν
1394 2521 1408 2537 ·
1454 2503 1548 2568 οὓς
1597 2504 1674 2567 δὲ,
1705 2504 1856 2574 τρεῖς

271 2599 468 2668 φύσεις
487 2599 582 2651 καὶ
615 2600 764 2668 τρεῖς
791 2597 1119 2660 ὑποστάσεις
1145 2596 1404 2666 ἁθέσμως
1428 2597 1610 2648 σέϐειν
1639 2594 1854 2648 ἐνόθευ-

272 2709 373 2746 σε·
400 2693 492 2744 καὶ
516 2692 632 2745 τισὶ
675 2691 812 2761 μὲν,
857 2690 984 2760 μίαν
1029 2690 1328 2744 ὑπόστασιν
1375 2689 1468 2741 καὶ
1515 2687 1645 2757 μίαν
1695 2687 1857 2756 φύσιν

271 2785 366 2837 τοῦ
395 2784 601 2854 Κυρίου
627 2783 784 2853 ἡμῶν
827 2779 1002 2851 Ἰησοῦ
1024 2781 1283 2852 Χριστοῦ,
1307 2780 1401 2832 τοῦ
1431 2779 1548 2842 ένὸς
1576 2781 1675 2847 τῆς
1697 2777 1856 2847 ἁγίας

271 2875 525 2940 Τριάδος,
559 2873 671 2926 τισὶ
697 2873 754 2926 δὲ
780 2871 873 2925 δύο
903 2872 1115 2941 φύσεις,
1152 2872 1247 2924 καὶ
1275 2869 1368 2922 δύο
1403 2869 1730 2932 ὑποστάσεις
1756 2868 1850 2924 τοῦ

271 2966 437 3019 αὑτοῦ
469 2965 710 3032 δοξάζειν
735 2964 986 3019 ὑπέθετο.

1959 1895 2050 1933 sos
2082 1881 2364 1944 ad'oraret,
2395 1899 2458 1937 ac
2488 1893 2756 1952 prazterea
2775 1887 2990 1946 .crelnm
3023 1895 3076 1941 et
3111 1898 3337 1954 terram,
3367 1892 3536 1944 solem

1957 1978 2010 2023 et
2059 1969 2265 2035 lunam,
2301 1971 2626 2042 stellasque,
2660 1988 2878 2029 omnem
2912 1976 3152 2046 denique
3201 1988 3534 2044 creaturam,

1955 2058 2252 2128 nequidem
2291 2061 2666 2118 animantibus
2696 2063 2834 2134 ipsis
2865 2072 2919 2118 et
2949 2067 3239 2134 reptilibus
3265 2070 3533 2137 exceptis.

1952 2147 2142 2218 Neque
2179 2151 2326 2204 enim
2360 2150 2650 2208 dissimilis
2683 2163 2766 2208 est
2795 2154 2988 2226 ﬂagitii
3011 2157 3286 2212 honorem
3321 2159 3388 2212 iis
3425 2173 3532 2212 non

1960 2239 2243 2304 exhibere,
2296 2257 2418 2312 qua:
2462 2242 2583 2312 ejus
2614 2243 2780 2314 digna
2812 2256 2960 2311 sunt,
2997 2261 3060 2300 ac
3109 2247 3316 2303 nullius
3371 2249 3535 2317 pretii

1962 2330 2148 2394 rebus,
2199 2331 2426 2386 minime
2471 2345 2866 2402 congruentem
2921 2336 3389 2407 immodicamque
3417 2339 3537 2408 glo-

1960 2419 2099 2473 riam
2136 2421 2405 2478 tribuere.
2433 2421 2572 2476 Aliis
2606 2422 2799 2488 Deum,
2838 2426 2932 2494 qui
2974 2434 3171 2495 suapte
3201 2437 3399 2480 natura
3435 2429 3536 2482 bo-

1960 2527 2068 2566 nus
2107 2519 2212 2576 est,
2247 2528 2372 2568 esse
2407 2521 2689 2569 auctorem
2737 2517 2890 2570 mali.
2943 2515 3250 2574 Nonnullos
3285 2521 3340 2574 in
3388 2520 3538 2574 hunc

1960 2617 2203 2658 errorem
2235 2604 2487 2671 adduxit,
2549 2616 2608 2660 nt
2645 2622 2942 2676 personam
2983 2625 3144 2663 unam
3194 2611 3250 2664 in
3307 2611 3532 2672 deitate,

1963 2693 2193 2760 perinde
2225 2703 2390 2764 atque
2431 2705 2687 2750 naturam
2719 2711 2884 2751 unam
2923 2699 3116 2752 insane
3147 2700 3548 2768 prazdicarcnt.,

1959 2781 2239 2846 Quosdam
2269 2785 2342 2838 ita
2373 2785 2615 2856 decepit,
2653 2794 2712 2838 ut
2747 2802 2854 2842 non
2898 2795 3014 2843 tres
3043 2803 3308 2857 personas
3346 2791 3530 2856 modo,

1959 2889 2149 2929 verum
2186 2875 2353 2930 etiam
2392 2884 2508 2930 tres
2542 2885 2773 2934 naturas
2803 2877 3012 2932 nefarie
3058 2880 3330 2934 colerent.
3391 2879 3534 2949 Sug-

1959 2967 2132 3036 gessit
2157 2967 2283 3021 aliis
2319 2974 2382 3020 ut
2409 2982 2576 3021 unam
2624 2967 2754 3023 .lesu
2800 2969 3010 3044 Christi
3065 2969 3281 3024 Domini
3330 2976 3530 3036 nostri,

271 3063 368 3132 qui
408 3077 556 3118 unus
583 3069 669 3116 est
703 3075 768 3116 ex
799 3067 994 3116 sancta
1036 3059 1328 3122 Trinitate,
1358 3059 1508 3113 velut
1541 3072 1840 3127 person-am
1878 3075 2072 3126 unam,
2095 3062 2176 3115 sic
2200 3076 2365 3114 unam
2397 3069 2656 3116 naturam
2727 3077 2854 3117 esse
2900 3063 3338 3128 existimarent;
3407 3065 3532 3119 aliis

271 3157 510 3225 denique
539 3157 615 3208 uti
646 3155 925 3224 duplicem
968 3155 1025 3209 in
1057 3169 1122 3209 eo
1150 3163 1429 3216 naturam,
1465 3152 1540 3205 ita
1575 3152 1847 3221 duplicem
1889 3169 2110 3223 quoque
2140 3169 2431 3223 personam
2457 3169 2580 3209 esse
2609 3154 3036 3210 arbitrarentur.

341 3255 413 3318 τ’.
453 3249 600 3302 Ἠ--δὲ
639 3247 886 3319 ἀλήθεια,
942 3249 1115 3320 μέσην
1158 3248 1276 3302 ὁδὸν
1308 3246 1612 3316 βαδίζουσα,
1667 3247 1845 3300 πάντα

2019 3250 2071 3304 3.
2114 3250 2182 3302 At
2220 3242 2424 3303 veritas
2465 3249 2642 3302 media
2676 3248 2760 3302 via
2798 3248 3088 3314 incedens;
3126 3249 3312 3302 omnia
3349 3249 3535 3305 isthaec

271 3339 448 3394 ταῦτα
475 3340 801 3410 ἀπαρνεῖται
829 3339 899 3392 τὰ
921 3339 1117 3403 ἄτοπα,
1151 3340 1244 3393 καὶ
1287 3338 1548 3401 διδάσκει,
1600 3338 1696 3391 ἕνα
1720 3339 1852 3391 Θεὸν

272 3432 579 3502 ὁμολογεῖν,
613 3431 742 3501 μίαν
773 3431 935 3500 φύσιν
982 3435 1039 3484 ἐν
1066 3433 1246 3502 τρισὶν
1281 3431 1636 3495 ὑποστάσεσι,
1675 3431 1852 3502 Πατρὶ

274 3526 372 3579 καὶ
415 3524 531 3594 Υἱῷ
569 3523 667 3576 καὶ
713 3523 854 3594 ἁγίῳ
903 3523 1182 3593 Πνεύματι
1211 3539 1225 3552 θ
1257 3523 1356 3594 τὴν
1385 3523 1442 3578 δὲ
1480 3524 1699 3586 κακίαν,
1749 3523 1852 3576 οὑκ

274 3617 484 3680 οὐσίαν,
529 3616 668 3670 ἀλλά
713 3615 1060 3686 συμϐεϐηκός
1093 3629 1277 3685 φησιν,
1332 3615 1540 3668 ἔννοιάν
1575 3627 1716 3678 τινα,
1758 3615 1851 3668 καὶ

275 3709 586 3777 λόγον,’καὶ
624 3706 824 3778 πρᾶξιν
856 3706 1009 3776 παρά
1040 3705 1132 3759 τὸν
1182 3705 1346 3775 νόμον
1372 3704 1467 3758 τοῦ
1496 3703 1652 3766 Θεοῦ,
1684 3706 1741 3756 ὲν
1772 3703 1851 3773 τῷ

275 3800 595 3865 ἐννοεῖσθαι,
645 3799 738 3852 καὶ
787 3797 1064 3866 λέγεσθαι,
1106 3797 1198 3848 καὶ
1229 3794 1560 3866 πράττεσθαι
1609 3793 1709 3864 τὴν
1743 3793 1848 3845 ῦπ-

273 3891 433 3962 αρξιν
461 3891 816 3961 ἔχουσαν,καὶ
842 3889 958 3958 ἀμα
983 3888 1060 3958 τῷ
1086 3885 1398 3940 παύσασθαι
1425 3884 1848 3954 ἀφανιζομένην.

277 3984 402 4038 Ἐτι
423 3984 592 4037 δὲκαὶ
608 3983 700 4036 τὸν
728 3982 823 4038 ἕνα
863 3984 964 4052 τῆς
1005 3980 1166 4050 ἁγίας
1216 3978 1444 4049 Τριάδος
1469 3979 1561 4034 τὸν
1592 3977 1848 4051 Χριστὸν,

272 4075 370 4131 δύο
395 4075 586 4144 φύσεις
611 4073 894 4148 κηρύττει,
920 4073 1015 4127 καὶ
1040 4072 1165 4143 μίαν
1186 4072 1503 4126 ὑπόστασιν.

343 4254 407 4310 δ’.
447 4253 589 4307 Ἀλλ’
614 4254 642 4305 ό
671 4252 771 4322 τῆς
801 4251 1061 4322 ἀληθείας
1087 4251 1299 4323 ἐχθρὸς,
1325 4251 1542 4320 καὶτῆς
1574 4250 1850 4322 σωτηρίας

270 4347 385 4403 τῶν
407 4346 502 4400 ἀνθ
513 4345 710 4417 ρώπων
729 4343 989 4414 πολέμιος
1008 4343 1236 4414 δαίμων,
1256 4344 1349 4396 καὶ
1370 4343 1625 4414 φθαρτῶν
1645 4342 1740 4395 ἀνθ
1751 4341 1852 4412 ρώ-

273 4456 417 4502 πων,
450 4438 544 4491 καὶ
564 4435 850 4500 πετεινῶν,
874 4435 970 4488 καὶ
998 4433 1306 4496 κνωδάλων,
1355 4433 1448 4486 καὶ
1490 4433 1734 4503 ἑρπετῶν
1773 4435 1851 4486 εί-

271 4530 440 4592 κόνας
481 4530 676 4593 ποιεῖν,
725 4527 819 4580 καὶ
857 4524 1082 4589 ταύταις
1108 4525 1182 4588 ὡς
1216 4523 1358 4588 θεοῖς
1401 4527 1742 4595 προσκυνεῖν,
1785 4525 1846 4578 οὑ

276 4585 440 4691 μόνον
472 4617 542 4671 τά
562 4585 709 4689 ἔθνη,
739 4617 874 4671 ἀλλα
907 4616 1003 4670 καὶ
1030 4585 1351 4679 τοίιςίιίοὺς⁷
1379 4585 1595 4686 Ἰσραὴλ
1648 4616 1846 4669 πολλά·
1881 4585 1925 4639 D

272 4730 365 4775 κις
393 4712 695 4782 πλανήσας,
729 4709 827 4763 νῦν
895 4708 1280 4780 είρηνεύουσαν
1327 4709 1426 4780 τὴν
1458 4706 1553 4762 τοῦ
1606 4707 1846 4779 Χριστοῦ

285 4801 614 4872 Ἐκκλησίαν
631 4799 963 4873 συνταράξαι
990 4799 1300 4866 σπουδάζει,
1348 4800 1438 4854 διὰ
1477 4799 1702 4871 χειλέων
1732 4800 1849 4853 ἀδί-

275 4911 410 4959 κων,
439 4895 533 4947 atat
565 4893 816 4966 γλώσσης
859 4893 1059 4956 δολίας,
1105 4892 1282 4960 λόγοις
1317 4892 1482 4955 θείοις
1511 4893 1608 4963 τὴν
1649 4892 1849 4945 κακίαν

274 4983 631 5055 παραρτύων,
656 4985 754 5038 καὶ
781 4983 988 5052 ταύτης
1030 4982 1092 5035 τὸ
1121 4982 1369 5053 ἄσχημον
1425 4982 1521 5035 καὶ
1576 4982 1847 5036 σκοτεινὸν

274 5073 420 5143 εἶδος
470 5077 860 5130 ὲπικαλύπτειν
917 5077 1280 5148 πειρώμενος,
1336 5075 1569 5139 καὶτὰς
1627 5075 1852 5144 καρδίας

274 5165 388 5222 τῶν
416 5167 761 5238 άστηρίκτων
788 5168 1033 5223 σαλεύειν
1060 5171 1125 5222 ἐκ
1167 5168 1264 5238 τῆς
1332 5167 1569 5239 ἀληθοῦς
1612 5168 1705 5222 καὶ
1752 5186 1854 5221 πα-

275 5259 678 5331 τροπαραδότου
713 5261 1023 5330 συνηθείας.
1076 5261 1406 5330 Ἀνέστησαν
1447 5261 1554 5330 γάρ
1578 5277 1720 5322 τινες
1766 5259 1853 5311 λέ-

277 5367 486 5418 γοντες,
515 5351 590 5413 ὠς
622 5351 682 5403 οὑ
713 5351 792 5403 δεῖ
813 5351 1094 5414 είκονίζειν
1127 5350 1221 5402 καὶ
1267 5348 1581 5421 προτιθέναι
1607 5351 1684 5411 εἰς
1716 5348 1850 5401 θεω-

284 5440 428 5510 ρίαν,
464 5441 559 5495 καὶ
590 5441 768 5506 δόξαν,
801 5443 894 5494 καὶ¹
920 5441 1124 5512 θαῦμα,
1150 5443 1242 5494 καὶ
1267 5441 1450 5512 ζῆλον,
1486 5441 1553 5494 τὰ
1581 5441 1673 5494 τοῦ
1712 5442 1849 5511 Χριο

282 5531 410 5585 στοῦ
439 5534 679 5605 σωτήρια
701 5533 977 5604 θαύματα,
1001 5533 1092 5586 καὶ
1114 5531 1210 5596 τὰς
1241 5533 1350 5586 τῶν
1382 5533 1548 5601 ἁγίων
1575 5533 1845 5602 ἀνδραγα-

461 5709 608 5767 Psal.
650 5726 738 5774 xv,
771 5711 819 5766 l.
897 5710 944 5742 "
972 5708 1127 5765 Rom.
1154 5726 1192 5779 t,
1224 5708 1335 5778 2‘5;
1368 5710 1565 5766 Ezeeh.
1593 5725 1712 5775 vm,
1755 5712 1837 5767 l0.

1956 3340 2194 3394 absurda
2229 3348 2284 3394 et
2312 3339 2449 3395 falsa
2481 3339 2772 3409 reprobat;
2815 3340 3086 3410 docetque
3123 3355 3244 3404 nos,
3275 3347 3334 3392 ut
3364 3339 3530 3394 Deum

1956 3448 2122 3486 llltllm
2165 3433 2553 3498 c0nliteamur,
2580 3440 2832 3484 naturam
2857 3446 3022 3485 unam
3067 3431 3121 3485 in
3159 3431 3337 3486 tribus
3365 3431 3532 3502 hypo-

1953 3523 2218 3588 stasibtts,
2255 3522 2415 3578 Patre
2446 3533 2497 3577 et
2537 3521 2677 3577 Filio
2717 3532 2770 3576 et
2794 3520 3003 3591 Spiritu
3042 3533 3238 3576 sancto
3274 3541 3288 3576 :
3327 3524 3530 3576 malum

1953 3628 2084 3667 vero
2143 3614 2510 3668 sobstantiam
2567 3627 2677 3666 non
2742 3627 2890 3675 esse,
2932 3610 3028 3665 sed
3091 3613 3372 3676 accidens,
3417 3615 3535 3668 sive

1954 3703 2248 3770 quamdam
2295 3702 2710 3771 cogitationem,
2771 3715 3084 3755 sermonem
3113 3708 3168 3754 et
3193 3703 3468 3756 actionem
3501 3717 3531 3756 a

1956 3791 2050 3846 Dei
2073 3793 2188 3862 lege
2230 3793 2607 3856 recedentem;
2642 3791 2804 3860 cujus
2838 3790 3161 3844 exsistentia
3206 3793 3257 3844 in
3291 3791 3394 3847 hoc
3428 3809 3529 3862 po-

1955 3884 2058 3938 sita
2121 3883 2214 3946 sit,
2269 3880 2417 3951 quod
2468 3882 2767 3951 cogitetur,
2823 3881 3044 3936 dicatur
3087 3890 3141 3937 et
3189 3891 3404 3953 agatur,
3473 3894 3532 3939 ut

1955 3974 2122 4030 simul
2152 3975 2256 4027 hac
2286 3983 2561 4037 cessatur,
2587 3987 2712 4027 esse
2735 3987 2966 4042 prorsus
3005 3974 3245 4030 desinat.
3277 3975 3358 4029 Ad
3393 3976 3528 4042 haec,

1963 4066 2276 4130 Christum,
2320 4081 2486 4120 unum
2520 4064 2589 4120 de
2615 4072 2810 4120 sancta
2841 4064 3137 4130 Trinitate,
3177 4066 3397 4122 duabus
3435 4084 3532 4123 na-

1958 4157 2095 4211 turis
2129 4169 2406 4221 constare,
2439 4171 2719 4224 unamque
2757 4169 3051 4227 personam
3091 4172 3216 4212 esse
3245 4159 3527 4227 praedicat.

2023 4246 2078 4302 4.
2111 4247 2378 4303 Cancrum
2433 4246 2708 4312 diabolus,
2762 4246 3010 4302 veritatis
3043 4246 3320 4312 inimicus,
3352 4249 3530 4303 homi-

1954 4356 2195 4411 numque
2235 4341 2432 4395 salutis
2461 4340 2663 4405 hostis,
2695 4353 2821 4393 cum
2859 4351 2967 4390 non
2995 4345 3185 4408 gentes
3217 4339 3400 4406 modo,
3433 4341 3531 4394 sed

1953 4441 2006 4486 et
2083 4433 2349 4501 ipsosmet
2383 4430 2526 4486 filios
2561 4432 2729 4487 Israel
2769 4447 2914 4502 sape
2953 4431 3288 4500 decepisset,
3319 4439 3380 4485 ut
3403 4447 3529 4486 eor-

1954 4522 2299 4591 ruptibilium
2345 4521 2632 4576 hominum
2665 4561 2680 4586 ,
2740 4514 3049 4588 volucrum,
3107 4519 3414 4573 belluarum
3469 4529 3523 4575 et

1954 4615 2292 4683 serpentium
2314 4611 2616 4669 conderent
2639 4612 2930 4684 imagines,
2951 4627 3090 4682 quas
3113 4619 3370 4682 tanquam
3393 4610 3526 4666 deos

1956 4705 2251 4760 adorarent
2289 4705 2383 4773 ¹⁶;
2427 4721 2573 4759 nunc
2620 4703 2921 4760 Ecelesiam
2969 4702 3170 4759 Christi
3232 4703 3524 4771 tranquilla

1956 4811 2103 4870 pace.
2149 4796 2422 4850 fruentem
2451 4797 2538 4850 his
2573 4798 2786 4852 artibus
2850 4796 3175 4864 perturbare
3208 4794 3426 4860 nititur,
3467 4803 3526 4850 ut

1957 4887 2118 4941 labiis
2145 4886 2352 4956 iniquis
2385 4892 2439 4939 et
2465 4887 2652 4953 lingua
2686 4886 2876 4942 dolosa
2910 4885 3153 4955 eloquiis
3179 4884 3383 4939 divinis
3415 4901 3526 4939 ma-

1951 4978 2127 5030 litiam
2172 4991 2489 5046 aspergens,
2524 4975 2754 5030 deformi
2795 4987 2959 5046 atque
2990 4975 3335 5030 tenebricosa
3367 4976 3528 5047 hujus

1953 5077 2204 5131 obvelata
2253 5075 2417 5141 facie,
2473 5075 2818 5131 inﬁrmorum
2876 5075 3093 5129 animos
3125 5089 3308 5128 avera
3363 5089 3528 5143 quam

1952 5168 2145 5223 Patres
2208 5169 2589 5229 instituerunt,
2630 5166 3032 5221 consuetudine
3077 5165 3341 5219 abducat.
3374 5161 3528 5217 Non-

1953 5261 2085 5314 nulli
2142 5260 2413 5329 siquidem
2448 5267 2833 5322 surrexerunt,
2874 5257 2968 5326 qui
3002 5266 3254 5312 asserant
3286 5272 3368 5322 ca,
3405 5272 3528 5325 qua:

1951 5366 2054 5419 pro
2085 5360 2273 5405 nostra
2324 5353 2501 5406 salute
2540 5365 2569 5403 a
2599 5349 2824 5404 Christo
2881 5349 3227 5414 mirabiliter,
3258 5356 3311 5403 et
3341 5364 3370 5400 a
3397 5363 3526 5401 san—

1951 5441 2054 5495 ctis
2079 5440 2295 5496 fortiter
2330 5441 2597 5496 adversus
2638 5440 2920 5496 diabolum
2957 5447 3110 5510 gesta
3143 5448 3290 5505 sunt,
3320 5435 3527 5508 imagi-

1955 5531 2116 5585 nibus
2143 5532 2406 5603 pingcnda
2437 5549 2543 5588 non
2574 5549 2716 5600 esse,
2737 5548 2858 5603 qua:
2887 5532 3335 5602 contemplemur,
3370 5543 3529 5586 renc-
