3936 6174
298 242 431 304 £2187

1491 230 1549 286 S.
1593 224 1912 287 JOANNIS
1956 222 2381 283 DAMASCENI

3406 204 3553 268 1288

298 367 506 414 remur,
535 347 869 401 admiremur
902 353 957 399 et
999 342 1294 398 imitemur.
1324 337 1460 403 Quis
1496 350 1660 406 porro
1688 332 1879 402 cogni-

2021 333 2105 393 ίας
2128 330 2269 383 κατὰ
2311 328 2403 382 τοῦ
2436 328 2704 381 διαϐόλου.
2750 327 2855 380 Kal
2887 326 2972 389 τίς
2994 324 3132 395 ἔχων
3155 321 3355 390 γνῶσιν
3398 316 3554 368 θείαν

297 446 449 501 tione
502 439 684 494 divina
742 446 794 490 et
819 434 1093 505 spirituali
1130 428 1489 499 intelligentia
1518 426 1781 487 imbutus,
1830 421 1881 475 id

189 566 197 576 -
301 531 626 597 suggerente
695 522 916 577 diabolo
953 537 1063 575 non
1100 525 1401 589 cognoscat
1422 516 1702 568 inventum
1734 510 1759 563 ?
1794 509 1886 562 llle

305 619 451 673 enim
517 614 725 669 cladem
780 614 1246 683 ignominiamque
1314 622 1471 664 suam
1533 604 1713 674 palam
1773 609 1886 654 tra-

307 708 428 763 duci
461 720 624 777 quam
644 705 928 774 aegerrime
959 704 1191 772 patitur,
1217 714 1318 754 nec
1334 697 1428 753 Dei
1461 702 1887 761 sanctorumque

306 796 537 867 gloriam
571 794 805 865 picturis
844 792 1137 846 celebrari.

380 889 435 942 5.
475 887 531 942 In
569 902 758 942 errore
797 884 1019 954 quidem
1049 894 1415 943 versaremur,
1450 876 1497 933 si
1529 875 1615 930 vel
1641 870 1888 928 invisibi-

312 981 382 1037 lis
424 979 518 1034 Dei
558 978 959 1033 conticeremus
990 974 1286 1043 imaginem
1315 990 1328 1038 ;
1363 970 1624 1041 quoniam
1664 966 1715 1021 id
1741 964 1889 1035 quod

314 1086 639 1142 corporeum
698 1085 806 1124 non
836 1077 943 1131 est,
972 1080 1077 1121 nec
1112 1064 1353 1125 visibile,
1395 1077 1496 1115 nec
1533 1056 1887 1114 circumscri-

315 1170 493 1232 ptum,
550 1173 655 1213 nec
702 1157 1023 1228 ﬁguratum;
1058 1155 1204 1224 pingi
1264 1153 1489 1206 omnino
1538 1166 1648 1204 non
1687 1154 1887 1218 potest.

318 1250 489 1321 lmpie
516 1266 741 1304 rursum
776 1262 1089 1319 ageremus,
1123 1247 1167 1300 si
1195 1245 1515 1299 eﬂ'ormatas
1549 1240 1757 1310 a332
1788 1253 1888 1292 no-

318 1346 407 1400 bis
464 1328 743 1399 hominum
836 1328 1104 1410 imagines
1148 1338 1280 1392 deos
1331 1350 1455 1391 esse
1478 1333 1888 1395 arbitraremur,

319 1438 512 1505 eisque
544 1442 803 1502 tanquam
828 1430 935 1486 diis
969 1429 1190 1484 divinos
1218 1428 1462 1482 honores
1497 1424 1889 1477 tribueremus.

322 1530 392 1601 At
427 1526 561 1581 nihil
601 1525 795 1579 horum
848 1538 1078 1593 prorsus
1135 1518 1498 1575 admittimus.
1534 1515 1639 1570 Sed
1671 1521 1893 1584 postea-

324 1633 488 1688 quam
551 1615 695 1670 Deus
733 1628 833 1684 pro
866 1611 1126 1668 ineﬂ'abili
1173 1611 1420 1665 bonitate
1456 1620 1576 1672 sua,
1613 1609 1893 1671 assumpta

1987 424 2079 476 καί
2108 421 2323 474 σύνεσιν
2360 420 2755 489 πνευματικὴν,
2782 420 2881 471 οὐκ
2903 415 3278 484 ἐπιγινώσκει,
3307 410 3389 462 ὅτι
3420 407 3559 459 ὕπο-

1986 511 2115 580 ϐολὴ
2165 508 2259 562 τοῦ
2308 509 2552 561 διαϐόλου
2611 507 2755 561 ἐστίν
2788 524 2801 571 ;
2829 507 2904 559 Οὐ
2951 506 3094 559 θέλει
3118 502 3227 572 γὰρ
3255 500 3352 569 τὴν
3381 494 3561 569 ἧτταν

1986 600 2080 653 καὶ
2099 599 2196 668 τὴν
2220 596 2481 667 αἰσχύνην
2500 596 2664 649 αὐτοῦ
2689 596 2751 666 δη
2761 594 3130 665 μοσιεύεσθαι,
3160 591 3281 645 οὐδὲ
3317 588 3415 657 τὴν
3454 583 3558 638 τοῦ

1986 686 2143 753 Θεοῦ,
2185 686 2281 741 καὶ
2306 687 2415 738 τῶν
2461 686 2631 753 ἁγίων
2677 684 2841 739 αὐτοῦ
2885 683 3043 747 δόξαν
3075 682 3424 749 ἀνάγραπτον
3468 675 3563 743 γί-

1989 778 2192 832 νεσθαι.

2058 869 2120 922 ε’.
2158 870 2220 922 Εἰ
2245 868 2345 939 μὲν
2364 869 2474 939 γάρ
2499 867 2594 922 τοῦ
2613 870 2847 940 ἀοράτου
2871 866 3006 923 Θεοῦ
3035 865 3220 919 εἰκόνα
3236 858 3426 915 ὶποιοῦ
3434 874 3561 928 μεν,

1987 957 2155 1020 ὅντως
2195 957 2605 1028 ήμαρτάνομεν.
2654 958 2937 1011 Ἀδύνατον
2984 955 3093 1027 γὰρ
3146 953 3208 1005 τὸ
3238 950 3563 1018 ἀσώματον,

1988 1049 2082 1101 καὶ
2112 1048 2363 1118 ἀόρατον,
2396 1050 2492 1102 καὶ
2536 1049 2969 1120 ἀπερίγραπτον,
3010 1046 3104 1100 καὶ
3151 1042 3568 1113 ἀσχημάτιστον

1990 1142 2373 1212 εἰκονισθῆναι.
2400 1142 2506 1195 Kal
2533 1142 2694 1195 πάλιν
2728 1156 2740 1169 ⁸
2765 1142 2815 1195 εἰ
2861 1139 3156 1209 ἐποιοῦμεν
3193 1135 3411 1196 εἰκόνας
3463 1131 3571 1183 άν-

1991 1237 2247 1308 θρώπων,
2276 1236 2370 1289 καὶ
2398 1235 2595 1298 ταύτας
2645 1234 2801 1298 θεοὺς
2849 1232 3149 1305 ἡγούμεθα,
3184 1229 3281 1283 καὶ
3307 1227 3382 1289 ὡς
3415 1226 3568 1287 θεοῖς

1990 1326 2567 1399 ὲλατρεύομεν,ὖντως
2607 1324 2933 1395 ὴσεδοῦμεν.
2990 1322 3132 1377 Ἀλλ’
3162 1320 3311 1373 οὐδὲν
3355 1316 3571 1370 τούτων

1994 1415 2274 1485 ποιοῦμεν.
2305 1412 2439 1467 Θεοῦ
2477 1412 2585 1483 γὰρ
2610 1412 3002 1483 σαρκωθέντος,
3029 1410 3123 1464 καὶ
3168 1407 3427 1477 ὀφθέντος
3469 1405 3574 1457 ἐπὶ

1991 1505 2094 1574 γῆς
2142 1505 2330 1574 σαρκὶ,
2382 1504 2478 1556 καί
2529 1502 2840 1574 ἀνθρώποις
2887 1497 3449 1570 συναναπραφέντος.
3500 1494 3574 1547 δι’

1994 1596 2196 1665 ἄφατον
2221 1594 2531 1665 ἁγαθότητα
2568 1594 2663 1647 καὶ
2691 1593 2873 1664 φύσιν,
2900 1592 2995 1647 καὶ
3021 1592 3215 1662 πάχος,
3243 1584 3339 1642 αἰαὶ
3356 1588 3575 1656 σχῆμαι

328 1724 511 1774 carne,
545 1708 601 1762 in
630 1706 795 1761 terris
832 1718 998 1759 carne
1028 1703 1183 1758 visus
1211 1709 1314 1766 est,
1345 1707 1395 1755 et
1421 1712 1546 1753 cum
1582 1692 1898 1750 hominibus

2014 1688 2094 1741 ιαί
2126 1686 2321 1757 χρῶμα
2372 1686 2576 1757 σαρκὸς
2607 1685 2990 1748 ἀναλαϐόντος,
3035 1682 3227 1737 τούτου
3257 1681 3356 1752 τὴν
3379 1678 3578 1733 εἰκόνι

328 1810 697 1860 conversatus
735 1801 922 1863 est";
955 1813 1019 1852 ex
1054 1811 1164 1883 quo
1195 1803 1446 1849 naturam
1480 1796 1752 1851 nostram,
1777 1799 1895 1838 cor-

282 1894 283 1897 “
331 1897 718 1968 pulentamque
765 1877 1097 1953 crassitiem,
1131 1886 1361 1955 ﬁguram
1390 1883 1543 1943 item,
1576 1886 1632 1935 et
1656 1877 1895 1932 colorem

330 1965 515 2039 carnis
543 1982 805 2051 suscepit,
842 1992 1192 2048 nequaquam
1234 1975 1584 2034 aberramus,
1622 1982 1745 2022 cum
1777 1965 1898 2034 ejus

330 2075 623 2145 imaginem
652 2071 1037 2142 exprimimus.
1058 2069 1309 2122 Formam
1344 2065 1491 2119 enim
1518 2062 1692 2131 ipsius
1715 2057 1900 2111 videre

328 2166 734 2222 desideramus.
790 2161 926 2215 Nam
966 2168 1025 2214 ut
1073 2159 1149 2213 ait
1199 2156 1544 2225 Apostolus:
1591 2171 1608 2201 ι
1638 2148 1900 2203 Videmus

330 2272 431 2326 per
493 2255 802 2325 speculum,
831 2260 885 2306 et
941 2253 995 2306 in
1031 2249 1406 2322 aenigmate".
1433 2266 1450 2297 ι
1492 2245 1668 2298 Porro
1723 2240 1901 2305 imago

2000 1776 2298 1840 ποιοῦντες,
2357 1776 2418 1829 ού
2473 1775 2839 1845 σφαλλόμεθα.
2906 1772 3188 1844 Ποθοῦμεν
3238 1772 3347 1841 γάρ
3402 1768 3578 1824 αὑτοῦ

2004 1868 2131 1920 ἰδεῖν
2166 1866 2256 1919 τὸν
2295 1866 2618 1937 χαρακτῆρα
2643 1882 2656 1894 ·
2692 1866 2768 1929 ὡς
2794 1866 2902 1936 γάρ
2935 1880 3097 1934 φησιν
3148 1866 3177 1917 ό
3206 1862 3349 1925 θεῖος
3411 1860 3582 1914 Ἀπό-

2004 1957 2208 2020 στολος,
2243 1975 2261 2007 ι
2294 1956 2384 2010 Ἐν
2414 1956 2661 2026 ἐσόπτρῳ
2682 1956 2777 2009 καὶ
2806 1954 3089 2025 αἰνίγματι
3114 1952 3209 2005 νῦν
3241 1952 3575 2022 βλέπομεν.»

2003 2048 2113 2101 Kal
2137 2048 2170 2117 ἡ
2193 2045 2355 2100 εἰκὼν
2383 2046 2461 2111 δὲ,
2484 2045 2749 2117 ἔσοπτρόν
2781 2048 2898 2099 ὲστι
2927 2045 3020 2098 καὶ
3046 2045 3297 2113 αἴνιγμα,
3334 2041 3584 2113 ἁρμόζον

2003 2143 2070 2211 τῇ
2094 2138 2186 2192 τοῦ
2224 2138 2470 2208 σώματος
2500 2138 2657 2209 ἡμῶν
2687 2138 2978 2208 παχύτητι.
3006 2136 3186 2190 Πολλά
3214 2134 3323 2204 γάρ
3344 2133 3584 2203 κάμνων

2008 2235 2036 2286 ὁ
2063 2232 2208 2295 νοῦς,
2234 2232 2295 2284 ού
2333 2232 2554 2284 δύναται
2586 2231 2815 2301 ἐκϐῆναι
2843 2231 2913 2284 τὰ
2937 2228 3247 2300 σωματικά.

332 2352 617 2423 speculum
647 2357 728 2404 est
754 2357 809 2403 et
837 2348 1091 2416 aenigma,
1127 2343 1375 2414 corporis
1428 2339 1605 2395 nostri
1638 2327 1987 2406 spissitudini
2054 2327 2411 2382 conveniens.
2468 2324 2885 2391 Quantumlibct
2949 2323 3095 2378 enim
3167 2337 3322 2377 mens
3386 2327 3582 2375 nostra

333 2421 567 2511 laboret,
600 2458 663 2498 ea
691 2450 896 2505 tamen,
930 2454 1052 2509 qua:
1077 2450 1346 2508 corporea
1370 2442 1519 2499 sunt,
1548 2439 1894 2500 nequaquam
1932 2421 2076 2477 valet
2108 2421 2407 2475 transilire.

405 2538 459 2593 6.
490 2540 674 2607 Apage
699 2543 777 2597 te,
822 2533 1005 2588 invide
1035 2530 1275 2586 diabole.
1308 2528 1524 2584 [nvides
1558 2524 1716 2580 nobis
1744 2516 1894 2590 quod

335 2627 551 2682 Domini
590 2625 766 2680 nostri
793 2630 1151 2677 contueamur
1178 2618 1436 2688 effigiem,
1465 2630 1561 2686 per
1585 2626 1748 2684 quam
1777 2623 1906 2664 san-

337 2721 579 2774 ctitatem
613 2715 1025 2785 adipiscamur;
1057 2709 1206 2783 quod
1239 2707 1560 2764 salutiferos
1585 2703 1763 2775 ipsius
1780 2715 1906 2755 cru-

336 2810 515 2864 ciatus
566 2806 946 2876 inspiciamus,
986 2802 1381 2859 demissionem
1420 2797 1777 2858 admiremur,
1804 2791 1906 2845 mi-

2078 2522 2150 2580 ς’.
2182 2517 2245 2568 Ὢ
2265 2514 2375 2568 ἀπὸ
2394 2514 2510 2581 σοῦ,
2537 2515 2764 2585 φθονερὲ
2783 2513 3015 2579 διάϐολε,
3047 2513 3261 2581 φθονεῖς
3283 2512 3416 2583 ἡμῖν
3450 2511 3585 2564 ἰδεῖν

2004 2608 2066 2660 τὸ
2093 2605 2185 2659 τοῦ
2212 2607 2482 2659 Δεσπότου
2506 2608 2538 2676 ἡ
2549 2607 2665 2676 μῶν
2693 2606 2946 2676 ὁμοίωμα
2964 2646 2977 2665 .
3002 2607 3096 2658 καὶ
3122 2604 3190 2657 δι’
3223 2603 3389 2655 αὑτοῦ
3419 2603 3586 2669 ἀγια-

2009 2694 2224 2764 σθῆναι,
2257 2695 2351 2747 καὶ
2384 2694 2512 2747 ἰδεῖν
2539 2693 2704 2747 αὐτοῦ
2741 2694 2810 2747 τὰ
2840 2695 3082 2764 σωτήρια
3112 2692 3283 2761 πάθη,
3318 2692 3414 2744 καὶ
3446 2690 3586 2743 θαυ-

2012 2785 2361 2858 μάσαιαῦτοῦ
2394 2787 2493 2857 τὴν
2540 2785 2967 2855 συγκατάδασιν,
3006 2784 3100 2838 καὶ
3142 2783 3368 2853 θεωρεῖν
3413 2779 3586 2834 αὐτοῦ

338 2900 531 2955 racula
562 2874 1025 2967 contemplemur,
1090 2895 1324 2965 ejusque
1358 2888 1671 2946 divinitatis
1709 2893 1906 2956 poten-

2014 2879 2075 2931 τὰ
2103 2878 2377 2948 θαύματα,
2400 2879 2495 2931 καὶ
2533 2877 2775 2943 δοξάζειν
2826 2876 2991 2931 αὐτοῦ
3037 2875 3135 2946 τὴν
3161 2876 3264 2945 τῆς
3325 2874 3587 2944 θεότητος

339 2995 474 3049 tiam
523 2952 835 3047 laudemus.
870 2978 1093 3043 Sanctis
1119 2952 1353 3040 'invides
1411 2994 1574 3053 quem
1607 2952 1753 3033 Deus
1774 2974 1906 3045 ipsis

2014 2970 2255 3041 δύναμιν.
2289 2970 2508 3033 Φθονεϊς
2530 2972 2644 3033 τοῖς
2672 2969 2850 3037 ἁγίοις
2882 2969 2981 3039 τῆς
3013 2967 3164 3039 παρά
3191 2966 3331 3020 Θεοῦ
3361 2966 3584 3035 δεδομέο

341 3083 576 3141 contulit
615 3082 904 3143 honorem.
937 3079 1381 3148 descriptamque
1411 3086 1603 3130 eorum
1635 3066 1911 3124 fortitudi-

341 3190 465 3229 nem
495 3184 550 3228 et
581 3174 738 3227 [idem
775 3164 1121 3226 azmulemur.
1149 3169 1218 3223 At
1240 3166 1336 3221 tibi
1368 3179 1481 3219 non
1536 3159 1908 3229 obsequimur,

344 3265 529 3321 invide
567 3265 801 3325 daemon,
840 3262 1232 3327 hominumque
1262 3271 1410 3312 osor.
1442 3253 1671 3316 Audite,
1702 3248 1912 3321 p0puli,

343 3357 543 3418 tribus,
584 3354 805 3422 linguae,
841 3351 969 3413 viri,
1028 3350 1309 3411 mulieres,
1341 3345 1518 3415 pueri,
1565 3357 1748 3407 senes,
1789 3340 1917 3394 ado-

345 3449 639 3510 lescentes,
700 3440 967 3506 infantes,
1018 3454 1151 3509 gens
1203 3445 1397 3492 sancta
1431 3434 1911 3490 Christianorum:

343 3536 403 3592 Si
436 3534 564 3605 quis
588 3530 1053 3602 evangelizaverit
1070 3528 1228 3583 vobis
1252 3537 1451 3597 praeter
1478 3525 1531 3580 id
1562 3522 1707 3594 quod
1732 3522 1917 3576 Eccle-

345 3629 429 3684 sia
460 3625 731 3682 catltolica
768 3637 799 3677 a
837 3621 1047 3678 sanctis
1068 3619 1367 3691 apostolis,
1412 3616 1669 3672 Patribus
1701 3621 1756 3668 et
1781 3627 1915 3667 con—

344 3716 489 3771 ciliis
512 3721 826 3784 acceptum,
853 3711 921 3766 ad
952 3712 1099 3765 hunc
1128 3724 1301 3779 usque
1319 3708 1460 3763 diem
1483 3704 1741 3767 servavit,
1759 3717 1918 3757 aures

346 3821 419 3863 ne
467 3804 795 3877 praebeatis;
827 3817 963 3856 neve
996 3799 1273 3869 serpentis
1302 3796 1583 3853 suadelam
1610 3792 1916 3862 excipiatis,

345 3893 803 3967 quemadmodum
861 3893 993 3947 olim
1029 3892 1244 3960 excepit
1277 3889 1409 3953 Eva,
1450 3903 1518 3943 ex
1552 3901 1661 3957 quo
1686 3892 1918 3939 mortem

347 3992 643 4040 consecuta
695 3991 780 4038 est
804 3982 873 4035 ’9.
923 3980 1079 4034 Licet
1144 3978 1397 4049 angelus,
1437 3976 1565 4031 licet
1602 3977 1917 4042 imperator,

344 4073 682 4143 evangelizet
712 4070 891 4133 vobis,
926 4078 1124 4139 prater
1155 4067 1209 4123 id
1231 4072 1378 4136 quod
1411 4064 1730 4134 accepistis,
1759 4076 1921 4116 aures

350 4162 642 4218 occludite.
668 4160 743 4214 Eo
770 4160 977 4230 quippe
1002 4157 1365 4213 abstinuerim
1393 4154 1580 4219 modo,
1610 4152 1755 4223 quod
1787 4151 1919 4206 sul)-

2010 3079 2106 3133 νης
2156 3063 2339 3126 αὐτοῖς
2388 3062 2577 3133 τιμῆς.
2609 3063 2685 3116 Οὐ
2718 3062 2891 3126 θέλεις
2931 3063 3064 3133 ὁρᾷν
3091 3061 3241 3131 ἡμᾶς
3268 3059 3369 3130 τὴν
3403 3058 3589 3133 ai:qu

2009 3125 2165 3217 δόξαν
2190 3125 2560 3223 ἀνάγραπτον,
2596 3154 2691 3207 καὶ
2723 3125 2976 3222 ζηλωτάς.
2998 3125 3242 3219 γίνεσθαι
3274 3125 3378 3220 τῆς
3403 3125 3589 3204 ainant

2012 3246 2264 3314 ἀνδρείας
2310 3246 2405 3298 καί.
2449 3245 2707 3308 πίστεως.
2753 3245 2829 3297 Οὐ
2886 3242 3186 3314 πειθόμεθά
3229 3259 3337 3307 σοι,
3389 3242 3591 3311 δαῖμον

2014 3336 2240 3408 φθονερὲ
2287 3337 2384 3391 καὶ
2437 3335 2812 3407 μισάνθρωπε.
2876 3336 3171 3388 Ἀκούσατε
3203 3333 3347 3399 λαοὶ,
3395 3331 3589 3401 φυλαὶ,

2016 3427 2280 3495 γλῶσσαι,
2311 3426 2523 3497 ἄνδρες,
2551 3428 2827 3495 γυναῖκες,
2850 3426 2947 3479 καὶ
2998 3425 3207 3490 παῖδες,
3254 3423 3591 3495 πρεσϐύται,

2017 3517 2292 3573 νεανίσκοι
2315 3536 2374 3571 τε
2408 3518 2503 3573 καὶ
2531 3521 2719 3589 νήπια,
2748 3518 2809 3571 τὸ
2836 3516 2987 3581 ἔθνος
3019 3516 3129 3569 τῶν
3158 3516 3506 3586 Χριστιανῶν
3527 3514 3594 3568 τὸ

2018 3611 2172 3678 ἅγιον
2203 3627 2217 3640 ·
2248 3612 2301 3663 εἷ
2316 3628 2399 3673 τις
2424 3608 2837 3679 εὐαγγελίζεται
2862 3610 3007 3678 ὑμᾶς
3034 3608 3161 3678 παρ’
3200 3608 3230 3660 ὃ
3277 3606 3595 3677 παρέλαϐεν

2018 3704 2050 3771 ἡ
2084 3697 2344 3772 καθολικὴ
2382 3701 2676 3771 Ἐκκλησία
2704 3700 2857 3771 παρά
2886 3700 2994 3753 τῶν
3036 3698 3208 3768 ἁγίων
3248 3698 3592 3763 ἀποστόλων,

2020 3793 2298 3863 Πατέρων,
2360 3793 2455 3845 καὶ
2482 3793 2759 3859 συνόδων,,
2791 3792 3066 3862 καὶμέχρι
3111 3790 3204 3844 τοῦ
3254 3790 3351 3843 νῦν
3397 3789 3596 3859 διεφύ-

2018 3883 2167 3949 λαξε,
2201 3884 2275 3953 μὴ
2301 3883 2570 3955 ἀκούσητε
2610 3882 2796 3946 αὐτοῦ,
2845 3883 2979 3952 μηδὲ
3030 3879 3259 3952 δέξησθε
3299 3880 3399 3951 τὴν
3452 3897 3599 3949 συμ-

2022 3974 2226 4044 ϐουλὴν
2250 3973 2344 4027 τοῦ
2380 3973 2577 4044 όφεως,
2606 3976 2682 4037 ὡς
2713 3973 2928 4037 ἐδέξατο
2978 3971 3110 4037 Εὕα,
3168 3972 3265 4025 καὶ
3313 3971 3595 4041 ἐτρύγησε

2021 4065 2270 4119 θάνατον.
2298 4064 2415 4117 Κᾶν
2448 4064 2700 4132 ἄγγελος,
2732 4062 2834 4117 κᾶν
2882 4061 3136 4132 βασιλεὺς
3174 4062 3596 4130 εὐαγγελίζεται

2023 4153 2165 4224 ὑμᾶς
2191 4151 2318 4223 παρ’
2348 4152 2375 4203 ὃ
2404 4151 2764 4221 παρελάϐετε,
2799 4149 3050 4204 κλείσατε
3082 4149 3182 4212 τὰς
3202 4149 3375 4213 ἀκοάς
3402 4167 3419 4181 ·
3444 4150 3597 4203 ὀκνῶ

351 4256 434 4310 dit
462 4253 783 4322 Apostolus,
824 4251 1121 4305 Anathema
1143 4250 1212 4303 sit
1236 4249 1305 4312 ³ο,
1329 4247 1551 4318 quando
1579 4244 1906 4301 emendatio-

2021 4244 2131 4313 γὰρ
2151 4243 2287 4305 τέως
2314 4244 2507 4305 εἰπεῖν,
2538 4242 2613 4305 ὡς
2654 4242 2758 4311 ἔφη
2792 4243 2819 4295 ό
2845 4240 2985 4305 θεῖος
3044 4239 3388 4305 ’Δπόστολος,
3419 4240 3597 4295 Ἀνά-

352 4345 439 4398 nis
458 4343 833 4411 exspectanda:
862 4342 1015 4396 locus
1032 4348 1135 4395 est.

425 4434 476 4486 7.
524 4434 795 4488 Caeterum
857 4432 913 4485 hi
977 4432 1070 4501 qui
1126 4429 1425 4501 Scriptura:
1475 4444 1635 4485 sensa
1690 4429 1917 4485 minime

352 4531 689 4589 scrutantur,
745 4522 1047 4591 objiciunt,
1104 4534 1202 4590 per
1279 4519 1501 4589 Moysen
1553 4519 1917 4589 legislatorem

354 4614 681 4687 praecepisse
703 4611 870 4667 Deum
900 4630 913 4665 :
950 4629 967 4661 ι
993 4608 1072 4665 Ne
1098 4609 1295 4665 feceris
1318 4611 1483 4664 ullam
1502 4609 1916 4664 similitudinem

357 4721 570 4770 eorum,
600 4719 720 4774 qua:
744 4703 797 4757 in
826 4702 988 4769 cmlo,
1014 4718 1201 4773 quasve
1232 4702 1286 4756 in
1309 4712 1451 4757 terra
1472 4709 1601 4756 sunt
1618 4701 1716 4753 ³¹.›
1738 4698 1806 4752 Et
1822 4713 1919 4768 per

353 4799 681 4869 prophetam
733 4792 904 4848 David
959 4812 973 4848 :
1035 4812 1054 4845 ι
1112 4793 1535 4849 Confuudantur
1585 4784 1918 4861 omnes'qui

355 4890 588 4943 adorant
642 4885 956 4955 sculptilia;
1004 4886 1099 4955 qui
1148 4884 1452 4954 gloriantur
1492 4884 1548 4937 in
1606 4881 1918 4938 simulacris

356 4976 475 5032 suis
498 4976 572 5026 ³⁸»
599 4974 812 5042 aliaque
839 4974 1007 5026 multa
1033 4973 1119 5027 liis
1144 4972 1365 5027 similia.
1398 4970 1748 5040 Quaecunque
1775 4970 1922 5024 enim

356 5066 441 5122 rel
463 5081 529 5121 ex
551 5065 733 5120 divina
760 5062 1067 5134 Scriptura,
1092 5064 1177 5117 vel
1199 5079 1264 5119 ex
1289 5064 1497 5117 sanctis
1520 5060 1779 5115 Patribus
1796 5074 1925 5129 pro-

359 5159 613 5221 tulerint,
656 5155 719 5209 ad
767 5155 1019 5210 eumdem
1054 5155 1278 5210 modum
1303 5153 1651 5224 intelligenda
1674 5152 1919 5206 veniunt.

428 5245 637 5313 8.Quid
661 5246 724 5299 ad
761 5245 873 5298 haec
900 5243 1337 5311 dicemus?Quid
1370 5244 1536 5307 aliud,
1561 5242 1665 5297 nisi
1697 5242 1749 5296 id
1777 5241 1923 5312 quod

358 5341 564 5396 dictum
597 5353 626 5392 a
659 5335 887 5392 Domino
934 5345 1020 5393 est
1045 5335 1248 5392 Judaais
1279 5337 1302 5390 ?
1340 5335 1727 5391 LScrutamini
1775 5334 1925 5388 Scri-

2024 4338 2171 4402 θεμα
2207 4332 2383 4397 ἔστω,
2407 4330 2762 4401 ἐκδεχόμενος
2802 4331 2901 4402 τὴν
2929 4329 3241 4401 διόρθωσιν»

2093 4423 2159 4488 ζ’.
2198 4423 2360 4476 Ἀλλὰ
2412 4422 2681 4491 λέγουσιν,
2739 4424 2787 4474 οἰ
2846 4422 2922 4492 μὴ
2962 4422 3297 4492 ἐρευνῶντες
3347 4422 3442 4475 τδν
3470 4421 3598 4475 νοῦν

2023 4518 2121 4589 τῆς
2149 4517 2392 4587 Γραφῆς,
2424 4515 2507 4568 ὅτι
2536 4512 2687 4568 εἴπεν
2711 4515 2740 4566 ὁ
2757 4514 2887 4576 Θεὸς
2903 4514 2991 4566 διὰ
3012 4513 3293 4577 Μωῠσέως
3307 4514 3405 4567 τοῦ
3426 4531 3594 4585 νομο-

2026 4605 2178 4659 θέτου
2199 4622 2212 4636 ·
2264 4624 2284 4656 ι
2307 4605 2381 4658 Ού
2426 4605 2670 4675 ποιήσεις
2702 4605 2810 4657 πᾶν
2851 4603 3121 4675 ὁμοίωμα,
3170 4604 3271 4657 ὅσα
3310 4605 3370 4657 ὲν
3399 4604 3481 4675 τῷ
3505 4605 3596 4657 οὖα

2027 4696 2196 4767 ρανῷ,
2223 4695 2316 4750 καί⁵
2345 4697 2444 4750 ὅσα
2473 4697 2531 4748 ὲν
2569 4697 2635 4767 τῇ
2657 4698 2751 4767 γῇ.
2790 4713 2809 4747 ι
2853 4696 2964 4748 Kal
2988 4695 3076 4748 διὰ
3111 4694 3276 4748 Δαδὶδ
3311 4694 3407 4748 τοῦ
3457 4712 3595 4766 προο

2025 4790 2197 4858 φήτου
2223 4804 2237 4817 ·
2277 4805 2297 4839 ι
2331 4786 2789 4857 Αἰσχυνθήτωσαν
2834 4790 3033 4849 πάντες
3081 4786 3132 4839 oi
3162 4784 3595 4856 προσκυνοῦντες

2024 4881 2137 4941 τοῖς
2164 4878 2441 4947 γλυπτοῖς,
2473 4877 2524 4929 οἰ
2546 4872 2958 4946 ὲγκαυχώμενοι
2982 4878 3040 4930 ὲν
3066 4877 3180 4947 τοῖς
3220 4874 3464 4938 εἰδώλοις
3500 4876 3595 4928 αύ-

2025 4971 2156 5035 τῶν,
2195 4988 2214 5021 ι
2253 4970 2349 5024 καὶ
2380 4968 2607 5022 τοιαῦτα
2640 4968 2810 5021 πολλὰ
2842 4968 3027 5040 ἕτερα.
3068 4969 3210 5021 Ὅσα
3258 4968 3368 5038 γάρ
3418 4967 3485 5021 ἐκ
3536 4984 3594 5022 τε

2023 5062 2123 5130 τῆς
2140 5061 2290 5124 θείας
2324 5060 2551 5131 Γραφῆς
2588 5062 2681 5113 καὶ
2730 5061 2795 5112 ὲκ
2822 5059 2931 5112 τῶν
2961 5059 3129 5128 ἁγίων
3162 5058 3425 5130 Πατέρων
3461 5074 3593 5129 προ-

2025 5153 2313 5221 ενέγκωσι,
2345 5153 2445 5221 τῆς
2470 5151 2641 5221 αὐτῆς
2669 5150 2872 5214 ἐννοίας
2904 5150 3030 5205 εἰσί.

2105 5243 2179 5313 η’.
2244 5242 2309 5295 Τί
2345 5237 2438 5295 οῦν
2480 5241 2641 5311 ἡμεῖς
2671 5256 2851 5311 φαμεν
2880 5242 3016 5310 πρὸς
3056 5237 3261 5304 ταῦτα;
3288 5238 3343 5291 τί
3371 5237 3521 5299 ἄλλο,
3544 5237 3591 5288 εἰ

2036 5332 2112 5405 μὴ
2151 5332 2213 5385 τὺ
2270 5330 2377 5384 ὑπὸ
2411 5329 2506 5384 τοῦ
2547 5330 2748 5400 Κυρίου
2799 5331 2911 5392 τοῖς
2953 5328 3228 5391 Ἰουδαίοις
3260 5324 3587 5397 εἰρημένονσ

433 5518 477 5546 ’⁷
509 5516 741 5574 Barmh.
781 5536 867 5585 ιιι,
914 5520 1001 5573 38.
1079 5518 1123 5551 ’⁸
1148 5518 1165 5573 l
1191 5518 1313 5573 Cor.
1342 5531 1458 5583 xm,
1496 5514 1580 5569 l2.
1656 5514 1701 5547 "
1724 5512 1861 5569 Gen.
1892 5529 1906 5568 ι

2022 5515 2238 5585 lseqq.
2316 5513 2361 5547 ιο
2403 5512 2581 5569 Galat.
2616 5511 2729 5577 1,5.
2807 5510 2848 5543 ιι
2883 5508 3050 5566 Exod.
3085 5523 3179 5573 xx,
3216 5464 3270 5560 ι.
3346 5502 3565 5556 "Psal.

364 5600 507 5643 xcvi.
541 5589 593 5641 7.
