3936 6174
299 283 436 349 1289

1390 286 1487 345 DE
1526 280 1986 344 IMAGINIBUS
2024 280 2304 344 ORATIO
2329 283 2409 344 II.

3407 281 3543 350 1290

298 418 317 452 ι
355 397 635 469 Ἑρευνᾶτε
663 397 762 462 τὰς
784 397 1040 469 Γραφάς;
1076 419 1093 450 ι
1134 398 1292 469 Καλὴ
1315 397 1423 469 γάρ
1447 399 1481 469 ἡ
1504 396 1614 472 τῶν
1640 394 1864 466 Γραφῶν

1975 400 2164 462 pturas
2193 395 2261 451 ³³.
2289 413 2308 446 ι
2356 391 2674 450 Laudabilis
2725 378 2926 466 quippe
2983 400 3068 450 est
3128 393 3544 464 Scripturarum

290 486 508 557 ἔρευνα.
555 482 695 538 Ἀλλ’
725 486 961 540 ἐνταῦθα
999 488 1267 558 νουνεχῶς
1323 488 1644 561 προσέχετε.
1719 485 1868 538 Ἀδύο

289 592 474 639 νατον,
506 567 553 628 ὧ
575 575 876 644 ἀγαπητοὶ,
899 573 1032 629 θεὸν
1062 573 1390 644 ψεύσασθαι.
1423 571 1519 638 Εἷς
1551 573 1664 643 γάρ
1699 571 1719 592 ⁸
1755 573 1868 624 ἐστι

289 666 442 730 Θεὸς.
473 660 554 730 εἷς
581 667 882 737 νομοθέτης
908 667 1153 731 Παλαιᾶς
1184 668 1280 720 καὶ
1318 665 1530 736 Καινῆς
1571 663 1869 734 Διαθήκης,

289 763 320 813 6
341 760 510 813 πάλαι
540 760 776 831 λαλήσας
831 761 1158 832 πολυμερῶς
1203 760 1298 814 καὶ
1347 758 1704 829 πολυτρόπως
1755 758 1870 819 τοῖς

291 852 564 920 πατράσιν
608 853 668 904 ὲν
692 855 807 915 τοῖς
841 854 1174 924 προφήταις,
1203 853 1299 905 καὶ
1332 851 1418 905 ἐπ’
1466 850 1714 920 ἐσχάτων
1759 849 1869 901 τῶν

288 943 498 1013 χρόνων
532 944 590 996 ἐν
620 943 700 1014 τῷ
738 947 1018 1014 μονογενεί
1039 944 1206 998 αύτοῦ
1244 943 1380 1014 Υἱῷς
1419 943 1726 1012 Προσέχετε
1775 942 1868 995 τὸν

289 1033 414 1087 νοῦν
457 1033 596 1103 μετά
641 1035 964 1104 ἀκριϐείαςο
1008 1036 1108 1089 οὐκ
1157 1035 1291 1106 ἐμὸς
1331 1037 1359 1089 6
1405 1035 1564 1104 λόγος
1613 1033 1728 1088 ent
1759 1048 1773 1063 °
1809 1033 1870 1086 τὸ

287 1123 517 1194 Πνεῦμα
547 1124 611 1178 τὸ
648 1125 808 1192 ἅγιον
835 1125 925 1178 διὰ
954 1125 1172 1178 Παύλου
1221 1125 1315 1180 τοῦ
1364 1125 1520 1195 ἁγίου
1563 1124 1865 1178 ἀποστόλου

287 1219 628 1288 ἀπεφήνατο,
671 1235 690 1269 ι
721 1217 1053 1288 Πολυμερῶς
1079 1218 1174 1272 καὶ
1216 1217 1575 1288 πολυτρόπως
1627 1217 1794 1270 πάλαι
1837 1219 1866 1270 6

287 1307 418 1371 Θεὸς
451 1309 695 1379 λαλήσας
731 1311 844 1372 τοῖς
876 1310 1152 1379 πατράσιν
1187 1311 1248 1363 δν
1291 1311 1408 1373 τοῖς
1450 1310 1756 1380 προφήταις
1777 1348 1792 1362 .
1841 1327 1860 1360 ι

287 1391 432 1472 Ὅρα
479 1403 562 1455 ὅτι
617 1401 940 1471 πολυμερῶς
991 1403 1088 1454 καὶ
1140 1401 1492 1472 πολυτρόπως
1540 1402 1801 1473 ἐλάλησεν
1838 1403 1867 1454 6

286 1493 440 1556 Θεός.
465 1495 682 1563 Ὥσπερ
715 1492 824 1563 γὰρ
868 1494 1191 1563 ἐπιστήμων
1225 1493 1408 1564 ἰατρὸς
1438 1494 1498 1546 ού
1532 1493 1592 1546 τὸ
1622 1493 1754 1547 αὐτὸ
1784 1489 1862 1546 εἷ-

284 1585 376 1648 δος
400 1585 536 1637 πᾶσι
562 1585 802 1648 δίδωσιν,
828 1583 951 1638 οὐδὲ
1001 1585 1256 1648 πάντοτε,
1295 1584 1412 1638 ἀλλ’
1453 1583 1669 1655 ἑκάστῳ
1722 1587 1865 1639 κατά

285 1675 386 1747 τὴν
411 1675 526 1741 ἕξιν
557 1676 792 1746 παρείκει
821 1675 882 1729 τὸ
915 1677 1226 1746 φάρμακον,
1255 1676 1570 1747 διακρίνων,
1603 1677 1695 1730 καὶ
1755 1676 1866 1747 χὼ-

290 1783 411 1838 ραν,
456 1768 552 1819 καὶ
589 1767 768 1831 νόσον,
797 1767 893 1821 καὶ
936 1767 1152 1837 καιρὸν,
1213 1769 1310 1821 καὶ
1339 1767 1589 1838 ἠλικίαν·
1649 1769 1745 1821 καὶ
1787 1767 1865 1838 τῷ

290 1859 390 1929 μὲν
417 1858 622 1928 νηπίῳ,
653 1857 865 1930 ἕτερον,
906 1858 985 1928 τῷ
1019 1858 1076 1912 δὲ
1101 1857 1292 1929 τελείῳ
1331 1859 1478 1913 κατά
1499 1859 1598 1929 τὴν
1625 1859 1864 1931 ἠλικίαν,

287 1952 506 2022 ἕτερον’
539 1951 668 2004 ἀλλο
691 1951 770 2020 τῷ
818 1951 1056 2018 ἀσθενεῖ,
1106 1951 1204 2005 καὶ
1254 1951 1380 2006 ἄλλο
1421 1950 1498 2023 τῷ
1544 1952 1866 2020 ὑγιαίνοντι,

288 2045 382 2098 καὶ
401 2044 617 2114 ἑκάστῳ
643 2043 752 2098 τῶν
782 2043 1177 2109 ἀσθενούντων,
1203 2045 1264 2097 ού
1288 2042 1349 2097 τδ
1372 2044 1527 2109 αὐτὸ,
1560 2043 1696 2098 ἀλλὰ
1730 2045 1866 2116 πρὸς

286 2137 386 2206 τὴν
415 2136 528 2200 ἕξιν
549 2135 645 2189 καὶ
675 2136 776 2208 τὴν
809 2137 966 2191 νόσον
988 2152 1004 2166 ·
1033 2137 1142 2190 οιαὶ
1169 2135 1300 2190 ἀλλο
1320 2135 1399 2207 τῷ
1433 2135 1604 2206 θέρει,
1633 2136 1730 2190 καὶ
1749 2155 1865 2208 χει-

290 2229 431 2300 μῶνι
458 2228 662 2299 ἕτερον.
698 2226 1001 2298 μετοπώρῳ
1021 2245 1081 2281 τε
1111 2227 1210 2281 καὶ
1245 2227 1390 2299 ἔαρι,
1424 2228 1520 2281 καὶ
1553 2228 1612 2282 ὲν
1648 2229 1865 2301 ἑκάστῳ

284 2320 438 2390 τόπῳ
471 2319 612 2372 κατά
642 2320 740 2387 τὴν
764 2318 860 2372 τοῦ
889 2319 1054 2372 τόπου
1088 2320 1506 2392 ἐπιτηδειότητα
1531 2338 1544 2351 ⁶
1581 2320 1726 2376 οὕτω
1771 2323 1864 2375 καὶ

285 2415 314 2466 6
347 2412 569 2481 ἄριστος
598 2410 708 2464 τῶν
737 2410 924 2480 ψυχῶν
956 2411 1158 2481 ἰατρὸς,
1183 2415 1297 2475 τοῖς
1343 2411 1426 2465 ἔτι
1475 2413 1714 2485 νηπίοις,
1767 2414 1864 2467 καὶ

285 2500 632 2574 ἀρρωστοῦσι
657 2501 759 2570 τὴν
784 2501 923 2571 πρὸς
962 2500 1407 2572 εἰδωλολατρείαν
1437 2502 1613 2567 νόσον,
1656 2504 1753 2556 καὶ
1795 2504 1864 2558 τά

285 2594 479 2647 εἴδωλα
506 2593 665 2655 θεοὺς
696 2594 1046 2663 ἡγουμένοις,
1081 2595 1177 2648 καὶ
1202 2593 1278 2657 ὡς
1303 2594 1660 2661 θεοϊςλαύτοῖς
1692 2614 1862 2668 προσ-

286 2682 563 2748 κυνοῦσιν,
608 2686 702 2736 καὶ
724 2682 1007 2737 ἀθετοῦσιν
1048 2684 1148 2755 τὴν
1175 2683 1271 2738 τοῦ
1299 2685 1436 2739 Θεοῦ
1467 2687 1859 2760 προσκύνησιν,

285 2773 382 2830 καὶ
407 2773 506 2845 τὴν
537 2773 702 2827 αὑτοῦ
725 2774 884 2838 δόξαν
909 2778 976 2845 τῇ
1004 2774 1180 2828 κτίσει
1217 2777 1610 2847 προσάγουσιν,
1651 2780 1864 2850 ἀπηγό-

289 2882 452 2940 ρευσε
475 2865 635 2919 τοῦτο
663 2869 860 2922 ποιεῖν.
891 2866 1031 2920 Θεοῦ
1058 2869 1158 2939 μὲν
1177 2868 1286 2939 γὰρ
1302 2868 1398 2921 τοῦ
1415 2869 1737 2940 ἀσωμάτου,
1767 2873 1864 2926 καὶ

286 2957 546 3027 ἀοράτου,
580 2958 673 3011 καὶ
693 2958 884 3024 ἀύλους
935 2958 1030 3012 καὶ
1071 2960 1210 3031 μήτε
1259 2960 1468 3031 σχῆμα,
1521 2963 1662 3032 μήτε
1708 2981 1864 3035 περι-

1972 485 2358 554 perscrutatio.
2397 484 2504 540 Sed
2532 484 2624 540 hic
2644 484 2939 556 diligenter
2973 483 3217 540 animum
3251 485 3540 542 attendite.

1971 577 2312 647 [inpossibile
2341 587 2444 643 est,
2465 575 2832 643 dilectissimi,
2861 575 3083 630 mentiri
3103 575 3272 632 Deum
3299 577 3364 631 ⁸⁸.
3390 576 3544 634 Unus

1969 683 2140 738 porro
2203 668 2351 724 Deus
2384 677 2488 732 est,
2521 685 2665 725 unus
2697 667 2912 725 Veteris
2948 675 3002 722 et
3033 667 3171 721 Novi
3199 665 3544 724 Testamenti

1971 758 2273 829 legislator,
2305 758 2397 830 qui
2433 759 2786 814 multifariam
2831 751 3142 831 multisque
3201 760 3378 816 modis
3413 762 3544 816 olim

1971 848 2191 904 loeutus
2225 856 2309 904 est
2339 850 2590 920 patribus
2629 850 2686 904 in
2717 852 3024 921 prophetis,
3057 857 3112 905 et
3143 851 3197 905 in
3225 851 3546 907 novissimis

1971 939 2308 1008 temporibus
2338 941 2391 994 in
2419 937 2554 996 Filio
2580 955 2682 995 suo
2707 941 3013 1012 unigenito.
3035 938 3290 997 Vestrum
3322 957 3543 998 sensum

1970 1030 2245 1088 adhibete.
2287 1030 2406 1087 Non
2463 1047 2584 1088 mea
2619 1033 2783 1089 verba
2841 1041 2992 1099 sunt,
3025 1033 3121 1089 sed
3146 1049 3270 1104 quae
3309 1032 3548 1104 Spiritus

1970 1131 2195 1178 sanctus
2223 1138 2321 1194 per
2344 1133 2598 1180 sanctum
2619 1124 2940 1194 Apostolum
2973 1124 3170 1181 effatus
3199 1135 3284 1181 est
3315 1140 3328 1176 :
3363 1145 3381 1178 ι
3407 1125 3549 1179 Mul-

1969 1213 2210 1269 tifariam
2255 1214 2554 1286 multisque
2589 1217 2770 1272 modis
2812 1216 2944 1271 olim
3008 1217 3243 1287 loquens
3273 1216 3419 1273 Deus
3447 1232 3549 1287 pa-

1970 1307 2150 1364 tribus
2195 1306 2250 1360 in
2287 1307 2654 1378 prophetis”.
2693 1327 2712 1360 ι
2751 1308 3055 1363 Considera
3103 1307 3273 1364 Deum
3306 1311 3550 1364 multifa-

1969 1397 2106 1451 riam
2170 1397 2470 1467 multisque
2521 1399 2703 1454 modis
2763 1399 3008 1453 locutum
3042 1414 3186 1454 esse.
3216 1397 3373 1455 Sicut
3398 1402 3547 1456 enim

1969 1486 2181 1556 peritus
2224 1487 2471 1543 medicus
2505 1502 2614 1542 non
2667 1488 2946 1553 omnibus,
2985 1503 3086 1543 nec
3147 1505 3363 1560 semper
3402 1491 3548 1545 idem

1969 1578 2201 1642 remedii
2263 1579 2542 1644 ministrat
2601 1595 2801 1650 genus,
2852 1580 2949 1636 sed
2983 1587 3096 1636 tum
3130 1582 3398 1651 regionis,
3431 1593 3546 1638 tum

1969 1669 2171 1738 morbi,
2207 1677 2321 1726 tum
2371 1671 2658 1743 temporis.
2727 1679 2843 1727 tum
2888 1673 3068 1728 :etatis
3109 1673 3299 1728 habita
3335 1675 3550 1730 ratione

1968 1760 2303 1817 medicinam
2366 1763 2573 1833 praebet
2607 1780 2624 1817 :
2653 1771 2820 1834 atque
2883 1765 2989 1819 alia
3025 1765 3243 1834 quidem
3269 1766 3430 1838 333
3457 1782 3550 1822 ra-

1968 1853 2117 1910 tione
2145 1853 2411 1911 infantem
2441 1862 2620 1919 curat,
2645 1856 2751 1910 alia
2783 1855 2967 1912 virum
3007 1865 3168 1912 aetate
3194 1867 3543 1929 provectum,

1969 1954 2322 2014 mgrotantem
2345 1945 2475 2012 alia,
2512 1946 2618 2001 alia
2645 1946 2884 2018 denique
2949 1962 3165 2014 sanum,
3204 1964 3306 2004 nec
3327 1951 3550 2020 aegrotis

1967 2035 2229 2092 omnibus
2277 2037 2469 2092 eodem
2517 2037 2767 2094 medetur
2789 2037 2988 2106 modo,
3026 2041 3120 2095 sed
3156 2048 3335 2097 status
3357 2056 3422 2096 ac
3453 2056 3551 2096 va-

1966 2129 2238 2186 letudinis
2290 2131 2567 2187 rationem
2617 2130 2741 2198 init,
2784 2139 2844 2186 ut
2899 2132 3049 2188 aliud
3101 2131 3323 2204 quidem
3359 2139 3551 2188 aestate

1966 2221 2434 2279 medicamentum
2465 2223 2681 2290 aﬂ'erat,
2714 2224 2862 2279 aliud
2905 2224 3106 2291 hieme,
3139 2226 3372 2280 alterum
3398 2241 3548 2289 vere.

1967 2321 2236 2370 autumno
2265 2315 2528 2380 alterum,
2581 2314 2733 2372 aliud
2765 2316 2986 2371 demum
3011 2331 3111 2388 pro
3141 2317 3284 2372 locis
3316 2315 3550 2387 singulis

1966 2404 2270 2461 secundum
2335 2406 2623 2478 regionum
2657 2405 2979 2462 discrimina
3017 2422 3030 2458 :
3063 2407 3426 2463 consimiliter
3447 2423 3548 2477 0p-

1963 2497 2133 2553 timus
2163 2497 2476 2553 animorum
2506 2498 2775 2567 medicus,
2807 2497 3116 2554 infantibus
3138 2499 3322 2555 adhuc
3347 2510 3401 2556 et
3430 2500 3550 2556 ido-

1964 2589 2199 2646 lolatria
2229 2592 2423 2646 morbo
2449 2591 2852 2658 laborantibus,
2906 2591 3023 2662 qui,
3078 2607 3204 2646 cum
3249 2594 3545 2649 simulacra

1963 2682 2097 2738 deos
2130 2698 2254 2740 esse
2301 2683 2723 2748 arbitrarentur,
2762 2697 2817 2739 et
2869 2693 3128 2756 tanquam
3188 2683 3320 2741 deos
3351 2685 3548 2740 adora-

1963 2781 2108 2839 rent,
2139 2774 2381 2830 debitam
2438 2773 2548 2830 Deo
2600 2776 2992 2842 reverentiam,
3053 2777 3226 2847 gloria
3267 2777 3443 2848 ipsius
3471 2783 3536 2834 ad

1965 2875 2272 2925 creaturam
2293 2869 2586 2934 translata,
2611 2868 2982 2939 denegabant,
3009 2867 3341 2940 imaginibus
3373 2870 3501 2926 inter
3523 2901 3547 2914 -

1965 2959 2126 3015 dixit.
2181 2958 2479 3014 Enimvero
2524 2959 2616 3017 Dei
2672 2962 2770 3030 qui
2805 2970 2905 3039 est.
2934 2961 3317 3031 incorporeus,
3350 2961 3548 3018 invisi-

284 3047 525 3118 γραφὴν,
559 3049 696 3118 μήτε
746 3048 1052 3118 κατάληψιν
1086 3049 1323 3120 ἔχοντος,
1369 3052 1631 3108 ἀδύνατον
1688 3059 1861 3110 ποιεῖν

1971 3047 2118 3112 bilis,
2176 3063 2207 3102 a
2256 3048 2488 3103 materia
2580 3049 3025 3114 remotissimus.
3085 3050 3274 3121 ﬁgurae
3325 3066 3545 3122 expers,

285 3140 492 3194 είκόνα.
515 3139 640 3202 Πῶς
660 3141 770 3211 γὰρ
787 3140 849 3194 τὸ
869 3140 944 3212 μὴ
964 3141 1162 3212 όραθὲν
1185 3143 1619 3214 εἰκονισθήσεται
1640 3162 1656 3212 ;
1682 3165 1701 3198 ι
1730 3146 1864 3201 Θεὸν

284 3229 344 3283 δι
371 3229 547 3293 οὐδεὶς
572 3229 786 3301 ἑώρακε
826 3229 1052 3284 πώποτε
1073 3247 1088 3262 ·
1131 3233 1162 3284 6
1191 3233 1486 3304 μονογενὴς
1519 3234 1668 3304 Υἱὸς,
1716 3238 1746 3289 6
1787 3235 1864 3290 ῶν

285 3323 368 3385 είς
393 3322 486 3376 τὸν
513 3323 712 3376 κόλπον
745 3322 840 3376 τοῦ
877 3324 1113 3395 Πατρὸς,
1137 3324 1300 3389 αὐτὸς
1319 3325 1646 3396 ἐξηγήσατο.
1678 3346 1698 3379 ι
1730 3327 1861 3394 Καὶ,

292 3431 316 3468 ‹
341 3415 529 3477 Οὐδεὶς
580 3414 770 3484 δψεται
815 3414 878 3468 τὸ
931 3414 1224 3488 πρόσωπόν
1258 3433 1381 3488 μου,
1425 3418 1522 3472 καὶ
1552 3417 1797 3489 ζήσεται,
1838 3437 1856 3471 ι

283 3507 391 3581 ἔφη
421 3509 450 3564 6
468 3509 621 3573 Θεός.

359 3681 427 3754 η’.
463 3684 584 3736 ’Ὁτι
619 3683 677 3737 δὲ
717 3685 844 3753 τοίςξ
884 3685 1125 3750 εἰδώλοις
1173 3685 1250 3748 ὡς
1279 3685 1422 3750 Θεοῖς
1469 3689 1859 3760 προσεκύνουν,

284 3775 454 3828 ἄκουε
511 3777 563 3829 τί
591 3793 758 3847 φησιν
810 3779 844 3846 ἡ
900 3777 1094 3847 Γραφὴ
1156 3777 1216 3831 ἐν
1237 3781 1304 3850 τῇ
1350 3779 1548 3850 Ἐξόδῳ
1589 3782 1696 3834 τῶν
1731 3783 1862 3836 υἱῶν

299 3867 536 3941 Ἰσραὴλ,
563 3871 654 3923 ὅτε
681 3869 882 3940 ἀνῆλθε
916 3871 1160 3940 Μωῦσῆς
1197 3872 1280 3935 είς
1324 3872 1387 3925 τὸ
1417 3872 1545 3942 ὅρος
1581 3875 1738 3940 Σινᾶ,
1769 3876 1863 3930 καὶ

281 3963 532 4033 ἑχρόνισε
560 3961 942 4034 προσεδρεύων
987 3963 1068 4033 τῷ
1112 3963 1252 4034 Θεῷ,
1313 3964 1496 4019 λαϐεῖν
1554 3966 1646 4020 τὸν
1676 3968 1860 4038 νόμον,

280 4055 374 4106 ὅτε
407 4052 682 4122 ἐπανέστη
720 4055 748 4106 6
775 4052 1046 4124 ἀγνώμων
1077 4053 1210 4117 λαὸς
1257 4055 1465 4127 ’Δαρὼν
1495 4055 1575 4128 τῷ
1600 4058 1695 4112 τοῦ
1725 4059 1860 4113 Θεοῦ

281 4145 601 4215 θεράποντι,
635 4144 921 4214 λέγοντες·
956 4163 976 4196 ι
1013 4145 1247 4216 Ποίησον
1273 4149 1406 4218 ἡμῖν
1441 4147 1616 4216 θεοὺς,
1649 4151 1700 4204 οἳ
1729 4169 1862 4222 προ-

285 4237 652 4308 πορεύσονται
673 4237 857 4308 ἡμῶν.
902 4238 964 4291 ’θ
999 4237 1109 4312 γὰρ
1145 4237 1432 4311 ἄνθρωπος
1459 4235 1613 4305 οὗτος
1641 4245 1670 4296 6
1693 4245 1861 4298 Μωῦ-

284 4333 409 4401 σῆς,
435 4331 540 4383 οὐκ
556 4329 778 4418 οἴδαμέν
813 4329 867 4383 τί
886 4330 1112 4400 γέγονεν
1157 4331 1326 4402 αὐτῷ.
1365 4351 1385 4384 ι
1419 4329 1554 4388 Εἶτα
1585 4335 1672 4388 ὅτε
1705 4353 1865 4404 περι-

1967 3138 2508 3208 incireumscriptus,
2565 3145 2620 3192 et
2684 3137 3294 3210 incomprehensibilis,
3367 3141 3546 3211 imago

1963 3231 2115 3286 nulla
2171 3228 2287 3286 ﬁeri
2337 3229 2534 3299 possit.
2582 3226 2719 3285 Nam
2760 3230 3039 3301 quomodo
3103 3231 3238 3286 illud
3291 3231 3435 3302 quod
3489 3233 3546 3286 in

1963 3329 2248 3393 sapectum
2281 3337 2391 3377 non
2425 3322 2598 3386 cadit,
2627 3323 2810 3392 imago
2837 3322 3248 3392 reprmscntarit
3273 3323 3297 3376 ί
3324 3341 3342 3373 ι
3374 3323 3544 3378 Deum

1961 3421 2146 3471 autem
2165 3429 2327 3470 nemo
2366 3414 2503 3469 vidit
2544 3429 2785 3484 unquam
2823 3433 2836 3468 :
2870 3413 3190 3485 unigenitus
3225 3413 3420 3481 Filius,
3451 3415 3544 3486 qui

1961 3515 2046 3565 est
2091 3508 2146 3562 in
2182 3508 2305 3563 sinu
2339 3506 2543 3572 Patris,
2583 3507 2704 3578 ipse
2761 3507 3126 3562 enarravit".
3159 3525 3178 3560 ι
3207 3508 3293 3576 Ει,
3330 3526 3350 3560 ι
3377 3505 3548 3564 Nemo

1962 3601 2171 3656 videbit
2225 3600 2422 3656 faciem
2472 3615 2673 3665 meam,
2703 3607 2758 3654 et
2790 3599 2993 3654 vivet"
3027 3639 3043 3664 ,
3077 3617 3096 3651 ι
3131 3598 3207 3651 ait
3237 3599 3402 3654 Deus.

2031 3693 2084 3748 8.
2117 3690 2288 3746 Porro
2307 3691 2454 3761 quod
2478 3689 2769 3744 simulacra
2794 3696 3058 3758 tanquam
3091 3689 3226 3744 deos
3256 3691 3545 3758 coluerint,

1963 3780 2089 3835 audi
2135 3779 2272 3849 quid
2326 3785 2516 3834 narret
2567 3777 2851 3847 Scriptura
2900 3778 2952 3831 in
3005 3776 3195 3833 Exodo
3239 3779 3329 3846 (id
3363 3789 3449 3835 est
3487 3781 3544 3835 in

1961 3869 2138 3942 exitu)
2197 3870 2432 3926 ﬁliorum
2481 3868 2672 3934 Israel,
2706 3867 2927 3939 quando
2959 3867 3173 3938 Moyses
3210 3869 3266 3924 in
3302 3877 3541 3926 montem

1966 3961 2118 4017 Sinai
2154 3961 2426 4025 ascendit,
2464 3960 2652 4031 ibique
2697 3959 2895 4015 sedens
2923 3974 3048 4015 cum
3080 3958 3191 4016 Deo
3236 3975 3541 4017 commora-

1963 4063 2053 4109 tus
2092 4063 2195 4122 est,
2228 4061 2284 4108 ut
2327 4054 2498 4124 legem
2536 4055 2853 4124 acciperet:
2896 4053 3136 4127 quando,
3173 4053 3427 4126 inquam.
3455 4057 3541 4111 in-

1964 4152 2155 4215 gratus
2201 4143 2440 4214 populus
2477 4141 2743 4199 adversus
2786 4143 2967 4197 Aaron
3016 4144 3328 4215 insurgens,
3357 4144 3538 4202 dixit:

1969 4235 2117 4290 «Fac
2163 4235 2322 4292 nobis
2372 4235 2504 4290 deos
2567 4235 2662 4305 qui
2697 4250 2799 4290 nos
2832 4236 3162 4305 praecedant.
3197 4236 3367 4309 Moysi
3398 4240 3539 4293 enim

1967 4326 2096 4382 huic
2119 4326 2239 4381 viro
2262 4325 2581 4396 ignoramus
2605 4324 2735 4397 quid
2756 4325 3018 4381 acciderit
3051 4323 3116 4384 3‘.
3150 4347 3168 4380 ι
3194 4328 3398 4385 Deinde
3418 4345 3538 4386 cum

280 4421 427 4476 εἶλον
455 4422 552 4476 τὸν
579 4412 786 4492 κόσμῖον
811 4421 921 4476 τῶν
952 4423 1232 4491 γυναικῶν
1257 4424 1460 4492 αὐτῶν,
1500 4426 1594 4480 καὶ
1630 4427 1862 4497 ἐχώνευ-

1968 4419 2154 4474 ablato
2191 4418 2489 4474 mulierum
2520 4432 2744 4472 suarum
2777 4425 2998 4482 ornatu,
3032 4419 3309 4476 conflatile
3341 4421 3536 4477 confe-

283 4529 408 4577 σαν,
437 4514 534 4567 καὶ
558 4514 784 4584 ἔφαγον,
818 4516 913 4569 καὶ
964 4513 1142 4580 ἔπιον,
1175 4517 1272 4569 καὶ
1333 4517 1716 4590 ἰμεθύσθησαν
1759 4521 1862 4574 ὑπό

1970 4511 2198 4574 eissent,
2250 4508 2611 4565 comederunt
2671 4515 2726 4564 et
2789 4509 3070 4577 biberunt,
3136 4520 3300 4580 atque
3356 4526 3544 4565 errore

279 4621 343 4658 τε
370 4605 467 4660 τοῦ
499 4607 648 4660 οἴνου
677 4607 897 4678 καὶτῆς
936 4607 1167 4677 πλάνης,
1213 4608 1308 4661 καὶ
1343 4607 1580 4679 ἤρξαντο
1618 4611 1859 4678 παίζειν,

1969 4622 2070 4664 suo
2094 4621 2346 4677 peraeque
2375 4621 2440 4660 ae
2473 4605 2600 4660 vino
2620 4603 2759 4662 ebrii
2815 4614 3100 4676 coeperunt
3126 4606 3404 4672 ludere,et
3432 4622 3544 4677 prae

281 4697 346 4748 ἓν
365 4699 644 4769 ἀφροσύνῃ
666 4697 914 4765 λέγοντες
938 4714 952 4730 ο
995 4691 1184 4752 «Οὗτοι
1204 4700 1254 4752 οἱ
1290 4699 1402 4753 θεοί
1434 4717 1552 4767 σου,
1585 4703 1819 4775 Ἰσραήλ.
1836 4723 1854 4756 ι

1968 4699 2206 4753 amentia
2236 4698 2419 4753 dicere
2451 4715 2467 4754 :
2504 4715 2523 4748 ι
2556 4697 2620 4751 lli
2656 4708 2784 4752 sunt
2815 4698 2890 4752 dii
2916 4697 3018 4762 tui,
3053 4697 3221 4754 Israel
3242 4697 3306 4753 ³⁹.
3331 4717 3351 4750 ι
3376 4697 3543 4754 Plane

294 4785 479 4857 Ὁρᾷς,
508 4787 592 4840 ὅτι
619 4787 776 4850 θεοὺς
801 4783 948 4856 εἶχον
985 4788 1053 4841 τὰ
1111 4787 1334 4854 εἴδωλα,
1378 4788 1536 4844 ἅτινα
1586 4791 1858 4863 δαιμόνων

1969 4791 2121 4846 vides
2177 4789 2328 4860 quod
2388 4789 2706 4855 simulacra,
2743 4805 2865 4859 qua:
2919 4789 3197 4846 domicilia
3229 4789 3536 4846 daemonum

275 4874 422 4950 ἦσαν
463 4880 897 4950 πατοεκητήρια;
940 4881 1036 4935 καὶ
1087 4881 1169 4935 ὅτι
1217 4885 1286 4954 τῇ
1332 4883 1510 4938 κτίσει
1574 4886 1864 4956 ιλάτρευον

1968 4891 2144 4946 erant,
2176 4897 2278 4952 pro
2309 4880 2418 4938 diis
2437 4881 2752 4947 habuerint,
2778 4881 3037 4952 quodque
3059 4890 3327 4938 creaturae
3359 4883 3540 4953 potius

278 4968 434 5040 παρά
460 4969 894 5034 τον·Κτίσαντα;
936 4969 1136 5035 Καθὼς
1163 4988 1297 5042 φησι
1339 4975 1432 5028 καὶ
1467 4977 1496 5028 6
1525 4974 1666 5041 θεῖος
1704 4978 1864 5030 Ἀπόι

1968 4990 2129 5046 quam
2161 4973 2410 5029 Creatori
2440 4973 2760 5036 servierint,
2773 4973 2937 5042 juxta
2957 4984 3123 5045 atque
3151 4974 3370 5030 divinus
3393 4975 3539 5044 Apo-

282 5058 502 5123 στολοςο
535 5076 558 5111 ι’
588 5057 799 5123 οἵτινες
823 5058 1066 5130 ἤλλαξαν
1109 5061 1212 5131 τὴν
1239 5062 1401 5129 δόξαν
1439 5065 1535 5118 τοῦ
1583 5067 1863 5138 ἀφθάρτου

1968 5065 2144 5122 stolus
2176 5064 2254 5120 ait
2292 5079 2306 5116 :
2350 5083 2368 5116 ι
2391 5064 2495 5131 Qui
2530 5072 2892 5119 mutaverunt
2955 5065 3187 5136 gloriam
3246 5066 3536 5136 incorrup-

276 5149 437 5214 ϐαθύ,
455 5151 516 5202 ιν
541 5149 851 5220 ὁμοιώματι
869 5149 1113 5219 φθαρτοῦ
1133 5151 1444 5223 ἀνθρώπου,
1459 5157 1554 5209 καὶ
1575 5158 1861 5222 πετεινῶν,

1968 5157 2138 5214 libilis
2171 5154 2267 5210 Dei
2301 5156 2355 5210 in
2391 5154 2812 5216 similitudinem
2863 5155 3241 5226 corruptibilis
3270 5156 3533 5220 hominis,

273 5243 376 5296 καὶ
427 5244 798 5315 τετραπόδων,
843 5244 942 5297 καὶ
973 5243 1244 5315 ἑρπετῶν,
1272 5248 1366 5300 καὶ
1417 5248 1753 5320 ἐλάτρευσαν
1789 5255 1853 5324 τῇ

1968 5261 2020 5306 ει
2053 5250 2365 5315 volucrum,
2399 5258 2454 5304 et
2485 5246 2928 5320 quadrupedum,
2974 5257 3027 5304 ct
3061 5251 3426 5321 serpentium,
3479 5257 3535 5303 ct

344 5421 396 5454 ⁸⁸
426 5419 804 5495 Ioan.__v_,_39_.
842 5489 857 5495 _
879 5422 927 5454 ³⁵
954 5420 1125 5479 Hebr.
1165 5439 1243 5487 Vt,
1272 5424 1360 5480 18.
1437 5426 1484 5458 ³⁸
1513 5424 1678 5482 llebr.
1713 5444 1756 5495 ι,
1785 5429 1836 5483 Ι.

1979 5426 2140 5484 Joan.
2173 5444 2210 5492 ι,
2253 5427 2338 5482 18.
2414 5427 2457 5457 ³⁷
2495 5423 2669 5482 Exod.
2698 5438 2896 5492 χχχιιι,
2928 5423 3018 5478 20.

277 5491 304 5548 ι
349 5495 506 5564 seqq.
584 5491 629 5522 ιθ
664 5492 800 5546 ibid.
829 5489 888 5544 ιι.

3100 5425 3140 5455 ³⁸
3165 5424 3334 5482 Exod.
3357 5441 3534 5490 χχχιι,

1551 5581 1785 5640 VARUS
1823 5583 2230 5644 LECTlONES.

348 5695 372 5719 ο
397 5675 561 5736 Forte
589 5678 780 5750 legend
794 5693 880 5733 um
915 5677 994 5733 δέ.

615 5742 890 5838 Damon.
936 5773 1053 5833 Gn.
1101 5767 1308 5831 XCIV.
3218 5742 3282 5800 ιι
