3936 6174
323 266 458 331 12ηὸ

1505 266 1565 325 5.
1596 266 1916 328 JOANNIS
1948 267 2379 333 DAMASCENI

3441 271 3600 338 1296

320 379 444 428 fana
492 369 802 441 templaque
852 370 1162 425 dremonum
1204 377 1549 433 everterunt,
1588 372 1752 441 inque
1795 387 1891 426 eo-

2005 377 2166 444 Ξιγίων
2198 378 2448 448 ἤγειραν,
2479 378 2572 430 καὶ
2599 377 2819 442 τούτους
2865 377 3119 449 σέϐομεν,
3150 377 3297 433 οὕτω
3339 381 3434 434 καὶ
3482 380 3602 442 τὰς

318 480 442 522 rum
478 462 615 517 locis
668 469 988 517 sanctorum
1045 462 1254 517 nomini
1317 463 1517 532 templa
1567 471 1892 518 construxe-

320 568 468 621 runt,
503 571 756 627 quantos
794 556 1075 610 colimus:
1107 555 1186 610 sic
1234 563 1291 611 et
1337 555 1631 611 simulacra
1684 555 1892 610 daemo-

318 668 452 708 num
502 651 868 714 sustulerunt,
923 655 1093 718 atque
1149 649 1371 702 illorum
1425 649 1548 704 loco
1599 647 1807 703 Christi
1841 657 1896 702 et

322 741 564 810 Deiparae
585 749 639 794 et
672 747 989 792 sanctorum
1029 737 1299 807 imagines
1328 747 1664 794 statuerunt.
1701 740 1757 794 ln
1788 736 1896 793 Ve-

317 832 420 885 teri
461 829 680 900 quidem
731 827 1112 890 Testamento,
1167 843 1268 884 nec
1318 830 1520 898 templa
1571 837 1894 886 sanctorum

317 922 528 978 nomini
563 922 846 992 erigebant
878 919 1158 984 Israelilm,
1197 935 1298 975 nec
1331 919 1616 975 hominum
1655 935 1896 975 comme-

318 1019 553 1074 moratio
587 1015 782 1072 festiva
815 1023 955 1071 erat.
1006 1013 1201 1068 Adhuc
1229 1015 1376 1069 enim
1416 1013 1654 1067 humana
1697 1020 1894 1066 natura

318 1106 692 1166 maledictioni
733 1114 850 1162 erat
880 1104 1142 1170 obnoxia,
1179 1111 1234 1158 et
1293 1119 1442 1159 mors
1483 1117 1644 1174 poena
1687 1111 1741 1158 et
1770 1117 1895 1172 sup-

315 1203 540 1274 plicium
566 1207 706 1266 erat,
734 1199 879 1253 unde
917 1198 1210 1269 lugebatur
1242 1215 1255 1253 :
1312 1204 1367 1253 et
1422 1197 1626 1251 mortui
1653 1196 1895 1251 cadaver

316 1293 660 1352 iuunundum
693 1291 1024 1359 habebatur,
1079 1300 1245 1361 atque
1290 1291 1380 1346 ille
1426 1289 1592 1346 etiam
1636 1287 1726 1361 qui
1757 1289 1893 1344 illud

317 1388 609 1458 tetigisset.
655 1383 733 1438 Ex
772 1397 883 1454 quo
911 1391 1094 1436 autem
1132 1389 1348 1436 naturae
1391 1389 1616 1445 nostrae,
1653 1396 1754 1435 ceu
1782 1396 1895 1436 me-

315 1478 569 1532 dicamen
599 1475 871 1546 quoddam
897 1471 1176 1527 viviﬁeum
1219 1478 1274 1528 et
1305 1471 1547 1538 salubre,
1589 1469 1780 1540 juncta
1811 1482 1896 1525 est

315 1569 600 1633 divinitas,
647 1566 738 1620 illa
764 1566 1030 1635 deinceps
1081 1565 1225 1618 facta
1274 1571 1358 1618 est
1389 1563 1651 1634 gloriosa,
1683 1562 1897 1633 fuitque

318 1662 371 1714 in
403 1658 877 1729 incorruptionem
921 1653 1342 1710 transformata.
1375 1653 1726 1724 Quapropter
1764 1667 1896 1710 san-

1992 469 2208 533 εἰκόνας
2265 468 2374 522 τῶν
2422 470 2693 538 δαιμόνων
2744 469 3018 534 καθεῖλον,
3070 471 3169 524 καὶ
3217 471 3604 525 ἀντ’ὲκείνιιιν

1993 560 2224 630 ἤγειραν
2255 560 2472 624 εἰκόνας
2496 560 2757 631 Χριστοῦ,
2781 562 2877 616 καὶ
2897 563 2998 633 τῆς
3026 561 3318 629 Θεοτόκω,
3342 566 3442 618 καὶ
3473 566 3603 619 τῶν

1999 650 2190 719 ἁγίων.
2233 651 2348 705 Καὶ
2410 651 2505 705 ἐπὶ
2543 651 2642 722 μὲν
2688 651 2792 722 τῆς
2828 652 3097 718 Παλαιᾶς,
3133 653 3259 708 οὔτε
3302 649 3469 720 ναοὺς
3495 657 3602 709 ἐπ’

1997 741 2224 812 ὀνόματι
2254 742 2558 814 ἀνθρώπων
2599 743 2819 814 ἤγειρεν
2869 747 2899 798 6
2942 743 3177 816 Ἰσραὴλ,
3205 746 3330 800 οὗτε
3366 748 3616 817 μνημό-

1997 847 2156 884 συνον
2179 831 2470 902 ἀνθρώπου
2523 832 2835 900 ἑορτάζετο.
2880 832 3005 886 Ἔτι
3031 835 3141 905 γὰρ
3177 835 3280 889 ὑπὸ
3331 837 3606 908 κατάραν

1997 916 2066 993 ἦν
2090 923 2121 990 ἡ
2146 921 2254 977 τῶν
2285 921 2592 993 ἀνθρώπων
2624 921 2807 991 φύσις,
2849 923 2943 976 καὶ
2978 924 3008 976 6
3041 924 3272 988 θάνατος
3308 927 3606 997 κατάκρι-

1999 1027 2083 1073 σις
2107 1006 2197 1082 ἢν,
2223 1010 2303 1064 διὸ
2362 1011 2456 1065 καὶ
2494 1011 2806 1065 ὲπενθεῖτο·
2851 1011 2947 1067 καὶ
2988 1012 3050 1066 τὸ
3081 1013 3241 1084 σῶμα
3263 1014 3358 1067 τοῦ
3380 1014 3592 1085 τεθνηο

1997 1101 2152 1165 κότος
2186 1101 2496 1175 ἀκάθαρτον
2523 1102 2824 1172 ἐλογίζετο,
2858 1105 2953 1158 καὶ
2976 1105 3003 1158 6
3057 1105 3364 1174 ἁπτόμενος
3386 1106 3602 1162 αὑτοῦ.

1997 1192 2112 1245 Νῦν
2145 1192 2218 1259 δὲ,
2246 1195 2338 1263 ἀφ’
2364 1190 2425 1250 οῦ
2454 1197 2487 1267 ἡ
2522 1195 2716 1267 θεότης
2758 1200 2825 1267 τῇ
2870 1197 3118 1270 ἡμετέρα
3169 1199 3330 1268 φύσεί
3387 1215 3608 1255 συναν»

1999 1284 2232 1355 εκρὰθη,
2287 1281 2396 1339 οἷόν
2442 1303 2496 1340 τι
2549 1287 2815 1352 ζωοποιὸν
2844 1289 2937 1342 καὶ
2971 1289 3238 1362 σωτήριον
3265 1291 3602 1363 φάρμακον,

1997 1377 2258 1450 ἐδοξάσθη
2292 1380 2324 1449 ἡ
2356 1378 2718 1451 φύωςήμῶν,
2772 1382 3034 1453 καὶπρὸς
3074 1383 3387 1456 ἀφθαρσίαν
3455 1403 3606 1456 μετ-

1999 1469 2372 1541 εστοιχειώθη.
2388 1469 2479 1552 ᾼιὸ
2511 1471 2605 1524 καὶ
2631 1473 2661 1525 ό
2676 1471 2786 1524 τῶν
2804 1473 2976 1542 ἁγίων
2997 1473 3224 1539 θάνατος
3244 1474 3603 1548 ἐορτάζεται,

1999 1560 2094 1615 καὶ
2123 1561 2240 1615 ναοὶ
2275 1562 2462 1625 αὐτοῖς
2490 1562 2820 1634 ἐγείρονται,
2875 1565 2970 1618 καὶ
2997 1566 3208 1630 εἰκόνες
3233 1568 3603 1640 ἀναγράφονο

1999 1670 2109 1707 ται.
2142 1653 2464 1708 Γινωσκέτω
2489 1650 2584 1709 οὗν
2617 1656 2726 1718 πᾶς
2757 1655 3077 1728 ἄνθρωπος,
3117 1659 3200 1722 ὡς
3220 1660 3250 1712 6
3275 1661 3376 1732 τὴν
3395 1661 3607 1716 εἰκόνα

315 1758 530 1802 ctornm
567 1755 795 1801 mortem
834 1743 1200 1810 celebramus,
1237 1743 1301 1798 ‘in
1347 1745 1593 1814 ipsorum
1628 1745 1891 1800 honorem

2005 1743 2094 1814 τὴν
2121 1744 2257 1815 πρὸς
2281 1743 2438 1811 δόξαν
2503 1746 2598 1800 καὶ
2645 1745 2955 1818 ὑπόμνησιν
2995 1747 3090 1801 τοῦ
3120 1729 3382 1821 Χριστοῦ,
3413 1749 3450 1820 ἢ
3488 1751 3609 1821 τῆς

316 1840 517 1910 templa
553 1838 921 1903 exstruimus,
965 1851 1268 1905 eorumque
1289 1836 1568 1906 pingimus
1603 1837 1893 1907 imagines.

316 1929 576 1984 Noverint
625 1926 794 1998 igitur
854 1923 1099 1978 universi
1152 1923 1331 1989 iilum,
1366 1923 1460 1994 qui
1499 1923 1788 1995 imaginem
1827 1923 1897 1978 ad

315 2022 542 2084 tzbristi,
570 2028 664 2072 aut
701 2016 898 2072 matris
933 2016 1068 2087 ejus
1122 2013 1392 2087 Deiparze,
1431 2025 1526 2072 aut
1577 2023 1895 2072 sanctorum

317 2113 555 2183 alicujus
588 2110 818 2182 gloriam
852 2117 907 2164 et
942 2107 1416 2175 recordationem,
1455 2124 1667 2165 necnon
1695 2110 1752 2164 in
1777 2109 1898 2164 dia-

318 2206 428 2260 boli
461 2215 515 2261 et
567 2203 880 2258 daemonum
935 2201 1057 2270 ejus
1119 2201 1482 2271 Opprobrium
1550 2208 1605 2257 et
1657 2202 1896 2266 ruinam,

317 2299 508 2353 divino
579 2297 765 2353 studio
810 2303 863 2350 et
913 2294 1117 2350 ardore
1168 2293 1482 2360 formatam,
1537 2294 1900 2364 aggrediatur

318 2397 588 2450 «wet-tere,
650 2392 704 2439 et
756 2399 866 2437 non
923 2384 1107 2454 potius
1139 2397 1262 2437 eam
1295 2397 1398 2437 ceu
1430 2382 1650 2454 dignam
1689 2384 1901 2439 bo'nore

320 2479 638 2551 imaginem,
674 2490 785 2530 non
827 2483 1010 2529 tamen
1063 2482 1123 2528 ut
1154 2473 1350 2538 Deum,
1403 2474 1617 2538 adoret,
1671 2476 1816 2528 colat
1848 2484 1904 2529 et

321 2573 739 2641 romplectatur,
769 2567 1058 2622 inimicum
1103 2566 1254 2621 hunc
1288 2581 1412 2622 esse
1441 2566 1666 2632 Christi,
1693 2574 1746 2622 et
1772 2583 1904 2622 san-

320 2678 420 2719 uta:
453 2661 544 2719 Dei
580 2659 897 2723 Genitricis,
923 2667 1085 2729 atque
1120 2667 1460 2725 sanctorum,
1506 2658 1712 2714 diaboli
1751 2657 1906 2714 lnsu-

321 2772 417 2831 per
457 2767 510 2814 et
559 2758 865 2812 dmmonum
905 2755 1088 2824 ipsius
1137 2752 1412 2807 vindicem
1462 2759 1516 2807 et
1561 2740 1850 2824 patronum
1887 2769 1901 2808 :

1996 1836 2186 1891 τούτου
2205 1837 2427 1908 Μητρὸς
2445 1838 2543 1908 τῆς
2563 1837 2722 1907 ἁγίας
2735 1838 3022 1904 Θεοτόκου,
3048 1840 3081 1911 ἦ
3105 1855 3248 1903 τινος
3269 1839 3373 1892 τῶν
3386 1841 3603 1908 ἁγίων,

1997 1931 2090 1984 καὶ
2120 1927 2256 2001 πρὸς
2291 1928 2556 2000 αἰσχύνην
2611 1928 2706 1982 τοῦ
2756 1928 3002 1983 διαόόλου
3035 1930 3129 1982 καὶ
3183 1926 3358 2002 ἧτταν
3389 1931 3604 1994 αὑτοῦ,

1998 2022 2093 2076 καί
2121 2021 2229 2075 τῶν
2256 2019 2525 2092 δαιμόνων
2557 2017 2747 2087 αὐτοῦ,
2797 2022 2859 2074 ἐκ
2890 2020 3038 2074 θείου
3083 2020 3250 2074 πόθου
3285 2024 3380 2076 καὶ
3414 2023 3606 2094 ζήλου

1998 2112 2320 2182 γενομένην,
2354 2111 2645 2166 καταλύειν
2669 2109 2981 2182 ἐπιχειρῶν,
3015 2113 3110 2164 καὶ
3149 2111 3223 2184 μὴ
3261 2115 3608 2186 προσκυνῶν

2002 2203 2096 2257 καὶ
2142 2202 2320 2274 τιμῶν
2360 2203 2454 2258 καί.
2506 2189 2896 2272 ἀσπαζόμενος
2935 2201 3011 2267 ὡς
3046 2203 3232 2258 εἰκόνα
3250 2205 3463 2276 τιμίαν,
3496 2208 3609 2259 καὶ

2000 2292 2099 2362 οὐχ
2127 2291 2203 2356 ὡς
2236 2291 2390 2356 Θεὸν,
2427 2291 2620 2362 ἐχθρός
2645 2294 2762 2346 ἐστι
2796 2291 2888 2346 τοῦ
2913 2293 3152 2364 Χριστοῦ
3184 2296 3278 2348 καὶ
3294 2296 3387 2366 τῆς
3420 2297 3608 2366 ἁγίας

2001 2385 2266 2438 Θεοτόκου
2301 2384 2392 2437 καὶ
2410 2384 2518 2437 τῶν
2550 2383 2746 2452 ἁγίων,
2781 2384 2878 2438 καὶ¹
2902 2384 3194 2457 ἐκδικητης
3217 2385 3310 2440 τοῦ
3335 2387 3607 2442 διαϐόλου

2004 2478 2100 2532 καὶ
2124 2475 2233 2531 τῶν
2263 2475 2535 2547 δαιμόνων
2588 2475 2756 2530 αὑτοῦ
2779 2493 2794 2508 ⁸
2827 2475 2976 2548 ἔργῳ
3023 2477 3468 2550 ἐπιδεικνύμενος
3492 2482 3608 2552 τὴν

2004 2571 2206 2640 λύπην,
2225 2569 2305 2624 ὃτι
2333 2571 2361 2623 6
2387 2569 2518 2633 Θεὸς
2571 2569 2665 2622 καὶ
2715 2571 2766 2622 οἰ
2797 2569 2947 2638 ἅγιοι
2974 2570 3140 2624 αὐτοῦ
3198 2572 3463 2642 τιμῶνται
3495 2574 3607 2626 καὶ

2005 2664 2354 2728 δοξάζονταιο
2385 2664 2415 2715 6
2463 2662 2519 2715 δὲ
2570 2661 2818 2725 διάϐολος
2874 2662 3323 2733 καταισχύνεται.
3363 2663 3432 2718 Ἦ
3481 2666 3608 2737 γὰρ

2009 2755 2173 2809 εἰκὼν
2201 2753 2472 2827 θρίαμϐός
2504 2754 2642 2845 ἐστι,
2676 2755 2772 2808 καὶ
2803 2756 3131 2828 φανέρωσις,
3167 2759 3263 2812 καὶ
3288 2761 3607 2831 στηλογρα-

322 2853 524 2924 quippe
599 2849 691 2920 qui
781 2861 924 2918 :rgre
1000 2846 1244 2915 patiatur
1333 2843 1501 2900 Deum
1578 2856 1901 2919 sanctosque

2011 2849 2107 2918 φία
2131 2850 2212 2910 εἰς
2249 2847 2474 2918 μνήμην
2495 2843 2601 2919 τῆς
2640 2848 2802 2919 νίκης
2854 2849 2963 2905 τῶν
3013 2851 3456 2922 ἀριστευσάντων
3502 2854 3612 2907 καὶ

322 2945 442 3014 ejus
475 2942 660 2998 debito
695 2941 904 2994 bouore
954 2945 1007 2992 et
1045 2936 1216 3007 gloria
1257 2934 1416 3003 aiiici,
1469 2934 1746 2991 diabolum
1783 2953 1901 2994 vero

2011 2939 2450 3010 διαπρεψάντων,
2484 2940 2580 2993 καὶ
2604 2940 2702 3011 τῆς
2758 2942 3022 3013 αἰσχύνης
3083 2941 3193 2996 τῶν
3242 2945 3610 3016 ἡττηθέντων

325 3033 626 3104 ignominia
678 3030 914 3101 aspergi.
969 3028 1153 3099 Imago
1221 3028 1367 3082 cnim
1418 3027 1736 3099 triumphus
1784 3033 1901 3102 qui-

2012 3035 2104 3088 καί
2134 3031 2586 3103 καταϐληθέντων
2617 3031 2910 3102 δαιμόνων.
3185 3040 3189 3042 ’

325 3127 451 3182 dam
520 3135 626 3192 est,
708 3134 757 3180 et
807 3122 1203 3185 manifestatio,
1265 3121 1717 3193 inswlptumque
1769 3140 2208 3194 monumentum,
2264 3135 2448 3183 erecta
2516 3125 2570 3179 in
2623 3127 2946 3180 memoriam
2995 3125 3237 3191 illorum,
3289 3126 3381 3198 qui
3453 3135 3611 3184 stre.

328 3233 438 3272 nuo
466 3216 1033 3288 prmstantissimoquc
1083 3213 1265 3267 animo
1311 3226 1434 3268 sese
1479 3224 1800 3287 gesserunt,
1860 3231 2024 3294 atque
2082 3224 2139 3280 i-n
2215 3220 2548 3284 daemonum,
2596 3217 2688 3289 qui
2734 3217 2933 3272 devicti
2978 3217 3363 3292 proﬂigatique
3439 3229 3609 3284 sunt,

328 3322 564 3378 perenne
596 3307 851 3360 dedecus.

396 3401 491 3455 '12.
520 3399 696 3455 Penes
739 3399 1104 3468 imperatores
1139 3405 1385 3468 potestas
1436 3415 1544 3455 non
1580 3410 1687 3469 cst,
1719 3416 1774 3460 ut
1797 3404 1902 3464 Ec-

330 3493 514 3548 c‘lesize
557 3491 708 3562 leges
735 3487 1009 3543 sauciant.
1047 3487 1282 3544 Attende
1307 3489 1438 3560 quid
1486 3491 1632 3547 dicat
1665 3495 1907 3566 Aposto-

329 3588 438 3642 lus.
481 3580 589 3638 iEt
632 3582 904 3654 quosdam
951 3581 1172 3651 quidem
1220 3585 1408 3652 posuit
1445 3581 1590 3641 Deus
1628 3587 1683 3641 in
1719 3587 1909 3646 Eccle-

329 3675 432 3744 sia,
468 3677 708 3746 primum
744 3673 1055 3744 apostolos,
1109 3671 1354 3728 secundo
1393 3675 1710 3746 prophetas,
1750 3680 1911 3736 tertio

331 3777 581 3842 pastores
608 3777 663 3823 et
685 3765 943 3823 doctores
978 3764 1046 3820 ad
1081 3764 1476 3836 perfectionem
1509 3767 1856 3827 Ecclesire”.
1885 3792 1904 3826 ι

328 3862 452 3918 Non
500 3858 724 3932 adjecit,
772 3859 1143 3928 imperatores.
1180 3854 1253 3910 'Et
1299 3873 1565 3914 rursum:
1621 3879 1640 3912 ι
1679 3859 1910 3918 Obedite

329 3945 494 4027 336
528 3949 835 4022 praepositis
869 3946 1069 4002 vestris
1097 3953 1152 4000 et
1183 3946 1463 4015 subjaccte
1491 3949 1593 4004 eis.
1627 3947 1733 4021 Ipsi
1764 3953 1910 4008 enim

330 4043 680 4115 pervigilant,
737 4038 896 4110 quasi
946 4039 1219 4092 rationem
1260 4052 1360 4110 pro
1395 4039 1687 4114 animabus
1712 4043 1909 4098 vestris

332 4135 708 4193 reddituri“)
743 4130 1000 4201 Idemque
1033 4145 1226 4184 rursus
1255 4147 1268 4184 ε
1311 4149 1330 4181 ‹
1359 4125 1684 4188 Mementote
1709 4147 1913 4204 prapo-

332 4230 564 4284 sitorum
624 4233 961 4289 vestrorum,
1029 4221 1124 4294 qui
1173 4221 1331 4277 vobis
1389 4221 1560 4278 locuti
1612 4234 1745 4281 sunt
1783 4242 1910 4282 ver-

332 4322 459 4374 bum
527 4318 643 4386 Dei,
677 4331 913 4388 quorum
967 4315 1248 4370 intuentes
1286 4315 1494 4370 exitum
1529 4318 1909 4374 conversatio-

334 4412 442 4477 nis,
481 4407 777 4464 imitamini
812 4406 973 4463 ﬁdem
999 4399 1069 4462 η.
1113 4424 1131 4458 ι
1163 4405 1407 4461 Verbum
1439 4406 1610 4462 locuti
1642 4423 1749 4462 non
1781 4416 1912 4465 sunt

2084 3407 2173 3478 ιβ’.
2215 3404 2288 3457 Οὐ
2323 3399 2588 3473 βασιλέων
2622 3399 2739 3452 ἐστὶ
2787 3396 3099 3472 νομοθετεῖν
3141 3400 3208 3470 τῇ
3272 3397 3579 3470 Ἐκκλησία

2013 3501 2078 3554 Τί
2108 3513 2270 3569 φησιν
2302 3496 2330 3548 6
2361 3494 2500 3558 θεῖος
2533 3491 2894 3557 Ἀπόστολος;
2930 3511 2949 3543 ι
2982 3492 3093 3545 Καὶ
3135 3490 3230 3554 οὓς
3260 3491 3359 3562 μὲν
3384 3490 3542 3544 ἔθετο
3575 3494 3608 3546 ἑ

2014 3594 2148 3658 Θεὸς
2177 3595 2235 3647 ὲν
2255 3591 2322 3660 τῇ
2365 3584 2663 3656 Ἐκκλησία
2688 3600 2701 3613 ο
2739 3583 2979 3656 πρῶτον,
3033 3582 3371 3644 ἀποστολόυς
3394 3598 3410 3613 ·
3471 3581 3608 3635 δεῦ-

2015 3703 2193 3758 τερον,
2232 3681 2517 3753 προφήτας
2534 3693 2548 3708 ο
2582 3676 2790 3747 τρίτον,
2810 3675 3079 3742 ποιμένας
3100 3673 3197 3727 καὶ
3213 3671 3606 3739 διδασκάλους,

2015 3777 2152 3848 πρὸς
2179 3774 2272 3828 τὸν
2295 3769 2674 3844 καταρτισμὸν
2703 3767 2801 3836 τῆς
2843 3764 3196 3837 Ἐκκλησίας.
3241 3784 3260 3818 ι
3294 3765 3406 3820 Οὐκ
3445 3759 3602 3829 εἷπε,

2007 3861 2314 3930 βασιλεῖς.
2346 3858 2458 3914 Kal.
2489 3856 2654 3912 πάλιν
2677 3874 2692 3888 ·
2731 3876 2750 3909 ε
2794 3854 3056 3910 Πείθεσθε
3113 3857 3224 3918 τοῖς
3269 3855 3608 3925 ἡγουμένοις

2013 3954 2187 4026 ὑμῶν,
2225 3951 2319 4006 καὶ
2346 3949 2622 4004 ὑπείκετε.
2671 3947 2836 4001 Αὐτοὶ
2883 3945 2993 4020 γὰρ
3039 3944 3412 4016 ἀγρυπνοῦσιν
3454 3944 3608 4017 ὑπὲρ

2011 4048 2119 4100 τῶν
2150 4043 2336 4117 ψυχῶν
2395 4042 2572 4114 ὑμῶν,
2623 4040 2700 4106 ὡς
2761 4037 2921 4108 λόγον
2976 4037 3371 4101 ἀποδώσοντες.
3409 4055 3430 4089 ι
3487 4037 3611 4091 Καὶ

2013 4134 2200 4202 αὖθις·
2235 4155 2253 4188 ι
2293 4133 2685 4205 Μνημονεύετε
2748 4128 2859 4184 τῶν
2921 4127 3243 4200 ἡγουμένων
3295 4125 3490 4196 ὖμῶν,
3523 4125 3611 4178 οτ-

2011 4247 2156 4293 τινες
2187 4228 2458 4297 ἐλάλησαν
2499 4225 2629 4295 ύμῖν
2676 4221 2767 4277 τὸν
2808 4221 2986 4291 λόγον,
3032 4217 3109 4274 ὧν
3162 4217 3609 4288 ἀναθεωροῦντες

2015 4323 2116 4395 τὴν
2138 4319 2507 4392 ἀναστροφὴν,
2541 4307 2772 4388 ζηλοῦτε
2802 4315 2901 4386 τὴν
2951 4315 3156 4368 πίστιν.
3197 4331 3217 4365 ι
3245 4312 3361 4365 Οὐκ
3397 4309 3609 4380 ἐλάλη-

2019 4431 2120 4468 σαν
2153 4413 2284 4484 ὴμῖν
2315 4409 2405 4464 τὸν
2432 4408 2591 4477 λόγον
2624 4407 2673 4460 οἱ
2705 4403 2964 4476 βασιλεῖς,
2998 4403 3136 4459 ἀλλὰ
3180 4397 3473 4456 ἀπόστολοι
3505 4398 3611 4452 καὶ

333 4502 490 4556 vobis
527 4514 706 4570 reges,
739 4497 833 4553 sed
867 4496 1106 4568 apostoli
1134 4504 1189 4552 et
1219 4497 1516 4569 prophetaz,
1548 4506 1901 4569 pastoresque

2015 4505 2314 4579 προφῆται,
2341 4503 2602 4573 ποιμένες
2655 4517 2715 4554 τε
2761 4497 2856 4552 καὶ
2913 4493 3246 4550 διδάσκαλοι.
3292 4491 3386 4562 Τῷ
3433 4489 3612 4544 Δασῖδ

333 4605 387 4647 et
413 4595 692 4648 doctores.
747 4589 885 4643 Cum
919 4588 1064 4644 Deus
1116 4587 1311 4642 Davidi
1340 4587 1408 4642 de
1438 4588 1603 4644 domo
1633 4589 1740 4645 sibi
1777 4590 1910 4645 aedi-

2019 4597 2398 4668 ὲντειλάμενος
2454 4597 2482 4647 6
2535 4593 2668 4656 Θεὸς
2700 4591 3058 4661 οἰκοδομῆσαι
3111 4585 3260 4656 αὐτῷ
3287 4581 3460 4646 οἶκον,
3494 4582 3611 4653 ἔφη

338 4684 549 4740 licenda
598 4681 952 4753 iojunsisset,
1019 4680 1099 4735 sic
1159 4680 1393 4751 posthac
1441 4696 1566 4735 eum
1627 4681 1901 4738 allocutus

2019 4690 2156 4764 πρὸς
2190 4689 2371 4755 αὐτὸν,
2433 4688 2516 4740 ὃτι
2579 4704 2597 4736 ι
2631 4685 2746 4738 Οὐκ
2781 4682 3160 4752 οἰκοδομήσεις
3203 4695 3293 4749 μοι
3333 4677 3399 4729 σὺ
3429 4669 3607 4735 οἷκον,

335 4783 420 4832 est
451 4793 464 4828 :
498 4792 518 4826 ι
556 4770 674 4828 Non
727 4783 783 4828 tu
811 4770 1119 4826 adiﬁcabis
1177 4771 1310 4826 mihi
1350 4771 1599 4838 domum,
1649 4773 1782 4843 quia
1830 4773 1901 4827 vit

2019 4781 2207 4853 ἐπειδὴ
2237 4780 2378 4850 ἀνὴρ
2409 4777 2657 4849 αἱμάτων
2695 4777 2760 4830 σὺ
2814 4769 2885 4829 εἶ.
2929 4793 2949 4827 ι
2982 4801 3052 4816 --
3091 4791 3112 4825 ι
3165 4770 3420 4826 Ἀπόδοτε
3465 4769 3612 4822 πᾶσι

337 4865 664 4937 sanguinem
678 4879 737 4922 es
751 4865 821 4918 ".
835 4881 958 4916 ι-ι
970 4862 1202 4919 Reddite
1219 4865 1478 4921 omnibus
1491 4865 1696 4935 debita,
1711 4867 1901 4923 clama-

2020 4874 2121 4937 τὰς
2150 4871 2395 4942 όφειλὰς,
2427 4871 2456 4923 6
2494 4869 2815 4932 Ἀπόστολος
2851 4867 3200 4938 ἁνακέκραγε
3246 4862 3480 4926 Παῦλος,
3526 4859 3613 4930 τῷ

338 4962 432 5016 hat
463 4959 784 5030 Apostolus,
827 4958 917 5012 cui
949 4956 1241 5023 tributum,
1289 4958 1595 5026 tributum;
1628 4960 1715 5014 cui
1747 4959 1901 5014 vecti-

2023 4965 2125 5034 τὴν
2152 4963 2340 5033 τιμὴν,
2404 4961 2504 5030 τὴν
2553 4961 2720 5030 τιμήν
2741 4975 2757 4990 ·
2811 4957 2890 5028 τῷ
2919 4959 3012 5011 τὸν
3039 4957 3227 5027 φόϐον,
3260 4955 3350 5008 τὸν
3387 4951 3560 5023 φόϐον
3591 4967 3612 4984 ⁶

339 5054 426 5120 gat
445 5091 461 5117 ,
489 5049 746 5119 vectigal;
773 5048 859 5103 cui
886 5049 1162 5113 timorem,
1189 5047 1475 5116 timorem;
1505 5050 1594 5104 cui
1628 5049 1892 5105 honorem

2025 5055 2103 5127 τῷ
2149 5056 2241 5110 τὸν
2285 5053 2472 5123 φόρον,
2508 5051 2600 5104 τὸν
2626 5050 2792 5121 φόρον
2819 5065 2834 5080 ο
2864 5049 2943 5120 τῷ
2979 5049 3042 5101 τὸ
3064 5049 3237 5112 τέλος,
3271 5046 3333 5101 τὸ
3369 5043 3548 5107 τέλος.
3585 5061 3606 5095 ι

340 5145 604 5200 honorem
635 5143 702 5196 “.
728 5141 845 5197 »Διὶ
888 5142 1251 5212 imperatores
1290 5150 1500 5213 spectat
1526 5152 1674 5198 recta
1710 5143 1792 5198 rei
1823 5158 1901 5213 ριιι

2028 5146 2305 5201 Βασιλέων
2330 5145 2476 5197 ἐστὶν
2505 5145 2538 5212 ἡ
2563 5141 2816 5212 πολιτικὴ
2837 5139 3107 5210 εὐπραξία
3131 5155 3145 5168 ο
3174 5140 3208 5208 ἠ
3236 5137 3293 5190 δὲ
3319 5135 3613 5204 ἐκκλησιας

343 5236 500 5290 blicn
522 5233 966 5289 administratio:
992 5231 1254 5289 Ecclesiae
1286 5234 1553 5305 regimen,
1573 5233 1640 5288 ad
1672 5241 1901 5304 pastore:

2030 5238 2191 5309 στικὴ
2224 5237 2587 5297 κατάστασις,
2629 5233 2906 5309 ποιμένων
2947 5233 3042 5284 καὶ
3101 5228 3466 5283 διδασκάλων.
3504 5228 3621 5296 Δῃ-

342 5327 692 5384 ot-doctorcs.
724 5323 1009 5395 Ejusmodi
1040 5324 1253 5382 invasio
1283 5325 1632 5380 latrocinium
1662 5333 1771 5391 est,
1806 5325 1901 5380 Ira-

2028 5308 2225 5398 στρικὴ
2271 5322 2462 5392 εφοδός
2513 5325 2662 5374 ἐστιν
2718 5308 2883 5391 αὕτη,
2939 5319 3178 5388 ἀδελφοί.
3220 5319 3282 5370 ὐ
3329 5315 3506 5369 Σαοὺλ
3547 5313 3615 5364 τι

345 5427 478 5474 tres.
511 5418 652 5473 Cum
705 5417 979 5473 Samuelis
1014 5416 1244 5488 pallium
1290 5417 1548 5473 scidisset
1593 5418 1750 5486 Saul,
1785 5418 1901 5489 quit

2027 5416 2245 5486 ἱμάτιον
2318 5413 2506 5484 ἔσχισε
2550 5411 2646 5465 τοῦ
2715 5411 2989 5482 Σαμουὴλ,
3052 5411 3150 5464 καὶ
3210 5408 3264 5462 τί
3302 5401 3615 5467 πέπονθας

345 5509 394 5563 ei
425 5509 710 5580 contigit?
742 5508 992 5580 Regnum
1025 5509 1204 5578 ipsius
1237 5507 1476 5565 abscidit
1521 5507 1687 5576 Deus,
1728 5515 1785 5565 et
1817 5508 1901 5564 ho-

2029 5507 2254 5577 Ἐσχισε
2277 5502 2376 5573 τὴν
2403 5502 2681 5574 βασιλείαν
2703 5502 2870 5557 αὐτοῦ
2895 5503 2924 5556 6
2952 5502 3105 5567 Θεὸς,
3136 5500 3230 5556 καὶ
3249 5497 3487 5554 δέδωκεν
3515 5491 3620 5549 αὖ·

417 5687 466 5718 "
493 5689 510 5737 ι
540 5683 666 5739 Cor.
704 5701 801 5746 xu.
836 5687 927 5742 28.
996 5688 1048 5774 ξ’
1078 5684 1243 5744 Hebr.
1271 5701 1394 5753 xm,
1429 5687 1514 5743 Π.
1593 5687 1639 5775 f‘
1667 5685 1802 5744 ibid.
1839 5686 1891 5742 7.

2005 5685 2015 5718 '
2043 5686 2063 5744 I
2096 5685 2222 5743 Par.
2257 5702 2452 5754 xxvul.
2491 5688 2546 5745 5.
2641 5687 2686 5720 ⁸⁸
2714 5684 2872 5742 Rom.
2906 5695 3026 5749 xm,
3056 5679 3111 5736 7.
