3936 6174
347 342 484 406 1299

1528 347 1592 406 S.
1630 346 1664 407 J
1668 346 1817 408 ΟΑΝ
1824 348 1872 407 Ν
1879 348 1950 407 15
1982 349 2412 412 DAMASCENI

3470 346 3619 410 1300

341 465 626 508 coccinum
663 450 862 522 duplex
912 459 1121 517 uelum,
1170 460 1225 507 et
1257 452 1483 524 byssum
1534 459 1819 519 retortam,
1853 462 1908 508 et

2018 460 2309 530 νησμένον,
2340 460 2434 512 καὶ
2456 457 2657 528 βύσσον
2701 456 3113 526 κεκλιωσμένην,
3145 454 3243 507 καὶ
3275 454 3475 525 τρίχας
3521 455 3617 506 αι-

342 542 485 612 pilos
533 557 849 613 caprarum,
898 551 952 597 et
1000 543 1166 613 pelles
1223 544 1455 598 arietum
1494 543 1825 608 rubricatas,
1854 552 1909 598 et

341 630 511 702 pelles
543 632 947 703 hyacinthinas,
977 640 1030 688 et
1061 633 1204 705 ligna
1232 633 1609 704 imputribilia,
1651 642 1704 688 et
1727 634 1909 688 oleum

340 725 638 789 unctionis,
672 734 729 780 et
765 725 1067 796 thymiama
1112 725 1556 796 compositionis,
1605 734 1660 781 et
1692 725 1909 795 lapides

339 816 579 882 sardios,
604 824 660 871 et
702 816 910 886 lapides
945 818 999 873 in
1034 820 1374 888 sculpturam
1426 819 1494 873 ad
1546 818 1909 888 superbume-

340 908 455 963 rale
486 915 541 963 et
569 908 824 978 poderem
857 926 870 962 :
908 916 963 963 et
994 910 1250 980 quisquis
1288 918 1531 965 vestrum
1563 918 1649 965 est
1684 910 1909 979 sapiens

338 997 525 1062 corde,
557 997 759 1059 veniat,
794 1008 849 1053 et
879 998 1045 1052 faciat
1067 999 1248 1054 omnia
1284 1016 1403 1070 qua:
1444 999 1703 1069 praecepit
1728 998 1907 1063 Deus,

339 1089 758 1144 tabernaculum
786 1090 853 1156 “,
893 1109 912 1141 ι
943 1098 1052 1145 etc.

410 1201 497 1256 M.
545 1200 622 1255 En
668 1200 920 1273 profecto
964 1201 1251 1257 materiam
1306 1203 1627 1272 pretiosam,
1691 1202 1907 1257 tametsi

339 1297 463 1353 vilis
497 1311 529 1350 a
563 1296 714 1352 vobis
739 1296 1061 1351 aestimetur.
1094 1293 1236 1360 Quid
1257 1295 1405 1348 enim
1442 1294 1563 1364 pilis
1593 1308 1906 1364 caprarum,

338 1396 434 1443 aut
479 1387 762 1446 coloribus
811 1387 1284 1457 contemptibilius
1321 1386 1434 1442 sit?
1473 1384 1667 1441 Nonne
1722 1385 1915 1439 cocci-7

339 1494 495 1543 num,
547 1487 601 1533 et
656 1494 919 1549 purpura,
985 1486 1039 1533 et
1092 1476 1421 1549 hyacinthus
1473 1476 1691 1532 colores
1735 1474 1911 1531 sunt?

340 1566 484 1622 Ecce
506 1575 792 1638 praeterea,
828 1578 942 1622 tum
973 1582 1113 1638 opus
1152 1580 1412 1622 manuum
1456 1564 1762 1629 hominum,
1796 1572 1908 1617 tum

338 1659 635 1715 Cherubim
669 1660 974 1732 imagines:
1011 1658 1260 1729 quinimo
1295 1665 1471 1712 totum
1498 1656 1909 1712 tabernaculum

340 1753 525 1824 imago
583 1760 721 1810 erat.
780 1771 798 1804 ι
842 1751 983 1808 Vide
1021 1752 1191 1818 enim,
1254 1751 1436 1821 inquit
1488 1747 1635 1805 Deus
1688 1747 1909 1820 Moysen

340 1841 650 1913 alloquens,
686 1843 870 1898 omnia
906 1841 1078 1898 facias
1117 1841 1416 1899 secundum
1458 1840 1736 1911 exemplar
1766 1837 1911 1910 quod
1948 1809 1991 1863 Β

342 1933 445 1988 tibi
466 1941 752 1989 ostensum
779 1942 861 1988 est
909 1932 966 1987 in
997 1941 1181 1988 monte
1204 1933 1270 1986 ".
1307 1950 1324 1983 ι
1366 1929 1737 1987 Nihilominus
1778 1928 1914 1983 illud

342 2026 411 2080 ab
438 2025 587 2079 omni
624 2025 795 2081 Israel
835 2025 891 2079 in
947 2023 1186 2079 circuitu
1238 2020 1593 2078 adorabatur.
1648 2021 1729 2074 Ad
1775 2020 1912 2086 haec,

343 2132 530 2173 nonne
583 2115 877 2171 Cherubim
908 2115 967 2170 in
995 2122 1300 2187 conspectu
1329 2114 1515 2185 populi
1543 2113 1742 2168 erant?
1772 2112 1915 2178 Quin

341 2211 507 2265 etiam
560 2224 710 2274 arca,
759 2217 814 2265 et
845 2209 1093 2276 lucerna,
1123 2220 1174 2265 et
1207 2223 1418 2271 mensa,
1460 2215 1514 2263 et
1544 2222 1682 2261 urna
1726 2221 1912 2268 aurea,

342 2308 397 2355 et
428 2301 603 2371 virga,
631 2300 699 2355 ad
731 2316 854 2372 quae
880 2300 1183 2370 respiciens
1221 2300 1458 2369 populus
1480 2298 1764 2353 adorabat.
1801 2296 1917 2351 Mra-

344 2382 539 2449 teriam
577 2408 688 2448 non
731 2392 925 2461 adoro,
977 2392 1073 2448 sed
1116 2392 1358 2446 materiae
1408 2390 1774 2454 conditorem,
1820 2391 1915 2460 qui

344 2494 571 2557 propter
598 2500 686 2541 me
718 2484 952 2540 materia
985 2483 1165 2539 factus
1194 2492 1299 2550 est,
1351 2492 1404 2539 et
1446 2483 1500 2538 in
1555 2482 1780 2537 materia
1813 2481 1915 2535 do-

345 2576 613 2633 micilium
673 2575 884 2648 posuit,
946 2583 1110 2647 atque
1176 2590 1273 2645 per
1338 2574 1627 2630 materiam
1679 2575 1916 2632 salutem

345 2670 481 2725 mihi
509 2671 766 2749 patravit.
804 2686 823 2721 ι
856 2666 1094 2723 Verbum
1127 2669 1271 2723 enim
1300 2682 1428 2722 caro
1473 2666 1677 2722 factum
1708 2675 1813 2732 est,
1862 2673 1919 2721 et

350 2762 619 2818 habitavit
659 2762 712 2816 in
770 2760 930 2816 nobis
957 2759 1025 2815 ⁸⁸.
1067 2779 1086 2812 ι
1122 2759 1405 2815 Neminem
1457 2775 1621 2830 porro
1656 2758 1912 2830 przcterit,

346 2854 499 2927 quod
547 2867 677 2909 caro
720 2853 952 2907 materia
996 2859 1235 2915 constet,
1273 2860 1568 2921 creataque
1614 2851 1705 2906 sit.
1747 2850 1917 2906 Mate-

347 2948 481 3002 riam
515 2946 706 3017 igitur,
735 2960 830 3016 per
866 2959 1033 3016 quam
1074 2943 1207 2998 mihi
1236 2952 1392 3013 parta
1423 2941 1712 3005 est'salus.
1754 2956 1919 2995 vene-

346 3052 461 3103 ror,
492 3039 661 3091 adoro
688 3044 741 3090 et
772 3036 893 3092 colo
941 3054 953 3088 :
989 3034 1132 3102 colo,
1168 3033 1414 3103 inquam,
1454 3048 1564 3087 non
1605 3031 1682 3086 uti
1723 3031 1914 3098 Deum,

2021 552 2193 620 γείας,
2245 551 2340 603 καὶ
2391 549 2639 619 δέρματα
2693 546 2866 617 κριῶν
2919 542 3458 615 ὴρυθρωδανωμένα,
3512 542 3616 595 καὶ

2020 641 2266 709 δέρματα
2290 637 2597 702 ὕακίνθινα,
2622 636 2715 689 καὶ
2744 634 2877 700 ξύλα
2897 634 3137 705 ἄσηπτα,
3168 632 3264 685 καὶ
3292 631 3478 684 ἔλαιον
3512 630 3615 699 τῆς

2019 732 2275 804 χρίσεως,
2303 728 2484 783 καὶτὸ
2509 729 2764 799 θυμίαμα
2801 728 2902 796 τῆς
2942 725 3268 787 συνθέσεως,
3298 724 3395 776 καὶ
3416 722 3616 783 λίθους
3706 752 3710 753 ν

2021 823 2291 894 σαρδίους,
2330 822 2427 875 καὶ
2478 822 2559 884 εἰς
2600 820 2698 891 τὴν
2750 818 2983 890 γλυφὴν,
3043 818 3126 880 εις
3173 816 3271 885 τὴν
3320 814 3613 883 ἐπωμίδα,

2018 917 2112 969 καὶ
2142 917 2219 978 εἰς
2243 915 2337 968 τὸν
2370 913 2579 985 ποδήρη
2614 928 2629 944 ο
2660 912 2756 966 καὶ
2788 912 2896 973 πᾶς
2927 908 3093 977 σοφὸς
3123 907 3326 979 καρδίᾳ
3360 908 3424 959 ἂν
3452 907 3613 976 ὑμῖν,

2017 1007 2187 1060 ἐλθὼν
2215 1006 2540 1078 ὲργαζέσθω
2569 1005 2749 1059 πάντα
2787 1002 2889 1057 ὅσα
2943 998 3206 1065 συνέταξε
3234 997 3464 1067 Κύριος,
3500 998 3613 1067 τὴν

2017 1100 2240 1171 σκηνήν.
2256 1119 2274 1152 ι

2089 1211 2170 1263 ιδ’.
2223 1210 2351 1262 Ἰδοὺ
2375 1207 2438 1278 δὴ
2466 1206 2559 1259 καὶ
2586 1207 2619 1274 ἡ
2663 1202 2763 1274 ὕλη
2796 1202 3047 1270 τιμᾶται,
3072 1201 3105 1270 ἡ
3152 1199 3280 1252 καθ’
3304 1198 3455 1268 ὑμᾶς
3484 1197 3611 1251 ἄτι⁸

2022 1321 2142 1374 μος.
2173 1301 2239 1355 Τί
2267 1300 2378 1371 γὰρ
2409 1298 2614 1370 τριχῶν
2658 1296 2883 1364 αἰγείων
2911 1292 3317 1363 εὐτελέστερον,
3342 1292 3439 1344 καὶ
3459 1306 3612 1359 χρω-

2020 1395 2243 1466 μάτων;
2279 1394 2321 1463 ἢ
2341 1394 2404 1445 οὐ
2433 1390 2702 1463 χρώματα
2733 1388 2797 1440 τδ
2822 1387 3095 1449 κόκκινον,
3130 1386 3223 1437 καὶ
3253 1386 3286 1455 ἠ
3321 1384 3610 1455 πορφύρα,

2016 1491 2111 1543 καὶ
2137 1491 2170 1561 ἡ
2199 1487 2484 1552 ὑάκινθος;
2531 1484 2660 1538 Ἰδοὺ
2690 1483 2754 1555 δὴ
2785 1482 2878 1535 καὶ
2904 1481 3042 1551 ἔργα
3063 1480 3267 1551 χειρῶν
3296 1476 3612 1547 ἀνθρώπων

2017 1583 2109 1635 καὶ
2140 1580 2391 1651 ὁμοίωμα
2408 1575 2690 1648 Χερουϐίμ.
2715 1591 2727 1603 ·
2751 1573 2845 1627 καὶ
2873 1572 3013 1643 αὐτὴ
3066 1572 3125 1624 δὲ
3158 1573 3191 1641 ἠ
3219 1571 3394 1640 σκηνὴ
3420 1570 3613 1624 ἅπασα

2017 1671 2180 1726 εἰκὼν
2228 1667 2317 1741 ἦν.
2359 1688 2377 1721 ι
2409 1669 2553 1739 Ὅρα
2601 1668 2710 1737 γὰρ
2738 1709 2754 1731 ,
2788 1664 2954 1735 φησὶν
2987 1665 3015 1716 6
3058 1662 3191 1724 Θεὸς
3242 1660 3322 1731 τῷ
3368 1661 3607 1729 Μωῠσῇ,

2018 1764 2266 1834 ποιήσεις
2299 1761 2475 1814 πάντα
2500 1758 2640 1812 κατὰ
2663 1756 2756 1811 τὸν
2789 1754 2958 1809 τύπον
2990 1753 3083 1807 τὸν
3114 1751 3396 1822 δειχθέντα
3433 1767 3517 1803 σοι
3550 1752 3617 1803 ἐν

2018 1855 2098 1927 τῷ
2139 1857 2277 1926 ὄρει.
2322 1874 2341 1906 ν
2386 1852 2499 1906 Καὶ
2544 1850 2695 1919 ὅμως
2746 1845 3007 1901 κυκλόθεν
3063 1847 3455 1914 προσεκυνεῖτο
3498 1842 3617 1895 ὕπὸ

2018 1948 2217 2011 παντὸς
2249 1945 2342 1998 τοῦ
2370 1942 2608 2014 Ἰσραὴλ.
2627 1941 2749 1993 Ἔτι
2778 1938 2837 1991 δὲ
2864 1938 2931 1991 τὰ
2957 1934 3338 2009 Χερουῶμωῦ
3360 1933 3613 1988 κατενὼ⁴

2016 2058 2140 2097 πιον
2168 2036 2308 2111 ἦσαν
2342 2035 2436 2090 τοῦ
2474 2035 2647 2100 λαοῦ;
2679 2034 2791 2086 Καὶ
2831 2032 2867 2102 ἡ
2906 2028 3160 2093 κιϐωτὸς,
3194 2027 3291 2081 καὶ
3320 2028 3352 2097 ἡ
3385 2025 3611 2096 λυχνία,

2016 2136 2111 2188 καὶ
2165 2134 2197 2202 ἠ
2255 2129 2521 2197 τράπεζα,
2592 2125 2688 2179 καλ⁵
2753 2127 2786 2193 ἡ
2868 2122 3103 2192 στάμνος
3162 2122 3211 2191 ἡ
3262 2119 3463 2190 χρυσῆ,
3510 2118 3611 2171 καὶ

2014 2228 2048 2296 ἡ
2102 2222 2295 2295 ράὄδος
2327 2260 2341 2285 ,
2402 2218 2537 2289 πρὸς
2601 2215 2637 2270 ἃ
2700 2214 2914 2284 βλέπων
2960 2214 2989 2264 6
3048 2209 3174 2273 λαὸς
3230 2206 3562 2279 προσεκύνει
3592 2222 3615 2268 ;

2021 2317 2094 2369 Οὕ
2143 2309 2433 2383 προσκυνῶ
2461 2311 2527 2380 τῇ
2585 2306 2708 2380 ὕλῃ,
2746 2304 3032 2377 προσκυνῶ
3075 2303 3133 2355 δὲ
3167 2301 3258 2354 τον
3311 2301 3410 2371 τῆς
3469 2299 3612 2369 ὕλης

2017 2403 2388 2478 Δημιουργὸν,
2445 2400 2537 2453 τὸν
2586 2397 2719 2469 ὕλην
2758 2396 2839 2450 δι’
2869 2397 2966 2466 ἐμὲ
3006 2394 3334 2464 γενόμενον,
3390 2391 3486 2444 καὶ
3547 2392 3611 2442 ἐν

2020 2498 2120 2570 ὕλη
2170 2497 2265 2568 τὴν
2312 2494 2629 2563 κατοίκησιν
2680 2490 2926 2562 θέμενον.
2979 2488 3073 2540 καὶ
3106 2486 3175 2539 δι’
3209 2484 3341 2553 ὕλης
3366 2481 3467 2553 τὴν
3492 2497 3608 2534 σω-

2016 2592 2214 2665 τηρίαν
2239 2606 2342 2661 μου
2372 2586 2771 2658 ἐργασάμενον.
2805 2604 2824 2636 ι
2871 2584 2928 2638 Ὀ
2957 2582 3066 2652 γὰρ
3100 2580 3270 2647 Λόγος
3300 2577 3435 2648 σὰρξ
3473 2576 3605 2643 ὲγὲο

2018 2702 2161 2747 νετο,
2196 2683 2292 2737 καὶ¹
2324 2680 2633 2750 ἐσκήνωσεν
2660 2679 2716 2729 ἐν
2745 2677 2897 2746 ἡμῖν.
2940 2694 2957 2725 ι
2993 2674 3136 2726 llis:
3168 2671 3224 2724 δὲ
3255 2669 3433 2739 δῆλον,
3461 2669 3547 2720 ὅτι
3570 2668 3607 2734 ἡ

2023 2775 2160 2849 σὰρξ
2185 2774 2284 2843 ὕλη
2310 2773 2406 2826 καὶ
2439 2770 2646 2841 κτίσμα
2678 2767 2848 2821 ἐστίν.
2894 2765 3044 2818 Σέεω
3082 2758 3176 2816 οὖν
3203 2760 3301 2831 τὴν
3335 2759 3468 2829 ὕλην
3502 2760 3608 2811 καὶ

2019 2873 2085 2926 δι’
2110 2867 2291 2931 αἰδοῦς
2314 2866 2452 2933 ἄγω,
2486 2862 2578 2916 καὶ
2607 2858 2900 2931 προσκυνῶ
2920 2896 2935 2920 ,
2967 2856 3036 2909 δι’
3061 2850 3129 2926 ἧς
3156 2855 3190 2924 ἡ
3216 2850 3462 2921 σωτηρὶα
3496 2866 3613 2918 μου

2020 2963 2232 3032 γέγονε.
2262 2958 2414 3011 Σέϐω
2443 2955 2521 3020 δὲ,
2550 2954 2649 3023 οὐχ
2678 2950 2753 3014 ὼς
2802 2948 2934 3002 Θεὸν
2956 2988 2971 3011 ,
2992 2946 3109 3000 ἀλλ’
3150 2947 3225 3007 ὡς
3257 2944 3412 3005 θείας
3446 2942 3614 3008 ἐνερ-

2022 3054 2175 3124 γείας
2201 3050 2305 3104 καὶ
2334 3048 2554 3118 χάριτος
2576 3043 2847 3115 ἔμπλειον.
2880 3034 2955 3092 Ἦ
2978 3040 3076 3108 οὐχ
3099 3037 3198 3101 ὕλη
3226 3035 3287 3087 τδ
3320 3032 3414 3085 τοῦ
3442 3049 3612 3124 σταυ-

346 3127 444 3183 sed
476 3135 536 3182 ut
562 3126 744 3182 divina
779 3127 991 3197 plenam
1022 3120 1342 3181 eﬂicacitate
1377 3133 1433 3178 et
1458 3122 1657 3195 gratia.
1696 3123 1913 3187 Annon,

2025 3119 2116 3218 ροῦ
2170 3143 2360 3219 ξύλον,
2390 3140 2452 3192 τὸ
2497 3136 2800 3206 τρισόλϐιον
2852 3132 2947 3186 καὶ
2988 3127 3495 3201 τρισμακάριστονξ
3523 3119 3623 3219 fl?

345 3233 555 3288 quaeso,
584 3220 815 3273 materia
843 3226 928 3273 est
964 3213 1464 3272 fortunatissimum
1499 3214 1632 3268 illud
1660 3212 1920 3269 felicissi-

350 3323 612 3378 mumque
652 3308 860 3376 lignum
910 3308 1135 3362 crucis?
1165 3306 1359 3362 Nonne
1389 3302 1615 3357 materia
1643 3312 1727 3357 est
1762 3318 1923 3358 mons

345 3398 695 3453 venerandus
717 3405 773 3453 et
802 3405 1031 3452 sanctus
1052 3434 1069 3459 ,
1096 3397 1187 3451 ille
1214 3394 1480 3449 Calvarize
1510 3395 1662 3449 locus
1683 3394 1707 3445 ?
1729 3393 1921 3448 Nonne

350 3488 583 3543 materia
633 3498 739 3553 est,
774 3486 913 3541 alma
943 3486 1243 3557 vitalisque
1289 3495 1465 3556 petra,
1498 3494 1919 3542 monumentum

256 3572 259 3575 λ
348 3590 629 3643 sanctum,
674 3578 1103 3635 resurrectionis
1148 3586 1348 3633 nostra:
1375 3578 1694 3649 scaturigo?
1729 3576 1920 3633 Nonae

347 3671 599 3735 materia,
618 3678 1010 3736 atramentum,
1041 3668 1580 3740 Evangeliorumqne
1608 3669 1729 3724 libri
1758 3684 1923 3725 mem-

347 3765 574 3823 branae?
620 3762 815 3819 Nonne
843 3761 1072 3816 materia
1111 3760 1203 3815 illa
1240 3774 1454 3822 mensa,
1502 3774 1624 3829 quae
1663 3760 1785 3814 vita:
1820 3774 1918 3829 pa-

346 3872 473 3913 nem
517 3855 681 3911 nobis
728 3852 1157 3910 subministrat?
1201 3852 1403 3906 Annon
1437 3851 1690 3915 materia,
1722 3866 1919 3907 aurum

345 3958 403 4004 et
435 3955 745 4017 argentum,
769 3960 836 4001 ex
856 3944 1056 4014 quibus
1075 3958 1295 4009 cruces,
1313 3950 1373 3998 et
1396 3942 1537 3997 disci
1568 3942 1767 4016 sancti,
1785 3942 1919 3997 cali-

347 4055 551 4110 cesque
610 4037 1027 4094 conﬁciuntur?
1078 4035 1292 4099 Nonne,
1355 4035 1502 4105 quod
1560 4034 1777 4105 quidem
1832 4034 1920 4091 his

350 4130 609 4184 omnibus
640 4131 801 4199 longe
824 4128 1185 4184 excellentius
1214 4134 1323 4193 est,
1355 4126 1584 4183 materia
1608 4135 1691 4182 est
1717 4141 1919 4197 corpus

347 4233 403 4279 et
429 4222 654 4290 sanguis
687 4219 904 4275 Domini
944 4220 1090 4274 mei?
1136 4219 1246 4273 Aut
1284 4220 1481 4274 horum
1526 4219 1772 4275 omnium
1802 4219 1920 4273 cul-

348 4324 464 4368 tum
497 4312 984 4380 adorationemque
1016 4309 1165 4375 tolle,
1205 4317 1300 4363 aut
1342 4310 1599 4373 concede,
1638 4316 1697 4363 ut
1720 4324 1919 4364 secun-

348 4407 478 4458 dum
518 4404 871 4459 traditionem
916 4402 1204 4465 Ecclesiae,
1236 4402 1509 4471 imagines
1565 4400 1658 4456 Dei
1709 4402 1916 4456 amico-

2025 3214 2123 3306 οὐχ
2148 3214 2249 3303 ὕλη
2276 3232 2336 3285 τὸ
2366 3231 2489 3300 ὅρος
2524 3228 2583 3280 τὸ
2622 3225 2816 3281 σεπτὸν
2844 3224 2937 3277 καὶ
2969 3222 3144 3288 ᾰγιυν,
3176 3220 3203 3270 6
3228 3217 3323 3270 τοῦ
3359 3214 3613 3285 Κρανίου

2025 3329 2225 3390 τόποςς
2258 3322 2331 3376 Ἤ
2377 3324 2477 3392 οὐχ
2520 3318 2621 3389 ὕλη
2648 3319 2682 3389 ἡ
2735 3315 3019 3385 ζωηιρόρος
3055 3312 3229 3379 πέτρα
3255 3351 3269 3374 ,
3296 3311 3325 3361 6
3374 3308 3548 3374 τάφος
3579 3306 3613 3358 δ

2027 3420 2201 3487 ἅγιος,
2239 3418 2273 3486 ἡ
2318 3414 2467 3484 πηγὴ
2504 3415 2601 3481 τῆς
2653 3408 2808 3480 ἡμῶν
2840 3404 3188 3466 ἀναστάσεως
3215 3419 3229 3461 ;
3253 3396 3329 3452 Ἦ
3370 3399 3471 3467 οὐχ
3499 3396 3609 3465 ὕλη

2024 3511 2085 3563 τὸ
2114 3507 2298 3577 μέλαν,
2338 3505 2408 3559 τὰ
2433 3503 2539 3557 τῶν
2570 3498 2920 3569 Εὕαγγελίων
2949 3495 3229 3566 δέρματας
3255 3488 3333 3544 Ἦ
3370 3490 3469 3559 οὐχ
3498 3488 3607 3558 ὕλη

2024 3601 2057 3670 ή
2088 3595 2345 3662 ζωοποιὸς
2366 3593 2632 3665 τράπεζα,
2656 3592 2690 3661 ὴ
2709 3588 2799 3642 τὸν
2823 3588 2985 3657 ἄρτον
3014 3587 3147 3655 ἡμῖν
3171 3582 3274 3650 τῆς
3293 3580 3441 3650 ζωῆς
3470 3595 3608 3647 χορ-

2024 3687 2269 3758 ηγοῦσα;
2292 3683 2369 3739 Ἦ
2418 3685 2518 3754 οὐχ
2581 3682 2683 3751 ὕλη
2716 3682 2743 3733 6
2780 3678 2975 3750 χρυσός
3009 3693 3069 3729 τε
3113 3675 3208 3728 καὶ
3248 3674 3507 3744 ἄργυρος,
3541 3670 3611 3734 ἐξ

2026 3772 2101 3833 ὧν
2134 3774 2357 3847 σταυροί
2382 3791 2440 3825 τε
2481 3772 2574 3826 καὶ
2618 3770 2846 3831 πίνακες
2890 3767 3033 3836 ἅγιοι
3071 3760 3603 3823 κατασκευάζονται,

2027 3870 2121 3923 καὶ
2151 3867 2381 3936 ποτήρια
2405 3857 2531 3932 ,⁷ῐί
2558 3862 2657 3932 οὐχ
2686 3860 2786 3930 ὕλη
2822 3858 2928 3929 πρδ
2964 3856 3171 3910 τούτων
3213 3853 3475 3906 ἁπάντων
3495 3894 3510 3915 ,
3542 3852 3608 3905 τὰ

2025 3957 2117 4011 τοῦ
2148 3954 2352 4027 Κυρίου
2386 3972 2488 4025 μου
2528 3951 2687 4021 σῶμα
2717 3950 2809 4003 καὶ
2836 3944 2974 4018 αἷμα
2993 3965 3008 4013 ;
3029 3946 3102 3999 Ἦ
3134 3947 3356 3999 πάντων
3392 3944 3609 3998 τούτων

2026 4049 2180 4104 ἄνελε
2210 4047 2271 4100 τὸ
2322 4045 2487 4110 σέϐας
2516 4045 2610 4098 καὶ
2644 4042 2743 4115 τὴν
2790 4039 3180 4113 προσκύνησιν,
3209 4038 3245 4107 ἢν
3275 4036 3608 4107 παραχώρει

2026 4145 2093 4212 τῇ
2129 4139 2557 4209 ἐκκλησιαστικῇ
2593 4134 2888 4203 παραδόσει
2944 4133 3038 4186 καὶ
3086 4131 3185 4201 τὴν
3220 4129 3329 4182 τῶν
3375 4127 3607 4181 εἰκόνιον

2028 4230 2414 4303 προσκύνησιν,
2445 4226 2581 4280 Θεοῦ
2627 4227 2722 4281 καὶ
2752 4225 2921 4294 φίλων
2952 4223 3085 4277 Θεοῦ
3120 4221 3345 4290 ὀνόματι
3374 4215 3604 4286 ἁγιαζο-

2030 4323 2227 4392 μένων,
2246 4320 2342 4373 καὶ
2371 4318 2460 4373 διὰ
2471 4317 2629 4372 τοῦτο
2644 4317 2789 4369 θείου
2808 4314 3117 4381 Πνεύματος
3134 4308 3605 4379 ἐπισκιαζομένων

2026 4416 2232 4483 χάριτι.
2252 4412 2315 4463 Εἰ
2342 4409 2431 4462 διὰ
2471 4409 2563 4461 τὸν
2597 4405 2897 4478 νόμοντὰς
2949 4402 3164 4464 εἰκόνας
3207 4400 3601 4471 ἀπαγορεύεις,

350 4512 583 4566 rumque
608 4495 727 4565 eius
777 4495 987 4551 nomini
1026 4501 1384 4557 consecratae,
1419 4500 1586 4561 atque
1632 4499 1915 4563 propterea

2024 4504 2144 4575 ὥρα
2174 4520 2258 4556 σοι
2287 4503 2380 4556 καὶ
2413 4499 2762 4562 οαῦϐατίζειν
2794 4496 2891 4551 καὶ
2927 4492 3383 4565 περιτέμνεσθαι’
3428 4490 3604 4544 ταῦτα

347 4590 519 4643 divini
593 4587 835 4659 Spiritus
902 4586 1074 4657 gratia
1155 4584 1534 4647 obumbrata},
1596 4582 1918 4640 adorentur.

348 4680 504 4747 Quod
531 4679 579 4736 si
619 4689 844 4749 propter
868 4676 1004 4748 legis
1032 4685 1364 4746 praeceptum
1407 4673 1677 4745 imagines
1723 4688 1919 4739 censes

348 4771 699 4842 abrogandas
725 4810 741 4835 ,
775 4769 890 4840 jam
921 4770 1090 4831 debes
1117 4777 1172 4825 et
1206 4766 1504 4823 Sabbatum
1535 4774 1592 4821 et
1617 4765 1918 4822 circumci-

348 4864 560 4916 sionem
618 4861 935 4925 observare,
982 4874 1104 4935 quae
1151 4857 1565 4916 districtissime
1606 4872 1637 4911 a
1672 4858 1793 4927 lege
1822 4855 1921 4910 tibi

348 4954 562 5010 sancite
597 4961 748 5016 sunt,
776 4967 994 5006 necnon
1050 4960 1222 5005 totam
1255 4952 1427 5022 legem
1454 4950 1759 5014 custodire,
1817 4962 1919 5003 nec

352 5045 574 5100 Pascha:
604 5042 821 5098 Domini
858 5042 1258 5098 solemnitatem
1288 5049 1442 5096 extra
1477 5039 1917 5112 Hierosolymam

351 5151 532 5208 agere.
569 5136 772 5193 Verum
818 5135 956 5189 illud
993 5136 1211 5200 scitote,
1246 5134 1394 5204 quod
1434 5135 1482 5190 si
1519 5135 1691 5204 legem
1722 5133 1919 5189 obser-

353 5227 631 5292 vaveritis,
686 5227 942 5283 Christus
1007 5226 1144 5280 nihil
1196 5225 1353 5281 vobis
1398 5225 1730 5296 proderit”.
1800 5223 1919 5279 Jam

350 5336 568 5391 quoque
618 5320 887 5374 incumbit
922 5318 1039 5381 tibi,
1082 5325 1142 5371 ut
1191 5316 1381 5373 fratris
1445 5316 1619 5372 ducas
1671 5331 1921 5382 uxorem,

2026 4596 2136 4669 γὰρ
2157 4594 2612 4666 ἀπαραχωρήτως
2639 4593 2668 4643 6
2696 4589 2860 4659 νόμος
2890 4585 3137 4640 κελεύει·
3170 4584 3265 4637 καὶ
3298 4584 3483 4636 πάντα
3510 4582 3605 4633 τὸν

2027 4687 2190 4757 νόμον
2218 4685 2425 4754 τηρεῖν,
2458 4682 2551 4733 καὶ
2612 4679 2686 4750 μὴ
2715 4676 2998 4750 ἑορτάζειν
3036 4675 3097 4728 τὸ
3152 4675 3343 4742 Πάσχα
3396 4672 3602 4741 Κυρίου

2026 4777 2130 4841 ἔξω
2164 4772 2549 4845 ἰερουσαλήμσ
2574 4769 2711 4824 ἀλλὰ
2739 4768 2936 4836 γνῶτε,
2968 4767 3043 4830 ὡς
3072 4765 3168 4819 ὲὰν
3204 4764 3296 4823 τὸν
3321 4763 3487 4833 νόμον
3510 4778 3605 4829 tr;-

2028 4871 2171 4939 ρείτε
2195 4906 2209 4930 ,
2241 4865 2474 4935 Χριστος
2517 4864 2662 4932 ὑμᾶς
2709 4861 2864 4916 οὐδὲν
2901 4858 3171 4929 ὠφέλησε.
3212 4856 3356 4925 Ὦρα
3388 4871 3474 4909 σοι
3513 4854 3605 4905 καὶ

2025 4957 2123 5027 τὴν
2151 4955 2245 5008 τοῦ
2284 4953 2515 5021 ἀδελφοῦ
2549 4954 2781 5019 γυναῖκα
2832 4950 2969 5021 πρὸς
2995 4949 3173 5017 γάμον
3217 4944 3450 5012 ἄγεσθαι
3469 4984 3487 5009 ,
3511 4944 3603 4995 καὶ

2026 5047 2258 5115 ἐγείρειν
2298 5043 2517 5112 σπέρμα
2547 5042 2625 5112 τῷ
2660 5041 2895 5110 ἀδελφῷ,
2925 5041 3019 5093 καὶ
3049 5038 3124 5107 μὴ
3146 5036 3294 5109 ᾄδειν
3318 5035 3419 5107 τὴν
3455 5035 3603 5104 ᾠδὴν

2028 5133 2234 5208 Κυρίου
2273 5135 2365 5188 ἐπὶ
2415 5134 2518 5203 γῆς
2559 5132 2864 5202 ἀλλοτρίας.
2909 5129 3049 5183 Ἀλλ’
3078 5129 3260 5195 ἄπαγε
3284 5145 3298 5157 ’
3341 5146 3359 5178 ‹
3394 5127 3607 5187 Οἴτινες

2027 5225 2137 5295 γὰρ
2200 5226 2256 5276 ὲν
2305 5223 2454 5293 νόμῳ
2507 5220 2865 5284 δικαιοῦσθε,
2942 5221 3041 5289 τῆς
3116 5220 3339 5290 χάριτος
3414 5215 3603 5282 ὲξεπὲο

1982 5382 1985 5387 ί
2032 5334 2174 5371 σετε.
2208 5334 2226 5367 ι

352 5428 458 5481 quo
488 5428 675 5468 semen
719 5411 797 5465 illi
854 5410 1180 5476 suscites";
1243 5410 1373 5479 quin
1416 5411 1643 5465 etiama
1686 5411 1903 5466 cantico
1943 5410 2155 5465 Domini
2223 5409 2276 5463 iu
2357 5398 2505 5463 terra
2586 5406 2766 5461 aliena
2820 5404 3171 5461 concinendo
3226 5402 3615 5473 abstineas":

352 5503 459 5561 Sed
482 5521 653 5577 apage
680 5505 795 5562 haec
821 5505 1043 5560 omnia:
1105 5523 1122 5557 ι
1152 5503 1256 5572 Qui
1300 5505 1444 5560 enim
1482 5505 1599 5576 lege
1639 5504 2049 5576 justillcamini,
2083 5520 2111 5558 a
2140 5506 2313 5575 gratia
2337 5502 2625 5559 excidistis
2667 5503 2729 5556 ".
2772 5520 2790 5552 ι

434 5666 476 5692 “⁶
495 5678 663 5730 Exod.
704 5695 864 5737 xxxv,
900 5681 1052 5735 4-10.

1134 5682 1175 5710 “7
1220 5680 1389 5739 Exod.
1418 5698 1546 5749 xxv,
1583 5682 1673 5739 40.

353 5746 641 5811 cxxxvl,5.
714 5747 759 5776 ⁷³
785 5747 958 5800 Galat.
990 5765 1042 5813 γ,
1074 5750 1127 5803 ι.

1777 5685 1819 5715 ⁸³
1857 5685 2017 5740 Joan.
2050 5702 2087 5747 ι,
2139 5684 2217 5738 li.
2308 5684 2349 5714 ⁸³
2384 5682 2559 5737 Galat.
2597 5700 2649 5747 v,
2679 5679 2731 5734 2.
2810 5682 2852 5711 ⁷ο
2892 5679 3049 5737 Deut.
3084 5694 3212 5743 xxv,
3250 5678 3300 5735 7.

3376 5679 3415 5709 "
3457 5678 3601 5749 Ρξξιι.
