3936 6174
297 294 433 360 13οι

1403 300 1501 360 DE
1540 300 2002 374 [MAGINIBUS
2027 304 2314 365 ORATIO
2345 305 2426 366 ΙΙε.

3426 300 3558 364 1302

364 407 450 456 ιε’.
487 399 834 472 ἰστοροῦμεν
872 401 1108 473 Χριστὸν
1144 403 1236 458 τὸν
1277 404 1503 475 βασιλέα
1539 408 1645 462 καί,¹
1677 409 1879 480 Κύριον

2060 410 2144 466 l5.
2174 410 2454 466 Christum
2507 422 2669 478 porro
2711 423 2891 478 regem
2938 416 2994 463 et
3047 408 3338 464 Dominum
3393 407 3561 478 338

291 496 356 549 ού
387 492 725 565 γυμνοῦντες
749 492 913 546 αὑτὸν
929 493 1025 547 τοῦ
1058 498 1483 569 στρατεύματος,
1509 499 1748 569 Στρατδς
1773 500 1881 572 γάρ

291 587 391 641 τοῦ
439 584 670 657 Κυρίου,
705 587 754 640 οἱ
809 585 978 655 ἆγιοι.
1015 588 1054 640 Γ
1058 590 1364 658 υμνωσάτω
1418 591 1609 647 ἑαυτὸν
1661 590 1754 645 τοῦ
1803 593 1881 646 oi-

295 677 449 733 κείου
503 675 913 747 στρατεύματος
941 679 970 731 6
1010 680 1249 748 ἐπίγειος
1311 681 1583 750 βασιλεὺς,
1625 685 1719 736 καὶ
1758 683 1881 738 τότε

279 818 379 871 1⁷⁷⁷
409 818 594 824 "'""
625 818 952 838 r""“""“'
979 818 1205 844 "'l'""
1250 818 1547 830 """'"""
1577 818 1807 846 "I""‘"'

300 863 419 882 μοεμ
460 861 544 882 --μὶ
584 861 635 882 -ὶ
672 861 816 882 9.1,9-
855 881 902 882 κη
970 881 996 882 η
1040 866 1052 882 \
1135 865 1149 882 I
1292 865 1316 876 ε’
1507 865 1517 882 1
1633 865 1657 876 α’
1803 867 1814 882 ρ

275 861 424 944 ξγίδα
458 861 552 930 καὶ
581 861 642 915 τὸ
667 861 929 932 διάδημα,
967 866 1062 916 καὶ
1091 865 1211 918 τότε
1249 865 1357 918 τῶν
1390 865 1531 920 κατά
1563 865 1658 919 τοῦ
1686 867 1880 937 τυράν-

295 969 389 1004 νου
435 951 901 1021 ἀριστευσάντων,
931 954 1024 1007 καὶ
1065 954 1504 1024 βασιλευσάντων
1545 956 1656 1010 τῶν
1691 957 1881 1011 παθῶν

293 1042 356 1094 τὸ
400 1041 563 1104 σέϐας
605 1043 975 1114 περιαιρείτω.
1011 1045 1073 1098 El
1104 1045 1210 1115 γάρ
1256 1045 1582 1117 κληρονόμοι
1603 1047 1762 1113 Θεοῦ,
1789 1047 1882 1100 καὶ

298 1133 737 1204 συγκληρονόμοι
765 1135 1030 1204 Χριστοῦ,
1070 1136 1164 1188 καὶ
1202 1137 1298 1207 τῆς
1328 1135 1478 1200 θείας
1517 1137 1674 1208 δόξης
1702 1155 1760 1190 τε
1789 1138 1881 1192 καὶ

299 1225 579 1295 βασιλείας
609 1227 857 1279 κοινωνοί⁹
912 1226 1127 1280 ἔσονται
1155 1268 1171 1292 ,
1202 1227 1317 1290 πῶς
1359 1230 1478 1299 οὐχὶ
1518 1230 1611 1281 καὶ
1657 1228 1755 1299 τῆς
1789 1229 1882 1282 ἐπὶ

297 1316 403 1385 γῆς
435 1315 594 1384 δόξης
642 1316 976 1388 συμμέτοχοι
1007 1317 1270 1386 γένωνται
1317 1319 1367 1371 oi
1410 1319 1554 1388 φίλοι
1603 1319 1878 1390 Χριστοῦς

304 1427 323 1459 ι
360 1408 434 1460 Ού
463 1406 606 1476 λέγω
640 1408 782 1476 ὑμᾶς
816 1408 1058 1475 δούλους,
1088 1411 1259 1481 φησιν
1294 1412 1321 1463 6
1346 1409 1511 1474 Θεός·
1551 1412 1708 1481 ὑμεῖς
1739 1411 1881 1483 φίλοι

301 1497 406 1569 μού
448 1499 625 1551 ἐστε.»
656 1499 768 1568 Τῆς
793 1496 887 1552 οῦν
909 1499 1200 1572 δεδομένης
1230 1501 1412 1564 αὐτοῖς
1435 1504 1586 1574 παρά
1617 1503 1716 1574 τῆς
1756 1501 1880 1561 Ἐκ-

301 1593 532 1663 κλησίας
560 1579 729 1662 τιμῆς
770 1591 1324 1662 στερήσομεναύτούς
1349 1611 1363 1660 ;
1393 1594 1455 1646 Ὦ
1467 1593 1736 1664 θρασείας
1764 1611 1880 1665 χει·-

305 1685 396 1755 ρός
423 1686 436 1738 1
483 1683 530 1738 ὣ
572 1683 853 1754 τολμηρᾶς
897 1683 1148 1755 γνώμης,
1183 1682 1548 1754 ἁνταιρούσης
1581 1683 1718 1738 Θεοῦ
1739 1724 1755 1749 ,
1787 1686 1881 1738 καὶ

297 771 390 823 τὸν
407 769 600 824 ἑαυτοῦ
625 768 848 838 βασιλέα
861 773 952 825 καὶ
979 771 1205 844 Κύριον.
1236 774 1548 830 Ἀποθέσθω
1568 776 1666 846 τὴν
1680 775 1875 846 άλουρ-
1925 823 1928 826 .

1983 505 2064 558 sic
2097 501 2455 573 spectandum
2502 499 2804 571 pingimus,
2839 508 2898 554 ιιι
2925 501 3147 570 proprio
3187 501 3366 571 ipsum
3398 515 3557 555 exer-

1981 598 2095 652 citu
2129 610 2239 651 non
2283 595 2583 664 privemus.
2630 590 2820 648 Sancti
2858 592 3065 662 quippe
3099 601 3230 646 sunt
3276 589 3558 646 exercitus

1982 687 2225 743 Domini.
2257 686 2489 755 Proprie
2521 701 2580 741 se
2608 684 2856 740 exercitu
2899 683 3054 754 prius
3079 682 3280 752 spoliet
3305 690 3558 756 terrenus

1981 779 2302 848 imperator,
2347 793 2510 846 «piam
2561 791 2741 846 regem
2803 774 3206 844 Dnminuruque
3248 787 3409 829 suum
3435 789 3560 843 spo-

1981 871 2120 927 liare
2151 869 2374 925 audeat.
2417 870 2725 938 Purpuram
2761 867 3000 936 deponat
3032 874 3084 922 et
3115 879 3404 932 coronam,
3441 873 3556 918 tum

1980 975 2172 1015 eorum
2211 960 2304 1031 qui
2333 969 2531 1014 contra
2563 967 2859 1029 tyrannum
2895 968 3122 1013 strenue
3151 962 3559 1027 pugnaverunt,

1980 1051 2184 1121 quippe
2214 1049 2596 1104 affectionibus
2627 1058 2681 1104 et
2703 1047 3210 1119 perturbationibus
3235 1048 3352 1103 suis
3387 1046 3562 1116 impe-

1981 1141 2498 1206 rarunt,honoretn_
2531 1139 2764 1195 adnuat.
2811 1139 3050 1204 Etenim,
3098 1139 3143 1192 si
3188 1136 3436 1193 baeredes
3469 1135 3562 1190 Dei

1982 1243 2136 1299 sunt,
2165 1242 2224 1288 et
2252 1233 2576 1290 coheredes.
2599 1232 2810 1287 Christi
2845 1231 2919 1295 ⁷³,
2969 1230 3286 1300 divinaeque
3325 1241 3561 1282 consor-

1983 1334 2064 1382 tes
2089 1325 2280 1397 gloria)
2309 1324 2355 1356 ⁷⁸
2377 1331 2432 1379 et
2471 1323 2624 1392 regni
2660 1321 2833 1376 futuri
2868 1329 3021 1385 sunt,
3053 1334 3223 1375 cccur
3249 1318 3417 1373 etiam
3452 1330 3561 1372 non

1980 1415 2232 1488 ejusdem
2286 1428 2412 1469 cum
2467 1413 2586 1483 ipso
2660 1413 2851 1483 gloria:
2913 1411 3217 1484 participes
3280 1411 3334 1465 in
3393 1409 3563 1466 terris

1984 1510 2135 1572 lient,
2193 1506 2286 1577 qui
2341 1505 2506 1561 amici
2568 1504 2774 1560 Christi
2833 1505 3002 1560 sunt?
3038 1523 3054 1558 ι
3097 1503 3216 1558 Non
3247 1503 3432 1560 dicam
3465 1515 3566 1556 vos

1982 1613 2194 1664 servos,
2260 1597 2440 1667 inquit
2512 1596 2688 1662 Deus;
2737 1611 2838 1652 vos
2871 1595 3036 1650 amici
3091 1594 3198 1650 mei
3246 1593 3385 1650 estis
3435 1592 3503 1646 ⁷⁸.
3543 1612 3560 1644 ι

1983 1687 2243 1759 Nunquid
2287 1703 2420 1760 ergo
2467 1687 2734 1742 honorem
2776 1687 2888 1741 illis
2934 1685 3366 1755 denegabimus,
3399 1697 3564 1751 quem

301 1778 417 1839 τοῖς
475 1774 640 1830 αὐτοῦ
678 1776 1155 1848 ἀντιπραττούσης
1209 1777 1630 1847 προστάγμασιν
1672 1777 1776 1831 lEi
1822 1779 1882 1830 οὐ

1996 1781 2128 1850 ipsis
2180 1782 2461 1836 concessit
2513 1779 2797 1836 Ecclesia?
2841 1777 2884 1833 Ο
2924 1793 3148 1832 manum
3186 1774 3489 1854 audaccml
3521 1771 3565 1827 0

305 1867 633 1934 προσκυνεῖς
681 1866 869 1931 εἰκόνι,
910 1867 1043 1937 μηδὲ
1077 1866 1154 1936 τῷ
1189 1865 1301 1938 Υῐῷ
1341 1867 1436 1920 τοῦ
1473 1866 1608 1920 Θεοῦ
1653 1867 1888 1938 προσκύ-

305 1974 411 2020 vat,
445 1957 505 2021 ὃς
531 1960 684 2010 ἐστιν
708 1958 872 2012 εἰκὼν
901 1957 994 2012 τοῦ
1023 1959 1257 2030 ἀοράτου
1296 1959 1432 2013 Θεοῦ
1459 1960 1631 2026 ζῶσα,
1663 1959 1756 2015 καὶ
1787 1978 1885 2030 χα-

309 2049 523 2124 ρακτὴρ
562 2051 1008 2122 ἀπαράλλακτος.
1051 2050 1110 2103 Ὀ
1143 2052 1270 2115 ναὸς
1315 2051 1376 2105 ὃν
1418 2053 1446 2104 δ
1471 2051 1722 2122 Σολομὼν
1743 2050 1886 2123 ᾠκο-

305 2141 546 2212 δόμησεν
567 2179 582 2206 ,
609 2141 824 2211 ἀλόγων
872 2142 1101 2212 αἴμασιν
1138 2141 1480 2214 ὲνεκαινίσθη
1504 2183 1519 2209 ,
1548 2144 1642 2198 καὶ
1680 2145 1888 2213 ἀλόγων

307 2232 514 2286 εἰκόσιν
542 2231 950 2303 ἑκαλλωπίσθη,
983 2232 1236 2301 λεόντων,
1273 2235 1369 2288 καὶ
1413 2234 1573 2305 βοῶν,
1605 2236 1696 2292 καὶ
1724 2236 1893 2304 φοινία

310 2341 445 2390 κων,
479 2323 571 2378 καὶ
591 2325 849 2396 ῥοΐσκων.
867 2324 982 2379 Νῦν
1011 2324 1067 2377 δὲ
1093 2324 1328 2396 Χριστοῦ
1359 2327 1554 2395 αἵματι
1583 2329 1616 2396 ἡ
1667 2325 1892 2397 Ἐκκλη-

310 2415 406 2467 σία
431 2415 803 2482 ὲγκαινίςεται
833 2415 928 2468 καὶ
970 2415 1079 2468 τῶν
1105 2415 1280 2485 ἁγίων
1311 2415 1478 2470 αύτοῦ
1502 2458 1516 2482 ,
1543 2419 1638 2472 καὶ
1665 2420 1730 2488 τῇ
1758 2419 1892 2489 Χρι-

312 2505 441 2560 ατοῦ
471 2507 642 2560 εἰκόνι
671 2507 766 2560 καὶ
805 2507 914 2560 τῶν
967 2508 1141 2578 ἀγίων
1169 2507 1336 2561 αὐτοῦ
1369 2509 1792 2576 καλλωπίζεται.
1822 2511 1892 2563 Ἢ

312 2599 496 2670 πάσης
527 2599 733 2663 εἰκόνος
759 2599 1135 2671 προσκύνησιν
1175 2599 1355 2663 ἄνελε,
1381 2600 1414 2670 ἢ
1449 2601 1523 2672 μὴ
1555 2601 1904 2672 καινοτόμει,

319 2707 350 2742 ι,
374 2687 512 2758 μηδὲ
569 2687 794 2759 μέταιρε
836 2689 962 2759 ὅρια
1007 2688 1202 2742 αἰώνια
1226 2729 1243 2754 ,
1275 2688 1312 2744 ἃ.
1344 2688 1529 2743 ἔθεντο
1563 2691 1614 2743 οξ
1658 2691 1892 2761 πατέρες

315 2795 442 2834 σουο
477 2798 496 2831 ι
534 2781 595 2834 ού
627 2781 697 2834 τά
727 2781 834 2852 πρὸ
856 2785 958 2852 τῆς
1003 2781 1291 2851 ὲνσάρκου.
1316 2783 1620 2851 παρουσίας
1653 2781 1892 2853 Χριστοῦ

311 2870 408 2924 τοῦ
436 2871 572 2926 Θεοῦ
617 2871 776 2942 ἡμῶν
821 2872 986 2940 λέγω,
1025 2871 1161 2925 ἀλλὰ
1187 2871 1256 2926 τά
1301 2871 1444 2940 μετά
1467 2873 1565 2942 τὴν
1598 2873 1894 2942 ἐπιδημίαν

314 2963 499 3017 αὑτοῦ,
541 2964 678 3034 Περὶ
731 2963 841 3034 γὰρ
890 2963 1006 3020 τῶν,
1050 2965 1106 3016 ὲν
1156 2950 1222 3034 τῇ
1279 2962 1495 3034 Παλαιᾷ
1544 2962 1894 3035 παραδόσεων

1991 1869 2342 1926 temerariam
2387 1880 2650 1935 mentem,
2695 1885 2819 1938 quae
2875 1869 2986 1923 Deo
3020 1863 3378 1932 contradicit,
3410 1865 3564 1934 ejus-

1985 1977 2098 2032 que
2118 1962 2297 2032 jussis
2330 1961 2658 2017 adversatur
2688 1963 2700 2014 !
2733 1958 2890 2026 Quod
2924 1959 2969 2014 si
2999 1959 3232 2012 adorare
3267 1955 3564 2025 imaginem

1992 2053 2202 2122 renuis,
2221 2068 2291 2110 ne
2313 2053 2537 2123 quidem
2564 2051 2656 2106 Dei
2682 2051 2884 2106 Filium
2911 2049 3082 2105 adora
3115 2067 3128 2103 :
3163 2047 3284 2115 ipse
3311 2046 3457 2099 enim
3485 2052 3569 2098 est

1992 2146 2171 2219 imago
2203 2146 2393 2202 vivens
2427 2145 2520 2200 Dei
2552 2143 2861 2201 invisibilis
2889 2144 2957 2209 ⁷⁸,
3007 2138 3471 2209 invariabilisquc
3507 2138 3570 2190 ti—

1990 2253 2129 2308 gura
2175 2238 2502 2295 substantiae
2559 2237 2684 2306 ejus
2712 2236 2778 2290 ⁷⁷.
2817 2234 3114 2304 Templum
3175 2246 3206 2286 a
3269 2232 3570 2286 Salomone
3669 2221 3686 2234 ’

1990 2339 2397 2392 constructum.
2454 2329 2779 2383 animalium
2843 2326 3112 2398 sanguine
3181 2329 3568 2379 consecratum

1994 2423 2125 2488 fuit;
2184 2423 2505 2476 animalium
2576 2435 2818 2492 quoque,
2875 2420 3097 2476 leonum
3173 2415 3452 2478 videlicet,
3516 2421 3572 2466 et

1993 2514 2180 2580 boum,
2210 2529 2422 2568 necnon
2451 2514 2782 2584 palmarum,
2819 2511 3202 2581 malorumque
3237 2508 3570 2579 punicnrum

1993 2605 2324 2677 imaginibus
2346 2613 2626 2661 ornatum.
2653 2604 2808 2658 Nunc
2837 2619 2966 2659 vero
2993 2601 3204 2659 Christi
3231 2607 3575 2656 sanctorum-

1993 2711 2101 2764 que
2141 2696 2266 2766 ejus
2295 2696 2566 2768 sanguine
2599 2694 2847 2750 Ecclesia
2884 2694 3198 2754 dedicatur,
3244 2707 3309 2745 ac
3359 2687 3572 2744 Christi

1996 2794 2430 2855 sanctorumque
2476 2785 2600 2854 ejus
2679 2785 2980 2840 decoratur
3039 2781 3394 2851 imaginibus.
3463 2778 3575 2832 Aut

1995 2875 2240 2930 onmium
2280 2874 2584 2944 imaginum
2631 2874 3015 2928 adorationem
3065 2873 3246 2936 tollas,
3293 2880 3385 2924 aut
3437 2868 3577 2924 nihil

1997 2973 2208 3019 statuas
2238 2965 2387 3029 novi,
2430 2984 2447 3017 ι
2488 2982 2623 3020 neve
2654 2967 2923 3024 terminos
2951 2966 3212 3034 antiquos
3247 2964 3573 3021 transferas,

319 3057 668 3127 μεμφόμενος
697 3058 724 3110 6
755 3057 890 3120 Θεός
939 3072 1134 3126 φησιν’
1179 3073 1197 3107 ι
1244 3056 1461 3112 Ἕδωκα
1499 3055 1684 3118 αὐτοῖς
1724 3071 1893 3126 προσ-

1998 3071 2140 3126 quos
2173 3065 2480 3125 posuerunt
2525 3067 2712 3128 patres
2737 3058 2819 3112 tui
2866 3075 2880 3111 :
2923 3076 2942 3109 ι
2999 3072 3105 3112 non
3165 3071 3261 3110 eos
3295 3056 3442 3118 dico,
3480 3053 3574 3122 qui

2000 3155 2119 3166 __,._
2167 3147 2363 3166 l'l,-,!s.9
2400 3147 2487 3166 n,'
2580 3159 2647 3166 ,,-
2688 3149 2700 3160 θ
2752 3149 2762 3166 9
2790 3165 2795 3166 ,
2865 3163 2908 3166 A_
2941 3163 3018 3166 η.-
3077 3164 3088 3166 μ
3124 3147 3360 3166 1η-.-..--.-
3417 3144 3573 3166 ---ξιξ

314 3149 574 3218 τάγματα
598 3149 658 3200 ού
681 3148 842 3211 καλά,
876 3167 890 3199 ι
921 3148 1063 3202 κατὰ
1100 3149 1199 3218 τὴν
1230 3147 1667 3221 σκληροκαρδίαν
1690 3147 1890 3201 αὐτῶν.

317 3239 482 3293 Ὥστε
515 3238 905 3310 μετατεθείσης
932 3239 1032 3308 τῆς
1082 3237 1403 3310 ἱερωσύνης,
1436 3239 1495 3306 ἐξ
1533 3239 1778 3308 ἀνάγκης
1807 3238 1901 3292 καὶ

318 3328 483 3400 νόμου
515 3329 811 3400 μετάθεσις
840 3330 1086 3399 γέγονεν.

1995 3155 2126 3202 ante
2164 3147 2368 3202 Christi
2400 3147 2492 3202 Dei
2526 3149 2702 3205 nostri
2751 3149 2805 3203 in
2855 3163 3025 3203 carne
3071 3147 3364 3202 adventum
3415 3144 3575 3214 positi

1996 3247 2153 3301 sunt.
2185 3238 2278 3293 sed
2317 3239 2411 3309 qui
2441 3251 2566 3310 post
2592 3239 2746 3294 illius
2777 3239 3074 3295 adventum
3104 3237 3330 3293 luerunt
3361 3234 3576 3290 consti-

1997 3331 2124 3384 tuti.
2183 3329 2318 3385 Nam
2378 3332 2445 3388 de
2505 3330 2849 3386 Testamenti
2908 3329 3127 3386 Veteris
3189 3324 3579 3385 sanctionibus

321 3430 657 3492 conquestus
718 3423 861 3479 Deus
909 3425 1029 3478 ait:
1088 3443 1106 3476 ι
1140 3424 1273 3490 Dedi
1323 3425 1405 3481 eis
1470 3433 1742 3496 praecepta
1781 3441 1890 3480 non
1931 3424 2172 3486 bona”,
2211 3443 2230 3476 ι
2271 3433 2491 3497 propter
2535 3425 2798 3482 duritiam
2841 3423 3030 3480 cordis
3110 3437 3323 3480 eorum.
3396 3419 3577 3486 Quare

321 3513 591 3570 translato
635 3515 943 3571 sacerdotio
985 3531 1212 3576 necesse
1244 3517 1344 3572 fuit
1384 3526 1445 3572 ut
1475 3519 1612 3590 legis
1643 3519 1936 3575 translatio
1969 3518 2123 3577 ﬁeret
2147 3518 2214 3572 ⁸ο.

394 3612 488 3672 ις’.
519 3607 594 3660 Οὐ
643 3607 806 3678 μόνον
857 3608 914 3662 δὲ
962 3609 1256 3680 γράμμασι
1299 3611 1392 3663 τὸν
1444 3609 1900 3681 ἐκκλησιαστικὸν

323 3698 524 3770 θεσμὸν
556 3700 882 3770 παρέδωκαν
924 3702 973 3754 oi
1023 3701 1292 3755 αὐτόπται
1340 3700 1435 3754 καὶ
1489 3700 1762 3771 ὑπηρέται
1806 3699 1900 3752 τοῦ

321 3789 674 3858 Λόγου,ἀλλά
729 3793 824 3851 κα).
855 3791 1128 3863 ἀγράφοις
1182 3792 1294 3845 τισὶ
1345 3792 1700 3865 παραδόσεσι.
1732 3791 1902 3846 Πόθεν

320 3882 430 3952 γὰρ
455 3883 802 3953 οἴδαμεντδν
828 3885 1068 3956 Κρανίου
1110 3883 1278 3938 τόπον
1305 3884 1397 3938 τὸν
1424 3884 1580 3954 ἅγιον
1603 3903 1617 3951 ;
1655 3884 1818 3938 πόθεν
1839 3885 1902 3938 τὸ

325 3972 518 4042 μνῆμα
546 3974 646 4044 τῆς
701 3975 882 4046 ζωῆς;
915 3977 978 4029 ού
1020 3979 1149 4040 παῖς
1207 3979 1359 4048 παρά
1389 3979 1594 4048 πατρὸς
1637 3976 1902 4048 ἀγράφως

321 4064 732 4134 παραλασόντες
757 4083 771 4132 ;
801 4066 874 4120 Τὸ
913 4066 1010 4137 μὲν
1043 4069 1102 4121 ὲν
1129 4068 1280 4140 τόπῳ
1315 4069 1556 4140 Κρανίου
1583 4069 1902 4140 σταυρωθῆ-

323 4171 410 4210 ναι
432 4155 526 4210 τὸν
551 4157 756 4229 Κύριον
775 4158 1112 4230 γέγραπται,
1141 4161 1236 4214 καὶ
1255 4161 1498 4231 ταφῆναι
1529 4163 1588 4214 ἐν
1626 4161 1901 4232 μνημείῳ,

321 4247 350 4301 δ
384 4247 721 4320 ἐλατόμησεν
767 4250 966 4322 Ἰωσὴφ
1015 4253 1078 4304 ὲν
1122 4254 1190 4324 τῇ
1239 4251 1436 4324 πέτρᾳ.
1461 4250 1586 4307 Ὅτι
1631 4251 1688 4305 δὲ
1731 4251 1905 4306 ταῦτά

323 4342 442 4394 ἐστι
475 4340 545 4394 τά
566 4340 661 4394 νῦν
689 4340 1242 4413 προσκυνούμενα,ὲξ
1264 4344 1516 4414 ἀγράφου
1550 4343 1906 4414 παραδόσεως

2071 3609 2158 3662 16.
2195 3609 2467 3663 Czeterum
2497 3616 2848 3676 spectatores
2877 3617 2934 3662 et
2962 3607 3206 3662 ministri
3239 3606 3431 3672 Verbi,
3466 3621 3579 3662 non

2001 3699 2200 3770 litteris
2231 3697 2422 3763 modo,
2451 3713 2647 3755 verum
2699 3697 2867 3753 etiam
2921 3695 3315 3769 traditionibus
3344 3698 3578 3768 quibus-

2000 3791 2126 3844 dam
2157 3789 2585 3861 haudquaquam
2621 3790 2867 3859 scriptis,
2909 3788 3376 3846 Ecclcsiasticam.
3409 3789 3579 3846 disci-

1999 3876 2208 3946 plinam
2237 3884 2549 3932 sanxerunt.
2581 3875 2652 3930 ".
2693 3875 3016 3943 Enimvero,
3065 3877 3374 3944 nudatam,
3403 3893 3576 3950 rogo,

2002 3975 2259 4022 sanctum
2292 3967 2565 4022 Calvarize
2614 3967 2796 4022 locum
2813 3968 2880 4034 9‘;
2931 3967 3076 4023 unde
3105 3969 3419 4038 sepulcrum
3450 3971 3595 4026 vitae.

2001 4064 2196 4114 notum
2245 4057 2550 4113 habemus?
2592 4056 2789 4116 Nonne
2845 4060 2976 4129 quia
3027 4060 3148 4119 sine
3196 4061 3402 4131 scripto
3433 4075 3583 4132 apa-

2001 4149 2252 4206 rentibus
2277 4149 2371 4204 lilii
2407 4149 2460 4204 id
2496 4150 2858 4220 accepimus?
2885 4149 3020 4205 Nam
3073 4151 3426 4208 in..Calvaria:
3461 4153 3582 4210 loco

1999 4241 2348 4308 cruciﬁxum,
2379 4249 2436 4297 et
2474 4243 2528 4298 in
2576 4251 2960 4308 monumento,
3001 4243 3150 4314 quod
3189 4243 3398 4316 Joscph
3433 4247 3583 4302 exci-

2002 4333 2161 4391 derat
2191 4349 2222 4391 e
2254 4345 2410 4406 petra
2433 4335 2501 4401 ⁸³,
2535 4336 2816 4407 sepultum
2874 4335 3049 4392 fuisse
3104 4335 3420 4404 Dominum,
3450 4339 3584 4395 scri-

322 4434 582 4504 οἶδαμεν,
613 4435 708 4490 καὶ
741 4411 972 4489 πλεῖστα
1010 4411 1234 4501 τούτοις
1283 4411 1582 4507 παρόμοια.
1627 4411 1797 4489 Πόθεν
1842 4435 1893 4488 τέ

2008 4436 2161 4498 ptum
2185 4425 2412 4499 quidem
2447 4437 2569 4484 est:
2599 4425 2964 4500 quodautem
2998 4428 3091 4483 illa
3125 4431 3245 4500 ipsa
3286 4433 3422 4496 sint,
3457 4446 3583 4502 qua:

323 4527 506 4598 τρίτον
533 4527 851 4598 βαπτίζειν,
881 4528 1134 4589 τουτέστι
1153 4571 1168 4595 ,
1191 4529 1283 4582 διὰ
1311 4529 1478 4602 τριῶν
1522 4527 1902 4594 καταδύσειιιν;

325 4613 497 4669 Πόθεν
527 4615 586 4670 τδ
617 4618 943 4690 προσκυνεῖν
995 4618 1265 4690 σταυρόν;
1298 4620 1399 4674 ούκ
1429 4621 1494 4674 ὲκ
1524 4619 1623 4692 τῆς
1653 4617 1904 4692 ἀγράφου

325 4707 676 4778 παραδόσεως
701 4727 716 4776 ;
739 4709 834 4763 Διὸ
864 4709 956 4764 καὶ
977 4712 1006 4764 6
1025 4710 1169 4774 θεῖος
1209 4711 1506 4776 ἀπόστολος
1532 4711 1745 4777 Παῦλός
1805 4729 1908 4783 φη-

325 4813 416 4851 σιν
436 4815 450 4828 ’
488 4815 507 4850 ι
543 4800 686 4869 Ἀρα
715 4795 832 4861 οὖν.
866 4799 1109 4870 ἀδελφοὶ,
1135 4802 1370 4871 στήκετε
1397 4803 1491 4856 καὶ
1524 4804 1778 4872 κρατεῖτε
1809 4802 1908 4865 τὰς

326 4886 678 4958 παραδόσεις,
702 4885 767 4951 ἃς
791 4885 1134 4960 ἐδιδάχθητε,
1159 4889 1270 4942 εῐτε
1323 4890 1411 4944 διὰ
1465 4889 1626 4959 λόγου
1653 4930 1666 4955 ,
1694 4891 1804 4944 εἴτε
1838 4891 1908 4944 δι’

329 4979 620 5049 ἐπιστολῆς
667 4979 850 5051 ἡμῶν.
883 5001 904 5034 ι
931 4980 1152 5037 Πολλῶν
1203 4982 1494 5055 τοιγαροῦν
1544 4983 1808 5054 ἀγράφως
1841 4986 1907 5055 τῇ

342 5070 644 5144 Ἐκκλησία
667 5073 1144 5145 παραδιδομένων,
1179 5075 1275 5129 καὶ
1307 5075 1469 5145 μέχρι
1503 5075 1597 5128 τοῦ
1623 5074 1718 5128 νῦν
1746 5091 1912 5144 πεφν-

328 5164 642 5236 λαγμένων,
671 5163 723 5217 τί
757 5165 888 5236 περὶ
935 5165 1035 5230 τὰς
1066 5166 1281 5230 εἰκόνας
1303 5167 1750 5239 σμικρολογεϊτες
1785 5168 1910 5220 Μα-

273 5265 286 5338 ί
328 5259 528 5328 νικαῖοι
573 5257 921 5328 συνέγραψαν
968 5257 1030 5312 τὸ
1089 5257 1231 5316 κατά
1283 5257 1484 5328 Θωμᾶν
1527 5255 1858 5326 Εὐαγγέλιον
1891 5273 1904 5287 ·

329 5349 578 5420 γράψατε
601 5349 697 5403 καὶ
745 5351 905 5419 ὑμεῖς
930 5350 992 5404 τὸ
1037 5351 1178 5404 κατὰ
1219 5350 1425 5406 Λέοντα
1449 5349 1800 5417 Εὐαγγέλιον.
1830 5350 1905 5404 Οὐ

327 5442 555 5515 δέχομαι
604 5441 829 5512 βασιλέα
857 5442 1198 5514 τυραννικῶς
1237 5443 1338 5512 τὴν
1380 5441 1681 5513 ἱερωσύνην
1727 5441 1908 5512 ἀρπά-

401 5577 447 5609 "
479 5577 640 5633 Rom.
681 5592 802 5642 vm,
832 5579 918 5632 17.

334 5662 468 5708 xm,
497 5649 589 5703 28.
695 5651 742 5682 "
776 5646 971 5704 Ezeelt.
1017 5665 1106 5712 xv,
1141 5649 1229 5702 24.

1335 5650 1378 5680 "
1410 5647 1574 5704 Hebr.
1603 5665 1698 5713 vu,
1724 5649 1808 5702 1‘2.

329 5717 377 5747 "’
403 5715 443 5771 ll
475 5715 673 5774 Thess.
710 5734 766 5778 ιι.
802 5719 883 5773 14.

1016 5579 1059 5609 τι
1085 5577 1124 5632 ll
1155 5577 1296 5630 Pa-tr.
1335 5594 1372 5638 ι,
1406 5578 1456 5632 4.
1547 5579 1594 5610 ⁷⁸
1623 5577 1781 5632 Juan.
1826 5596 1917 5637 xv.
1958 5577 2045 5641 14,
2075 5578 2164 5632 15.

1017 5665 1106 5704 xv.
1141 5649 1229 5702 24.
1335 5650 1378 5680 "
1410 5647 1574 5704 Hebr.
1603 5649 1808 5704 “1.12.
1911 5649 1955 5680 ⁸⁸
1984 5648 2117 5704 Luc.
2149 5665 2186 5704 I.
2221 5647 2255 5700 2

2029 5663 2117 5702 ue.
2149 5665 2186 5714 I,
2221 5663 2275 5700 τ..

2005 4535 2153 4574 nunc
2197 4520 2520 4587 adorantur,
2555 4536 2637 4578 ex.
2671 4519 2970 4576 traditione
3021 4537 3128 4575 non
3177 4522 3383 4593 scripta
3425 4537 3583 4578 acce-

2007 4616 2212 4686 pimus,
2258 4613 2485 4683 perinde
2525 4603 2692 4682 atque
2727 4613 2900 4668 multa
2955 4614 3064 4668 alia
3125 4611 3210 4668 his
3241 4615 3581 4669 consimilia.

2011 4704 2300 4783 Undenam
2326 4703 2483 4770 illud,
2535 4711 2596 4760 ut
2641 4705 2827 4769 tertio,
2864 4706 2969 4760 hoc
3012 4714 3116 4772 est,
3149 4707 3330 4762 tribus
3367 4719 3584 4762 mersa-

2009 4797 2276 4862 tionibus,
2308 4795 2695 4865 baptizemus?
2737 4795 2894 4851 Unde
2935 4805 2995 4852 ut
3028 4797 3099 4851 ad
3129 4798 3399 4854 orientem
3446 4813 3586 4853 con-

2009 4891 2156 4945 versi
2242 4889 2574 4960 preeemur?
2629 4886 2780 4944 Unde
2827 4895 2888 4942 ut
2961 4904 3189 4945 crucem
3253 4889 3588 4945 adoremus?

2011 4981 2206 5038 Nonne
2236 4997 2304 5037 ex
2335 4979 2634 5035 traditione
2668 4978 2896 5036 minime
2935 4979 3187 5056 scripta?
3214 4979 3584 5046 Quamobrem

2009 5078 2234 5136 divinus
2279 5077 2449 5132 etiam
2511 5074 2799 5146 apostolus
2867 5073 3074 5130 Paulus
3136 5074 3253 5127 ait:
3308 5091 3325 5124 ι
3373 5069 3584 5141 Itaque,

2015 5169 2241 5234 fratres,
2277 5176 2442 5233 state,
2477 5176 2533 5223 et
2560 5174 2742 5223 tenete
2764 5165 3094 5220 traditiones
3123 5181 3262 5234 quas
3289 5161 3585 5227 didicistis,

2012 5262 2128 5319 sive
2158 5274 2254 5331 per
2281 5273 2619 5324 sermonem,
2642 5259 2757 5314 sive
2776 5273 2880 5330 per,
2899 5258 3191 5328 epistolam
3223 5267 3467 5310 nostram
3481 5253 3548 5306 “.
3566 5271 3584 5304 ι

2013 5350 2249 5417 Quando
2278 5353 2464 5419 itaque
2501 5349 2674 5405 multa
2715 5355 2847 5404 sunt
2893 5345 3160 5402 Ecclesia:
3199 5338 3320 5401 sine
3364 5337 3591 5413 scriptis

2021 5441 2246 5506 tradita,
2302 5450 2468 5511 atque
2517 5441 2584 5493 ad
2618 5439 2762 5493 lmue
2833 5452 3010 5508 usque
3070 5435 3215 5490 diem
3272 5434 3588 5498 observata,

2837 5572 2879 5601 ⁷⁷
2918 5570 3083 5624 ΙΙι-ὺτ.
3119 5584 3157 5633 I,
3190 5569 3242 5624 5.
3345 5563 3390 5598 ⁷⁸
3430 5562 3587 5618 Prov.

2255 5577 2302 5609 ⁷⁸
2323 5575 2536 5631 Coloss.
2569 5590 2608 5639 ι,
2646 5573 2736 5628 15.
2837 5573 2879 5601 ⁷⁷
2918 5573 3083 5624 ΙΙι-ιιτ.
3119 5584 3157 5633 ι,
3190 5573 3242 5624 5.
3345 5573 3390 5598 ⁷⁸
3430 5573 3586 5618 t'rov.

2255 5687 2275 5700 η.
2376 5645 2421 5678 ⁸³
2455 5643 2613 5700 Jocn.
2653 5659 2767 5702 xix.
2804 5641 2888 5698 17.
2997 5641 3042 5671 ⁸³
3073 5639 3261 5695 Matth.
3297 5651 3466 5702 xxvii,
3501 5636 3586 5690 (30.

2376 5645 2421 5678 ⁸³
2455 5643 2613 5700 Jocn.
2653 5659 2767 5709 xix,
2804 5641 2888 5698 17.
