  <div class='ocr_page' id='page_1' title='image "/cluster/home/n/w/nwhite01/storage/ocr_20150623/94/hvd.32044073502098/659.png"; bbox 0 0 3936 6174; ppageno 0'>
   <div class='ocr_carea' id='block_1_1' title="bbox 417 306 552 369">
    <p class='ocr_par' dir='ltr' id='par_1_1' title="bbox 417 306 552 369">
     <span class='ocr_line' id='line_1_1' title="bbox 417 306 552 369; baseline 0 0"><span class='ocrx_word' id='word_1_1' title='bbox 417 306 552 369; x_wconf 69' lang='grc'><strong>1307</strong></span> 
     </span>
    </p>
   </div>
   <div class='ocr_carea' id='block_1_2' title="bbox 1614 310 2525 374">
    <p class='ocr_par' dir='ltr' id='par_1_2' title="bbox 1614 310 2525 374">
     <span class='ocr_line' id='line_1_2' title="bbox 1614 310 2525 374; baseline 0.002 -2"><span class='ocrx_word' id='word_1_2' title='bbox 1614 313 1677 372; x_wconf 92' lang='lat' dir='ltr'><strong>S.</strong></span> <span class='ocrx_word' id='word_1_3' title='bbox 1735 310 2054 374; x_wconf 70' lang='lat' dir='ltr'><strong>JOANNIS</strong></span> <span class='ocrx_word' id='word_1_4' title='bbox 2094 311 2525 374; x_wconf 74' lang='lat' dir='ltr'><strong>DAMASCENI</strong></span> 
     </span>
    </p>
   </div>
   <div class='ocr_carea' id='block_1_3' title="bbox 3549 311 3692 376">
    <p class='ocr_par' dir='ltr' id='par_1_3' title="bbox 3549 311 3692 376">
     <span class='ocr_line' id='line_1_3' title="bbox 3549 311 3692 376; baseline 0.014 -2"><span class='ocrx_word' id='word_1_5' title='bbox 3549 311 3692 376; x_wconf 72' lang='lat'><strong>1308</strong></span> 
     </span>
    </p>
   </div>
   <div class='ocr_carea' id='block_1_4' title="bbox 414 417 2013 500">
    <p class='ocr_par' dir='ltr' id='par_1_4' title="bbox 414 417 1998 497">
     <span class='ocr_line' id='line_1_4' title="bbox 414 417 1998 497; baseline 0.004 -22"><span class='ocrx_word' id='word_1_6' title='bbox 414 417 666 488; x_wconf 81' lang='lat' dir='ltr'><strong>setpulos</strong></span> <span class='ocrx_word' id='word_1_7' title='bbox 713 431 884 484; x_wconf 88' lang='lat' dir='ltr'><strong>suos,</strong></span> <span class='ocrx_word' id='word_1_8' title='bbox 928 427 1045 474; x_wconf 90' lang='lat' dir='ltr'><strong>tum</strong></span> <span class='ocrx_word' id='word_1_9' title='bbox 1090 433 1188 476; x_wconf 84' lang='lat' dir='ltr'><strong>eos</strong></span> <span class='ocrx_word' id='word_1_10' title='bbox 1224 426 1448 492; x_wconf 79' lang='lat' dir='ltr'><strong>quoque</strong></span> <span class='ocrx_word' id='word_1_11' title='bbox 1497 437 1728 492; x_wconf 86' lang='lat' dir='ltr'><strong>omnes,</strong></span> <span class='ocrx_word' id='word_1_12' title='bbox 1786 427 1879 497; x_wconf 88' lang='lat' dir='ltr'><strong>qui</strong></span> <span class='ocrx_word' id='word_1_13' title='bbox 1931 425 1998 480; x_wconf 86' lang='lat' dir='ltr'><strong>ad</strong></span> 
     </span>
    </p>
   </div>
   <div class='ocr_carea' id='block_1_5' title="bbox 2118 417 3696 500">
    <p class='ocr_par' dir='ltr' id='par_1_5' title="bbox 2118 424 3696 500">
     <span class='ocr_line' id='line_1_5' title="bbox 2118 424 3696 500; baseline 0.003 -22"><span class='ocrx_word' id='word_1_14' title='bbox 2118 426 2426 496; x_wconf 54' lang='grc' dir='ltr'>μακαρίζων</span> <span class='ocrx_word' id='word_1_15' title='bbox 2445 466 2459 492; x_wconf 98' lang='grc'><strong>,</strong></span> <span class='ocrx_word' id='word_1_16' title='bbox 2491 424 2586 479; x_wconf 78' lang='grc' dir='ltr'>καὶ</span> <span class='ocrx_word' id='word_1_17' title='bbox 2619 426 2715 480; x_wconf 79' lang='grc' dir='ltr'>σὺν</span> <span class='ocrx_word' id='word_1_18' title='bbox 2751 426 2934 491; x_wconf 82' lang='grc' dir='ltr'>αὐτοῖς</span> <span class='ocrx_word' id='word_1_19' title='bbox 2979 427 3189 492; x_wconf 79' lang='grc' dir='ltr'><strong>πάντας</strong></span> <span class='ocrx_word' id='word_1_20' title='bbox 3215 433 3342 493; x_wconf 80' lang='grc' dir='ltr'>τοὺς</span> <span class='ocrx_word' id='word_1_21' title='bbox 3369 428 3450 500; x_wconf 82' lang='grc' dir='ltr'>τῷ</span> <span class='ocrx_word' id='word_1_22' title='bbox 3487 427 3696 483; x_wconf 59' lang='lat' dir='ltr'><strong>trav-iii.</strong></span> 
     </span>
    </p>
   </div>
   <div class='ocr_carea' id='block_1_6' title="bbox 418 509 1997 582">
    <p class='ocr_par' dir='ltr' id='par_1_6' title="bbox 418 509 1997 582">
     <span class='ocr_line' id='line_1_6' title="bbox 418 509 1997 582; baseline 0.006 -19"><span class='ocrx_word' id='word_1_23' title='bbox 418 509 800 581; x_wconf 74' lang='lat' dir='ltr'><strong>pmscriptam</strong></span> <span class='ocrx_word' id='word_1_24' title='bbox 823 511 894 566; x_wconf 88' lang='lat' dir='ltr'><strong>ab</strong></span> <span class='ocrx_word' id='word_1_25' title='bbox 933 510 1044 568; x_wconf 93' lang='lat' dir='ltr'><strong>illis</strong></span> <span class='ocrx_word' id='word_1_26' title='bbox 1069 512 1293 567; x_wconf 82' lang='lat' dir='ltr'><strong>vivendi</strong></span> <span class='ocrx_word' id='word_1_27' title='bbox 1321 528 1593 582; x_wconf 84' lang='lat' dir='ltr'><strong>normam,</strong></span> <span class='ocrx_word' id='word_1_28' title='bbox 1639 516 1807 572; x_wconf 87' lang='lat' dir='ltr'><strong>vitam</strong></span> <span class='ocrx_word' id='word_1_29' title='bbox 1831 519 1997 574; x_wconf 86' lang='lat' dir='ltr'><strong>insti-</strong></span> 
     </span>
    </p>
   </div>
   <div class='ocr_carea' id='block_1_7' title="bbox 416 602 1997 675">
    <p class='ocr_par' dir='ltr' id='par_1_7' title="bbox 416 602 1997 675">
     <span class='ocr_line' id='line_1_7' title="bbox 416 602 1997 675; baseline 0.006 -21"><span class='ocrx_word' id='word_1_30' title='bbox 416 609 670 666; x_wconf 90' lang='lat' dir='ltr'><strong>tuerent,</strong></span> <span class='ocrx_word' id='word_1_31' title='bbox 715 614 1018 670; x_wconf 91' lang='lat' dir='ltr'><strong>eorumque</strong></span> <span class='ocrx_word' id='word_1_32' title='bbox 1067 602 1300 673; x_wconf 71' lang='lat' dir='ltr'><strong>vestigia</strong></span> <span class='ocrx_word' id='word_1_33' title='bbox 1353 614 1752 675; x_wconf 74' lang='lat' dir='ltr'><strong>sequerentur,</strong></span> <span class='ocrx_word' id='word_1_34' title='bbox 1802 607 1997 664; x_wconf 83' lang='lat' dir='ltr'><strong>beatos</strong></span> 
     </span>
    </p>
   </div>
   <div class='ocr_carea' id='block_1_8' title="bbox 421 691 1996 763">
    <p class='ocr_par' dir='ltr' id='par_1_8' title="bbox 421 691 1996 763">
     <span class='ocr_line' id='line_1_8' title="bbox 421 691 1996 763; baseline 0.006 -17"><span class='ocrx_word' id='word_1_35' title='bbox 421 691 768 762; x_wconf 59' lang='lat' dir='ltr'><strong>praedicans,</strong></span> <span class='ocrx_word' id='word_1_36' title='bbox 821 694 937 748; x_wconf 85' lang='lat' dir='ltr'><strong>haec</strong></span> <span class='ocrx_word' id='word_1_37' title='bbox 994 695 1376 763; x_wconf 70' lang='lat' dir='ltr'><strong>pronuntiavit</strong></span> <span class='ocrx_word' id='word_1_38' title='bbox 1423 715 1437 752; x_wconf 92' lang='lat'><strong>:</strong></span> <span class='ocrx_word' id='word_1_39' title='bbox 1494 713 1516 748; x_wconf 78' lang='grc' dir='ltr'><strong>ι</strong></span> <span class='ocrx_word' id='word_1_40' title='bbox 1569 697 1749 753; x_wconf 83' lang='lat' dir='ltr'><strong>Vestri</strong></span> <span class='ocrx_word' id='word_1_41' title='bbox 1814 710 1996 756; x_wconf 87' lang='lat' dir='ltr'><strong>autem</strong></span> 
     </span>
    </p>
   </div>
   <div class='ocr_carea' id='block_1_9' title="bbox 420 783 1998 860">
    <p class='ocr_par' dir='ltr' id='par_1_9' title="bbox 420 783 1998 860">
     <span class='ocr_line' id='line_1_9' title="bbox 420 783 1998 860; baseline 0.005 -22"><span class='ocrx_word' id='word_1_42' title='bbox 420 783 566 838; x_wconf 82' lang='lat' dir='ltr'><strong>beati</strong></span> <span class='ocrx_word' id='word_1_43' title='bbox 618 785 764 838; x_wconf 83' lang='lat' dir='ltr'><strong>oculi</strong></span> <span class='ocrx_word' id='word_1_44' title='bbox 802 786 894 855; x_wconf 86' lang='lat' dir='ltr'><strong>qui</strong></span> <span class='ocrx_word' id='word_1_45' title='bbox 929 785 1150 851; x_wconf 85' lang='lat' dir='ltr'><strong>vident,</strong></span> <span class='ocrx_word' id='word_1_46' title='bbox 1208 791 1264 840; x_wconf 85' lang='lat' dir='ltr'><strong>et</strong></span> <span class='ocrx_word' id='word_1_47' title='bbox 1302 800 1467 842; x_wconf 89' lang='lat' dir='ltr'><strong>aures</strong></span> <span class='ocrx_word' id='word_1_48' title='bbox 1508 797 1711 845; x_wconf 56' lang='lat' dir='ltr'><strong>vestras</strong></span> <span class='ocrx_word' id='word_1_49' title='bbox 1747 805 1870 860; x_wconf 67' lang='lat' dir='ltr'><strong>quae</strong></span> <span class='ocrx_word' id='word_1_50' title='bbox 1899 805 1998 846; x_wconf 86' lang='lat' dir='ltr'><strong>au—</strong></span> 
     </span>
    </p>
   </div>
   <div class='ocr_carea' id='block_1_10' title="bbox 420 873 2000 952">
    <p class='ocr_par' dir='ltr' id='par_1_10' title="bbox 420 873 2000 952">
     <span class='ocr_line' id='line_1_10' title="bbox 420 873 2000 952; baseline 0.007 -26"><span class='ocrx_word' id='word_1_51' title='bbox 420 873 602 928; x_wconf 85' lang='lat' dir='ltr'><strong>diunt.</strong></span> <span class='ocrx_word' id='word_1_52' title='bbox 659 873 834 929; x_wconf 70' lang='lat' dir='ltr'><strong>Amen</strong></span> <span class='ocrx_word' id='word_1_53' title='bbox 866 877 1068 950; x_wconf 80' lang='lat' dir='ltr'><strong>quippe</strong></span> <span class='ocrx_word' id='word_1_54' title='bbox 1101 877 1230 931; x_wconf 89' lang='lat' dir='ltr'><strong>dico</strong></span> <span class='ocrx_word' id='word_1_55' title='bbox 1263 877 1450 945; x_wconf 90' lang='lat' dir='ltr'><strong>vobis,</strong></span> <span class='ocrx_word' id='word_1_56' title='bbox 1479 879 1608 949; x_wconf 87' lang='lat' dir='ltr'><strong>quia</strong></span> <span class='ocrx_word' id='word_1_57' title='bbox 1661 881 1816 936; x_wconf 86' lang='lat' dir='ltr'><strong>multi</strong></span> <span class='ocrx_word' id='word_1_58' title='bbox 1865 897 2000 952; x_wconf 87' lang='lat' dir='ltr'><strong>pro-</strong></span> 
     </span>
    </p>
   </div>
   <div class='ocr_carea' id='block_1_11' title="bbox 423 965 1999 1042">
    <p class='ocr_par' dir='ltr' id='par_1_11' title="bbox 423 965 1999 1042">
     <span class='ocr_line' id='line_1_11' title="bbox 423 965 1999 1042; baseline 0.008 -25"><span class='ocrx_word' id='word_1_59' title='bbox 423 965 606 1034; x_wconf 64' lang='lat' dir='ltr'><strong>pheta</strong></span> <span class='ocrx_word' id='word_1_60' title='bbox 660 973 714 1020; x_wconf 88' lang='lat' dir='ltr'><strong>et</strong></span> <span class='ocrx_word' id='word_1_61' title='bbox 741 966 879 1036; x_wconf 83' lang='lat' dir='ltr'><strong>justi</strong></span> <span class='ocrx_word' id='word_1_62' title='bbox 920 967 1214 1037; x_wconf 84' lang='lat' dir='ltr'><strong>cupierunt</strong></span> <span class='ocrx_word' id='word_1_63' title='bbox 1246 969 1434 1032; x_wconf 88' lang='lat' dir='ltr'><strong>videre</strong></span> <span class='ocrx_word' id='word_1_64' title='bbox 1476 986 1598 1042; x_wconf 75' lang='lat' dir='ltr'><strong>qua:</strong></span> <span class='ocrx_word' id='word_1_65' title='bbox 1626 987 1722 1028; x_wconf 88' lang='lat' dir='ltr'><strong>vos</strong></span> <span class='ocrx_word' id='word_1_66' title='bbox 1765 971 1999 1037; x_wconf 76' lang='lat' dir='ltr'><strong>videtis,</strong></span> 
     </span>
    </p>
   </div>
   <div class='ocr_carea' id='block_1_12' title="bbox 307 1055 2002 1132">
    <p class='ocr_par' dir='ltr' id='par_1_12' title="bbox 307 1055 2002 1132">
     <span class='ocr_line' id='line_1_12' title="bbox 307 1055 2002 1132; baseline 0.006 -24"><span class='ocrx_word' id='word_1_67' title='bbox 307 1085 327 1128; x_wconf 57' lang='grc' dir='ltr'>χ</span> <span class='ocrx_word' id='word_1_68' title='bbox 423 1063 478 1109; x_wconf 88' lang='lat' dir='ltr'><strong>et</strong></span> <span class='ocrx_word' id='word_1_69' title='bbox 527 1069 636 1110; x_wconf 87' lang='lat' dir='ltr'><strong>non</strong></span> <span class='ocrx_word' id='word_1_70' title='bbox 673 1055 964 1124; x_wconf 91' lang='lat' dir='ltr'><strong>viderunt,</strong></span> <span class='ocrx_word' id='word_1_71' title='bbox 1002 1067 1059 1113; x_wconf 87' lang='lat' dir='ltr'><strong>et</strong></span> <span class='ocrx_word' id='word_1_72' title='bbox 1105 1059 1297 1114; x_wconf 90' lang='lat' dir='ltr'><strong>audire</strong></span> <span class='ocrx_word' id='word_1_73' title='bbox 1336 1075 1457 1130; x_wconf 85' lang='lat' dir='ltr'><strong>quae</strong></span> <span class='ocrx_word' id='word_1_74' title='bbox 1513 1078 1614 1118; x_wconf 89' lang='lat' dir='ltr'><strong>vos</strong></span> <span class='ocrx_word' id='word_1_75' title='bbox 1665 1063 1902 1132; x_wconf 81' lang='lat' dir='ltr'><strong>auditis,</strong></span> <span class='ocrx_word' id='word_1_76' title='bbox 1947 1072 2002 1120; x_wconf 91' lang='lat' dir='ltr'><strong>et</strong></span> 
     </span>
    </p>
   </div>
   <div class='ocr_carea' id='block_1_13' title="bbox 426 1148 2011 1227">
    <p class='ocr_par' dir='ltr' id='par_1_13' title="bbox 426 1148 2011 1227">
     <span class='ocr_line' id='line_1_13' title="bbox 426 1148 2011 1227; baseline 0.008 -27"><span class='ocrx_word' id='word_1_77' title='bbox 426 1162 536 1203; x_wconf 88' lang='lat' dir='ltr'><strong>non</strong></span> <span class='ocrx_word' id='word_1_78' title='bbox 579 1148 874 1203; x_wconf 88' lang='lat' dir='ltr'><strong>audierunt</strong></span> <span class='ocrx_word' id='word_1_79' title='bbox 904 1148 972 1203; x_wconf 80' lang='lat'><strong>&quot;.</strong></span> <span class='ocrx_word' id='word_1_80' title='bbox 1017 1169 1035 1202; x_wconf 80' lang='grc' dir='ltr'><strong>ι</strong></span> <span class='ocrx_word' id='word_1_81' title='bbox 1077 1150 1187 1208; x_wconf 84' lang='lat' dir='ltr'><strong>Nos</strong></span> <span class='ocrx_word' id='word_1_82' title='bbox 1239 1153 1422 1224; x_wconf 76' lang='lat' dir='ltr'><strong>itaque</strong></span> <span class='ocrx_word' id='word_1_83' title='bbox 1467 1162 1736 1224; x_wconf 89' lang='lat' dir='ltr'><strong>quantum</strong></span> <span class='ocrx_word' id='word_1_84' title='bbox 1771 1173 1868 1227; x_wconf 88' lang='lat' dir='ltr'><strong>per</strong></span> <span class='ocrx_word' id='word_1_85' title='bbox 1900 1172 2011 1213; x_wconf 85' lang='lat' dir='ltr'><strong>nos</strong></span> 
     </span>
    </p>
   </div>
   <div class='ocr_carea' id='block_1_14' title="bbox 427 1240 2002 1320">
    <p class='ocr_par' dir='ltr' id='par_1_14' title="bbox 427 1240 2002 1320">
     <span class='ocr_line' id='line_1_14' title="bbox 427 1240 2002 1320; baseline 0.01 -31"><span class='ocrx_word' id='word_1_86' title='bbox 427 1241 597 1320; x_wconf 68' lang='lat' dir='ltr'><strong>licet,</strong></span> <span class='ocrx_word' id='word_1_87' title='bbox 621 1240 806 1295; x_wconf 84' lang='lat' dir='ltr'><strong>videre</strong></span> <span class='ocrx_word' id='word_1_88' title='bbox 841 1241 1125 1312; x_wconf 85' lang='lat' dir='ltr'><strong>cupimus.</strong></span> <span class='ocrx_word' id='word_1_89' title='bbox 1193 1263 1212 1296; x_wconf 77' lang='grc' dir='ltr'><strong>ι</strong></span> <span class='ocrx_word' id='word_1_90' title='bbox 1249 1244 1511 1311; x_wconf 76' lang='lat' dir='ltr'><strong>Videmus</strong></span> <span class='ocrx_word' id='word_1_91' title='bbox 1539 1249 1683 1302; x_wconf 91' lang='lat' dir='ltr'><strong>enim</strong></span> <span class='ocrx_word' id='word_1_92' title='bbox 1740 1257 2002 1320; x_wconf 82' lang='lat' dir='ltr'><strong>tanquam</strong></span> 
     </span>
    </p>
   </div>
   <div class='ocr_carea' id='block_1_15' title="bbox 429 1314 2000 1414">
    <p class='ocr_par' dir='ltr' id='par_1_15' title="bbox 429 1314 2000 1414">
     <span class='ocr_line' id='line_1_15' title="bbox 429 1314 2000 1414; baseline 0.008 -30"><span class='ocrx_word' id='word_1_93' title='bbox 429 1331 485 1385; x_wconf 89' lang='lat' dir='ltr'><strong>in</strong></span> <span class='ocrx_word' id='word_1_94' title='bbox 515 1314 742 1401; x_wconf 75' lang='lat' dir='ltr'><strong>speculo</strong></span> <span class='ocrx_word' id='word_1_95' title='bbox 774 1341 829 1388; x_wconf 90' lang='lat' dir='ltr'><strong>et</strong></span> <span class='ocrx_word' id='word_1_96' title='bbox 859 1335 915 1390; x_wconf 90' lang='lat' dir='ltr'><strong>in</strong></span> <span class='ocrx_word' id='word_1_97' title='bbox 960 1338 1249 1408; x_wconf 66' lang='lat' dir='ltr'><strong>aenigmate</strong></span> <span class='ocrx_word' id='word_1_98' title='bbox 1275 1339 1354 1403; x_wconf 74' lang='grc'><strong>⁸⁸,</strong></span> <span class='ocrx_word' id='word_1_99' title='bbox 1392 1359 1410 1391; x_wconf 76' lang='grc' dir='ltr'><strong>ι</strong></span> <span class='ocrx_word' id='word_1_100' title='bbox 1452 1342 1701 1410; x_wconf 87' lang='lat' dir='ltr'><strong>atquein</strong></span> <span class='ocrx_word' id='word_1_101' title='bbox 1743 1314 2000 1414; x_wconf 46' lang='lat' dir='ltr'><strong>ima-gine,</strong></span> 
     </span>
    </p>
   </div>
   <div class='ocr_carea' id='block_1_16' title="bbox 426 1424 2004 1503">
    <p class='ocr_par' dir='ltr' id='par_1_16' title="bbox 426 1424 2004 1503">
     <span class='ocr_line' id='line_1_16' title="bbox 426 1424 2004 1503; baseline 0.006 -25"><span class='ocrx_word' id='word_1_102' title='bbox 426 1431 481 1478; x_wconf 91' lang='lat' dir='ltr'><strong>et</strong></span> <span class='ocrx_word' id='word_1_103' title='bbox 529 1424 674 1479; x_wconf 86' lang='lat' dir='ltr'><strong>beati</strong></span> <span class='ocrx_word' id='word_1_104' title='bbox 725 1425 982 1481; x_wconf 89' lang='lat' dir='ltr'><strong>dicimur.</strong></span> <span class='ocrx_word' id='word_1_105' title='bbox 1053 1429 1350 1500; x_wconf 77' lang='lat' dir='ltr'><strong>Imaginem</strong></span> <span class='ocrx_word' id='word_1_106' title='bbox 1419 1431 1563 1488; x_wconf 88' lang='lat' dir='ltr'><strong>Deus</strong></span> <span class='ocrx_word' id='word_1_107' title='bbox 1616 1433 1731 1502; x_wconf 91' lang='lat' dir='ltr'><strong>ipse</strong></span> <span class='ocrx_word' id='word_1_108' title='bbox 1795 1433 2004 1503; x_wconf 88' lang='lat' dir='ltr'><strong>primus</strong></span> 
     </span>
    </p>
   </div>
   <div class='ocr_carea' id='block_1_17' title="bbox 403 1503 2004 1594">
    <p class='ocr_par' dir='ltr' id='par_1_17' title="bbox 403 1503 2004 1594">
     <span class='ocr_line' id='line_1_17' title="bbox 403 1503 2004 1594; baseline 0.007 -24"><span class='ocrx_word' id='word_1_109' title='bbox 403 1503 579 1583; x_wconf 35' lang='lat' dir='ltr'><strong>irecit,</strong></span> <span class='ocrx_word' id='word_1_110' title='bbox 631 1525 686 1573; x_wconf 87' lang='lat' dir='ltr'><strong>et</strong></span> <span class='ocrx_word' id='word_1_111' title='bbox 745 1519 1016 1592; x_wconf 77' lang='lat' dir='ltr'><strong>Imagines</strong></span> <span class='ocrx_word' id='word_1_112' title='bbox 1065 1522 1398 1594; x_wconf 77' lang='lat' dir='ltr'><strong>designavit.</strong></span> <span class='ocrx_word' id='word_1_113' title='bbox 1439 1525 1577 1581; x_wconf 79' lang='lat' dir='ltr'><strong>Nam</strong></span> <span class='ocrx_word' id='word_1_114' title='bbox 1623 1527 1900 1583; x_wconf 87' lang='lat' dir='ltr'><strong>hominem</strong></span> <span class='ocrx_word' id='word_1_115' title='bbox 1937 1527 2004 1582; x_wconf 89' lang='lat' dir='ltr'><strong>ad</strong></span> 
     </span>
    </p>
   </div>
   <div class='ocr_carea' id='block_1_18' title="bbox 429 1609 2002 1687">
    <p class='ocr_par' dir='ltr' id='par_1_18' title="bbox 429 1609 2002 1687">
     <span class='ocr_line' id='line_1_18' title="bbox 429 1609 2002 1687; baseline 0.009 -26"><span class='ocrx_word' id='word_1_116' title='bbox 429 1609 722 1680; x_wconf 67' lang='lat' dir='ltr'><strong>imaginem</strong></span> <span class='ocrx_word' id='word_1_117' title='bbox 756 1610 850 1667; x_wconf 89' lang='lat' dir='ltr'><strong>Dei</strong></span> <span class='ocrx_word' id='word_1_118' title='bbox 886 1613 1134 1668; x_wconf 85' lang='lat' dir='ltr'><strong>condidit</strong></span> <span class='ocrx_word' id='word_1_119' title='bbox 1162 1616 1208 1649; x_wconf 82' lang='lat'>&quot;</span> <span class='ocrx_word' id='word_1_120' title='bbox 1240 1635 1254 1672; x_wconf 90' lang='lat'><strong>:</strong></span> <span class='ocrx_word' id='word_1_121' title='bbox 1289 1617 1420 1687; x_wconf 90' lang='lat' dir='ltr'><strong>quin</strong></span> <span class='ocrx_word' id='word_1_122' title='bbox 1451 1618 1616 1674; x_wconf 89' lang='lat' dir='ltr'><strong>etiam</strong></span> <span class='ocrx_word' id='word_1_123' title='bbox 1639 1618 1914 1674; x_wconf 80' lang='lat' dir='ltr'><strong>Abraham</strong></span> <span class='ocrx_word' id='word_1_124' title='bbox 1935 1621 2002 1686; x_wconf 79' lang='lat'><strong>&#39;°,</strong></span> 
     </span>
    </p>
   </div>
   <div class='ocr_carea' id='block_1_19' title="bbox 429 1698 2003 1784">
    <p class='ocr_par' dir='ltr' id='par_1_19' title="bbox 429 1698 2003 1784">
     <span class='ocr_line' id='line_1_19' title="bbox 429 1698 2003 1784; baseline 0.011 -32"><span class='ocrx_word' id='word_1_125' title='bbox 429 1698 645 1773; x_wconf 81' lang='lat' dir='ltr'><strong>Moyses</strong></span> <span class='ocrx_word' id='word_1_126' title='bbox 675 1701 720 1734; x_wconf 85' lang='grc'><strong>⁸¹</strong></span> <span class='ocrx_word' id='word_1_127' title='bbox 745 1742 760 1767; x_wconf 88' lang='grc'>,</span> <span class='ocrx_word' id='word_1_128' title='bbox 803 1716 855 1759; x_wconf 85' lang='grc' dir='ltr'><strong>οι</strong></span> <span class='ocrx_word' id='word_1_129' title='bbox 888 1706 1063 1763; x_wconf 86' lang='lat' dir='ltr'><strong>isaias</strong></span> <span class='ocrx_word' id='word_1_130' title='bbox 1099 1709 1177 1773; x_wconf 83' lang='lat'><strong>&quot;,</strong></span> <span class='ocrx_word' id='word_1_131' title='bbox 1214 1723 1520 1782; x_wconf 89' lang='lat' dir='ltr'><strong>omnesque</strong></span> <span class='ocrx_word' id='word_1_132' title='bbox 1557 1715 1837 1784; x_wconf 75' lang='lat' dir='ltr'><strong>preplteta:</strong></span> <span class='ocrx_word' id='word_1_133' title='bbox 1867 1715 2003 1770; x_wconf 86' lang='lat' dir='ltr'><strong>ima-</strong></span> 
     </span>
    </p>
   </div>
   <div class='ocr_carea' id='block_1_20' title="bbox 2099 516 3696 592">
    <p class='ocr_par' dir='ltr' id='par_1_20' title="bbox 2099 516 3696 592">
     <span class='ocr_line' id='line_1_20' title="bbox 2099 516 3696 592; baseline 0.003 -22"><span class='ocrx_word' id='word_1_134' title='bbox 2099 516 2278 571; x_wconf 80' lang='grc' dir='ltr'>αὐτῶν</span> <span class='ocrx_word' id='word_1_135' title='bbox 2313 517 2680 588; x_wconf 79' lang='grc' dir='ltr'>οτοιχοῦντας,</span> <span class='ocrx_word' id='word_1_136' title='bbox 2732 518 2828 572; x_wconf 75' lang='grc' dir='ltr'>καὶ</span> <span class='ocrx_word' id='word_1_137' title='bbox 2865 520 2984 584; x_wconf 81' lang='grc' dir='ltr'>τοῖς</span> <span class='ocrx_word' id='word_1_138' title='bbox 3036 519 3244 592; x_wconf 73' lang='grc' dir='ltr'>ἴχνεσιν</span> <span class='ocrx_word' id='word_1_139' title='bbox 3270 521 3452 575; x_wconf 81' lang='grc' dir='ltr'>αὐτῶν</span> <span class='ocrx_word' id='word_1_140' title='bbox 3483 520 3696 588; x_wconf 72' lang='grc' dir='ltr'>ἑξακο-</span> 
     </span>
    </p>
   </div>
   <div class='ocr_carea' id='block_1_21' title="bbox 2098 592 3781 685">
    <p class='ocr_par' dir='ltr' id='par_1_21' title="bbox 2098 592 3781 685">
     <span class='ocr_line' id='line_1_21' title="bbox 2098 592 3781 685; baseline 0.002 -22"><span class='ocrx_word' id='word_1_141' title='bbox 2098 609 2458 675; x_wconf 75' lang='grc' dir='ltr'>λουθοῦντας’</span> <span class='ocrx_word' id='word_1_142' title='bbox 2502 630 2522 664; x_wconf 79' lang='grc' dir='ltr'><strong>ι</strong></span> <span class='ocrx_word' id='word_1_143' title='bbox 2571 610 2759 682; x_wconf 78' lang='grc' dir='ltr'>Ὗμῶν</span> <span class='ocrx_word' id='word_1_144' title='bbox 2790 611 2847 666; x_wconf 77' lang='grc' dir='ltr'><strong>δὲ</strong></span> <span class='ocrx_word' id='word_1_145' title='bbox 2897 615 3158 685; x_wconf 80' lang='grc' dir='ltr'>μακάριοι</span> <span class='ocrx_word' id='word_1_146' title='bbox 3190 615 3239 667; x_wconf 88' lang='grc' dir='ltr'><strong>οἰ</strong></span> <span class='ocrx_word' id='word_1_147' title='bbox 3266 613 3573 684; x_wconf 76' lang='grc' dir='ltr'>ὀφθαλμοὶ,</span> <span class='ocrx_word' id='word_1_148' title='bbox 3606 614 3696 666; x_wconf 69' lang='grc' dir='ltr'>ὅτι</span> <span class='ocrx_word' id='word_1_149' title='bbox 3756 592 3781 614; x_wconf 62' lang='grc'><strong><em>⁸</em></strong></span> 
     </span>
    </p>
   </div>
   <div class='ocr_carea' id='block_1_22' title="bbox 2101 698 3697 775">
    <p class='ocr_par' dir='ltr' id='par_1_22' title="bbox 2101 698 3697 775">
     <span class='ocr_line' id='line_1_22' title="bbox 2101 698 3697 775; baseline 0.003 -20"><span class='ocrx_word' id='word_1_150' title='bbox 2101 702 2380 773; x_wconf 81' lang='grc' dir='ltr'><strong>βλέπουσι,</strong></span> <span class='ocrx_word' id='word_1_151' title='bbox 2407 703 2504 758; x_wconf 72' lang='grc' dir='ltr'><strong>καὶ</strong></span> <span class='ocrx_word' id='word_1_152' title='bbox 2530 702 2598 759; x_wconf 83' lang='grc' dir='ltr'>τὰ</span> <span class='ocrx_word' id='word_1_153' title='bbox 2638 698 2752 757; x_wconf 75' lang='grc' dir='ltr'>ὦτα</span> <span class='ocrx_word' id='word_1_154' title='bbox 2797 704 2952 774; x_wconf 82' lang='grc' dir='ltr'>ὑμῶν</span> <span class='ocrx_word' id='word_1_155' title='bbox 2972 746 2988 772; x_wconf 87' lang='grc'>,</span> <span class='ocrx_word' id='word_1_156' title='bbox 3017 706 3099 759; x_wconf 82' lang='grc' dir='ltr'>δτι</span> <span class='ocrx_word' id='word_1_157' title='bbox 3144 707 3458 761; x_wconf 81' lang='grc' dir='ltr'>ἁκούουσιν.</span> <span class='ocrx_word' id='word_1_158' title='bbox 3508 705 3697 775; x_wconf 72' lang='grc' dir='ltr'>Ἀμὴν</span> 
     </span>
    </p>
   </div>
   <div class='ocr_carea' id='block_1_23' title="bbox 2099 796 3701 871">
    <p class='ocr_par' dir='ltr' id='par_1_23' title="bbox 2099 796 3701 871">
     <span class='ocr_line' id='line_1_23' title="bbox 2099 796 3701 871; baseline 0.002 -23"><span class='ocrx_word' id='word_1_159' title='bbox 2099 796 2207 868; x_wconf 79' lang='grc' dir='ltr'><strong>γὰρ</strong></span> <span class='ocrx_word' id='word_1_160' title='bbox 2233 796 2380 864; x_wconf 80' lang='grc' dir='ltr'>λέγω</span> <span class='ocrx_word' id='word_1_161' title='bbox 2432 797 2561 868; x_wconf 77' lang='grc' dir='ltr'>ὑμῖν</span> <span class='ocrx_word' id='word_1_162' title='bbox 2587 837 2602 860; x_wconf 94' lang='grc'>,</span> <span class='ocrx_word' id='word_1_163' title='bbox 2633 797 2716 850; x_wconf 82' lang='grc' dir='ltr'>ὅτι</span> <span class='ocrx_word' id='word_1_164' title='bbox 2760 798 2948 852; x_wconf 78' lang='grc' dir='ltr'>πολλοὶ</span> <span class='ocrx_word' id='word_1_165' title='bbox 2993 797 3271 871; x_wconf 68' lang='grc' dir='ltr'>προφῆται</span> <span class='ocrx_word' id='word_1_166' title='bbox 3320 801 3420 853; x_wconf 69' lang='grc' dir='ltr'>καὶ</span> <span class='ocrx_word' id='word_1_167' title='bbox 3474 798 3701 852; x_wconf 76' lang='grc' dir='ltr'>δίκαιοι</span> 
     </span>
    </p>
   </div>
   <div class='ocr_carea' id='block_1_24' title="bbox 2101 886 3702 960">
    <p class='ocr_par' dir='ltr' id='par_1_24' title="bbox 2101 886 3702 960">
     <span class='ocr_line' id='line_1_24' title="bbox 2101 886 3702 960; baseline 0.002 -21"><span class='ocrx_word' id='word_1_168' title='bbox 2101 886 2458 959; x_wconf 77' lang='grc' dir='ltr'><strong>ἐπεθύμησαν</strong></span> <span class='ocrx_word' id='word_1_169' title='bbox 2519 889 2648 942; x_wconf 76' lang='grc' dir='ltr'>ἰδεῖν</span> <span class='ocrx_word' id='word_1_170' title='bbox 2691 888 2726 944; x_wconf 72' lang='grc' dir='ltr'>ἃ</span> <span class='ocrx_word' id='word_1_171' title='bbox 2777 889 3007 960; x_wconf 81' lang='grc' dir='ltr'><strong>βλέπετε</strong></span> <span class='ocrx_word' id='word_1_172' title='bbox 3033 932 3047 956; x_wconf 95' lang='grc'><strong>,</strong></span> <span class='ocrx_word' id='word_1_173' title='bbox 3075 891 3170 944; x_wconf 73' lang='grc' dir='ltr'>καὶ</span> <span class='ocrx_word' id='word_1_174' title='bbox 3217 891 3319 945; x_wconf 78' lang='grc' dir='ltr'><strong>οὐκ</strong></span> <span class='ocrx_word' id='word_1_175' title='bbox 3375 887 3522 944; x_wconf 75' lang='grc' dir='ltr'>εἶδον</span> <span class='ocrx_word' id='word_1_176' title='bbox 3548 935 3564 956; x_wconf 88' lang='grc'>,</span> <span class='ocrx_word' id='word_1_177' title='bbox 3598 891 3702 943; x_wconf 75' lang='grc' dir='ltr'>καὶ</span> 
     </span>
    </p>
   </div>
   <div class='ocr_carea' id='block_1_25' title="bbox 2100 976 3702 1053">
    <p class='ocr_par' dir='ltr' id='par_1_25' title="bbox 2100 976 3702 1053">
     <span class='ocr_line' id='line_1_25' title="bbox 2100 976 3702 1053; baseline 0.003 -23"><span class='ocrx_word' id='word_1_178' title='bbox 2100 976 2332 1030; x_wconf 85' lang='grc' dir='ltr'>ἀκοῦσαι</span> <span class='ocrx_word' id='word_1_179' title='bbox 2375 976 2412 1031; x_wconf 73' lang='grc' dir='ltr'>ἃ</span> <span class='ocrx_word' id='word_1_180' title='bbox 2441 977 2699 1045; x_wconf 85' lang='grc' dir='ltr'>ἀκούετε,</span> <span class='ocrx_word' id='word_1_181' title='bbox 2728 981 2820 1035; x_wconf 75' lang='grc' dir='ltr'><strong>καὶ</strong></span> <span class='ocrx_word' id='word_1_182' title='bbox 2849 983 2948 1035; x_wconf 79' lang='grc' dir='ltr'>οὐκ</span> <span class='ocrx_word' id='word_1_183' title='bbox 2993 983 3253 1053; x_wconf 75' lang='grc' dir='ltr'>ἥκουσαν.</span> <span class='ocrx_word' id='word_1_184' title='bbox 3290 1001 3308 1034; x_wconf 75' lang='grc' dir='ltr'><strong>ι</strong></span> <span class='ocrx_word' id='word_1_185' title='bbox 3361 981 3702 1036; x_wconf 79' lang='grc' dir='ltr'>Ἔπιποθοῦ-</span> 
     </span>
    </p>
   </div>
   <div class='ocr_carea' id='block_1_26' title="bbox 2105 1066 3704 1143">
    <p class='ocr_par' dir='ltr' id='par_1_26' title="bbox 2105 1066 3704 1143">
     <span class='ocr_line' id='line_1_26' title="bbox 2105 1066 3704 1143; baseline 0.004 -21"><span class='ocrx_word' id='word_1_186' title='bbox 2105 1085 2203 1140; x_wconf 89' lang='grc' dir='ltr'><strong>μεν</strong></span> <span class='ocrx_word' id='word_1_187' title='bbox 2235 1066 2331 1123; x_wconf 81' lang='grc' dir='ltr'>οὖν</span> <span class='ocrx_word' id='word_1_188' title='bbox 2356 1069 2451 1124; x_wconf 83' lang='grc' dir='ltr'>καὶ</span> <span class='ocrx_word' id='word_1_189' title='bbox 2489 1073 2653 1143; x_wconf 72' lang='grc' dir='ltr'>ἡμεῖς</span> <span class='ocrx_word' id='word_1_190' title='bbox 2687 1073 2816 1128; x_wconf 84' lang='grc' dir='ltr'>ἰδεῖν</span> <span class='ocrx_word' id='word_1_191' title='bbox 2839 1115 2854 1140; x_wconf 91' lang='grc'><strong>,</strong></span> <span class='ocrx_word' id='word_1_192' title='bbox 2884 1072 2959 1137; x_wconf 81' lang='grc' dir='ltr'>ὡς</span> <span class='ocrx_word' id='word_1_193' title='bbox 2994 1073 3123 1127; x_wconf 79' lang='grc' dir='ltr'>ἰδεῖν</span> <span class='ocrx_word' id='word_1_194' title='bbox 3152 1074 3398 1128; x_wconf 83' lang='grc' dir='ltr'>δυνατόν.</span> <span class='ocrx_word' id='word_1_195' title='bbox 3423 1093 3444 1128; x_wconf 79' lang='grc' dir='ltr'><strong>ι</strong></span> <span class='ocrx_word' id='word_1_196' title='bbox 3476 1073 3704 1128; x_wconf 77' lang='grc' dir='ltr'><strong>Βλέπο-</strong></span> 
     </span>
    </p>
   </div>
   <div class='ocr_carea' id='block_1_27' title="bbox 2105 1161 3705 1237">
    <p class='ocr_par' dir='ltr' id='par_1_27' title="bbox 2105 1161 3705 1237">
     <span class='ocr_line' id='line_1_27' title="bbox 2105 1161 3705 1237; baseline 0.002 -22"><span class='ocrx_word' id='word_1_197' title='bbox 2105 1178 2204 1231; x_wconf 79' lang='grc' dir='ltr'><strong>μεν</strong></span> <span class='ocrx_word' id='word_1_198' title='bbox 2229 1161 2360 1234; x_wconf 84' lang='grc' dir='ltr'><strong>γὰρ,</strong></span> <span class='ocrx_word' id='word_1_199' title='bbox 2386 1163 2462 1228; x_wconf 84' lang='grc' dir='ltr'>ὡς</span> <span class='ocrx_word' id='word_1_200' title='bbox 2495 1167 2554 1218; x_wconf 68' lang='grc' dir='ltr'><strong>ιν</strong></span> <span class='ocrx_word' id='word_1_201' title='bbox 2583 1165 2856 1237; x_wconf 78' lang='grc' dir='ltr'><strong>ἐσόπτρῳ,</strong></span> <span class='ocrx_word' id='word_1_202' title='bbox 2882 1165 2979 1219; x_wconf 69' lang='grc' dir='ltr'>καὶ</span> <span class='ocrx_word' id='word_1_203' title='bbox 3013 1167 3070 1218; x_wconf 80' lang='grc' dir='ltr'><strong>ὲν</strong></span> <span class='ocrx_word' id='word_1_204' title='bbox 3094 1165 3404 1237; x_wconf 83' lang='grc' dir='ltr'>αἰνίγματι,</span> <span class='ocrx_word' id='word_1_205' title='bbox 3441 1186 3460 1219; x_wconf 79' lang='grc' dir='ltr'><strong>ι</strong></span> <span class='ocrx_word' id='word_1_206' title='bbox 3499 1167 3607 1220; x_wconf 75' lang='grc' dir='ltr'><strong>καὶ</strong></span> <span class='ocrx_word' id='word_1_207' title='bbox 3642 1166 3705 1218; x_wconf 79' lang='grc' dir='ltr'>ἒν</span> 
     </span>
    </p>
   </div>
   <div class='ocr_carea' id='block_1_28' title="bbox 2102 1255 3708 1330">
    <p class='ocr_par' dir='ltr' id='par_1_28' title="bbox 2102 1255 3708 1330">
     <span class='ocr_line' id='line_1_28' title="bbox 2102 1255 3708 1330; baseline 0.004 -24"><span class='ocrx_word' id='word_1_208' title='bbox 2102 1256 2168 1325; x_wconf 79' lang='grc' dir='ltr'>τῇ</span> <span class='ocrx_word' id='word_1_209' title='bbox 2199 1255 2390 1321; x_wconf 88' lang='grc' dir='ltr'>εἰκόνι,</span> <span class='ocrx_word' id='word_1_210' title='bbox 2419 1257 2516 1311; x_wconf 76' lang='grc' dir='ltr'>καὶ</span> <span class='ocrx_word' id='word_1_211' title='bbox 2561 1258 3002 1330; x_wconf 77' lang='grc' dir='ltr'>μακαριζόμεθα.</span> <span class='ocrx_word' id='word_1_212' title='bbox 3035 1259 3206 1323; x_wconf 82' lang='grc' dir='ltr'>Αύτδς</span> <span class='ocrx_word' id='word_1_213' title='bbox 3237 1260 3265 1313; x_wconf 91' lang='grc' dir='ltr'><strong>ό</strong></span> <span class='ocrx_word' id='word_1_214' title='bbox 3304 1259 3443 1324; x_wconf 73' lang='grc' dir='ltr'>Θεὸς</span> <span class='ocrx_word' id='word_1_215' title='bbox 3473 1256 3708 1330; x_wconf 78' lang='grc' dir='ltr'>πρῶτος</span> 
     </span>
    </p>
   </div>
   <div class='ocr_carea' id='block_1_29' title="bbox 2103 1347 3701 1420">
    <p class='ocr_par' dir='ltr' id='par_1_29' title="bbox 2103 1347 3701 1420">
     <span class='ocr_line' id='line_1_29' title="bbox 2103 1347 3701 1420; baseline 0.002 -22"><span class='ocrx_word' id='word_1_216' title='bbox 2103 1347 2360 1416; x_wconf 76' lang='grc' dir='ltr'>ἐποίησεν</span> <span class='ocrx_word' id='word_1_217' title='bbox 2413 1347 2618 1416; x_wconf 85' lang='grc' dir='ltr'>εἰκόνα,</span> <span class='ocrx_word' id='word_1_218' title='bbox 2651 1349 2748 1402; x_wconf 80' lang='grc' dir='ltr'>καὶ</span> <span class='ocrx_word' id='word_1_219' title='bbox 2792 1348 2990 1414; x_wconf 78' lang='grc' dir='ltr'>ἔδειξεν</span> <span class='ocrx_word' id='word_1_220' title='bbox 3021 1349 3256 1411; x_wconf 88' lang='grc' dir='ltr'>εἰκόνας.</span> <span class='ocrx_word' id='word_1_221' title='bbox 3297 1350 3404 1403; x_wconf 78' lang='grc' dir='ltr'><strong>Τὸν</strong></span> <span class='ocrx_word' id='word_1_222' title='bbox 3445 1350 3555 1420; x_wconf 79' lang='grc' dir='ltr'><strong>μὲν</strong></span> <span class='ocrx_word' id='word_1_223' title='bbox 3587 1349 3701 1418; x_wconf 74' lang='grc' dir='ltr'><strong>γὰρ</strong></span> 
     </span>
    </p>
   </div>
   <div class='ocr_carea' id='block_1_30' title="bbox 2105 1439 3710 1511">
    <p class='ocr_par' dir='ltr' id='par_1_30' title="bbox 2105 1439 3710 1511">
     <span class='ocr_line' id='line_1_30' title="bbox 2105 1439 3710 1511; baseline 0.001 -20"><span class='ocrx_word' id='word_1_224' title='bbox 2105 1439 2320 1508; x_wconf 82' lang='grc' dir='ltr'>πρῶτον</span> <span class='ocrx_word' id='word_1_225' title='bbox 2367 1439 2650 1510; x_wconf 79' lang='grc' dir='ltr'>ἄνθρωπον</span> <span class='ocrx_word' id='word_1_226' title='bbox 2710 1441 2831 1494; x_wconf 84' lang='grc' dir='ltr'>κατ’</span> <span class='ocrx_word' id='word_1_227' title='bbox 2880 1441 3062 1494; x_wconf 87' lang='grc' dir='ltr'>εἰκόνα</span> <span class='ocrx_word' id='word_1_228' title='bbox 3115 1441 3249 1494; x_wconf 84' lang='grc' dir='ltr'>Θεοῦ</span> <span class='ocrx_word' id='word_1_229' title='bbox 3289 1442 3546 1511; x_wconf 68' lang='grc' dir='ltr'>ἐποίησε,</span> <span class='ocrx_word' id='word_1_230' title='bbox 3611 1445 3710 1494; x_wconf 72' lang='grc' dir='ltr'>καὶ</span> 
     </span>
    </p>
   </div>
   <div class='ocr_carea' id='block_1_31' title="bbox 2105 1527 3707 1600">
    <p class='ocr_par' dir='ltr' id='par_1_31' title="bbox 2105 1527 3707 1600">
     <span class='ocr_line' id='line_1_31' title="bbox 2105 1527 3707 1600; baseline 0 -18"><span class='ocrx_word' id='word_1_231' title='bbox 2105 1527 2375 1600; x_wconf 76' lang='grc' dir='ltr'>Ἀϐραὰμ,</span> <span class='ocrx_word' id='word_1_232' title='bbox 2405 1529 2500 1582; x_wconf 74' lang='grc' dir='ltr'><strong>καὶ</strong></span> <span class='ocrx_word' id='word_1_233' title='bbox 2548 1529 2788 1600; x_wconf 77' lang='grc' dir='ltr'>Μωῦσῆς</span> <span class='ocrx_word' id='word_1_234' title='bbox 2812 1571 2826 1594; x_wconf 97' lang='grc'>,</span> <span class='ocrx_word' id='word_1_235' title='bbox 2859 1531 2953 1584; x_wconf 67' lang='grc' dir='ltr'>καὶ</span> <span class='ocrx_word' id='word_1_236' title='bbox 2997 1531 3253 1594; x_wconf 71' lang='grc' dir='ltr'>Ἡσαΐας,</span> <span class='ocrx_word' id='word_1_237' title='bbox 3284 1531 3380 1584; x_wconf 72' lang='grc' dir='ltr'><strong>καὶ</strong></span> <span class='ocrx_word' id='word_1_238' title='bbox 3409 1531 3629 1594; x_wconf 72' lang='grc' dir='ltr'>πάντες</span> <span class='ocrx_word' id='word_1_239' title='bbox 3655 1533 3707 1583; x_wconf 67' lang='grc' dir='ltr'>οἳ</span> 
     </span>
    </p>
   </div>
   <div class='ocr_carea' id='block_1_32' title="bbox 2106 1618 3714 1692">
    <p class='ocr_par' dir='ltr' id='par_1_32' title="bbox 2106 1618 3714 1692">
     <span class='ocr_line' id='line_1_32' title="bbox 2106 1618 3714 1692; baseline -0.009 -13"><span class='ocrx_word' id='word_1_240' title='bbox 2106 1620 2401 1690; x_wconf 78' lang='grc' dir='ltr'><strong>προφῆται,</strong></span> <span class='ocrx_word' id='word_1_241' title='bbox 2431 1619 2648 1684; x_wconf 80' lang='grc' dir='ltr'>εἰκόνας</span> <span class='ocrx_word' id='word_1_242' title='bbox 2677 1618 2812 1675; x_wconf 79' lang='grc' dir='ltr'>εἶδον</span> <span class='ocrx_word' id='word_1_243' title='bbox 2843 1621 2999 1687; x_wconf 87' lang='grc' dir='ltr'>Θεοῦ,</span> <span class='ocrx_word' id='word_1_244' title='bbox 3030 1622 3124 1674; x_wconf 67' lang='grc' dir='ltr'><strong>καὶ</strong></span> <span class='ocrx_word' id='word_1_245' title='bbox 3150 1623 3249 1675; x_wconf 72' lang='grc' dir='ltr'><strong>οὐκ</strong></span> <span class='ocrx_word' id='word_1_246' title='bbox 3279 1622 3452 1692; x_wconf 74' lang='grc' dir='ltr'>αὐτὴν</span> <span class='ocrx_word' id='word_1_247' title='bbox 3481 1621 3591 1692; x_wconf 68' lang='grc' dir='ltr'>τὴν</span> <span class='ocrx_word' id='word_1_248' title='bbox 3616 1623 3714 1674; x_wconf 66' lang='grc' dir='ltr'><strong>οὗ-</strong></span> 
     </span>
    </p>
   </div>
   <div class='ocr_carea' id='block_1_33' title="bbox 2109 1709 3711 1784">
    <p class='ocr_par' dir='ltr' id='par_1_33' title="bbox 2109 1709 3711 1784">
     <span class='ocr_line' id='line_1_33' title="bbox 2109 1709 3711 1784; baseline 0.002 -20"><span class='ocrx_word' id='word_1_249' title='bbox 2109 1711 2228 1765; x_wconf 87' lang='grc' dir='ltr'>σίαν</span> <span class='ocrx_word' id='word_1_250' title='bbox 2261 1709 2356 1765; x_wconf 80' lang='grc' dir='ltr'><strong>τοῦ</strong></span> <span class='ocrx_word' id='word_1_251' title='bbox 2385 1711 2541 1766; x_wconf 81' lang='grc' dir='ltr'>Θεοῦ.</span> <span class='ocrx_word' id='word_1_252' title='bbox 2588 1712 2654 1766; x_wconf 86' lang='grc' dir='ltr'><strong><em>Ἦ</em></strong></span> <span class='ocrx_word' id='word_1_253' title='bbox 2723 1713 2884 1783; x_wconf 78' lang='grc' dir='ltr'>βάτος</span> <span class='ocrx_word' id='word_1_254' title='bbox 2918 1713 3081 1766; x_wconf 87' lang='grc' dir='ltr'>εἰκὼν</span> <span class='ocrx_word' id='word_1_255' title='bbox 3107 1709 3177 1784; x_wconf 79' lang='grc' dir='ltr'><strong>ἦν</strong></span> <span class='ocrx_word' id='word_1_256' title='bbox 3204 1713 3302 1783; x_wconf 83' lang='grc' dir='ltr'>τῆς</span> <span class='ocrx_word' id='word_1_257' title='bbox 3327 1713 3711 1784; x_wconf 69' lang='grc' dir='ltr'>Θεομήτορος,</span> 
     </span>
    </p>
   </div>
   <div class='ocr_carea' id='block_1_34' title="bbox 429 1792 2013 1876">
    <p class='ocr_par' dir='ltr' id='par_1_34' title="bbox 429 1792 2005 1874">
     <span class='ocr_line' id='line_1_34' title="bbox 429 1792 2005 1874; baseline 0.011 -31"><span class='ocrx_word' id='word_1_258' title='bbox 429 1792 586 1862; x_wconf 77' lang='lat' dir='ltr'><strong>gines</strong></span> <span class='ocrx_word' id='word_1_259' title='bbox 647 1792 742 1849; x_wconf 88' lang='lat' dir='ltr'><strong>Dei</strong></span> <span class='ocrx_word' id='word_1_260' title='bbox 799 1808 1246 1867; x_wconf 76' lang='lat' dir='ltr'><strong>conspexerunt,</strong></span> <span class='ocrx_word' id='word_1_261' title='bbox 1302 1817 1412 1856; x_wconf 91' lang='lat' dir='ltr'><strong>non</strong></span> <span class='ocrx_word' id='word_1_262' title='bbox 1465 1814 1646 1858; x_wconf 88' lang='lat' dir='ltr'><strong>autem</strong></span> <span class='ocrx_word' id='word_1_263' title='bbox 1717 1805 2005 1874; x_wconf 89' lang='lat' dir='ltr'><strong>ipsiusmet</strong></span> 
     </span>
    </p>
   </div>
   <div class='ocr_carea' id='block_1_35' title="bbox 2118 1792 3713 1876">
    <p class='ocr_par' dir='ltr' id='par_1_35' title="bbox 2118 1796 3713 1876">
     <span class='ocr_line' id='line_1_35' title="bbox 2118 1796 3713 1876; baseline 0.001 -21"><span class='ocrx_word' id='word_1_264' title='bbox 2118 1802 2200 1856; x_wconf 69' lang='grc' dir='ltr'>καὶ</span> <span class='ocrx_word' id='word_1_265' title='bbox 2258 1802 2506 1873; x_wconf 79' lang='grc' dir='ltr'>μέλλοντι</span> <span class='ocrx_word' id='word_1_266' title='bbox 2553 1803 2634 1873; x_wconf 82' lang='grc' dir='ltr'><strong>τῷ</strong></span> <span class='ocrx_word' id='word_1_267' title='bbox 2675 1804 2880 1875; x_wconf 73' lang='grc' dir='ltr'>Μωῦσῇ</span> <span class='ocrx_word' id='word_1_268' title='bbox 2932 1803 3102 1876; x_wconf 77' lang='grc' dir='ltr'>ταύτῃ</span> <span class='ocrx_word' id='word_1_269' title='bbox 3160 1803 3456 1874; x_wconf 77' lang='grc' dir='ltr'>προϊέναι,</span> <span class='ocrx_word' id='word_1_270' title='bbox 3488 1796 3656 1856; x_wconf 71' lang='grc' dir='ltr'>εἴπεν</span> <span class='ocrx_word' id='word_1_271' title='bbox 3683 1803 3713 1856; x_wconf 83' lang='grc' dir='ltr'><strong>ό</strong></span> 
     </span>
    </p>
   </div>
   <div class='ocr_carea' id='block_1_36' title="bbox 429 1881 2003 1963">
    <p class='ocr_par' dir='ltr' id='par_1_36' title="bbox 429 1881 2003 1963">
     <span class='ocr_line' id='line_1_36' title="bbox 429 1881 2003 1963; baseline 0.011 -28"><span class='ocrx_word' id='word_1_272' title='bbox 429 1883 752 1937; x_wconf 84' lang='lat' dir='ltr'><strong>essentiam.</strong></span> <span class='ocrx_word' id='word_1_273' title='bbox 813 1881 1005 1941; x_wconf 72' lang='lat' dir='ltr'><strong>Bubus</strong></span> <span class='ocrx_word' id='word_1_274' title='bbox 1054 1887 1352 1946; x_wconf 87' lang='lat' dir='ltr'><strong>Genlt-ricis</strong></span> <span class='ocrx_word' id='word_1_275' title='bbox 1384 1890 1478 1946; x_wconf 89' lang='lat' dir='ltr'><strong>Dei</strong></span> <span class='ocrx_word' id='word_1_276' title='bbox 1516 1893 1697 1963; x_wconf 76' lang='lat' dir='ltr'><strong>imago</strong></span> <span class='ocrx_word' id='word_1_277' title='bbox 1740 1901 1894 1962; x_wconf 86' lang='lat' dir='ltr'><strong>erat,</strong></span> <span class='ocrx_word' id='word_1_278' title='bbox 1937 1896 2003 1953; x_wconf 90' lang='lat' dir='ltr'><strong>ad</strong></span> 
     </span>
    </p>
   </div>
   <div class='ocr_carea' id='block_1_37' title="bbox 429 1973 2008 2048">
    <p class='ocr_par' dir='ltr' id='par_1_37' title="bbox 429 1973 2008 2048">
     <span class='ocr_line' id='line_1_37' title="bbox 429 1973 2008 2048; baseline 0.013 -25"><span class='ocrx_word' id='word_1_279' title='bbox 429 1986 592 2039; x_wconf 80' lang='lat' dir='ltr'><strong>quem</strong></span> <span class='ocrx_word' id='word_1_280' title='bbox 627 1974 758 2028; x_wconf 91' lang='lat' dir='ltr'><strong>dum</strong></span> <span class='ocrx_word' id='word_1_281' title='bbox 792 1973 1010 2048; x_wconf 79' lang='lat' dir='ltr'><strong>Moyses</strong></span> <span class='ocrx_word' id='word_1_282' title='bbox 1043 1979 1359 2046; x_wconf 83' lang='lat' dir='ltr'><strong>accederet,</strong></span> <span class='ocrx_word' id='word_1_283' title='bbox 1390 1982 1533 2038; x_wconf 85' lang='lat' dir='ltr'><strong>dixit</strong></span> <span class='ocrx_word' id='word_1_284' title='bbox 1560 1984 1746 2042; x_wconf 88' lang='lat' dir='ltr'><strong>Deus:</strong></span> <span class='ocrx_word' id='word_1_285' title='bbox 1787 2005 1806 2038; x_wconf 78' lang='grc' dir='ltr'><strong>ι</strong></span> <span class='ocrx_word' id='word_1_286' title='bbox 1845 1986 2008 2044; x_wconf 92' lang='lat' dir='ltr'><strong>Solve</strong></span> 
     </span>
    </p>
   </div>
   <div class='ocr_carea' id='block_1_38' title="bbox 428 2065 2009 2143">
    <p class='ocr_par' dir='ltr' id='par_1_38' title="bbox 428 2065 2009 2143">
     <span class='ocr_line' id='line_1_38' title="bbox 428 2065 2009 2143; baseline 0.009 -25"><span class='ocrx_word' id='word_1_287' title='bbox 428 2065 862 2120; x_wconf 84' lang='lat' dir='ltr'><strong>ealceamentum</strong></span> <span class='ocrx_word' id='word_1_288' title='bbox 922 2069 1123 2140; x_wconf 90' lang='lat' dir='ltr'><strong>pedum</strong></span> <span class='ocrx_word' id='word_1_289' title='bbox 1184 2079 1448 2141; x_wconf 88' lang='lat' dir='ltr'><strong>tuorum;</strong></span> <span class='ocrx_word' id='word_1_290' title='bbox 1517 2074 1676 2130; x_wconf 91' lang='lat' dir='ltr'><strong>locus</strong></span> <span class='ocrx_word' id='word_1_291' title='bbox 1731 2077 1915 2143; x_wconf 87' lang='lat' dir='ltr'><strong>enim,</strong></span> <span class='ocrx_word' id='word_1_292' title='bbox 1953 2079 2009 2132; x_wconf 90' lang='lat' dir='ltr'><strong>in</strong></span> 
     </span>
    </p>
   </div>
   <div class='ocr_carea' id='block_1_39' title="bbox 428 2165 2005 2238">
    <p class='ocr_par' dir='ltr' id='par_1_39' title="bbox 428 2165 2005 2238">
     <span class='ocr_line' id='line_1_39' title="bbox 428 2165 2005 2238; baseline 0.011 -30"><span class='ocrx_word' id='word_1_293' title='bbox 428 2171 539 2228; x_wconf 89' lang='lat' dir='ltr'><strong>quo</strong></span> <span class='ocrx_word' id='word_1_294' title='bbox 573 2169 719 2224; x_wconf 89' lang='lat' dir='ltr'><strong>stas,</strong></span> <span class='ocrx_word' id='word_1_295' title='bbox 756 2169 908 2216; x_wconf 88' lang='lat' dir='ltr'><strong>terra</strong></span> <span class='ocrx_word' id='word_1_296' title='bbox 954 2173 1144 2218; x_wconf 90' lang='lat' dir='ltr'><strong>sancta</strong></span> <span class='ocrx_word' id='word_1_297' title='bbox 1176 2173 1261 2220; x_wconf 92' lang='lat' dir='ltr'><strong>est</strong></span> <span class='ocrx_word' id='word_1_298' title='bbox 1289 2165 1356 2221; x_wconf 80' lang='lat'><strong>”.</strong></span> <span class='ocrx_word' id='word_1_299' title='bbox 1402 2187 1421 2220; x_wconf 78' lang='grc' dir='ltr'><strong>ι</strong></span> <span class='ocrx_word' id='word_1_300' title='bbox 1460 2167 1617 2234; x_wconf 88' lang='lat' dir='ltr'><strong>Quod</strong></span> <span class='ocrx_word' id='word_1_301' title='bbox 1652 2170 1697 2226; x_wconf 94' lang='lat' dir='ltr'><strong>si</strong></span> <span class='ocrx_word' id='word_1_302' title='bbox 1729 2170 1914 2238; x_wconf 91' lang='lat' dir='ltr'><strong>locus,</strong></span> <span class='ocrx_word' id='word_1_303' title='bbox 1953 2173 2005 2226; x_wconf 93' lang='lat' dir='ltr'><strong>in</strong></span> 
     </span>
    </p>
   </div>
   <div class='ocr_carea' id='block_1_40' title="bbox 429 2253 2008 2336">
    <p class='ocr_par' dir='ltr' id='par_1_40' title="bbox 429 2253 2008 2336">
     <span class='ocr_line' id='line_1_40' title="bbox 429 2253 2008 2336; baseline 0.011 -33"><span class='ocrx_word' id='word_1_304' title='bbox 429 2265 542 2320; x_wconf 92' lang='lat' dir='ltr'><strong>quo</strong></span> <span class='ocrx_word' id='word_1_305' title='bbox 573 2253 667 2308; x_wconf 87' lang='lat' dir='ltr'><strong>Dei</strong></span> <span class='ocrx_word' id='word_1_306' title='bbox 699 2253 1004 2312; x_wconf 85' lang='lat' dir='ltr'><strong>Genitricis</strong></span> <span class='ocrx_word' id='word_1_307' title='bbox 1039 2257 1220 2330; x_wconf 79' lang='lat' dir='ltr'><strong>imago</strong></span> <span class='ocrx_word' id='word_1_308' title='bbox 1258 2270 1548 2331; x_wconf 87' lang='lat' dir='ltr'><strong>perspecta</strong></span> <span class='ocrx_word' id='word_1_309' title='bbox 1579 2280 1608 2317; x_wconf 91' lang='lat' dir='ltr'><strong>a</strong></span> <span class='ocrx_word' id='word_1_310' title='bbox 1644 2263 1828 2336; x_wconf 84' lang='lat' dir='ltr'><strong>Moyse</strong></span> <span class='ocrx_word' id='word_1_311' title='bbox 1865 2265 1968 2320; x_wconf 79' lang='lat' dir='ltr'><strong>fuit</strong></span> <span class='ocrx_word' id='word_1_312' title='bbox 1993 2307 2008 2333; x_wconf 94' lang='lat'><strong>,</strong></span> 
     </span>
    </p>
   </div>
   <div class='ocr_carea' id='block_1_41' title="bbox 429 2352 2008 2426">
    <p class='ocr_par' dir='ltr' id='par_1_41' title="bbox 429 2352 2008 2426">
     <span class='ocr_line' id='line_1_41' title="bbox 429 2352 2008 2426; baseline 0.009 -29"><span class='ocrx_word' id='word_1_313' title='bbox 429 2352 574 2399; x_wconf 86' lang='lat' dir='ltr'><strong>terra</strong></span> <span class='ocrx_word' id='word_1_314' title='bbox 629 2355 822 2400; x_wconf 83' lang='lat' dir='ltr'><strong>saneta</strong></span> <span class='ocrx_word' id='word_1_315' title='bbox 869 2358 988 2414; x_wconf 88' lang='lat' dir='ltr'><strong>est,</strong></span> <span class='ocrx_word' id='word_1_316' title='bbox 1022 2359 1232 2419; x_wconf 83' lang='lat' dir='ltr'><strong>quanto</strong></span> <span class='ocrx_word' id='word_1_317' title='bbox 1281 2354 1454 2424; x_wconf 80' lang='lat' dir='ltr'><strong>magis</strong></span> <span class='ocrx_word' id='word_1_318' title='bbox 1503 2353 1680 2426; x_wconf 82' lang='lat' dir='ltr'><strong>imago</strong></span> <span class='ocrx_word' id='word_1_319' title='bbox 1741 2357 1859 2426; x_wconf 86' lang='lat' dir='ltr'><strong>ipsa</strong></span> <span class='ocrx_word' id='word_1_320' title='bbox 1899 2374 2008 2412; x_wconf 91' lang='lat' dir='ltr'><strong>non</strong></span> 
     </span>
    </p>
   </div>
   <div class='ocr_carea' id='block_1_42' title="bbox 430 2435 2012 2509">
    <p class='ocr_par' dir='ltr' id='par_1_42' title="bbox 430 2435 2012 2509">
     <span class='ocr_line' id='line_1_42' title="bbox 430 2435 2012 2509; baseline 0.01 -21"><span class='ocrx_word' id='word_1_321' title='bbox 430 2435 596 2490; x_wconf 88' lang='lat' dir='ltr'><strong>modo</strong></span> <span class='ocrx_word' id='word_1_322' title='bbox 636 2446 865 2502; x_wconf 83' lang='lat' dir='ltr'><strong>saneta,</strong></span> <span class='ocrx_word' id='word_1_323' title='bbox 917 2439 1015 2494; x_wconf 88' lang='lat' dir='ltr'><strong>sed</strong></span> <span class='ocrx_word' id='word_1_324' title='bbox 1070 2439 1254 2497; x_wconf 85' lang='lat' dir='ltr'><strong>dicere</strong></span> <span class='ocrx_word' id='word_1_325' title='bbox 1297 2445 1474 2499; x_wconf 86' lang='lat' dir='ltr'><strong>ausim</strong></span> <span class='ocrx_word' id='word_1_326' title='bbox 1500 2486 1514 2509; x_wconf 96' lang='lat'><strong>,</strong></span> <span class='ocrx_word' id='word_1_327' title='bbox 1549 2454 1744 2501; x_wconf 87' lang='lat' dir='ltr'><strong>sancta</strong></span> <span class='ocrx_word' id='word_1_328' title='bbox 1793 2460 2012 2504; x_wconf 90' lang='lat' dir='ltr'><strong>sancto-</strong></span> 
     </span>
    </p>
   </div>
   <div class='ocr_carea' id='block_1_43' title="bbox 432 2526 2008 2605">
    <p class='ocr_par' dir='ltr' id='par_1_43' title="bbox 432 2526 2008 2605">
     <span class='ocr_line' id='line_1_43' title="bbox 432 2526 2008 2605; baseline 0.011 -26"><span class='ocrx_word' id='word_1_329' title='bbox 432 2541 554 2580; x_wconf 88' lang='lat' dir='ltr'><strong>rum</strong></span> <span class='ocrx_word' id='word_1_330' title='bbox 609 2526 811 2582; x_wconf 81' lang='lat' dir='ltr'><strong>fuerit?</strong></span> <span class='ocrx_word' id='word_1_331' title='bbox 868 2529 1175 2599; x_wconf 84' lang='lat' dir='ltr'><strong>Dominus,</strong></span> <span class='ocrx_word' id='word_1_332' title='bbox 1227 2532 1526 2590; x_wconf 81' lang='lat' dir='ltr'><strong>Pharisaeis</strong></span> <span class='ocrx_word' id='word_1_333' title='bbox 1586 2537 2008 2605; x_wconf 69' lang='lat' dir='ltr'><strong>quaerentibus:</strong></span> 
     </span>
    </p>
   </div>
   <div class='ocr_carea' id='block_1_44' title="bbox 436 2616 2010 2698">
    <p class='ocr_par' dir='ltr' id='par_1_44' title="bbox 436 2616 2010 2698">
     <span class='ocr_line' id='line_1_44' title="bbox 436 2616 2010 2698; baseline 0.01 -30"><span class='ocrx_word' id='word_1_334' title='bbox 436 2637 454 2668; x_wconf 73' lang='grc' dir='ltr'><strong>ι</strong></span> <span class='ocrx_word' id='word_1_335' title='bbox 488 2616 626 2684; x_wconf 86' lang='lat' dir='ltr'><strong>Quid</strong></span> <span class='ocrx_word' id='word_1_336' title='bbox 653 2634 782 2690; x_wconf 83' lang='lat' dir='ltr'><strong>ergo</strong></span> <span class='ocrx_word' id='word_1_337' title='bbox 813 2620 1028 2693; x_wconf 82' lang='lat' dir='ltr'><strong>Moyses</strong></span> <span class='ocrx_word' id='word_1_338' title='bbox 1057 2625 1310 2694; x_wconf 83' lang='lat' dir='ltr'><strong>permisit</strong></span> <span class='ocrx_word' id='word_1_339' title='bbox 1339 2625 1472 2680; x_wconf 90' lang='lat' dir='ltr'><strong>dare</strong></span> <span class='ocrx_word' id='word_1_340' title='bbox 1503 2626 1746 2681; x_wconf 87' lang='lat' dir='ltr'><strong>libellum</strong></span> <span class='ocrx_word' id='word_1_341' title='bbox 1777 2631 2010 2698; x_wconf 88' lang='lat' dir='ltr'><strong>repudii,</strong></span> 
     </span>
    </p>
   </div>
   <div class='ocr_carea' id='block_1_45' title="bbox 2106 1889 3712 1966">
    <p class='ocr_par' dir='ltr' id='par_1_45' title="bbox 2106 1889 3712 1966">
     <span class='ocr_line' id='line_1_45' title="bbox 2106 1889 3712 1966; baseline 0.001 -19"><span class='ocrx_word' id='word_1_342' title='bbox 2106 1893 2239 1957; x_wconf 85' lang='grc' dir='ltr'>Θεός</span> <span class='ocrx_word' id='word_1_343' title='bbox 2262 1909 2277 1925; x_wconf 75' lang='grc' dir='ltr'><strong>ο</strong></span> <span class='ocrx_word' id='word_1_344' title='bbox 2319 1914 2337 1946; x_wconf 80' lang='grc' dir='ltr'><strong>ι</strong></span> <span class='ocrx_word' id='word_1_345' title='bbox 2384 1893 2682 1948; x_wconf 80' lang='grc' dir='ltr'>’Υπόλυσοιι</span> <span class='ocrx_word' id='word_1_346' title='bbox 2726 1895 2789 1947; x_wconf 81' lang='grc' dir='ltr'><strong>τὸ</strong></span> <span class='ocrx_word' id='word_1_347' title='bbox 2826 1889 3084 1966; x_wconf 78' lang='grc' dir='ltr'><strong>ὑπόδημα</strong></span> <span class='ocrx_word' id='word_1_348' title='bbox 3126 1893 3236 1948; x_wconf 83' lang='grc' dir='ltr'>τῶν</span> <span class='ocrx_word' id='word_1_349' title='bbox 3289 1894 3470 1948; x_wconf 83' lang='grc' dir='ltr'>ποδῶν</span> <span class='ocrx_word' id='word_1_350' title='bbox 3497 1912 3600 1948; x_wconf 84' lang='grc' dir='ltr'><strong>σου</strong></span> <span class='ocrx_word' id='word_1_351' title='bbox 3623 1912 3637 1926; x_wconf 77' lang='grc' dir='ltr'><strong><em>ο</em></strong></span> <span class='ocrx_word' id='word_1_352' title='bbox 3676 1898 3712 1966; x_wconf 74' lang='grc' dir='ltr'>ἡ</span> 
     </span>
    </p>
   </div>
   <div class='ocr_carea' id='block_1_46' title="bbox 2107 1979 3713 2056">
    <p class='ocr_par' dir='ltr' id='par_1_46' title="bbox 2107 1979 3713 2056">
     <span class='ocr_line' id='line_1_46' title="bbox 2107 1979 3713 2056; baseline 0 -20"><span class='ocrx_word' id='word_1_353' title='bbox 2107 1985 2216 2056; x_wconf 80' lang='grc' dir='ltr'><strong>γὰρ</strong></span> <span class='ocrx_word' id='word_1_354' title='bbox 2247 1982 2318 2054; x_wconf 81' lang='grc' dir='ltr'><strong>γῆ</strong></span> <span class='ocrx_word' id='word_1_355' title='bbox 2340 1983 2456 2054; x_wconf 67' lang='grc' dir='ltr'><strong>ἐνῇ</strong></span> <span class='ocrx_word' id='word_1_356' title='bbox 2485 1983 2748 2055; x_wconf 68' lang='grc' dir='ltr'>ἕστηκας,</span> <span class='ocrx_word' id='word_1_357' title='bbox 2785 1983 2858 2053; x_wconf 84' lang='grc' dir='ltr'><strong>γῆ</strong></span> <span class='ocrx_word' id='word_1_358' title='bbox 2890 1984 3021 2051; x_wconf 70' lang='grc' dir='ltr'>ἁγία</span> <span class='ocrx_word' id='word_1_359' title='bbox 3048 1982 3214 2038; x_wconf 73' lang='grc' dir='ltr'>ἐστίν,</span> <span class='ocrx_word' id='word_1_360' title='bbox 3244 2003 3260 2034; x_wconf 81' lang='grc' dir='ltr'><strong>ι</strong></span> <span class='ocrx_word' id='word_1_361' title='bbox 3303 1985 3365 2037; x_wconf 82' lang='grc' dir='ltr'>Εἰ</span> <span class='ocrx_word' id='word_1_362' title='bbox 3397 1979 3493 2038; x_wconf 77' lang='grc' dir='ltr'><strong>οὖν</strong></span> <span class='ocrx_word' id='word_1_363' title='bbox 3543 1987 3623 2055; x_wconf 81' lang='grc' dir='ltr'>τῆ</span> <span class='ocrx_word' id='word_1_364' title='bbox 3652 1987 3713 2036; x_wconf 79' lang='grc' dir='ltr'>ἐν</span> 
     </span>
    </p>
   </div>
   <div class='ocr_carea' id='block_1_47' title="bbox 2107 2069 3710 2152">
    <p class='ocr_par' dir='ltr' id='par_1_47' title="bbox 2107 2069 3710 2152">
     <span class='ocr_line' id='line_1_47' title="bbox 2107 2069 3710 2152; baseline 0.001 -25"><span class='ocrx_word' id='word_1_365' title='bbox 2107 2069 2142 2152; x_wconf 81' lang='grc' dir='ltr'>ᾖ</span> <span class='ocrx_word' id='word_1_366' title='bbox 2168 2072 2332 2128; x_wconf 86' lang='grc' dir='ltr'>εἰκὼν</span> <span class='ocrx_word' id='word_1_367' title='bbox 2351 2074 2448 2146; x_wconf 81' lang='grc' dir='ltr'>τῆς</span> <span class='ocrx_word' id='word_1_368' title='bbox 2473 2074 2735 2129; x_wconf 84' lang='grc' dir='ltr'>Θεοτόκου</span> <span class='ocrx_word' id='word_1_369' title='bbox 2762 2073 2918 2146; x_wconf 66' lang='grc' dir='ltr'><strong>ὤφθη</strong></span> <span class='ocrx_word' id='word_1_370' title='bbox 2950 2075 3029 2146; x_wconf 84' lang='grc' dir='ltr'>τῷ</span> <span class='ocrx_word' id='word_1_371' title='bbox 3046 2077 3278 2148; x_wconf 76' lang='grc' dir='ltr'>Μωῠσῇ,</span> <span class='ocrx_word' id='word_1_372' title='bbox 3299 2076 3370 2146; x_wconf 77' lang='grc' dir='ltr'><strong>γῆ</strong></span> <span class='ocrx_word' id='word_1_373' title='bbox 3399 2076 3540 2144; x_wconf 78' lang='grc' dir='ltr'>ἁγία</span> <span class='ocrx_word' id='word_1_374' title='bbox 3570 2075 3710 2140; x_wconf 71' lang='grc' dir='ltr'>ἐστὶ,</span> 
     </span>
    </p>
   </div>
   <div class='ocr_carea' id='block_1_48' title="bbox 2109 2165 3714 2240">
    <p class='ocr_par' dir='ltr' id='par_1_48' title="bbox 2109 2165 3714 2240">
     <span class='ocr_line' id='line_1_48' title="bbox 2109 2165 3714 2240; baseline 0 -20"><span class='ocrx_word' id='word_1_375' title='bbox 2109 2167 2260 2238; x_wconf 83' lang='grc' dir='ltr'>πόσῳ</span> <span class='ocrx_word' id='word_1_376' title='bbox 2290 2166 2489 2236; x_wconf 74' lang='grc' dir='ltr'>μᾶλλον</span> <span class='ocrx_word' id='word_1_377' title='bbox 2513 2165 2653 2240; x_wconf 76' lang='grc' dir='ltr'>αὕτη</span> <span class='ocrx_word' id='word_1_378' title='bbox 2676 2169 2710 2239; x_wconf 79' lang='grc' dir='ltr'><strong>ἠ</strong></span> <span class='ocrx_word' id='word_1_379' title='bbox 2735 2166 2898 2220; x_wconf 79' lang='grc' dir='ltr'>εἰκών</span> <span class='ocrx_word' id='word_1_380' title='bbox 2917 2186 2932 2235; x_wconf 89' lang='grc'><strong>;</strong></span> <span class='ocrx_word' id='word_1_381' title='bbox 2950 2169 3024 2221; x_wconf 79' lang='grc' dir='ltr'>Ού</span> <span class='ocrx_word' id='word_1_382' title='bbox 3051 2167 3210 2238; x_wconf 88' lang='grc' dir='ltr'>μόνον</span> <span class='ocrx_word' id='word_1_383' title='bbox 3240 2168 3348 2239; x_wconf 67' lang='grc' dir='ltr'>γὰρ</span> <span class='ocrx_word' id='word_1_384' title='bbox 3366 2169 3531 2236; x_wconf 77' lang='grc' dir='ltr'>ἁγία,</span> <span class='ocrx_word' id='word_1_385' title='bbox 3551 2168 3714 2232; x_wconf 65' lang='grc' dir='ltr'>ἀλλὰ,</span> 
     </span>
    </p>
   </div>
   <div class='ocr_carea' id='block_1_49' title="bbox 2107 2258 3720 2333">
    <p class='ocr_par' dir='ltr' id='par_1_49' title="bbox 2107 2258 3720 2333">
     <span class='ocr_line' id='line_1_49' title="bbox 2107 2258 3720 2333; baseline 0 -21"><span class='ocrx_word' id='word_1_386' title='bbox 2107 2259 2294 2329; x_wconf 82' lang='grc' dir='ltr'>τολμῶ</span> <span class='ocrx_word' id='word_1_387' title='bbox 2339 2258 2539 2328; x_wconf 81' lang='grc' dir='ltr'>λέγειν,</span> <span class='ocrx_word' id='word_1_388' title='bbox 2575 2259 2670 2313; x_wconf 73' lang='grc' dir='ltr'><strong>καὶ</strong></span> <span class='ocrx_word' id='word_1_389' title='bbox 2727 2259 2897 2329; x_wconf 83' lang='grc' dir='ltr'>ἁγίων</span> <span class='ocrx_word' id='word_1_390' title='bbox 2945 2261 3099 2328; x_wconf 78' lang='grc' dir='ltr'>ἁγία.</span> <span class='ocrx_word' id='word_1_391' title='bbox 3143 2259 3199 2314; x_wconf 82' lang='lat'><strong>&#39;0</strong></span> <span class='ocrx_word' id='word_1_392' title='bbox 3235 2259 3442 2333; x_wconf 81' lang='grc' dir='ltr'>Κύριος</span> <span class='ocrx_word' id='word_1_393' title='bbox 3491 2262 3720 2332; x_wconf 78' lang='grc' dir='ltr'>ἐρωτή-</span> 
     </span>
    </p>
   </div>
   <div class='ocr_carea' id='block_1_50' title="bbox 2110 2349 3714 2423">
    <p class='ocr_par' dir='ltr' id='par_1_50' title="bbox 2110 2349 3714 2423">
     <span class='ocr_line' id='line_1_50' title="bbox 2110 2349 3714 2423; baseline 0.001 -18"><span class='ocrx_word' id='word_1_394' title='bbox 2110 2369 2236 2406; x_wconf 86' lang='grc' dir='ltr'>σασι</span> <span class='ocrx_word' id='word_1_395' title='bbox 2275 2355 2387 2415; x_wconf 86' lang='grc' dir='ltr'>τοῖς</span> <span class='ocrx_word' id='word_1_396' title='bbox 2415 2352 2787 2423; x_wconf 78' lang='grc' dir='ltr'>Φαρισαίοις,ι</span> <span class='ocrx_word' id='word_1_397' title='bbox 2827 2353 2893 2405; x_wconf 89' lang='grc' dir='ltr'>Τί</span> <span class='ocrx_word' id='word_1_398' title='bbox 2946 2349 3041 2407; x_wconf 77' lang='grc' dir='ltr'>οὖν</span> <span class='ocrx_word' id='word_1_399' title='bbox 3096 2352 3335 2422; x_wconf 75' lang='grc' dir='ltr'><strong>Μωῦσῆς</strong></span> <span class='ocrx_word' id='word_1_400' title='bbox 3387 2353 3714 2406; x_wconf 70' lang='grc' dir='ltr'>ἐνετείλατο</span> 
     </span>
    </p>
   </div>
   <div class='ocr_carea' id='block_1_51' title="bbox 2109 2440 3717 2513">
    <p class='ocr_par' dir='ltr' id='par_1_51' title="bbox 2109 2440 3717 2513">
     <span class='ocr_line' id='line_1_51' title="bbox 2109 2440 3717 2513; baseline 0.001 -18"><span class='ocrx_word' id='word_1_401' title='bbox 2109 2441 2291 2495; x_wconf 79' lang='grc' dir='ltr'>δοῦναι</span> <span class='ocrx_word' id='word_1_402' title='bbox 2331 2440 2540 2512; x_wconf 77' lang='grc' dir='ltr'>βιϐλίον</span> <span class='ocrx_word' id='word_1_403' title='bbox 2572 2441 2906 2496; x_wconf 77' lang='grc' dir='ltr'>ἀποστασίου</span> <span class='ocrx_word' id='word_1_404' title='bbox 2944 2484 2959 2509; x_wconf 91' lang='grc'><strong>,</strong></span> <span class='ocrx_word' id='word_1_405' title='bbox 2990 2443 3089 2497; x_wconf 71' lang='grc' dir='ltr'><strong>καὶ</strong></span> <span class='ocrx_word' id='word_1_406' title='bbox 3144 2441 3417 2497; x_wconf 82' lang='grc' dir='ltr'>ἀπολῦσαι</span> <span class='ocrx_word' id='word_1_407' title='bbox 3454 2442 3562 2513; x_wconf 73' lang='grc' dir='ltr'><strong>τὴν</strong></span> <span class='ocrx_word' id='word_1_408' title='bbox 3604 2460 3717 2511; x_wconf 78' lang='grc' dir='ltr'><strong>γυ-</strong></span> 
     </span>
    </p>
   </div>
   <div class='ocr_carea' id='block_1_52' title="bbox 2110 2531 3720 2604">
    <p class='ocr_par' dir='ltr' id='par_1_52' title="bbox 2110 2531 3720 2604">
     <span class='ocr_line' id='line_1_52' title="bbox 2110 2531 3720 2604; baseline 0 -17"><span class='ocrx_word' id='word_1_409' title='bbox 2110 2535 2273 2587; x_wconf 88' lang='grc' dir='ltr'>ναῖκα</span> <span class='ocrx_word' id='word_1_410' title='bbox 2295 2550 2344 2599; x_wconf 76' lang='grc'><strong>;»</strong></span> <span class='ocrx_word' id='word_1_411' title='bbox 2366 2531 2700 2601; x_wconf 86' lang='grc' dir='ltr'>ἀπεκρίνατο</span> <span class='ocrx_word' id='word_1_412' title='bbox 2719 2549 2733 2562; x_wconf 91' lang='grc'><strong>·</strong></span> <span class='ocrx_word' id='word_1_413' title='bbox 2764 2549 2782 2583; x_wconf 85' lang='grc' dir='ltr'><strong>ι</strong></span> <span class='ocrx_word' id='word_1_414' title='bbox 2811 2533 2937 2585; x_wconf 86' lang='grc' dir='ltr'>Ὅτι</span> <span class='ocrx_word' id='word_1_415' title='bbox 2965 2534 3208 2604; x_wconf 82' lang='grc' dir='ltr'>Μωῦσῆς</span> <span class='ocrx_word' id='word_1_416' title='bbox 3237 2534 3372 2602; x_wconf 63' lang='grc' dir='ltr'>πρὸς</span> <span class='ocrx_word' id='word_1_417' title='bbox 3398 2533 3501 2604; x_wconf 77' lang='grc' dir='ltr'><strong>τὴν</strong></span> <span class='ocrx_word' id='word_1_418' title='bbox 3538 2534 3720 2600; x_wconf 69' lang='grc' dir='ltr'>σκλη-</span> 
     </span>
    </p>
   </div>
   <div class='ocr_carea' id='block_1_53' title="bbox 2116 2620 3723 2693">
    <p class='ocr_par' dir='ltr' id='par_1_53' title="bbox 2116 2620 3723 2693">
     <span class='ocr_line' id='line_1_53' title="bbox 2116 2620 3723 2693; baseline 0.001 -19"><span class='ocrx_word' id='word_1_419' title='bbox 2116 2620 2408 2693; x_wconf 83' lang='grc' dir='ltr'>ροκαρδίαν</span> <span class='ocrx_word' id='word_1_420' title='bbox 2445 2621 2600 2691; x_wconf 83' lang='grc' dir='ltr'>ὑμῶν</span> <span class='ocrx_word' id='word_1_421' title='bbox 2651 2621 2952 2691; x_wconf 73' lang='grc' dir='ltr'><strong>ἐπέτρεψεν</strong></span> <span class='ocrx_word' id='word_1_422' title='bbox 3008 2624 3138 2693; x_wconf 77' lang='grc' dir='ltr'>ὑμῖν</span> <span class='ocrx_word' id='word_1_423' title='bbox 3177 2623 3453 2677; x_wconf 84' lang='grc' dir='ltr'>ἀπολῦσαι</span> <span class='ocrx_word' id='word_1_424' title='bbox 3477 2626 3588 2688; x_wconf 67' lang='grc' dir='ltr'><strong>τὰς</strong></span> <span class='ocrx_word' id='word_1_425' title='bbox 3619 2641 3723 2693; x_wconf 79' lang='grc' dir='ltr'><strong>γυ-</strong></span> 
     </span>
    </p>
   </div>
   <div class='ocr_carea' id='block_1_54' title="bbox 429 2710 2013 2787">
    <p class='ocr_par' dir='ltr' id='par_1_54' title="bbox 429 2710 2012 2787">
     <span class='ocr_line' id='line_1_54' title="bbox 429 2710 2012 2787; baseline 0.009 -25"><span class='ocrx_word' id='word_1_426' title='bbox 429 2718 488 2763; x_wconf 88' lang='lat' dir='ltr'><strong>et</strong></span> <span class='ocrx_word' id='word_1_427' title='bbox 523 2710 807 2767; x_wconf 88' lang='lat' dir='ltr'><strong>dimittere</strong></span> <span class='ocrx_word' id='word_1_428' title='bbox 837 2730 1064 2769; x_wconf 72' lang='lat' dir='ltr'><strong>uxorem</strong></span> <span class='ocrx_word' id='word_1_429' title='bbox 1097 2714 1187 2770; x_wconf 60' lang='lat'><strong>9*?</strong></span> <span class='ocrx_word' id='word_1_430' title='bbox 1229 2735 1247 2768; x_wconf 79' lang='grc' dir='ltr'><strong>ι</strong></span> <span class='ocrx_word' id='word_1_431' title='bbox 1292 2719 1578 2787; x_wconf 84' lang='lat' dir='ltr'><strong>respondit</strong></span> <span class='ocrx_word' id='word_1_432' title='bbox 1609 2737 1622 2774; x_wconf 91' lang='lat'><strong>:</strong></span> <span class='ocrx_word' id='word_1_433' title='bbox 1683 2738 1702 2771; x_wconf 78' lang='grc' dir='ltr'><strong>ι</strong></span> <span class='ocrx_word' id='word_1_434' title='bbox 1739 2721 2012 2787; x_wconf 86' lang='lat' dir='ltr'><strong>Quoniam</strong></span> 
     </span>
    </p>
   </div>
   <div class='ocr_carea' id='block_1_55' title="bbox 2118 2710 3715 2787">
    <p class='ocr_par' dir='ltr' id='par_1_55' title="bbox 2118 2712 3715 2787">
     <span class='ocr_line' id='line_1_55' title="bbox 2118 2712 3715 2787; baseline 0.001 -19"><span class='ocrx_word' id='word_1_435' title='bbox 2118 2715 2310 2776; x_wconf 83' lang='grc' dir='ltr'>ναϊκας</span> <span class='ocrx_word' id='word_1_436' title='bbox 2369 2712 2525 2783; x_wconf 84' lang='grc' dir='ltr'>ὑμῶν</span> <span class='ocrx_word' id='word_1_437' title='bbox 2554 2729 2569 2742; x_wconf 76' lang='grc' dir='ltr'><strong>ο</strong></span> <span class='ocrx_word' id='word_1_438' title='bbox 2602 2714 2696 2767; x_wconf 78' lang='grc' dir='ltr'><strong>ἀπ’</strong></span> <span class='ocrx_word' id='word_1_439' title='bbox 2728 2714 2903 2787; x_wconf 81' lang='grc' dir='ltr'>ἀρχῆς</span> <span class='ocrx_word' id='word_1_440' title='bbox 2945 2714 3000 2768; x_wconf 81' lang='grc' dir='ltr'><strong>δὲ</strong></span> <span class='ocrx_word' id='word_1_441' title='bbox 3039 2716 3101 2767; x_wconf 82' lang='grc' dir='ltr'><strong>ού</strong></span> <span class='ocrx_word' id='word_1_442' title='bbox 3153 2715 3377 2783; x_wconf 79' lang='grc' dir='ltr'>γέγονεν</span> <span class='ocrx_word' id='word_1_443' title='bbox 3431 2714 3646 2782; x_wconf 73' lang='grc' dir='ltr'>οὕτως.</span> <span class='ocrx_word' id='word_1_444' title='bbox 3695 2736 3715 2769; x_wconf 76' lang='grc' dir='ltr'><strong>ι</strong></span> 
     </span>
    </p>
   </div>
   <div class='ocr_carea' id='block_1_56' title="bbox 433 2801 2013 2882">
    <p class='ocr_par' dir='ltr' id='par_1_56' title="bbox 433 2801 2013 2880">
     <span class='ocr_line' id='line_1_56' title="bbox 433 2801 2013 2880; baseline 0.01 -26"><span class='ocrx_word' id='word_1_445' title='bbox 433 2801 502 2856; x_wconf 85' lang='lat' dir='ltr'><strong>ad</strong></span> <span class='ocrx_word' id='word_1_446' title='bbox 535 2804 798 2860; x_wconf 88' lang='lat' dir='ltr'><strong>duritiam</strong></span> <span class='ocrx_word' id='word_1_447' title='bbox 832 2808 1020 2864; x_wconf 88' lang='lat' dir='ltr'><strong>cordis</strong></span> <span class='ocrx_word' id='word_1_448' title='bbox 1061 2809 1231 2865; x_wconf 85' lang='lat' dir='ltr'><strong>vestri</strong></span> <span class='ocrx_word' id='word_1_449' title='bbox 1269 2811 1522 2880; x_wconf 88' lang='lat' dir='ltr'><strong>permisit</strong></span> <span class='ocrx_word' id='word_1_450' title='bbox 1549 2811 1705 2867; x_wconf 85' lang='lat' dir='ltr'><strong>vobis</strong></span> <span class='ocrx_word' id='word_1_451' title='bbox 1736 2811 2013 2870; x_wconf 84' lang='lat' dir='ltr'><strong>dimittere</strong></span> 
     </span>
    </p>
   </div>
   <div class='ocr_carea' id='block_1_57' title="bbox 2118 2801 3723 2882">
    <p class='ocr_par' dir='ltr' id='par_1_57' title="bbox 2118 2807 3723 2882">
     <span class='ocr_line' id='line_1_57' title="bbox 2118 2807 3723 2882; baseline 0 -22"><span class='ocrx_word' id='word_1_452' title='bbox 2118 2807 2288 2876; x_wconf 82' lang='grc' dir='ltr'><strong>Κάγὼ</strong></span> <span class='ocrx_word' id='word_1_453' title='bbox 2329 2807 2474 2876; x_wconf 75' lang='grc' dir='ltr'><strong>λέγω</strong></span> <span class='ocrx_word' id='word_1_454' title='bbox 2511 2808 2676 2878; x_wconf 78' lang='grc' dir='ltr'>ύμῖν,</span> <span class='ocrx_word' id='word_1_455' title='bbox 2709 2809 2791 2862; x_wconf 84' lang='grc' dir='ltr'>ὅτι</span> <span class='ocrx_word' id='word_1_456' title='bbox 2850 2809 3093 2878; x_wconf 80' lang='grc' dir='ltr'>Μωῦσῆς</span> <span class='ocrx_word' id='word_1_457' title='bbox 3135 2808 3270 2879; x_wconf 77' lang='grc' dir='ltr'>πρὸς</span> <span class='ocrx_word' id='word_1_458' title='bbox 3325 2808 3428 2879; x_wconf 76' lang='grc' dir='ltr'><strong>τὴν</strong></span> <span class='ocrx_word' id='word_1_459' title='bbox 3485 2811 3723 2882; x_wconf 44' lang='lat' dir='ltr'><strong>exinpro-</strong></span> 
     </span>
    </p>
   </div>
   <div class='ocr_carea' id='block_1_58' title="bbox 435 2897 2013 2972">
    <p class='ocr_par' dir='ltr' id='par_1_58' title="bbox 435 2899 2008 2964">
     <span class='ocr_line' id='line_1_58' title="bbox 435 2899 2008 2964; baseline 0.01 -18"><span class='ocrx_word' id='word_1_460' title='bbox 435 2910 640 2952; x_wconf 73' lang='lat' dir='ltr'><strong>ttrores</strong></span> <span class='ocrx_word' id='word_1_461' title='bbox 672 2905 907 2955; x_wconf 77' lang='lat' dir='ltr'><strong>vestras.</strong></span> <span class='ocrx_word' id='word_1_462' title='bbox 950 2899 1032 2954; x_wconf 80' lang='lat' dir='ltr'><strong>Ab</strong></span> <span class='ocrx_word' id='word_1_463' title='bbox 1064 2901 1228 2957; x_wconf 83' lang='lat' dir='ltr'><strong>initio</strong></span> <span class='ocrx_word' id='word_1_464' title='bbox 1273 2911 1454 2959; x_wconf 88' lang='lat' dir='ltr'><strong>autem</strong></span> <span class='ocrx_word' id='word_1_465' title='bbox 1489 2921 1596 2959; x_wconf 90' lang='lat' dir='ltr'><strong>non</strong></span> <span class='ocrx_word' id='word_1_466' title='bbox 1650 2906 1753 2960; x_wconf 81' lang='lat' dir='ltr'><strong>fuit</strong></span> <span class='ocrx_word' id='word_1_467' title='bbox 1783 2908 1864 2964; x_wconf 84' lang='lat' dir='ltr'><strong>sic</strong></span> <span class='ocrx_word' id='word_1_468' title='bbox 1905 2909 2008 2962; x_wconf 74' lang='grc'><strong>⁸⁵.)</strong></span> 
     </span>
    </p>
   </div>
   <div class='ocr_carea' id='block_1_59' title="bbox 2118 2897 3720 2972">
    <p class='ocr_par' dir='ltr' id='par_1_59' title="bbox 2118 2897 3720 2972">
     <span class='ocr_line' id='line_1_59' title="bbox 2118 2897 3720 2972; baseline 0.001 -19"><span class='ocrx_word' id='word_1_469' title='bbox 2118 2899 2346 2970; x_wconf 85' lang='grc' dir='ltr'>καρδίαν</span> <span class='ocrx_word' id='word_1_470' title='bbox 2374 2897 2482 2952; x_wconf 85' lang='grc' dir='ltr'><strong>τῶν</strong></span> <span class='ocrx_word' id='word_1_471' title='bbox 2511 2899 2645 2954; x_wconf 85' lang='grc' dir='ltr'>υἱῶν</span> <span class='ocrx_word' id='word_1_472' title='bbox 2679 2899 2918 2971; x_wconf 84' lang='grc' dir='ltr'>Ἰσραὴλ,</span> <span class='ocrx_word' id='word_1_473' title='bbox 2950 2899 3106 2964; x_wconf 84' lang='grc' dir='ltr'>εἰδὼς</span> <span class='ocrx_word' id='word_1_474' title='bbox 3139 2900 3324 2953; x_wconf 84' lang='grc' dir='ltr'>αὐτῶν</span> <span class='ocrx_word' id='word_1_475' title='bbox 3361 2901 3427 2953; x_wconf 84' lang='grc' dir='ltr'>τὺ</span> <span class='ocrx_word' id='word_1_476' title='bbox 3459 2902 3607 2972; x_wconf 72' lang='grc' dir='ltr'>πρὸς</span> <span class='ocrx_word' id='word_1_477' title='bbox 3643 2905 3720 2955; x_wconf 85' lang='grc' dir='ltr'>εἰ·</span> 
     </span>
    </p>
   </div>
   <div class='ocr_carea' id='block_1_60' title="bbox 435 2986 2013 3066">
    <p class='ocr_par' dir='ltr' id='par_1_60' title="bbox 435 2986 2013 3065">
     <span class='ocr_line' id='line_1_60' title="bbox 435 2986 2013 3065; baseline 0.009 -26"><span class='ocrx_word' id='word_1_478' title='bbox 435 2986 550 3058; x_wconf 82' lang='lat' dir='ltr'><strong>Ego</strong></span> <span class='ocrx_word' id='word_1_479' title='bbox 580 2989 810 3058; x_wconf 86' lang='lat' dir='ltr'><strong>perinde</strong></span> <span class='ocrx_word' id='word_1_480' title='bbox 849 2989 976 3046; x_wconf 84' lang='lat' dir='ltr'><strong>dico</strong></span> <span class='ocrx_word' id='word_1_481' title='bbox 1011 2992 1168 3048; x_wconf 82' lang='lat' dir='ltr'><strong>vobis</strong></span> <span class='ocrx_word' id='word_1_482' title='bbox 1213 2993 1436 3065; x_wconf 83' lang='lat' dir='ltr'><strong>Moysen</strong></span> <span class='ocrx_word' id='word_1_483' title='bbox 1484 2997 1554 3050; x_wconf 91' lang='lat' dir='ltr'><strong>ob</strong></span> <span class='ocrx_word' id='word_1_484' title='bbox 1593 2995 1858 3052; x_wconf 86' lang='lat' dir='ltr'><strong>duritiam</strong></span> <span class='ocrx_word' id='word_1_485' title='bbox 1897 3013 2013 3053; x_wconf 82' lang='lat' dir='ltr'><strong>cor—</strong></span> 
     </span>
    </p>
   </div>
   <div class='ocr_carea' id='block_1_61' title="bbox 2118 2986 3724 3066">
    <p class='ocr_par' dir='ltr' id='par_1_61' title="bbox 2118 2989 3724 3066">
     <span class='ocr_line' id='line_1_61' title="bbox 2118 2989 3724 3066; baseline 0.002 -23"><span class='ocrx_word' id='word_1_486' title='bbox 2118 2989 2510 3063; x_wconf 82' lang='grc' dir='ltr'>δωλολατρείαν</span> <span class='ocrx_word' id='word_1_487' title='bbox 2545 2991 2844 3056; x_wconf 86' lang='grc' dir='ltr'>εὐόλισθον,</span> <span class='ocrx_word' id='word_1_488' title='bbox 2878 2991 3179 3064; x_wconf 73' lang='grc' dir='ltr'><strong>ἐπέτρεψεν</strong></span> <span class='ocrx_word' id='word_1_489' title='bbox 3199 2992 3386 3056; x_wconf 79' lang='grc' dir='ltr'>αὐτοῖς</span> <span class='ocrx_word' id='word_1_490' title='bbox 3421 2993 3505 3066; x_wconf 75' lang='grc' dir='ltr'>μὴ</span> <span class='ocrx_word' id='word_1_491' title='bbox 3540 2996 3724 3048; x_wconf 74' lang='grc' dir='ltr'>ποιεῖν</span> 
     </span>
    </p>
   </div>
   <div class='ocr_carea' id='block_1_62' title="bbox 433 3077 2013 3187">
    <p class='ocr_par' dir='ltr' id='par_1_62' title="bbox 433 3077 2013 3148">
     <span class='ocr_line' id='line_1_62' title="bbox 433 3077 2013 3148; baseline 0.009 -19"><span class='ocrx_word' id='word_1_492' title='bbox 433 3077 522 3134; x_wconf 85' lang='lat' dir='ltr'><strong>dis</strong></span> <span class='ocrx_word' id='word_1_493' title='bbox 581 3077 820 3134; x_wconf 78' lang='lat' dir='ltr'><strong>ﬁliorum</strong></span> <span class='ocrx_word' id='word_1_494' title='bbox 861 3078 1067 3148; x_wconf 83' lang='lat' dir='ltr'><strong>Israel,</strong></span> <span class='ocrx_word' id='word_1_495' title='bbox 1105 3099 1231 3138; x_wconf 89' lang='lat' dir='ltr'><strong>cum</strong></span> <span class='ocrx_word' id='word_1_496' title='bbox 1295 3101 1397 3141; x_wconf 90' lang='lat' dir='ltr'><strong>eos.</strong></span> <span class='ocrx_word' id='word_1_497' title='bbox 1440 3085 1506 3139; x_wconf 91' lang='lat' dir='ltr'><strong>ad</strong></span> <span class='ocrx_word' id='word_1_498' title='bbox 1570 3087 1849 3141; x_wconf 89' lang='lat' dir='ltr'><strong>idolorum</strong></span> <span class='ocrx_word' id='word_1_499' title='bbox 1899 3090 2013 3144; x_wconf 87' lang='lat' dir='ltr'><strong>cul-</strong></span> 
     </span>
    </p>
   </div>
   <div class='ocr_carea' id='block_1_63' title="bbox 2118 3077 3723 3187">
    <p class='ocr_par' dir='ltr' id='par_1_63' title="bbox 2123 3081 3723 3156">
     <span class='ocr_line' id='line_1_63' title="bbox 2123 3081 3723 3156; baseline 0.003 -23"><span class='ocrx_word' id='word_1_500' title='bbox 2123 3081 2354 3145; x_wconf 80' lang='grc' dir='ltr'>εἰκόνας.</span> <span class='ocrx_word' id='word_1_501' title='bbox 2379 3082 2515 3136; x_wconf 79' lang='grc' dir='ltr'>Νυνὶ</span> <span class='ocrx_word' id='word_1_502' title='bbox 2559 3081 2615 3136; x_wconf 83' lang='grc' dir='ltr'><strong>δὲ</strong></span> <span class='ocrx_word' id='word_1_503' title='bbox 2647 3083 2747 3153; x_wconf 81' lang='grc' dir='ltr'>οὐχ</span> <span class='ocrx_word' id='word_1_504' title='bbox 2777 3083 2950 3146; x_wconf 79' lang='grc' dir='ltr'>οὓτως</span> <span class='ocrx_word' id='word_1_505' title='bbox 2995 3083 3143 3136; x_wconf 80' lang='grc' dir='ltr'>ἐστίν</span> <span class='ocrx_word' id='word_1_506' title='bbox 3176 3101 3190 3113; x_wconf 88' lang='grc'>·</span> <span class='ocrx_word' id='word_1_507' title='bbox 3233 3084 3565 3154; x_wconf 63' lang='grc' dir='ltr'>ἑστήκαμεν</span> <span class='ocrx_word' id='word_1_508' title='bbox 3615 3088 3723 3156; x_wconf 68' lang='grc' dir='ltr'><strong>γὰρ</strong></span> 
     </span>
    </p>
   </div>
   <div class='ocr_carea' id='block_1_64' title="bbox 434 3172 2013 3250">
    <p class='ocr_par' dir='ltr' id='par_1_64' title="bbox 434 3172 2013 3250">
     <span class='ocr_line' id='line_1_64' title="bbox 434 3172 2013 3250; baseline 0.008 -29"><span class='ocrx_word' id='word_1_509' title='bbox 434 3177 551 3222; x_wconf 86' lang='lat' dir='ltr'><strong>tum</strong></span> <span class='ocrx_word' id='word_1_510' title='bbox 582 3172 974 3240; x_wconf 90' lang='lat' dir='ltr'><strong>propensiores</strong></span> <span class='ocrx_word' id='word_1_511' title='bbox 1005 3185 1290 3240; x_wconf 88' lang='lat' dir='ltr'><strong>cerneret,</strong></span> <span class='ocrx_word' id='word_1_512' title='bbox 1325 3175 1621 3232; x_wconf 85' lang='lat' dir='ltr'><strong>mandasse</strong></span> <span class='ocrx_word' id='word_1_513' title='bbox 1654 3192 1721 3231; x_wconf 90' lang='lat' dir='ltr'><strong>ne</strong></span> <span class='ocrx_word' id='word_1_514' title='bbox 1748 3179 2013 3250; x_wconf 79' lang='lat' dir='ltr'><strong>imagines</strong></span> 
     </span>
    </p>
   </div>
   <div class='ocr_carea' id='block_1_65' title="bbox 2118 3172 3725 3250">
    <p class='ocr_par' dir='ltr' id='par_1_65' title="bbox 2126 3172 3725 3248">
     <span class='ocr_line' id='line_1_65' title="bbox 2126 3172 3725 3248; baseline 0.004 -23"><span class='ocrx_word' id='word_1_515' title='bbox 2126 3172 2358 3243; x_wconf 79' lang='grc' dir='ltr'>βεϐαίως</span> <span class='ocrx_word' id='word_1_516' title='bbox 2394 3175 2450 3227; x_wconf 84' lang='grc' dir='ltr'><strong>ὲν</strong></span> <span class='ocrx_word' id='word_1_517' title='bbox 2488 3176 2555 3246; x_wconf 81' lang='grc' dir='ltr'>τῇ</span> <span class='ocrx_word' id='word_1_518' title='bbox 2587 3175 2764 3245; x_wconf 79' lang='grc' dir='ltr'>πέτρᾳ</span> <span class='ocrx_word' id='word_1_519' title='bbox 2789 3174 2891 3246; x_wconf 84' lang='grc' dir='ltr'>τῆς</span> <span class='ocrx_word' id='word_1_520' title='bbox 2937 3175 3199 3241; x_wconf 84' lang='grc' dir='ltr'>πίστεως,</span> <span class='ocrx_word' id='word_1_521' title='bbox 3231 3175 3294 3229; x_wconf 80' lang='grc' dir='ltr'>τδ</span> <span class='ocrx_word' id='word_1_522' title='bbox 3327 3176 3452 3245; x_wconf 78' lang='grc' dir='ltr'><strong>φῶς</strong></span> <span class='ocrx_word' id='word_1_523' title='bbox 3479 3179 3586 3248; x_wconf 75' lang='grc' dir='ltr'>τῆς</span> <span class='ocrx_word' id='word_1_524' title='bbox 3616 3177 3725 3231; x_wconf 79' lang='grc' dir='ltr'>θεο-</span> 
     </span>
    </p>
   </div>
   <div class='ocr_carea' id='block_1_66' title="bbox 438 3257 2013 3335">
    <p class='ocr_par' dir='ltr' id='par_1_66' title="bbox 438 3257 2013 3323">
     <span class='ocr_line' id='line_1_66' title="bbox 438 3257 2013 3323; baseline 0.01 -15"><span class='ocrx_word' id='word_1_525' title='bbox 438 3257 706 3314; x_wconf 77' lang='lat' dir='ltr'><strong>t‘acerent.</strong></span> <span class='ocrx_word' id='word_1_526' title='bbox 748 3261 905 3315; x_wconf 85' lang='lat' dir='ltr'><strong>Nunc</strong></span> <span class='ocrx_word' id='word_1_527' title='bbox 955 3271 1137 3317; x_wconf 89' lang='lat' dir='ltr'><strong>autem</strong></span> <span class='ocrx_word' id='word_1_528' title='bbox 1179 3280 1269 3319; x_wconf 86' lang='lat' dir='ltr'><strong>res</strong></span> <span class='ocrx_word' id='word_1_529' title='bbox 1323 3281 1433 3318; x_wconf 91' lang='lat' dir='ltr'><strong>non</strong></span> <span class='ocrx_word' id='word_1_530' title='bbox 1470 3266 1543 3319; x_wconf 90' lang='lat' dir='ltr'><strong>ita</strong></span> <span class='ocrx_word' id='word_1_531' title='bbox 1579 3281 1639 3320; x_wconf 86' lang='lat' dir='ltr'><strong>se</strong></span> <span class='ocrx_word' id='word_1_532' title='bbox 1690 3267 1895 3323; x_wconf 89' lang='lat' dir='ltr'><strong>habet:</strong></span> <span class='ocrx_word' id='word_1_533' title='bbox 1933 3269 2013 3322; x_wconf 88' lang='lat' dir='ltr'><strong>di-</strong></span> 
     </span>
    </p>
   </div>
   <div class='ocr_carea' id='block_1_67' title="bbox 2118 3257 2813 3335">
    <p class='ocr_par' dir='ltr' id='par_1_67' title="bbox 2125 3262 2813 3335">
     <span class='ocr_line' id='line_1_67' title="bbox 2125 3262 2813 3335; baseline 0.001 -17"><span class='ocrx_word' id='word_1_534' title='bbox 2125 3262 2362 3331; x_wconf 81' lang='grc' dir='ltr'>γνωσίας</span> <span class='ocrx_word' id='word_1_535' title='bbox 2386 3263 2813 3335; x_wconf 82' lang='grc' dir='ltr'><strong>πλουτήσαντες.</strong></span> 
     </span>
    </p>
   </div>
   <div class='ocr_carea' id='block_1_68' title="bbox 438 3345 2034 3430">
    <p class='ocr_par' dir='ltr' id='par_1_68' title="bbox 438 3345 2034 3430">
     <span class='ocr_line' id='line_1_68' title="bbox 438 3345 2034 3430; baseline 0.013 -34"><span class='ocrx_word' id='word_1_536' title='bbox 438 3345 580 3399; x_wconf 72' lang='lat' dir='ltr'><strong>vina:</strong></span> <span class='ocrx_word' id='word_1_537' title='bbox 631 3347 900 3416; x_wconf 88' lang='lat' dir='ltr'><strong>siquidem</strong></span> <span class='ocrx_word' id='word_1_538' title='bbox 954 3351 1095 3406; x_wconf 89' lang='lat' dir='ltr'><strong>lucis</strong></span> <span class='ocrx_word' id='word_1_539' title='bbox 1150 3353 1375 3409; x_wconf 86' lang='lat' dir='ltr'><strong>divitias</strong></span> <span class='ocrx_word' id='word_1_540' title='bbox 1427 3357 1705 3424; x_wconf 80' lang='lat' dir='ltr'><strong>assecuti,</strong></span> <span class='ocrx_word' id='word_1_541' title='bbox 1752 3357 1807 3412; x_wconf 88' lang='lat' dir='ltr'><strong>in</strong></span> <span class='ocrx_word' id='word_1_542' title='bbox 1867 3366 2034 3430; x_wconf 85' lang='lat' dir='ltr'><strong>petra.</strong></span> 
     </span>
    </p>
   </div>
   <div class='ocr_carea' id='block_1_69' title="bbox 443 3434 1148 3496">
    <p class='ocr_par' dir='ltr' id='par_1_69' title="bbox 443 3434 1148 3496">
     <span class='ocr_line' id='line_1_69' title="bbox 443 3434 1148 3496; baseline 0.016 -11"><span class='ocrx_word' id='word_1_543' title='bbox 443 3434 568 3489; x_wconf 87' lang='lat' dir='ltr'><strong>tidei</strong></span> <span class='ocrx_word' id='word_1_544' title='bbox 599 3435 739 3490; x_wconf 77' lang='lat' dir='ltr'><strong>firmi</strong></span> <span class='ocrx_word' id='word_1_545' title='bbox 769 3439 1148 3496; x_wconf 85' lang='lat' dir='ltr'><strong>consistimus.</strong></span> 
     </span>
    </p>
   </div>
   <div class='ocr_carea' id='block_1_70' title="bbox 506 3588 2032 3671">
    <p class='ocr_par' dir='ltr' id='par_1_70' title="bbox 506 3588 2032 3671">
     <span class='ocr_line' id='line_1_70' title="bbox 506 3588 2032 3671; baseline 0.014 -30"><span class='ocrx_word' id='word_1_546' title='bbox 506 3588 596 3646; x_wconf 74' lang='lat'><strong>2|.</strong></span> <span class='ocrx_word' id='word_1_547' title='bbox 631 3589 833 3644; x_wconf 78' lang='lat' dir='ltr'><strong>Audite</strong></span> <span class='ocrx_word' id='word_1_548' title='bbox 863 3593 993 3660; x_wconf 89' lang='lat' dir='ltr'><strong>quid</strong></span> <span class='ocrx_word' id='word_1_549' title='bbox 1024 3592 1177 3648; x_wconf 87' lang='lat' dir='ltr'><strong>dicat-</strong></span> <span class='ocrx_word' id='word_1_550' title='bbox 1205 3593 1470 3653; x_wconf 87' lang='lat' dir='ltr'><strong>Dominus</strong></span> <span class='ocrx_word' id='word_1_551' title='bbox 1498 3617 1511 3653; x_wconf 90' lang='lat'><strong>:</strong></span> <span class='ocrx_word' id='word_1_552' title='bbox 1544 3599 1706 3655; x_wconf 82' lang='lat' dir='ltr'><strong>Stulti</strong></span> <span class='ocrx_word' id='word_1_553' title='bbox 1739 3611 1800 3658; x_wconf 78' lang='lat' dir='ltr'><strong>et</strong></span> <span class='ocrx_word' id='word_1_554' title='bbox 1837 3607 1967 3660; x_wconf 64' lang='lat' dir='ltr'><strong>caici</strong></span> <span class='ocrx_word' id='word_1_555' title='bbox 2005 3648 2032 3671; x_wconf 36' lang='lat'><strong>,.</strong></span> 
     </span>
    </p>
   </div>
   <div class='ocr_carea' id='block_1_71' title="bbox 436 3677 2022 3767">
    <p class='ocr_par' dir='ltr' id='par_1_71' title="bbox 436 3677 2022 3767">
     <span class='ocr_line' id='line_1_71' title="bbox 436 3677 2022 3767; baseline 0.014 -37"><span class='ocrx_word' id='word_1_556' title='bbox 436 3678 532 3746; x_wconf 80' lang='lat' dir='ltr'><strong>qui</strong></span> <span class='ocrx_word' id='word_1_557' title='bbox 576 3677 732 3748; x_wconf 86' lang='lat' dir='ltr'><strong>jurat</strong></span> <span class='ocrx_word' id='word_1_558' title='bbox 784 3682 837 3734; x_wconf 92' lang='lat' dir='ltr'><strong>in</strong></span> <span class='ocrx_word' id='word_1_559' title='bbox 870 3685 1110 3753; x_wconf 91' lang='lat' dir='ltr'><strong>templo,</strong></span> <span class='ocrx_word' id='word_1_560' title='bbox 1149 3686 1302 3754; x_wconf 88' lang='lat' dir='ltr'><strong>jurat</strong></span> <span class='ocrx_word' id='word_1_561' title='bbox 1341 3689 1393 3741; x_wconf 91' lang='lat' dir='ltr'><strong>in</strong></span> <span class='ocrx_word' id='word_1_562' title='bbox 1443 3690 1573 3756; x_wconf 92' lang='lat' dir='ltr'><strong>illo,</strong></span> <span class='ocrx_word' id='word_1_563' title='bbox 1617 3702 1671 3747; x_wconf 90' lang='lat' dir='ltr'><strong>et</strong></span> <span class='ocrx_word' id='word_1_564' title='bbox 1721 3695 1776 3748; x_wconf 89' lang='lat' dir='ltr'><strong>in</strong></span> <span class='ocrx_word' id='word_1_565' title='bbox 1826 3711 1891 3750; x_wconf 92' lang='lat' dir='ltr'><strong>eo</strong></span> <span class='ocrx_word' id='word_1_566' title='bbox 1928 3697 2022 3767; x_wconf 86' lang='lat' dir='ltr'><strong>qui</strong></span> 
     </span>
    </p>
   </div>
   <div class='ocr_carea' id='block_1_72' title="bbox 442 3768 2023 3854">
    <p class='ocr_par' dir='ltr' id='par_1_72' title="bbox 442 3768 2023 3854">
     <span class='ocr_line' id='line_1_72' title="bbox 442 3768 2023 3854; baseline 0.016 -34"><span class='ocrx_word' id='word_1_567' title='bbox 442 3768 652 3824; x_wconf 84' lang='lat' dir='ltr'><strong>habitat</strong></span> <span class='ocrx_word' id='word_1_568' title='bbox 684 3771 738 3824; x_wconf 88' lang='lat' dir='ltr'><strong>itt</strong></span> <span class='ocrx_word' id='word_1_569' title='bbox 768 3772 900 3841; x_wconf 89' lang='lat' dir='ltr'><strong>illo;</strong></span> <span class='ocrx_word' id='word_1_570' title='bbox 935 3783 986 3828; x_wconf 87' lang='lat' dir='ltr'><strong>et</strong></span> <span class='ocrx_word' id='word_1_571' title='bbox 1027 3777 1121 3846; x_wconf 91' lang='lat' dir='ltr'><strong>qui</strong></span> <span class='ocrx_word' id='word_1_572' title='bbox 1153 3777 1308 3846; x_wconf 88' lang='lat' dir='ltr'><strong>jurat</strong></span> <span class='ocrx_word' id='word_1_573' title='bbox 1335 3779 1387 3833; x_wconf 90' lang='lat' dir='ltr'><strong>in</strong></span> <span class='ocrx_word' id='word_1_574' title='bbox 1413 3783 1574 3847; x_wconf 62' lang='lat' dir='ltr'><strong>coelo,</strong></span> <span class='ocrx_word' id='word_1_575' title='bbox 1603 3783 1758 3854; x_wconf 69' lang='lat' dir='ltr'><strong>jurat</strong></span> <span class='ocrx_word' id='word_1_576' title='bbox 1789 3787 1843 3842; x_wconf 87' lang='lat' dir='ltr'><strong>in</strong></span> <span class='ocrx_word' id='word_1_577' title='bbox 1869 3788 2023 3844; x_wconf 81' lang='lat' dir='ltr'><strong>tlu&#39;o-</strong></span> 
     </span>
    </p>
   </div>
   <div class='ocr_carea' id='block_1_73' title="bbox 439 3860 2016 3942">
    <p class='ocr_par' dir='ltr' id='par_1_73' title="bbox 439 3860 2016 3942">
     <span class='ocr_line' id='line_1_73' title="bbox 439 3860 2016 3942; baseline 0.012 -28"><span class='ocrx_word' id='word_1_578' title='bbox 439 3875 514 3914; x_wconf 85' lang='lat' dir='ltr'><strong>no</strong></span> <span class='ocrx_word' id='word_1_579' title='bbox 545 3860 664 3928; x_wconf 87' lang='lat' dir='ltr'><strong>Dei,</strong></span> <span class='ocrx_word' id='word_1_580' title='bbox 697 3870 753 3917; x_wconf 88' lang='lat' dir='ltr'><strong>et</strong></span> <span class='ocrx_word' id='word_1_581' title='bbox 799 3865 854 3918; x_wconf 89' lang='lat' dir='ltr'><strong>in</strong></span> <span class='ocrx_word' id='word_1_582' title='bbox 880 3881 948 3922; x_wconf 83' lang='lat' dir='ltr'><strong>eo</strong></span> <span class='ocrx_word' id='word_1_583' title='bbox 985 3868 1083 3937; x_wconf 86' lang='lat' dir='ltr'><strong>qui</strong></span> <span class='ocrx_word' id='word_1_584' title='bbox 1133 3870 1285 3925; x_wconf 88' lang='lat' dir='ltr'><strong>sedet</strong></span> <span class='ocrx_word' id='word_1_585' title='bbox 1332 3885 1502 3942; x_wconf 81' lang='lat' dir='ltr'><strong>super</strong></span> <span class='ocrx_word' id='word_1_586' title='bbox 1533 3890 1658 3930; x_wconf 82' lang='lat' dir='ltr'><strong>eum</strong></span> <span class='ocrx_word' id='word_1_587' title='bbox 1695 3877 1763 3936; x_wconf 72' lang='grc'><strong>⁸⁸,</strong></span> <span class='ocrx_word' id='word_1_588' title='bbox 1811 3898 1831 3931; x_wconf 73' lang='grc' dir='ltr'><strong>ι</strong></span> <span class='ocrx_word' id='word_1_589' title='bbox 1871 3882 2016 3935; x_wconf 81' lang='lat' dir='ltr'><strong>Con-</strong></span> 
     </span>
    </p>
   </div>
   <div class='ocr_carea' id='block_1_74' title="bbox 440 3949 2026 4043">
    <p class='ocr_par' dir='ltr' id='par_1_74' title="bbox 440 3949 2026 4043">
     <span class='ocr_line' id='line_1_74' title="bbox 440 3949 2026 4043; baseline 0.016 -39"><span class='ocrx_word' id='word_1_590' title='bbox 440 3949 610 4007; x_wconf 80' lang='lat' dir='ltr'><strong>simili</strong></span> <span class='ocrx_word' id='word_1_591' title='bbox 640 3953 853 4011; x_wconf 76' lang='lat' dir='ltr'><strong>ratione</strong></span> <span class='ocrx_word' id='word_1_592' title='bbox 878 3957 1150 4028; x_wconf 85' lang='lat' dir='ltr'><strong>quljurat</strong></span> <span class='ocrx_word' id='word_1_593' title='bbox 1201 3961 1256 4016; x_wconf 91' lang='lat' dir='ltr'><strong>in</strong></span> <span class='ocrx_word' id='word_1_594' title='bbox 1309 3962 1588 4035; x_wconf 75' lang='lat' dir='ltr'><strong>imagine,</strong></span> <span class='ocrx_word' id='word_1_595' title='bbox 1631 3967 1783 4041; x_wconf 79' lang='lat' dir='ltr'><strong>jurat</strong></span> <span class='ocrx_word' id='word_1_596' title='bbox 1830 3971 2026 4043; x_wconf 85' lang='lat' dir='ltr'><strong>utique</strong></span> 
     </span>
    </p>
   </div>
   <div class='ocr_carea' id='block_1_75' title="bbox 441 4041 1492 4122">
    <p class='ocr_par' dir='ltr' id='par_1_75' title="bbox 441 4041 1492 4122">
     <span class='ocr_line' id='line_1_75' title="bbox 441 4041 1492 4122; baseline 0.017 -28"><span class='ocrx_word' id='word_1_597' title='bbox 441 4041 500 4096; x_wconf 88' lang='lat' dir='ltr'><strong>in</strong></span> <span class='ocrx_word' id='word_1_598' title='bbox 549 4057 654 4110; x_wconf 90' lang='lat' dir='ltr'><strong>eo,</strong></span> <span class='ocrx_word' id='word_1_599' title='bbox 712 4060 877 4117; x_wconf 88' lang='lat' dir='ltr'><strong>quem</strong></span> <span class='ocrx_word' id='word_1_600' title='bbox 949 4049 1068 4120; x_wconf 89' lang='lat' dir='ltr'><strong>ipsa</strong></span> <span class='ocrx_word' id='word_1_601' title='bbox 1117 4064 1492 4122; x_wconf 67' lang='lat' dir='ltr'><strong>repraesentat.</strong></span> 
     </span>
    </p>
   </div>
   <div class='ocr_carea' id='block_1_76' title="bbox 511 4175 2024 4266">
    <p class='ocr_par' dir='ltr' id='par_1_76' title="bbox 511 4175 2024 4266">
     <span class='ocr_line' id='line_1_76' title="bbox 511 4175 2024 4266; baseline 0.018 -37"><span class='ocrx_word' id='word_1_602' title='bbox 511 4175 603 4230; x_wconf 77' lang='grc'><strong>22.</strong></span> <span class='ocrx_word' id='word_1_603' title='bbox 647 4177 918 4245; x_wconf 87' lang='lat' dir='ltr'><strong>Quocirca</strong></span> <span class='ocrx_word' id='word_1_604' title='bbox 951 4186 1097 4254; x_wconf 92' lang='lat' dir='ltr'><strong>quod</strong></span> <span class='ocrx_word' id='word_1_605' title='bbox 1136 4189 1581 4261; x_wconf 87' lang='lat' dir='ltr'><strong>tabernaculum,</strong></span> <span class='ocrx_word' id='word_1_606' title='bbox 1613 4194 1792 4252; x_wconf 78' lang='lat' dir='ltr'><strong>velum</strong></span> <span class='ocrx_word' id='word_1_607' title='bbox 1816 4239 1832 4266; x_wconf 94' lang='lat'><strong>,</strong></span> <span class='ocrx_word' id='word_1_608' title='bbox 1867 4213 2024 4265; x_wconf 81' lang='lat' dir='ltr'><strong>arca,</strong></span> 
     </span>
    </p>
   </div>
   <div class='ocr_carea' id='block_1_77' title="bbox 443 4276 2024 4355">
    <p class='ocr_par' dir='ltr' id='par_1_77' title="bbox 443 4276 2024 4355">
     <span class='ocr_line' id='line_1_77' title="bbox 443 4276 2024 4355; baseline 0.016 -34"><span class='ocrx_word' id='word_1_609' title='bbox 443 4282 672 4336; x_wconf 86' lang='lat' dir='ltr'><strong>mensa,</strong></span> <span class='ocrx_word' id='word_1_610' title='bbox 720 4280 776 4326; x_wconf 89' lang='lat' dir='ltr'><strong>et</strong></span> <span class='ocrx_word' id='word_1_611' title='bbox 842 4276 1027 4332; x_wconf 84' lang='lat' dir='ltr'><strong>omnia</strong></span> <span class='ocrx_word' id='word_1_612' title='bbox 1087 4294 1214 4348; x_wconf 71' lang='lat' dir='ltr'><strong>quae</strong></span> <span class='ocrx_word' id='word_1_613' title='bbox 1271 4281 1328 4338; x_wconf 87' lang='lat' dir='ltr'><strong>in</strong></span> <span class='ocrx_word' id='word_1_614' title='bbox 1403 4284 1770 4343; x_wconf 81' lang='lat' dir='ltr'><strong>tabernaculo</strong></span> <span class='ocrx_word' id='word_1_615' title='bbox 1843 4301 2024 4355; x_wconf 83' lang='lat' dir='ltr'><strong>erant,</strong></span> 
     </span>
    </p>
   </div>
   <div class='ocr_carea' id='block_1_78' title="bbox 443 4357 2024 4446">
    <p class='ocr_par' dir='ltr' id='par_1_78' title="bbox 443 4357 2024 4446">
     <span class='ocr_line' id='line_1_78' title="bbox 443 4357 2024 4446; baseline 0.016 -37"><span class='ocrx_word' id='word_1_616' title='bbox 443 4357 712 4429; x_wconf 72' lang='lat' dir='ltr'><strong>imagines</strong></span> <span class='ocrx_word' id='word_1_617' title='bbox 741 4378 981 4436; x_wconf 84' lang='lat' dir='ltr'><strong>quoque,</strong></span> <span class='ocrx_word' id='word_1_618' title='bbox 1009 4376 1066 4423; x_wconf 87' lang='lat' dir='ltr'><strong>et</strong></span> <span class='ocrx_word' id='word_1_619' title='bbox 1104 4369 1317 4438; x_wconf 67' lang='lat' dir='ltr'><strong>formae,</strong></span> <span class='ocrx_word' id='word_1_620' title='bbox 1350 4380 1520 4443; x_wconf 82' lang='lat' dir='ltr'><strong>atque</strong></span> <span class='ocrx_word' id='word_1_621' title='bbox 1548 4391 1716 4446; x_wconf 80' lang='lat' dir='ltr'><strong>opera</strong></span> <span class='ocrx_word' id='word_1_622' title='bbox 1761 4394 2024 4435; x_wconf 89' lang='lat' dir='ltr'><strong>manuum</strong></span> 
     </span>
    </p>
   </div>
   <div class='ocr_carea' id='block_1_79' title="bbox 444 4447 2096 4532">
    <p class='ocr_par' dir='ltr' id='par_1_79' title="bbox 444 4447 2096 4532">
     <span class='ocr_line' id='line_1_79' title="bbox 444 4447 2096 4532; baseline 0.018 -30"><span class='ocrx_word' id='word_1_623' title='bbox 444 4449 728 4507; x_wconf 71' lang='lat' dir='ltr'><strong>hominum</strong></span> <span class='ocrx_word' id='word_1_624' title='bbox 765 4453 974 4513; x_wconf 79' lang='lat' dir='ltr'><strong>fuerint</strong></span> <span class='ocrx_word' id='word_1_625' title='bbox 996 4499 1011 4524; x_wconf 91' lang='lat'><strong>,</strong></span> <span class='ocrx_word' id='word_1_626' title='bbox 1047 4474 1170 4530; x_wconf 73' lang='lat' dir='ltr'><strong>qua:</strong></span> <span class='ocrx_word' id='word_1_627' title='bbox 1205 4462 1273 4517; x_wconf 91' lang='lat' dir='ltr'><strong>ab</strong></span> <span class='ocrx_word' id='word_1_628' title='bbox 1317 4464 1577 4521; x_wconf 85' lang='lat' dir='ltr'><strong>universo</strong></span> <span class='ocrx_word' id='word_1_629' title='bbox 1624 4447 1794 4526; x_wconf 72' lang='lat' dir='ltr'><strong>Israel</strong></span> <span class='ocrx_word' id='word_1_630' title='bbox 1827 4470 2020 4526; x_wconf 89' lang='lat' dir='ltr'><strong>adora-</strong></span> <span class='ocrx_word' id='word_1_631' title='bbox 2052 4476 2096 4532; x_wconf 90' lang='lat' dir='ltr'><strong>D</strong></span> 
     </span>
    </p>
   </div>
   <div class='ocr_carea' id='block_1_80' title="bbox 446 4537 2020 4632">
    <p class='ocr_par' dir='ltr' id='par_1_80' title="bbox 446 4537 2020 4632">
     <span class='ocr_line' id='line_1_80' title="bbox 446 4537 2020 4632; baseline 0.017 -40"><span class='ocrx_word' id='word_1_632' title='bbox 446 4537 680 4632; x_wconf 78' lang='lat' dir='ltr'><strong>bantur;</strong></span> <span class='ocrx_word' id='word_1_633' title='bbox 706 4544 854 4613; x_wconf 87' lang='lat' dir='ltr'><strong>quod</strong></span> <span class='ocrx_word' id='word_1_634' title='bbox 905 4546 1038 4603; x_wconf 85' lang='lat' dir='ltr'><strong>item</strong></span> <span class='ocrx_word' id='word_1_635' title='bbox 1073 4551 1291 4622; x_wconf 89' lang='lat' dir='ltr'><strong>sculpta</strong></span> <span class='ocrx_word' id='word_1_636' title='bbox 1317 4537 1614 4614; x_wconf 74' lang='lat' dir='ltr'><strong>Cherubim</strong></span> <span class='ocrx_word' id='word_1_637' title='bbox 1641 4598 1656 4622; x_wconf 86' lang='lat'><em>.</em></span> <span class='ocrx_word' id='word_1_638' title='bbox 1687 4557 1798 4617; x_wconf 88' lang='lat' dir='ltr'><strong>Deo</strong></span> <span class='ocrx_word' id='word_1_639' title='bbox 1825 4564 2020 4632; x_wconf 64' lang='lat' dir='ltr'><strong>praci-</strong></span> 
     </span>
    </p>
   </div>
   <div class='ocr_carea' id='block_1_81' title="bbox 444 4627 2022 4723">
    <p class='ocr_par' dir='ltr' id='par_1_81' title="bbox 444 4627 2022 4723">
     <span class='ocr_line' id='line_1_81' title="bbox 444 4627 2022 4723; baseline 0.018 -41"><span class='ocrx_word' id='word_1_640' title='bbox 444 4627 629 4697; x_wconf 87' lang='lat' dir='ltr'><strong>p&#39;tente</strong></span> <span class='ocrx_word' id='word_1_641' title='bbox 642 4632 799 4705; x_wconf 68' lang='grc'><strong>341</strong></span> <span class='ocrx_word' id='word_1_642' title='bbox 821 4633 1121 4695; x_wconf 78' lang='lat' dir='ltr'><strong>fabrefacta</strong></span> <span class='ocrx_word' id='word_1_643' title='bbox 1144 4641 1370 4713; x_wconf 84' lang='lat' dir='ltr'><strong>fuerint,</strong></span> <span class='ocrx_word' id='word_1_644' title='bbox 1385 4627 1850 4723; x_wconf 62' lang='lat' dir='ltr'><strong>satissuperquen</strong></span> <span class='ocrx_word' id='word_1_645' title='bbox 1865 4655 2022 4711; x_wconf 85' lang='lat' dir='ltr'><strong>nobis</strong></span> 
     </span>
    </p>
   </div>
   <div class='ocr_carea' id='block_1_82' title="bbox 443 4723 2020 4816">
    <p class='ocr_par' dir='ltr' id='par_1_82' title="bbox 443 4723 2020 4816">
     <span class='ocr_line' id='line_1_82' title="bbox 443 4723 2020 4816; baseline 0.018 -41"><span class='ocrx_word' id='word_1_646' title='bbox 443 4727 529 4776; x_wconf 89' lang='lat' dir='ltr'><strong>est</strong></span> <span class='ocrx_word' id='word_1_647' title='bbox 559 4723 1016 4816; x_wconf 87' lang='lat' dir='ltr'><strong>demonstratum.</strong></span> <span class='ocrx_word' id='word_1_648' title='bbox 1053 4733 1145 4786; x_wconf 80' lang='lat' dir='ltr'><strong>Ait</strong></span> <span class='ocrx_word' id='word_1_649' title='bbox 1175 4735 1322 4792; x_wconf 90' lang='lat' dir='ltr'><strong>enim</strong></span> <span class='ocrx_word' id='word_1_650' title='bbox 1358 4736 1502 4796; x_wconf 87' lang='lat' dir='ltr'><strong>Deus</strong></span> <span class='ocrx_word' id='word_1_651' title='bbox 1547 4739 1762 4816; x_wconf 77' lang='lat' dir='ltr'><strong>Moysi:</strong></span> <span class='ocrx_word' id='word_1_652' title='bbox 1802 4763 1822 4798; x_wconf 81' lang='grc' dir='ltr'><strong>ι</strong></span> <span class='ocrx_word' id='word_1_653' title='bbox 1861 4744 2020 4813; x_wconf 75' lang='lat' dir='ltr'><strong>Vide,</strong></span> 
     </span>
    </p>
   </div>
   <div class='ocr_carea' id='block_1_83' title="bbox 442 4815 2022 4906">
    <p class='ocr_par' dir='ltr' id='par_1_83' title="bbox 442 4815 2022 4906">
     <span class='ocr_line' id='line_1_83' title="bbox 442 4815 2022 4906; baseline 0.019 -40"><span class='ocrx_word' id='word_1_654' title='bbox 442 4815 631 4869; x_wconf 87' lang='lat' dir='ltr'><strong>omnia</strong></span> <span class='ocrx_word' id='word_1_655' title='bbox 665 4817 834 4876; x_wconf 81' lang='lat' dir='ltr'><strong>facito</strong></span> <span class='ocrx_word' id='word_1_656' title='bbox 863 4825 1168 4882; x_wconf 89' lang='lat' dir='ltr'><strong>secundum</strong></span> <span class='ocrx_word' id='word_1_657' title='bbox 1207 4835 1487 4903; x_wconf 76' lang='lat' dir='ltr'><strong>exemplar</strong></span> <span class='ocrx_word' id='word_1_658' title='bbox 1524 4815 1666 4906; x_wconf 83' lang='lat' dir='ltr'><strong>quod</strong></span> <span class='ocrx_word' id='word_1_659' title='bbox 1701 4839 1798 4894; x_wconf 89' lang='lat' dir='ltr'><strong>tibi</strong></span> <span class='ocrx_word' id='word_1_660' title='bbox 1832 4850 2022 4895; x_wconf 82' lang='lat' dir='ltr'><strong>osten-</strong></span> 
     </span>
    </p>
   </div>
   <div class='ocr_carea' id='block_1_84' title="bbox 445 4910 2021 4998">
    <p class='ocr_par' dir='ltr' id='par_1_84' title="bbox 445 4910 2021 4998">
     <span class='ocr_line' id='line_1_84' title="bbox 445 4910 2021 4998; baseline 0.014 -36"><span class='ocrx_word' id='word_1_661' title='bbox 445 4920 570 4963; x_wconf 81' lang='lat' dir='ltr'><strong>sum</strong></span> <span class='ocrx_word' id='word_1_662' title='bbox 595 4920 680 4965; x_wconf 86' lang='lat' dir='ltr'><strong>est</strong></span> <span class='ocrx_word' id='word_1_663' title='bbox 717 4910 772 4965; x_wconf 88' lang='lat' dir='ltr'><strong>in</strong></span> <span class='ocrx_word' id='word_1_664' title='bbox 804 4921 1003 4980; x_wconf 78' lang='lat' dir='ltr'><strong>monte</strong></span> <span class='ocrx_word' id='word_1_665' title='bbox 1031 4918 1115 4985; x_wconf 71' lang='lat'><strong>&#39;7;</strong></span> <span class='ocrx_word' id='word_1_666' title='bbox 1153 4938 1172 4971; x_wconf 77' lang='grc' dir='ltr'><strong>ι</strong></span> <span class='ocrx_word' id='word_1_667' title='bbox 1220 4920 1452 4978; x_wconf 83' lang='lat' dir='ltr'><strong>Paulum</strong></span> <span class='ocrx_word' id='word_1_668' title='bbox 1505 4929 1672 4981; x_wconf 84' lang='lat' dir='ltr'><strong>etiam</strong></span> <span class='ocrx_word' id='word_1_669' title='bbox 1708 4931 2021 4998; x_wconf 84' lang='lat' dir='ltr'><strong>apostolum</strong></span> 
     </span>
    </p>
   </div>
   <div class='ocr_carea' id='block_1_85' title="bbox 445 4998 2029 5087">
    <p class='ocr_par' dir='ltr' id='par_1_85' title="bbox 445 4998 2029 5087">
     <span class='ocr_line' id='line_1_85' title="bbox 445 4998 2029 5087; baseline 0.016 -33"><span class='ocrx_word' id='word_1_670' title='bbox 445 4998 766 5056; x_wconf 82' lang='lat' dir='ltr'><strong>testimonio</strong></span> <span class='ocrx_word' id='word_1_671' title='bbox 793 5009 1246 5076; x_wconf 89' lang='lat' dir='ltr'><strong>comprobantem</strong></span> <span class='ocrx_word' id='word_1_672' title='bbox 1297 5030 1419 5082; x_wconf 84' lang='lat' dir='ltr'><strong>suo,</strong></span> <span class='ocrx_word' id='word_1_673' title='bbox 1451 5017 1686 5087; x_wconf 87' lang='lat' dir='ltr'><strong>jussissc</strong></span> <span class='ocrx_word' id='word_1_674' title='bbox 1741 5020 1911 5078; x_wconf 89' lang='lat' dir='ltr'><strong>Deum</strong></span> <span class='ocrx_word' id='word_1_675' title='bbox 1967 5031 2029 5079; x_wconf 91' lang='lat' dir='ltr'><strong>ut</strong></span> 
     </span>
    </p>
   </div>
   <div class='ocr_carea' id='block_1_86' title="bbox 444 5087 2034 5178">
    <p class='ocr_par' dir='ltr' id='par_1_86' title="bbox 444 5087 2034 5178">
     <span class='ocr_line' id='line_1_86' title="bbox 444 5087 2034 5178; baseline 0.018 -34"><span class='ocrx_word' id='word_1_676' title='bbox 444 5087 620 5147; x_wconf 80' lang='lat' dir='ltr'><strong>Israel</strong></span> <span class='ocrx_word' id='word_1_677' title='bbox 643 5094 958 5154; x_wconf 80' lang='lat' dir='ltr'><strong>manufacta</strong></span> <span class='ocrx_word' id='word_1_678' title='bbox 999 5099 1378 5178; x_wconf 74' lang='lat' dir='ltr'><strong>imaginesque</strong></span> <span class='ocrx_word' id='word_1_679' title='bbox 1409 5107 1685 5176; x_wconf 84' lang='lat' dir='ltr'><strong>adoraret,</strong></span> <span class='ocrx_word' id='word_1_680' title='bbox 1713 5113 1912 5172; x_wconf 87' lang='lat' dir='ltr'><strong>audias</strong></span> <span class='ocrx_word' id='word_1_681' title='bbox 1944 5132 2034 5172; x_wconf 83' lang='lat' dir='ltr'><strong>ve-</strong></span> 
     </span>
    </p>
   </div>
   <div class='ocr_carea' id='block_1_87' title="bbox 446 5183 2028 5271">
    <p class='ocr_par' dir='ltr' id='par_1_87' title="bbox 446 5183 2028 5271">
     <span class='ocr_line' id='line_1_87' title="bbox 446 5183 2028 5271; baseline 0.017 -35"><span class='ocrx_word' id='word_1_682' title='bbox 446 5183 544 5238; x_wconf 83' lang='lat' dir='ltr'><strong>lim</strong></span> <span class='ocrx_word' id='word_1_683' title='bbox 579 5201 596 5239; x_wconf 85' lang='lat'><strong>:</strong></span> <span class='ocrx_word' id='word_1_684' title='bbox 633 5202 653 5236; x_wconf 83' lang='grc' dir='ltr'><strong>ι</strong></span> <span class='ocrx_word' id='word_1_685' title='bbox 679 5183 738 5241; x_wconf 87' lang='lat' dir='ltr'><strong>Si</strong></span> <span class='ocrx_word' id='word_1_686' title='bbox 767 5189 916 5244; x_wconf 84' lang='lat' dir='ltr'><strong>enim</strong></span> <span class='ocrx_word' id='word_1_687' title='bbox 943 5202 1120 5260; x_wconf 78' lang='lat' dir='ltr'><strong>esset,</strong></span> <span class='ocrx_word' id='word_1_688' title='bbox 1150 5196 1347 5269; x_wconf 88' lang='lat' dir='ltr'><strong>inquit,</strong></span> <span class='ocrx_word' id='word_1_689' title='bbox 1367 5216 1533 5271; x_wconf 87' lang='lat' dir='ltr'><strong>super</strong></span> <span class='ocrx_word' id='word_1_690' title='bbox 1555 5211 1782 5268; x_wconf 87' lang='lat' dir='ltr'><strong>terram,</strong></span> <span class='ocrx_word' id='word_1_691' title='bbox 1814 5221 1917 5261; x_wconf 84' lang='lat' dir='ltr'><strong>nec</strong></span> <span class='ocrx_word' id='word_1_692' title='bbox 1941 5223 2028 5264; x_wconf 87' lang='lat' dir='ltr'><strong>es-</strong></span> 
     </span>
    </p>
   </div>
   <div class='ocr_carea' id='block_1_88' title="bbox 447 5279 2028 5366">
    <p class='ocr_par' dir='ltr' id='par_1_88' title="bbox 447 5279 2028 5366">
     <span class='ocr_line' id='line_1_88' title="bbox 447 5279 2028 5366; baseline 0.015 -37"><span class='ocrx_word' id='word_1_693' title='bbox 447 5285 532 5332; x_wconf 88' lang='lat' dir='ltr'><strong>set</strong></span> <span class='ocrx_word' id='word_1_694' title='bbox 560 5279 844 5346; x_wconf 88' lang='lat' dir='ltr'><strong>sacerdos,</strong></span> <span class='ocrx_word' id='word_1_695' title='bbox 869 5296 995 5338; x_wconf 90' lang='lat' dir='ltr'><strong>cum</strong></span> <span class='ocrx_word' id='word_1_696' title='bbox 1049 5296 1239 5342; x_wconf 90' lang='lat' dir='ltr'><strong>essent</strong></span> <span class='ocrx_word' id='word_1_697' title='bbox 1289 5293 1606 5350; x_wconf 88' lang='lat' dir='ltr'><strong>sacerdotes</strong></span> <span class='ocrx_word' id='word_1_698' title='bbox 1633 5297 1727 5366; x_wconf 90' lang='lat' dir='ltr'><strong>qui</strong></span> <span class='ocrx_word' id='word_1_699' title='bbox 1765 5295 2028 5354; x_wconf 77' lang='lat' dir='ltr'><strong>oﬂ&#39;errent</strong></span> 
     </span>
    </p>
   </div>
   <div class='ocr_carea' id='block_1_89' title="bbox 448 5370 2026 5459">
    <p class='ocr_par' dir='ltr' id='par_1_89' title="bbox 448 5370 2026 5459">
     <span class='ocr_line' id='line_1_89' title="bbox 448 5370 2026 5459; baseline 0.015 -36"><span class='ocrx_word' id='word_1_700' title='bbox 448 5370 757 5428; x_wconf 86' lang='lat' dir='ltr'><strong>secundum</strong></span> <span class='ocrx_word' id='word_1_701' title='bbox 781 5371 953 5444; x_wconf 75' lang='lat' dir='ltr'><strong>legem</strong></span> <span class='ocrx_word' id='word_1_702' title='bbox 985 5394 1234 5450; x_wconf 84' lang='lat' dir='ltr'><strong>munera,</strong></span> <span class='ocrx_word' id='word_1_703' title='bbox 1266 5384 1362 5455; x_wconf 89' lang='lat' dir='ltr'><strong>qui</strong></span> <span class='ocrx_word' id='word_1_704' title='bbox 1392 5388 1694 5459; x_wconf 80' lang='lat' dir='ltr'><strong>exentplari</strong></span> <span class='ocrx_word' id='word_1_705' title='bbox 1730 5399 1785 5448; x_wconf 90' lang='lat' dir='ltr'><strong>et</strong></span> <span class='ocrx_word' id='word_1_706' title='bbox 1816 5392 2026 5447; x_wconf 80' lang='lat' dir='ltr'><strong>umbrae</strong></span> 
     </span>
    </p>
   </div>
   <div class='ocr_carea' id='block_1_90' title="bbox 2195 3621 3723 3700">
    <p class='ocr_par' dir='ltr' id='par_1_90' title="bbox 2195 3621 3723 3700">
     <span class='ocr_line' id='line_1_90' title="bbox 2195 3621 3723 3700; baseline 0.005 -26"><span class='ocrx_word' id='word_1_707' title='bbox 2195 3621 2299 3675; x_wconf 59' lang='grc' dir='ltr'>καί.</span> <span class='ocrx_word' id='word_1_708' title='bbox 2346 3621 2642 3676; x_wconf 85' lang='grc' dir='ltr'>Ἀκούσατε</span> <span class='ocrx_word' id='word_1_709' title='bbox 2690 3623 2743 3678; x_wconf 85' lang='grc' dir='ltr'><strong>τί</strong></span> <span class='ocrx_word' id='word_1_710' title='bbox 2792 3641 2957 3696; x_wconf 81' lang='grc' dir='ltr'>φησιν</span> <span class='ocrx_word' id='word_1_711' title='bbox 2993 3625 3022 3677; x_wconf 86' lang='grc' dir='ltr'><strong>ὁ</strong></span> <span class='ocrx_word' id='word_1_712' title='bbox 3057 3626 3287 3698; x_wconf 80' lang='grc' dir='ltr'>Κύριος·</span> <span class='ocrx_word' id='word_1_713' title='bbox 3327 3647 3346 3678; x_wconf 79' lang='grc' dir='ltr'><strong>ι</strong></span> <span class='ocrx_word' id='word_1_714' title='bbox 3387 3629 3602 3700; x_wconf 66' lang='grc' dir='ltr'><strong>Μωρνώ⁵</strong></span> <span class='ocrx_word' id='word_1_715' title='bbox 3637 3633 3723 3681; x_wconf 79' lang='grc' dir='ltr'>καὶ</span> 
     </span>
    </p>
   </div>
   <div class='ocr_carea' id='block_1_91' title="bbox 2124 3710 3723 3788">
    <p class='ocr_par' dir='ltr' id='par_1_91' title="bbox 2124 3710 3723 3788">
     <span class='ocr_line' id='line_1_91' title="bbox 2124 3710 3723 3788; baseline 0.006 -26"><span class='ocrx_word' id='word_1_716' title='bbox 2124 3710 2334 3779; x_wconf 75' lang='grc' dir='ltr'>τυφλοὶ,</span> <span class='ocrx_word' id='word_1_717' title='bbox 2363 3711 2395 3763; x_wconf 89' lang='grc' dir='ltr'><strong>ὀ</strong></span> <span class='ocrx_word' id='word_1_718' title='bbox 2420 3711 2625 3782; x_wconf 83' lang='grc' dir='ltr'>ὀμόσας</span> <span class='ocrx_word' id='word_1_719' title='bbox 2663 3715 2720 3766; x_wconf 84' lang='grc' dir='ltr'><strong>ὲν</strong></span> <span class='ocrx_word' id='word_1_720' title='bbox 2750 3713 2828 3784; x_wconf 80' lang='grc' dir='ltr'>τῷ</span> <span class='ocrx_word' id='word_1_721' title='bbox 2857 3713 2990 3785; x_wconf 80' lang='grc' dir='ltr'>ναῷ,</span> <span class='ocrx_word' id='word_1_722' title='bbox 3021 3715 3210 3785; x_wconf 85' lang='grc' dir='ltr'>ὀμνύει</span> <span class='ocrx_word' id='word_1_723' title='bbox 3247 3717 3307 3770; x_wconf 81' lang='grc' dir='ltr'><strong>ὲν</strong></span> <span class='ocrx_word' id='word_1_724' title='bbox 3333 3718 3511 3788; x_wconf 80' lang='grc' dir='ltr'>αύτῷ,</span> <span class='ocrx_word' id='word_1_725' title='bbox 3537 3721 3644 3772; x_wconf 71' lang='grc' dir='ltr'>καὶ</span> <span class='ocrx_word' id='word_1_726' title='bbox 3671 3724 3723 3774; x_wconf 79' lang='grc' dir='ltr'><strong>ἑν</strong></span> 
     </span>
    </p>
   </div>
   <div class='ocr_carea' id='block_1_92' title="bbox 2125 3803 3718 3884">
    <p class='ocr_par' dir='ltr' id='par_1_92' title="bbox 2125 3803 3718 3884">
     <span class='ocr_line' id='line_1_92' title="bbox 2125 3803 3718 3884; baseline 0.007 -28"><span class='ocrx_word' id='word_1_727' title='bbox 2125 3803 2203 3874; x_wconf 79' lang='grc' dir='ltr'>τῷ</span> <span class='ocrx_word' id='word_1_728' title='bbox 2229 3807 2616 3876; x_wconf 78' lang='grc' dir='ltr'>κατοικήσαντι</span> <span class='ocrx_word' id='word_1_729' title='bbox 2645 3807 2810 3862; x_wconf 78' lang='grc' dir='ltr'>αὐτόν</span> <span class='ocrx_word' id='word_1_730' title='bbox 2829 3825 2844 3841; x_wconf 90' lang='grc'><strong>·</strong></span> <span class='ocrx_word' id='word_1_731' title='bbox 2874 3809 2969 3862; x_wconf 78' lang='grc' dir='ltr'>καὶ</span> <span class='ocrx_word' id='word_1_732' title='bbox 2989 3811 3020 3863; x_wconf 87' lang='grc' dir='ltr'><strong>ὀ</strong></span> <span class='ocrx_word' id='word_1_733' title='bbox 3042 3805 3248 3878; x_wconf 80' lang='grc' dir='ltr'>ὀμόσας</span> <span class='ocrx_word' id='word_1_734' title='bbox 3282 3811 3348 3864; x_wconf 72' lang='grc' dir='ltr'><strong>ιν</strong></span> <span class='ocrx_word' id='word_1_735' title='bbox 3364 3811 3450 3881; x_wconf 75' lang='grc' dir='ltr'>τῷ</span> <span class='ocrx_word' id='word_1_736' title='bbox 3479 3813 3718 3884; x_wconf 72' lang='grc' dir='ltr'>οὐρανῷ,</span> 
     </span>
    </p>
   </div>
   <div class='ocr_carea' id='block_1_93' title="bbox 2125 3894 3718 3976">
    <p class='ocr_par' dir='ltr' id='par_1_93' title="bbox 2125 3894 3718 3976">
     <span class='ocr_line' id='line_1_93' title="bbox 2125 3894 3718 3976; baseline 0.008 -29"><span class='ocrx_word' id='word_1_737' title='bbox 2125 3894 2314 3966; x_wconf 80' lang='grc' dir='ltr'>ὀμνύει</span> <span class='ocrx_word' id='word_1_738' title='bbox 2345 3896 2403 3950; x_wconf 81' lang='grc' dir='ltr'><strong>ὲν</strong></span> <span class='ocrx_word' id='word_1_739' title='bbox 2448 3896 2527 3968; x_wconf 81' lang='grc' dir='ltr'>τῷ</span> <span class='ocrx_word' id='word_1_740' title='bbox 2569 3898 2744 3971; x_wconf 83' lang='grc' dir='ltr'>θρόνῳ</span> <span class='ocrx_word' id='word_1_741' title='bbox 2777 3899 2871 3954; x_wconf 81' lang='grc' dir='ltr'><strong>τοῦ</strong></span> <span class='ocrx_word' id='word_1_742' title='bbox 2905 3899 3040 3954; x_wconf 81' lang='grc' dir='ltr'>Θεοῦ</span> <span class='ocrx_word' id='word_1_743' title='bbox 3071 3901 3166 3956; x_wconf 79' lang='grc' dir='ltr'><strong>καί</strong></span> <span class='ocrx_word' id='word_1_744' title='bbox 3195 3902 3254 3954; x_wconf 82' lang='grc' dir='ltr'><strong>ὲν</strong></span> <span class='ocrx_word' id='word_1_745' title='bbox 3304 3902 3384 3973; x_wconf 84' lang='grc' dir='ltr'>τῷ</span> <span class='ocrx_word' id='word_1_746' title='bbox 3410 3904 3718 3976; x_wconf 70' lang='grc' dir='ltr'>καθημένῳ</span> 
     </span>
    </p>
   </div>
   <div class='ocr_carea' id='block_1_94' title="bbox 2126 3983 3717 4065">
    <p class='ocr_par' dir='ltr' id='par_1_94' title="bbox 2126 3983 3717 4065">
     <span class='ocr_line' id='line_1_94' title="bbox 2126 3983 3717 4065; baseline 0.009 -28"><span class='ocrx_word' id='word_1_747' title='bbox 2126 3983 2312 4038; x_wconf 70' lang='grc' dir='ltr'>ὶπάνω</span> <span class='ocrx_word' id='word_1_748' title='bbox 2349 3984 2538 4039; x_wconf 81' lang='grc' dir='ltr'>αὐτοῦ.</span> <span class='ocrx_word' id='word_1_749' title='bbox 2576 4006 2597 4039; x_wconf 74' lang='grc' dir='ltr'><strong>ι</strong></span> <span class='ocrx_word' id='word_1_750' title='bbox 2629 3988 2740 4043; x_wconf 76' lang='grc' dir='ltr'><strong>Καὶ</strong></span> <span class='ocrx_word' id='word_1_751' title='bbox 2786 3991 2816 4041; x_wconf 86' lang='grc' dir='ltr'><strong>ό</strong></span> <span class='ocrx_word' id='word_1_752' title='bbox 2865 3990 3083 4062; x_wconf 86' lang='grc' dir='ltr'>ὀμνύων</span> <span class='ocrx_word' id='word_1_753' title='bbox 3109 3993 3167 4046; x_wconf 82' lang='grc' dir='ltr'><strong>ὲν</strong></span> <span class='ocrx_word' id='word_1_754' title='bbox 3200 3993 3265 4064; x_wconf 76' lang='grc' dir='ltr'>τῇ</span> <span class='ocrx_word' id='word_1_755' title='bbox 3297 3992 3501 4060; x_wconf 80' lang='grc' dir='ltr'>εἰκόνι,</span> <span class='ocrx_word' id='word_1_756' title='bbox 3525 3995 3717 4065; x_wconf 75' lang='grc' dir='ltr'>ὀμνύει</span> 
     </span>
    </p>
   </div>
   <div class='ocr_carea' id='block_1_95' title="bbox 2126 4074 3034 4151">
    <p class='ocr_par' dir='ltr' id='par_1_95' title="bbox 2126 4074 3034 4151">
     <span class='ocr_line' id='line_1_95' title="bbox 2126 4074 3034 4151; baseline 0.008 -23"><span class='ocrx_word' id='word_1_757' title='bbox 2126 4074 2185 4133; x_wconf 61' lang='grc' dir='ltr'><strong>ἐν</strong></span> <span class='ocrx_word' id='word_1_758' title='bbox 2209 4074 2288 4146; x_wconf 83' lang='grc' dir='ltr'>τῷ</span> <span class='ocrx_word' id='word_1_759' title='bbox 2315 4076 2703 4148; x_wconf 73' lang='grc' dir='ltr'>εἰκονιζομένφ</span> <span class='ocrx_word' id='word_1_760' title='bbox 2727 4079 2818 4133; x_wconf 83' lang='grc' dir='ltr'>ὑπ’</span> <span class='ocrx_word' id='word_1_761' title='bbox 2842 4081 3034 4151; x_wconf 77' lang='grc' dir='ltr'>αὐτῆς.</span> 
     </span>
    </p>
   </div>
   <div class='ocr_carea' id='block_1_96' title="bbox 2197 4207 3721 4294">
    <p class='ocr_par' dir='ltr' id='par_1_96' title="bbox 2197 4207 3721 4294">
     <span class='ocr_line' id='line_1_96' title="bbox 2197 4207 3721 4294; baseline 0.008 -29"><span class='ocrx_word' id='word_1_762' title='bbox 2197 4212 2300 4283; x_wconf 83' lang='grc' dir='ltr'><strong>κβ¹.</strong></span> <span class='ocrx_word' id='word_1_763' title='bbox 2333 4212 2457 4265; x_wconf 82' lang='grc' dir='ltr'>Ὅτι</span> <span class='ocrx_word' id='word_1_764' title='bbox 2495 4211 2596 4282; x_wconf 72' lang='grc' dir='ltr'>μὶν</span> <span class='ocrx_word' id='word_1_765' title='bbox 2625 4207 2722 4266; x_wconf 78' lang='grc' dir='ltr'>οὖν</span> <span class='ocrx_word' id='word_1_766' title='bbox 2749 4214 2784 4285; x_wconf 79' lang='grc' dir='ltr'>ἠ</span> <span class='ocrx_word' id='word_1_767' title='bbox 2819 4213 3014 4286; x_wconf 81' lang='grc' dir='ltr'>σκηνὴ,</span> <span class='ocrx_word' id='word_1_768' title='bbox 3044 4217 3138 4270; x_wconf 72' lang='grc' dir='ltr'><strong>καὶ</strong></span> <span class='ocrx_word' id='word_1_769' title='bbox 3169 4218 3234 4271; x_wconf 81' lang='grc' dir='ltr'>τὸ</span> <span class='ocrx_word' id='word_1_770' title='bbox 3281 4220 3721 4294; x_wconf 64' lang='grc' dir='ltr'>καταπέτασμα,</span> 
     </span>
    </p>
   </div>
   <div class='ocr_carea' id='block_1_97' title="bbox 2127 4303 3721 4385">
    <p class='ocr_par' dir='ltr' id='par_1_97' title="bbox 2127 4303 3721 4385">
     <span class='ocr_line' id='line_1_97' title="bbox 2127 4303 3721 4385; baseline 0.007 -28"><span class='ocrx_word' id='word_1_771' title='bbox 2127 4304 2223 4359; x_wconf 77' lang='grc' dir='ltr'>καὶ</span> <span class='ocrx_word' id='word_1_772' title='bbox 2253 4304 2287 4374; x_wconf 77' lang='grc' dir='ltr'><strong>ἡ</strong></span> <span class='ocrx_word' id='word_1_773' title='bbox 2333 4303 2588 4368; x_wconf 64' lang='grc' dir='ltr'>κιϐωτὸς,</span> <span class='ocrx_word' id='word_1_774' title='bbox 2618 4305 2714 4358; x_wconf 66' lang='grc' dir='ltr'>καὶ</span> <span class='ocrx_word' id='word_1_775' title='bbox 2749 4305 3023 4376; x_wconf 79' lang='grc' dir='ltr'>τράπεζα,</span> <span class='ocrx_word' id='word_1_776' title='bbox 3061 4307 3156 4365; x_wconf 80' lang='grc' dir='ltr'>καὶ</span> <span class='ocrx_word' id='word_1_777' title='bbox 3201 4309 3379 4363; x_wconf 82' lang='grc' dir='ltr'>πάντα</span> <span class='ocrx_word' id='word_1_778' title='bbox 3428 4313 3504 4366; x_wconf 74' lang='grc' dir='ltr'>τὰ</span> <span class='ocrx_word' id='word_1_779' title='bbox 3541 4317 3610 4367; x_wconf 80' lang='grc' dir='ltr'><strong>ἐν</strong></span> <span class='ocrx_word' id='word_1_780' title='bbox 3657 4320 3721 4385; x_wconf 76' lang='grc' dir='ltr'>τῇ</span> 
     </span>
    </p>
   </div>
   <div class='ocr_carea' id='block_1_98' title="bbox 2130 4391 3723 4478">
    <p class='ocr_par' dir='ltr' id='par_1_98' title="bbox 2130 4391 3723 4478">
     <span class='ocr_line' id='line_1_98' title="bbox 2130 4391 3723 4478; baseline 0.007 -30"><span class='ocrx_word' id='word_1_781' title='bbox 2130 4398 2305 4468; x_wconf 75' lang='grc' dir='ltr'>σκηνῇ</span> <span class='ocrx_word' id='word_1_782' title='bbox 2327 4435 2340 4461; x_wconf 90' lang='grc'><strong>,</strong></span> <span class='ocrx_word' id='word_1_783' title='bbox 2377 4395 2588 4462; x_wconf 88' lang='grc' dir='ltr'>εἰκόνες</span> <span class='ocrx_word' id='word_1_784' title='bbox 2626 4391 2768 4469; x_wconf 72' lang='grc' dir='ltr'>ἦσαν</span> <span class='ocrx_word' id='word_1_785' title='bbox 2801 4437 2816 4463; x_wconf 92' lang='grc'><strong>,</strong></span> <span class='ocrx_word' id='word_1_786' title='bbox 2860 4397 2954 4452; x_wconf 73' lang='grc' dir='ltr'><strong>καὶ</strong></span> <span class='ocrx_word' id='word_1_787' title='bbox 2993 4397 3176 4465; x_wconf 88' lang='grc' dir='ltr'>τύποι,</span> <span class='ocrx_word' id='word_1_788' title='bbox 3205 4402 3300 4454; x_wconf 80' lang='grc' dir='ltr'>καὶ</span> <span class='ocrx_word' id='word_1_789' title='bbox 3340 4401 3482 4475; x_wconf 76' lang='grc' dir='ltr'>ἔργα</span> <span class='ocrx_word' id='word_1_790' title='bbox 3509 4407 3723 4478; x_wconf 75' lang='grc' dir='ltr'>χειρῶν</span> 
     </span>
    </p>
   </div>
   <div class='ocr_carea' id='block_1_99' title="bbox 2125 4486 3718 4570">
    <p class='ocr_par' dir='ltr' id='par_1_99' title="bbox 2125 4486 3718 4570">
     <span class='ocr_line' id='line_1_99' title="bbox 2125 4486 3718 4570; baseline 0.006 -28"><span class='ocrx_word' id='word_1_791' title='bbox 2125 4486 2628 4560; x_wconf 77' lang='grc' dir='ltr'>ἁνθρώπων,ᾶτινα</span> <span class='ocrx_word' id='word_1_792' title='bbox 2658 4493 3047 4559; x_wconf 82' lang='grc' dir='ltr'>προσεκυνεῖτο</span> <span class='ocrx_word' id='word_1_793' title='bbox 3085 4492 3192 4546; x_wconf 76' lang='grc' dir='ltr'>ὑπὸ</span> <span class='ocrx_word' id='word_1_794' title='bbox 3219 4495 3422 4558; x_wconf 66' lang='grc' dir='ltr'>παντὸς</span> <span class='ocrx_word' id='word_1_795' title='bbox 3453 4497 3718 4570; x_wconf 60' lang='grc' dir='ltr'>Ἰσραήλ·</span> 
     </span>
    </p>
   </div>
   <div class='ocr_carea' id='block_1_100' title="bbox 2126 4578 3723 4659">
    <p class='ocr_par' dir='ltr' id='par_1_100' title="bbox 2126 4578 3723 4659">
     <span class='ocr_line' id='line_1_100' title="bbox 2126 4578 3723 4659; baseline 0.005 -27"><span class='ocrx_word' id='word_1_796' title='bbox 2126 4578 2208 4633; x_wconf 77' lang='grc' dir='ltr'>ἐτι</span> <span class='ocrx_word' id='word_1_797' title='bbox 2255 4579 2314 4633; x_wconf 66' lang='grc' dir='ltr'><strong>δὶ</strong></span> <span class='ocrx_word' id='word_1_798' title='bbox 2357 4580 2454 4634; x_wconf 79' lang='grc' dir='ltr'>καὶ</span> <span class='ocrx_word' id='word_1_799' title='bbox 2503 4579 2580 4635; x_wconf 74' lang='grc' dir='ltr'>τὰ</span> <span class='ocrx_word' id='word_1_800' title='bbox 2627 4582 2908 4654; x_wconf 75' lang='grc' dir='ltr'>Χορουσὶμ</span> <span class='ocrx_word' id='word_1_801' title='bbox 2949 4583 3020 4637; x_wconf 75' lang='grc' dir='ltr'>τὰ</span> <span class='ocrx_word' id='word_1_802' title='bbox 3068 4584 3315 4652; x_wconf 78' lang='grc' dir='ltr'>γλυπτὰ,</span> <span class='ocrx_word' id='word_1_803' title='bbox 3353 4585 3494 4640; x_wconf 84' lang='grc' dir='ltr'>Θεοῦ</span> <span class='ocrx_word' id='word_1_804' title='bbox 3543 4606 3723 4659; x_wconf 75' lang='grc' dir='ltr'>προο-</span> 
     </span>
    </p>
   </div>
   <div class='ocr_carea' id='block_1_101' title="bbox 2127 4667 3721 4750">
    <p class='ocr_par' dir='ltr' id='par_1_101' title="bbox 2127 4667 3721 4750">
     <span class='ocr_line' id='line_1_101' title="bbox 2127 4667 3721 4750; baseline 0.004 -25"><span class='ocrx_word' id='word_1_805' title='bbox 2127 4671 2366 4742; x_wconf 77' lang='grc' dir='ltr'>τὰγματι</span> <span class='ocrx_word' id='word_1_806' title='bbox 2398 4667 2906 4744; x_wconf 70' lang='grc' dir='ltr'>κατεσκευασμένα,</span> <span class='ocrx_word' id='word_1_807' title='bbox 2933 4673 3135 4738; x_wconf 79' lang='grc' dir='ltr'>ἱκανῶς</span> <span class='ocrx_word' id='word_1_808' title='bbox 3155 4674 3564 4730; x_wconf 76' lang='grc' dir='ltr'>ἀποδέδεικται.</span> <span class='ocrx_word' id='word_1_809' title='bbox 3580 4681 3721 4750; x_wconf 63' lang='grc' dir='ltr'><strong>Φησὶ</strong></span> 
     </span>
    </p>
   </div>
   <div class='ocr_carea' id='block_1_102' title="bbox 2128 4758 3722 4833">
    <p class='ocr_par' dir='ltr' id='par_1_102' title="bbox 2128 4758 3722 4833">
     <span class='ocr_line' id='line_1_102' title="bbox 2128 4758 3722 4833; baseline 0.004 -19"><span class='ocrx_word' id='word_1_810' title='bbox 2128 4759 2238 4831; x_wconf 79' lang='grc' dir='ltr'><strong>γὰρ</strong></span> <span class='ocrx_word' id='word_1_811' title='bbox 2268 4762 2297 4814; x_wconf 90' lang='grc' dir='ltr'><strong>ὀ</strong></span> <span class='ocrx_word' id='word_1_812' title='bbox 2316 4758 2448 4823; x_wconf 83' lang='grc' dir='ltr'>Θεὸς</span> <span class='ocrx_word' id='word_1_813' title='bbox 2478 4758 2558 4829; x_wconf 84' lang='grc' dir='ltr'>τῷ</span> <span class='ocrx_word' id='word_1_814' title='bbox 2590 4761 2802 4833; x_wconf 73' lang='grc' dir='ltr'>Μωῦσῇ</span> <span class='ocrx_word' id='word_1_815' title='bbox 2823 4778 2836 4790; x_wconf 87' lang='grc'><strong>·</strong></span> <span class='ocrx_word' id='word_1_816' title='bbox 2860 4780 2878 4812; x_wconf 83' lang='grc' dir='ltr'><strong>ι</strong></span> <span class='ocrx_word' id='word_1_817' title='bbox 2901 4761 3064 4832; x_wconf 85' lang='grc' dir='ltr'>Ὅρα,</span> <span class='ocrx_word' id='word_1_818' title='bbox 3083 4763 3331 4832; x_wconf 87' lang='grc' dir='ltr'>ποιήσεις</span> <span class='ocrx_word' id='word_1_819' title='bbox 3360 4764 3546 4819; x_wconf 72' lang='grc' dir='ltr'>πάντα</span> <span class='ocrx_word' id='word_1_820' title='bbox 3576 4769 3722 4823; x_wconf 69' lang='grc' dir='ltr'>κατὰ</span> 
     </span>
    </p>
   </div>
   <div class='ocr_carea' id='block_1_103' title="bbox 2127 4847 3720 4921">
    <p class='ocr_par' dir='ltr' id='par_1_103' title="bbox 2127 4847 3720 4921">
     <span class='ocr_line' id='line_1_103' title="bbox 2127 4847 3720 4921; baseline 0.003 -19"><span class='ocrx_word' id='word_1_821' title='bbox 2127 4847 2221 4902; x_wconf 71' lang='grc' dir='ltr'>τὸν</span> <span class='ocrx_word' id='word_1_822' title='bbox 2250 4848 2419 4902; x_wconf 74' lang='grc' dir='ltr'>τύπον</span> <span class='ocrx_word' id='word_1_823' title='bbox 2453 4847 2547 4901; x_wconf 77' lang='grc' dir='ltr'>τὸν</span> <span class='ocrx_word' id='word_1_824' title='bbox 2577 4847 2856 4918; x_wconf 67' lang='grc' dir='ltr'>δειχθέντα</span> <span class='ocrx_word' id='word_1_825' title='bbox 2889 4849 3048 4902; x_wconf 66' lang='grc' dir='ltr'>σοιὶν</span> <span class='ocrx_word' id='word_1_826' title='bbox 3074 4848 3153 4919; x_wconf 83' lang='grc' dir='ltr'>τῷ</span> <span class='ocrx_word' id='word_1_827' title='bbox 3179 4849 3349 4921; x_wconf 62' lang='grc' dir='ltr'>δραι.»</span> <span class='ocrx_word' id='word_1_828' title='bbox 3380 4853 3599 4908; x_wconf 70' lang='grc' dir='ltr'>Ἄκουε</span> <span class='ocrx_word' id='word_1_829' title='bbox 3628 4857 3720 4910; x_wconf 69' lang='grc' dir='ltr'><strong>καὶ</strong></span> 
     </span>
    </p>
   </div>
   <div class='ocr_carea' id='block_1_104' title="bbox 2126 4937 3720 5018">
    <p class='ocr_par' dir='ltr' id='par_1_104' title="bbox 2126 4937 3720 5018">
     <span class='ocr_line' id='line_1_104' title="bbox 2126 4937 3720 5018; baseline 0.004 -27"><span class='ocrx_word' id='word_1_830' title='bbox 2126 4938 2222 4992; x_wconf 88' lang='grc' dir='ltr'><strong>τοῦ</strong></span> <span class='ocrx_word' id='word_1_831' title='bbox 2269 4937 2574 4992; x_wconf 76' lang='grc' dir='ltr'>ἀποστόλου</span> <span class='ocrx_word' id='word_1_832' title='bbox 2625 4938 2846 4993; x_wconf 82' lang='grc' dir='ltr'>Παύλου</span> <span class='ocrx_word' id='word_1_833' title='bbox 2907 4938 3347 5014; x_wconf 80' lang='grc' dir='ltr'>μαρτυροῦντος,</span> <span class='ocrx_word' id='word_1_834' title='bbox 3393 4942 3484 4996; x_wconf 79' lang='grc' dir='ltr'>ὃτι</span> <span class='ocrx_word' id='word_1_835' title='bbox 3532 4961 3720 5018; x_wconf 72' lang='grc' dir='ltr'>κειρο-</span> 
     </span>
    </p>
   </div>
   <div class='ocr_carea' id='block_1_105' title="bbox 2127 5028 3716 5104">
    <p class='ocr_par' dir='ltr' id='par_1_105' title="bbox 2127 5028 3716 5104">
     <span class='ocr_line' id='line_1_105' title="bbox 2127 5028 3716 5104; baseline 0.005 -21"><span class='ocrx_word' id='word_1_836' title='bbox 2127 5029 2324 5101; x_wconf 83' lang='grc' dir='ltr'>ποίητα</span> <span class='ocrx_word' id='word_1_837' title='bbox 2369 5029 2464 5084; x_wconf 68' lang='grc' dir='ltr'><strong>καί¹</strong></span> <span class='ocrx_word' id='word_1_838' title='bbox 2504 5028 2718 5093; x_wconf 82' lang='grc' dir='ltr'>εἰκόνας</span> <span class='ocrx_word' id='word_1_839' title='bbox 2762 5030 3093 5100; x_wconf 82' lang='grc' dir='ltr'>προσεκύνει</span> <span class='ocrx_word' id='word_1_840' title='bbox 3134 5031 3391 5104; x_wconf 77' lang='grc' dir='ltr'>Ἰσραὴλ,</span> <span class='ocrx_word' id='word_1_841' title='bbox 3426 5034 3526 5089; x_wconf 87' lang='grc' dir='ltr'><strong>τοῦ</strong></span> <span class='ocrx_word' id='word_1_842' title='bbox 3579 5036 3716 5090; x_wconf 77' lang='grc' dir='ltr'>Θεοῦ</span> 
     </span>
    </p>
   </div>
   <div class='ocr_carea' id='block_1_106' title="bbox 2125 5118 3717 5196">
    <p class='ocr_par' dir='ltr' id='par_1_106' title="bbox 2125 5118 3717 5196">
     <span class='ocr_line' id='line_1_106' title="bbox 2125 5118 3717 5196; baseline 0.004 -22"><span class='ocrx_word' id='word_1_843' title='bbox 2125 5119 2284 5174; x_wconf 82' lang='grc' dir='ltr'>τοῦτο</span> <span class='ocrx_word' id='word_1_844' title='bbox 2315 5118 2751 5190; x_wconf 79' lang='grc' dir='ltr'>προστάξαντος·</span> <span class='ocrx_word' id='word_1_845' title='bbox 2793 5137 2824 5173; x_wconf 69' lang='grc' dir='ltr'><strong>ι</strong></span> <span class='ocrx_word' id='word_1_846' title='bbox 2851 5119 2916 5174; x_wconf 83' lang='grc' dir='ltr'>Εἰ</span> <span class='ocrx_word' id='word_1_847' title='bbox 2969 5120 3072 5192; x_wconf 66' lang='grc' dir='ltr'><strong>μὲν</strong></span> <span class='ocrx_word' id='word_1_848' title='bbox 3115 5123 3226 5194; x_wconf 80' lang='grc' dir='ltr'><strong>γὰρ</strong></span> <span class='ocrx_word' id='word_1_849' title='bbox 3275 5119 3369 5194; x_wconf 80' lang='grc' dir='ltr'><strong>ἦν,</strong></span> <span class='ocrx_word' id='word_1_850' title='bbox 3391 5126 3594 5196; x_wconf 66' lang='grc' dir='ltr'>φησιν,</span> <span class='ocrx_word' id='word_1_851' title='bbox 3627 5130 3717 5180; x_wconf 68' lang='grc' dir='ltr'>ἐπὶ</span> 
     </span>
    </p>
   </div>
   <div class='ocr_carea' id='block_1_107' title="bbox 2126 5204 3718 5285">
    <p class='ocr_par' dir='ltr' id='par_1_107' title="bbox 2126 5204 3718 5285">
     <span class='ocr_line' id='line_1_107' title="bbox 2126 5204 3718 5285; baseline -0.001 -23"><span class='ocrx_word' id='word_1_852' title='bbox 2126 5209 2249 5279; x_wconf 82' lang='grc' dir='ltr'><strong>γῆς,</strong></span> <span class='ocrx_word' id='word_1_853' title='bbox 2279 5207 2390 5260; x_wconf 80' lang='grc' dir='ltr'><strong>οὐδ’</strong></span> <span class='ocrx_word' id='word_1_854' title='bbox 2414 5208 2480 5261; x_wconf 71' lang='grc' dir='ltr'><strong>ἂν</strong></span> <span class='ocrx_word' id='word_1_855' title='bbox 2495 5204 2566 5280; x_wconf 76' lang='grc' dir='ltr'><strong>ἦν</strong></span> <span class='ocrx_word' id='word_1_856' title='bbox 2584 5209 2786 5278; x_wconf 73' lang='grc' dir='ltr'>ἱερεὺς,</span> <span class='ocrx_word' id='word_1_857' title='bbox 2817 5207 2989 5262; x_wconf 67' lang='grc' dir='ltr'>όντων</span> <span class='ocrx_word' id='word_1_858' title='bbox 3007 5210 3203 5281; x_wconf 71' lang='grc' dir='ltr'>ἱερέων</span> <span class='ocrx_word' id='word_1_859' title='bbox 3230 5211 3345 5266; x_wconf 73' lang='grc' dir='ltr'>τῶν</span> <span class='ocrx_word' id='word_1_860' title='bbox 3371 5216 3718 5285; x_wconf 60' lang='lat' dir='ltr'><strong>rrth</strong></span> 
     </span>
    </p>
   </div>
   <div class='ocr_carea' id='block_1_108' title="bbox 2126 5297 3715 5375">
    <p class='ocr_par' dir='ltr' id='par_1_108' title="bbox 2126 5297 3715 5375">
     <span class='ocr_line' id='line_1_108' title="bbox 2126 5297 3715 5375; baseline 0.001 -21"><span class='ocrx_word' id='word_1_861' title='bbox 2126 5316 2234 5354; x_wconf 82' lang='grc' dir='ltr'>των</span> <span class='ocrx_word' id='word_1_862' title='bbox 2268 5297 2409 5353; x_wconf 82' lang='grc' dir='ltr'>κατὰ</span> <span class='ocrx_word' id='word_1_863' title='bbox 2440 5297 2532 5351; x_wconf 82' lang='grc' dir='ltr'><strong>τδν</strong></span> <span class='ocrx_word' id='word_1_864' title='bbox 2585 5299 2748 5370; x_wconf 88' lang='grc' dir='ltr'>νόμον</span> <span class='ocrx_word' id='word_1_865' title='bbox 2777 5300 2848 5352; x_wconf 84' lang='grc' dir='ltr'>τὰ</span> <span class='ocrx_word' id='word_1_866' title='bbox 2898 5298 3076 5370; x_wconf 77' lang='grc' dir='ltr'>δῶρα⁶</span> <span class='ocrx_word' id='word_1_867' title='bbox 3105 5298 3304 5365; x_wconf 78' lang='grc' dir='ltr'>οἵτινες</span> <span class='ocrx_word' id='word_1_868' title='bbox 3347 5303 3715 5375; x_wconf 70' lang='grc' dir='ltr'>ὕποδείγμστι</span> 
     </span>
    </p>
   </div>
   <div class='ocr_carea' id='block_1_109' title="bbox 2133 5389 3716 5463">
    <p class='ocr_par' dir='ltr' id='par_1_109' title="bbox 2133 5389 3716 5463">
     <span class='ocr_line' id='line_1_109' title="bbox 2133 5389 3716 5463; baseline 0.002 -18"><span class='ocrx_word' id='word_1_869' title='bbox 2133 5392 2230 5447; x_wconf 77' lang='grc' dir='ltr'>καὶ</span> <span class='ocrx_word' id='word_1_870' title='bbox 2268 5391 2396 5462; x_wconf 80' lang='grc' dir='ltr'>σκιᾷ</span> <span class='ocrx_word' id='word_1_871' title='bbox 2443 5389 2767 5460; x_wconf 81' lang='grc' dir='ltr'>λατρεύουσι</span> <span class='ocrx_word' id='word_1_872' title='bbox 2817 5390 2926 5445; x_wconf 85' lang='grc' dir='ltr'>τῶν</span> <span class='ocrx_word' id='word_1_873' title='bbox 2979 5391 3354 5463; x_wconf 69' lang='grc' dir='ltr'>ἐπουρανίων.</span> <span class='ocrx_word' id='word_1_874' title='bbox 3386 5393 3573 5458; x_wconf 73' lang='grc' dir='ltr'>καθὼς</span> <span class='ocrx_word' id='word_1_875' title='bbox 3627 5413 3716 5450; x_wconf 81' lang='grc' dir='ltr'>κε-</span> 
     </span>
    </p>
   </div>
   <div class='ocr_carea' id='block_1_110' title="bbox 525 5619 2013 5698">
    <p class='ocr_par' dir='ltr' id='par_1_110' title="bbox 525 5619 2013 5698">
     <span class='ocr_line' id='line_1_110' title="bbox 525 5619 2013 5698; baseline 0.012 -30"><span class='ocrx_word' id='word_1_876' title='bbox 525 5620 578 5698; x_wconf 75' lang='lat'><strong>&quot;_</strong></span> <span class='ocrx_word' id='word_1_877' title='bbox 607 5619 795 5674; x_wconf 79' lang='lat' dir='ltr'><strong>Matth.</strong></span> <span class='ocrx_word' id='word_1_878' title='bbox 829 5625 1167 5698; x_wconf 71' lang='lat' dir='ltr'><strong>xttt,_l(i,_l7.</strong></span> <span class='ocrx_word' id='word_1_879' title='bbox 1242 5629 1286 5698; x_wconf 55' lang='grc' dir='ltr'><strong>’ἒ</strong></span> <span class='ocrx_word' id='word_1_880' title='bbox 1321 5628 1486 5682; x_wconf 84' lang='lat' dir='ltr'><strong>lCur.</strong></span> <span class='ocrx_word' id='word_1_881' title='bbox 1522 5646 1644 5696; x_wconf 84' lang='lat' dir='ltr'><strong>xttt,</strong></span> <span class='ocrx_word' id='word_1_882' title='bbox 1679 5634 1762 5686; x_wconf 74' lang='lat' dir='ltr'><strong>l2.</strong></span> <span class='ocrx_word' id='word_1_883' title='bbox 1841 5634 1884 5664; x_wconf 79' lang='grc'>⁸³</span> <span class='ocrx_word' id='word_1_884' title='bbox 1911 5633 2013 5687; x_wconf 81' lang='lat' dir='ltr'><strong>Ger</strong></span> 
     </span>
    </p>
   </div>
   <div class='ocr_carea' id='block_1_111' title="bbox 2118 5619 3710 5698">
    <p class='ocr_par' dir='ltr' id='par_1_111' title="bbox 2137 5630 3710 5698">
     <span class='ocr_line' id='line_1_111' title="bbox 2137 5630 3710 5698; baseline 0.006 -14"><span class='ocrx_word' id='word_1_885' title='bbox 2137 5631 2229 5698; x_wconf 72' lang='lat'><strong>‘27.</strong></span> <span class='ocrx_word' id='word_1_886' title='bbox 2307 5632 2352 5663; x_wconf 82' lang='grc'><strong>⁹⁶</strong></span> <span class='ocrx_word' id='word_1_887' title='bbox 2392 5630 2527 5686; x_wconf 86' lang='lat' dir='ltr'><strong>Gen.</strong></span> <span class='ocrx_word' id='word_1_888' title='bbox 2560 5645 2714 5694; x_wconf 80' lang='grc' dir='ltr'>ιινιιι,</span> <span class='ocrx_word' id='word_1_889' title='bbox 2755 5632 2802 5685; x_wconf 77' lang='grc'><strong>1.</strong></span> <span class='ocrx_word' id='word_1_890' title='bbox 2883 5634 2925 5664; x_wconf 78' lang='grc'><strong>’⁸</strong></span> <span class='ocrx_word' id='word_1_891' title='bbox 2969 5632 3136 5687; x_wconf 74' lang='lat' dir='ltr'><strong>Exod.</strong></span> <span class='ocrx_word' id='word_1_892' title='bbox 3169 5647 3363 5698; x_wconf 77' lang='lat' dir='ltr'><strong>xuttt,</strong></span> <span class='ocrx_word' id='word_1_893' title='bbox 3394 5636 3449 5688; x_wconf 81' lang='lat'><strong>6.</strong></span> <span class='ocrx_word' id='word_1_894' title='bbox 3527 5635 3710 5694; x_wconf 70' lang='grc'><strong>³⁸181.</strong></span> 
     </span>
    </p>
   </div>
   <div class='ocr_carea' id='block_1_112' title="bbox 458 5685 1317 5760">
    <p class='ocr_par' dir='ltr' id='par_1_112' title="bbox 458 5685 1317 5760">
     <span class='ocr_line' id='line_1_112' title="bbox 458 5685 1317 5760; baseline 0.014 -24"><span class='ocrx_word' id='word_1_895' title='bbox 458 5700 532 5746; x_wconf 70' lang='lat' dir='ltr'><strong>vr,</strong></span> <span class='ocrx_word' id='word_1_896' title='bbox 563 5685 582 5736; x_wconf 77' lang='grc' dir='ltr'>ί</span> <span class='ocrx_word' id='word_1_897' title='bbox 619 5701 770 5754; x_wconf 81' lang='lat' dir='ltr'><strong>seqq.</strong></span> <span class='ocrx_word' id='word_1_898' title='bbox 861 5693 905 5722; x_wconf 65' lang='grc'>⁸³</span> <span class='ocrx_word' id='word_1_899' title='bbox 937 5685 1109 5747; x_wconf 79' lang='lat' dir='ltr'><strong>Exod.</strong></span> <span class='ocrx_word' id='word_1_900' title='bbox 1155 5711 1237 5760; x_wconf 85' lang='lat' dir='ltr'><strong>tu,</strong></span> 
     </span>
    </p>
   </div>
   <div class='ocr_carea' id='block_1_113' title="bbox 1395 5696 3602 5772">
    <p class='ocr_par' dir='ltr' id='par_1_113' title="bbox 1395 5696 3602 5772">
     <span class='ocr_line' id='line_1_113' title="bbox 1395 5696 3602 5772; baseline 0.005 -20"><span class='ocrx_word' id='word_1_901' title='bbox 1395 5699 1438 5729; x_wconf 74' lang='lat'><strong>“</strong></span> <span class='ocrx_word' id='word_1_902' title='bbox 1461 5699 1650 5755; x_wconf 85' lang='lat' dir='ltr'><strong>Matth.</strong></span> <span class='ocrx_word' id='word_1_903' title='bbox 1686 5717 1796 5767; x_wconf 69' lang='grc' dir='ltr'>χιιι,</span> <span class='ocrx_word' id='word_1_904' title='bbox 1825 5703 1872 5754; x_wconf 90' lang='grc'><strong>7.</strong></span> <span class='ocrx_word' id='word_1_905' title='bbox 1951 5700 2151 5761; x_wconf 79' lang='lat' dir='ltr'><strong>&quot;ibid,</strong></span> <span class='ocrx_word' id='word_1_906' title='bbox 2191 5696 2242 5755; x_wconf 88' lang='lat'><strong>8.</strong></span> <span class='ocrx_word' id='word_1_907' title='bbox 2320 5702 2366 5733; x_wconf 83' lang='lat'><strong>“</strong></span> <span class='ocrx_word' id='word_1_908' title='bbox 2395 5699 2585 5754; x_wconf 84' lang='lat' dir='ltr'><strong>Matth.</strong></span> <span class='ocrx_word' id='word_1_909' title='bbox 2614 5717 2768 5768; x_wconf 68' lang='grc' dir='ltr'>χχιιι,</span> <span class='ocrx_word' id='word_1_910' title='bbox 2815 5701 2998 5756; x_wconf 65' lang='lat'><strong>17-22.</strong></span> <span class='ocrx_word' id='word_1_911' title='bbox 3077 5704 3120 5736; x_wconf 81' lang='lat'><strong>&quot;</strong></span> <span class='ocrx_word' id='word_1_912' title='bbox 3155 5703 3323 5759; x_wconf 76' lang='lat' dir='ltr'><strong>Exod.</strong></span> <span class='ocrx_word' id='word_1_913' title='bbox 3351 5696 3482 5772; x_wconf 59' lang='lat' dir='ltr'><strong>an,</strong></span> <span class='ocrx_word' id='word_1_914' title='bbox 3510 5704 3602 5761; x_wconf 64' lang='grc'><strong>40.</strong></span> 
     </span>
    </p>
   </div>
  </div>
