3936 6174
567 185 630 243 ‘3
645 189 661 241 ι
676 186 709 245 9
1730 181 1798 238 S.
1820 178 2144 239 JOANNIS
2182 178 2610 240 DAMASLIENI
2762 218 2773 223 ι
3610 195 3698 263 1310

548 314 615 353 ac
665 306 851 353 cessat
935 295 1105 359 auio,
1166 293 1225 347 in
1302 292 1538 347 nihilum
1630 292 1840 348 abiens.
1909 292 2102 362 lnsupe

2164 300 2210 354 Α
2242 292 2335 345 καὶ
2368 293 2581 344 ἀσεϐῶν
2612 292 2707 344 ἀνθ
2717 292 2937 362 ρώπων,
2960 295 3053 346 xui
3081 297 3348 364 πετεινῶν,
3366 300 3450 352 xui.
3474 304 3702 379 κνιυδάλωι,

555 389 840 444 Christum
866 388 931 443 de
960 387 1234 441 Trinitate
1268 401 1435 443 unum
1465 399 1610 448 esse,
1655 384 1903 454 duasque
1957 386 2013 439 in
2068 400 2109 438 Cl

2239 384 2333 435 xui
2369 382 2613 453 ἑρπετῶν
2655 384 2867 446 εἰκόνας
2906 386 3101 449 ποιεῖν,
3144 385 3233 437 xu".
3269 385 3473 455 ταύταις
3506 392 3567 457 ὡς
3602 396 3701 465 θεοῖς

555 491 786 535 naturas
833 487 887 535 et
930 493 1092 532 unam
1146 490 1439 546 personam
1488 474 1806 547 prmdicat.]
1849 475 1955 530 Sed
2006 490 2109 531 cun

2240 474 2588 542 προσκυνεῖν,
2621 473 2680 524 οὐ
2720 473 2879 542 μόνον
2915 472 2983 525 τὰ
3023 472 3170 543 ἔθνη,
3203 470 3330 528 ἀλλά
3364 479 3449 529 καὶ
3476 481 3577 543 τοὺς
3604 486 3704 550 ubi;

547 571 799 624 veritatis
849 568 1223 631 adversarius,
1274 566 1672 633 hominumque
1716 564 1915 619 salutis
1951 563 2101 617 inimi

2251 561 2767 641 Ἰσραὴλοπολλάκις
2809 564 3111 633 πλανήσας,
3157 561 3245 615 νῦν
3298 565 3499 638 είρήνην
3542 570 3705 639 ἔχουσαν

549 678 675 727 cus,
708 678 814 715 non
858 668 1048 730 gentes
1084 660 1269 722 modo,
1290 657 1395 713 sed
1419 666 1472 711 et
1504 656 1769 726 ipsosmet
1800 655 1945 710 filios
1968 653 2103 709 lsrat

2239 652 2340 721 τὴν
2368 652 2462 705 τοῦ
2494 653 2731 724 Χριστοῦ
2769 654 3097 724 Ἐκκλησίαν
3129 658 3438 726 συνταράξαι
3463 661 3703 725 σπουδάζει·

551 767 930 822 smpeniiiiiero
963 750 1279 812 delusisset,
1314 756 1374 801 ut
1413 747 1725 802 daemonum
1752 755 1807 802 et
1836 746 2105 816 impiorun

2240 742 2328 795 διὰ
2382 744 2609 813 χειλέων
2664 745 2867 798 ἀδίκων
2935 748 3033 798 καὶ
3077 745 3313 814 γλώττης
3355 748 3546 814 δολίας,
3582 751 3704 821 λόγοις

549 844 858 907 hominum,
902 842 1186 895 volucrum
1224 852 1447 908 quoque
1486 852 1551 889 ac
1590 837 1920 903 belluarum,
1956 836 2100 906 repti

2240 831 2403 894 θείοις
2435 834 2538 905 τὴν
2569 835 2769 889 κακίαν
2796 836 3157 907 παραρτύων,
3185 838 3273 889 καὶ
3305 838 3485 908 ταῦτης
3513 841 3563 894 τὸ
3587 844 3702 913 ἀσχη-

548 936 797 1003 liumque
826 933 1161 986 fabricarent
1199 928 1494 998 imagines,
1532 943 1670 997 quas
1702 936 1964 997 tanquam
1998 929 2102 983 deo

2240 943 2340 996 μον
2377 927 2471 980 καὶ
2515 929 2790 983 σκοτεινὸν
2823 926 2967 993 εἶδος
3014 930 3394 985 ὲπικαλύπτειν
3430 938 3701 1007 πειρώμενος,

550 1026 869 1087 adorarent,
896 1038 1045 1076 nunc
1074 1020 1378 1074 Ecclesiam
1415 1018 1625 1072 Christi
1660 1019 1955 1087 tranquilla
1996 1033 2104 1088 paci

2240 1018 2336 1071 καὶ
2393 1018 2493 1081 τὰς
2544 1020 2775 1091 καρδίας
2806 1021 2915 1074 τῶν
2946 1023 3288 1093 ἀστηρίκτων
3330 1026 3545 1080 σαλεύειν
3571 1030 3620 1082 ἐκ
3640 1032 3703 1099 τῆς

550 1117 823 1171 fruentem
857 1113 1184 1183 perturbare
1220 1111 1421 1166 nititur
1458 1128 1469 1163 :
1507 1110 1581 1163 ita
1636 1118 1819 1164 tamen
1860 1117 1919 1162 ut
1971 1108 2100 1161 labii

1884 1117 1919 1162 It
1971 1108 2135 1162 labiis
2240 1109 2476 1180 ἀληθοῦς
2504 1112 2598 1165 καὶ
2630 1113 3121 1184 πατροπαραδότου
3153 1116 3438 1186 συνηθείας.

550 1209 757 1278 ίηίῳιίε
788 1205 1051 1273 cllingna
1100 1201 1332 1257 dolosa“
1364 1202 1633 1254 malitiam
1668 1200 1879 1256 divinis
1937 1199 2162 1257 condiat
2229 1202 2512 1271 eloquiis,
2586 1203 2851 1274 illiusque
2928 1203 3229 1262 deformem
3293 1212 3703 1284 tenebricosamque

550 1294 745 1354 faciem
792 1297 921 1351 fuco
966 1297 1180 1351 illinere
1229 1304 1470 1359 tentans,
1523 1293 1869 1348 infirmorum
1915 1293 2132 1347 animos
2171 1306 2201 1345 a
2234 1301 2383 1348 recta
2411 1301 2580 1365 atque
2611 1310 2639 1348 a
2673 1293 2935 1350 Patribus
2977 1306 3203 1366 accepta
3264 1301 3607 1359 consuetudine
3651 1305 3703 1357 di-

549 1399 783 1446 moveat.

619 1485 671 1537 2.
710 1481 971 1537 Nonnulli
1020 1481 1222 1550 quippe
1253 1484 1652 1541 surrexerunt,
1683 1484 2021 1539 asserentes,
2070 1490 2134 1530 ea

2323 1472 2389 1543 β’.
2442 1474 2775 1545 Ἀνέστησαν
2826 1474 2938 1546 γάρ
2990 1492 3138 1538 τινες
3186 1476 3455 1543 λέγοντες,
3490 1479 3551 1539 ὡς
3584 1483 3626 1534 οὗ
3655 1484 3704 1536 δεῖ

552 1594 677 1648 quae
720 1593 823 1647 pro
850 1586 1038 1631 nostra
1071 1575 1248 1628 salute
1276 1588 1303 1624 a
1337 1571 1560 1626 Christo
1598 1571 1950 1633 mirabiliter,
1990 1585 2106 1638 quae

2174 1626 2210 1648 η
2250 1563 2539 1627 εἰκονίζειν
2596 1567 2693 1618 xui.
2744 1568 3067 1637 προτιθέναι
3111 1568 3190 1630 είς
3241 1568 3456 1637 Θεωρίαν
3493 1572 3701 1637 καὶδόξαν

548 1626 655 1738 que
689 1626 955 1723 a‘sanctis
1004 1666 1221 1720 fortiter
1258 1672 1451 1718 contra
1482 1662 1759 1717 diabolum
1798 1668 1950 1731 gesta
1986 1670 2102 1714 sunt

2172 1626 2214 1703 Β
2244 1658 2341 1710 καὶ
2374 1656 2561 1727 θαῦμα
2588 1659 2682 1711 καὶ
2719 1626 2882 1729 ζῆλον
2910 1660 2983 1712 τὰ
3013 1659 3110 1712 τοῦ
3142 1626 3370 1732 ριστοῦ
3399 1626 3702 1734 σωτήρια

546 1760 864 1815 exhibenda
916 1758 969 1811 in
1006 1756 1341 1826 imaginibus
1392 1770 1499 1808 non
1534 1768 1677 1818 esse,
1714 1752 1767 1807 in
1808 1751 2006 1822 quibus
2047 1750 2100 1803 ill

2244 1748 2392 1817 ματά
2421 1764 2481 1800 τε
2517 1748 2612 1803 καὶ
2638 1749 2786 1819 πάθη
2807 1789 2821 1813 ,
2855 1750 2952 1802 καὶ
2977 1749 3077 1813 τὰς
3103 1749 3210 1803 τῶν
3246 1752 3406 1820 ἁγίων
3431 1755 3700 1825 ἀνδραγαθίας

560 1852 1027 1921 contemplemur,
1078 1856 1427 1912 veneremur,
1474 1846 1814 1900 admiremur
1868 1851 1925 1897 et
1961 1842 2114 1896 imite

2249 1839 2396 1892 κατὰ
2422 1839 2519 1907 τοῦ
2554 1840 2835 1921 διαβόλου.
2860 1842 2981 1895 Καὶ
3010 1842 3097 1906 τίς
3142 1842 3277 1913 ἔχων
3313 1845 3491 1912 γνῶσιν
3510 1847 3623 1900 θείαν
3642 1853 3700 1903 καὶ

554 1960 706 1997 mur.
749 1943 885 2009 Quis
918 1951 1100 1996 autem
1155 1940 1492 2009 cogitatione
1530 1938 1714 1991 divina
1765 1945 1816 1991 ct
1865 1934 2108 2004 spirittral

2242 1930 2458 1983 σύνεσιν
2500 1932 2920 2001 πνευματικὴν,
2976 1922 3490 2001 οὼι”ὲπιγινώσκει,
3524 1937 3587 1988 ὅτι
3618 1939 3698 1989 ὑπο-

553 2037 921 2107 intelligentia
962 2035 1228 2098 imbutus,
1277 2032 1330 2087 id
1381 2038 1709 2100 suggerente
1767 2028 1989 2083 diabolo
2026 2042 2107 2081 no:

2244 2022 2376 2094 ϐολὴ
2398 2023 2493 2076 τοῦ
2534 2024 2788 2078 διαϐόλου
2837 2026 3033 2093 ὲστίν;
3076 2028 3137 2080 οὐ
3189 2028 3325 2080 θέλει
3368 2029 3463 2098 γὰρ
3493 2028 3571 2099 τὴν
3590 2025 3697 2099 ἧτταν

552 2138 825 2200 agnoscat
850 2126 1171 2182 inventum?
1204 2124 1390 2195 Neque
1421 2123 1569 2177 enim
1614 2122 1709 2177 ille
1734 2119 1949 2176 cladem
1983 2118 2106 2188 igno

2240 2116 2337 2170 καὶ
2379 2116 2478 2186 τὴν
2525 2117 2791 2189 αἰσχύνην
2840 2118 3011 2172 αὑτοῦ
3046 2119 3475 2189 δημοσιεύεσθαι,
3518 2122 3609 2175 οὐδὲ
3636 2125 3696 2193 τὴν

548 2220 889 2288 miniamque
916 2232 1072 2273 suam
1093 2217 1146 2270 in
1166 2216 1413 2271 omnium
1441 2220 1738 2281 ceiispectu
1760 2210 1973 2265 traduci
1990 2208 2102 2279 pati

2237 2205 2331 2260 τοῦ
2359 2206 2493 2261 Θεοῦ
2521 2208 2613 2267 καὶ
2649 2208 2757 2261 τῶν
2797 2208 2973 2278 ἁγίων
3045 2210 3210 2263 αὑτοῦ
3255 2210 3406 2275 δόξαν
3445 2212 3696 2281 ἀνάγραπτον

550 2320 661 2373 tur,
698 2322 801 2361 nec
832 2305 924 2361 Dei
957 2312 1386 2371 sanctorumque
1415 2303 1538 2372 ejus
1568 2301 1800 2371 gloriam
1834 2297 2101 2354 celebrari

2238 2297 2510 2365 γίνεσθαι.
2543 2298 2605 2350 Et
2644 2298 2745 2367 μὲν
2777 2298 2885 2371 γάρ
2914 2297 3013 2353 τοῦ
3056 2298 3195 2353 Θεοῦ
3232 2300 3321 2354 τοῦ
3357 2302 3550 2373 ἀοράτου
3577 2304 3693 2355 elati:

552 2402 613 2452 In
647 2398 799 2465 gravi
832 2396 1055 2468 quidem
1093 2411 1446 2451 versaremur
1474 2409 1691 2459 errore,
1717 2394 1763 2448 si
1811 2392 1897 2449 vel
1936 2391 2105 2447 invisi

2238 2389 2533 2458 ἐποιοῦμεν
2553 2428 2568 2454 ,
2615 2390 2785 2453 ὅντως
2831 2392 2865 2461 ἡ
2874 2408 2948 2459 μα
2959 2391 3225 2461 ρτάνομεν
3244 2407 3257 2420 ·
3300 2392 3523 2445 ἀδύνατον
3560 2394 3636 2461 γάρ
3661 2393 3696 2445 τὸ

548 2492 683 2546 bilis
714 2489 811 2545 Dei
846 2490 1156 2544 faceremus
1206 2488 1504 2558 imaginem
1536 2503 1549 2550 ;
1585 2485 1849 2556 quoniam
1898 2484 1951 2539 id
1987 2499 2102 2553 quo

2238 2479 2534 2551 ἀσώματον
2569 2480 2665 2535 καὶ
2687 2483 3103 2552 ἀσχημάτιστον
3130 2484 3220 2537 xui
3248 2484 3454 2555 ἀόρατον
3487 2485 3560 2537 καὶ
3578 2484 3694 2553 ἀπερί-

550 2585 935 2652 incorporeum
974 2587 1080 2647 est,
1107 2595 1207 2635 nec
1236 2579 1471 2643 visibile,
1512 2592 1612 2632 nec
1628 2575 2104 2644 circumscriptum

2237 2590 2506 2646 γραπτον,
2543 2575 2935 2644 εἰκονισθῆναι.
2981 2576 3093 2629 Καὶ
3124 2576 3285 2628 πάλιν
3307 2617 3321 2641 ,
3349 2577 3392 2628 εί
3420 2576 3450 2629 ἀ
3474 2574 3693 2643 ἐποιοῦμεν,

552 2688 654 2728 nec
686 2653 999 2741 figuratum,
1043 2668 1221 2740 effingi
1254 2684 1483 2739 prorsus
1534 2667 1752 2737 nequit.
1796 2667 1908 2721 Nec
1959 2667 2105 2720 mino

2238 2668 2396 2731 θεοὺς
2424 2666 2708 2739 ἡγούμεθα
2736 2710 2750 2731 ,
2787 2669 2882 2721 xui.
2918 2668 2997 2732 ὡς
3040 2668 3181 2731 θεοῖς
3207 2668 3557 2740 έλατρεύομεν,
3586 2668 3694 2728 ὄντος

554 2761 697 2819 foret
729 2762 1001 2834 impietas,
1030 2760 1078 2815 si
1100 2761 1401 2815 deliueatas
1432 2773 1461 2812 a
1490 2758 1652 2813 nobis
1683 2758 1966 2811 hominum
2002 2757 2107 2810 ima

2237 2759 2546 2847 ὴσεόοῦμεν
2571 2775 2586 2789 ο
2638 2757 2752 2811 ἀλλ’
2787 2758 2941 2811 οὐδὲν
2982 2759 3191 2812 τούτων
3226 2760 3484 2830 ποιοῦμεν.
3510 2758 3611 2812 Θεοῦ
3628 2759 3696 2827 γὰρ

553 2858 711 2927 gines
736 2853 1139 2908 arbitraremur
1167 2867 1293 2907 esse
1327 2850 1483 2913 deos,
1511 2852 1707 2919 eisque
1735 2857 1999 2918 tanquam
2028 2848 2103 2903 dii

2241 2848 2633 2920 σαρκωθέντος
2667 2850 2763 2903 καὶ
2804 2848 3074 2916 ὀφθέντος
3110 2852 3201 2904 ἐπὶ
3232 2852 3328 2922 τῆς
3353 2851 3446 2921 γῆς
3483 2851 3620 2921 σειραὶ,
3639 2850 3694 2902 καὶ

554 2944 774 2998 divinos
808 2943 1047 2999 honores
1079 2942 1466 3012 ponderemus.
1491 2942 1561 2993 At
1587 2940 1727 2995 nihil
1760 2942 1868 2995 tale
1889 2940 2104 2995 admitti

2163 2958 2205 3015 (ς
2243 2939 2556 3010 ἀνθρώποις
2583 2942 3132 3012 συναναστραφέντος
3161 2943 3227 2996 δι’
3248 2943 3437 3012 ἄφατον
3459 2942 3692 3011 ἀγαθότητε.

550 3050 678 3090 mus
715 3052 729 3089 :
764 3049 979 3101 verum,
1013 3032 1235 3106 quando
1268 3033 1414 3088 Deus
1452 3045 1549 3103 pro
1576 3029 1943 3087 inenarrabili
1976 3031 2102 3085 boni

2236 3033 2331 3085 xui.
2360 3031 2543 3100 φύσιν,
2569 3032 2664 3084 καὶ
2691 3032 2885 3102 πάχος,
2917 3035 3020 3087 καὶ
3048 3036 3252 3105 σχῆμα,
3292 3034 3380 3088 καὶ
3424 3033 3579 3105 χρῶμα
3612 3047 3692 3101 cap-

550 3131 661 3180 tate
692 3141 793 3179 sua
826 3126 1001 3181 factus
1038 3133 1124 3179 est
1158 3140 1311 3190 caro,
1362 3132 1417 3180 et
1466 3139 1633 3179 carne
1680 3125 1735 3178 in
1783 3126 1950 3180 terris
1982 3126 2103 3180 visu

2237 3120 2332 3183 κὸς
2363 3119 2753 3187 ἀναλαϐόντος,
2786 3125 2886 3193 τὴν
2933 3123 3127 3177 εἰκόνα
3179 3123 3437 3185 ποιοῦντες
3471 3122 3521 3174 0-3
3541 3120 3693 3189 mm

550 3224 657 3281 est,
690 3224 743 3270 et
772 3232 894 3269 cum
927 3216 1243 3271 hominibus
1280 3224 1643 3270 conversatus
1675 3222 1758 3269 est
1785 3216 1827 3279 ’,
1860 3224 2104 3269 naturam

2135 3243 2142 3254 -
2243 3210 2403 3281 μεθα.
2436 3211 2723 3281 Ποθοῦμεν
2762 3212 2872 3284 γὰρ
2920 3214 3095 3268 αὐτοῦ
3142 3214 3269 3268 [δεῖν
3300 3215 3384 3267 τὸν
3430 3211 3689 3284 χαρακτῆρα·

553 3321 663 3373 que
717 3314 993 3369 nostram,
1045 3320 1261 3359 necnon
1307 3305 1760 3375 spissitudinem,
1795 3314 1849 3360 et
1885 3308 2107 3375 figuram

2136 3349 2139 3363 ,
2238 3302 2314 3365 ὡς
2345 3302 2454 3374 γάρ
2489 3320 2655 3375 φησιν
2699 3306 2728 3357 ὁ
2776 3305 2918 3370 θεῖος
2963 3307 3321 3373 ’Λπόστολος,
3360 3326 3378 3359 ι
3421 3306 3496 3359 ἐν
3529 3305 3690 3370 mmo

553 3402 612 3447 et
645 3394 882 3447 colorem
924 3396 1110 3448 carnis
1149 3397 1468 3464 assumpsit,
1510 3411 1858 3466 nequaquam
1907 3398 2103 3451 aberra

2241 3392 2337 3445 καὶ
2368 3394 2427 3446 ὲν
2458 3394 2742 3464 αἰνίγματι
2770 3396 2869 3449 νῦν
2899 3396 3195 3469 βλέπομεν.
3233 3417 3252 3452 ι
3285 3399 3386 3452 Καὶ
3410 3395 3604 3450 είκὼνδὲ
3642 3392 3689 3442 fs-

555 3497 701 3548 mus,
732 3483 853 3551 ejus
903 3483 1200 3553 imaginem
1252 3485 1635 3554 exprimendo.
1683 3484 1941 3539 Formam
1991 3488 2109 3541 enin

2134 3516 2137 3539 ι
2249 3486 2458 3555 οπτρόν
2491 3486 2609 3539 ἔστι
2645 3488 2741 3540 καὶ
2768 3487 3024 3559 αἴνιγμα,
3063 3490 3300 3561 ἁρμόζον
3326 3493 3388 3561 τῇ
3430 3488 3506 3541 τοῦ
3526 3484 3688 3553 σῦμαως

556 3575 705 3628 illius
752 3575 938 3629 videre
982 3584 1364 3645 peroptamus.
1402 3573 1559 3637 Nam,
1603 3584 1663 3629 ut
1692 3576 1768 3630 ait
1796 3577 2097 3646 Apostolus

2238 3578 2272 3647 η
2283 3577 2399 3648 μῶν
2434 3578 2710 3651 παχύτητι
2735 3596 2752 3613 ο
2800 3581 2972 3636 πολλά
2993 3583 3109 3653 γὰρ
3138 3585 3352 3653 κάμνων
3378 3585 3403 3636 ό
3427 3581 3544 3646 νοῦς,
3573 3581 3615 3633 οὐ
3636 3578 3687 3631 δύ-

567 3679 589 3711 ¢
621 3662 882 3720 Videmus
927 3680 1074 3719 nunc
1120 3665 1175 3719 in
1225 3666 1449 3736 speculo
1482 3674 1536 3720 et
1583 3665 1638 3720 in
1674 3666 1963 3737 arnigmate
2001 3667 2067 3721 ¹⁹.
2112 3686 2121 3719 ι

2130 3700 2131 3703 η
2239 3684 2403 3723 ναται
2433 3668 2663 3741 ἐκϐῆναι
2708 3671 2778 3725 τά
2807 3674 3101 3743 σωματικά
3120 3714 3136 3740 ,
3172 3674 3334 3744 φησὶν
3365 3675 3394 3728 ὁ
3416 3672 3533 3734 θεῖος
3552 3667 3684 3739 rm-

551 3751 726 3808 f’orro
783 3754 965 3825 imago
1020 3762 1106 3809 est
1159 3755 1443 3825 speculum
1481 3762 1534 3809 et
1588 3756 1841 3825 aenigma,
1887 3756 2135 3826 corporis
2240 3777 2379 3832 ριος.

554 3846 732 3901 nostri
773 3846 1130 3903 crassitudini
1183 3847 1542 3902 conveniens.
1578 3845 1947 3913 Quantumvis
1996 3847 2143 3903 enim
2186 3869 2341 3910 mens
2375 3866 2565 3911 nostra
2593 3857 2860 3923 enitatur,
2890 3855 3058 3931 3&8
3081 3870 3143 3915 ea
3171 3874 3290 3929 quae
3345 3868 3562 3927 corporea
3612 3857 3685 3905 sunt

554 3935 831 3990 transilire
875 3935 1199 4005 neutiquam
1230 3943 1433 4005 potest,
1472 3943 1533 3989 ut
1561 3936 1780 3990 divinus
1810 3936 1887 3988 ait
1917 3933 2217 4007 Gregorius
2256 3942 2323 3995 “.

622 4024 676 4079 5.
709 4026 894 4095 Apage
947 4034 1033 4092 te,
1075 4040 1108 4079 ο
1144 4027 1328 4111 invide
1380 4026 1620 4080 diabole.
1681 4024 1851 4081 Nobis
1916 4026 2136 4081 invides

2127 4044 2136 4081 ι
2308 4038 2378 4101 γ’.
2432 4033 2496 4085 Ὢ
2526 4033 2636 4087 ἀπὸ
2686 4035 2805 4099 σοῦ,
2840 4035 3071 4107 φθονερὲ
3127 4036 3332 4092 suam
3355 4051 3367 4064 ⁶
3412 4034 3581 4104 φθονεῖς
3609 4031 3681 4100 ἡμῖν

553 4117 699 4185 quod
732 4115 948 4169 Domini
979 4117 1158 4171 nostri
1182 4124 1547 4171 contueamur
1573 4115 1825 4187 effigiem,
1849 4131 1948 4185 per
1967 4130 2107 4187 quau

2128 4134 2133 4169 ι
2243 4122 2372 4176 ίδεῖν
2401 4124 2464 4177 τὺ
2489 4124 2585 4179 τοῦ
2627 4126 2903 4179 Δεσπότου
2939 4126 3100 4197 ἡμῶν
3127 4128 3385 4199 ὁμοίωμα,
3413 4127 3493 4179 καὶ
3515 4124 3567 4176 δι’
3586 4117 3682 4174 αὐτώ

554 4208 932 4262 sanctimonia:
976 4219 1264 4278 compotes
1304 4208 1625 4263 efﬁciamur.
1682 4207 1899 4262 lnvides
1945 4208 2108 4262 nobis

2129 4252 2131 4264 .
2238 4215 2563 4287 ἁγιασθῆναι
2588 4232 2604 4248 ·
2638 4217 2733 4271 καὶ
2770 4218 2898 4272 ἰδεῖν
2928 4219 3099 4273 αὐτοῦ
3125 4220 3194 4273 τὰ
3224 4220 3447 4289 σωτήρια
3478 4214 3611 4282 πάθη,
3632 4209 3683 4264 καί

553 4299 703 4369 quod
740 4301 1245 4371 salutaremipsius
1279 4300 1593 4371 passionem
1621 4310 2005 4366 contueamur,
2040 4300 2107 4355 de

2129 4331 2136 4340 -
2235 4307 2541 4378 θαυμάζειν
2590 4309 2755 4362 αὐτοῦ
2815 4310 2917 4381 τὴν
2962 4311 3396 4380 ’συγκατάσασιν,
3439 4307 3515 4362 καὶ
3537 4302 3683 4373 θεωρεῖν

554 4405 813 4446 scensum
836 4390 903 4445 ad
932 4407 1032 4446 nos
1064 4392 1352 4458 miremur,
1376 4391 1641 4445 miracula
1669 4392 2108 4460 contemplemur

2128 4436 2129 4445 η
2168 4454 2207 4473 ἢ
2237 4397 2401 4450 αὐτοῦ
2434 4399 2502 4451 τὰ
2536 4398 2813 4473 θαύματα,
2854 4400 2947 4455 καὶ
2982 4400 3375 4471 ἐπιγινώσκειν,
3419 4400 3497 4451 καὶ
3524 4391 3682 4456 δοξάζειν

552 4482 785 4551 ejusque
823 4482 1129 4537 divinitatis
1175 4486 1477 4552 potentiam
1523 4476 1913 4553 agnoscamus,
1938 4492 1992 4538 et
2019 4485 2104 4537 col

2128 4514 2135 4524 -
2168 4454 2211 4506 D
2238 4487 2405 4541 αὐτοῦ
2441 4487 2535 4560 τὴν
2559 4454 2659 4559 τῆς
2680 4454 2937 4561 θεότητος
2968 4454 3221 4562 δύναμιν.
3248 4454 3445 4550 Movet;
3464 4487 3552 4546 τοίς

554 4573 862 4629 laudemus.
922 4574 1140 4629 Sanctis
1190 4574 1403 4629 invides
1448 4576 1709 4628 collatum
1758 4576 1893 4645 ipsis
1942 4591 1971 4629 a
2030 4574 2108 4629 Dei

2128 4592 2139 4629 ι
2234 4581 2336 4651 τῆς
2364 4582 2524 4651 παρά
2555 4580 2691 4634 Θεοῦ
2727 4581 3021 4654 δεδομένης
3060 4584 3242 4647 αὐτοῖς
3282 4581 3449 4651 τιμῆς.
3486 4578 3546 4630 03
3575 4571 3682 4628 θέλεις

554 4666 843 4731 honorem,
890 4664 1229 4735 descriptam
1262 4682 1453 4721 eorum
1499 4666 1731 4738 gloriam
1766 4682 1796 4721 a
1827 4667 1985 4721 nobis
2014 4683 2108 4736 per

2130 4698 2139 4708 -
2232 4672 2368 4743 όρᾷν
2400 4674 2548 4745 ἡμᾶς
2576 4672 2677 4744 τὴν
2724 4672 2907 4728 αὐτῶν
2948 4674 3110 4741 δόξαν
3157 4675 3503 4745 ἀνάγραπτον,
3535 4666 3602 4719 καὶ
3629 4659 3684 4725 (fr

555 4760 697 4829 spici
749 4774 856 4813 non
913 4758 1085 4826 sinis,
1123 4774 1191 4813 ne
1229 4758 1490 4814 virtutem
1541 4759 1788 4829 ipsorum
1846 4772 1910 4813 ac
1974 4761 2109 4813 fideli

2127 4778 2133 4813 ι
2232 4764 2413 4828 λωτᾶς
2481 4764 2735 4833 γενέσθαι
2804 4766 2907 4835 τῆς
2976 4768 3158 4821 αὐτῶν
3229 4765 3455 4838 ἀνδρείας
3512 4757 3582 4814 καὶ
3629 4751 3681 4804 vi

553 4851 899 4906 aunulemur.
935 4848 1104 4906 Ferre
1140 4866 1249 4905 non
1300 4861 1478 4922 potes,
1528 4861 1776 4906 nostram
1832 4866 1959 4923 erga
2011 4851 2104 4905 illo

2126 4868 2136 4906 ι
2236 4872 2426 4919 στεως.
2476 4859 2550 4910 UO
2599 4857 2789 4929 φέρεις
2836 4859 2936 4931 τὴν
2983 4864 3047 4913 ὲκ
3092 4862 3190 4931 τῆς
3226 4862 3301 4925 εἰς
3326 4856 3496 4918 αὐτοὺς
3529 4850 3680 4903 πίστεως

555 4945 741 5004 fidem,
794 4948 907 4997 tum
941 4943 1181 5012 corpori,
1226 4954 1338 4995 tum
1375 4944 1559 4997 animo
1606 4942 1891 5012 prodesse.
1935 4942 2003 4995 At
2034 4943 2109 4995 till

2122 4944 2134 4994 i
2239 4950 2682 5020 προσγενομένην
2737 4950 2868 5022 ἡμῖν
2923 4954 3243 5023 σωματικήν
3297 4967 3352 5003 τε
3403 4947 3485 5002 καὶ
3526 4936 3676 5012 ψυχίιῆν

552 5048 664 5091 non
696 5033 1086 5103 obsequemur,
1111 5048 1143 5087 ο
1165 5033 1379 5087 daemon
1401 5033 1582 5089 invide
1598 5041 1651 5088 et
1681 5048 1807 5087 osor
1823 5034 2103 5087 hominum

2122 5075 2126 5088 .
2237 5039 2525 5108 ὠφέλειαν.
2586 5043 2659 5094 Οὐ
2713 5043 3017 5113 πειθόμεθά
3054 5062 3155 5110 σοι,
3204 5045 3381 5113 δαῖμον
3420 5032 3597 5108 φθανερὲ
3625 5026 3676 5080 καὶ

566 5127 777 5192 Audite,
847 5128 1061 5200 populi,
1112 5128 1314 5194 tribus,
1369 5128 1589 5199 linguae,
1662 5128 1785 5190 viri,
1848 5127 2120 5192 mulieres,

2118 5168 2131 5193 ι
2244 5132 2620 5203 μισάνθρωπε.
2664 5134 2979 5203 Ἀκούσατε,
3009 5137 3159 5200 λαοὶ,
3182 5137 3358 5207 φυλαὶ,
3388 5119 3672 5207 γλῶσσαιοῆ

556 5220 739 5291 pueri,
773 5221 1178 5286 adolescentes,
1209 5220 1466 5286 infantes,
1492 5236 1625 5291 gens
1655 5229 1845 5273 sancta
1873 5218 2110 5273 Christia

2119 5247 2136 5258 ·
2240 5220 2386 5291 δρες,
2421 5226 2697 5290 γυναῖκες,
2748 5225 2960 5291 παῖδες,
2993 5204 3305 5298 πρεσσόται,
3350 5204 3672 5276 νειιινίσ·ιιοι.ιαὶ

554 5328 751 5368 norum
788 5329 803 5369 :
837 5312 892 5367 Si
942 5314 1068 5384 quis
1114 5314 1267 5369 vobis
1307 5314 1787 5383 evangelizaverit,
1840 5320 2038 5383 praeter
2080 5313 2108 5365 ἰι

2116 5310 2134 5363 l
2244 5315 2437 5383 νήπια,
2463 5315 2525 5369 τὸ
2548 5315 2703 5380 ἔθνος
2732 5318 3079 5389 Χριστιανῶν
3124 5318 3182 5371 τὸ
3213 5318 3356 5386 ἅγιον
3377 5329 3389 5342 ⁸
3418 5312 3462 5366 εί
3482 5324 3548 5371 τις

555 5405 702 5472 quod
725 5381 972 5460 Ecclesia
1000 5414 1193 5462 sancta
1222 5381 1518 5473 catholica,
1549 5420 1578 5460 a
1610 5405 1817 5462 sanctis
1841 5381 2104 5475 apostolis

2118 5444 2127 5469 ι
2239 5381 2519 5477 γέλίξεται
2553 5408 2700 5478 ὑμᾶς
2730 5381 2861 5480 παρ’
2896 5410 2926 5463 ὃ
2964 5381 3271 5483 παρέλαϐεν
3308 5410 3339 5479 ἡ
3369 5404 3479 5474 ἀγία
3501 5381 3672 5451 καθολιή

544 5631 556 5640 .
628 5582 650 5614 ⁸
670 5582 818 5641 Psal.
846 5601 993 5653 αλιι,
1027 5588 1081 5641 2.
1157 5589 1178 5621 ⁹
1210 5587 1426 5646 Baruch
1458 5602 1545 5648 ut.
1565 5588 1654 5645 38.
1763 5590 1805 5621 ¹⁰
1834 5588 1853 5643 ι
1882 5587 2009 5647 Cor.
2032 5604 2098 5650 xi:

1834 5588 1853 5643 ι
1882 5587 2009 5647 Cor.
2032 5604 2155 5662 xm,
2190 5588 2279 5644 12.
2359 5592 2398 5659 ¹γ¹
2431 5591 2588 5664 Greg.
2612 5590 2743 5649 Naz.
2780 5603 2925 5649 orat.
2962 5595 2997 5649 2
3021 5595 3094 5652 De
3123 5592 3360 5658 Tlieolog.
