3928 6196
264 308 384 375 1321

1336 305 1432 366 DE
1473 304 1940 366 IMAGINIBUS
1991 307 2270 369 ORATIO
2340 311 2449 372 ΙΙΙ.

3386 316 3522 380 i322

274 417 576 489 Ἐκκλησία
608 416 756 488 παρά
796 417 903 471 τῶν
936 417 1274 483 ἀποστόλων,
1323 419 1587 488 Πατέρων
1627 435 1710 479 τε,
1751 414 1830 468 κα¹

1952 413 2213 470 Patribus
2261 425 2314 471 et
2349 418 2602 474 conciliis
2643 423 2874 491 accepit,
2929 434 2981 478 et
3028 425 3094 479 ad
3146 425 3290 480 hunc
3347 441 3522 496 usque

261 510 524 570 συνόδων,
553 509 650 561 καὶ
677 510 837 580 μέχρι
873 510 967 563 τοῦ
999 509 1091 563 νῦν
1114 509 1427 580 διεφύλαξε,
1469 509 1545 579 μὴ
1570 508 1842 577 ἀκούσητε

259 601 432 657 αὐτοῦ
456 617 469 632 ο
518 599 594 670 μὴ
627 600 853 670 δέξησθε
889 600 987 670 τὴν
1032 618 1095 653 συ
1108 599 1348 670 μϐουλὴν
1396 598 1489 650 τοῦ
1525 599 1700 667 όφεως
1725 637 1738 660 ,
1768 597 1842 660 ὡς

258 691 480 756 ἐδέξατο
513 689 648 752 Εὕα,
699 692 794 743 καὶ
835 690 1110 766 ἐτρύγησε
1144 689 1392 744 θάνατον.
1442 688 1562 742 Κᾶν
1591 689 1838 756 ἄγγελος,

261 784 368 838 κᾶν
424 781 680 852 βασιλεὺς
720 780 1145 852 εύαγγελίζηται
1198 781 1345 852 ὑμᾶς
1379 781 1508 850 παρ’
1541 779 1570 832 6
1604 778 1841 849 παρελά-

267 873 386 926 ὗετε
408 914 422 936 ,
481 871 733 926 κλείσατε
765 871 864 935 τὰς
896 872 1064 934 ἀκοάς
1093 888 1104 900 '
1149 872 1292 926 όκνῶ
1335 871 1444 942 γὰρ
1477 871 1615 932 τέως
1645 873 1838 936 εἰπεῖν,

266 961 333 1024 ὣς
363 960 466 1032 ἔφη
490 962 518 1014 6
539 962 680 1024 θεῖος
714 960 1055 1028 ’Δπόστολος,
1107 961 1387 1030 ’.ἀνάθεμα
1415 961 1595 1027 ἔστω,
1624 961 1840 1031 ἐκδεχό-

273 1070 425 1116 ιενος
449 1055 548 1124 τὴν
570 1053 875 1124 διόρθωσιν.

329 1229 393 1282 δ’.
450 1228 611 1280 ’Λλλά
666 1227 918 1296 λέγουσιν
971 1230 1020 1280 οἱ
1075 1229 1150 1299 μὴ
1199 1230 1531 1299 ἐρευνῶντες
1578 1230 1667 1282 τὸν
1714 1228 1836 1280 νοῦν

264 1322 358 1390 τῆς
406 1320 671 1392 Γραφῆς,
720 1321 800 1373 ὅτι
846 1315 999 1374 εἶπεν
1045 1323 1074 1373 6
1109 1321 1240 1385 Θεὸς
1287 1320 1376 1374 διὰ
1409 1321 1688 1384 Μωῡσέως
1742 1319 1836 1372 τοῦ

261 1409 574 1481 νομοθέτου,
618 1430 635 1460 ι
689 1411 763 1463 Ού
806 1411 1052 1480 ποιήσεις
1090 1412 1198 1464 πᾶν
1226 1410 1498 1481 ὁμοίωμα,
1543 1412 1644 1463 ὃσα
1672 1412 1729 1463 ὲν
1760 1411 1836 1480 τῷ

254 1502 505 1574 οὐρανῷ,
568 1505 660 1556 καὶ
709 1504 808 1556 ὅσα
866 1505 924 1557 ὲν
963 1506 1029 1574 τῇ
1080 1506 1171 1574 γῇ.
1213 1523 1231 1557 ι
1265 1505 1375 1557 Καὶ
1404 1503 1492 1556 διὰ
1536 1503 1701 1556 Δαϐὶδ
1744 1503 1834 1555 τοῦ

252 1597 541 1667 προφήτου
569 1611 582 1625 ·
622 1614 639 1647 ‹
669 1594 1136 1666 Αίσχυνθήτωσαν
1166 1596 1366 1659 πάντες
1397 1597 1445 1648 oi
1472 1593 1836 1666 προσκυνοῦν-

251 1707 347 1753 τες
377 1691 492 1750 τοῖς
523 1687 808 1756 γλυπτοῖς,
839 1688 886 1740 οἱ
919 1687 1334 1758 ὲγκαυχὼμενοι
1366 1689 1422 1740 ὲν
1453 1690 1564 1750 τοῖς
1594 1686 1834 1750 εἰδώλοις

1950 506 2092 561 diem
2129 510 2388 575 servavit,
2425 527 2588 566 aures
2619 527 2690 565 ne
2724 514 3092 582 praabueritis,
3126 533 3264 572 neve
3297 533 3522 588 serpen-

1948 597 2018 652 tis
2050 599 2334 654 suadelatn
2376 602 2730 671 exceperitis,
2774 605 2851 658 uti
2885 607 3101 674 excepit
3137 608 3242 660 Eva
3280 609 3345 673 ",
3377 609 3522 664 unde

1944 695 1997 742 et
2022 700 2253 744 mortem
2304 691 2682 750 vindemiavit.
2719 692 2871 749 Licet
2904 697 3156 766 angelus,
3187 698 3313 752 licet
3345 699 3521 769 impc-

1946 790 2097 834 rator
2141 783 2480 851 evangelizct
2520 784 2677 840 vobis
2709 794 2906 854 pra-ter
2941 787 2992 840 id
3027 789 3172 858 quod
3204 791 3519 858 accepistis,

1947 887 2111 926 aures
2149 875 2427 930 occludite
2461 893 2472 928 :
2502 891 2568 930 eo
2619 878 2822 948 quippe
2857 895 2998 933 uttnc
3029 868 3342 946 abstinebo,
3378 883 3522 951 quod

1947 963 2225 1034 suLjungit
2294 967 2574 1035 apostolus
2636 965 2879 1034 Paulus;
2944 985 3161 1040 nempe,
3228 971 3523 1026 Analftema
3609 1005 3612 1007 λ

1952 1057 2020 1108 sit
2070 1057 2129 1120 ’³,
2165 1057 2383 1126 quando
2449 1059 2855 1116 emendationis
2918 1063 3302 1130 exspectandae
3367 1063 3522 1120 locus

1941 1156 2044 1200 CSI.

2011 1243 2062 1293 4.
2096 1239 2174 1295 llli
2224 1259 2373 1307 vero,
2425 1243 2562 1298 nihil
2595 1244 2661 1300 de
2696 1242 2997 1316 Scriptura:
3048 1264 3211 1304 sensu
3265 1265 3523 1319 perscru-

1943 1331 2110 1386 tando
2131 1335 2372 1402 solliciti,
2403 1337 2696 1408 objiciunt,
2735 1341 2880 1410 quod
2911 1357 3007 1411 per
3038 1341 3271 1414 Moysem
3305 1346 3523 1415 legisla-

1942 1431 2114 1480 torcm
2148 1432 2472 1498 praeceperit
2501 1431 2642 1487 Deus
2674 1453 2687 1488 :
2725 1452 2743 1485 ς
2790 1432 2908 1488 Νοη
2956 1434 3126 1491 facies
3171 1437 3268 1491 tibi
3303 1453 3520 1495 omnem

1941 1514 2355 1573 similitudinem
2385 1535 2577 1575 eorum
2607 1538 2728 1592 qua:
2759 1523 2814 1577 in
2866 1526 3005 1580 cazlo
3051 1538 3203 1591 sunt,
3234 1543 3422 1596 quaeve
3464 1531 3518 1584 in

1940 1615 2080 1661 terra
2105 1611 2166 1662 “.
2195 1629 2212 1659 ι
2245 1608 2308 1662 Ει
2341 1627 2435 1678 per
2459 1615 2777 1684 prophetam
2816 1614 2982 1669 David
3013 1635 3024 1670 :
3054 1635 3072 1668 ι
3097 1617 3523 1676 Confundautur

1940 1715 2131 1757 omnes
2167 1703 2261 1772 qui
2299 1705 2529 1760 adorant
2580 1708 2895 1778 sculptilia,
2949 1709 3042 1780 qui
3100 1695 3408 1782 gloriantur
3461 1714 3517 1768 in

253 1780 441 1834 αὐτῶν
467 1795 478 1808 ·
527 1799 544 1828 ι
587 1779 681 1832 καὶ
713 1777 938 1831 τοιαῦτα.
971 1778 1142 1831 πολλὰ
1193 1779 1378 1850 ἕτερα.
1426 1780 1568 1832 Ὅσα
1622 1779 1728 1848 γὰρ
1773 1779 1830 1830 ἂν

1942 1792 2256 1849 simulacris
2305 1797 2422 1851 suis
2450 1797 2530 1862 ¹⁸;
2589 1817 2604 1848 ι
2663 1807 2716 1853 et
2766 1800 2871 1852 alia
2926 1801 3096 1854 multa
3153 1802 3239 1858 his
3293 1805 3517 1859 similia.

252 1872 319 1923 ἐκ
367 1869 470 1938 τῆς
517 1869 666 1932 Θείας
697 1870 922 1941 Γραφῆς
947 1911 960 1934 ,
1012 1870 1107 1922 καὶ
1140 1872 1203 1922 ὲκ
1232 1869 1341 1922 τῶν
1378 1870 1548 1936 ἁγίων
1580 1868 1834 1936 Πατέρων

253 1962 693 2033 προσενέγκωσι,
731 1962 827 2033 τῆς
865 1960 1036 2030 αὐτῆς
1075 1961 1281 2025 ἐννοίας
1317 1962 1440 2014 είσί.

326 2143 390 2196 Τί
429 2139 522 2196 οὖν
572 2143 732 2209 ἡμεῖς
765 2159 944 2212 φαμεν
980 2143 1114 2211 πρὸς
1147 2141 1359 2206 ταῦτα;
1404 2142 1469 2193 Τί
1495 2141 1643 2204 ἄλλο,
1673 2143 1720 2194 si
1760 2141 1834 2211 μὴ

251 2237 314 2288 τὸ
345 2235 450 2287 ὑπὸ
476 2218 568 2286 τοῦ
594 2233 798 2303 Κυρίου
833 2232 1144 2303 εἰρημένον,
1173 2250 1191 2282 t
1245 2231 1530 2302 Ἐρευνᾶτε
1561 2231 1658 2296 τὰς
1689 2233 1833 2304 Γρα-

253 2331 363 2398 φάς
392 2343 403 2356 ·
444 2348 461 2379 ι
509 2327 647 2396 καλὴ
681 2326 790 2395 γὰρ
822 2325 855 2395 ἡ
884 2324 992 2377 τῶν
1029 2323 1264 2394 Γραφῶν
1312 2325 1542 2395 ἔρευνα·
1584 2325 1700 2379 ἀλλ’
1750 2327 1834 2378 έν-

249 2420 430 2475 ταῦθα
457 2418 722 2488 νουνεχῶς
756 2417 1077 2487 προσέχετε.
1120 2415 1432 2482 Ἀδύνατον,
1455 2414 1498 2468 ὦ
1535 2417 1831 2487 ἀγαπητοὶ,

250 2514 386 2567 Θεὸν
411 2511 717 2582 ψεύσασθαι
743 2527 755 2539 ο
791 2504 874 2572 εἷς
902 2509 1009 2580 γάρ
1040 2509 1156 2560 ὲστι
1184 2508 1337 2572 Θεὸς,
1375 2504 1456 2572 εἷς
1490 2509 1783 2580 νομοδότης
1806 2519 1832 2546 ν

251 2604 502 2666 Παλαιᾶς
550 2602 644 2654 καὶ
691 2599 902 2670 Καινῆς
955 2598 1270 2670 Διαθήκης,
1317 2602 1346 2653 6
1388 2600 1558 2653 πάλαι
1596 2600 1833 2670 λαλήσας

255 2692 582 2763 πολυμερῶς
613 2691 708 2744 καὶ
747 2687 1105 2760 πολυτρόπως
1145 2693 1258 2752 τοῖς
1285 2692 1575 2762 πατράσιν
1619 2694 1678 2742 ὲν
1722 2694 1833 2754 τοῖς

253 2787 566 2855 προφήταις
592 2822 607 2846 ,
656 2783 751 2835 καὶ
794 2782 882 2834 ἐπ’
920 2781 1165 2851 ἐσχάτων
1206 2781 1313 2834 τῶν
1366 2782 1607 2852 χρόνων,
1648 2784 1705 2833 ὲν
1757 2782 1834 2852 τῷ

253 2879 536 2949 μονογενεῖ
564 2875 734 2930 αὐτοῦ
769 2874 903 2946 Υίῷ.
949 2873 1257 2946 Προσέχετε
1297 2873 1480 2927 τοίνυν
1508 2875 1648 2945 μετά
1677 2876 1834 2944 ἀκρι-

252 2969 430 3033 ϐείας,
464 2968 566 3020 οὐκ
596 2965 728 3036 ὲμδς
772 2966 798 3018 6
844 2964 1006 3034 λόγος
1037 2964 1154 3017 ἐστί
1182 2980 1195 2994 °
1241 2964 1302 3016 τὸ
1328 2963 1555 3034 Πνεῦμα
1589 2965 1649 3016 τὸ
1679 2964 1832 3032 ἆγιον

250 3061 340 3113 διὰ
367 3057 586 3112 Παύλου
616 3056 712 3110 τοῦ
752 3055 912 3125 ἁγίου
942 3055 1249 3110 ἀποστόλου
1278 3055 1632 3126 ἀπεφήνατο·
1668 3074 1688 3107 ι
1729 3058 1824 3109 Πος

249 3150 506 3222 λυμερῶς
530 3149 623 3203 καὶ
651 3147 1011 3220 πολυτρόπως
1037 3147 1206 3202 πάλαι
1231 3148 1257 3199 6
1281 3147 1413 3211 Θεὸς
1454 3147 1694 3219 λαλήσας
1719 3151 1829 3211 τοῖς
1857 3129 1901 3186 C

250 3243 526 3315 πατράσιν
577 3241 636 3293 ὲν
674 3242 785 3302 τοῖς
831 3239 1163 3309 προφήταις.
1212 3257 1230 3292 ι
1291 3239 1433 3307 Ὅρα
1471 3239 1553 3292 ὅτι
1593 3238 1827 3309 πολυμε-

253 3337 361 3408 ρῶς
395 3336 490 3388 καὶ
534 3331 894 3402 πολυτρόπως
932 3331 1192 3400 ἐλάλησεν
1224 3335 1251 3385 6
1284 3331 1436 3396 Θεός.
1480 3333 1690 3402 Ὥσπερ
1718 3331 1826 3402 γὰρ

248 3428 572 3496 ἐπιστήμων
623 3421 804 3493 ἰατρὸς
855 3423 916 3474 ού
975 3423 1037 3476 τὸ
1084 3424 1218 3476 αὐτὸ
1269 3420 1407 3488 εἶδος
1457 3426 1593 3478 πᾶσι
1642 3424 1826 3478 δίδωσι

250 3522 521 3585 πάντοτε,
561 3518 678 3572 ἀλλ’
728 3518 949 3587 ἑκάστῳ
1004 3517 1064 3570 τὸ
1113 3517 1418 3584 ἐπιτήδειον
1466 3519 1696 3590 παρέχει
1734 3517 1826 3571 καὶ

250 3611 564 3682 πρόσφορον
607 3611 900 3680 φάρμακον
926 3617 973 3671 κ,
1023 3607 1320 3678 διακρίνων
1354 3608 1450 3661 atati.
1501 3608 1684 3679 χώραν
1733 3609 1826 3661 καὶ

249 3705 406 3757 νόσον
445 3703 538 3756 καὶ
575 3701 746 3773 ὥραν,
785 3701 1054 3764 τουτέστι,
1085 3700 1276 3769 καιρὸν
1313 3701 1407 3753 καὶ
1434 3700 1547 3766 ’ἑξιν
1587 3701 1681 3753 καὶ
1709 3701 1826 3770 ἠλι-

249 3795 412 3849 κίαν⁶
466 3794 560 3846 καὶ
606 3792 683 3864 τῷ
732 3793 830 3864 μὲν
882 3794 1099 3863 νηπίῳ,
1135 3791 1353 3862 ἕτερον,
1405 3790 1480 3860 τῷ
1532 3791 1588 3842 δὲ
1637 3791 1828 3861 τελείῳ

247 3887 394 3942 κατά
434 3888 532 3957 τὴν
573 3886 823 3956 ἡλικίαν,
870 3885 1088 3957 ἕτερον·
1141 3884 1269 3939 ἄλλο
1309 3883 1388 3954 τῷ
1439 3883 1688 3948 ἀσθενεῖ,
1732 3884 1826 3937 καὶ

251 3977 384 4032 ἄλλο
417 3977 496 4048 τῷ
524 3975 858 4045 ύγιαίνοντι’
902 3974 996 4028 καὶ
1030 3973 1245 4045 ἑκάστῳ
1280 3973 1390 4027 τῶν
1431 3973 1824 4039 ἀσθενούντων,

249 4071 312 4124 οὐ
344 4069 405 4121 τὸ
436 4067 587 4132 αὐτὸ,
621 4066 758 4120 ἀλλά
791 4066 926 4138 πρὸς
952 4065 1052 4138 τὴν
1088 4065 1204 4132 ἕξιν
1235 4066 1330 4119 καὶ
1357 4065 1512 4119 νόσον
1535 4083 1547 4094 °
1574 4066 1668 4119 καὶ
1697 4066 1826 4120 ἄλλο

247 4159 330 4230 τῷ
363 4160 530 4230 θέρει,
571 4160 668 4212 καὶ
700 4158 777 4228 τῷ
801 4157 1031 4229 χειμῶνι
1060 4157 1269 4227 ἕτερον,
1307 4155 1614 4227 μετοπώρῳ
1638 4173 1698 4208 τε
1730 4157 1826 4210 καὶ

246 4251 396 4322 ἔαρι,
430 4250 523 4303 καὶ
553 4251 611 4303 ὲν
650 4249 866 4320 ἑκάστῳ
895 4249 1064 4317 τόπῳ,
1099 4247 1243 4302 κατά
1272 4247 1370 4317 τὴν
1395 4247 1487 4300 τοῦ
1512 4251 1676 4337 τόπου
1706 4249 1826 4302 ἑπι-

245 4341 571 4411 τηδειότητα
594 4357 606 4370 ·
635 4339 779 4395 οὓτω
808 4341 903 4394 καὶ
930 4342 958 4393 6
991 4342 1210 4410 ἀριστος
1245 4339 1352 4391 τῶν
1395 4338 1582 4409 ψυχῶν
1619 4341 1822 4412 ἰατρὸς,

1941 1882 2314 1956 ρυαιουιιιίιυθ
2347 1888 2515 1954 enim,
2560 1897 2675 1944 tum
2718 1905 2782 1944 ex
2819 1890 3108 1962 Scriptura
3154 1894 3361 1959 divina,
3407 1906 3519 1952 tum

1938 1990 2004 2030 ex
2039 1975 2296 2034 Patribus
2324 1980 2677 2048 protulerint,
2720 1982 2912 2037 eodem
2949 1999 3114 2040 sensu
3164 1986 3518 2058 intelligenda

1942 2070 2186 2126 veniunt.

2010 2161 2149 2228 Quid
2201 2163 2368 2233 igitur
2409 2166 2475 2219 ad
2531 2166 2644 2220 haec
2695 2167 2982 2223 dicemus?
3028 2168 3169 2236 Quid
3225 2172 3394 2238 aliud,
3433 2175 3519 2226 in-

1937 2269 2123 2322 quam,
2159 2256 2266 2309 nisi
2319 2257 2469 2326 quod
2515 2256 2722 2313 Judreis
2768 2275 2798 2314 a
2842 2259 3078 2316 Domino
3126 2263 3334 2318 dictum
3392 2266 3513 2320 fuit.

1943 2364 1961 2396 ι
1990 2345 2323 2402 Scrutamini
2353 2348 2668 2418 Scripturas
2688 2351 2773 2404 "'3
2801 2369 2819 2402 ι
2859 2351 3179 2410 Laudabilis
3205 2355 3406 2427 quippe
3433 2366 3518 2413 est

1939 2437 2345 2507 Scripturarum
2403 2443 2792 2510 perscrutatio.
2843 2443 2950 2501 Sed
2996 2446 3086 2502 hic
3143 2463 3265 2502 cum
3319 2467 3515 2520 magna

1937 2532 2194 2587 Cautione
2243 2533 2490 2588 animum
2523 2535 2809 2592 attendite.
2852 2537 3199 2610 lmpossibile
3231 2551 3337 2606 est,
3372 2545 3514 2601 dile-

1936 2625 2195 2688 ctissimi,
2242 2627 2461 2681 mentiri
2511 2627 2682 2684 Deum
2715 2631 2780 2684 ιτ.
2817 2629 2970 2688 Unus
2997 2633 3201 2704 quippe
3228 2634 3372 2690 Deus
3405 2646 3511 2702 est,

1937 2731 2103 2780 unus,
2131 2716 2376 2783 inquam,
2397 2733 2426 2770 a
2453 2735 2564 2789 quo
2589 2719 2758 2778 Vetus
2788 2730 2843 2776 et
2864 2721 3074 2778 Novum
3099 2723 3512 2782 Testamentum

1937 2805 2214 2858 sancitum
2252 2804 2392 2872 fuit;
2428 2808 2520 2876 qui
2574 2809 2933 2864 multifariam
2989 2812 3286 2883 multisque
3334 2816 3513 2872 modis

1937 2897 2066 2950 olim
2109 2897 2327 2955 locutus
2362 2908 2447 2956 est
2493 2901 2744 2970 patribus
2793 2904 2848 2957 in
2897 2905 3202 2975 prophetis,
3243 2917 3410 2980 atque
3456 2911 3512 2966 in

1937 2988 2258 3046 novissimis
2308 2992 2668 3060 temporibus,
2723 2994 2780 3046 in
2832 2995 3123 3066 unigenito
3181 2997 3322 3054 Filio
3387 3015 3510 3058 suo.

1935 3077 2369 3135 Animadvertite
2415 3081 2599 3150 itaque
2633 3083 2959 3154 diligenter;
3011 3087 3182 3143 verba
3229 3090 3346 3146 haec
3396 3107 3510 3148 non

1936 3180 2052 3220 mea
2091 3176 2221 3221 sunt
2253 3185 2265 3220 :
2307 3167 2548 3238 Spiritus
2598 3181 2826 3227 sanctus
2861 3190 2958 3244 per
2992 3185 3246 3232 sanctum
3279 3180 3513 3251 Aposto-

1931 3257 2041 3311 lum
2077 3261 2486 3328 pronuntiavit:
2523 3281 2541 3314 ‹
2577 3262 2955 3333 Multifariam,
2991 3270 3293 3341 multisque
3331 3274 3512 3331 modis

1931 3351 2058 3404 olim
2083 3349 2226 3406 Deus
2259 3353 2488 3422 loquens
2521 3357 2770 3424 patribus
2805 3358 2858 3412 in
2895 3360 3182 3430 prophetis
3215 3363 3277 3417 ³⁸.
3304 3381 3323 3414 ι
3365 3365 3512 3420 Con-

1930 3441 2116 3497 sidera
2143 3441 2341 3512 LDeum
2384 3445 2744 3502 multifariam
2806 3451 3108 3522 multisque
3159 3454 3337 3511 modis
3384 3470 3506 3513 esse

1930 3533 2195 3587 locutum.
2235 3532 2388 3588 Sicut
2431 3535 2576 3589 enim
2626 3539 2836 3606 peritus
2871 3541 3117 3596 medicus
3166 3557 3276 3600 non
3320 3545 3504 3599 omni-

1928 3622 2054 3688 bus,
2099 3639 2200 3678 nec
2252 3640 2470 3694 semper
2517 3626 2659 3679 idem
2713 3629 2940 3682 remedii
2977 3647 3151 3697 genus
3185 3634 3500 3702 ministrat,

1929 3727 2118 3766 verum
2171 3713 2356 3767 habita
2396 3714 2610 3769 ratione
2645 3723 2760 3768 tum
2813 3719 3074 3788 regionis,
3131 3730 3248 3774 tum
3309 3725 3507 3791 morbi,

1930 3812 2043 3859 tum
2084 3805 2369 3874 temporis,
2421 3813 2538 3859 tum
2594 3809 2813 3863 aetatis:
2868 3818 3033 3880 atque
3080 3813 3227 3867 aliud
3289 3816 3509 3884 quidem

1929 3894 2149 3959 infanti,
2186 3894 2337 3948 aliud
2362 3895 2480 3951 viro
2513 3899 2691 3955 aetatis
2721 3910 2969 3967 matura),
3009 3909 3299 3974 aegrotanti
3336 3909 3506 3977 aliud,

1929 3989 2076 4043 aliud
2115 4003 2273 4055 sano,
2304 4007 2408 4046 nec
2431 3991 2653 4047 cunctis
2687 3993 2917 4062 perinde
2962 4000 3387 4069 aegrotantibus,
3413 4005 3506 4060 sed

1930 4082 2163 4152 singulis
2194 4097 2295 4152 pro
2318 4082 2593 4153 cujusque
2623 4091 2774 4139 statu
2802 4091 2861 4140 et
2896 4089 3090 4144 morbo
3121 4104 3135 4142 :
3169 4105 3509 4166 rursumque

1928 4174 2076 4230 aliud
2125 4173 2347 4245 quidem
2395 4183 2608 4241 aestate,
2641 4175 2794 4231 aliud
2837 4177 3039 4245 hieme,
3075 4181 3311 4239 alterum
3356 4201 3505 4256 vere,

1929 4276 2198 4321 autumno
2250 4267 2506 4336 alterum,
2549 4267 2780 4323 alterum
2841 4270 3061 4326 tandem
3120 4289 3219 4344 pro
3270 4277 3508 4348 singulis

1927 4357 2088 4430 347
2121 4359 2279 4422 locis,
2311 4359 2616 4415 secundum
2647 4360 2826 4417 varias
2861 4362 3150 4433 regionum
3185 4367 3503 4436 qualitates.

244 4435 360 4497 τοῖς
391 4432 473 4485 ἔτι
504 4432 715 4504 νηπίοις
742 4432 837 4486 καὶ
863 4431 1210 4504 ἀρρωστοῦσι
1240 4433 1340 4503 τὴν
1375 4432 1514 4503 πρὸς
1541 4432 1636 4504 τὴν
1666 4434 1820 4488 εἰδω-

1937 4449 2022 4506 Sic
2059 4453 2302 4521 optimus
2335 4453 2499 4506 etiam
2528 4452 2840 4508 animorum
2883 4431 3155 4522 medicus,
3199 4431 3506 4518 infantibus

247 4527 539 4600 λολατρίαν
569 4526 759 4591 νόσον,
808 4527 905 4579 καὶ
943 4524 1012 4577 τὰ
1061 4525 1254 4578 εῐδωλα
1284 4525 1439 4588 θεοὺς
1473 4526 1820 4597 ἡγουμένοις,

249 4622 346 4674 καὶ
382 4619 456 4684 ὡς
488 4621 626 4684 θεοῖς
661 4620 846 4682 αὐτοῖς
882 4617 1271 4690 προσκυνοῦσι,
1319 4618 1412 4671 καὶ
1445 4617 1697 4672 ἀθετοῦσι
1726 4620 1824 4692 τὴν

245 4710 344 4764 τοῦ
390 4709 526 4763 Θεοῦ
586 4707 997 4782 προσκύνησιν,
1041 4707 1136 4760 καὶ
1184 4705 1282 4778 τὴν
1335 4706 1500 4761 αὑτοῦ
1547 4709 1702 4774 δόξαν
1756 4715 1821 4782 τῇ

249 4803 424 4856 κτίσει
452 4802 843 4872 προσάγουσιν,
871 4800 1219 4870 ἀπηγόρευσε
1251 4799 1346 4853 τοῦ
1380 4804 1554 4854 ποιεῖν
1587 4803 1822 4869 είκόνας.

246 4895 383 4948 Θεοῦ
424 4895 524 4964 μὲν
551 4894 661 4965 γὰρ
683 4933 698 4960 ,
745 4895 840 4947 τοῦ
871 4895 1166 4966 ἀσωμάτου
1197 4935 1212 4961 ,
1263 4897 1356 4950 καὶ
1385 4899 1618 4968 ἀοράτου
1643 4904 1697 4936 ι’
1732 4901 1826 4954 καὶ

245 4984 412 5037 ἀΰλου
438 5025 454 5049 ,
491 4984 588 5038 καὶ
635 4986 772 5055 μήτε
813 4985 1000 5057 σχῆμα
1023 5027 1037 5051 ,
1079 4988 1219 5058 μήτε
1250 4991 1602 5062 περιγραφὴν
1629 5032 1643 5056 ,
1689 4997 1823 5063 μήτε

239 5075 557 5145 κατάληψιν
588 5074 804 5146 ἔχοντος
831 5078 1096 5132 ἀδύνατον
1131 5082 1306 5133 ποιεῖν
1332 5082 1536 5136 εἰκόνα.
1570 5083 1692 5148 Πῶς
1717 5087 1826 5157 γὰρ

239 5168 302 5220 τὸ
330 5167 404 5238 μὴ
436 5166 635 5236 όραθὲν
678 5168 1113 5240 είκονισθήσεται
1144 5188 1158 5236 ;
1197 5191 1214 5222 ‹
1252 5172 1382 5226 Θεὸν
1424 5172 1478 5226 δὲ
1514 5175 1689 5239 οὐδεὶς
1722 5177 1822 5229 ets-

247 5273 376 5327 μακε
408 5255 628 5310 πώποτε
653 5272 668 5285 ⁶
701 5259 730 5310 6
757 5259 1053 5330 μονογενὴς
1083 5261 1241 5327 Υἱὸς,
1299 5265 1325 5316 6
1358 5265 1432 5316 ὢν
1460 5268 1516 5318 έν
1547 5269 1656 5331 τοῖς
1698 5269 1824 5320 κόλ-

317 5417 361 5447 ¹²
389 5416 526 5471 Gen.
571 5433 653 5484 Ill,
684 5417 739 5473 2.

832 5421 874 5452 ¹³
905 5422 1082 5478 Galat.
1114 5443 1153 5489 ι,
1194 5429 1248 5481 8.

245 5486 287 5517 ’⁸
318 5484 486 5542 Hebr.
541 5505 578 5552 ι,
613 5491 664 5544 1.

1343 5427 1382 5458 ’⁵
1415 5427 1583 5484 Exod.
1612 5447 1702 5494 xx,
1736 5435 1824 5488 Ξῖιί.

1928 4543 2108 4598 adhuc
2144 4551 2199 4600 et
2229 4543 2560 4600 idololatria
2580 4545 2771 4602 morbo
2798 4547 3204 4616 laborantibus,
3230 4551 3348 4620 qui,
3379 4568 3504 4607 cum

1927 4634 2224 4690 simulacra
2264 4635 2397 4690 deos
2449 4651 2573 4692 esse
2621 4645 2908 4709 putarent,
2963 4656 3028 4696 ac
3069 4649 3326 4714 tanquam
3374 4646 3506 4703 deos

1929 4724 2246 4786 adorarent.
2302 4725 2549 4781 debitum
2594 4727 2706 4784 Deo
2763 4731 2973 4786 cultum
3020 4741 3076 4789 et
3124 4734 3504 4794 adorationem

1926 4813 2288 4885 denegabant,
2323 4815 2605 4888 ipsiusque
2622 4820 2850 4888 gloriam
2883 4823 2950 4877 ad
2979 4833 3291 4881 creaturam
3327 4837 3507 4884 trans-

1927 4905 2198 4969 ferebant,
2231 4908 2318 4964 his
2353 4910 2622 4980 imagines
2664 4911 2846 4980 facere
2891 4919 3092 4974 vetuit.
3117 4918 3507 4976 Verumenimp

1928 5013 2058 5054 vero
2105 4997 2220 5066 Dei,
2273 5001 2368 5070 qui
2426 5001 2810 5073 incorporeus,
2849 5004 3183 5073 invisibilis,
3216 5024 3246 5063 a
3279 5011 3506 5064 materia

1927 5103 2194 5157 remotus,
2247 5107 2356 5146 non
2405 5092 2693 5164 figuratus,
2738 5111 2838 5151 nec
2875 5097 3358 5170 circumscriptus,
3406 5118 3508 5158 nec

1929 5183 2446 5253 comprehensibilis
2493 5195 2598 5251 est,
2641 5185 2824 5256 imago
2865 5188 3016 5242 nulla
3057 5189 3255 5244 confici
3299 5201 3504 5262 potest.

1925 5275 2211 5340 Quomodo
2252 5276 2399 5331 enim
2451 5277 2504 5332 id
2559 5278 2704 5348 quod
2741 5279 2800 5333 in
2847 5290 3130 5349 aspectum
3177 5299 3287 5338 non
3334 5285 3504 5348 cadit,

1922 5437 1960 5468 ⁵⁵
1996 5437 2138 5493 l’sal.
2183 5454 2326 5504 xcvr,
2365 5421 2416 5494 8.
2517 5441 2560 5472 ³⁸
2585 5439 2742 5495 Joan.
2769 5457 2822 5504 ν,
2847 5441 2935 5496 59.
3037 5443 3078 5473 ⁸⁷
3116 5441 3280 5500 Hebr.
3314 5460 3388 5509 vr,
3415 5443 3502 5499 l8.

1561 5591 1796 5650 νΑηιιΕ
1840 5597 2130 5656 LECTION
2138 5601 2215 5656 ES
2229 5639 2246 5655 .

315 5667 526 5768 :kcolb;
556 5673 872 5768 νομοθέτης,
901 5682 957 5729 ιιι
984 5683 1037 5731 et
1075 5676 1128 5730 in
1159 5687 1298 5733 orat.
1333 5680 1386 5735 2.
1469 5693 1494 5722 ι
1524 5681 1681 5741 Colb.
1715 5697 1766 5741 et
1792 5699 1932 5744 orat.
1971 5692 2004 5745 ‘2
2032 5692 2173 5746 κατὰ
2197 5693 2296 5764 τὴν
2329 5693 2442 5758 ’ἐξιν
2462 5693 2692 5765 παρέχει
2713 5696 2775 5750 τὸ
2791 5696 3102 5768 φάρμακον.
3181 5699 3230 5740 ι’
3254 5696 3418 5756 Deest
3441 5698 3499 5757 in

245 5740 402 5796 Colb.
436 5743 531 5795 καὶ
559 5740 812 5812 ἀοράτου,

607 5837 878 5901 ΡΑΤΒοῐ..
917 5843 1031 5904 Gn.
1065 5842 1261 5903 XCIV.

2972 5857 3048 5921 42
