3936 6174
435 335 572 406 1323

1630 332 1689 396 S.
1730 323 2046 395 JOANNIS
2083 326 2512 392 DAMASCENI

3549 312 3687 403 1’32:

428 452 665 523 imagine
689 449 1019 523 eﬂingatur?
1050 469 1068 501 ι
1106 447 1274 504 Deum
1308 455 1492 502 autem
1525 460 1690 500 nemo
1728 443 1861 499 vidit
1891 459 1997 498 un-

2104 458 2226 504 ποις
2260 440 2354 494 τοῦ
2383 438 2617 511 Πατρὸς,
2649 440 2812 503 αὐτὸς
2839 440 3178 511 ὲξηγήσατοο
3210 460 3230 497 ι
3263 447 3389 502 καί·
3426 467 3449 501 ς
3491 450 3686 515 Οὐδεὶς

427 560 590 615 quam
622 562 635 599 :
665 544 983 614 unigenitns
1013 541 1208 605 Filius,
1253 539 1349 610 qui
1403 547 1491 594 est
1535 537 1589 591 in
1632 536 1757 592 sinu
1795 534 1998 598 Patris,

425 633 546 703 ipse
587 631 866 687 enarravit
899 631 942 663 ι’
969 648 984 697 ;
1015 648 1034 682 ι
1087 630 1271 698 aitque
1301 626 1488 682 Deus:
1527 642 1546 677 ι
1586 623 1756 680 Nemo
1793 622 1999 678 videbit

429 723 624 778 faciem
653 735 854 788 meam,
880 729 933 776 et
957 721 1104 775 vivet
1132 720 1200 772 '°.
1239 737 1258 770 ι

497 840 550 894 5.
588 837 741 903 Quod
774 845 956 892 autem
993 834 1296 890 simulacra
1338 840 1598 900 tanquam
1631 829 1763 884 deos
1801 827 2001 880 adora-

437 930 644 994 vcrint,
681 928 809 982 audi
871 925 1004 997 quid
1053 934 1240 980 narret
1287 905 1578 992 Scriptura
1612 921 1665 975 in
1703 917 1893 972 Exodo
1924 915 2000 986 (id

428 1028 512 1074 est
553 1020 608 1072 in
651 1017 847 1087 exitu)
885 1015 1121 1070 ﬁliorum
1165 1012 1355 1076 Israel,
1399 1010 1620 1082 quando
1675 1008 1894 1081 Moyses
1946 1008 1998 1062 in

429 1117 671 1164 montem
705 1107 861 1161 Sinai
887 1103 1232 1168 conscendit,
1263 1102 1451 1172 ibique
1475 1115 1600 1154 cum
1640 1098 1751 1153 Deo
1779 1097 1999 1163 sedens,

429 1205 803 1254 commoratus
832 1206 941 1263 est,
973 1204 1033 1252 ut
1073 1197 1247 1267 legem
1297 1195 1573 1263 acciperet
1599 1210 1612 1246 :
1644 1190 1888 1260 quando,
1918 1190 2003 1244 in-

430 1307 619 1362 quam,
650 1290 1068 1361 ingratissimus
1123 1288 1363 1358 populus
1413 1285 1680 1339 adversus
1729 1283 2001 1336 Aaronem

430 1386 744 1455 insurgens,
781 1383 962 1438 dixit:
993 1399 1012 1433 ‹
1046 1379 1154 1434 Fac
1186 1380 1347 1434 nobis
1393 1379 1548 1440 deos,
1589 1375 1682 1446 qui
1722 1389 1823 1429 nos
1862 1387 2002 1443 pra:-

431 1475 650 1532 cedant.
713 1473 886 1545 Moysi
938 1473 1086 1526 enim
1153 1471 1283 1525 huic
1333 1468 1456 1524 viro
1511 1468 1834 1538 ignoramus
1869 1462 2002 1535 quid

431 1567 693 1624 acciderit
720 1565 787 1619 ¹¹.
817 1584 835 1617 ι
866 1563 1071 1618 Deinde
1097 1577 1219 1616 cum
1266 1575 1497 1614 uxorum
1532 1571 1760 1613 suarum
1797 1555 2004 1610 mundo

430 1666 485 1714 et
516 1665 710 1712 ornatu
743 1655 1024 1726 adempto,
1070 1653 1349 1709 conﬂatile
1390 1649 1785 1713 fabricassent,
1817 1661 2004 1702 corne-

2100 530 2289 600 ὄψεται
2338 531 2399 585 τὸ
2439 529 2733 602 πρόσωπόν
2783 546 2886 600 μου
2913 573 2927 598 ,
2983 532 3076 585 καὶ
3132 533 3400 606 ζήσεται,
3444 557 3466 591 ι
3506 540 3617 611 ἔφη
3660 545 3691 595 6

2103 623 2256 686 Θεός,

2172 831 2235 877 ε’.
2273 824 2396 878 Ὅτι
2439 824 2495 878 δὲ
2529 826 2641 889 τοῖς
2684 823 2925 890 εἰδώλοις
2975 827 3052 890 ὡς
3103 827 3244 892 θεοῖς
3280 832 3687 903 προσεκύνουν,

2101 917 2267 972 ἄκουε
2305 917 2359 970 τί
2397 919 2430 987 ἡ
2460 917 2653 988 Γραφὴ
2698 919 2756 971 ὲν
2789 920 2856 989 τῇ
2901 919 3068 990 ἐξόδῳ
3099 920 3208 974 τῶν
3250 923 3384 975 υἱῶν
3436 925 3683 996 Ἰσραὴλ,

2101 1007 2191 1060 ὅτε
2222 1005 2422 1078 ἀνῆλθε
2452 1006 2697 1077 Μωῦσῆς
2734 1007 2815 1072 είς
2844 1008 2906 1061 τὺ
2947 1009 3075 1078 δρος
3103 1009 3270 1078 Σινᾶ,
3302 1014 3398 1066 καὶ
3428 1016 3684 1084 ἐχρόνισε

2103 1097 2488 1170 προσεδρεύων
2537 1097 2617 1169 τῷ
2649 1098 2772 1170 Θεῷ
2797 1139 2812 1163 ,
2847 1100 3039 1154 λαϐεῖν
3084 1102 3174 1156 τὸν
3209 1105 3407 1174 νόμον,
3461 1107 3555 1158 ὅτε
3588 1107 3688 1158 ἑπ-

2101 1187 2302 1258 ανέστη
2334 1191 2362 1242 ὁ
2392 1188 2665 1260 ἀγνώμων
2700 1190 2826 1254 λαὸς
2868 1193 3080 1263 Ἀαρὼν
3107 1193 3184 1264 τῷ
3225 1195 3319 1248 τοῦ
3350 1197 3494 1250 Θεοῦ
3527 1198 3689 1270 θεράο

2103 1296 2293 1344 ποντι,
2324 1279 2574 1348 λέγοντες
2599 1296 2612 1310 ⁸
2645 1298 2663 1330 ι
2703 1281 2936 1350 Ποίησον
2985 1284 3118 1352 ἡμῖν
3159 1283 3343 1349 θεοὺς,
3390 1286 3442 1338 οἶ
3478 1304 3685 1358 προπο-

2107 1369 2390 1441 ρεύσονται
2415 1371 2596 1445 ἡμῶν.
2640 1370 2698 1424 Ὀ
2721 1371 2830 1441 γὰρ
2860 1371 2957 1426 ἀνθ
2968 1389 3148 1443 ρωπος
3175 1371 3331 1440 οὗτος
3356 1379 3386 1430 δ
3411 1378 3686 1447 Μωῦσῆς,

2102 1460 2201 1514 ούγ
2230 1461 2458 1532 οἴδαμεν
2483 1502 2497 1528 ,
2547 1462 2602 1514 τί
2642 1461 2869 1530 γέγονεν
2919 1464 3097 1536 αύτῷ·
3147 1483 3166 1517 ι
3204 1463 3324 1520 εἶτα
3349 1509 3363 1534 ,
3394 1469 3494 1522 ὅτε
3526 1487 3688 1540 περιρ

2103 1551 2312 1606 είλοντο
2341 1553 2431 1606 τὸν
2460 1554 2669 1624 κόσμον
2709 1555 2819 1608 τῶν
2849 1556 3126 1623 γυναικῶν
3156 1559 3337 1613 αὐτῶν
3359 1601 3375 1627 ,
3407 1563 3514 1615 καὶ
3546 1563 3692 1634 ἐχώ-

2103 1661 2302 1698 νευσαν
2329 1683 2344 1709 ,
2396 1647 2489 1699 καὶ
2518 1645 2722 1715 ἔφαγον
2750 1685 2766 1711 ,
2805 1649 2900 1701 καὶ
2929 1648 3081 1703 ἔπιον
3101 1691 3116 1717 ,
3164 1651 3259 1704 καὶ
3287 1653 3687 1728 ἐμεθύσθησαν

430 1748 630 1804 derunt
661 1758 716 1803 et
767 1747 1048 1810 biberunt,
1105 1751 1271 1814 atque
1323 1755 1512 1797 errore
1554 1753 1657 1794 suo
1686 1737 1913 1808 perinde
1939 1750 1997 1791 ac

2107 1739 2212 1790 υπό
2241 1754 2301 1790 τε
2331 1736 2426 1790 τοῦ
2456 1737 2600 1790 οίνου
2641 1738 2739 1792 καὶ
2767 1737 2867 1808 τῆς
2896 1739 3127 1810 πλάνης,
3160 1744 3256 1796 καὶ
3284 1744 3531 1816 ἤρξαντο
3561 1749 3693 1802 παῖ-

428 1839 558 1894 vino
597 1838 880 1903 inebriati,
924 1837 1118 1892 ludere
1159 1839 1469 1904 cmperunt,
1505 1837 1559 1886 et
1600 1844 1713 1900 pra:
1768 1827 1997 1884 amentia

2107 1828 2256 1894 ζειν,
2303 1828 2362 1884 ὲν
2408 1826 2690 1900 ἀφροσύνῃ
2747 1828 3034 1897 λέγοντες·
3073 1849 3092 1882 ι
3128 1827 3286 1887 Οὗτοι
3327 1835 3378 1888 o’:
3429 1836 3552 1889 θεοί
3596 1855 3694 1894 σου

429 1925 654 1982 dicere:
696 1943 716 1977 ‹
748 1925 816 1978 Hi
862 1933 995 1982 sunt
1031 1922 1108 1977 dii
1142 1922 1247 1987 tui,
1287 1921 1477 1976 Israel.
1513 1936 1533 1970 ι
1573 1919 1777 1974 Annon
1824 1917 2002 1984 vides,

431 2015 579 2086 quod
615 2016 912 2072 simulacra
967 2017 1023 2071 in
1047 2014 1183 2070 deos
1232 2013 1337 2070 sibi
1389 2011 1752 2068 statuerunt?
1813 2009 2006 2079 Neque

431 2107 579 2162 enim
613 2107 792 2173 Jovis,
825 2115 919 2162 aut
947 2107 1100 2162 illius
1144 2105 1445 2161 alteriusve
1476 2102 1838 2158 simulacrum
1867 2101 2005 2157 fece-

437 2205 598 2263 runt;
633 2198 728 2253 sed
768 2206 830 2253 ut
881 2196 994 2252 fors
1050 2197 1212 2260 tulit,
1265 2209 1461 2249 aurum
1511 2193 1890 2263 praebuerunt,
1939 2208 2002 2249 ex

436 2303 544 2355 quo
580 2287 785 2342 idolum
820 2285 1146 2349 conﬂarent,
1183 2283 1557 2355 quodcunque
1603 2282 1820 2337 tandem
1868 2281 2005 2336 illud

432 2375 596 2442 foret,
647 2377 960 2445 prodiitque
1019 2375 1210 2430 bovini
1262 2373 1466 2444 capitis
1530 2371 1759 2443 eﬂigies.
1811 2371 2005 2442 Itaque

429 2463 705 2534 ejusmodi
751 2463 1072 2533 conﬂatilis
1112 2465 1167 2518 in
1221 2466 1359 2520 deos
1412 2462 1710 2529 habebant,
1774 2463 2006 2534 ipsaque

430 2565 690 2626 tanquam
731 2555 864 2612 deos
905 2555 1210 2612 adorahant
1242 2575 1256 2612 :
1285 2571 1408 2628 qua:
1436 2554 1659 2626 quidem
1692 2554 2000 2611 daemonum

431 2648 706 2703 domicilia
757 2649 944 2703 erant.
988 2645 1134 2714 Quin
1183 2655 1238 2703 et
1281 2655 1557 2702 creaturae
1607 2645 1792 2718 potius
1836 2660 2001 2716 quam

427 2739 677 2795 Creatori
711 2753 806 2795 eos
837 2739 1116 2805 serviisse,
1152 2738 1374 2795 divinus
1399 2746 1634 2794 testatur
1667 2737 1998 2807 Apostolus:

435 2849 454 2882 ι
495 2827 602 2896 Qui
637 2839 1016 2893 mutaverunt,
1046 2830 1251 2900 inquit,
1292 2831 1526 2903 gloriam
1561 2829 2003 2900 incorruptibilis

429 2922 525 2976 Dei
561 2923 614 2976 in
645 2921 1070 2977 similitudinem
1119 2921 1500 2993 corruptibilis
1543 2920 1789 2977 hominis
1826 2928 1882 2976 et
1912 2935 2003 2975 vo-

427 3015 669 3078 lucrum,
699 3021 752 3068 et
787 3013 1230 3084 quadrupedum,
1265 3021 1323 3068 et
1365 3014 1708 3083 serpentium
1731 3050 1748 3075 ,
1801 3021 1856 3067 et
1895 3027 2004 3068 ser-

2117 1918 2355 1990 Ἰσραήλ.
2395 1936 2414 1969 ι
2452 1919 2652 1991 Ὁρᾷς,
2702 1920 2784 1974 ὅτι
2823 1919 2982 1985 θεοὺς
3020 1917 3167 1992 εἶχον
3216 1924 3286 1977 τά
3331 1925 3577 1980 εῑδωλαο
3629 1931 3692 1984 ού

2103 2010 2212 2082 γὰρ
2240 2011 2504 2080 ἐποίησαν
2532 2009 2654 2075 Διὸς
2681 2011 2900 2066 εἴδωλον
2923 2052 2938 2077 ,
2972 2011 3006 2082 ἢ
3035 2013 3192 2067 τοῦδε
3215 2053 3232 2078 ,
3262 2015 3294 2086 ἢ
3335 2014 3502 2071 τοῦδε
3523 2061 3540 2084 ,
3573 2021 3693 2074 ἀλλ’

2103 2103 2179 2168 ὡς
2205 2101 2394 2173 ἔτυχεν
2413 2102 2620 2156 ἔδωκαν
2641 2102 2735 2157 τὸν
2760 2103 2959 2174 χρυσὸν
2983 2105 3075 2158 ἐπὶ
3097 2105 3158 2159 τὺ
3184 2107 3407 2178 ποιῆσαι
3424 2109 3680 2177 εἴδωλον,

2103 2195 2239 2266 ὅπερ
2279 2193 2345 2248 ἂν
2388 2192 2548 2266 τύχῃ,
2591 2193 2688 2246 καὶ
2731 2193 2963 2264 ἀνῆλθεν
3007 2195 3309 2268 ἐκτύπωμα
3339 2198 3684 2271 βουκράνου.

2105 2285 2272 2338 Ὥστε
2303 2284 2442 2340 αύτά
2469 2285 2538 2338 τά
2568 2285 2814 2354 χωνευτά
2844 2283 3003 2349 θεοὺς
3033 2281 3198 2357 εἶχον,
3232 2289 3326 2343 καὶ
3360 2291 3586 2357 τούτοις
3615 2295 3694 2358 ὡς

2105 2374 2248 2440 θεοῖς
2288 2376 2679 2448 προσεκύνουν,
2720 2375 2882 2430 ἀτινα
2923 2376 3195 2448 δαιμόνων
3234 2373 3378 2451 ἦσαν
3414 2399 3692 2457 atatem;-

2102 2469 2291 2540 τήρια.
2327 2468 2438 2521 Καὶ
2465 2467 2547 2521 ὅτι
2595 2469 2663 2538 τῇ
2695 2465 2873 2521 κτίσει
2903 2467 3190 2540 ὲλάτρευον
3221 2472 3374 2543 παρά
3413 2475 3519 2528 τὸν
3548 2477 3692 2531 Kri-

2106 2576 2294 2624 σαντα,
2328 2557 2495 2630 φησὶν
2523 2559 2552 2612 ό
2583 2557 2725 2623 θεῖος
2759 2560 3112 2624 ’Δπόστολοςο
3151 2581 3170 2614 ι
3193 2564 3409 2630 Οῖτινες
3435 2567 3693 2639 ἤλλαξαν

2102 2649 2201 2722 τὴν
2233 2649 2390 2714 δόξαν
2419 2649 2514 2703 τοῦ
2553 2649 2835 2721 ἀφθάρτου
2861 2649 2998 2705 Θεοῦ
3049 2654 3106 2707 ὲν
3156 2654 3472 2727 ὁμοιώματι
3504 2661 3692 2732 φθαρο

2103 2740 2198 2796 τοῦ
2232 2739 2520 2813 ἀνθρώπου
2541 2783 2556 2808 ,
2587 2742 2684 2795 καὶ
2714 2742 2978 2796 πετεινῶν
3002 2785 3016 2809 ,
3046 2745 3144 2798 καὶ
3170 2750 3531 2820 τετραπόδων
3549 2795 3564 2818 ,
3597 2755 3696 2808 καὶ

2104 2832 2349 2904 ἑρπετῶν
2373 2849 2387 2863 ’
2438 2831 2536 2885 καὶ
2584 2829 2918 2903 ἐλάτρευσαν
2945 2834 3012 2904 τῇ
3043 2833 3220 2888 κτίσει
3249 2835 3404 2908 παρά
3430 2837 3534 2892 τὸν
3565 2841 3696 2894 Keil.

2105 2942 2293 2981 σαντα.
2332 2942 2350 2975 ι
2386 2922 2590 2976 Τούτου
2627 2923 2789 2996 χάριν
2835 2924 3218 2999 ἀπηγόρευσεν
3259 2929 3290 2982 ό
3335 2928 3479 2995 Θεὸς
3511 2935 3694 2987 ποιεῖν

2107 3017 2214 3069 πᾶν
2247 3013 2518 3086 ὁμοίωμα.

426 3103 651 3158 viebant
679 3111 950 3158 creaturae
989 3101 1173 3173 potius
1209 3117 1374 3173 quam
1443 3101 1694 3158 Creatori
1728 3102 1796 3153 “.
1854 3119 1876 3154 ι
1937 3101 1997 3169 Qu

2102 3103 2306 3158 lobrem
2365 3102 2530 3167 Deus,
2591 3115 2660 3156 ne
2731 3116 2843 3173 qua
2898 3102 3206 3161 similitudo
3253 3106 3447 3179 ﬂeret,
3503 3115 3698 3184 prohi-

427 3195 569 3250 buit.

498 3307 550 3361 6.
589 3307 743 3361 Illum
779 3307 928 3372 novi,
963 3309 1057 3376 qui
1089 3308 1226 3362 citra
1261 3307 1612 3362 mendacium
1644 3306 1817 3361 dixit:
1852 3324 1870 3356 ι
1905 3305 1997 3362 Do-

2177 3302 2252 3371 ς’.
2284 3303 2418 3360 Οἶδα
2456 3305 2548 3360 τὸν
2589 3307 2837 3376 ἀψευδῶς
2881 3309 3104 3364 εἰπόντα
3129 3325 3147 3342 ·
3201 3331 3221 3364 ι
3261 3313 3476 3384 Κύριος
3503 3320 3534 3373 ὁ
3563 3319 3696 3385 Θεός

428 3398 611 3454 minus
640 3398 780 3452 Deus
809 3408 956 3463 tuus,
990 3398 1133 3452 Deus
1167 3414 1312 3453 unus
1337 3407 1421 3453 est
1443 3398 1509 3450 ’³.
1547 3415 1565 3448 ›
1605 3397 1669 3450 Et
1704 3416 1716 3451 :
1755 3415 1774 3448 ι
1809 3397 1998 3452 Domi-

425 3507 557 3545 num
588 3489 759 3546 Deum
796 3499 950 3545 tuum
984 3490 1269 3553 adorabis,
1321 3497 1375 3545 et
1425 3490 1504 3544 illi
1552 3490 1658 3546 soli
1687 3491 1898 3546 servies
1929 3491 1999 3545 “.

424 3577 544 3636 Non
572 3588 736 3636 erunt
772 3579 870 3635 tibi
901 3580 978 3634 dii
1025 3579 1193 3636 alieni
1223 3581 1290 3634 ".
1327 3599 1346 3632 ι
1383 3581 1664 3651 Itemque:
1713 3598 1732 3632 ι
1767 3579 1888 3635 Νοιι
1923 3580 2002 3634 fa-

425 3673 540 3728 cies
591 3671 688 3728 tibi
736 3672 1014 3741 sculptile,
1071 3685 1292 3726 omnem
1325 3669 1748 3726 similitudinem
1782 3685 1996 3737 eorum,

425 3779 548 3834 qua:
576 3763 631 3818 in
667 3763 807 3818 cmlo
839 3769 970 3818 sunt
1003 3777 1252 3828 sursum,
1294 3770 1351 3818 et
1389 3777 1513 3832 quae
1554 3761 1613 3816 in
1649 3767 1800 3816 terra
1834 3761 1998 3817 deor-

424 3873 545 3915 sum
576 3857 643 3912 “.
683 3875 702 3909 ι
737 3856 804 3910 Ει
833 3871 1050 3911 rursum
1079 3874 1094 3911 :
1147 3873 1166 3907 ι
1216 3854 1647 3910 Confundantur
1673 3870 1872 3911 omnes
1903 3856 1998 3926 qui

423 3951 658 4006 adorant
715 3948 1013 4018 sculptilia.
1048 3965 1068 3999 ι
1127 3947 1243 4002 Et:
1281 3964 1301 3999 ‹
1353 3946 1584 4003 Pereant
1639 3945 1715 4001 dii
1749 3947 1843 4018 qui
1884 3961 1998 4002 non

424 4042 680 4097 iecerunt
737 4040 939 4096 caelum
976 4047 1031 4094 et
1072 4046 1277 4094 terram
1307 4039 1390 4093 ’τε
1431 4057 1449 4091 ι
1503 4047 1558 4095 et
1590 4039 1696 4093 alia
1757 4038 1998 4110 denique

424 4130 671 4201 ejusdem
702 4131 938 4201 generis,
972 4145 1096 4202 qua:
1129 4131 1351 4186 locutus
1385 4144 1511 4185 cum
1555 4140 1701 4186 esset
1729 4131 1872 4186 Deus
1896 4145 1996 4200 pa-

423 4224 603 4278 tribus
651 4223 704 4277 in
738 4223 1042 4293 prophetis,
1075 4222 1128 4278 in
1181 4222 1502 4279 novissimis
1540 4221 1734 4278 diebus
1775 4221 1996 4278 locutus

421 4324 506 4371 est
536 4317 694 4370 nobis
724 4317 777 4370 in
810 4315 1094 4387 unigenito
1134 4314 1272 4370 Filio
1322 4328 1445 4378 suo,
1498 4328 1597 4384 per
1648 4329 1812 4383 quem
1864 4313 1996 4368 fecit

423 4419 478 4465 et
516 4409 715 4464 saecula
743 4409 807 4463 ⁸⁸.
829 4407 994 4464 Illum
1036 4408 1185 4473 novi,
1225 4407 1320 4476 qui
1368 4406 1488 4460 ait:
1541 4423 1560 4458 ι
1595 4403 1724 4460 Hazc
1755 4414 1842 4461 est
1883 4407 1993 4462 vita

398 4510 648 4574 __a:terna,
676 4509 735 4555 ut
769 4507 1107 4573 cognoscant
1140 4507 1194 4554 te
1229 4501 1410 4554 solum
1459 4496 1634 4553 Deum
1685 4513 1903 4561 verum,
1939 4507 1994 4553 et

421 4610 581 4666 quem
633 4593 832 4649 misisti
887 4591 1072 4648 Jesum
1129 4589 1414 4646 Christqu
1439 4589 1506 4642 ”.
1569 4607 1590 4642 ι
1625 4588 1767 4656 Quin
1821 4591 1988 4646 etiam

421 4682 584 4739 credo
624 4684 679 4737 in
713 4697 879 4737 unum
900 4679 1093 4746 Deum,
1128 4695 1300 4736 unum
1339 4693 1525 4734 rerum
1558 4678 1804 4734 omnium
1837 4680 1988 4750 prin-

418 4776 643 4846 cipium,
695 4775 814 4831 sine
869 4773 1174 4845 principio,
1207 4774 1537 4844 increatum,
1585 4771 1844 4827 interitus
1896 4787 1993 4826 ne-

421 4869 622 4934 scium,
660 4874 713 4921 et
769 4864 1158 4929 immortalem,
1216 4861 1635 4933 sempiternum,
1692 4870 1747 4918 et
1794 4878 1991 4934 perpe-

417 4968 600 5026 tuum,
661 4956 1296 5026 incomprehensibilem,
1358 4956 1773 5025 incorporeum,
1847 4954 1992 5008 invi-

416 5050 655 5113 sibilem,
692 5046 1253 5118 incircumscriptum,
1297 5045 1484 5118 ﬁgura:
1514 5055 1815 5117 expertem,
1857 5047 1989 5102 sub-

383 5140 675 5206 ,stantiam
735 5153 900 5193 unam
960 5137 1111 5194 omni
1177 5137 1484 5192 substantia
1540 5137 1983 5205 eminentiorem,

387 5229 680 5287 "Deitatem
714 5230 908 5300 quavis
934 5228 1240 5284 divinitatis
1286 5227 1646 5297 intelligentia
1693 5226 1984 5283 sublimio-

414 5340 551 5390 rem,
609 5324 662 5378 in
718 5321 968 5393 personis
1017 5320 1184 5393 348
1241 5321 1437 5384 tribus,
1488 5317 1651 5374 Patre
1680 5327 1735 5375 et
1760 5317 1901 5374 Filio
1930 5328 1984 5373 et

417 5415 621 5486 Spiritu
651 5422 877 5476 sancto,
908 5411 1096 5482 illique
1132 5412 1234 5467 soli
1279 5412 1496 5477 servio;
1528 5411 1634 5482 ipsi
1669 5408 1774 5468 soli
1809 5411 1984 5467 latria:

487 5573 530 5645 ff
547 5570 900 5645 ‘Joanilhl8.
932 5641 942 5645 _
977 5572 1023 5604 '°
1056 5570 1223 5645 Exod.
1270 5585 1464 5645 xviiii},
1499 5569 1555 5645 ἢ,
1589 5578 1642 5623 et
1673 5569 1766 5645 22:
1836 5572 1882 5645 ff
1925 5569 1997 5625 Ex

2129 5589 2300 5645 gxxn,
2335 5575 2370 5645 ᾖ
2399 5591 2555 5645 seqq.

415 5642 464 5671 “
490 5640 620 5709 ibid.
657 5642 752 5704 IS;
781 5640 984 5709 Matth.
1035 5657 1108 5702 iv,
1153 5639 1239 5692 10.
1315 5641 1359 5672 ’⁸
1395 5638 1566 5694 Exod.
1608 5654 1703 5703 xx,
1733 5640 1797 5706 5;
1834 5641 1990 5697 Deut.
2031 5656 2085 5709 v,
2130 5643 2178 5697 7.

415 5723 472 5768 ι,
515 5708 599 5758 H.
677 5709 724 5739 "
754 5708 912 5760 Hebr.
960 5725 998 5774 ι,
1037 5711 1087 5772 1,
1114 5711 1169 5760 ‘2.
1278 5711 1322 5740 "
1359 5709 1516 5762 Ioan.
1543 5724 1674 5774 xvn,
1713 5711 1762 5764 5.

2105 3414 2220 3462 σου,
2250 3397 2454 3468 Κύριος
2483 3392 2563 3462 εἷς
2594 3399 2733 3454 ἐστι.
2773 3419 2792 3452 ι
2822 3399 2954 3466 Kal,
2994 3422 3014 3453 ι
3044 3400 3252 3472 Κύριον
3289 3406 3383 3460 τὸν
3415 3408 3564 3464 Θεόν
3597 3429 3692 3466 σου

2102 3487 2532 3560 προσκυνήσεις,
2576 3491 2672 3542 καὶ
2711 3490 2866 3561 αὐτῷ
2910 3492 3058 3564 μόνῳ
3101 3494 3446 3567 λατρεύσεις.
3493 3518 3515 3552 ι
3559 3503 3693 3568 Καὶ,

2106 3597 2124 3631 ι
2155 3580 2270 3633 Οὐκ
2290 3577 2507 3633 ἔσονταί
2535 3589 2624 3634 σοι
2650 3579 2765 3634 θεοὶ
2802 3581 3004 3654 ἕτεροι.
3046 3603 3065 3636 ι
3097 3585 3229 3654 Καὶ,
3269 3607 3288 3639 ‹
3325 3590 3405 3643 Οὐ
3433 3595 3694 3664 ποιήσεις

2100 3670 2341 3739 γλυπτδν
2373 3673 2480 3725 πᾶν
2512 3671 2768 3743 ὁμοίωμα
2789 3713 2804 3739 ,
2832 3674 2936 3730 ὅσα
2965 3676 3024 3731 ὲν
3049 3677 3127 3749 τῷ
3165 3679 3381 3750 οὐρανῷ
3404 3723 3419 3746 ,
3457 3685 3566 3737 καὶ
3597 3687 3694 3739 ὅσα

2099 3764 2158 3815 ὲν
2180 3764 2245 3834 τῇ
2274 3763 2368 3834 γῇ.
2407 3781 2427 3814 ι
2469 3762 2602 3829 Kal,
2643 3780 2663 3815 ι
2699 3765 3159 3837 Αίσχυνθήτωσαν
3184 3770 3389 3836 πάντες
3417 3774 3475 3826 οἱ
3517 3793 3693 3847 προτ-

2099 3851 2390 3916 κυνοῢντες
2425 3855 2538 3918 τοῖς
2570 3854 2854 3925 γλυπτοῖς.
2899 3876 2918 3910 ι
2952 3859 3086 3926 Καὶ,
3123 3879 3142 3913 t
3188 3861 3349 3928 Θεοὶ,
3378 3863 3430 3918 οἶ
3475 3867 3575 3920 τὸν
3605 3869 3694 3921 ού-

2101 3942 2264 4014 ρανὸν
2307 3943 2403 3996 καὶ
2437 3943 2538 4016 τὴν
2571 3945 2677 4016 γῆν
2702 3947 2803 4001 οὐκ
2847 3949 3116 4022 ἐποίησαν
3136 3989 3151 4017 ,
3201 3953 3638 4012 ἀπολέσθωσαν.
3669 3978 3689 4011 ι

2098 4035 2208 4090 Kal
2247 4036 2350 4089 ὅσα
2380 4035 2605 4108 τοιούτῳ
2648 4038 2834 4110 τρόπῳ
2863 4041 3031 4096 πάλαι
3062 4044 3092 4096 ό
3123 4044 3259 4110 Θεὸς
3296 4046 3558 4119 λαλήσας
3582 4054 3692 4114 τοῖς

2100 4128 2398 4199 πατράσιν,
2426 4130 2514 4182 ἐπ’
2550 4129 2796 4200 ἐσχάτων
2834 4132 2942 4187 τῶν
2974 4135 3198 4208 ἡμερῶν
3245 4137 3526 4210 ἐλάλησεν
3560 4144 3691 4214 ἡμῖν

2097 4223 2156 4274 ὲν
2206 4220 2286 4294 τῷ
2334 4225 2616 4292 μονογενεῖ
2663 4223 2780 4294 Υίῷ
2834 4224 3038 4294 αὑτοῦ,
3073 4227 3141 4281 δι’
3190 4221 3251 4281 οὗ
3297 4233 3430 4296 τοὺς
3483 4235 3694 4299 αἰῶνας

2097 4313 2381 4385 ἐποίησεν.
2413 4307 2543 4368 Οἶδα
2569 4315 2660 4368 τὸν
2693 4316 2938 4385 εἰπόντα,
2979 4338 3002 4371 ‹
3042 4318 3190 4391 Αὕτη
3215 4320 3272 4375 δέ
3301 4323 3459 4377 ἔστιν
3487 4327 3524 4397 ἡ
3558 4328 3694 4380 alti;-

2096 4422 2206 4466 νιος
2244 4403 2359 4476 ζωὴ
2383 4444 2398 4469 ,
2435 4404 2522 4459 ἵνα
2551 4403 2863 4474 γινώσκωσι
2910 4425 2970 4461 σε
3009 4408 3099 4463 τὸν
3152 4409 3310 4480 μόνον
3368 4411 3563 4476 ζῶντα
3593 4418 3691 4470 καὶ

2095 4494 2346 4566 ἀληθινὸν
2377 4495 2532 4563 Θεὸν,
2567 4498 2662 4551 καὶ
2688 4497 2748 4551 ὃν
2768 4498 3098 4565 ἀπέστειλας
3126 4502 3335 4572 Ἰησοῦν
3362 4505 3635 4576 Χριστόν.
3667 4529 3687 4560 ι

2097 4587 2208 4640 Kal
2239 4586 2479 4640 πιστεύω
2513 4589 2594 4652 είς
2622 4589 2717 4642 ἕνα
2736 4589 2888 4651 Θεὸν,
2923 4591 3053 4662 μίαν
3075 4593 3182 4646 τῶν
3212 4593 3436 4651 πάντων
3479 4599 3688 4670 ἀρχὴν,

2096 4677 2352 4748 ἄναρχον,
2383 4677 2656 4742 ἀκτιστον,
2682 4678 2988 4750 ἀνώλεθρον
3016 4681 3113 4734 καὶ
3132 4683 3420 4749 ἀθάνατον,
3455 4688 3690 4741 aid:va

2092 4771 2183 4824 xal
2203 4771 2394 4839 ἀΐδιον,
2421 4771 2830 4843 ἀκατάληπτον,
2856 4774 3170 4847 ἀσώματον,
3193 4777 3455 4845 ἀόρατον,
3482 4782 3686 4852 ἀπερί-

2090 4853 2369 4934 γραπτον,
2421 4864 2870 4936 ἀσχημάτιστον*
2919 4866 3050 4938 μίαν
3090 4868 3419 4941 ὑπερούσιον
3457 4872 3683 4934 οὐσίαν,

2091 4953 2363 5026 ύπέρθεον
2397 4955 2648 5026 θεότητα,
2685 4957 2746 5011 ὲν
2772 4957 2953 5028 τρισὶν
2978 4959 3327 5026 ὑποστάσεσι,
3369 4963 3559 5034 Πατρὶ
3590 4966 3685 5018 καὶ

2092 5043 2209 5115 Υίῷ
2241 5046 2338 5099 καὶ
2368 5045 2508 5117 ἀγίῳ
2545 5047 2855 5118 Πνεύματι·
2890 5052 2984 5104 καὶ
3009 5050 3186 5122 τούτῳ
3217 5051 3364 5123 μόνῳ
3393 5053 3681 5126 λατρεύω,

2096 5139 2190 5191 καὶ
2215 5139 2390 5211 τούτῳ
2421 5131 2565 5211 μόνῳ
2589 5142 2849 5210 προσάγω
2871 5141 2970 5211 τῆς
2995 5142 3250 5214 λατρείας
3274 5145 3680 5216 προσκύνησιν.

2106 5226 2217 5283 'Evl
2243 5230 2362 5301 Θεῷ
2393 5232 2706 5304 προσκυνῶ,
2746 5234 2844 5304 μιᾷ
2887 5232 3125 5303 θεότητι,
3173 5234 3310 5288 ἀλλά
3359 5237 3453 5289 καὶ
3485 5239 3532 5288 Τ
3540 5238 3682 5308 ριάδι

2090 5323 2339 5394 λατρεύω
2384 5324 2775 5378 ὑποστάσεωνο
2824 5323 2943 5394 Θεῷ
2992 5324 3205 5396 Πατρὶ,
3252 5325 3348 5378 καὶ
3403 5325 3532 5396 Θεῷ
3566 5326 3684 5395 ﬁt}

2094 5414 2533 5486 σεσαρκωμένῳ,
2576 5415 2670 5468 καὶ
2705 5415 2825 5486 Θεῷ
2862 5415 3004 5485 ἁγίῳ
3047 5414 3326 5486 Πνεύματι
3352 5432 3366 5444 ·
3417 5416 3484 5470 ού
3529 5421 3682 5488 τρισὶ

2632 5578 2676 5607 ³³
2715 5575 2870 5630 Rom.
2911 5591 2947 5642 I,
2991 5575 3079 5632 25.
3190 5576 3237 5608 ’³
3283 5574 3442 5630 Deut.
3500 5592 3577 5637 vi.
3623 5577 3680 5628 ι.

2260 5646 2306 5676 ⁸⁸
2336 5643 2635 5708 Εκοιίξχκ,
2660 5647 2716 5700 4.
2785 5645 2831 5676 ’τ
2862 5647 3006 5701 Psal.
3047 5661 3194 5712 xcvi,
3231 5645 3284 5698 7.
3344 5647 3414 5677 ⁸⁷⁵
3452 5643 3672 5702 Jerem.
