3936 6174
266 360 406 442 lata

1325 361 1424 437 DE
1450 364 1905 437 IMAGINIBUS
1943 367 2221 432 ORATIO
2264 354 2379 431 III.

3373 366 3507 438 132$

234 492 441 563 ⁹θεοῖς,
472 488 591 544 ἀλλ’
638 486 718 543 ἐνί
742 505 754 517 ·
794 488 854 541 οὖ
891 485 1253 560 διῃρημέναις
1294 489 1679 554 ὑποστάσεσιν,
1721 486 1829 542 ἀλλ“

1941 486 2149 540 cultum
2204 484 2457 539 exhibeo.
2524 482 2694 537 Deum
2757 497 2921 537 unum
2984 485 3174 552 adoro,
3240 475 3508 545 Deitatem

262 584 596 659 ήνωμέναις.
629 583 704 635 Οὐ
734 584 881 652 τρεῖς
929 580 1328 653 προσκυνήσεις
1370 581 1632 651 προσάγω
1654 619 1666 643 ,
1700 577 1836 632 ἀλλά

268 676 432 743 μίαν·
475 674 573 744 οὐχ
614 673 819 744 ἑκάστῃ
844 672 955 727 τῶν
986 672 1341 727 ὑποστάσεων
1384 671 1680 744 ἀναμέρος,
1721 668 1837 723 ἀλλ’

264 766 486 827 δνιαὶως
509 767 631 827 ταῖς
662 763 842 833 τρισὶν
881 762 1270 829 ὑποστάσεσιν,
1306 762 1383 825 ὠς
1417 761 1498 814 ἑνὶ
1530 760 1669 831 Θεῷ,
1708 758 1838 829 μίαν

265 856 532 927 προσάγω
584 853 981 925 προσκύνησιν.
1046 855 1119 907 Οὐ
1182 853 1475 926 προσκυνῶ
1517 852 1616 923 τὴν
1659 851 1838 904 κτίσιν

274 948 418 1019 παρὰ
445 948 537 1000 τὸν
565 947 876 1012 Κτίσαντα,
914 947 1051 1001 ἀλλά
1098 945 1393 1019 προσκυνῶ
1440 944 1532 998 τὸν
1576 945 1837 1014 κτίστην,

266 1040 558 1094 κτισθέντα
585 1039 646 1093 τὸ
672 1041 792 1092 κατ’
824 1040 923 1109 ἐμὲ
943 1078 958 1102 ,
987 1039 1083 1093 καὶ
1116 1040 1197 1101 εἰς
1230 1038 1409 1091 κτίσιν
1452 1034 1840 1096 ἁταπεινώτως

264 1130 360 1182 καὶ
402 1128 782 1196 άκαθαιρὲτως
834 1125 1277 1198 κατεληλυθότα,
1315 1126 1402 1179 ἵνα
1437 1124 1535 1195 τὴν
1566 1122 1708 1193 ἐμὴν
1750 1122 1840 1174 δο-

263 1219 403 1291 ξάσῃ
436 1219 600 1289 φύσιν
625 1259 639 1283 ,
687 1220 784 1272 καὶ
829 1218 981 1282 θείας
1034 1216 1291 1271 κοινωνὸν
1328 1215 1712 1285 ἀπεργάσηται
1741 1210 1840 1281 φύ-

262 1328 427 1372 σεως.
484 1308 903 1382 Συμπροσκυνῶ
964 1309 1042 1380 τῷ
1103 1308 1323 1378 βασιλεῖ
1380 1306 1476 1359 καὶ
1519 1304 1678 1375 Θεῷ,
1737 1303 1839 1372 τὴν

260 1400 560 1470 ἁλουργίδα
595 1400 688 1453 τοῦ
724 1400 977 1471 σώματος
1006 1442 1021 1465 ,
1070 1401 1170 1470 οὐχ
1204 1400 1281 1462 ὡς
1331 1398 1584 1469 ἱμάτιον,
1621 1396 1730 1449 οὐδ’
1765 1396 1840 1458 ὡς

255 1493 529 1561 τέταρτον
568 1491 892 1562 πρόσωπον·
933 1492 1113 1559 ἄπαγε
1141 1507 1155 1521 ·
1192 1490 1309 1544 ἀλλ’
1346 1489 1433 1552 ἳῦς
1477 1487 1704 1558 ὁμόθεον
1724 1485 1838 1557 (ΞΟ)

254 1583 706 1655 χρηματίσασαν,
742 1582 838 1636 καὶ
879 1583 1175 1653 γινομένην
1209 1582 1345 1651 ὅπερ
1385 1580 1447 1633 τὸ
1477 1580 1673 1650 χρίσαν
1703 1579 1841 1648 ἀμε-

250 1675 567 1744 ταδλήτως.
597 1674 672 1727 Οὐ
700 1673 808 1743 γὰρ
839 1672 1033 1744 θεότης
1079 1675 1111 1744 ή
1146 1672 1309 1742 φύσις
1347 1670 1540 1741 γέγονε
1565 1671 1665 1741 τῆς
1706 1685 1836 1739 σαρ-

253 1765 394 1827 κός·
439 1763 555 1818 ἀλλ’
606 1764 795 1835 ὥσπερ
834 1764 863 1815 ό
893 1764 1065 1832 Λόγος
1102 1763 1238 1834 σὰρξ
1270 1764 1559 1835 ἀτρέπτως
1596 1760 1835 1829 ἐγένετο,

1939 590 2142 629 unam:
2175 574 2266 629 sed
2295 582 2348 628 et
2382 584 2743 643 personarum
2788 569 3111 629 Trinitatem
3158 578 3303 642 colo,
3340 577 3507 633 Deum

1942 664 2180 727 Patrem,
2213 672 2267 719 et
2296 664 2461 718 Deum
2494 662 2692 718 Filium
2738 665 3111 733 incarnatnm,
3144 679 3510 742 sanctumque

1941 759 2242 829 Spiritum;
2286 775 2394 813 non
2428 769 2541 815 tres
2568 760 2726 826 deos,
2783 761 2880 815 sed
2917 760 3123 829 unum;
3156 779 3265 818 non
3303 765 3509 823 divisas

1944 853 2285 924 hypostases,
2323 853 2416 907 sed
2454 853 2659 907 unitas.
2707 851 2844 908 Tres
2871 854 3223 911 adorationes
3276 873 3384 911 non
3415 859 3510 913 ad-

1944 941 2126 1005 liibeo,
2156 941 2249 996 sed
2282 956 2448 995 unam
2481 940 2772 995 duntaxat.
2827 943 2946 996 Non
3000 944 3228 998 cuilibet
3258 961 3512 1015 personae

1942 1034 2197 1095 soorsim,
2232 1033 2327 1087 sed
2381 1033 2562 1087 tribus
2607 1033 2948 1102 conjunctim
2984 1036 3257 1104 personis,
3290 1042 3351 1088 ut
3387 1050 3508 1105 quat

1943 1124 2086 1180 Deus
2128 1140 2273 1179 unus
2323 1132 2474 1189 sunt,
2508 1125 2885 1182 adorationem
2935 1140 3100 1180 unam
3149 1127 3356 1182 tribuo.
3392 1125 3509 1181 Non

1943 1213 2115 1268 adoro
2149 1221 2459 1268 creaturam
2491 1215 2675 1285 potius
2723 1231 2890 1285 quam
2920 1216 3239 1271 Creatorem
3271 1232 3285 1268 :
3320 1233 3509 1273 verum

1940 1307 2259 1360 Creatorem
2325 1307 2517 1372 adoro,
2571 1307 2665 1377 qui
2734 1308 2786 1362 id
2819 1308 2965 1378 quod
3014 1323 3135 1363 sum
3191 1307 3371 1364 factus
3402 1318 3511 1371 est.

1942 1407 2108 1466 atque
2151 1397 2220 1451 ad
2264 1406 2578 1453 creaturam
2628 1399 2749 1455 sine
2780 1399 2866 1455 sui
2913 1399 3265 1469 depressione
3298 1408 3395 1454 aut
3420 1400 3517 1455 de-

1939 1488 2180 1557 jectione
2247 1488 2560 1556 descendit,
2635 1504 2746 1561 quo
2796 1500 3050 1544 naturam
3122 1491 3516 1546 cobonestaret

1944 1593 2145 1645 meam,
2209 1576 2524 1650 divinaeque
2567 1578 2775 1636 faceret
2833 1588 3147 1637 consortem
3210 1590 3426 1637 natura:
3446 1583 3512 1636 ⁸ο.

1944 1668 2061 1722 Una
2094 1683 2217 1723 cum
2246 1685 2373 1739 rege
2409 1680 2464 1725 et
2495 1669 2628 1736 Deo,
2659 1672 2930 1741 corporis,
2968 1680 3027 1726 ut
3062 1673 3137 1726 ita
3178 1672 3357 1726 dicam
3384 1688 3516 1743 pur—

1942 1774 2139 1829 puram
2173 1760 2376 1816 adoro:
2405 1777 2514 1817 non
2546 1763 2770 1832 quidem
2810 1772 3071 1833 tanquam
3102 1762 3510 1827 indumentum,

254 1856 455 1928 μείνας
479 1857 614 1924 ὅπερ
642 1858 837 1927 προῆν,
859 1855 1003 1910 οὕτω
1029 1857 1122 1910 καὶ
1147 1858 1181 1927 ή
1220 1854 1357 1926 σὰρξ
1380 1854 1554 1923 Λόγος
1583 1852 1829 1923 γέγονεν,

1942 1868 2119 1922 neque
2151 1860 2211 1908 ut
2254 1862 2508 1924 quartam
2553 1869 2872 1925 personam,
2927 1855 3022 1910 sed
3064 1862 3124 1910 ut
3160 1871 3281 1926 qua:
3309 1857 3513 1926 pariter

249 1946 365 2000 οὐκ
397 1945 711 2000 ἀπολέσασα
738 1944 884 1999 τοῦθ’
946 1947 1083 2016 ὅπερ
1149 1946 1308 2011 ἐστὶ,
1362 1942 1728 2013 ταυτιζομένη
1780 1941 1835 1993 δὲ

258 2037 468 2109 μᾶλλον
499 2038 637 2109 πρὸς
660 2036 753 2090 τὸν
783 2037 954 2105 Λόγον
980 2036 1104 2090 καθ’
1136 2037 1455 2091 ὑπόστασιν.
1493 2035 1584 2089 Διὸ
1616 2034 1835 2106 θαρρῶν

254 2128 517 2192 εἰκονιζω
558 2127 692 2182 Θεὸν
721 2128 813 2181 τὸν
843 2128 1099 2198 ἀόρατον,
1132 2128 1201 2182 δι’
1240 2128 1389 2198 ἡμᾶς
1434 2125 1726 2196 γενόμενον
1775 2124 1835 2177 ὲν

257 2219 484 2291 μεθέξει
516 2220 719 2291 σαρκός
764 2236 825 2273 τε
876 2221 975 2274 καὶ
1023 2220 1275 2288 αἵματος.
1327 2219 1402 2272 Οὐ
1454 2218 1553 2289 τὴν
1601 2217 1831 2287 ἀόρατον

253 2311 515 2374 elatavij
545 2310 795 2381 θεότητα,
823 2311 939 2365 ἀλλ’
969 2310 1223 2376 εἰκονίζω
1247 2309 1382 2363 Θεοῦ
1415 2309 1515 2380 τὴν
1544 2307 1832 2379 ὁραθεῖσαν

256 2400 483 2470 σάρκα·
535 2403 585 2454 εἰ
625 2400 734 2473 γὰρ
776 2402 956 2473 ψυχὴν
1010 2401 1277 2455 εἰκονίσαι
1323 2400 1644 2470 ἀμήχανον,
1680 2397 1833 2466 πόσῳ

256 2490 469 2562 μᾶλλον
499 2492 589 2545 τὸν
616 2492 714 2546 καὶ
737 2496 802 2564 τῇ
836 2492 983 2564 ψυχῇ
1008 2492 1167 2545 δόντα
1189 2492 1251 2545 τὺ
1274 2490 1439 2546 sum
1462 2506 1477 2555 ;

1945 1943 2180 1998 exsistat
2206 1944 2373 2013 Deus,
2416 1945 2669 2015 idemque
2694 1960 2821 2000 cum
2845 1960 2911 2002 eo
2932 1946 3025 2017 qui
3060 1946 3236 2017 ipsam
3269 1947 3511 2011 inunxit,

1943 2035 2150 2104 absque
2185 2035 2271 2090 sui
2314 2036 2622 2092 mutatione
2659 2037 2805 2091 facta
2840 2036 3027 2093 fuerit.
3063 2037 3181 2094 Non
3212 2040 3356 2094 enim
3391 2040 3513 2095 Dei—

1941 2129 2027 2175 tas
2067 2124 2121 2177 in
2163 2125 2351 2180 carnis
2390 2133 2646 2179 naturam
2692 2126 2986 2197 migravit,
3025 2127 3121 2183 sed
3163 2128 3515 2198 quemadmo»

1938 2212 2069 2267 dum
2098 2213 2359 2281 Verbum,
2402 2230 2634 2271 manens
2666 2216 2721 2270 id
2761 2218 2908 2287 quod
2940 2226 3082 2286 erat,
3122 2221 3247 2275 sine
3276 2234 3512 2277 converc-

1938 2305 2096 2361 sione
2146 2304 2353 2361 factum
2393 2314 2479 2362 est
2517 2321 2684 2375 caro;
2733 2308 2817 2364 sic
2866 2309 3030 2366 etiam
3070 2324 3206 2365 caro
3256 2310 3400 2366 facta
3426 2323 3513 2367 est

1937 2394 2201 2459 Verbum,
2238 2395 2291 2449 id
2328 2397 2470 2466 quod
2505 2406 2592 2453 est
2629 2412 2738 2452 non
2771 2397 3058 2465 amittens;
3087 2400 3336 2469 quinimo
3367 2401 3510 2456 idem

1938 2500 2062 2540 cum
2128 2485 2311 2542 Verbo
2359 2490 2664 2545 secundum
2714 2489 3057 2561 hypostasim
3099 2491 3264 2548 facta.
3311 2492 3514 2560 Quama-

250 2583 451 2639 obrem
490 2585 785 2642 invisibilis
837 2585 932 2640 Dei
965 2585 1257 2641 ell‘ormare
1299 2584 1593 2655 imaginem
1628 2580 1836 2645 audeo,
1878 2593 1988 2633 non
2027 2593 2089 2634 ea
2127 2582 2340 2636 ratione
2378 2596 2487 2651 qua
2562 2582 2858 2639 invisibilis
2904 2591 3013 2649 est,
3092 2584 3188 2641 sed
3230 2599 3337 2655 qua
3384 2599 3515 2655 pro.

254 2681 388 2745 pter
423 2691 523 2732 nos
562 2678 717 2733 carni
754 2685 810 2733 et
866 2678 1124 2748 sanguini
1177 2676 1512 2747 participans
1566 2674 1634 2739 “,
1700 2671 1935 2727 visibilis
1966 2671 2146 2728 factus
2183 2682 2289 2731 est.
2355 2675 2599 2748 lmagine
2665 2692 2777 2734 non
2845 2677 3134 2744 Deitatem,
3194 2677 3292 2733 sed
3357 2693 3511 2747 aspe~

253 2764 515 2824 ctabilem
548 2782 771 2822 carnem
821 2767 1090 2837 exprimo.
1144 2766 1201 2822 Si
1251 2769 1397 2823 enim
1432 2768 1627 2821 animze
1690 2762 2046 2820 simulacrum
2106 2767 2298 2835 nequit
2360 2766 2569 2837 eﬂingi;
2626 2776 2837 2839 quanto
2885 2769 3071 2824 minus
3123 2768 3296 2838 ipsius
3375 2768 3511 2835 Dei,

257 2859 357 2930 qui
379 2858 573 2913 anima:
606 2856 885 2912 concessit
921 2864 981 2912 ut
1018 2858 1267 2912 materiae
1302 2872 1498 2928 expers
1530 2857 1690 2912 foret.

335 2950 401 3015 ζ’.
445 2949 609 3003 Ἀλλά
641 2966 802 3017 φασιν
827 2965 842 2980 ο
878 2945 1049 3004 Εἶπεν
1076 2949 1104 3001 ὁ
1135 2950 1266 3014 Θεὸς
1303 2950 1390 3005 διὰ
1416 2949 1696 3013 Μωῦσέως
1734 2945 1831 3002 τοῦ

255 3041 580 3113 νομοθέτου,
627 3060 646 3093 ι
685 3042 888 3113 Κύριον
931 3042 1023 3096 τὸν
1075 3042 1208 3095 Θεόν
1257 3060 1352 3097 σου
1403 3043 1829 3114 προσκυνήσεις,

255 3135 359 3189 καὶ
418 3132 566 3203 αὐτῷ
624 3133 771 3204 μόνῳ
822 3131 1165 3203 λατρεύσεις.
1216 3150 1236 3187 ι
1284 3133 1432 3195 Καὶ,
1492 3147 1513 3183 t
1550 3131 1625 3186 (λὺ
1676 3130 1834 3199 ποιή-

2004 2945 2059 3000 7.
2095 2944 2227 3009 Ast,
2269 2945 2555 3014 inquiunt,
2604 2945 2749 3003 Deus
2805 2962 2902 3018 per
2954 2946 3175 3019 Moysen
3239 2950 3515 3021 legislato-

1936 3049 2052 3090 rem
2091 3035 2345 3106 praecepit
2376 3049 2390 3086 :
2429 3053 2449 3086 ι
2484 3035 2779 3093 Dominum
2812 3038 2981 3095 Deum
3027 3048 3185 3095 tuum
3225 3043 3508 3111 adorabis,

1937 3136 1990 3182 et
2024 3126 2128 3197 ipsi
2156 3127 2258 3182 soli
2291 3126 2500 3184 servies
2522 3129 2589 3183 “.
2620 3148 2639 3181 ι
2677 3127 2743 3183 Ει
2777 3148 2790 3185 :
2838 3147 2857 3181 ι
2889 3128 3009 3186 Non
3040 3130 3217 3189 facies
3255 3135 3352 3189 tibi
3393 3149 3514 3191 om-

256 3239 379 3286 σεις
404 3223 512 3276 πᾶν
548 3220 800 3292 ὁμοίωμα
820 3260 837 3287 ,
884 3220 985 3273 ὅσα
1015 3220 1072 3273 ὲν
1122 3218 1199 3289 τῷ
1235 3218 1449 3290 οὐρανῷ
1469 3261 1484 3285 ,
1512 3217 1606 3271 καὶ
1633 3218 1737 3271 ὅσα
1777 3217 1829 3271 ὲν

1941 3229 2059 3269 nem
2094 3214 2517 3272 similitudinem
2552 3231 2741 3272 eorum
2772 3234 2896 3290 qua:
2934 3221 2991 3275 in
3020 3222 3183 3286 caalo,
3223 3232 3279 3279 et
3306 3240 3429 3292 qua:
3455 3226 3511 3282 iu

250 3316 609 3473 τῇὶζῗδελφοὶ,
643 3404 813 3467 ὅντως
842 3401 1153 3457 πλανῶνται
1200 3401 1248 3455 οἱ
1284 3400 1358 3473 μὴ
1406 3399 1606 3464 εἰδότες
1653 3399 1728 3461 ὡς
1770 3389 1832 3451 τδ

255 3498 495 3571 γράμμα
528 3495 865 3559 ἀποκτείνει,
896 3496 957 3548 τὸ
993 3494 1051 3547 δὲ
1080 3494 1300 3565 πνεῦμα
1336 3493 1595 3557 ζωοποιεῖ
1620 3509 1633 3523 .
1666 3494 1714 3545 οἱ
1751 3490 1829 3562 μὴ

255 3587 586 3659 ἐρευνῶντες
640 3587 700 3639 τὸ
769 3585 873 3639 ὑπὸ
939 3585 1017 3655 τῷ
1083 3584 1374 3656 γράμματι
1442 3584 1828 3654 κεκρυμμένον

256 3679 478 3749 πνεῦμα
502 3696 516 3710 ·
558 3678 693 3749 πρὸς
726 3677 818 3741 οὓς
856 3678 922 3731 ἂν
957 3676 1125 3742 ἀξίως
1173 3677 1385 3745 εἴποιμι
1411 3689 1424 3703 ⁸
1466 3675 1525 3728 '0
1555 3673 1715 3727 τοῦτο
1743 3673 1826 3725 δι-

251 3770 421 3835 δάξας
447 3771 612 3840 ὑμᾶς,
635 3769 899 3833 διδαξάτω
941 3771 1036 3823 καὶ⁵
1060 3769 1119 3822 τὸ
1157 3768 1444 3838 ἑπόμενον.
1472 3766 1648 3831 Μάθε,
1678 3764 1828 3826 ὅπως

250 3862 548 3936 ιρμηνεύει
573 3864 705 3916 αὐτὸ
729 3862 757 3913 ὁ
799 3860 1116 3931 νομοθέτης,
1153 3852 1257 3912 ὧδέ
1290 3875 1405 3920 πως
1438 3858 1496 3910 ὲν
1524 3855 1602 3926 τῷ
1630 3858 1829 3909 Δευτε·

255 3952 727 4027 ρονομίῳλέγων’
767 3969 785 4003 ι
834 3951 944 4004 Καὶ
987 3948 1218 4020 ὲλάλησε
1255 3947 1460 4019 Κύριος
1503 3946 1640 4017 πρὸς
1680 3947 1824 4017 ὑμᾶς

249 4045 321 4097 ἐκ
370 4043 536 4114 μέσου
568 4041 660 4095 τοῦ
693 4041 865 4112 πυρός
892 4058 907 4073 ο
953 4040 1135 4112 φωνήν
1180 4040 1440 4111 ῥημάτων
1473 4040 1629 4108 ὑμεῖς
1659 4039 1823 4108 ἡκού-

248 4152 404 4199 cata,
433 4136 527 4189 καὶ
562 4134 815 4205 ὁμοίωμα
840 4134 939 4187 οὐκ
971 4133 1161 4197 εἴδετε,
1196 4132 1372 4203 ἀλλ’ἢ
1410 4133 1613 4204 φωνήν.
1658 4150 1676 4182 ι
1713 4130 1823 4184 Καὶ

252 4224 375 4295 μετ’
426 4225 619 4293 ὀλίγαυ
673 4243 691 4275 ι
734 4224 845 4277 Καὶ
893 4221 1204 4292 φυλάξασθε
1257 4222 1461 4292 σφόδρα
1501 4222 1601 4284 τὰς
1642 4221 1822 4291 ψυχάς

250 4315 427 4386 ὑμῶν,
461 4317 544 4369 ὃτι
586 4317 841 4386 ὁμοίωμα
867 4316 968 4369 οὐκ
993 4314 1160 4367 εἴδετε
1205 4316 1262 4367 ὲν
1288 4316 1353 4383 τῇ
1386 4313 1588 4384 ἡμέρᾳ,
1696 4312 1820 4365 sia-

247 4404 383 4475 λησε
430 4406 633 4477 Κύριος
682 4406 817 4476 πρὸς
854 4406 1000 4475 ὑμᾶς
1034 4406 1090 4457 ἐν
1139 4402 1343 4474 Χωρὴὸ
1395 4404 1452 4454 ἐν
1488 4402 1567 4472 τῷ
1599 4402 1713 4472 ὄρει
1756 4404 1821 4455 ἐκ

1942 3321 2088 3363 terra
2120 3318 2249 3365 sunt
2281 3310 2345 3362 ³³.
2374 3330 2393 3362 ι

2010 3399 2207 3454 Errant
2240 3400 2487 3472 profecto
2518 3402 2619 3469 illi,
2664 3405 2760 3474 qui
2788 3405 3032 3461 litteram
3072 3407 3363 3475 occidere,
3392 3409 3510 3479 spi-
3604 3470 3609 3483 κ

1942 3489 2110 3544 ritum
2151 3506 2282 3547 vero
2316 3492 2593 3549 viviﬁcare
2620 3492 2666 3525 ⁸⁸
2714 3496 2997 3563 nesciunt,
3038 3512 3141 3554 nec
3180 3499 3283 3555 sub
3329 3500 3511 3556 littera

1939 3582 2243 3637 latitantem
2319 3585 2571 3654 spiritum
2648 3587 2953 3656 inquirunt.
3018 3587 3167 3654 Quos
3234 3591 3318 3646 sic
3384 3591 3511 3662 jure

1936 3673 2145 3741 possim
2198 3673 2402 3742 alloqui
2438 3694 2451 3728 :
2491 3674 2594 3739 Qui
2642 3690 2739 3730 vos
2769 3676 2872 3730 hoc
2919 3676 3125 3742 docuit,
3179 3678 3312 3732 illud
3344 3680 3508 3734 etiam

1933 3762 2081 3832 quod
2135 3763 2420 3833 sequitur,
2475 3764 2719 3819 edoceat.
2784 3764 2947 3820 Disce
2993 3768 3212 3822 tandem
3264 3783 3507 3838 quonam

1934 3861 2099 3922 pacto
2146 3853 2254 3907 hoc
2311 3853 2592 3925 lcgislator
2644 3855 3057 3923 interpretetur,
3104 3857 3173 3912 ad
3213 3857 3359 3912 hunc
3392 3858 3508 3914 fere

1933 3942 2157 3996 modum
2199 3942 2253 3995 in
2283 3941 2703 3997 Deuteronomio
2742 3943 2933 3999 dicens
2964 3962 2978 4000 :
3021 3964 3039 3997 ι
3075 3944 3142 4000 Ει
3176 3945 3393 4005 locutus
3422 3959 3508 4004 est

1934 4032 2199 4090 Dominus
2230 4034 2298 4089 ad
2324 4050 2423 4089 vos
2448 4035 2516 4089 de
2545 4035 2726 4090 medio
2762 4036 2931 4107 ignis.
2962 4035 3169 4095 Vocem
3203 4039 3500 4096 verborum

1930 4138 2029 4178 vos
2063 4124 2320 4191 audistis,
2363 4124 2779 4182 similitudinem
2834 4142 2945 4183 non
2976 4129 3195 4187 vidistis
3230 4130 3297 4185 ³⁸.
3331 4149 3349 4183 ι
3382 4130 3450 4186 Et
3485 4149 3500 4187 :

1935 4231 1954 4265 ι
1989 4212 2215 4268 Servate
2241 4214 2532 4286 diligenter
2561 4216 2774 4271 animas
2800 4226 3037 4289 vestras,
3070 4222 3201 4291 quia
3233 4222 3502 4279 similitu-

1928 4305 2108 4361 dinem
2150 4320 2261 4361 non
2297 4306 2515 4362 vidistis
2564 4308 2621 4363 in
2667 4308 2757 4365 die
2799 4323 2909 4379 qua
2940 4311 3161 4368 locutus
3199 4323 3288 4370 est
3321 4313 3503 4370 Domi-

1929 4413 2034 4452 nus
2076 4396 2142 4452 ad
2182 4412 2279 4453 vos
2306 4398 2363 4452 in
2389 4396 2576 4454 Horeb
2604 4399 2659 4453 in
2685 4407 2869 4455 monte
2891 4400 2960 4456 de
2998 4403 3181 4458 medio
3209 4406 3374 4477 ignis,
3411 4422 3502 4463 ne-

250 4494 421 4565 μέσου
456 4496 550 4550 τοῦ
591 4497 783 4566 πυρὸς,
837 4498 974 4566 μήτε
1009 4495 1346 4565 ἀνομήσητε,
1388 4495 1522 4564 μήτε
1554 4496 1818 4564 ποιήσητε

1941 4490 2147 4559 luando
2195 4500 2388 4546 contra
2446 4492 2616 4562 legem
2681 4494 2884 4562 agatis,
2960 4492 3289 4565 faciatisque
3345 4499 3501 4555 vobis

248 4587 381 4656 ὑμῖν
440 4588 651 4650 ἑαυτοῖς
714 4587 951 4656 γλυπτὸν
1015 4586 1300 4657 ὁμοίωμα,
1362 4586 1542 4637 πᾶσαν
1599 4585 1817 4649 εἰκόνα,

1941 4582 2187 4651 sculptile
2240 4584 2622 4649 simulacrum,
2667 4598 2883 4639 omnem
2934 4585 3246 4657 imaginem,
3300 4589 3500 4643 simili-

241 4674 499 4746 ὁμοίωμα
531 4676 824 4747 ἀρσενικοῦ
866 4685 895 4724 γ
939 4675 971 4747 ἢ
1010 4673 1246 4746 θηλυκοῦ
1269 4717 1284 4741 ,
1336 4674 1582 4745 ὁμοίωμα
1619 4675 1817 4738 παντὸς

242 4767 479 4837 κτήνους
507 4768 611 4821 τῶν
656 4768 825 4821 ὄντων
870 4768 960 4819 ἐπὶ
1010 4767 1110 4837 τῆς
1144 4769 1286 4837 γῆς,
1325 4765 1576 4836 ὁμοίωμα
1615 4767 1816 4829 παντὸς

238 4859 432 4931 ὀρνέου
458 4858 761 4930 πτεριοτοῦ,
804 4878 823 4911 ι
854 4859 949 4912 καὶ
981 4860 1049 4912 τὰ
1082 4858 1227 4927 ἑξῆς.
1262 4859 1371 4911 Καὶ
1402 4858 1538 4929 μετά
1568 4857 1774 4929 βραχέα
1799 4876 1812 4889 ν

1927 4673 2171 4727 tudinem
2205 4674 2433 4727 masculi
2491 4683 2545 4730 et
2581 4673 2822 4740 feminae,
2859 4676 3282 4733 similitudinem
3318 4681 3498 4736 omnis

1917 4765 2156 4835 jumenti
2218 4764 2364 4834 quod
2420 4772 2504 4819 est
2556 4779 2722 4836 super
2790 4772 3028 4833 terram;
3081 4768 3496 4826 similitudinem

1922 4856 2106 4911 omnis
2166 4856 2406 4910 volucris
2463 4856 2810 4925 pennatae“,
2869 4874 2887 4909 ι
2930 4864 3039 4913 etc.
3099 4857 3167 4912 Et
3212 4861 3496 4930 aliquanto

244 4960 268 4995 ι
303 4943 393 5012 Μή
426 4958 557 4996 ποτε
583 4945 893 5013 ἀναϐλέψας
922 4945 1003 5008 εἰς
1045 4946 1138 4997 τὸν
1166 4946 1417 5017 οὐρανὸν,
1448 4949 1543 5000 καὶ
1568 4947 1691 4999 ἰδὼν
1722 4947 1813 4999 τὸν

1941 4956 2091 5005 )OSl:
2132 4967 2148 4999 ι
2178 4947 2246 5001 Ει
2284 4965 2353 5002 ne
2405 4948 2542 5002 forte
2577 4946 2805 5002 elevatis
2859 4949 3035 5004 oculis
3091 4951 3157 5005 ad
3187 4953 3410 5019 caelum,
3443 4963 3497 5008 et

233 5030 412 5101 ἥλιον,
442 5033 535 5087 καὶ
560 5033 659 5105 τὴν
689 5033 940 5105 σελήνην,
964 5036 1059 5088 καὶ
1082 5036 1207 5099 τοὺς
1234 5034 1493 5107 ἀστέρας,
1516 5036 1607 5090 καὶ
1629 5037 1805 5091 πάντα

234 5122 332 5176 τὸν
383 5125 587 5197 κόσμον
613 5125 708 5179 τοῦ
754 5126 985 5197 οὐρανοῦ
1007 5154 1047 5193 ,κ
1074 5128 1373 5199 πλανηθεὶς
1419 5132 1807 5203 προσκυνήσῃς

312 5296 356 5328 ³⁸
389 5299 431 5353 ll
455 5300 597 5355 Petr.
634 5316 671 5366 ι,
703 5301 785 5354 Η.
881 5303 920 5333 ³¹
949 5301 1111 5356 Hebr.
1144 5318 1205 5365 ιι,
1240 5302 1322 5356 14.

232 5382 313 5429 tv,
358 5369 444 5424 M.
527 5370 571 5401 “
613 5372 748 5425 ibid.
814 5372 995 5425 15-17.

1421 5302 1463 5333 ³¹
1493 5301 1664 5357 Exod.
1701 5320 1772 5369 vr,
1800 5307 1885 5360 l5.

1929 5043 2101 5097 solem
2135 5051 2191 5097 et
2236 5043 2417 5097 lunam
2474 5041 2730 5109 intuitus,
2771 5054 3101 5113 omnemque
3162 5045 3286 5101 casli
3326 5060 3497 5100 orna-

1916 5145 2056 5196 tum,
2130 5148 2317 5188 errore
2391 5133 2652 5203 deceptus
2706 5132 2901 5187 adores
2973 5147 3062 5197 ea,
3143 5143 3197 5188 et
3269 5136 3481 5191 servias

1994 5306 2038 5337 ³³
2077 5305 2233 5360 Deut.
2289 5323 2378 5371 xx,
2420 5308 2471 5359 lt.
2592 5305 2636 5337 “
2675 5305 2713 5358 Il
2754 5305 2882 5361 Cor.
2940 5321 3024 5373 ιιι,
3088 5306 3141 5361 6.
3249 5306 3293 5339 "
3328 5306 3485 5364 Deut.

1510 5468 1751 5528 VARI/IS
1792 5469 2192 5528 LECTIONES.

310 5562 341 5603 Υ
370 5555 522 5611 Colb.
555 5560 736 5613 πᾶσαν
766 5559 947 5611 εἰκόνα
979 5559 1284 5627 ἀρσενικοῦ.

1759 5649 1991 5705 Νοτιε.

316 5741 428 5807 (20)
461 5742 665 5814 Graece,
697 5748 940 5819 ὁμόθεος,
970 5746 1036 5803 de
1060 5761 1168 5817 quo
1198 5738 1399 5800 videsis
1425 5760 1545 5806 qua
1567 5746 1633 5800 ad
1665 5758 1805 5800 orat.
1848 5748 1871 5801 l
1906 5744 2169 5801 diximus.
