3936 6174
244 231 382 297 ὶῗῗὲὓ

1310 237 1404 296 DE
1445 236 1909 298 lMAGINIBUS
1947 234 2226 295 ORATIO
2253 232 2365 291 ΙΙΙ.

3366 223 3503 285 1330

154 404 160 419 δ
238 342 517 413 ποσότητά
545 359 604 396 τε
645 344 737 396 καὶ
775 346 1131 416 πηλικότητά,
1170 349 1261 401 καὶ
1306 348 1632 419 χαρακτῆρα
1666 346 1826 416 περί-

1954 345 2021 414 μιί
2055 343 2209 398 cerni
2246 356 2359 396 non
2414 346 2613 409 potest,
2650 344 2933 404 assumpta
2973 348 3140 389 carne
3171 347 3231 388 se
3272 332 3498 401 conspi-

237 436 398 505 θηται
426 431 700 503 σώματος,
730 436 849 488 τότε
877 438 935 489 ὲν
963 438 1147 502 πίναξι
1189 438 1427 508 χάραττέ
1462 455 1521 490 τε
1572 439 1663 489 καὶ
1693 439 1822 491 ἀνα-

231 528 372 581 τίθει
396 527 533 598 πρὸς
555 526 786 597 θεωρίαν
814 529 904 581 τὸν
923 530 1185 601 ὁραθῆναι
1228 531 1677 599 καταδεξάμενον,
1728 530 1822 598 χάο

241 636 403 690 ραττε
436 619 624 701 τούτου
644 620 741 690 τὴν
766 620 970 688 ἄφατον
995 623 1422 691 συγκατάϐασιν,
1454 622 1553 692 τὴν
1578 621 1643 674 ὲκ
1676 621 1825 690 Παρ-

240 709 395 760 θένον
444 709 717 777 γέννησιν,
754 710 853 779 τὴν
888 712 946 764 ὲν
1002 713 1241 783 Ἰορδάνῃ
1298 712 1572 781 βάπτισιν,
1622 708 1721 779 τὴν
1765 711 1823 761 ὲν

248 798 451 869 Θαϐὼρ
479 802 926 870 μεταμόρφωσιν,
978 804 1047 857 τὰ
1095 796 1240 872 πάθη
1294 804 1366 857 τὰ
1408 803 1509 873 τῆς
1558 801 1825 863 ἀπαθείας

244 890 505 958 πρόξενα,
539 890 609 943 τὰ
657 892 933 963 θαύματα,
967 895 1035 948 τὰ
1072 896 1172 967 τῆς
1215 895 1368 959 θείας
1402 894 1565 948 αὐτοῦ
1612 893 1827 963 φύσεως

244 982 337 1033 καὶ
378 981 661 1050 ἐνεργείας
694 981 958 1053 σύμϐολα,
986 984 1053 1038 δι’
1088 986 1367 1057 ἐνεργείας
1405 986 1605 1057 σαρκὸς
1637 985 1831 1038 ἀποτε-

242 1070 499 1141 λούμενα,
526 1071 619 1125 τοῦ
654 1074 905 1145 Σωτῆρος
935 1075 1033 1145 τὴν
1084 1077 1354 1148 σωτήριον
1384 1076 1582 1147 ταφὴν,
1624 1076 1723 1146 τὴν
1751 1075 1831 1137 εἷς

244 1162 473 1233 οὐρανὸν
491 1164 678 1218 ἄνοδον
701 1181 717 1195 ’
742 1165 919 1223 πάντα
952 1168 1153 1239 γράφε,
1183 1170 1279 1222 κα)⁸
1298 1170 1460 1240 λόγῳ,
1495 1172 1589 1224 καί
1611 1167 1836 1240 χρώμα-

249 1270 357 1319 σιν,
387 1254 443 1307 ἐν
470 1273 529 1308 τε
562 1255 762 1326 βίϐλοις
796 1258 888 1311 καὶ
925 1258 1140 1324 πίναξιν
1173 1272 1221 1313 ει.

1930 450 2093 488 cuum
2134 430 2452 503 praebuerit,
2489 436 2623 483 tunc
2666 426 2814 480 illius
2854 422 3134 479 deformes
3185 422 3499 492 imaginem.

1929 526 2067 582 Cum
2108 526 2199 580 ille
2236 524 2328 593 qui
2382 523 2435 576 in
2486 521 2658 575 forma
2694 517 2788 571 Dei
2841 515 3138 579 exsistens,
3179 515 3249 568 ob
3296 522 3506 567 naturae

1933 637 2047 677 sua!
2079 620 2461 676 excellentiam
2507 614 2837 687 quantitatis
2872 619 2927 666 et
2984 609 3267 680 qualitatis
3296 615 3349 660 et
3392 620 3505 658 ma-

1935 714 2248 786 gnitudinis
2304 720 2386 767 est
2426 724 2644 773 exsors,
2688 707 2861 763 forma
2915 705 3057 760 servi
3110 708 3385 771 suscepta,
3438 695 3505 750 ad

1934 807 2301 877 quantitatem
2336 803 2772 874 qualitatemque
2817 812 2939 854 sese
2987 792 3347 852 contrahens,
3380 800 3507 840 cor-

1936 896 2090 968 poris
2129 896 2362 965 ﬁguram
2417 891 2678 956 induerit,
2715 899 2846 944 tunc
2884 889 2940 942 in
2990 884 3207 941 tabellis
3261 893 3386 936 eum
3415 892 3511 933 ex-

1939 989 2137 1059 prime,
2166 988 2456 1057 palamque
2486 981 2938 1054 conspiciendum
2970 990 3235 1049 prapone,
3265 971 3359 1043 qui
3382 984 3513 1024 con—

1940 1080 2078 1151 spici
2111 1080 2313 1135 voluit:
2375 1077 2708 1133 ineffabilem
2751 1075 2927 1146 ipsius
2978 1068 3369 1126 demissionem
3414 1062 3511 1116 de-

1940 1173 2121 1242 signa,
2159 1170 2501 1224 nativitatem
2540 1185 2606 1223 ex
2637 1167 2883 1237 Virgine,
2934 1162 3269 1233 baptismum
3306 1156 3358 1211 in
3390 1151 3515 1207 Jor-

1948 1261 2103 1327 tlane,
2156 1260 2692 1329 transfigurationem
2744 1257 2801 1310 in
2831 1254 3077 1315 Thabor,
3132 1248 3413 1305 cruciatus
3451 1244 3515 1297 il-

252 1343 358 1405 los,
392 1344 537 1413 quia
581 1346 922 1403 cruciatibus
981 1364 1081 1404 nos
1134 1357 1491 1417 exemerunt;
1539 1351 1831 1416 miracula,
1874 1368 1998 1422 quae
2054 1368 2177 1407 cum
2230 1352 2416 1407 carnis
2463 1349 2772 1404 ministerio
2828 1351 3199 1416 patrarentur,
3270 1336 3513 1393 divinam

246 1434 429 1503 ipsius
474 1445 728 1493 naturam
778 1448 835 1495 et
884 1440 1181 1496 eﬂicaciam
1225 1445 1591 1521 promebam;
1626 1444 1921 1501 salutarem
1971 1445 2274 1500 Salvatoris
2338 1444 2697 1513 sepulturam,
2767 1436 3262 1496 resurrectionem,
3325 1439 3521 1482 ascen-

246 1540 376 1578 sum
416 1526 469 1579 in
518 1527 758 1591 coelum;
815 1530 932 1584 haec
966 1532 1153 1586 omnia
1202 1548 1327 1587 cum
1364 1520 1661 1598 sermone,
1718 1541 1835 1587 tum
1876 1535 2159 1590 coloribus
2210 1535 2487 1597 describe,
2521 1540 2635 1586 tum
2673 1532 2725 1583 in
2764 1529 2942 1592 libris,
2977 1535 3086 1581 tmn
3119 1525 3174 1578 in
3206 1520 3442 1576 tabellis.

327 1616 393 1669 θ’.
428 1636 445 1668 ι
495 1618 568 1669 Οὐ
620 1621 869 1690 ποιήσεις
910 1623 1142 1694 σεαυτῷ,
1178 1626 1332 1694 φησὶ,
1364 1625 1601 1693 γλυπτδν
1623 1627 1673 1687 b,
1719 1626 1838 1680 οὐδὲ

2015 1628 2066 1683 9.
2108 1647 2127 1680 ι
2179 1625 2297 1681 Non
2347 1625 2547 1687 facies.
2598 1625 2694 1685 ait,
2731 1623 2830 1677 tibi
2884 1620 3160 1689 sculptile,
3198 1634 3372 1688 neque
3401 1633 3519 1673 om-

250 1710 368 1761 πᾶν
422 1710 694 1780 ὁμοίωμα.
751 1732 767 1764 ι
836 1713 1021 1768 Ταῦτα
1072 1716 1164 1769 τοῦ
1204 1716 1340 1770 Θεοῦ
1410 1718 1835 1788 προστάξαντος,

259 1818 281 1849 ‹
334 1800 645 1869 Ἐποίησαν,
670 1805 827 1872 φησὶ,
855 1804 916 1858 τὸ
942 1807 1342 1879 καταπέτασμα
1387 1810 1484 1878 τῆς
1514 1810 1717 1879 σκηνῆς
1745 1809 1838 1863 τοῦ

255 1894 586 1963 μαρτυρίου,
611 1893 670 1959 ἐξ
698 1896 954 1949 ὑακίνθου
989 1899 1082 1951 καὶ
1112 1900 1421 1971 πορφύρας,
1458 1904 1555 1955 καὶ
1585 1901 1839 1955 κοκκίνου

254 1986 615 2052 νενησμένου,
643 1988 735 2040 καὶ
764 1988 960 2057 βύσσου
987 1990 1393 2063 κεκλωσμένης,
1419 1994 1578 2065 ἔργον
1610 1996 1843 2063 ὑφαντὺν

255 2076 558 2147 Χερουϐίμ.
585 2098 602 2129 ι
621 2080 748 2146 Καὶ,
769 2098 787 2130 ι
813 2082 1105 2152 Ἑποίησαν
1120 2083 1179 2136 τὸ
1196 2084 1505 2157 ἱλαστήριον
1522 2088 1725 2141 ἄνωθεν
1744 2091 1841 2158 τῆς

264 2165 508 2219 κιϐωτοῦ
554 2170 617 2221 ὲκ
649 2170 873 2239 χρυσίου
908 2173 1173 2244 καθαροῦ,
1217 2177 1311 2227 καὶ
1362 2178 1488 2241 τοὺς
1515 2178 1606 2231 δύο
1640 2180 1845 2249 Χερου-

256 2256 385 2324 6ίμ.
425 2277 442 2308 ι
471 2258 536 2310 Τί
574 2263 768 2325 ποιεῖς,
803 2256 847 2314 ὦ
879 2264 1122 2333 Μωῦσῆ;
1159 2268 1222 2318 σὺ
1255 2265 1454 2334 λέγεις,
1505 2287 1522 2319 ς
1559 2269 1633 2320 Οὐ
1687 2270 1843 2338 ποιή-

263 2364 385 2411 σεις
420 2351 631 2421 σεαυτῷ
657 2352 913 2420 γλυπτὸν,
965 2356 1084 2409 οὐδὲ
1136 2359 1242 2410 πᾶν
1275 2358 1542 2428 ὁμοίωμα.
1589 2377 1607 2409 ι
1644 2360 1739 2413 καὶ
1780 2360 1843 2413 σὺ

264 2440 667 2511 καταπέτασμα
687 2445 1122 2508 κατασκευάζεις
1152 2458 1173 2485 ο
1195 2447 1354 2518 ἔργον
1378 2449 1609 2517 ὑφαντὸν
1640 2452 1845 2519 Χερου-

265 2532 394 2600 ϐὶμ,
432 2535 523 2586 καὶ
552 2534 645 2587 δύο
676 2536 955 2606 Χερουϐὶμ
996 2539 1055 2589 ὲκ
1100 2540 1324 2609 χρυσίου
1363 2541 1644 2611 καθαροῦ;
1708 2544 1845 2596 Ἀλλ’

262 2625 458 2687 ἄκουε,
481 2625 533 2677 τί
556 2625 692 2695 πρὸς
730 2628 789 2679 σὲ
812 2630 838 2679 ό
868 2627 1123 2698 θεράπων
1169 2631 1262 2684 τοῦ
1290 2631 1426 2683 Θεοῦ
1458 2633 1695 2701 Μωῦσῆς
1735 2637 1846 2697 τοῖς

262 2717 591 2786 πράγμασιν
643 2720 1083 2789 ἀντιφθέγγεται.
1132 2718 1202 2775 Ὦ
1259 2724 1449 2791 τυφλοὶ
1511 2726 1603 2778 καὶ
1649 2727 1842 2795 μωροὶ,

264 2807 457 2861 σύνετε
479 2808 585 2862 τῶν
632 2810 940 2881 λεγομένων
979 2814 1077 2883 τήν
1112 2814 1363 2885 δύναμιν,
1395 2817 1487 2870 καὶ
1542 2817 1847 2884 φυλάξασθε

259 2900 477 2970 σφόδρα
505 2903 603 2963 τὰς
629 2901 806 2972 ψυχὰς
827 2904 1000 2973 ὑμῶν.
1052 2899 1238 2968 Εἶπον,
1263 2908 1342 2960 ὅτι
1386 2926 1403 2957 ι
1446 2906 1731 2977 Ὀμοίωμα
1749 2909 1850 2960 οὐκ

1939 1735 2066 1775 nem
2096 1716 2597 1773 similitudinem“.
2624 1734 2641 1766 ι
2666 1716 2790 1769 Haec
2812 1726 2937 1766 cum
2972 1708 3321 1781 praecepisset
3341 1709 3517 1763 Deus:

1948 1830 1967 1863 ι
1997 1812 2288 1873 Fecerunt,
2313 1810 2511 1878 inquit,
2540 1806 2839 1862 tentorium
2859 1801 3204 1858 tabernaculi
3245 1800 3408 1871 350
3440 1811 3519 1855 te—

1944 1902 2187 1960 stimonii
2235 1916 2300 1955 ex
2368 1898 2685 1971 hyacintho,
2743 1904 2797 1949 et
2846 1909 3124 1965 purpura,
3186 1901 3239 1946 et
3294 1893 3523 1947 coccino

1944 2007 2095 2058 neto,
2134 2000 2188 2047 et
2229 1993 2397 2061 bysso
2458 2000 2686 2054 retorta,
2750 2002 2889 2056 opus
2946 1993 3259 2041 contextum
3314 1982 3523 2037 Cheru-

1945 2086 2056 2140 bim
2092 2086 2156 2139 ‘9.
2201 2102 2219 2135 ›
2258 2082 2367 2137 Et:
2415 2102 2432 2134 ‹
2470 2082 2745 2137 Fecerunt
2778 2078 3217 2149 propitiatorium
3269 2091 3335 2130 ex
3392 2088 3526 2127 auro

1948 2192 2106 2247 puro,
2123 2184 2177 2233 et
2201 2176 2309 2231 duo
2334 2176 2630 2232 Cherubim
2665 2191 2830 2244 super
2854 2188 3039 2227 arcam
3070 2173 3137 2227 ⁸ο.
3165 2188 3185 2224 ι
3214 2168 3357 2235 Quid
3386 2167 3525 2238 agis,

1945 2268 2193 2338 Moyses?
2225 2276 2283 2322 tu
2322 2268 2575 2337 praecipis
2606 2284 2618 2320 :
2666 2284 2684 2318 ι
2722 2267 2841 2320 Νοη
2884 2266 3055 2320 facies
3092 2263 3192 2318 tibi
3235 2260 3522 2330 sculptile,

1947 2376 2123 2429 neque
2154 2375 2372 2415 omnem
2410 2360 2737 2426 imaginem;
2779 2378 2797 2410 ι
2845 2373 2908 2411 ac
2961 2355 3319 2411 nihilominus
3348 2358 3527 2407 tento-

1951 2453 2118 2514 rium,
2156 2466 2296 2520 opus
2323 2451 2620 2506 Cherubim
2677 2457 2997 2504 contextum
3037 2447 3194 2513 facis,
3225 2443 3530 2515 quinetiam

1949 2542 2057 2597 duo
2093 2540 2391 2596 Cherubim
2424 2557 2489 2596 ex
2520 2556 2658 2595 auro
2687 2541 2864 2610 puro?
2893 2538 3094 2595 Verum
3124 2536 3405 2593 auscultes
3442 2548 3533 2589 ve-

1950 2632 2065 2695 lim,
2102 2632 2234 2702 quid
2296 2631 2393 2686 tibi
2452 2630 2542 2686 Dei
2601 2632 2853 2686 minister
2902 2628 3117 2700 Moyses
3173 2625 3525 2696 respondeat.

1950 2724 1994 2778 0
2034 2724 2163 2778 (ξπεὶ
2189 2734 2243 2779 et
2276 2725 2452 2788 stulti,
2491 2723 2600 2777 vim
2646 2725 2942 2778 verborum
2995 2721 3279 2792 percipile,
3317 2726 3371 2772 et
3409 2716 3529 2770 anl—

1953 2830 2070 2870 mas
2100 2826 2318 2871 vestras
2355 2815 2781 2886 diligentissime
2822 2814 3119 2868 custodite.
3155 2810 3277 2865 Dixi
3308 2829 3320 2865 :
3359 2828 3377 2861 ι
3416 2806 3527 2863 Vos

1953 2906 2372 2961 similitudinem
2415 2922 2523 2961 non
2559 2905 2775 2960 vidistis
2812 2906 2866 2958 in
2900 2904 2989 2959 die
3040 2919 3146 2974 qua
3196 2903 3416 2956 locutus
3445 2908 3531 2954 est

261 2992 438 3044 εἴδετε
466 2995 522 3045 ἐν
553 2998 618 3064 τῇ
664 2995 868 3066 ἡμέρᾳ,
992 2996 1220 3066 manas
1272 2999 1479 3068 Κύριος
1531 2999 1664 3069 πρὸς
1704 3000 1846 3068 ὑμᾶς

1956 2998 2022 3051 ad
2076 3014 2169 3051 vos
2228 2997 2495 3052 Dominus
2546 2999 2601 3050 in
2638 2997 2819 3052 Horeb
2879 2997 2931 3050 in
2988 3002 3171 3050 monte
3223 2994 3291 3048 de
3352 2990 3532 3046 medio

262 3084 328 3134 ὲν
360 3084 559 3154 Χωρὴϐ
590 3088 647 3138 ὲν
677 3085 753 3156 τῷ
782 3087 897 3158 ὄρει
937 3091 999 3140 ἐκ
1061 3089 1229 3158 μέσου
1267 3090 1361 3143 τοῦ
1401 3091 1593 3159 πυρὸς,
1636 3094 1846 3162 μήποτε

261 3173 602 3243 ἀνομήσητε,
621 3175 716 3227 καὶ
748 3178 1007 3245 ποιήσητε
1028 3177 1155 3245 ὑμῖν
1176 3179 1357 3242 αὐτοῖς
1380 3179 1614 3247 γλυπτὸν
1648 3182 1846 3249 ὁμοίω-

267 3281 371 3333 μα,
398 3265 577 3317 πᾶσαν
610 3266 793 3319 εἰκόνα
812 3283 825 3297 ·
858 3268 952 3339 καὶ
979 3268 1133 3332 θεοὺς
1157 3272 1455 3338 χωνευτοὺς
1499 3272 1559 3323 οὐ
1600 3273 1848 3341 ποιήσεις

267 3356 503 3426 σεαυτῷ.
540 3376 556 3407 ι
590 3357 703 3410 Οὐκ
738 3353 909 3424 εἷπον,
944 3362 1018 3411 Οὐ
1049 3362 1294 3431 ποιήσεις
1328 3363 1509 3416 εἰκόνα
1548 3363 1847 3433 Χερουϐὶμ,

265 3445 349 3508 ὡς
385 3447 587 3500 δούλων
623 3450 1047 3519 παρεστηκότων
1076 3451 1151 3521 τῷ
1184 3451 1501 3521 ίλαστηρίῳ,
1534 3452 1677 3517 ἀλλ’,
1708 3469 1727 3504 ι
1773 3453 1848 3505 Οὐ

268 3540 521 3608 ποιήσεις
547 3540 758 3611 σεαυτῷ
785 3541 941 3605 θεοὺς
966 3544 1287 3611 χωνευτοὺς,
1319 3546 1431 3609 καὶ,
1460 3564 1477 3595 ι
1502 3544 1575 3597 Οὐ
1607 3546 1851 3615 ποιήσεις

271 3631 389 3682 πᾶν
422 3632 694 3702 ὁμοίωμα,
738 3652 756 3684 ι
791 3633 864 3697 ὡς
895 3633 1071 3699 θεοὺς,
1100 3637 1209 3689 οὐδ’
1239 3637 1299 3688 οὐ
1335 3639 1407 3707 μὴ
1437 3637 1738 3710 λατρεύσῃς
1784 3640 1850 3708 τῇ

271 3721 453 3774 κτίσει
488 3726 638 3794 παρά
670 3724 763 3777 τὸν
788 3725 1083 3779 Κτίσαντά.
1128 3726 1413 3797 ὐμοίωμα
1447 3728 1544 3797 μὲν
1590 3728 1685 3780 οὖν
1719 3727 1853 3780 Θεοῦ

268 3813 377 3866 οὑκ
420 3816 670 3886 ἐποίησα,
706 3818 826 3870 οὐδὲ
872 3818 977 3889 μὴν
1010 3819 1198 3890 ἐτέρου
1244 3820 1387 3881 τινὸς
1413 3820 1489 3883 ὡς
1541 3820 1700 3883 Θεοῦ,
1737 3821 1857 3874 οὐδὲ

270 3904 568 3977 ἀνθρώπου
604 3924 617 3937 ’
650 3908 944 3963 δεδούλωτο
977 3910 1083 3981 γὰρ
1121 3914 1187 3981 τῇ
1225 3911 1469 3981 ἁμαρτίᾳ
1511 3914 1541 3981 ἡ
1574 3911 1733 3980 φύσις
1759 3912 1857 3981 τῆς

269 4000 694 4073 ἁνθρωπότητος
723 4020 737 4031 ·
766 4003 885 4056 οὐδὲ
924 4004 1228 4074 ὲλάτρευσα
1256 4008 1320 4075 τῇ
1358 4006 1533 4057 κτίσει
1579 4005 1731 4074 παρὰ
1768 4006 1859 4058 τὸν

270 4090 580 4155 Κτίσαντα,
613 4092 796 4162 πάσης
817 4094 874 4145 δὲ
906 4094 1005 4163 τῆς
1029 4094 1258 4158 κτίσεως
1301 4095 1552 4165 ὁμοίωμα
1586 4096 1684 4165 τὴν
1734 4113 1861 4165 σκη-

271 4181 379 4252 νὴν
407 4185 804 4249 κατεσκεύασα,
844 4204 861 4236 ι
909 4186 1049 4239 κατὰ
1086 4188 1176 4239 τὸν
1225 4186 1395 4239 τύπον
1446 4188 1535 4240 τὸν
1581 4188 1861 4257 δειχθέντα

278 4290 376 4343 μοι
402 4275 459 4326 ἐν
489 4276 564 4347 τῷ
589 4277 726 4347 ὄρει,
749 4296 767 4330 ι
793 4281 887 4331 καὶ
926 4279 1207 4349 Χερουϐὶμ
1236 4278 1526 4341 σκιάζοντα
1554 4281 1612 4332 τὸ
1644 4279 1860 4349 ἱλαστή-

277 4383 419 4438 ριον,
452 4345 670 4441 egeat;
723 4345 1128 4443 παρεστηκϐτα.
1171 4345 1359 4437 τΕἷδες,
1404 4372 1527 4437 πῶς
1565 4345 1862 4443 ἀνεφάνηο
1897 4345 1937 4398 D

278 4458 491 4522 σκοπὸς
523 4461 623 4529 τῆς
663 4462 888 4533 Γραφῆς
903 4467 1016 4526 τοῖς
1049 4465 1282 4526 συνετῶς
1311 4466 1573 4534 ἐρευνῶσι
1601 4482 1614 4528 ;
1652 4466 1733 4517 δεῖ
1753 4466 1862 4535 γὰρ

275 4548 593 4615 γινώσκειν,
636 4557 935 4625 ἀγαπητοὶ.
967 4556 1123 4609 ausu
1154 4558 1318 4609 παντὶ
1346 4556 1630 4627 πράγματι
1668 4560 1699 4627 ἡ
1732 4558 1862 4627 ἀλή⁴

278 4640 406 4693 Data
432 4643 694 4713 ζητεῖται,
720 4649 810 4700 καὶ
833 4648 891 4700 τὸ
911 4648 1127 4719 ψεῦδος,
1153 4650 1244 4702 καὶ
1266 4651 1293 4701 ὁ
1311 4649 1511 4712 σκοπὸς
1540 4648 1633 4700 τοῦ
1659 4648 1865 4701 ποιοῦν-

278 4748 398 4794 τος,
428 4733 476 4785 εἰ
514 4736 677 4801 καλός
714 4741 881 4801 ἐστιν,
924 4740 957 4811 ἢ
988 4740 1177 4803 κακός.
1246 4742 1333 4793 Ἐν
1368 4742 1467 4811 μὲν
1500 4740 1608 4811 γὰρ
1650 4740 1729 4811 τῷ
1760 4742 1863 4793 Εὑ-

280 4825 544 4896 οιγγελίῳ,
578 4830 673 4883 καὶ
702 4831 854 4894 Θεὸς,
892 4832 987 4885 καὶ
1019 4832 1270 4901 ἄγγελος,
1307 4834 1401 4885 καὶ
1429 4832 1734 4901 ἄνθρωπος,
1775 4834 1867 4885 καὶ

278 4912 383 4983 γῆ,
401 4916 495 4967 καὶ
522 4916 689 4989 ὕδωρ,
714 4920 809 4973 και
838 4920 966 4991 πῦρ,
988 4922 1083 4974 καὶ
1110 4921 1238 4992 ἀὴρ,
1268 4923 1362 4974 καὶ
1389 4921 1559 4991 ἥλιος,
1590 4924 1683 4974 καί
1714 4922 1868 4991 σελή-

280 5022 374 5075 νη,
399 5010 492 5062 καὶ
510 5011 647 5080 φῶς,
684 5014 777 5066 καὶ
808 5015 1017 5081 σκότος,
1048 5014 1143 5067 καῖ⁹
1168 5015 1435 5077 Σατανᾶς,
1472 5015 1562 5067 καὶ
1591 5015 1863 5083 δαίμονες,

282 5097 385 5151 καὶ
418 5099 592 5169 ὄφεις,
623 5105 718 5158 καὶ
745 5106 1022 5176 σκορπίοι,
1062 5107 1156 5160 καὶ
1180 5106 1316 5175 ζωὴ,
1360 5105 1455 5159 καὶ
1490 5104 1739 5168 θάνατος,
1771 5105 1867 5158 καὶ

357 5256 404 5328 ‘_'
432 5259 599 5314 Exod.
639 5278 731 5328 xx,
768 5264 822 5317 4.

910 5265 954 5297 ‘9
989 5264 1158 5320 Exod.
1199 5279 1383 5329 xxxvt,
1431 5264 1520 5317 57.

285 5326 339 5360 ⁸⁸
366 5323 524 5384 Boni.
560 5348 595 5396 ι,
627 5333 718 5386 ‘25.

811 5334 856 5366 “
888 5334 1060 5389 Exod.
1100 5351 1203 5389 xxv
1255 5336 1344 5389 £0.

1598 5263 1642 5293 ³ο
1666 5260 1839 5315 Exod.
1873 5277 2078 5324 xxxv”,
2115 5262 2168 5326 6,
2213 5263 2262 5316 7.

1957 3092 2131 3160 ignis;
2174 3090 2469 3161 nequando
2504 3097 2695 3145 contra
2749 3092 2923 3161 legem
2966 3089 3164 3159 agatis,
3211 3097 3265 3142 et
3311 3084 3530 3140 faciatis

1959 3184 2114 3238 vobis
2177 3186 2448 3253 sculptam
2516 3184 2951 3247 similitudinem,
3037 3195 3254 3237 omnem
3335 3178 3531 3249 imagi-

1958 3291 2078 3329 nem
2109 3274 2176 3328 ⁵¹;
2208 3283 2260 3328 et
2288 3275 2419 3330 deos
2447 3277 2753 3331 coullaliles
2786 3290 2894 3329 non
2920 3272 3089 3328 facies
3121 3273 3219 3327 tibi
3250 3272 3317 3323 5'.
3361 3290 3379 3322 ι
3415 3268 3536 3323 Non

1958 3366 2113 3420 dixi:
2149 3365 2225 3421 Ne
2268 3366 2468 3422 feceris
2518 3368 2784 3437 imagines
2832 3363 3155 3426 Cherubim,
3192 3376 3314 3431 qua
3343 3360 3409 3414 ad
3449 3360 3537 3412 in-
3612 3424 3613 3427 η

1961 3468 2074 3513 star
2105 3473 2390 3515 servorum
2421 3457 2809 3529 propitiatorio
2844 3455 3143 3519 assistant;
3179 3451 3313 3508 sed:
3365 3470 3383 3503 ‹
3419 3448 3537 3504 Non

1963 3548 2138 3603 facies
2192 3549 2290 3603 tibi
2332 3550 2466 3604 deos
2530 3548 2877 3614 conﬂatiles;
2921 3567 2939 3599 ι
2976 3556 3075 3601 et:
3137 3567 3154 3597 ι
3212 3543 3331 3599 Νοη
3367 3543 3540 3597 facies

1963 3641 2059 3695 tibi
2098 3640 2267 3694 ullam
2291 3639 2734 3703 similitudinem,
2777 3657 2794 3689 ι
2828 3649 3089 3707 tanquam
3130 3635 3245 3697 Dei,
3294 3650 3397 3688 nec
3428 3648 3543 3688 ser-

1964 3733 2080 3788 vies
2108 3740 2371 3786 creatura:
2415 3730 2598 3800 potius
2630 3744 2793 3800 quam
2847 3729 3095 3783 Creatori
3128 3728 3195 3781 ⁸⁸.
3236 3725 3425 3795 Itaque
3468 3726 3542 3779 si-

1966 3822 2330 3876 militudinem
2381 3820 2471 3876 Dei
2523 3836 2631 3875 non
2676 3820 2801 3884 feci,
2856 3835 3034 3889 neque
3079 3818 3307 3871 alterius
3356 3816 3543 3885 cujus-

1966 3917 2111 3986 piam
2159 3922 2424 3984 tanquam
2468 3913 2604 3978 Dei,
2661 3929 2841 3984 neque
2896 3914 3022 3969 item
3082 3910 3323 3965 hominis
3377 3912 3544 3979 (tunc

1967 4008 2109 4063 enim
2140 4007 2435 4060 humanum
2466 4021 2638 4076 genus
2662 4005 2917 4062 servituti
2947 4002 3419 4073 mancipabatur),
3452 4018 3545 4056 ne-

1968 4112 2076 4167 que
2102 4098 2179 4150 rei
2208 4105 2404 4150 creatae
2436 4096 2621 4165 potius
2653 4111 2819 4164 quam
2870 4093 3119 4148 Creatori
3163 4094 3364 4148 servivi
3397 4111 3410 4145 :
3447 4093 3543 4148 scd

1970 4187 2241 4241 universa:
2287 4194 2555 4241 creaturae
2616 4186 3057 4252 similitudinem,
3102 4186 3541 4249 tabernaculum,

1973 4281 2219 4348 inquam,
2287 4277 2594 4344 construxi,
2661 4277 3014 4332 «secundum
3058 4277 3340 4345 exemplar
3399 4276 3545 4346 quod

1971 4371 2103 4424 mihi
2134 4379 2416 4425 ostensum
2466 4380 2547 4425 est
2596 4372 2650 4424 in
2682 4379 2866 4425 monte
2903 4369 2970 4424 ⁸³⁸.
3011 4390 3029 4422 ›
3068 4368 3364 4423 Cherubim
3413 4384 3546 4439 quo-

1970 4477 2096 4531 que,
2136 4478 2255 4531 qum.
2294 4462 2740 4531 propitiatorium
2803 4461 3219 4525 obumbrarcnt,
3282 4470 3541 4529 tanquam

1971 4553 2083 4609 Deo
2129 4555 2468 4610 assistentia.
2520 4553 2722 4609 Vidisti
2779 4555 3054 4624 quomodo
3107 4552 3407 4621 Scriptura:
3465 4553 3548 4604 inr-

1972 4645 2143 4699 tcntio
2176 4655 2229 4699 ct
2259 4660 2457 4701 sensus
2510 4644 2724 4698 obviam
2789 4644 2900 4699 illis
2950 4643 3062 4708 fiat,
3110 4642 3200 4712 qui
3250 4642 3549 4712 prudenter

1973 4738 2126 4791 illum
2174 4736 2554 4807 investigant?
2612 4735 2726 4791 Hoc
2786 4737 2987 4806 quippe
3044 4750 3210 4789 nosse
3270 4734 3548 4795 convenit,

1974 4828 2345 4891 dilectissimi,
2407 4829 2458 4880 in
2511 4828 2659 4882 omni
2694 4829 2938 4897 negotio,
2980 4827 3116 4881 illud
3151 4825 3374 4895 inquiri,
3417 4824 3548 4894 quid

1974 4922 2087 4975 veri
2150 4920 2221 4973 sit
2262 4930 2354 4974 aut
2411 4920 2554 4986 falsi,
2598 4937 2775 4991 quove
2822 4920 3059 4978 consilio
3105 4919 3380 4989 quispiam
3417 4916 3548 4987 quid

1975 5013 2182 5081 egerit;
2237 5012 2472 5075 honone,
2517 5029 2584 5065 an
2626 5013 2792 5066 malo.
2842 5012 2975 5066 Nam
3030 5012 3084 5066 in
3133 5010 3448 5081 Evangelia,
3499 5016 3553 5063 et

1978 5103 2143 5167 Deus,
2186 5115 2239 5157 (ιι
2273 5106 2527 5175 angelus,
2577 5114 2631 5161 et
2676 5106 2859 5169 homo,
2914 5116 2968 5160 et
3016 5113 3192 5169 terra,
3219 5113 3271 5158 et
3302 5118 3461 5173 aqua,
3500 5111 3553 5157 et
3626 5144 3627 5147 η

2350 5265 2391 5292 ⁵¹
2428 5262 2586 5318 Deut.
2622 5279 2692 5327 IV,
2740 5263 2825 5317 15.
2934 5264 2977 5293 δ’
3022 5261 3196 5316 Exod.
3234 5275 3422 5323 xxxw,
3460 5257 3546 5311 l7.

1605 5464 1836 5519 VAlllx‘E
1878 5460 2298 5519 LECTIONES.-
2658 5508 2661 5511 λ

367 5566 395 5595 ιι
426 5554 702 5611 Hactenus
737 5573 857 5626 qua:
890 5558 940 5610 in
965 5556 1118 5609 Colb.
1152 5566 1210 5610 ut
1232 5564 1284 5610 ct
1316 5564 1456 5626 orat.
1481 5555 1515 5609 2
1537 5557 1739 5611 omissa
1777 5573 1838 5611 su

2004 5553 2031 5593 ι)
2060 5553 2214 5609 Colb.
2234 5561 2287 5606 et
2312 5553 2368 5626 2,
2393 5561 2533 5608 orat.
2563 5554 2674 5609 Καὶ
2695 5552 2775 5606 ὅτι
2805 5549 2979 5605 ταῦτα
3006 5548 3176 5613 οὕτως
3208 5546 3342 5619 ἔχει,
3362 5543 3549 5602 ἄκουν

288 5625 369 5681 Οὐ
400 5628 647 5698 ποιήσεις
682 5625 894 5698 σεαυτῷ
930 5627 1189 5695 γλυπτόν.

1271 5638 1291 5665 ο
1328 5625 1623 5695 llucusque
1654 5626 1778 5681 cod.
1804 5626 1982 5693 Colb.;
2020 5631 2213 5680 uetera
2248 5623 2476 5693 periere.
