3936 6174
461 227 594 298 1331

1645 227 1706 287 8.
1738 224 2057 289 IOANNIS
2093 222 2520 286 DAMASCENI

3590 214 3719 276 inp“

3627 254 3656 268 νδ
3690 262 3719 272 ac

3627 254 3656 268 ,ι
3690 262 3721 272 ιο

459 345 626 415 ignis,
648 348 704 398 et
737 355 852 403 aer,
881 347 937 396 et
973 340 1076 405 sol,
1110 346 1165 394 et
1193 338 1343 405 luna,
1371 345 1426 393 et
1455 335 1569 399 lux,
1601 342 1654 390 et
1683 336 1942 398 tenebrae,
1972 341 2026 388 et

2129 330 2282 401 ᾅδης,
2305 333 2400 386 καὶ
2421 329 2634 402 ἀρεταὶ,
2670 329 2763 381 καὶ
2793 327 3004 390 κακίαι,
3038 325 3132 378 καὶ
3161 324 3343 379 πάντα
3370 323 3521 378 καλά
3546 340 3608 375 τε
3632 329 3718 377 καὶ

460 435 717 494 Satanas,
757 439 811 485 et
843 429 1142 495 daemones,
1177 439 1232 484 et
1270 436 1584 499 serpentes,
1616 435 1670 481 et
1707 427 1932 498 scorpii,
1976 436 2031 480 et

461 537 633 585 mors,
666 531 720 578 et
760 522 1016 587 virtutes,
1054 529 1110 575 et
1155 521 1310 586 vitia,
1366 527 1532 590 atque
1573 520 1850 584 universa,
1901 531 2026 571 cum

459 611 624 679 bona,
660 623 774 668 tum
818 613 959 667 mala
993 611 1200 682 scripta
1244 621 1393 668 sunt.
1425 610 1651 675 Verum,
1684 607 2029 679 quandoqui—

459 703 582 760 dem
612 703 795 760 omnia
824 719 947 774 quae
969 703 1037 760 de
1069 703 1160 759 his
1199 702 1473 767 feruntur,
1503 716 1636 757 vera
1667 707 1819 763 sunt,
1864 706 2031 768 atque

461 792 516 848 in
551 792 646 847 Dei
709 794 962 862 gloriam,
1019 802 1074 850 et
1107 795 1340 849 salutem
1391 801 1657 858 nostram,
1713 806 1926 848 necnon
1975 793 2029 846 in

461 893 776 940 sanctorum
815 901 956 955 quos
1009 886 1102 942 ille
1154 886 1429 958 gloriosos
1484 885 1688 950 etl‘ecit,
1739 888 2026 952 honorem,

458 983 513 1030 et
557 975 612 1030 in
639 975 846 1032 diaboli
887 977 1306 1048 dmmonumque
1339 979 1459 1048 ejus
1489 977 1868 1048 opprobrium,
1901 990 2031 1030 ton-

463 1065 666 1131 i‘erunt,
701 1083 764 1124 ea
803 1083 904 1124 nos
949 1069 1263 1133 adoramus,
1309 1069 1749 1139 complectimur,
1791 1067 2029 1123 deoscu-

463 1158 660 1223 lamur,
703 1166 867 1227 atque
908 1158 1120 1222 oculis,
1177 1158 1346 1214 labris
1392 1166 1447 1213 et
1495 1157 1662 1212 corde
1700 1156 2028 1212 salutamus.

461 1247 850 1315 Consimiliter,
900 1247 1075 1305 Vetus
1128 1265 1310 1313 omne,
1357 1248 1679 1319 Novumque
1709 1247 2030 1303 Testamen-

468 1351 603 1406 tum,
634 1349 688 1396 et
719 1356 1003 1397 sermones
1039 1349 1357 1396 sanctorum
1409 1341 1876 1410 probatorumque
1924 1339 2030 1392 Pa-

462 1443 606 1487 trum
659 1433 1094 1503 prosequimur:
1147 1443 1201 1486 at
1259 1441 1473 1503 turpem
1526 1431 2035 1499 exsecrabilemque

457 1529 512 1575 et
582 1521 852 1591 impuram
908 1523 1360 1579 detestandorum
1415 1522 1836 1577 Manichaeorum
1891 1520 2032 1575 scri-

461 1621 700 1681 pturam,
743 1613 1050 1669 eademmet
1109 1615 1377 1669 vocabula
1431 1615 1905 1682 complectentem,
1952 1619 2030 1666 at-

458 1718 566 1773 que
600 1703 667 1756 ad
712 1703 920 1761 diaboli
973 1705 1394 1774 daemonumque
1464 1705 1586 1774 ejus
1618 1705 1845 1772 gloriam
1889 1703 2027 1759 etin

459 1792 768 1848 animarum
828 1795 1128 1865 perniciem
1177 1795 1562 1865 excogitatam,
1615 1794 1928 1863 respuimus
1973 1799 2029 1847 et

463 1883 767 1954 rejicimus.
815 1885 907 1941 Sic
945 1901 1164 1957 quoque
1188 1887 1408 1957 quando
1447 1887 1515 1941 de
1549 1885 1883 1956 imaginibus
1913 1885 2028 1954 agi-

460 1982 570 2040 tur,
605 1975 934 2046 inquirenda
987 1978 1193 2035 veritas
1233 1985 1338 2043 est,
1397 1993 1661 2047 meusque
1701 1990 1891 2032 eorum
1935 1973 2026 2044 qui

457 2080 556 2122 eas
591 2067 822 2124 faciunt.
860 2068 926 2123 Et
969 2068 1242 2140 siquidem
1283 2084 1411 2125 vera
1443 2078 1705 2137 rectaque
1734 2067 1823 2130 sit,
1866 2075 2029 2136 atque

459 2156 529 2220 ad
569 2157 662 2213 Dei
701 2169 1130 2231 sanctorumque
1184 2161 1306 2230 ejus
1346 2160 1573 2231 gloriam
1609 2160 1760 2222 ﬁant,
1811 2158 2027 2228 juvent-

457 2260 566 2317 que
593 2245 663 2301 ad
698 2248 930 2304 virtutes
989 2248 1400 2318 persequendas
1455 2257 1509 2302 et
1562 2249 1696 2303 vitia
1746 2246 2024 2318 fugienda,

461 2351 674 2393 necnon
711 2339 778 2393 ad
811 2340 1121 2394 animarum
1161 2341 1418 2407 salutem,
1466 2355 1559 2396 eas
1593 2347 1854 2408 tanquam
1886 2337 2024 2391 ima-

458 2425 636 2496 ciues,
695 2430 966 2499 exempla,
1035 2430 1449 2496 similitudines,
1506 2431 2028 2496 illitteratorumque

460 2518 741 2574 hominum
778 2519 951 2576 libros
977 2529 1032 2577 et
1067 2531 1440 2589 monumenta,
1475 2537 1820 2585 veneremur,
1861 2534 2027 2574 oscu-

457 2609 652 2676 lemnr,
689 2612 977 2684 oculisque
1006 2623 1059 2668 et
1092 2614 1256 2670 labiis
1292 2623 1348 2669 et
1376 2614 1542 2670 corde
1576 2612 2023 2683 complectamur;

455 2700 604 2763 velut
628 2701 840 2762 scilicet
866 2702 1137 2757 incarnati
1170 2701 1266 2758 Dei
1296 2701 1455 2773 351
1497 2699 1746 2772 etligiem,
1783 2707 1877 2754 aut
1909 2713 2026 2753 ma-

456 2792 557 2856 tris
589 2792 734 2862 cjus,
795 2802 894 2849 aut
941 2801 1280 2860 sanctorum,
1327 2795 1425 2864 qui
1459 2794 1780 2864 passionum
1815 2789 2024 2846 Christi

457 2886 680 2956 perinde
711 2895 877 2958 atque
914 2887 1103 2958 gloriae
1140 2887 1300 2952 socii,
1349 2886 1701 2956 victoresque
1741 2891 1798 2939 et
1833 2881 2025 2953 protli-

2133 423 2301 486 κακὰ,
2333 421 2440 474 εἰσὶ
2468 418 2850 489 γεγραμμένα.
2897 415 3037 469 Ἀλλ’
3062 416 3236 485 ὅμως,
3261 413 3450 483 ἐπειδὴ
3478 415 3558 466 τὰ
3596 417 3722 481 περὶ

2132 513 2313 568 αὐτῶν
2347 512 2618 582 λεγόμενα
2646 509 2821 579 ἀληθῆ
2854 509 2981 572 εἰσι,
3034 507 3130 560 καί⁵
3159 506 3189 559 ὁ
3220 505 3422 567 σκοπὸς
3455 503 3604 574 πρὸς
3637 503 3716 555 δό-

2131 605 2226 671 ξαν
2248 603 2384 658 Θεοῦ
2415 604 2528 656 ἐστι
2558 603 2652 656 καὶ
2699 600 2974 671 σωτηρίαν
3019 599 3204 669 ἡμῶν,
3250 597 3344 650 καὶ
3389 590 3582 661 δόξα⁴
3626 593 3725 664 μὲν

2131 697 2241 750 τῶν
2269 697 2361 750 ὑπ’
2389 691 2556 750 αὐτοῦ
2601 690 2976 761 δοξαζομένων
3035 689 3225 756 ἁγίων,
3254 687 3489 757 αἰσχύνη
3526 686 3586 737 δὲ
3627 685 3719 736 τοῦ

2129 785 2373 840 διαϐόλου
2396 785 2489 838 καὶ
2515 783 2622 837 τῶν
2644 781 2912 849 δαιμόνων
2938 779 3126 842 αὑτοῦ,
3149 777 3594 850 προσκυνοῦμεν,
3627 777 3724 829 καὶ

2133 875 2638 949 περιπτυσσόμεθα,
2675 873 2769 929 καὶ
2798 869 3225 940 καταφιλοῦμεν,
3258 872 3353 923 καὶ
3385 868 3721 938 ὀφθαλμοῖς,

2133 969 2224 1022 καὶ
2246 967 2470 1038 χείλεσι,
2502 965 2598 1018 καὶ
2637 963 2836 1036 καρδίᾳ
2881 960 3260 1031 ἀσπαζόμεθα.
3322 961 3572 1031 Ὁμοίως
3627 959 3720 1012 καὶ

2134 1063 2314 1115 πᾶσαν
2343 1059 2442 1131 τὴν
2467 1057 2707 1112 Παλαιὰν
2749 1054 2845 1110 καὶ
2884 1055 3095 1125 Καινὴν
3139 1053 3439 1124 Διαθήκην,
3476 1051 3614 1114 τούς
3660 1068 3720 1103 τε

2133 1153 2322 1224 λόγους
2349 1150 2458 1206 τῶν
2507 1149 2677 1218 ἁγίων
2728 1149 2822 1202 καὶ
2857 1146 3130 1218 ἐκκρίτων
3192 1144 3494 1216 Πατέρωνο
3526 1143 3635 1213 τὴν
3663 1143 3720 1195 δέ

2130 1243 2361 1314 αἰσχρὰν
2399 1243 2495 1297 καὶ
2535 1240 2785 1310 μυσαράν
2827 1239 2921 1293 καὶ
2966 1237 3276 1308 ἀκάθαρτον
3319 1237 3547 1307 γραφὴν
3610 1234 3720 1287 τῶν

2132 1340 2452 1411 καταράτων
2495 1333 2829 1404 Μανιχαίων,
2861 1333 2929 1386 τὰ
2961 1331 3101 1384 αὑτά
3140 1330 3385 1400 ὀνόματα
3421 1329 3718 1400 περιέχου-

2135 1448 2253 1497 σαν,
2276 1431 2372 1484 καὶ
2398 1428 2535 1500 πρὸς
2577 1425 2732 1490 δόξαν
2772 1423 2867 1478 τοῦ
2896 1422 3145 1478 διαϐόλου
3183 1423 3281 1475 καὶ
3304 1421 3415 1475 τῶν
3438 1421 3719 1490 δαιμόνων

2132 1522 2318 1587 αὑτοῦ,
2346 1520 2440 1574 καὶ
2468 1517 2747 1573 ἀπώλειαν
2775 1513 2965 1585 ψυχῶν
2996 1513 3404 1584 ἐφευρεθεῐσαν,
3431 1511 3716 1565 ἀποπτύο-

2135 1632 2235 1684 μεν
2259 1613 2355 1665 καὶ
2395 1607 2815 1677 ἀποϐαλλόμεθα
2842 1622 2857 1636 ·
2898 1605 3039 1658 οὕτω
3079 1605 3172 1658 καὶ
3201 1605 3257 1657 ἐν
3291 1603 3370 1672 τῷ
3419 1604 3718 1674 πράγματι

2129 1712 2240 1766 τῶν
2272 1710 2517 1772 εἰκόνων,
2550 1707 2658 1778 χρὴ
2691 1706 2920 1777 ἐρευνᾷν
2956 1703 3055 1773 τήν
3092 1718 3151 1754 τε
3189 1697 3449 1769 ἀλήθειαν
3488 1694 3592 1747 καὶ
3627 1693 3721 1745 τὸν

2132 1803 2332 1858 σκοπὸν
2360 1802 2469 1853 τῶν
2499 1797 2794 1853 ποιούντων
2820 1814 2836 1829 ο
2863 1795 2959 1850 καὶ
2987 1796 3036 1847 εἰ
3069 1794 3167 1864 μὲν
3189 1789 3395 1860 ἀληθὴς
3427 1788 3531 1840 καὶ
3560 1783 3721 1855 ὀρθὸς

2130 1892 2222 1946 καὶ
2257 1890 2393 1961 πρὸς
2422 1889 2580 1954 δόξαν
2604 1886 2742 1940 Θεοῦ
2771 1885 2868 1939 καὶ
2895 1884 3005 1938 τῶν
3032 1882 3200 1950 ἁγίων
3221 1877 3409 1940 αὑτοῦ,
3451 1875 3559 1928 καὶ
3581 1873 3720 1943 πρὸς

2129 1986 2288 2056 ζῆλον
2315 1984 2537 2056 ἀρετῆς,
2577 1983 2672 2037 καὶ
2711 1979 3003 2050 ἀποφυγὴν
3032 1977 3255 2039 κακίας,
3301 1973 3400 2028 καὶ
3433 1969 3720 2040 σωτηρίαν

2127 2071 2312 2141 ψυχῶν
2347 2071 2608 2139 γίνονται,
2633 2067 3014 2137 ἀποδέχεσθαι,
3040 2064 3134 2117 καὶ
3152 2063 3338 2133 τιμᾷν,
3365 2061 3448 2122 ὡς
3471 2059 3716 2120 εἰκόνας,

2129 2163 2223 2214 καὶ
2277 2161 2590 2232 μιμήματα,
2643 2159 2738 2213 καὶ
2783 2157 3129 2229 ὁμοιώματα,
3179 2152 3272 2206 καὶ
3325 2150 3554 2221 βίϐλους
3608 2148 3717 2200 τῶν

2127 2252 2506 2325 ἀγραμμάτων
2552 2251 2650 2304 καὶ
2693 2249 3020 2320 ὑπόμνησιν,
3071 2247 3169 2300 καὶ
3212 2244 3573 2315 προσκυνεῖν,
3621 2239 3714 2291 καὶ

2128 2343 2463 2412 καταφιλεῖν,
2501 2342 2598 2396 καὶ
2629 2340 2947 2412 ὀφθαλμοῖς,
3005 2339 3100 2393 καὶ
3129 2335 3387 2408 χείλεσιν,
3432 2331 3538 2384 καὶ
3575 2349 3714 2396 καρ-

2127 2435 2215 2506 δίᾳ
2255 2432 2622 2498 ἀσπάζεσθαι,
2659 2432 2735 2493 ὡς
2791 2429 3214 2502 σεσαρκωμένου
3254 2423 3388 2479 Θεοῦ
3423 2422 3711 2493 ὁμοίωμα,

2125 2526 2158 2596 ἢ
2187 2524 2287 2595 τῆς
2317 2522 2506 2578 τούτου
2537 2522 2761 2595 μητρὸς,
2786 2523 2820 2593 ἢ
2839 2521 2946 2574 τῶν
2972 2521 3142 2588 ἁγίων
3164 2517 3272 2571 τῶν
3293 2513 3582 2568 κοινωνῶν
3606 2512 3717 2565 τῶν

2127 2611 2470 2684 παθημάτων
2502 2611 2690 2678 αὑτοῦ,
2729 2610 2824 2666 καὶ
2865 2609 2966 2679 τῆς
2997 2607 3155 2678 δόξης
3177 2605 3271 2660 τοῦ
3300 2601 3574 2675 Χριστοῦ,
3616 2600 3717 2655 καὶ

2125 2704 2360 2775 νικητῶν
2400 2703 2495 2758 καὶ
2538 2702 2882 2774 καθαιρετιῖιν
2907 2699 3003 2755 τοῦ
3028 2697 3276 2755 διαϐόλου
3305 2695 3403 2750 καὶ
3434 2695 3554 2748 τῶν
3598 2692 3713 2745 δαισ

2128 2795 2327 2866 μόνων,
2359 2793 2454 2848 καὶ
2489 2792 2590 2863 τῆς
2620 2793 2828 2863 πλάνης
2874 2789 3075 2846 αὐτῶν.
3105 2789 3168 2842 Εἰ
3201 2787 3258 2841 δὲ
3294 2786 3396 2856 τῆς
3447 2783 3718 2853 Θεότητος

2123 2887 2222 2958 τῆς
2249 2887 2416 2947 ἁΰλου
2435 2885 2532 2940 καὶ
2551 2885 2843 2954 ἀσωμάτου
2864 2883 3049 2937 εἰκόνα
3068 2898 3153 2944 τις
3175 2879 3440 2950 τολμήσει
3458 2875 3715 2945 ποιῆσαι,

454 2984 671 3047 gatores
707 2976 911 3032 diaboli
950 2991 1016 3032 ac
1068 2976 1400 3050 daemonum,
1452 2989 1756 3044 eorumque
1812 2972 2024 3028 fraudis

2128 2981 2200 3044 ὡς
2229 2979 2399 3050 ψευδῆ
2429 2976 2852 3046 ἀποϐαλλόμεθα
2879 2991 2895 3009 ο
2941 2974 3039 3028 καὶ
3066 2972 3162 3026 ἐάν
3192 2988 3278 3035 τις
3311 2971 3409 3023 ἐπὶ
3437 2968 3575 3038 δόξῃ
3620 2967 3716 3020 καὶ

453 3069 804 3124 exstiterunt.
842 3068 998 3136 Quod
1031 3067 1077 3124 si
1111 3069 1238 3140 quis
1277 3067 1530 3134 Deitatis,
1577 3081 1701 3136 quae
1733 3079 1764 3119 a
1791 3063 2024 3120 materia

457 3161 644 3226 procul
677 3168 905 3227 semota,
943 3169 997 3216 et
1042 3160 1367 3232 incorporea
1389 3169 1502 3233 est,
1548 3159 1845 3229 imaginem
1877 3155 2026 3212 ausit

453 3250 726 3322 efﬁngere,
777 3260 1039 3321 tanquam
1090 3250 1286 3310 falsam
1345 3251 1493 3308 illam
1555 3250 1934 3320 reprobamus.
1965 3247 2023 3303 Si

455 3355 560 3410 qua
593 3341 721 3396 item
753 3341 809 3400 in
859 3341 1092 3412 gloriam
1118 3350 1171 3396 et
1205 3342 1473 3405 honorem
1523 3341 1846 3411 cultumque
1905 3339 2024 3394 dia-

455 3431 565 3486 boli
609 3431 688 3485 vel
738 3431 1046 3497 daemonum
1095 3446 1354 3500 expressa
1410 3432 1504 3498 sit,
1545 3431 1687 3487 hanc
1743 3431 2024 3502 rejicimus

456 3534 704 3591 prorsus,
744 3528 801 3574 et
853 3519 1087 3576 ﬂammis
1124 3533 1564 3576 concremamus.
1624 3517 1682 3575 Si
1735 3520 1860 3591 quis
1889 3520 2025 3575 ima-

452 3609 634 3680 ginem
693 3610 1002 3678 hominum,
1064 3620 1160 3670 aut
1204 3609 1532 3676 belluarum,
1584 3619 1679 3667 aut
1713 3611 2019 3678 volucrum,

453 3709 549 3754 aut
590 3699 891 3770 reptilium,
950 3699 1248 3757 alteriusve
1282 3702 1360 3758 rei
1399 3709 1600 3758 creatae
1630 3701 1684 3756 in
1726 3701 1896 3758 Deum
1927 3703 2025 3756 ha-

454 3791 654 3856 buerit,
713 3790 862 3847 hunc
910 3791 1251 3855 anathemati
1280 3792 1638 3852 devovemus.
1683 3791 1838 3849 Sicut
1874 3793 2021 3849 enim

453 3883 632 3951 sancti
663 3881 856 3940 Patres
913 3899 1073 3940 sacra
1110 3885 1418 3942 daemonum
1468 3894 1523 3940 et
1571 3885 1697 3939 l’ana
1737 3885 2022 3946 subverte-

457 3983 606 4038 runt,
635 3984 800 4046 atque
832 3976 885 4030 in
913 3991 1103 4036 eorum
1130 3977 1268 4031 locis
1315 3977 1516 4047 templa
1549 3976 1643 4032 Dei
1671 3987 2021 4033 sanctorum-

454 4083 560 4137 que
590 4069 800 4123 nomini
845 4067 1027 4124 dicata
1077 4076 1534 4140 construxerunt,
1568 4084 1692 4140 qua
1725 4079 1780 4125 et
1810 4083 1911 4126 nos
1939 4083 2024 4129 ve-

456 4172 751 4224 neramur;
786 4157 977 4213 eodem
1018 4158 1202 4223 modo,
1243 4157 1555 4212 daemonum
1595 4172 1814 4228 quoque
1852 4157 2018 4212 simu-

455 4246 619 4303 lacris
657 4247 879 4313 ablatis,
936 4248 1141 4304 Christi
1181 4257 1235 4305 et
1292 4247 1556 4320 Deiparaa,
1589 4257 2023 4318 sanctorumque

2124 3073 2257 3141 τιμῇ
2288 3071 2382 3124 καὶ
2406 3069 2775 3142 προσκυνήσει
2799 3065 2895 3120 τοῦ
2914 3063 3162 3118 διαϐόλου
3201 3063 3236 3134 ἢ
3260 3061 3370 3116 τῶν
3405 3058 3714 3130 δαιμόνων,

2125 3161 2512 3233 καταπτύομεν
2556 3160 2652 3215 καὶ
2711 3158 2846 3231 πυρὶ
2886 3156 3275 3226 ἀναλίσκομεν.
3311 3153 3428 3206 Καὶ
3469 3152 3576 3206 ἐὰν
3630 3166 3716 3212 τις

2123 3252 2448 3324 ἀνθρώπων,
2497 3253 2531 3323 ἢ
2580 3251 2814 3321 κτηνῶν,
2862 3250 2896 3320 ἦ
2936 3247 3226 3314 πετεινῶν,
3263 3245 3298 3316 ἢ
3344 3242 3634 3315 ἑρπετῶν,
3677 3243 3712 3310 ἦ

2123 3344 2289 3414 ἀλλης
2326 3344 2472 3407 τινὸς
2502 3343 2732 3408 κτίσεως
2766 3341 3063 3414 θεοποιήσῃ
3111 3338 3320 3401 εἰκόνα,
3364 3333 3714 3402 ἀναθεματί-

2125 3433 2290 3502 ζομεν
2328 3434 2537 3487 τοῦτον.
2585 3433 2798 3502 Ὥσπερ
2827 3429 2936 3500 γὰρ
2965 3430 3036 3483 τά
3074 3427 3196 3500 ιερὰ
3228 3427 3324 3482 καὶ
3355 3425 3486 3489 τοὺς
3549 3423 3717 3486 ναοὺς

2123 3523 2232 3578 τῶν
2262 3524 2531 3595 δαιμόνων
2557 3523 2808 3580 καθεῖλον
2832 3523 2884 3577 οἰ
2913 3523 3059 3590 ἅγιοι
3084 3520 3350 3591 Πατέρες,
3381 3518 3480 3572 καὶ
3517 3517 3583 3570 ἐν
3607 3517 3716 3578 τοῖς

2124 3614 2303 3670 αὐτῶν
2354 3616 2540 3679 τόποις
2574 3615 2742 3678 ναοὺς
2773 3613 2859 3669 ἐπ’
2894 3612 3126 3683 ὀνόματι
3182 3610 3318 3664 Θεοῦ
3380 3609 3480 3663 καὶ⁵
3539 3608 3717 3677 ἁγίων

2124 3706 2374 3780 ἧγειραν,
2399 3707 2492 3760 κα)⁸
2511 3705 2734 3769 τούτους
2758 3705 3008 3776 σέϐομεν,
3039 3703 3183 3758 οὕτω
3224 3701 3320 3756 καὶ
3346 3700 3453 3762 τὰς
3487 3700 3717 3761 εἰκόνας

2121 3797 2230 3852 τῶν
2281 3798 2552 3869 δαιμόνων
2598 3797 2870 3858 καθεῖλον,
2903 3795 3000 3850 καὶ
3047 3794 3164 3850 ἀντ’
3194 3793 3423 3847 ἐκείνων
3475 3793 3717 3863 ἤγειραν

2123 3889 2337 3952 εἰκόνας
2363 3887 2626 3960 Χριστοῦ,
2658 3888 2754 3942 καὶ
2796 3886 2898 3957 τῆς
2925 3885 3118 3940 τούτου
3158 3883 3406 3955 Μητρὸς,
3458 3885 3569 3936 καὶ
3612 3881 3717 3935 τῶν

2123 3981 2316 4050 ἁγίων,
2346 3981 2442 4034 καὶ
2454 3980 2657 4042 ταύτας
2677 3979 2929 4050 σέϐομεν.
2957 3979 3065 4034 Καὶ
3091 3977 3186 4030 ἐπὶ
3219 3976 3317 4043 μὲν
3329 3975 3439 4046 τῆς
3463 3975 3719 4036 Halani;

2123 4071 2245 4129 οὔτε
2273 4072 2435 4137 ναοὺς
2457 4073 2548 4126 ἐπ’
2575 4071 2801 4142 ὀνόματι
2827 4069 3133 4142 ἀνθρώπων
3157 4068 3380 4138 ἥγειρεν
3408 4067 3439 4120 δ
3467 4065 3711 4138 Ἰσραὴλ,

2122 4161 2246 4217 οὔτε
2288 4163 2631 4234 μνημόσυνον
2672 4160 2977 4232 ἐωρτάζετο
3002 4178 3016 4191 ·
3040 4159 3122 4213 ἔτι
3165 4159 3274 4227 γάρ
3303 4155 3415 4212 ὑπὸ
3459 4157 3716 4226 κατάραν

2121 4249 2197 4325 ἦν
2217 4254 2251 4324 ἠ
2277 4252 2384 4306 τῶν
2421 4250 2724 4323 ἀνθρώπων
2747 4250 2930 4320 φύσις,
2953 4249 3049 4304 καὶ
3075 4249 3104 4302 ό
3129 4247 3358 4310 Θάνατος
3374 4248 3718 4317 κατάκρισις

457 4339 723 4408 imagines
773 4339 965 4396 horum
1002 4341 1126 4396 loco
1175 4347 1515 4411 statuerunt,
1541 4340 1709 4411 Atqui
1748 4339 1804 4395 in
1835 4339 2016 4404 Veteri

2128 4339 2187 4414 ἦν
2207 4359 2222 4374 ο
2245 4343 2326 4397 διὸ
2361 4344 2456 4398 καὶ
2485 4342 2782 4406 ἐπενοεῖτο,
2806 4341 2902 4396 καὶ
2927 4342 2957 4396 ό
2987 4341 3291 4411 ἁπτόμενος
3325 4337 3425 4391 τοῦ
3456 4338 3717 4407 σώματος

453 4429 674 4498 quidem
709 4429 1083 4498 Testamento,
1131 4436 1246 4487 'nec
1298 4433 1495 4502 templa
1551 4442 1869 4489 sanctorum
1926 4447 2024 4494 nos

453 4521 586 4576 mini
623 4526 1017 4579 construebant
1062 4523 1342 4590 lsraelitae,
1386 4539 1486 4580 nec
1547 4539 1742 4581 eorum
1781 4539 2024 4580 comme-

448 4615 688 4670 moratio
740 4615 934 4672 festiva
987 4627 1122 4672 erat.
1187 4616 1382 4671 Adhuc
1443 4615 1588 4672 enim
1650 4615 2024 4672 maledictioui

446 4705 853 4775 subjiciehatur
890 4707 1174 4762 hominum
1205 4722 1399 4778 genus,
1433 4717 1488 4762 et
1522 4721 1671 4762 mors
1693 4706 2018 4777 supplicium

369 4868 380 4875 ἡ
449 4803 612 4850 erat:
669 4804 1006 4868 quapropter
1067 4797 1184 4852 haec
1247 4797 1556 4868 lugebatur,
1603 4804 1659 4852 et
1691 4796 1786 4867 qui
1819 4794 2018 4851 mortui

452 4884 687 4962 cadaver
757 4888 1049 4960 tetigisset,
1111 4889 1431 4963 immundus
1487 4887 1809 4943 habebatur.
1862 4885 2022 4942 Nunc

2120 4433 2215 4489 τοῦ
2243 4434 2589 4505 τεθνηκότος,
2647 4434 2958 4507 ἀκάθαρτος
2999 4432 3294 4502 ἐλογίζετο.
3322 4429 3446 4483 Νῦν
3476 4430 3565 4493 δὲ,
3626 4428 3718 4496 ἀφ’

2119 4519 2180 4582 οὗ
2204 4528 2238 4596 ἡ
2271 4525 2462 4597 θεότης
2488 4528 2555 4598 τῇ
2581 4525 2826 4597 ἡμετέρᾳ
2853 4525 3013 4595 φύσει
3031 4522 3350 4592 ἀσυγχύτως
3369 4519 3714 4590 συνεκράθη,

2119 4613 2232 4672 οἷόν
2284 4633 2338 4670 τι
2401 4615 2664 4684 ζωοποιδν
2719 4617 2816 4671 καὶ
2864 4617 3131 4687 σωτήριον
3171 4614 3488 4684 φάρμακον,
3547 4611 3715 4670 ὅντως

2120 4704 2382 4777 ἐδοξάσθη
2418 4706 2451 4776 ἡ
2488 4705 2650 4775 φύσις
2691 4706 2870 4776 ἡμῶν,
2909 4707 3005 4758 καὶ
3046 4704 3180 4776 πρὸς
3218 4701 3538 4773 ἀφθαρσίαν
3593 4716 3714 4769 μετ-

2127 4799 2509 4871 εστοιχειώθηο
2543 4800 2627 4858 διὸ,
2665 4803 2763 4855 καὶ
2810 4801 2932 4856 ναοὶ
2981 4800 3163 4863 αὐτοῖς
3224 4798 3564 4868 ἐγείρονται,
3623 4789 3730 4847 καί

2125 4890 2332 4955 εἰκόνες
2361 4891 2786 4963 ἀναγράφονται.

455 4985 662 5044 autem,
702 4993 769 5034 ex
806 4995 917 5049 quo
960 4987 1170 5036 naturae
1207 4989 1407 5036 nostrae
1449 4995 1553 5038 ceu
1593 4980 2052 5037 medicamentum
2085 4983 2356 5052 quoddam
2403 4983 2680 5039 viviﬁcum
2735 4992 2790 5040 et
2825 4984 3071 5041 salutare
3110 4982 3410 5053 conjuncta
3447 4979 3708 5036 divinitas

452 5080 559 5138 est,
590 5073 829 5145 gloriosa
858 5075 948 5130 illa
986 5077 1182 5142 evasit,
1220 5086 1384 5148 atque
1424 5077 1477 5131 in
1504 5077 1968 5146 incorruptionem
2003 5078 2392 5136 transformata
2427 5079 2530 5136 fuit
2560 5099 2573 5135 :
2618 5079 2760 5136 unde
2797 5081 3003 5152 templa
3030 5059 3250 5152 quoque
3287 5080 3344 5134 in
3379 5087 3705 5136 sanctorum

456 5163 718 5222 honorem
759 5167 1069 5236 eriguntur,
1115 5183 1412 5238 eorumque
1453 5169 1748 5240 pinguntur
1784 5167 2070 5238 imagines.

529 5281 615 5337 10.
663 5283 810 5340 Nulli
847 5283 1012 5357 igitur
1064 5284 1348 5340 hominum
1403 5286 1586 5349 lateat,
1639 5300 1764 5339 eum
1804 5283 1896 5354 qui
1944 5283 2016 5338 ad

2195 5293 2245 5340 t'.
2279 5281 2722 5359 [Evanuisse-05»!
2755 5288 2864 5352 πᾶς
2887 5287 3195 5359 ἄνθρωπος,
3237 5289 3317 5355 ὡς
3340 5291 3370 5346 ό
3397 5289 3503 5363 τὴν
3528 5286 3714 5350 alti!

1713 5486 1945 5544 VABIIE
1984 5488 2375 5546 LECTIONES.

537 5617 568 5660 ι
602 5619 743 5690 Lego
779 5619 952 5687 δόξαν,
979 5629 1030 5680 et
1067 5621 1226 5694 paulo
1273 5632 1392 5706 post
1426 5622 1703 5696 αἰσχύνην,
1749 5635 1802 5680 ut
1841 5641 2036 5684 sensus
2065 5627 2328 5712 postulat,
2355 5641 2416 5683 ac
2459 5627 2511 5684 in
2553 5637 2694 5683 orat.
2732 5627 2766 5682 2
2797 5627 3047 5694 habetur.
