3936 6174
320 193 457 264 1333

1378 189 1476 250 DE
1516 179 1977 248 IMAGINIBUS
2017 186 2297 249 ORATIO
2340 186 2485 253 ΗΙ..

3432 180 3572 246 133$

308 302 412 375 τὴν
442 300 577 374 πρὸς
604 299 764 367 δόξαν
798 301 893 355 καὶ
937 298 1240 370 ὑπόμνησιν
1280 301 1375 353 τοῦ
1405 299 1647 369 Χριστοῦ
1677 300 1771 353 καὶ
1800 298 1885 366 τῆς

2004 295 2229 362 Christi,
2272 298 2356 353 vel
2407 295 2600 350 matris
2632 294 2753 365 ejus
2810 294 3105 350 Gcnitricis
3135 293 3250 361 Dei,
3276 292 3361 348 vel
3393 292 3573 348 sancti

307 395 502 448 τούτου
559 393 781 465 Μητρὸς
837 392 937 462 τῆς
970 389 1129 460 ἁγίας
1168 391 1455 459 Θεοτόκου,
1512 393 1547 461 ἦ
1596 408 1741 454 τινος
1770 391 1893 446 ,τῶν

309 485 507 554 ἁγίων,
547 484 717 539 ἔτιδὲ
761 484 897 555 πρὸς
931 483 1193 554 αἰσχύνην
1237 482 1332 536 τοῦ
1378 482 1625 536 διαϐόλου
1667 483 1893 553 καὶτῆς

308 579 480 649 ἣττης
502 576 666 631 αὐτοῦ
701 577 793 630 καὶ
823 576 932 630 τῶν
960 576 1231 646 δαιμόνων
1251 575 1439 639 αὑτοῦ,
1470 577 1535 629 ὲκ
1559 574 1703 629 Θείου
1728 574 1891 628 πόθου

308 670 407 723 καὶ
437 671 602 735 ζήλου
637 669 958 740 γενομένην,
996 668 1288 723 καταλύειν
1336 667 1654 739 ἐπιχειρῶν,
1689 669 1785 722 καὶ
1817 669 1891 739 μὴ

307 760 637 830 προσκυνῶν
685 760 779 813 καὶ
814 761 992 829 τιμῶν
1042 760 1138 813 καὶ
1192 760 1573 830 ἀσπαζόμενος
1616 760 1764 830 πόθῳ
1795 759 1890 813 τοῦ

306 850 712 921 εἰκονιζομένου
735 891 751 910 ,
797 851 871 915 ῶς
900 851 1084 905 εἰκόνα
1123 852 1335 920 τιμίαν,
1368 852 1461 904 καὶ
1493 852 1591 921 οὐχ
1632 850 1706 914 ὡς
1739 851 1890 916 Θεὸν,

304 939 507 1009 ἐχθρός
534 941 669 992 τὲστι
720 939 980 1011 Χριστοῦ,
1032 940 1127 993 καὶ
1151 941 1249 1010 τῆς
1284 940 1445 1009 ἁγίας
1475 939 1759 1004 Θεοτόκου,
1798 939 1893 991 καὶ

305 1039 418 1092 ⁶τῶν
449 1038 643 1105 ἁγίων,
666 1038 958 1109 ὲκδικητὴς
979 1037 1035 1091 δὲ
1053 1038 1144 1091 τοῦ
1172 1037 1425 1091 διαϐόλου
1457 1036 1682 1090 καὶτῶν
1705 1034 1893 1105 δαιμό-

304 1150 417 1185 νων
446 1130 634 1196 αὑτοῦ,
674 1131 819 1202 ἔργῳ
870 1130 1312 1201 ἐπιδεικνύμενος
1368 1130 1466 1201 τὴν
1515 1128 1711 1199 λύπην,
1759 1128 1893 1182 ὃτιὸ

302 1224 445 1286 θεὸς
475 1223 571 1277 καὶ
612 1222 665 1276 οἰ
696 1222 841 1291 ἅγιοι
871 1222 1035 1276 αὐτοῦ
1066 1223 1336 1293 τιμῶνται
1374 1224 1469 1276 καὶ
1498 1221 1834 1288 δοξάζονται,
1864 1222 1893 1274 ό

304 1315 365 1367 δὲ
399 1314 647 1378 διάϐολος
678 1314 1122 1386 καταισχύνεται.
1172 1315 1238 1369 Ἡ
1273 1315 1382 1387 γάρ
1424 1313 1587 1369 εἰκὼν
1621 1313 1893 1386 θρίαμόός

305 1409 451 1472 ἐστι,
498 1407 593 1460 καὶ
621 1406 951 1477 φανέρωσις,
986 1407 1081 1460 καὶ
1116 1407 1508 1479 στηλογραφία,
1540 1409 1621 1470 εἰς
1672 1407 1893 1478 μνήμην

302 1500 409 1569 τῆς
442 1498 598 1570 νίκης
619 1499 726 1552 τῶν
752 1499 1187 1569 ἀριστευσάντων
1216 1500 1310 1554 καὶ
1336 1500 1774 1572 διαπρεψάντων,
1796 1499 1892 1553 καί⁸

304 1589 408 1657 τῆς
436 1589 700 1661 αἰσχύνης
727 1590 835 1643 τῶν
874 1590 1223 1662 ἡττηθέντων
1272 1591 1368 1644 καὶ
1415 1590 1889 1661 καταϐληθέντων.

306 1676 467 1733 Εἶδον
498 1680 761 1744 πολλάκις
791 1681 1115 1748 ποθοῦντας,
1169 1681 1387 1753 ἱμάτιον
1428 1681 1523 1735 τοῦ
1554 1683 1893 1753 ποθουμένου

305 1770 700 1841 θεασαμένους,
723 1772 799 1836 ὡς
820 1773 982 1826 αὐτὸν
1003 1773 1092 1827 τὸν
1111 1771 1444 1845 ποθούμενον
1468 1774 1895 1845 ἀσπασαμένους

305 1859 369 1913 τὸ
400 1861 637 1931 ἰμάτιον,
667 1862 969 1934 ὀφθαλμοῖς
995 1880 1055 1917 τε
1100 1864 1197 1918 καὶ
1229 1864 1456 1935 χείλεσι.
1491 1864 1612 1937 Χρὴ
1644 1866 1893 1920 ἀποδιδό-

307 1968 398 2004 ναι
443 1953 579 2005 πᾶσι
632 1952 733 2017 τάς
763 1954 1004 2023 όφειλάς,
1038 1956 1179 2009 κατά
1211 1956 1304 2010 τὸν
1355 1956 1510 2025 ἅγιον
1543 1957 1757 2011 Παῦλον
1802 1958 1893 2012 τὸν

306 2043 639 2110 ἀπόστολον,
676 2064 697 2097 r
733 2044 809 2117 τῷ
840 2045 939 2116 τὴν
965 2047 1153 2120 τιμὴν,
1190 2050 1290 2118 τὴν
1329 2051 1524 2121 τιμήν·
1558 2053 1653 2102 καὶ
1683 2049 1894 2119 βασιλεῖ

314 2134 437 2218 μέν,
467 2135 542 2199 ὠς
570 2136 894 2206 ὑπερέχοντι
915 2176 931 2202 ,
962 2140 1077 2201 τοῖς
1103 2139 1160 2191 δὲ
1199 2140 1480 2211 ἄρχουσιν,
1513 2140 1589 2205 ὡς
1615 2142 1681 2195 δι’
1712 2142 1892 2197 αὐτῶν

308 2225 829 2297 ἀποστελλομένοις·
880 2246 899 2281 ι
943 2230 1185 2302 ἑκάστῳ,
1246 2234 1389 2287 κατὰ
1444 2233 1505 2287 τὸ
1542 2235 1739 2305 μέτρον
1795 2234 1889 2288 τοῦ

307 2314 640 2389 ἀξιώματος.

385 2498 475 2548 ια’.
506 2493 617 2548 Ποῦ
638 2487 799 2565 εὗρες
828 2494 887 2549 ὲν
908 2497 974 2567 τῇ
1010 2494 1223 2568 Παλαιᾷ
1242 2537 1258 2563 ,
1302 2497 1336 2568 ἢ
1368 2497 1427 2552 ὲν
1460 2497 1540 2570 τῷ
1571 2498 1890 2574 Εὐαγγελίῳ

306 2588 480 2659 ὄνομα
508 2589 758 2661 Τριάδος,
784 2589 817 2662 ἢ
843 2590 1213 2663 όμοούσιον,ἢ
1256 2592 1386 2663 μίαν
1434 2593 1596 2663 φύσιν
1639 2596 1891 2667 θεότητος

306 2680 542 2750 τρανῶς,
576 2682 786 2753 ἢτρεῖς
816 2683 1149 2748 ὑποστάσεις
1174 2685 1474 2751 αὑτολεξεί,
1506 2686 1540 2758 ἢ
1573 2687 1704 2758 μίαν
1753 2689 1886 2743 ὑπόο

310 2788 502 2829 στασιν
530 2773 623 2827 τοῦ
656 2775 918 2845 Χριστοῦ,
968 2776 1002 2848 ἢ
1041 2775 1135 2829 δύο
1168 2776 1363 2846 φύσεις
1392 2779 1703 2847 αύτολεξείς
1748 2781 1887 2834 Ἀλλ’

305 2862 477 2932 ὅμως,
504 2863 711 2937 ἐπειδὴ,
744 2867 809 2919 ὲκ
839 2867 949 2920 τῶν
988 2868 1422 2938 ἰσοδυναμουσῶν
1462 2868 1659 2935 λέξεων
1692 2871 1802 2924 τῶν
1828 2873 1885 2925 έν

216 3012 225 3019 ,
304 2957 374 3049 τῇ
397 2955 584 3049 ξραιρῇ
615 2959 899 3028 κειμένων,
926 2957 1132 3049 ὥρισαν
1155 2960 1331 3015 ταῦτα
1359 2963 1408 3014 οἰ
1439 2961 1583 3030 ἅγιοι
1616 2964 1879 3035 Πατέρες,
1912 2990 1956 3049 C

302 3044 595 3116 δεχόμεθα,
622 3048 715 3100 καί
745 3049 875 3112 τοὺς
909 3048 983 3120 μὴ
1012 3049 1335 3120 δεχομένους
1372 3052 1848 3124 ἁναθεματίςομεν
1868 3072 1885 3087 ο

303 3140 418 3208 ἐγὼ
448 3141 505 3194 δὲ
533 3142 783 3211 παριστῶ
806 3159 887 3197 σοι
921 3144 980 3197 ὲν
1002 3146 1066 3215 τῇ
1110 3145 1345 3215 Παλαιᾷ,
1383 3146 1466 3199 ὅτι
1497 3146 1828 3217 προσέταξεν
1858 3148 1886 3201 ό

304 3232 439 3297 Θεὸς
462 3237 639 3287 ποιεῖν
667 3235 881 3299 εἰκόνας
903 3251 917 3264 ·
954 3236 1172 3306 πρῶτον
1202 3237 1303 3307 μὲν
1333 3238 1504 3309 αὐτὴν
1526 3238 1626 3309 τὴν
1654 3240 1880 3312 σκηνὴν,

303 3324 399 3376 καὶ
432 3326 613 3379 πάντα
635 3326 702 3379 τά
728 3326 859 3381 ὄντα
886 3328 944 3381 ἐν
975 3328 1133 3400 αὐτῇ.
1169 3330 1279 3383 Καὶ
1303 3331 1360 3383 ἐν
1382 3333 1494 3395 τοῖς
1526 3332 1885 3402 Εὐαγγελίοις

302 3414 469 3479 αὐτὸς
495 3416 523 3467 ό
547 3415 772 3488 Κύριος,
805 3420 917 3481 τοῖς
942 3418 1314 3490 πειραστικῶς
1357 3422 1720 3493 ὲρωτήσασιν,
1762 3442 1780 3475 ι
1818 3426 1880 3478 Εἰ

302 3505 480 3570 ἔξεστι
516 3508 753 3579 Καίσαρι
783 3508 964 3563 δοῦναι
994 3513 1234 3580 κῆνσον;
1274 3531 1292 3562 ι
1323 3507 1477 3567 εἶπεν
1498 3531 1509 3546 ⁸
1546 3533 1567 3567 ι
1616 3518 1879 3587 Ἀγάγετέ

309 3614 400 3663 μοι
422 3596 483 3650 τὸ
504 3599 766 3670 νόμισμα.
797 3619 816 3653 ι
850 3601 959 3653 Καὶ
992 3600 1278 3667 ὑπέδειξαν
1309 3604 1459 3675 αύτῷ
1485 3606 1761 3677 δηνάριον,
1789 3612 1882 3664 καὶ

305 3687 587 3758 ἠρώτησεν
609 3690 827 3757 αὐτοὺς,
860 3709 879 3743 ι
916 3691 1072 3756 Τίνος
1099 3694 1284 3748 εἰκόνα
1315 3693 1456 3765 ἔχεις
1492 3715 1510 3746 ι
1538 3698 1600 3750 Ol
1630 3699 1685 3751 δὲ
1705 3696 1882 3767 εἶπον,

312 3801 329 3835 ι
371 3780 663 3853 Καίσαρος.
694 3803 714 3836 ι
750 3784 861 3836 Καὶ
889 3778 1060 3849 εἶπεν,
1099 3802 1119 3835 ι
1170 3784 1424 3838 Ἀπόδοτε
1459 3786 1528 3839 τὰ
1555 3788 1650 3840 τοῦ
1678 3790 1884 3845 Καίσα-

305 3890 419 3939 ρος,
448 3875 714 3946 Καίσαρι,
760 3876 853 3929 καὶ
898 3875 966 3930 τὰ
1003 3875 1098 3929 τοῦ
1131 3876 1290 3943 Θεοῦ,
1319 3876 1397 3948 τῷ
1427 3877 1564 3950 Θεῷ.
1598 3899 1617 3932 ι
1664 3882 1881 3956 Ἐπειδὴ

301 3964 489 4018 εἰκόνα
518 3966 796 4036 Καίσαρος
828 3966 961 4038 ἔχει,
1019 3968 1299 4039 Καίσαρός
1343 3971 1479 4033 ἐστι,
1518 3972 1613 4024 καὶ
1652 3973 1879 4029 ἀπόδοτε

304 4052 582 4125 Καίσαρι·
618 4055 712 4108 καὶ
736 4056 832 4127 τῂν
865 4057 1050 4112 εἰκόνα
1073 4058 1337 4130 Χριστοῦ,
1366 4060 1595 4115 ἀπόδοτε
1623 4063 1875 4135 Χριστῷ-

301 4145 540 4215 Χριστοῦ
573 4148 683 4219 γάρ
715 4150 882 4204 ἐστιν.

2003 388 2310 459 cujuSpiam
2358 388 2623 443 honorem
2651 393 2707 441 et
2768 387 3228 451 recordationem,
3269 398 3480 440 necnon
3508 383 3577 437 ad

2004 480 2363 550 ignominiam
2394 478 2625 544 diaboli,
2685 478 2980 547 relataque
3008 478 3073 531 de
3100 478 3191 531 illo
3221 485 3286 532 et.
3309 474 3575 530 damoni-

2003 571 2106 627 bus
2166 570 2290 639 ejus
2340 569 2585 626 victoria
2632 569 2976 633 memoriam,
3034 568 3337 622 confectam
3390 567 3578 620 divino

2000 663 2237 739 quodam
2273 660 2455 716 studio
2488 669 2542 714 et
2574 657 3078 727 ardoreimaginem
3102 657 3336 725 dejicere
3362 672 3582 727 aggresv

2002 768 2099 810 sus
2158 753 2346 816 fuerit,
2386 766 2565 821 neque
2601 766 2720 806 eam
2769 749 2953 819 p0tins
2985 764 3084 803 ceu
3111 748 3469 802 veneratione
3493 748 3578 801 di—

2001 860 2187 915 gnam,
2220 859 2328 898 non
2358 851 2547 898 tamen
2578 843 2661 897 uti
2704 840 2897 907 Deum,
2933 840 3151 905 adorat,
3193 839 3322 895 colit
3346 849 3398 893 et
3430 854 3581 893 com~

2001 936 2285 1006 plectitur,
2318 936 2602 990 inimicum
2644 933 2872 997 Christi,
2916 940 3122 987 sancta
3160 930 3409 1000 Deipara
3444 944 3578 984 san-

2000 1033 2332 1095 ctorumque
2384 1039 2509 1079 esse
2538 1041 2551 1091 ;
2583 1021 2789 1076 diaboli
2848 1036 2980 1074 vero
3011 1029 3064 1074 et
3120 1021 3427 1074 damonum
3461 1018 3584 1089 ejus

2001 1117 2273 1173 vindicem
2304 1133 2318 1170 :
2345 1116 2547 1187 quippe
2575 1115 2667 1185 qui
2694 1114 2874 1185 palam
2899 1128 3043 1182 agre
3064 1110 3226 1175 ferat,
3249 1119 3358 1165 tam
3382 1110 3580 1178 Deum,

1999 1225 2167 1280 quam
2226 1216 2450 1265 sanctos
2484 1207 2604 1277 ejus
2632 1205 2807 1277 gloria
2835 1213 2889 1260 et
2941 1205 3151 1259 honore
3187 1202 3348 1268 allici,
3384 1203 3580 1259 diabo-

1999 1303 2112 1357 lum
2155 1316 2287 1357 vero
2317 1298 2623 1369 ignominia
2655 1294 2892 1367 aspergi.
2936 1293 3070 1348 Nam
3100 1294 3282 1365 imago
3313 1294 3581 1363 triumphi

1999 1410 2197 1466 genus,
2248 1392 2572 1455 ostentatio,
2650 1390 3099 1460 insculptumque
3159 1397 3578 1443 monumentum

1999 1495 2103 1553 est,
2138 1487 2191 1541 in
2226 1484 2548 1541 memoriam
2578 1490 2824 1538 erectum
2876 1481 3133 1544 illorum,
3167 1480 3261 1549 qui
3309 1494 3580 1551 generoso

1998 1579 2392 1649 prastantique
2425 1576 2608 1630 animo
2637 1589 2760 1631 sese
2782 1580 3098 1644 gesserunt,
3148 1572 3313 1641 inque
3341 1587 3582 1642 perenne

1926 1656 1968 1712 Β
1998 1672 2240 1727 dedecus
2293 1670 2631 1732 damonum,
2673 1667 2768 1736 qui
2820 1665 2952 1720 victi
3006 1663 3395 1735 proﬂigatique
3422 1671 3576 1719 sunt.

1996 1764 2272 1831 Quosdam
2311 1777 2454 1832 sape
2501 1760 2638 1827 vidi,
2682 1759 2799 1829 qui,
2841 1772 2967 1811 cum
3002 1757 3166 1811 amici
3196 1755 3472 1811 desiderio
3501 1764 3579 1811 te-

1995 1864 2284 1920 nerentur,
2319 1855 2365 1910 si
2389 1861 2601 1908 vestem
2647 1851 2768 1921 ejus
2800 1849 3213 1918 conspicerent,
3249 1849 3392 1902 haud
3417 1848 3579 1902 aliter

1994 1944 2143 2001 illam
2194 1953 2360 2013 atque
2389 1942 2627 1996 amicum
2668 1940 2849 2010 ipsum
2883 1939 3063 1994 oculis
3093 1946 3148 1993 et
3177 1939 3337 1993 labiis
3384 1954 3579 2007 prose-

1993 2041 2319 2105 querentur.
2376 2031 2694 2095 Omnibus,
2754 2030 3062 2086 secundum
3120 2030 3358 2099 apostoli
3418 2028 3577 2084 Pauli

1994 2125 2361 2189 sententiam,
2413 2121 2644 2178 reddere
2674 2120 2923 2177 debitum
2986 2126 3208 2190 oportet
3249 2138 3263 2174 :
3301 2138 3320 2172 ι
3346 2118 3450 2174 Cui
3479 2120 3579 2175 ho-

1992 2231 2205 2280 norem,
2247 2216 2550 2281 honorem;
2610 2228 2675 2268 ac
2725 2214 2841 2284 regi
2891 2212 3115 2282 quidem
3156 2212 3315 2282 quasi
3346 2212 3579 2281 praeel-

1994 2307 2167 2373 lenti;
2200 2307 2438 2362 ducibus
2510 2319 2665 2371 vero,
2722 2312 2990 2374 tanquam
3041 2303 3111 2358 ab
3146 2318 3212 2358 eo
3261 2302 3574 2368 missis",r

1995 2400 2294 2469 unicuique
2328 2413 2434 2468 pro
2488 2397 2782 2469 dignitatis
2823 2397 2946 2467 ejus
2983 2398 3220 2452 ratione.

2064 2488 2154 2543 11.
2210 2487 2475 2553 Ubinam,
2531 2488 2788 2553 obsecro,
2837 2488 2894 2541 in
2956 2484 3143 2543 Veteri
3199 2483 3577 2552 Testamento,

1993 2589 2088 2637 aut
2141 2581 2197 2637 in
2236 2579 2537 2650 Evangelia
2600 2578 2893 2635 Trinitatis
2954 2593 3180 2645 nomen,
3211 2578 3579 2635 autconsub—

1992 2672 2274 2738 stantiale,
2305 2678 2400 2725 aut
2430 2684 2595 2724 unam
2626 2669 2861 2725 Deitatis
2898 2676 3155 2722 naturam
3191 2668 3401 2723 diserte
3429 2666 3569 2721 scri-

1989 2772 2141 2835 ptam
2215 2761 2533 2833 repereris?
2597 2759 2702 2816 Ubi
2753 2769 2867 2816 tres
2929 2759 3260 2829 hypostases
3326 2758 3577 2829 ipsismet

1990 2868 2284 2924 expressas
2308 2851 2516 2918 verbis,
2554 2858 2650 2906 aut
2682 2865 2851 2906 unam
2882 2848 3095 2905 Christi
3131 2863 3452 2918 personam,
3479 2855 3575 2901 aut

1991 2947 2266 3018 duplicem
2318 2943 2624 2999 naturam?
2682 2941 2911 3007 Verum,
2987 2941 3118 3012 quia
3173 2941 3351 2995 sancti
3380 2939 3575 2997 Patres

1993 3055 2059 3096 ex
2101 3038 2290 3095 verbis
2327 3037 2435 3091 vim
2476 3035 2725 3092 eamdem
2752 3034 3156 3100 obtinentibus,
3185 3049 3305 3104 qua
3335 3033 3389 3088 in
3423 3031 3574 3088 Scri-

1993 3140 2154 3204 ptura
2187 3131 2468 3200 leguntur,
2496 3128 2615 3182 hac
2650 3127 2839 3181 omnia
2865 3125 3230 3191 deﬁnierunt,
3273 3124 3482 3179 idcirco
3507 3137 3570 3180 ea

1992 3223 2351 3295 suscipimus,
2405 3221 2649 3290 illosque
2698 3217 2792 3289 qui
2826 3231 2937 3271 non
2989 3216 3314 3283 admittunt,
3344 3216 3575 3270 anathe-

1991 3327 2137 3372 mate
2188 3315 2437 3371 ferimus.
2496 3310 2608 3382 Ego
2661 3324 2795 3367 vero
2862 3307 2963 3363 tibi
3023 3307 3346 3363 demonstro
3398 3306 3571 3361 Deum

1988 3410 2151 3483 352
2173 3410 2227 3465 in
2248 3406 2432 3463 Veteri
2456 3402 2811 3460 Testamento
2833 3400 3206 3465 mandavisse,
3225 3408 3284 3455 ut
3306 3399 3573 3477 imagines

1990 3505 2421 3559 fabricarentur.
2466 3497 2605 3553 Nam
2656 3499 2900 3569 primum
2943 3496 3161 3567 quidem
3211 3494 3471 3565 praecepit
3514 3502 3571 3548 ut

1990 3595 2431 3655 tabernaculum,
2464 3599 2519 3645 et
2549 3606 2673 3660 qua
2706 3591 2762 3644 in
2812 3589 2934 3659 ipso
2967 3594 3149 3648 erant,
3174 3596 3573 3642 construeren-

1992 3699 2103 3745 tur.
2146 3686 2200 3741 In
2265 3683 2581 3753 Evangeliis
2647 3695 2782 3736 vero
2837 3681 3106 3735 Dominus
3158 3682 3298 3749 ipse,
3331 3679 3443 3734 illis
3473 3679 3569 3748 qui

1992 3775 2235 3834 tentandi
2271 3787 2439 3828 causa
2471 3787 2536 3826 ex
2579 3786 2640 3825 se
2667 3769 2937 3825 sciscitati
2968 3775 3128 3823 erant
3162 3786 3175 3822 :
3212 3784 3230 3819 ι
3255 3767 3394 3822 Num
3435 3768 3571 3823 lice-

1989 3878 2074 3926 ret
2112 3882 2339 3923 censum
2373 3864 2506 3919 dare
2546 3861 2785 3923 Casari,
2820 3859 2953 3915 dixit
2988 3880 3000 3915 :
3031 3859 3237 3942 Ail‘erte
3282 3859 3415 3914 mihi
3468 3875 3570 3915 nu-

1992 3963 2211 4016 misma.
2253 3976 2271 4009 ι
2301 3954 2549 4023 Cumque
2604 3950 2893 4006 denarium
2956 3949 3357 4016 ostendissent,
3390 3966 3456 4006 ex
3486 3950 3567 4005 eis

1988 4053 2239 4125 quaesivit
2288 4048 2584 4118 cujusnam
2627 4044 2858 4099 haberet
2911 4044 3230 4113 imaginem.
3269 4044 3381 4099 Illis
3432 4058 3565 4099 vero

1986 4146 2472 4223 respondentibus,
2522 4160 2539 4192 ι
2574 4138 2835 4202 Caesaris,
2876 4156 2895 4190 ι
2932 4139 3010 4192 ait
3053 4156 3067 4191 :
3111 4159 3127 4191 ι
3169 4138 3404 4195 Reddite
3432 4154 3568 4209 ergo

302 4255 424 4306 qua
450 4248 580 4294 sunt
607 4239 863 4308 Casaris,
890 4243 1091 4297 Casari
1127 4262 1141 4299 :
1168 4254 1221 4300 et
1249 4260 1371 4315 qua
1389 4248 1653 4316 suntDei,
1680 4250 1787 4306 Deo
1814 4251 1913 4304 ⁸⁸.»
1931 4248 2071 4317 Quia
2110 4238 2344 4299 Caesaris
2372 4236 2537 4291 habet
2567 4233 2889 4304 imaginem,
2917 4230 3155 4287 Casaris
3186 4239 3291 4298 est,
3324 4230 3570 4302 adeoque

302 4332 505 4387 Casari
539 4333 793 4388 reddite:
830 4334 903 4389 ita
943 4335 1149 4391 Christi
1190 4351 1408 4408 quoque
1443 4339 1734 4411 imaginem
1774 4343 1995 4400 Christo
2028 4335 2241 4393 reddite
2276 4350 2289 4386 :
2322 4328 2532 4385 Christi
2574 4327 2777 4398 quippe
2805 4332 2909 4382 est.

378 4424 464 4493 ιβ’.
513 4424 574 4477 Ὀ
606 4426 811 4494 Κύριος
864 4427 1186 4496 μακαρίζων
1232 4432 1358 4494 τοὺς
1414 4409 1687 4503 μαθητὰς,
1719 4431 1879 4491 εἷπε·

2059 4430 2148 4483 η.
2179 4423 2435 4481 Christus
2458 4418 2765 4489 discipulos
2791 4417 2982 4472 beatos
3005 4409 3563 4485 appellans,'aiebat:

309 4537 327 4568 ι
362 4516 553 4569 Πολλοὶ
588 4516 831 4587 βασιλεῖς
871 4518 964 4570 καὶ
993 4519 1273 4590 προφῆται
1295 4522 1648 4595 ἐπεθύμησαν
1685 4526 1812 4579 ἰδεῖν
1842 4526 1879 4582 ἃ

304 4606 552 4677 βλέπετε,
584 4608 680 4661 καὶ
709 4608 810 4661 οὐκ
847 4604 1007 4676 εἶδον,
1042 4612 1138 4666 καὶ
1169 4613 1399 4668 ἀκοῦσαι
1434 4616 1469 4670 ἃ
1501 4617 1752 4683 ἀκούετε,
1785 4622 1881 4675 καὶ

298 4700 400 4754 οὐκ
434 4701 695 4771 ἥκουσαν.
738 4701 927 4771 ’Υμῶν
962 4702 1017 4755 δὲ
1057 4706 1317 4778 μακάριοί
1346 4709 1482 4762 εἰσιν
1505 4710 1554 4763 οἰ
1585 4711 1877 4783 ὀφθαλμοὶ,

298 4785 381 4839 δτι
406 4785 685 4856 βλέπουσι,
716 4789 812 4843 καὶ
833 4790 904 4843 τά
927 4782 1065 4856 ὦτα,
1092 4794 1175 4847 ὅτι
1201 4794 1511 4852 ἀκούουσιν.
1553 4817 1569 4850 ι
1606 4782 1878 4855 Εἰδονοῦν

297 4878 347 4930 οἱ
377 4878 669 4932 ἀπόστολοι
710 4880 1040 4950 σωματικῶς
1069 4882 1160 4935 τὸν
1190 4883 1448 4955 Χριστὸν,
1476 4887 1569 4940 καὶ
1606 4887 1675 4941 τὰ
1704 4889 1874 4960 πάθη,

298 4972 485 5026 καὶτὰ
521 4970 775 5043 θαύματα
809 4972 993 5041 αὑτοῦ,
1030 4976 1124 5027 καὶ
1162 4977 1405 5047 ἤκουσαν
1434 4977 1544 5031 τῶν
1568 4979 1743 5048 λόγων
1782 4982 1877 5034 αύ-

295 5064 390 5116 τοῦ
413 5082 425 5096 ·
464 5063 844 5136 ἐπιθυμοῦμεν
864 5067 958 5119 καὶ
992 5067 1151 5137 ἡμεῖς
1188 5068 1339 5131 ἰδεῖν,
1372 5068 1467 5121 καὶ
1498 5069 1752 5135 ἀκοῦσαι,
1783 5074 1877 5126 καὶ

300 5155 731 5225 μακαρισθῆναι.
766 5153 918 5209 Εἶδον
957 5159 1155 5211 ἐκεῖνοι
1188 5160 1480 5228 πρόσωπον
1536 5162 1671 5231 πρὸς
1708 5164 1877 5235 πρόσ-

296 5256 465 5303 ωπον,
517 5242 705 5314 ἐπειδὴ
755 5244 935 5313 παρῆν
993 5245 1351 5314 σωματικῶς⁹
1386 5249 1544 5318 ἡμεῖς
1577 5250 1653 5315 δὲ,
1687 5252 1876 5324 ἐπειδὴ

300 5334 630 5401 σωματικῶς
660 5336 720 5387 ού
746 5336 1031 5407 πάρεστιν,
1058 5337 1245 5408 ὥσπερ
1269 5340 1355 5393 διὰ
1379 5340 1577 5411 βίϐλων
1606 5344 1876 5417 ἀκούομεν

302 5424 406 5476 τῶν
437 5424 611 5494 λόγων
637 5429 824 5495 αὐτοῦ,
854 5431 945 5483 καὶ
973 5431 1316 5501 ἀγιαξόμεθα
1349 5435 1445 5503 τὴν
1474 5436 1661 5506 ἀκοὴν,
1691 5439 1785 5491 καὶ
1808 5439 1874 5491 δι’

1993 4542 2010 4575 ι
2038 4520 2194 4576 Multi
2222 4531 2378 4588 reges
2401 4524 2455 4571 et
2481 4514 2767 4585 propheta
2793 4510 3089 4581 cupierunt
3119 4509 3302 4563 videre
3326 4525 3445 4579 qna
3469 4525 3566 4563 vos

1984 4612 2205 4679 videtis,
2239 4619 2295 4666 et
2340 4623 2449 4664 non
2503 4606 2764 4662 viderunt
2804 4622 2819 4661 ;
2852 4611 2908 4659 et
2955 4602 3147 4658 audire
3187 4617 3309 4671 qua
3337 4602 3563 4666 auditis.

1985 4716 2040 4763 et
2079 4722 2192 4762 non
2221 4704 2536 4760 audierunt.
2582 4698 2765 4757 Vestri
2824 4706 3005 4753 autem
3055 4697 3203 4752 oculi
3235 4697 3401 4763 beati,
3436 4700 3565 4767 quia

1985 4799 2191 4863 vident,
2221 4804 2277 4854 et
2299 4810 2480 4859 aures,
2515 4794 2647 4864 quia
2701 4790 2934 4846 audiunt
2959 4790 3028 4843 δ’.
3059 4806 3078 4841 ι
3113 4788 3361 4857 Apostoli
3396 4789 3565 4860 igitur

1986 4891 2275 4963 corporeis
2306 4888 2486 4944 oculis
2515 4886 2802 4943 Christum
2829 4884 3116 4948 viderunt,
3150 4884 3383 4954 ejusque
3413 4882 3566 4938 labo-

1988 5000 2080 5041 res
2110 4992 2166 5040 et
2190 4981 2455 5038 miracula
2477 5023 2493 5047 ,
2538 4994 2601 5034 ac
2666 4992 2953 5033 sermones
2985 4976 3279 5031 audierunt
3304 4993 3317 5028 :
3346 4991 3447 5031 nos
3467 4990 3563 5044 pa-

1986 5078 2119 5135 riter
2162 5084 2219 5132 et
2279 5076 2469 5130 videre
2529 5071 2808 5141 cupimus,
2851 5076 2906 5123 et
2940 5069 3276 5129 auscultare.
3337 5076 3562 5135 tumque

1984 5170 2122 5226 adeo
2165 5169 2309 5224 beati
2337 5167 2552 5221 audire.
2607 5161 2929 5218 Cernebant
2955 5160 3039 5215 illi
3081 5158 3219 5213 facie
3240 5158 3305 5212 ad
3336 5156 3557 5219 faciem,
3632 5194 3639 5227 νη

1984 5259 2112 5328 quia
2143 5272 2377 5328 corpore
2437 5269 2681 5327 prasens
2716 5261 2835 5309 erat
2873 5270 2885 5305 :
2922 5264 3024 5305 nos
3060 5258 3241 5304 autem
3272 5249 3400 5317 quia
3433 5260 3559 5300 cor-

1985 5366 2116 5420 pore
2167 5366 2407 5422 prasens
2455 5363 2565 5404 non
2615 5354 2733 5410 est,
2780 5341 3241 5416 quemadmodum
3288 5356 3353 5394 ex
3402 5338 3558 5393 libris

1988 5456 2271 5496 sermones
2322 5440 2443 5509 ejus
2506 5437 2782 5500 audimus,
2814 5445 2871 5491 et
2907 5444 3019 5489 tum
3049 5432 3229 5506 quoad
3285 5433 3555 5497 auditum,

369 5602 413 5633 "
450 5600 608 5658 Rom.
667 5621 787 5668 xm,
823 5606 895 5672 7;
938 5605 955 5661 Ι
990 5605 1136 5664 Petr.
1175 5624 1232 5673 ιι,
1276 5610 1355 5675 15,
1404 5610 1483 5671 14.
1570 5613 1615 5646 ⁸⁸
1653 5616 1842 5670 )lattlt.

2006 5660 2018 5687 ,
2064 5618 2243 5675 16-21..
2324 5619 2368 5651 ⁸⁷
2409 5617 2598 5674 Matth.
2625 5633 2745 5688 xm,
2775 5616 2861 5684 16,
2905 5616 2987 5673 l7.
