3928 6196
449 154 590 219 1335

1647 163 1706 223 S.
1747 162 2069 223 IOANNIS
2099 162 2527 225 DAMASCENI

3486 164 3583 232 1336

447 279 502 325 et
565 269 684 340 ipso
747 267 937 324 auditu
996 269 1177 338 quoad
1235 271 1476 326 animam
1533 276 1712 330 sancti
1741 275 2023 337 ellicimnr,

2134 274 2300 344 αὐτῆς
2321 276 2421 344 τὴν
2444 277 2639 347 ψυχὴν,
2665 276 2758 330 καὶ
2783 275 3202 346 μακαριζόμεθα,
3226 275 3307 328 καὶ
3333 279 3590 345 προσκυνοῦ-

449 363 707 434 beatique
771 364 1044 433 dicimur;
1081 367 1155 420 ita
1199 368 1369 422 libros
1425 382 1649 438 quoque
1697 382 1764 421 ex
1820 367 2028 436 quibus

448 471 739 514 sermones
759 457 907 512 illius
933 459 1292 528 percipimus,
1315 467 1646 516 venerantes
1684 460 1986 514 adoramus
2011 476 2025 522 ;

447 551 636 604 eodem
694 549 858 604 modo
906 565 1002 618 per
1060 550 1359 620 imaginum
1417 551 1690 620 picturam
1745 562 2028 617 corporea:

450 643 599 696 illius
633 641 842 712 ﬁgurae,
876 641 1274 695 miraculorum
1317 642 1776 710 cruciatuumque
1817 639 2026 695 descri—

451 733 693 801 ptionem
728 747 1044 801 expressam
1074 733 1504 800 conspicientes,
1535 733 1886 786 sanctitatem
1913 730 2028 784 adi-

449 823 739 890 piscimur,
773 824 959 878 laetitia
1007 825 1380 884 cmnulamur.
1426 839 1492 878 ac
1550 825 1695 878 beati
1743 823 2021 887 audimus,

451 923 564 967 tum
625 914 862 969 subinde
913 931 1233 984 corpoream
1267 917 1446 988 ipsius
1501 915 1735 987 ﬁguram
1769 916 2025 978 colimus,

450 1022 776 1062 veneramur
835 1014 889 1059 ct
944 1007 1260 1063 adoramus.
1315 1009 1481 1078 Atqui
1512 1007 1850 1077 corporalem
1908 1006 2028 1074 ejus

453 1099 681 1168 ﬁguram
739 1099 1201 1167 contemplantes,
1237 1100 1414 1168 ipsius
1458 1113 1682 1168 quoque
1719 1097 2029 1152 divinitatis

454 1192 707 1261 gloriam,
745 1191 922 1260 quoad
959 1190 1072 1245 ﬁeri
1139 1201 1336 1261 potest,
1371 1201 1554 1247 mente
1585 1191 2025 1261 complectimur.

453 1283 616 1348 Nam,
683 1283 808 1352 quia
838 1282 1073 1352 duplicis
1131 1286 1450 1340 substantiae
1491 1299 1702 1346 sumus,
1742 1299 1805 1336 ex
1848 1282 2028 1334 anima

454 1382 650 1437 nempe
690 1376 743 1423 et
777 1384 1006 1438 corpore
1065 1372 1381 1441 compositi,
1447 1387 1548 1427 nec
1597 1372 1777 1424 anima
1838 1379 2028 1424 nostra

455 1460 601 1514 nuda
663 1476 892 1530 prorsus
948 1469 1056 1526 est,
1095 1463 1191 1518 sed
1227 1465 1376 1518 velut
1424 1472 1744 1532 tegumento
1781 1461 2024 1531 quodam

455 1552 759 1617 obvelatur,
794 1554 998 1610 idcirco
1029 1555 1146 1609 ﬁeri
1185 1569 1534 1624 nequaquam
1568 1565 1769 1624 potest,
1804 1563 1863 1606 ut
1898 1553 2028 1607 abs-

2131 381 2254 434 μεν,
2276 365 2542 435 τιμῶντες
2581 365 2684 430 τὰς
2707 366 2938 437 βίὸλους,
2973 367 3038 420 δι’
3059 362 3130 420 ὧν
3155 366 3402 436 ἀκούομεν
3425 368 3511 420 τῶν
3529 368 3594 422 λό-

2125 471 2238 520 γων
2278 456 2444 508 αὐτοῦ
2467 473 2480 487 δ
2516 456 2691 522 οὕτως
2719 459 2812 510 καὶ
2841 459 2927 512 διὰ
2964 458 3176 529 γραφῆς
3196 456 3393 510 εἰκόνων
3417 457 3594 526 θεωροῦ-

2129 563 2228 614 μεν
2247 547 2306 600 τὸ
2334 548 2634 617 ἐκτύπωμα
2666 549 2764 602 τοῦ
2797 548 3104 620 σωματικοῦ
3126 549 3439 618 χαρακτῆρος
3459 548 3595 608 αὑτοῦ,

2128 641 2220 690 καὶ
2255 639 2365 692 τῶν
2409 640 2707 708 Θαυμάτων
2747 641 2976 695 καὶτῶν
2999 640 3315 710 παθημάτων
3337 639 3495 702 αὐτοῦ,
3533 643 3599 692 καὶ

2126 731 2489 800 ἀγιαζόμεθα,
2518 735 2612 786 καὶ
2644 734 2988 805 πληροφορού
3000 732 3153 802 μεθα,
3175 734 3259 784 καὶ
3280 733 3520 801 χαίρομεν,
3534 732 3601 782 καὶ

2133 825 2572 894 μακαριζόμεθα,
2606 828 2699 879 καὶ
2724 826 2973 897 σέϐομεν,
2998 826 3090 878 καὶ
3115 825 3361 895 τιμῶμεν,
3391 824 3470 876 καὶ
3482 840 3602 892 apos-

2128 915 2397 985 κυνοῦμεν
2430 917 2520 968 τὸν
2550 917 2873 987 χαρακτῆρα
2903 914 3070 969 αὑτοῦ
3091 915 3176 967 τὸν
3201 914 3601 983 σωματικόν.Θεω-

2131 1007 2352 1082 ροῦντες
2373 1010 2429 1062 δὲ
2461 1009 2553 1062 τὸν
2582 1008 2901 1077 σωματικὸν
2931 1006 3244 1077 χαρακτῆρα
3263 1004 3425 1068 αὑτοῦ,
3450 1003 3604 1058 ἐννοοῦ-

2132 1120 2233 1172 μεν
2256 1103 2331 1164 ὡς
2371 1102 2597 1155 δυνατὸν
2626 1101 2720 1153 καὶ
2755 1099 2851 1169 τὴν
2890 1099 3046 1165 δόξαν
3097 1101 3191 1167 τῆς
3221 1096 3445 1164 θεότητος
3468 1094 3602 1148 αὑτοῦ.

2142 1194 2360 1264 Ἐπειδὴ
2413 1195 2524 1261 γὰρ
2561 1191 2744 1244 διπλοῖ
2795 1192 2987 1260 ἐσμεν,
3016 1191 3078 1242 ἐκ
3120 1188 3288 1258 ψυχῆς
3317 1187 3397 1240 καὶ
3423 1185 3606 1256 σώματος

2130 1283 2662 1354 κατεσκευασμένοι,
2693 1282 2790 1335 καὶ
2817 1282 2878 1333 οὐ
2905 1297 2972 1348 γυ
2984 1278 3260 1350 μνὴ’ήμῶν
3289 1280 3416 1330 ἐστιν
3439 1276 3606 1346 ἡψυχὴ,

2130 1377 2246 1432 ἀλλ’
2277 1378 2352 1438 ὡς
2385 1375 2490 1428 ὑπὸ
2541 1372 3019 1444 παραπετάσματι
3061 1369 3385 1431 καλύπτεται,
3413 1365 3610 1420 ἀδύνατον

2130 1467 2279 1536 ἡμᾶς
2325 1465 2483 1528 ἐκτὸς
2516 1464 2628 1516 τῶν
2674 1461 3008 1532 σωματικῶν
3061 1459 3227 1512 ἐλθεῖν
3262 1460 3344 1510 ἐπὶ
3375 1456 3434 1508 τὰ
3473 1456 3608 1523 νοητά.

2136 1559 2348 1627 Ὠσπερ
2369 1553 2461 1609 οὖν
2481 1555 2567 1607 διὰ
2592 1555 2767 1621 λόγων
2801 1553 3075 1620 αἰσθητῶν
3099 1549 3348 1618 ἀκούομεν
3369 1548 3455 1599 ὠσὶ
3479 1564 3610 1614 σωμα-

455 1661 560 1716 que
581 1660 973 1715 eorporearum
1031 1662 1214 1701 rerum
1264 1661 1452 1716 opera,
1476 1645 1544 1699 ad
1575 1646 1884 1715 spiritualia
1912 1658 2031 1713 pcr—

2134 1647 2322 1708 τικοῖς,
2359 1644 2452 1696 καὶ
2486 1642 2716 1712 νοοῦμεν
2740 1643 2810 1694 τὰ
2848 1639 3210 1709 πνευματικὰ,
3232 1637 3358 1689 οὕτω
3383 1637 3456 1689 διὰ
3481 1653 3612 1704 σωμα-

453 1737 750 1806 tingamus.
787 1736 944 1790 Sicut
971 1751 1101 1807 ergo
1133 1751 1233 1806 per
1286 1735 1572 1792 sensibilia
1607 1735 1772 1789 verba
1799 1733 2031 1788 auribus

455 1829 705 1898 corporis
770 1829 1047 1891 audimus,
1116 1836 1281 1898 atque
1319 1841 1383 1881 ea
1415 1842 1538 1894 qua
1567 1825 1869 1896 spiritualia
1901 1833 2032 1879 sunt

457 1916 843 1986 intelligimus;
879 1917 958 1970 sic
1022 1932 1120 1986 per
1157 1930 1478 1986 corporeum
1517 1931 1739 1986 quoque
1769 1914 2034 1968 intuitum

456 2007 521 2061 ad
537 2008 874 2076 spiritualem
898 2008 1408 2079 contemplationem
1431 2007 2040 2077 progredimur.anam-

455 2094 642 2149 obrem
702 2110 902 2165 corpus
985 2105 1039 2151 et
1092 2098 1331 2150 animam
1383 2097 1640 2152 Christus
1707 2097 2031 2165 assumpsit,

456 2185 583 2254 quia
617 2186 783 2240 homo
838 2202 1074 2258 corpore
1105 2199 1273 2258 atque
1303 2191 1484 2244 anima
1543 2199 1758 2244 constat
1775 2191 1840 2243 ⁵⁸.
1875 2188 2034 2244 Unde

456 2275 654 2346 duplex
688 2278 850 2333 etiam
887 2288 970 2334 est
1017 2281 1348 2349 baptismus,
1395 2296 1463 2336 ex
1492 2295 1633 2351 aqua
1670 2283 1933 2336 nimirum
1975 2291 2029 2336 et

459 2367 656 2436 spiritu
695 2385 707 2421 :
749 2369 830 2422 sie
886 2370 1092 2437 pariter
1147 2371 1496 2436 communio,

2129 1737 2292 1803 τικῆς
2325 1734 2562 1804 θεωρίας
2595 1733 2872 1804 ἐρχόμεθα
2911 1733 3005 1785 ἐπὶ
3043 1732 3139 1800 τὴν
3177 1720 3500 1798 πνευματικὴν
3519 1725 3614 1777 Θεω-

2136 1829 2278 1898 ρίαν.
2311 1825 2408 1878 Διὰ
2429 1823 2589 1878 τοῦτο
2604 1824 2766 1892 σῶμα
2787 1826 2886 1876 καὶ
2903 1821 3081 1891 ψυχὴν
3107 1818 3346 1872 ἀνέλαὸεν
3373 1818 3398 1870 6
3417 1814 3612 1885 Xpmbc,

2135 1918 2325 1988 ἐπειδὴ
2361 1916 2525 1985 σῶμα
2544 1915 2644 1968 καὶ
2670 1913 2854 1985 ψυχὴν
2878 1914 2995 1983 ἔχει
3024 1914 3051 1966 ὁ
3085 1910 3348 1980 ἅνθρωπος
3365 1927 3376 1938 ο
3409 1907 3480 1960 διὰ
3502 1904 3616 1957 τοῦτο

2137 2009 2232 2062 καὶ
2265 2008 2327 2060 τὸ
2354 2008 2638 2077 βάπτισμα
2672 2003 2922 2069 διπλοῦν,
2955 2004 3014 2070 ἐξ
3041 2003 3221 2065 ὓδατος
3247 2001 3330 2054 καὶ
3355 1998 3612 2067 πνεύματος,

2138 2099 2234 2153 καὶ
2261 2100 2296 2169 ἡ
2342 2097 2621 2159 κοινωνία,
2673 2098 2770 2149 καὶ
2801 2098 2835 2166 ἡ
2868 2095 3166 2166 προσευχὴ,
3198 2094 3339 2162 καὶὴ
3377 2088 3613 2160 ψαλμῳδία,

2138 2189 2317 2244 πάντα
2345 2188 2530 2250 διπλᾶ,
2565 2187 2861 2256 σωματικὰ
2903 2187 2998 2238 καὶ
3024 2182 3364 2254 πνευματικὰ,
3387 2181 3466 2234 καὶ
3502 2179 3616 2246 φῶτα

2136 2281 2232 2334 καὶ
2256 2279 2600 2350 θυμιάματα.

1573 2387 1788 2440 preces,
1832 2379 1888 2425 et
1947 2372 2284 2439 psalmorum
2338 2376 2557 2434 cantus,
2616 2367 2861 2438 duplicia
2957 2381 3170 2437 quoque
3227 2373 3363 2428 sunt,
3415 2373 3618 2432 corporea

458 2456 623 2511 simul
644 2466 698 2512 et
725 2457 1067 2527 Spiritualia;
1103 2461 1468 2516 consimiliter
1528 2460 1823 2514 luminaria
1846 2469 1902 2515 et
1934 2459 2262 2516 suﬂimenta.

533 2573 620 2627 i3.
655 2571 735 2627 Ad
762 2572 874 2628 haec.
913 2573 1161 2630 diabolus
1217 2574 1355 2628 nihil
1380 2574 1448 2628 de
1486 2573 1698 2628 caeteris
1748 2573 2039 2636 sollicitus,

462 2663 516 2719 in
551 2665 698 2720 solas
732 2665 997 2737 imagines
1041 2667 1380 2732 insurrexit;
1411 2673 1671 2736 tantaque
1700 2666 1756 2720 in
1803 2666 1929 2719 illas
1953 2679 2042 2718 ar-

465 2754 557 2810 det
591 2754 821 2822 invidia,
867 2757 1003 2812 utin
1025 2755 1190 2812 Prato
1214 2759 1394 2812 sancti
1430 2757 1727 2829 Saphronii
1771 2755 2038 2812 llieroso-

468 2847 740 2918 lymorum
771 2849 1104 2918 patriarchae
1153 2850 1258 2904 hoc
1291 2851 1557 2920 scriptum
1585 2850 1740 2905 sit”.
1779 2869 1798 2900 ι
1821 2847 2040 2903 Narra-

463 2936 559 2995 bat
582 2939 753 2994 abbas
797 2938 1124 2996 Theodorus
1181 2924 1432 3005 Eliotes,
1463 2942 1518 2995 in
1549 2948 1734 2996 monte
1754 2939 2036 2994 Olivarum

466 3029 740 3085 reclusum
803 3031 1098 3101 quemdam
1154 3034 1464 3097 mansisse,
1528 3034 1707 3088 virum
1765 3034 2042 3104 spirituali

466 3120 662 3174 militia
718 3122 1013 3194 insignem,
1069 3141 1232 3196 quem
1289 3125 1538 3181 libidinis
1599 3126 1810 3181 dis-mon
1870 3125 2050 3182 modis

469 3213 724 3269 omnibus
763 3217 1135 3285 Oppugnabat.
1171 3217 1310 3272 Cum
1366 3218 1413 3272 is
1446 3218 1535 3273 die
1578 3218 1812 3287 quadem
1866 3218 2050 3273 acrius

472 3307 637 3360 solito
657 3307 838 3375 ipsum
867 3316 1106 3378 urgeret,
1144 3310 1412 3376 conqueri
1446 3310 1615 3378 etrapit
1647 3324 1816 3364 senex
1856 3326 1868 3359 :
1908 3309 2052 3375 Quo-

473 3412 648 3468 usque
683 3398 903 3452 tandem
939 3413 1025 3453 me
1070 3397 1338 3453 infestare
1386 3415 1495 3454 non
1532 3400 1755 3455 desines
1778 3401 1804 3452 ’ί
1835 3399 2050 3454 Recede

474 3488 737 3558 deinceps
784 3503 814 3542 a
869 3503 1000 3542 me:
1038 3503 1107 3543 en
1153 3489 1498 3544 consenuisti
1531 3506 1766 3544 mecum.
1796 3488 1898 3543 Cui
1936 3489 2049 3543 dae-

475 3594 606 3634 mon
631 3594 690 3635 se
743 3580 1108 3650 conSpicuum
1135 3579 1385 3649 praebens
1416 3597 1429 3632 :
1472 3579 1627 3645 Iura,
1656 3582 1857 3653 inquit,
1893 3581 2050 3645 mihi,

477 3676 531 3724 te
554 3669 762 3723 nemini
786 3680 1134 3724 narraturum
1160 3686 1282 3740 qua:
1304 3672 1400 3724 tibi
1425 3671 1616 3726 dixero
1644 3689 1656 3724 :
1695 3689 1795 3727 nec
1821 3673 1872 3726 iu
1890 3671 2052 3742 353

475 3767 753 3829 posterum
796 3761 1062 3816 molestus
1119 3778 1235 3817 ero.
1287 3763 1503 3817 Juravit
1553 3780 1717 3819 senex
1753 3784 1766 3819 :
1797 3767 1894 3828 ita,
1948 3764 2053 3818 Per

478 3866 601 3905 eum
627 3848 722 3919 qui
752 3849 806 3902 in
837 3852 1072 3906 excelsis
1118 3851 1350 3917 habitat,
1393 3853 1528 3906 nulli
1560 3851 1885 3921 patefaciam
1931 3868 2053 3923 qua:

478 3941 682 3997 dixeris
712 3941 868 3994 mibi.
895 3940 1032 3995 Tum
1066 3941 1302 4007 daemon,
1334 3944 1496 4009 hanc,
1525 3943 1727 4013 inquit,
1761 3945 2052 4014 imaginem

480 4032 624 4086 ultra
675 4049 745 4087 ne
777 4032 1042 4098 colueris,
1103 4049 1281 4102 neque
1320 4050 1418 4105 ego
1458 4035 1687 4104 posthac
1720 4034 1919 4088 bellum
1953 4033 2055 4088 ad-

479 4139 700 4180 versum
737 4133 793 4178 te
829 4124 1081 4178 movebo.
1117 4123 1287 4179 Porro
1344 4126 1524 4195 imago
1569 4126 1661 4181 illa
1703 4134 1908 4182 sancta:
1937 4124 2056 4178 Ma-

483 4218 578 4271 riae
625 4215 720 4271 Dei
758 4215 1054 4272 Genitricis
1103 4216 1344 4271 Dominae
1400 4229 1621 4282 nostrae,
1656 4218 1935 4275 Christum
1967 4216 2058 4272 Je-

2219 2583 2304 2643 ιγ’.
2357 2575 2518 2628 Ἀλλὰ
2548 2574 2722 2628 πάντα
2754 2573 2954 2639 ἐάσας,
2984 2572 3124 2626 κατὰ
3153 2574 3311 2644 μόνων
3334 2570 3428 2624 τῶν
3455 2567 3618 2621 εἰκόνων

2143 2666 2403 2736 ὥρμησεν
2426 2667 2454 2719 6
2475 2665 2722 2728 διάϐολος
2746 2681 2761 2696 ο
2792 2665 2895 2717 καὶ
2923 2664 3174 2727 τοσοῦτος
3197 2662 3331 2732 αὐτῷ
3361 2661 3516 2730 φθόνος
3536 2657 3619 2710 ἐστὶ

2141 2760 2280 2811 κατὰ
2311 2758 2422 2812 τῶν
2455 2758 2698 2820 εἰκόνων,
2740 2756 2815 2820 ὡς
2869 2758 2966 2811 καὶ
3015 2759 3071 2810 ἐν
3121 2756 3192 2826 τῷ
3237 2753 3534 2825 Λειμωναρίῳ
3553 2747 3618 2802 to?»

2141 2852 2301 2918 ἁγίου
2338 2850 2650 2920 Σῶφρονίου
2683 2851 2778 2903 τοῦ
2804 2852 3148 2922 πατριάρχου
3189 2845 3534 2918 Ἰεροσολύμων,
3556 2857 3618 2907 γε·

2141 2941 2385 3010 γρὰφθαι
2414 2941 2608 3005 οὕτως’
2638 2960 2657 2992 ι
2682 2941 2917 3010 Ἔλεγεν
2935 2945 2963 2996 6
2989 2940 3161 3004 ἀόὗᾶς
3187 2930 3618 3006 Θεόδωροςὸλίλιώο

2145 3049 2268 3102 της,
2297 3033 2379 3086 ὅτι
2405 3031 2474 3103 ἦν
2512 3051 2595 3097 τις
2628 3033 2952 3100 ἔγκλειστος
2981 3035 3059 3096 είς
3089 3032 3147 3084 τὸ
3175 3031 3291 3101 ὅρος
3316 3028 3409 3081 τῶν
3439 3021 3617 3082 Ἐλαιῶνι

2147 3124 2454 3194 ἀγωνιστής
2474 3140 2490 3154 ο
2530 3125 2662 3176 πανὶ
2681 3125 2749 3156 ”'
2787 3124 2845 3177 δὲ
2894 3125 3042 3194 αὐτῷ
3064 3123 3303 3192 ἐπολέμει
3321 3124 3345 3173 6
3369 3118 3532 3186 δαίμων
3551 3112 3618 3181 τῆς

2153 3213 2432 3279 πορνείας.
2478 3215 2566 3265 Ἐν
2596 3217 2694 3285 μιᾷ
2736 3211 2830 3267 οὖν
2876 3216 2954 3277 ὡς
2989 3215 3230 3267 ἐπέκειτο
3256 3211 3385 3280 αὐτῷ
3426 3204 3617 3274 σιεοδρῶς,

2151 3304 2360 3374 ἤρξατο
2383 3309 2411 3358 ὁ
2435 3306 2612 3377 γέρων
2636 3306 3034 3378 ἀποδύρεσθαι,
3065 3308 3155 3359 καὶ
3181 3306 3343 3373 λέγειν
3363 3301 3426 3371 τῷ
3441 3299 3615 3366 δαίμονι·

2151 3397 2298 3460 Ἕως
2337 3399 2466 3451 πότε
2519 3399 2620 3451 οὐκ
2665 3399 2890 3463 ἐνδίδως
2944 3418 3070 3471 μοι;
3111 3399 3327 3451 Ἀπόστα
3372 3392 3518 3447 λοιπὸν
3556 3384 3618 3438 ἀπ’

2150 3489 2311 3556 ἐμοῦ,
2370 3490 2748 3560 συνεγήρασά;
2797 3508 2914 3560 μοι.
2972 3492 3219 3544 Φαίνεται
3266 3484 3437 3554 αὑτῷὁ
3472 3479 3618 3548 δαίμων

2151 3579 2605 3649 ὀφθαλμοφανῶς,
2655 3580 2865 3648 λέγων·
2910 3583 3147 3652 Ὀμοσόν
3184 3597 3266 3649 μοι
3310 3579 3380 3629 ὅτι
3402 3569 3534 3625 οὐδενὶ
3557 3565 3618 3616 λέ-

2153 3690 2289 3739 γεις,
2321 3673 2350 3725 ὅ
2383 3674 2562 3742 μέλλω
2609 3674 2791 3742 λέγειν
2825 3692 2940 3740 σοι,
2973 3675 3090 3727 καὶ
3131 3671 3303 3725 οὐκέτι
3345 3685 3411 3721 σοι
3443 3657 3618 3728 πολεμῶ-

2153 3767 2264 3818 Καὶ
2286 3764 2502 3834 ὤμοσεν
2529 3765 2679 3836 αὐτῷ
2709 3766 2736 3818 6
2756 3766 2962 3836 γέρων,
3004 3766 3085 3818 ὅτι
3113 3764 3202 3820 Μὰ
3238 3762 3320 3815 τὸν
3356 3751 3622 3811 κατοικοῦντα

2155 3859 2213 3908 ἐν
2247 3860 2358 3920 τοῖς
2383 3857 2648 3926 ὑψίστοις,
2675 3857 2776 3910 οὑκ
2808 3858 2956 3909 είπω
2977 3857 3085 3910 τινὶ
3113 3857 3247 3924 ἆπερ
3267 3854 3405 3921 εἴπῃς
3428 3863 3514 3918 μοι.
3531 3838 3622 3892 Τότε

2154 3947 2300 4015 λέγει
2349 3947 2499 4018 αὐτῷ
2545 3950 2573 4000 6
2598 3947 2844 4018 δαίμωνο
2898 3948 2992 4018 Μὴ
3046 3947 3398 4017 προσκυνήσῃς
3429 3931 3622 4001 ταῦτῖιτῇ

2156 4039 2346 4104 εἰκόνι,
2382 4039 2478 4091 καὶ
2509 4039 2694 4092 οὐκέτι
2736 4056 2818 4092 σοι
2877 4041 3194 4110 πολεμήσω.
3248 4031 3358 4103 Εἶχε
3386 4029 3483 4096 aeq
3511 4020 3623 4076 εἰκὼν

2157 4128 2480 4198 ἐκτύπωμα,
2515 4129 2614 4201 τὴν
2640 4129 2942 4183 Δέσποιναν
2993 4131 3146 4201 ἡμῶν
3177 4128 3323 4196 ἁγίαν
3351 4120 3524 4190 Μαρίαν
3557 4113 3624 4209 τῂν

2156 4221 2441 4282 Θεοτόκον,
2479 4221 2856 4290 βαστάζουσαν
2910 4223 3001 4274 τὸν
3066 4222 3259 4292 Κύριον
3294 4213 3427 4284 ἡμῶν
3481 4209 3628 4274 Ἰησουν

482 4323 604 4362 sum
633 4307 942 4362 Dominum
971 4319 1220 4365 nostrum
1249 4311 1538 4381 gestantis,
1567 4310 1796 4380 elligicm
1823 4309 2042 4365 ferebat.

2160 4313 2416 4385 Χριστόν.
2462 4314 2559 4366 ’1δέ
2597 4315 2718 4366 τίνα
2771 4314 3068 4385 μιμοῦνται
3097 4315 3145 4366 οἱ
3175 4300 3533 4381 προσκυνεῖσθαι
3561 4292 3628 4389 τᾲς

483 4399 622 4455 Hinc
651 4400 875 4468 videris,
907 4419 1199 4472 quemnam
1251 4404 1553 4466 imitentur,
1592 4403 1824 4471 cujusve
1847 4404 2060 4456 instru-

487 4503 667 4549 menta
703 4495 815 4552 siut
869 4495 966 4561 illi,
1007 4495 1098 4565 qui
1140 4495 1408 4565 imagines
1441 4494 1660 4548 adorari
1741 4493 2058 4563 prohibent.

490 4584 706 4640 Daemon
746 4587 948 4656 quippe
978 4585 1222 4640 libidinis
1262 4585 1436 4640 Satius
1471 4585 1629 4640 duxit
1672 4585 1742 4638 ab
1785 4582 2059 4638 adoranda

490 4677 732 4733 Dominae
769 4685 971 4733 nostrae
1003 4677 1243 4750 imagine
1283 4692 1503 4733 cessare
1567 4691 1775 4740 senem,
1804 4691 1969 4747 quam
2004 4676 2060 4730 in

491 4771 732 4827 libidinis
776 4770 1177 4826 immunditicm
1203 4770 1311 4825 labi
1347 4785 1360 4823 :
1393 4785 1516 4824 cum
1546 4785 1655 4824 non
1683 4784 1807 4823 eum
1841 4769 2053 4829 lateret,

489 4864 759 4936 ejusmodi
813 4873 1098 4936 peccatum
1169 4864 1535 4920 fornicatione
1621 4863 1777 4932 longe
1832 4861 2061 4931 gravius

489 4969 630 5011 esse.
663 4974 682 5007 ι

563 5068 647 5123 14.
705 5066 974 5122 Caeterum
1035 5068 1254 5138 quando
1309 5068 1466 5123 nobis
1491 5066 1557 5121 de
1595 5065 1830 5136 imagine
1862 5077 2045 5120 sermo

492 5165 609 5225 est;
651 5159 903 5229 agedum,
965 5159 1080 5214 haec
1117 5159 1297 5215 fusius
1331 5169 1385 5214 et
1417 5158 1732 5229 diligentius
1763 5163 2064 5226 pertracte-

497 5264 654 5317 mus;
691 5249 878 5318 itaque
908 5249 1200 5306 dicendum
1224 5252 1348 5317 erit,
1376 5254 1430 5305 1ο
1473 5249 1734 5322 quidnam
1756 5247 1827 5302 sit
1855 5248 2063 5316 imago;

494 5336 552 5390 2°
601 5353 700 5393 cur
725 5337 869 5393 facta
909 5338 1022 5407 sit;
1064 5341 1122 5394 5°
1169 5350 1303 5412 quot
1331 5341 1441 5396 sint
1500 5338 1798 5409 imaginum
1830 5350 2066 5405 genera;

559 5493 608 5572 δέ
651 5497 816 5572 Greg.
851 5497 986 5555 Naz.
1015 5500 1168 5558 Orat.
1202 5500 1268 5556 de
1309 5499 1455 5572 bapt.

503 5567 716 5635 τρόπῳῖ
745 5567 900 5633 Em.

1563 5501 1605 5531 ⁸³
1638 5497 1865 5554 Pratum
1899 5497 2212 5576 spirituale;
2248 5497 2315 5554 de
2349 5514 2454 5568 quo
2491 5495 2691 5552 vidcsis
2737 5502 2875 5549 orat.
2927 5494 2976 5546 1.

2159 4407 2376 4470 εἰκόνας
2426 4406 2748 4470 κωλύοντες,
2780 4407 2876 4460 καὶ
2909 4407 3058 4468 τίνος
3097 4406 3229 4456 εἰσιν
3258 4399 3464 4469 ὄργανα·
3503 4391 3525 4440 ὁ
3555 4398 3629 4450 γαρ

2159 4499 2364 4570 δαίμων
2419 4499 2522 4569 τῆς
2553 4498 2816 4570 πορνείας
2867 4499 3158 4568 ᾑρετίσατο
3185 4493 3254 4564 μὴ
3296 4475 3628 4570 προσκυνεῖσθαι

2160 4588 2259 4659 τὴν
2290 4589 2473 4642 εἰκόνα
2503 4589 2601 4658 τῆς
2631 4589 2952 4657 Δεσποίνης.
2977 4589 3120 4658 ἤπερ
3142 4587 3216 4647 είς
3241 4584 3328 4650 τὴν
3345 4579 3427 4646 τῆς
3443 4580 3628 4664 πορνείξς

2161 4680 2506 4751 ἀκαθαρσίαν
2538 4683 2804 4750 ἐμπεσεῖν
2843 4681 2934 4732 τὸν
2969 4682 3228 4752 γέροντα,
3263 4673 3330 4735 ὡς
3361 4666 3540 4739 μείζονα
3563 4669 3629 4723 της

2167 4773 2423 4842 πορνείας
2455 4773 2735 4844 ἁμαρτίαν
2767 4772 2976 4842 ταύτην
3009 4769 3384 4856 ἐπιστάμενος-ί
3404 4778 3420 4810 ³

2245 5056 2326 5112 ιδ’.
2379 5056 2516 5110 Ἀλλ’
2570 5057 2759 5125 ἐπειδὴ
2811 5056 2939 5126 περὶ
2971 5054 3175 5114 εἰκόνος
3206 5054 3232 5106 6
3279 5049 3416 5114 λόγος
3456 5029 3629 5126 £0111?-

2172 5148 2628 5218 προσκυνήσεως,
2679 5121 2810 5217 φέρε
2851 5121 3180 5214 πλατύτερον
3225 5139 3342 5208 περὶ
3388 5131 3548 5186 τούτων
3570 5121 3628 5172 τὸν

2175 5241 2330 5308 λόγον
2352 5240 2816 5310 διευκρινὴσωμεν
2837 5254 2846 5263 ·
2873 5236 2967 5290 καὶ
2990 5236 3223 5305 εἴπωμεν
3245 5228 3449 5300 πρῶτον,
3472 5218 3514 5273 τί
3531 5217 3627 5310 ἔστιν

2177 5331 2340 5384 εἰκών
2360 5349 2373 5362 ·
2405 5331 2676 5402 δεύτερον,
2695 5329 2840 5392 τίνος
2868 5327 3028 5399 χάριν
3049 5326 3258 5395 γέγονεν
3288 5319 3425 5375 είκὼν
3447 5331 3458 5344 ’
3484 5307 3626 5378 τρίτονι

3088 5491 3166 5522 ⁵⁸⁸·
3198 5486 3357 5550 πάντη
3410 5472 3476 5527 vel
3513 5454 3626 5520 πανίὶ
