3936 6174
333 229 471 300 1337

1398 233 1498 293 DE
1531 227 1990 291 IMAGINIBUS
2026 228 2306 293 ORATIO
2344 234 2457 293 III.

3431 228 3570 294 1338

319 342 486 398 πόσαι
513 337 776 409 διαφοραῖ⁷
804 337 1054 391 εἰκόνωνν
1079 336 1360 406 τέταρτον,
1390 338 1443 389 τί
1472 338 1532 390 τὸ
1558 337 1892 404 εἰκονιζόμε-

2005 333 2052 387 ιο
2099 351 2345 405 quaenam
2380 337 2614 408 possint,
2642 352 2832 410 quaeve
2860 353 2971 394 non
2993 337 3210 410 possint
3237 337 3569 410 imaginibus

318 450 431 499 νον,
450 431 546 486 καὶ
569 431 624 482 τί
657 429 716 483 τὸ
743 427 816 500 μὴ
837 429 1234 498 είκονιζόμενον
1255 445 1268 458 ο
1304 429 1552 500 πέμπτον
1574 469 1589 493 ,
1627 429 1708 490 τίς
1735 427 1886 498 πρῶ-

317 539 409 585 τος
439 519 695 589 ἐποίησεν
730 520 968 584 εἰκόνας.

392 618 473 664 ιε’.
499 607 631 663 Εἶτα
662 612 760 663 καὶ
793 614 922 682 περὶ
945 613 1366 682 προσκυνήσεως
1392 627 1404 640 ·
1429 611 1668 682 πρῶτον,
1696 611 1748 663 τί
1772 613 1887 663 ἐστι

235 766 244 770 _
320 702 690 772 προσκύνησις
711 719 724 732 ο
755 703 1028 775 δεύτερον,
1051 705 1205 756 πόσοι
1224 705 1417 774 τρόποι
1443 704 1884 774 προσκυνήσεωςε

318 794 522 862 τρίτον,
575 793 717 844 πόσα
745 792 813 846 τὰ
845 803 1298 864 προσκυνουμενα
1354 793 1682 864 εὑρίσκομεν
1726 794 1784 844 ὲν
1821 795 1887 862 τῇ

317 882 546 953 Γραφῇ·
585 883 851 953 τέταρτον
876 922 892 946 ,
929 885 1012 936 ὅτι
1053 886 1206 937 πᾶσα
1258 883 1627 955 προσκύνησις
1673 882 1762 935 διὰ
1801 884 1890 934 τὸν

319 974 481 1042 φύσει
535 975 919 1045 προσκυνητὸν
975 975 1108 1030 Θεόν
1146 977 1262 1028 ἐστι
1284 992 1298 1006 ⁸
1327 975 1596 1044 πέμπτον,
1626 974 1709 1026 ὅτι
1733 976 1765 1041 ἡ
1793 974 1889 1044 τῆς

317 1065 526 1129 εἰκόνος
553 1064 688 1138 τιμὴ
719 1066 815 1119 ἐπὶ
841 1065 902 1119 τὸ
932 1069 1288 1137 πρωτότυπον
1308 1066 1594 1119 διαϐαίνει.

707 1243 974 1312 Πρῶτον,
1003 1246 1061 1298 τι
1088 1245 1218 1298 ἐστι
1251 1243 1428 1297 είκών
1457 1255 1500 1296 ε.

390 1333 487 1401 ις’.
513 1334 692 1388 Είκὼν
725 1336 823 1406 μὲν
852 1332 945 1390 οὖν
981 1337 1128 1390 ἐστιν
1159 1337 1431 1407 ὁμοίωμα,
1467 1336 1565 1389 καὶ
1594 1335 1892 1407 παράδειγ-

321 1443 417 1496 μα,
451 1427 544 1480 καὶ
583 1426 886 1496 ἐκτόπωμά
921 1444 1088 1492 τινος,
1117 1428 1175 1480 ἐν
1203 1412 1381 1498 ἐαυτῷ
1399 1427 1641 1481 δεικνὺον
1663 1427 1722 1479 τὺ
1749 1429 1892 1479 εἰκο-

317 1517 589 1588 νιζόμενοε,
607 1556 622 1571 .
647 1518 874 1581 Πάντως
909 1518 963 1570 δὲ
988 1518 1050 1571 οὐ
1082 1519 1225 1572 κατὰ
1259 1519 1435 1572 πάντα
1468 1518 1644 1571 ἔοικεν
1671 1521 1704 1587 ή
1731 1517 1893 1570 εἰκὼν

315 1608 392 1678 τῷ
423 1612 786 1680 πρωτοτύπῳ,
816 1610 1066 1662 τουτέστι
1084 1609 1163 1680 τῷ
1186 1607 1570 1679 εἰκονιζομένῳ
1593 1626 1606 1639 '
1630 1609 1757 1663 ἄλλο
1783 1609 1893 1681 γάρ

317 1698 525 1769 ἐστινὴ
566 1696 754 1761 εἰκὼν,
789 1697 883 1751 καὶ
917 1697 1045 1752 ditio
1079 1699 1140 1750 τὸ
1178 1699 1602 1769 εἶκονιζόμενον,
1634 1701 1726 1752 καὶ
1756 1700 1892 1752 πάν-

316 1805 426 1852 τως
453 1790 646 1858 ὁρᾶται
677 1789 736 1841 ἐν
763 1789 946 1853 αὐτοῖς
980 1790 1235 1860 διαφορὰ,
1273 1791 1393 1843 ἐπεὶ
1414 1791 1512 1842 οὐκ
1546 1791 1672 1845 ἄλλο
1708 1790 1888 1856 τοῦτο,

316 1879 414 1932 καὶ
433 1878 560 1934 ἄλλο
587 1880 782 1934 ἐκεῖνο.
811 1874 934 1933 Οἷόν
972 1899 1026 1934 τι
1046 1881 1189 1949 λέγω
1209 1897 1221 1910 ’
1263 1883 1327 1934 Ἦ
1360 1882 1524 1936 εἰκὼν
1555 1883 1647 1937 τοῦ
1679 1882 1890 1950 ἀνθρώ-

317 1987 444 2031 που,
498 1971 546 2022 εἰ
581 1971 794 2024 καὶτὸν
820 1972 1147 2042 χαρακτῆρα
1198 1975 1429 2027 ὲκτυποῖ
1478 1975 1570 2028 τοῦ
1613 1974 1888 2045 σώματος,

317 2059 451 2117 ἀλλὰ
481 2060 577 2124 τὰς
600 2062 838 2132 ψυχικὰς
861 2062 1122 2132 δυνάμεις
1149 2066 1249 2117 οὐκ
1290 2064 1403 2136 έκει
1429 2082 1444 2096 ⁸
1483 2066 1606 2119 οὗτε
1652 2068 1760 2137 γὰρ
1799 2068 1889 2137 ξῇ’

315 2151 442 2206 οὗτε
472 2152 770 2219 λογίζεται,
821 2153 942 2208 οὒτε
996 2154 1318 2225 φθέγγεται,
1375 2156 1498 2210 οὔτε
1551 2158 1890 2222 αἰσθάνεται,

315 2243 440 2296 οὔτε
471 2245 628 2313 μέλος
663 2248 832 2298 κινεῖ·
867 2247 960 2299 καὶ
993 2248 1022 2299 ὁ
1055 2248 1190 2313 υἱὸς,
1231 2245 1396 2301 εἰκὼν
1439 2249 1640 2319 φυσικὴ
1689 2249 1762 2302 ὣν
1793 2249 1889 2302 τοῦ

317 2336 544 2399 πατρὸς,
581 2334 694 2404 ἔχει
746 2353 798 2389 τι
854 2338 1314 2408 παρηλλαγμένον
1346 2340 1482 2410 πρὸς
1532 2341 1714 2395 αὐτόν.
1765 2342 1890 2404 Υἱὸς

317 2424 427 2496 γάρ
453 2426 588 2490 ἐστι,
624 2426 720 2478 καὶ
753 2427 813 2479 οὐ
844 2429 1047 2498 πατήρ.

490 2606 796 2680 Δεύτερον,
832 2607 1000 2672 τίνος
1036 2607 1212 2676 χάριν
1251 2609 1421 2662 ἐστὶν
1449 2611 1487 2676 ή
1517 2610 1710 2666 εἰκών.

390 2697 475 2762 ιζ’.
515 2699 675 2751 Πᾶσα
720 2697 886 2751 εἰκὼν
927 2699 1296 2770 ἑκφαντορικὴ
1348 2700 1442 2753 τοῦ
1491 2703 1722 2772 κρυφίου
1777 2702 1890 2754 ἐστὶ

319 2789 411 2842 καὶ
437 2787 708 2857 δεικτικὴ.
730 2779 854 2840 Οἷόν
877 2804 929 2840 τι
950 2786 1113 2856 λέγωο
1146 2787 1363 2858 Ἐπειδὴ
1385 2791 1412 2842 ό
1440 2789 1534 2842 ἄνθ
1545 2807 1740 2859 ρωπος,
1766 2791 1889 2843 οὔτε

317 2877 414 2934 τοῦ
431 2879 665 2949 ἀοράτου
681 2876 892 2947 γυμνὴν
908 2877 1020 2948 ἔχει
1040 2878 1138 2949 τὴν
1154 2879 1374 2946 γνῶσιν,
1395 2878 1608 2948 σώματι
1627 2880 1892 2934 καλυπτο-

322 2971 491 3046 μένης
514 2971 614 3040 τῆς
659 2969 863 3040 ψυχῆς,
919 2969 1044 3024 οὔτε
1101 2971 1210 3024 τῶν
1243 2972 1360 3040 μετ’
1406 2971 1568 3023 αὑτὸν
1593 2972 1886 3040 ἐσομένων,

319 3062 442 3116 οὔτε
475 3061 586 3114 τῶν
632 3062 787 3132 τόπῳ
834 3061 1200 3132 διεστηκότων
1237 3060 1331 3113 καὶ
1382 3060 1696 3131 ἀπεχόντων
1736 3063 1780 3126 ί,
1816 3063 1892 3127 ὡς

318 3152 470 3222 τόπῳ
497 3151 590 3206 καὶ
623 3151 802 3222 χρόνῳ
825 3151 1327 3222 περιγραφόμενος,
1353 3151 1489 3221 πρὸς
1513 3152 1738 3222 όδηγίαν
1761 3154 1901 3221 γνώ-

323 3261 482 3308 σεως,
517 3246 612 3297 καὶ
631 3243 961 3312 φανέρωσιν,
989 3243 1082 3295 καὶ
1112 3241 1464 3312 δημοσίευσιν
1505 3243 1612 3296 τῶν
1653 3261 1899 3314 κεκρυμ-

325 3334 526 3403 μένων,
551 3331 824 3402 ἐπενοήθη
858 3330 1101 3401 ήεξκών·
1135 3331 1354 3394 πάντως
1385 3332 1440 3385 δὲ
1474 3333 1608 3401 πρὸς
1633 3333 1900 3402 ὠφέλειαν

322 3427 418 3478 καὶ
447 3425 769 3495 εὐεργεσίαν
807 3424 901 3477 καὶ
929 3423 1226 3494 σωτηρίαν,
1256 3424 1408 3486 ὅπως
1434 3424 1898 3494 στηλιτευομένων

327 3518 419 3570 καὶ
448 3515 936 3588 θριαμϐευομένων
968 3515 1078 3567 τῶν
1105 3515 1474 3586 πραγμάτων,
1502 3515 1809 3585 διαγνῶμεν
1832 3516 1899 3570 τὰ

326 3608 707 3679 κεκρυμμένα,
729 3606 825 3659 καὶ
850 3605 919 3658 τὰ
953 3606 1051 3676 μὲν
1085 3605 1225 3658 καλὰ
1245 3606 1574 3676 ποθήσωμεν
1603 3608 1698 3660 καὶ
1725 3608 1900 3678 ζηλὼ-

331 3714 532 3767 σωμεν,
565 3697 634 3749 τὰ
659 3697 715 3748 δὲ
743 3695 982 3760 ἐναντία,
1012 3695 1260 3748 τουτέστι
1290 3697 1358 3749 τὰ
1389 3697 1564 3762 κακὰ,
1619 3700 1900 3770 ἀποστρα-

329 3790 518 3861 φῶμεν
540 3789 634 3842 καὶ
663 3790 794 3859 μισή
805 3805 1014 3859 σωμεν.

576 3881 799 3950 Τρίτον,
844 3881 1029 3934 πόσαι
1062 3879 1336 3949 διαφοραὶ
1385 3881 1652 3934 εἰκόνων.

399 3971 490 4042 ιη’.
513 3971 776 4042 Διαφοραὶ
806 3971 863 4024 δὲ
895 3972 1118 4025 εἰκόνων
1158 3972 1264 4024 εἰσί
1284 3989 1299 4002 ο
1342 3972 1532 4042 πρώτη
1571 3973 1667 4042 μὲν
1701 3968 1794 4027 οὖν
1820 3976 1900 4026 εἰ-

327 4063 438 4116 κών
464 4065 614 4115 ἐστιν
646 4064 679 4133 ἡ
707 4063 934 4130 φυσική.
988 4063 1076 4114 Ἐν
1101 4062 1318 4132 ἑκάστῳ
1354 4062 1413 4115 δὲ
1448 4065 1473 4103 ε
1507 4063 1794 4134 πράγματι
1820 4065 1902 4117 δεῖ

329 4156 544 4226 πρῶτον
568 4150 708 4208 εἶναι
737 4154 799 4206 τὸ
823 4153 965 4207 κατά
995 4153 1178 4223 φύσιν,
1214 4155 1308 4206 καὶ
1343 4155 1465 4206 τότε
1488 4154 1549 4207 τὸ
1579 4155 1721 4208 κατὰ
1751 4156 1899 4209 θέσιν

328 4245 424 4298 καὶ
461 4245 696 4315 μίμησιν
744 4243 890 4313 (22)·
916 4239 1027 4296 οἷον
1073 4244 1158 4296 δεῖ
1190 4243 1407 4313 πρῶτον
1446 4240 1582 4298 εἶναι
1623 4246 1780 4313 φύσει
1807 4247 1897 4300 ἄν-

1989 427 2217 496 exprimi
2245 448 2260 496 ;
2301 430 2359 484 5°
2412 431 2540 503 quis
2565 431 2781 502 primus
2810 433 3106 502 imaginum
3147 440 3356 487 auctor.

2060 604 2148 660 l5.
2177 604 2366 660 Itidem
2398 607 2464 662 de
2505 607 2824 661 adoratione
2867 625 2879 660 :
2913 607 2970 660 1ο
3019 607 3150 675 quid
3184 611 3253 661 sit
3284 607 3568 674 adol-aiio;

1988 695 2048 749 2ο
2093 703 2224 766 quot
2271 700 2384 752 sint
2435 697 2814 752 adorationum
2876 699 3056 761 modi;
3088 698 3144 750 5°
3193 707 3321 764 quot
3361 701 3470 753 sint
3505 715 3568 752 ea

1993 787 2197 856 quibus
2251 791 2305 840 in
2352 787 2639 858 Scriptura
2668 789 2902 858 legimus
2953 788 3324 842 adorationem
3360 790 3573 842 exhibi-

1989 889 2096 933 tam
2134 879 2341 946 fuisse;
2373 879 2428 932 4°
2476 879 2620 949 quod
2671 880 2919 934 adoratio
2967 884 3146 934 omnis
3169 879 3234 932 ad
3263 877 3452 942 Deum,
3479 880 3570 947 qui

1990 976 2185 1038 suapte
2226 978 2426 1023 natura
2474 969 2790 1024 adorandus
2818 977 2924 1033 est,
2979 969 3284 1034 referatur;
3327 969 3387 1022 5°
3426 969 3572 1038 quod

1991 1060 2243 1115 adoratio
2292 1061 2519 1130 imagini
2566 1061 2831 1127 adhibita,
2869 1060 2938 1114 ad
2973 1075 3122 1126 eum,
3152 1076 3311 1130 quem
3359 1061 3450 1114 illa
3481 1075 3572 1114 re-

1989 1157 2306 1218 praesentat,
2338 1150 2649 1206 reducatur.

2484 1239 2539 1292 i’
2583 1239 2724 1303 Quid
2762 1241 2829 1292 sit
2869 1239 3066 1308 imago.

2063 1329 2370 1401 16.1mago
2419 1330 2607 1400 itaque
2670 1339 2757 1387 est
2794 1331 3122 1396 similitudo,
3175 1331 3479 1402 exemplum
3518 1339 3574 1386 et

1993 1420 2198 1491 efﬁgies
2244 1421 2580 1492 cujuspiam,
2611 1422 2666 1476 in
2693 1437 2801 1492 qua
2833 1423 2925 1476 ille
2969 1421 3132 1489 cuius
3162 1430 3250 1475 est
3275 1423 3454 1492 imago
3481 1437 3574 1477 os-

1993 1512 2260 1567 tenditur.
2303 1512 2490 1583 Neque
2513 1522 2696 1568 tamen
2746 1515 2928 1583 imago
2985 1514 3318 1583 exemplari;
3351 1514 3456 1568 hoc
3486 1521 3574 1568 est

1995 1606 2074 1660 rei
2107 1621 2272 1674 quam
2294 1606 2533 1669 exhibet,
2567 1608 2664 1674 per
2693 1605 2878 1659 omnia
2909 1604 3106 1659 similis
3133 1613 3236 1658 est.
3261 1603 3394 1657 Nam
3422 1605 3573 1658 aliud

1997 1705 2083 1753 est
2108 1697 2312 1768 imago,
2330 1705 2384 1751 et
2409 1696 2580 1761 aliud,
2609 1697 2662 1750 id
2682 1695 2829 1766 quod
2854 1696 3088 1765 imagine
3111 1703 3570 1764 repreesentatur:

1997 1804 2062 1845 ac
2104 1805 2331 1846 necesse
2357 1797 2443 1846 est
2473 1797 2532 1843 ut
2565 1789 2818 1844 nonnihil
2867 1789 3010 1843 inter
3059 1797 3352 1857 utrumque
3373 1786 3573 1842 discri-

1998 1883 2165 1938 minis
2232 1880 3046 1950 animadvertatur:siquidem
3096 1895 3217 1934 nec
3258 1880 3400 1934 istud
3465 1879 3572 1933 alia

1996 1985 2089 2025 res
2122 1977 2289 2033 esset,
2329 1984 2430 2023 nec
2457 1968 2590 2023 illud
2629 1969 2757 2021 alia.
2796 1969 3043 2038 Exempli
3073 1969 3272 2038 gratia,
3332 1968 3572 2024 hominis

1999 2061 2200 2131 imago,
2263 2062 2366 2117 etsi
2399 2062 2651 2132 corporis
2687 2060 2916 2132 ﬁguram
2949 2062 3228 2130 exprimit,
3280 2059 3574 2115 facultates

1997 2161 2182 2207 tamen
2234 2154 2428 2207 animae
2483 2168 2593 2207 non
2623 2151 3028 2221 complectitur.
3092 2150 3206 2206 Non
3243 2151 3386 2206 enim
3413 2152 3570 2215 vivit,

1998 2259 2099 2298 nec
2157 2246 2418 2314 loquitur,
2467 2260 2570 2299 nec
2605 2245 2794 2310 sentit,
2850 2259 2952 2298 nec
3010 2244 3311 2298 membrum
3368 2250 3569 2298 movet.

1999 2336 2140 2402 Quin
2173 2339 2337 2392 etiam
2395 2338 2561 2402 ﬁlius,
2596 2351 2720 2391 cum
2754 2337 3031 2390 naturalis
3055 2337 3125 2389 sit
3161 2337 3341 2405 imago
3372 2335 3571 2405 patris,

1997 2426 2357 2483 nihilominus
2412 2427 2755 2496 aliquantum
2817 2425 2884 2478 ab
2918 2426 3040 2493 ipso
3093 2425 3392 2494 discrepat.
3433 2422 3572 2478 Nam

1998 2518 2139 2574 ﬁlius
2167 2526 2272 2583 est,
2303 2535 2410 2572 non
2441 2526 2613 2588 pater.

2240 2611 2299 2664 2°
2329 2609 2494 2678 Cujus
2531 2612 2706 2680 gratia
2738 2611 2980 2664 instituta
3006 2611 3073 2662 sit
3095 2610 3288 2678 imago.

2071 2702 2158 2755 t7.
2185 2701 2378 2756 Omnis
2430 2703 2612 2772 imago
2646 2716 2760 2756 rem
2795 2703 3049 2756 latentem
3095 2700 3278 2770 prodit
3311 2706 3364 2753 et
3394 2699 3574 2752 mani-

2000 2790 2181 2846 festat.
2218 2790 2282 2844 Υ.
2317 2805 2399 2860 gr,
2422 2791 2861 2860 quandoquidem
2896 2791 3078 2852 homo,
3113 2797 3402 2858 propterea
3426 2785 3573 2858 quod

2001 2885 2217 2938 animus
2248 2898 2276 2936 a
2307 2898 2540 2952 corpore
2591 2884 2887 2952 obtegitur,
2921 2882 3216 2935 invisihilis
3266 2882 3364 2943 rei,
3398 2890 3449 2933 ct
3480 2895 3575 2934 eoo

2001 2988 2122 3026 rum
2154 2988 2275 3042 quae
2300 2982 2423 3041 post
2447 2973 2624 3041 ipsum
2657 2973 2840 3026 futura
2899 2982 3047 3034 sunt,
3078 2988 3268 3041 qumve
3305 2972 3462 3046 longe
3485 2969 3574 3024 di-

2003 3073 2148 3119 stant
2204 3072 2258 3120 et
2317 3065 2511 3133 procul
2558 3064 2778 3126 absunt,
2839 3065 3209 3132 cognitionem
3249 3079 3360 3117 non
3391 3063 3573 3128 habet,

2001 3163 2195 3228 utpote
2249 3157 2342 3225 qui
2379 3157 2501 3209 loco
2527 3164 2577 3208 et
2611 3164 2856 3223 tempore
2912 3155 3435 3219 circumscribatur;
3493 3154 3577 3208 id—

2003 3251 2173 3313 circo,
2205 3257 2265 3302 ut
2293 3249 2345 3301 in
2383 3262 2564 3300 rerum
2595 3245 2910 3315 cognitione
2941 3244 3301 3312 dirigeretur,
3357 3260 3573 3300 necnon

2005 3339 2299 3395 utocculta
2354 3338 2769 3391 declararentur
2810 3343 2863 3389 et
2899 3334 3198 3388 manifesta
3232 3337 3444 3398 tierent,
3481 3350 3580 3388 ex-

2003 3433 2241 3502 cogitata
2297 3437 2380 3484 est
2426 3430 2608 3500 imago
2641 3444 2653 3478 :
2689 3428 2820 3497 quin
2865 3429 3028 3481 etiam
3065 3428 3339 3490 utilitatis,
3373 3427 3580 3482 beneli-

2001 3524 2196 3578 contine
2248 3531 2300 3576 et
2346 3519 2540 3576 salutis
2587 3534 2799 3583 causa;
2839 3527 2898 3573 ut
2945 3534 3140 3587 nempe
3172 3534 3237 3573 ex
3282 3518 3444 3572 rebus
3499 3533 3582 3573 os-

2003 3616 2225 3670 tentatis
2256 3622 2310 3668 et.
2345 3613 2664 3682 propalatis,
2699 3628 2762 3667 ea
2796 3627 2918 3681 qua:
2945 3613 3119 3665 latent
3166 3611 3578 3681 dignoscamus,

2003 3715 2164 3774 atque
2219 3712 2335 3757 tum
2373 3704 2518 3758 bona
2579 3717 2986 3771 prosequamur
3012 3710 3065 3755 et
3091 3703 3431 3763 aemulemur,
3464 3709 3578 3753 tum

2003 3795 2307 3858 contraria,
2363 3796 2476 3848 sive
2510 3793 2674 3855 mala,
2705 3794 2942 3846 vitemus
2980 3801 3036 3844 et
3068 3792 3365 3860 fugiamus.

2281 3885 2338 3938 ὅθ
2372 3883 2671 3951 Quotuplea:
2708 3883 2998 3952 imaginum
3033 3882 3333 3935 discrimen.

2075 3975 2160 4029 18.
2199 3973 2290 4027 lla:
2321 3988 2486 4043 porro
2513 3981 2640 4026 sunt
2671 3973 2971 4042 imaginum
3029 3972 3369 4025 differentiae.
3394 3970 3581 4023 Prima

2001 4068 2221 4137 quidem
2255 4065 2518 4119 naturalis
2546 4072 2648 4120 est.
2678 4065 2811 4117 Nam
2848 4065 2899 4118 in
2924 4053 3073 4118 omni
3106 4080 3162 4117 re
3193 4063 3244 4116 in
3278 4063 3469 4132 primis
3495 4079 3583 4117 ne-

2001 4174 2156 4215 cesse
2183 4166 2266 4213 est
2297 4166 2355 4211 ut
2373 4158 2489 4227 ipsa
2520 4156 2592 4211 sit
2632 4156 2685 4210 in
2723 4172 2820 4211 sua
2857 4165 3076 4222 natura,
3109 4155 3272 4226 354
3295 4155 3418 4209 dein
3453 4170 3584 4209 vero

2001 4250 2342 4305 institutione
2359 4259 2410 4305 et
2440 4249 2758 4304 imitatione.
2785 4248 2876 4302 Sic
2909 4249 3070 4304 homo
3096 4248 3393 4303 semiudum
3427 4263 3582 4302 suam

327 4335 567 4416 θρωπον,
627 4337 722 4389 καὶ
771 4335 892 4388 τότε
952 4335 1097 4390 θέσει
1126 4335 1266 4389 κατὰ
1296 4337 1549 4407 μίμησιν.
1582 4337 1778 4409 Πρώτη
1805 4336 1893 4393 οὖν

2005 4353 2253 4395 naturam
2288 4341 2520 4396 exsistat
2558 4343 2712 4410 prius
2756 4355 3045 4395 necessum
3074 4350 3188 4396 est.
3233 4351 3345 4394 tum
3387 4337 3584 4394 deinde

1629 4452 1865 4507 VARI/li
1909 4452 2310 4509 LECTIONES.

403 4555 426 4584 ο
454 4542 589 4615 Haec
617 4559 738 4615 quae
793 4555 1100 4614 sequuntur
1143 4545 1335 4614 majori
1380 4547 1516 4615 parti
1567 4548 1831 4601 orationis
1866 4549 1887 4601 Ι
1925 4549 2326 4602 subnectuntur
2359 4547 2413 4600 in
2437 4547 2559 4600 cod.
2595 4561 2725 4600 mss.
2763 4544 2942 4607 Regiis
2975 4544 3186 4615 duobus
3212 4555 3264 4597 et
3299 4545 3352 4597 in
3386 4545 3582 4615 altero,

332 4629 503 4683 usque
527 4613 593 4688 ad
624 4613 728 4688 PP.
765 4613 1089 4688 testimonia
1108 4615 1161 4688 ἰρ
1201 4613 1403 4688 quibus
1447 4615 1535 4671 hic
1577 4619 1766 4673 titulus
1808 4619 2141 4688 praetigitur,
2177 4617 2285 4670 Τοῦ
2323 4617 2490 4670 αὑτοῦ
2543 4617 2791 4668 Ἰωάννου
2826 4615 3003 4684 ἁγίου.

331 4699 441 4740 uno
466 4685 587 4740 cod.
620 4684 733 4755 ἔχει
761 4685 984 4754 γνῶσιν.
1067 4687 1092 4728 3
1120 4685 1281 4741 Forte
1302 4686 1430 4758 γάρ.

3097 4613 3114 4652 ί
3153 4615 3384 4668 Additur
3413 4614 3500 4667 hic
3527 4614 3582 4666 in

1849 4847 2076 4905 NOTAE.

402 4934 514 5009 (22)
552 4935 744 4992 Grace
770 4935 914 4990 κατὰ
945 4937 1094 4990 Θέσιν
1117 4946 1171 4991 et
1196 4938 1361 5006 paulo
1399 4947 1520 5008 post
1551 4939 1720 5006 Θέσει,
1755 4940 1902 5009 quod

327 5016 443 5062 tum
498 5022 589 5080 per
617 5009 932 5080 positionem
965 5009 1406 5080 institutionemve
1463 5010 1756 5080 signiﬁcat,
1790 5019 1904 5063 tum

325 5093 420 5149 per
445 5076 782 5149 adoptionem
836 5091 884 5130 et
937 5076 1712 5149 accommodationemfatqne
1744 5095 1908 5149 oppo-

326 5148 480 5202 nitur
515 5147 598 5219 τῷ
629 5147 831 5215 φύσει,
868 5155 923 5201 et
978 5147 1054 5217 τῷ
1087 5148 1440 5219 κατὰφύσιν,
1496 5163 1592 5203 seu
1625 5148 1702 5202 illi
1759 5147 1903 5219 quod

327 5217 634 5280 secundum
691 5233 804 5272 suae
853 5228 1064 5272 natura:
1115 5218 1484 5273 conditionem
1547 5227 1600 5272 et
1655 5217 1901 5275 ordinem

326 5287 570 5357 exsistit.
604 5287 870 5342 Caeterum
901 5288 1106 5357 aliquid
1145 5303 1265 5343 esse
1294 5288 1439 5340 θέσει
1471 5288 1754 5349 duntaxat,
1793 5303 1900 5342 non

327 5356 620 5424 ipsiusmet
671 5357 750 5427 rei
797 5356 1080 5412 veritatem
1131 5359 1392 5411 continuo
1425 5358 1689 5412 excludit.
1734 5357 1901 5427 quue

331 5430 568 5497 testatus
604 5435 688 5482 est
710 5426 1090 5497 Copronymus
1117 5429 1234 5497 ipse
1273 5428 1610 5497 leonoclasta
1645 5443 1768 5482 cum
1801 5426 1902 5483 suo

331 5495 605 5567 concilio,
665 5495 826 5565 cujus
849 5495 1021 5567 verba
1063 5495 1176 5550 huic
1231 5496 1400 5551 refert
1426 5496 1768 5567 Nicephorus
1794 5497 1900 5552 (ΞΡ.

325 5564 576 5638 Δηιίτνή.
608 5583 693 5638 ιιηε
737 5564 1052 5638 Ἐκέλευσεν
1091 5567 1411 5638 τοῖςάγίρις
1438 5564 1602 5638 αὑτοῦ
1631 5568 1905 5638 μαθηταῖς

335 5635 430 5693 καὶ
455 5635 773 5702 ἀποστόλοις
806 5634 1176 5706 παραδοῦναι,
1208 5630 1358 5690 δι”οὖ
1396 5637 1608 5704 ἠράσθη
1631 5630 1901 5706 πράγμαὲ

2011 4957 2122 5002 τος,
2158 4937 2328 4991 τύπον
2375 4939 2454 5001 εἰς
2485 4938 2642 5009 σῶμα
2687 4935 2882 4991 αὐτοῦ’
2910 4936 2996 5009 ἵνα
3027 4935 3115 4988 διὰ
3147 4935 3248 5009 τῆς
3308 4935 3586 5009 ἱερατικῆς

2011 5009 2304 5078 ἀναγωγῆς
2334 5009 2488 5061 κὰνεὶ
2515 5006 2581 5062 ὲκ
2605 5007 2954 5078 μετοχῆςκαὶί
2979 5007 3123 5078 θέσει
3153 5006 3390 5078 γίνηται,
3419 5006 3588 5078 1916(4)-

2013 5097 2114 5148 μεν
2131 5074 2294 5139 αὐτό,
2325 5078 2400 5141 ὡς
2427 5074 2631 5150 κυρίως
2660 5074 2998 5146 καῖ’ἁληοῶς
3021 5077 3182 5150 σῷμά
3207 5075 3400 5128 αὐτοῦ·
3435 5074 3585 5128 Prw-

2009 5146 2142 5216 cepit
2186 5150 2383 5202 sanctis
2429 5146 2702 5216 discipulis
2750 5159 2799 5202 et
2839 5146 3113 5214 apostolis,
3165 5147 3216 5198 in
3247 5163 3308 5198 ea
3339 5162 3392 5198 re
3429 5162 3585 5212 quant

2007 5220 2194 5284 valuit,
2224 5218 2430 5272 tradere
2453 5220 2678 5287 ﬁguram
2711 5220 2763 5271 in
2795 5233 2982 5284 corpus
3005 5231 3180 5278 suum,
3210 5225 3266 5268 ut
3294 5231 3384 5284 per
3408 5232 3586 5287 sacer-

2009 5289 2244 5342 dotalem
2309 5286 2624 5342 oblationem
2663 5305 2726 5342 ex
2777 5287 3180 5356 participatione
3235 5294 3284 5338 et
3333 5286 3588 5356 positione

2011 5376 2126 5414 vere
2167 5368 2215 5414 et
2250 5360 2457 5427 proprie
2501 5375 2688 5427 corpus
2724 5355 2887 5427 ipsius
2920 5358 3294 5427 acciperemus.
3322 5356 3465 5427 illaec
3503 5355 3587 5406 diu

2013 5439 2159 5484 serte
2185 5425 2466 5498 exponunt
2491 5425 2600 5482 alia
2622 5425 2975 5498 conCiliahuli
3002 5425 3427 5498 Copronymiani
3463 5441 3587 5478 vcr-

2011 5499 2098 5561 ba,
2125 5496 2528 5568 qum'leguntur
2558 5507 2666 5556 act.
2687 5500 2720 5552 6
2747 5497 2940 5568 synodi
2962 5497 3226 5568 septimae,
3251 5505 3305 5568 e_t
3327 5496 3588 5568 evincunt

2011 5583 2105 5693 gos
2134 5565 2204 5623 ab
2249 5565 2571 5626 ortiiodoxis
2595 5611 2611 5638 ,
2664 5565 2845 5640 quoad
2875 5566 3240 5622 Eucharistiae
3271 5565 3432 5622 ﬁdem
3475 5579 3585 5621 non

2047 5651 2374 5693 iscrenasse.

2047 5651 2374 5708 tscrepasse.
