3936 6174
380 242 511 306 1341

1438 244 1534 302 DE
1576 243 2039 305 IMAGINIBUS
2076 244 2355 304 ORATIO
2394 248 2510 306 III.

3478 238 3614 302 1342

371 352 466 407 τοῦ
492 346 747 421 ούρανοῦ.
772 368 790 400 ι
826 346 932 401 Καὶ
964 346 1122 400 πάλιν
1145 362 1156 373 ·
1192 366 1208 397 ι
1239 346 1348 400 Καὶ
1380 349 1577 420 ἄρχετε
1608 349 1716 402 τῶν
1747 350 1940 420 ἰχθύων

2048 360 2312 406 nostram.
2357 371 2377 405 ι
2423 352 2730 422 Subditque
2771 370 2786 408 :
2828 372 2847 403 ι
2902 353 2966 407 Et
3027 352 3388 410 dominamini
3452 353 3615 423 355

370 443 473 513 τῆς
504 439 817 509 θαλάσσης,
860 439 954 491 καὶ
992 437 1099 491 τῶν
1135 438 1395 492 πετεινῶν
1426 440 1520 493 τοῦ
1557 442 1808 512 ούρανοῦ,
1846 444 1939 497 καὶ

373 532 553 601 πάσης
578 530 679 596 τῆς
707 526 950 597 γῆς,νκαὶ
976 527 1442 599 κατακυριεύσατε
1473 530 1659 599 αὐτῆς.
1704 550 1720 581 ι

442 620 547 679 κα’.
588 620 860 687 Τέταρτος
887 617 1089 688 τρόπος
1131 618 1335 680 εἰκόνος
1374 618 1473 687 τῆς
1528 619 1767 689 γραφῆς,
1804 622 1938 689 axi]-

378 731 523 785 ματα
555 713 648 766 καὶ
682 709 896 779 μορφὰς
943 710 1038 763 καὶ
1089 708 1289 773 τύπους
1341 707 1786 777 ἀναπλαττούσης
1835 709 1941 761 τῶν

374 804 618 871 ἀοράτων
662 799 759 853 κτιιί¹
812 799 1139 868 ἀσωμάτων,
1192 796 1518 867 σωματικῶς
1562 798 1937 867 τυπουμένων,

374 894 508 963 πρὸς
542 891 791 961 ἀμυδρὰν
821 891 1147 959 κατανόησιν
1179 890 1309 942 Θεοῦ
1337 906 1395 941 τε
1426 890 1518 942 καὶ
1549 888 1815 956 ἀγγέλων,
1853 890 1941 942 διὰ

370 985 429 1038 τὸ
468 986 541 1053 μὴ
573 982 834 1036 δύνασθαι
870 983 1018 1051 ἡμᾶς
1059 982 1127 1034 τὰ
1176 980 1441 1049 ἀσώματα
1474 981 1599 1034 ἄνευ
1647 980 1941 1049 σχημάτων

372 1076 777 1144 ἁναλογούντων
796 1078 927 1145 ἡμῖν
956 1075 1202 1144 θεωρεῖν,
1229 1072 1411 1135 καθώς
1440 1082 1603 1142 φησιν
1630 1074 1657 1125 6
1689 1072 1854 1136 πολὺς
1876 1072 1941 1125 τά

374 1171 491 1223 θεῖα
518 1170 791 1230 Διονύσιος
821 1169 848 1219 6
890 1166 1435 1237 Ἀρεοπαγίτης.’¹οτι
1462 1166 1559 1234 μὲν
1580 1165 1688 1235 γὰρ
1719 1165 1942 1227 εἰκότως

374 1258 774 1329 προϐέϐληνται
814 1256 922 1309 τῶν
970 1255 1268 1308 ἀτυπώτων
1300 1255 1349 1307 οἰ
1378 1254 1558 1319 τύποι,
1586 1255 1680 1307 καὶ
1715 1255 1783 1308 τὰ
1813 1256 1944 1325 σχή-

376 1367 521 1420 ματα
554 1348 661 1401 τῶν
694 1347 1137 1417 ἀσχηματίστων,
1164 1347 1224 1399 ού
1254 1346 1280 1383 ιι
1306 1345 1473 1416 μόνην
1502 1345 1679 1399 αἰτίαν
1709 1344 1843 1415 φαίη
1860 1362 1943 1409 τις

373 1437 633 1513 εἶναιτὴν
664 1439 786 1493 καθ’
811 1440 957 1509 ἡμᾶς
988 1437 1297 1505 ἀναλογίαν,
1327 1436 1690 1491 ἀδυνατοῦσαν
1724 1437 1943 1507 ἀμέσως

372 1531 467 1582 ἐπὶ
499 1528 597 1591 τὰς
630 1527 825 1597 νοητὰς
864 1525 1238 1580 ἀνατείνεσθαι
1271 1525 1523 1595 θεωρίας,
1553 1528 1648 1579 καὶ
1681 1526 1943 1596 δεομένην

373 1616 586 1670 οἰκείων
608 1615 701 1668 καὶ
732 1614 993 1685 συμφυῶν
1026 1613 1346 1682 ἀναγωγῶν.
1378 1614 1440 1666 Εἰ
1471 1615 1645 1667 τοίνυν
1668 1614 1766 1683 τῆς
1788 1614 1943 1685 ἡμῶν

2039 439 2281 508 piscibus
2304 442 2474 495 maris
2504 449 2559 497 et
2583 441 2895 498 volatilibus
2917 443 3043 497 cceli
3072 451 3126 499 et
3142 443 3412 498 universa:
3430 449 3611 506 terrae,

2037 539 2090 583 ct
2119 531 2373 599 subjicite
2399 546 2541 588 eam.
2586 551 2605 582 ι

2107 621 2199 673 2i.
2233 620 2497 685 Quartum
2527 621 2780 691 imaginis
2830 635 3003 690 genus
3036 628 3121 675 est
3166 621 3281 689 ipsa
3316 621 3612 688 scriptura,

2039 725 2159 778 quae
2193 709 2392 777 figuras
2432 718 2485 763 et
2521 710 2727 763 formas
2759 718 2812 764 et
2856 709 3103 778 exempla
3141 724 3320 762 rerum
3364 708 3613 763 invisibi-

2043 801 2171 852 lium
2200 806 2253 854 et
2279 800 2725 869 incorporearum
2748 816 3016 869 corporeo
3038 801 3199 853 modo
3222 815 3607 866 expressarum

2044 890 2195 958 fingit
2222 897 2275 943 et
2297 889 2569 954 efformat,
2609 898 2667 944 ut
2706 892 2995 944 obscuram
3049 892 3239 945 saltem
3270 889 3359 940 Dei
3390 891 3611 957 angelo-

2042 996 2274 1049 rumque
2327 982 2576 1035 notitiam
2634 982 3001 1051 percipiamus
3028 997 3041 1032 :
3076 997 3139 1035 eo
3170 980 3314 1049 quod
3344 981 3463 1034 sine
3490 997 3612 1049 spc-

2041 1072 2228 1125 cicbus
2257 1071 2561 1125 conditioni
2609 1080 2813 1127 nostrae
2842 1072 3272 1141 congruentibus
3300 1085 3387 1122 res
3421 1085 3615 1139 corpo-

2042 1174 2166 1211 reas
2197 1158 2401 1211 intueri
2430 1161 2752 1228 neutiquam
2799 1162 3115 1229 possimus;
3150 1159 3609 1227 quemadmodum

2045 1249 2336 1318 Dionysius
2376 1249 2700 1318 Areopagita
2763 1252 3078 1307 divinarum
3106 1265 3287 1303 rermn
3339 1251 3612 1317 peritissi-

2045 1354 2167 1394 mus
2213 1340 2370 1393 docet
2386 1338 2452 1394 ".
2487 1339 2643 1406 Quod
2705 1342 2853 1396 enim
2890 1343 3081 1396 formae
3124 1350 3178 1397 et
3198 1340 3393 1423 figurae
3426 1357 3607 1395 rerum

2046 1429 2219 1484 forma
2264 1442 2317 1488 et
2343 1436 2513 1506 figura
2544 1435 2851 1489 carentium
2884 1435 3150 1490 consulto
3184 1432 3395 1486 fuerint
3423 1434 3605 1499 editae,

2045 1522 2185 1576 hanc
2208 1539 2369 1579 unam
2397 1526 2525 1595 quis
2557 1525 2922 1595 assignaverit
2956 1541 3220 1593 causam;
3263 1538 3321 1583 ut
3349 1526 3609 1581 nimirum
3652 1542 3662 1549 ·

2045 1612 2377 1670 conditionis
2430 1624 2636 1670 nostra:
2687 1617 2826 1671 ratio
2875 1617 3174 1671 haberetur
3208 1636 3221 1671 :
3257 1620 3456 1688 quippe
3486 1634 3609 1673 cum

375 1707 617 1778 προνοῶν
645 1706 935 1787 ἀναλογίας
965 1706 993 1758 6
1029 1706 1169 1768 θεῖος
1202 1706 1389 1774 λόγος,
1432 1705 1695 1760 πάντοθεν
1724 1705 1783 1758 τὺ
1811 1706 1934 1758 ἀνα-

2048 1706 2165 1762 sine
2194 1708 2374 1762 medio
2407 1709 2645 1779 quodam
2687 1710 2755 1763 ad
2790 1724 2974 1763 rerum
3018 1710 3449 1780 intelligibilium
3478 1725 3613 1765 con-

371 1798 585 1854 στατικὸν
607 1800 738 1868 ἡμῖν
762 1798 1138 1870 ποριζόμενος,
1172 1797 1267 1849 καὶ
1294 1799 1405 1860 τοῖς
1427 1797 1618 1859 ἁπλοῖς
1644 1798 1738 1851 καὶ
1766 1797 1939 1867 ἀμορ-

374 1886 569 1958 φὼτοις
604 1885 809 1948 τύπους
857 1885 1005 1948 τινὰς
1043 1884 1372 1955 περιτίθησι,
1405 1884 1522 1947 πῶς
1573 1884 1647 1955 μὴ
1686 1884 1937 1948 εἰκονίζει

371 1978 440 2031 τὰ
466 1978 705 2048 σχήμασι
745 1975 1156 2048 μεμορφωμένα
1190 1973 1331 2027 κατά
1374 1974 1474 2045 τὴν
1519 1976 1725 2027 οἰκείαν
1752 1973 1934 2041 φύσιν,

373 2068 465 2121 καί
497 2066 806 2136 ποθούμενα
838 2066 955 2135 μὲν,
997 2064 1084 2117 διὰ
1116 2064 1259 2117 δὲτὸ
1288 2063 1361 2135 μὴ
1390 2067 1662 2134 παρεῖναι,
1711 2063 1937 2137 ὁρᾶσθαι

376 2159 449 2230 μὴ
476 2158 782 2227 δυνάμενα;
813 2157 951 2229 Φησὶ
1000 2156 1131 2225 γοῦν
1174 2158 1203 2209 ό
1250 2156 1574 2227 θεορρήμων
1619 2156 1935 2226 Γρηγόριος,

371 2248 452 2301 δτι
495 2246 665 2300 πολλά
708 2247 933 2317 κάμνων
980 2248 1008 2298 6
1046 2244 1172 2308 νοῦς
1219 2245 1445 2315 ἐκϐῆναι
1491 2246 1560 2299 τὰ
1614 2245 1936 2315 σωματικά,

374 2338 547 2408 πάντη
578 2337 831 2391 ἀδυνατεῖ
847 2352 863 2376 η
895 2355 915 2388 ‹
954 2336 1114 2390 Ἀλλά
1130 2337 1221 2389 καὶ
1242 2336 1309 2389 τά
1330 2336 1537 2406 ἀόρατα
1562 2336 1655 2389 τοῦ
1672 2334 1806 2389 Θεοῦ
1832 2336 1938 2388 ἀπὸ

374 2430 599 2493 κτίσεως
643 2429 736 2482 τοῦ
791 2428 1018 2499 κόσμου.
1054 2432 1165 2490 τοῖς
1214 2428 1479 2495 ποιήμασι
1509 2426 1773 2497 νοούμενα
1803 2427 1939 2479 καθ-

372 2522 581 2592 ορᾶται.
616 2539 635 2572 ι
660 2518 909 2588 Ὀρῶμεν
943 2518 999 2569 δέ
1030 2518 1125 2571 καὶ
1154 2518 1210 2569 ἐν
1237 2520 1350 2580 τοῖς
1379 2518 1669 2588 κτίσμασιν
1703 2519 1937 2581 εἰκόνας,

376 2609 679 2679 μηνυούσας
726 2611 857 2679 ἡμῖν
896 2608 1154 2680 ἀμυδρῶς
1184 2608 1284 2671 τὰς
1331 2610 1482 2672 θείας
1527 2610 1819 2679 ἐμφάσεις·
1864 2611 1940 2673 ὡς

370 2702 458 2752 ὅτε
493 2699 725 2768 λέγομεν
774 2700 871 2770 τὴν
905 2699 1067 2767 ἁγίαν
1115 2699 1321 2767 Τριάδα
1351 2700 1447 2771 τὴν
1476 2700 1825 2771 ύπεράρχιον,
1862 2702 1936 2753 εἰ-

374 2790 679 2855 κονίζεσθαι
727 2791 796 2845 δι’
831 2790 983 2860 ἡλίου
1015 2791 1108 2843 καὶ
1139 2790 1316 2859 φωτὸς
1348 2791 1443 2843 καὶ
1476 2793 1692 2854 ἀκτῖνος
1713 2806 1726 2819 ·
1764 2793 1795 2862 ἢ
1830 2810 1939 2861 πη-

372 2883 474 2953 γῆς
518 2882 942 2954 ἀναϐλυζούσης,
977 2882 1071 2935 καὶ
1120 2881 1499 2951 πηγαςομένου
1544 2883 1803 2951 νάματος,
1846 2884 1941 2937 καὶ

372 2973 612 3045 προχοῇς
633 2991 647 3007 ο
695 2973 730 3044 ἢ
769 2973 862 3028 νοῦ
893 2973 988 3027 καὶ
1016 2972 1176 3040 λόγου
1221 2974 1314 3025 καὶ
1347 2972 1653 3042 πνεύματος
1682 2972 1776 3025 τοῦ
1806 2975 1940 3027 καθ’

372 3064 549 3138 ἡμᾶς’
583 3067 615 3137 ἢ
647 3066 801 3138 ῥόδου
832 3064 1019 3135 φυτοῦ,
1047 3066 1142 3118 καὶ
1170 3064 1386 3127 ἄνθους,
1423 3063 1515 3117 καί
1550 3065 1800 3128 εὐωδίας.

2041 1795 2432 1853 siderationem
2484 1813 2649 1853 nemo
2676 1800 2854 1868 possit
2885 1815 3215 1868 assurgere;
3249 1816 3314 1856 ac
3372 1802 3610 1871 propriis

2039 1884 2253 1953 sibique
2279 1900 2305 1939 a
2340 1893 2533 1940 natura
2586 1888 2863 1942 concessis
2902 1889 3145 1951 auxiliis,
3187 1890 3391 1957 quibus
3450 1890 3611 1943 attol-

2038 1975 2208 2040 latur,
2243 1976 2504 2046 indigeat.
2536 1977 2693 2043 Quod
2716 1978 2762 2032 si
2790 1979 2953 2049 igitur
2981 1978 3269 2048 Scriptura
3298 1995 3395 2049 pro
3418 1988 3611 2035 nostro

2038 2078 2221 2138 captu,
2250 2068 2614 2139 undequaque
2639 2085 2701 2124 ea
2736 2070 2995 2141 suggerit,
3029 2087 3152 2141 qua:
3190 2087 3291 2126 nos
3320 2071 3611 2126 sublimius

2036 2160 2360 2229 provehant,
2398 2171 2562 2232 atque
2597 2163 2665 2217 iis
2701 2178 2822 2231 qua:
2868 2164 3142 2232 simplicia
3193 2170 3342 2226 sunt,
3377 2163 3612 2216 nullius-

2038 2266 2146 2321 que
2175 2252 2359 2308 formae
2390 2254 2634 2322 capacia,
2669 2253 2876 2306 formas
2913 2253 3174 2322 quasdam
3200 2253 3614 2316 accommodat;

2039 2357 2138 2396 cur
2167 2357 2267 2397 nec
2291 2344 2382 2396 illa
2414 2359 2636 2413 quoque
2674 2359 2769 2411 per
2820 2343 3096 2413 imagines
3125 2344 3423 2412 exprimat,
3489 2357 3613 2411 qure

2039 2440 2235 2503 suapte
2298 2442 2495 2488 natura
2555 2434 2743 2502 figuris
2804 2442 2934 2487 sunt
2995 2432 3292 2487 informata
3332 2445 3609 2501 ;quorum

2038 2522 2257 2592 quidem
2290 2524 2547 2577 ardemus
2576 2521 2869 2587 desiderio,
2902 2522 3000 2577 sed
3026 2537 3149 2592 quas
3175 2522 3352 2575 videri
3389 2528 3612 2591 propter

2039 2614 2345 2669 absentiam
2388 2630 2495 2668 non
2533 2614 2801 2684 possunt?
2837 2614 2986 2668 istuc
3033 2622 3283 2684 spectant
3327 2614 3441 2668 haec
3475 2612 3608 2667 Gre-

2040 2706 2177 2775 gorii
2206 2705 2469 2777 Theologi
2504 2708 2671 2762 verba
2696 2709 2739 2739 ⁸⁹
2775 2724 2788 2759 :
2821 2706 3185 2772 Quantumvis
3216 2706 3427 2760 laboret
3455 2719 3613 2759 mers

2039 2803 2248 2861 nostra,
2287 2811 2375 2852 res
2403 2813 2702 2867 corporeas
2727 2797 3013 2852 transilire
3043 2810 3390 2864 nequaquam
3427 2795 3570 2849 valet
3599 2812 3613 2848 :

2040 2888 2133 2943 sed
2175 2906 2194 2939 ‹
2218 2889 2519 2944 invisibilia
2579 2890 2669 2945 Dei
2706 2905 2801 2959 per
2832 2904 2895 2944 ea
2925 2903 3045 2959 qua:
3101 2887 3245 2942 facta
3275 2893 3423 2949 sunt,
3457 2885 3618 2941 intel-

2038 2980 2182 3035 lecta
2207 2981 2710 3048 conspiciuntur".
2750 2998 2769 3031 ι
2808 2978 3101 3032 Cernimus
3142 2983 3325 3031 autem
3360 2976 3415 3030 in
3450 2975 3619 3031 rebus

1971 3058 2013 3116 C
2047 3066 2252 3121 creatis
2324 3066 2626 3135 imagines,
2680 3081 2803 3134 qua:
2858 3064 3074 3119 divinas
3138 3062 3617 3117 manifestationes

374 3159 707 3215 subobscure
753 3156 913 3213 nobis
958 3154 1242 3219 indicant,
1286 3155 1362 3221 uti
1401 3171 1526 3209 cum
1565 3155 1820 3222 dicimus,
1864 3163 2111 3211 sanctam
2154 3165 2207 3210 et
2247 3156 2393 3210 omni
2445 3156 2775 3211 anteriorem
2815 3154 3089 3225 principio
3138 3152 3482 3216 Trinitatem,
3525 3168 3620 3222 per

375 3251 565 3316 solem,
619 3257 675 3305 et
716 3248 920 3312 lucem,
961 3254 1016 3302 et
1043 3244 1259 3301 radium
1323 3246 1641 3317 designari;
1691 3256 1787 3301 aut
1853 3262 1952 3317 per
1985 3246 2211 3311 fontem,
2256 3255 2308 3301 et
2353 3247 2531 3301 rivum
2581 3263 2613 3303 e
2665 3248 2817 3302 fonte
2870 3254 3210 3305 manantem,
3277 3252 3331 3300 et
3382 3244 3615 3311 fluenta;

376 3356 466 3409 aut
489 3360 585 3415 per
608 3352 866 3410 mentem,
896 3350 951 3398 et
976 3343 1269 3407 rationem,
1296 3350 1350 3397 et
1376 3343 1629 3412 spiritum
1662 3352 1911 3398 nostrum
1937 3358 1951 3408 ;
1994 3351 2088 3397 aut
2115 3357 2213 3411 per
2243 3357 2383 3397 rosae
2413 3342 2681 3411 plantam,
2721 3348 2776 3395 et
2805 3338 3016 3399 ﬂorem,
3049 3348 3104 3392 et
3136 3338 3379 3391 odorem.

442 3433 545 3505 κβν.
586 3433 842 3502 Πέμπτος
876 3431 1076 3504 τρόπος
1121 3432 1327 3497 εἰκόνος
1375 3432 1610 3502 λέγεται,
1639 3434 1667 3486 ό
1695 3448 1948 3503 προεικο-

2110 3431 2201 3484 2-2.
2245 3432 2505 3497 Quintum
2540 3446 2714 3502 genus
2739 3430 3038 3499 imaginum
3074 3427 3208 3481 illud
3249 3426 3480 3494 dicitur,
3509 3442 3621 3499 quo

376 3525 534 3590 νίζων
565 3524 660 3578 καὶ
705 3523 1130 3595 προδιαγράφων
1169 3524 1238 3577 τά
1274 3524 1556 3594 μέλλοντα,
1591 3524 1666 3588 ὠς
1711 3527 1743 3595 ἡ
1789 3524 1941 3594 βάτος

2048 3520 2230 3576 futura
2290 3522 2672 3592 praeluduntur
2713 3530 2767 3577 et
2814 3522 3265 3590 prsesignantur;
3315 3519 3619 3587 cujusmodi

380 3617 471 3670 καὶ
494 3618 522 3670 6
555 3615 647 3668 ἐπὶ
695 3614 860 3668 πόκον
892 3615 1069 3680 ὑετὸς,
1095 3614 1194 3687 τὴν
1236 3615 1509 3685 Παρθένον
1537 3616 1630 3668 καὶ
1655 3615 1945 3681 Θεοτόκον,

382 3710 525 3781 καὶὴ
557 3708 770 3781 ῥάϐδος,
796 3709 890 3763 καὶ
931 3710 964 3779 ἠ
1010 3708 1275 3778 στάμνος*
1304 3709 1398 3763 καὶ
1425 3708 1499 3771 ὠς
1530 3710 1558 3761 6
1585 3707 1706 3776 δφις
1731 3707 1858 3770 τοὺς
1885 3708 1945 3760 τὸ

378 3801 559 3870 δῆγμα
603 3799 689 3853 διὰ
720 3798 957 3869 σταυροῦ
992 3800 1442 3871 καταργήσαντας
1467 3797 1483 3836 ι
1513 3796 1605 3851 τοῦ
1637 3797 1944 3867 ἀρχεκάκου

378 3892 552 3962 ὄφεως
570 3910 584 3923 ο
620 3893 655 3963 ἥ
679 3909 737 3946 τε
761 3891 1024 3957 θάλασσα,
1054 3892 1114 3945 τὸ
1144 3891 1307 3963 ὕδωρ,
1336 3891 1431 3945 καὶ
1459 3893 1490 3962 ἡ
1517 3890 1732 3960 νεφέλη,
1755 3889 1815 3942 τὸ
1850 3888 1945 3943 τοῦ

380 3982 756 4054 βαπτίσματος
780 3982 1026 4054 Πνεῦμα.

448 4158 549 4229 κγ’.
582 4160 782 4224 Ἕκτος
830 4159 1031 4230 τρόπος
1064 4162 1291 4228 εἰκόνος,
1322 4163 1356 4233 ή
1409 4162 1545 4235 πρὸς
1592 4163 1812 4233 μνήμην
1841 4159 1950 4214 τῶν

380 4249 760 4337 γεγονότων,ἢ
811 4248 1173 4321 θαύματος,ἦ
1224 4252 1442 4322 ἀρετῆς,
1475 4250 1611 4323 πρὸς
1655 4251 1811 4315 δόξαν
1857 4250 1949 4304 καὶ

378 4341 543 4412 τιμὴν
572 4340 666 4394 καὶ
692 4339 1094 4410 στηλογραφίαν
1123 4341 1230 4395 τῶν
1258 4344 1711 4410 ἀριστευσάντων,
1756 4342 1848 4395 καὶ
1892 4342 1949 4393 ἐν

2041 3610 2142 3664 fuit
2161 3611 2330 3665 rubus
2352 3613 2423 3671 τί,
2455 3610 2757 3680 pluviaque
2788 3610 2843 3662 in
2862 3608 3030 3663 vellus
3050 3607 3311 3662 decidens
3334 3609 3400 3670 ⁷³,
3422 3608 3620 3677 quibus

2052 3701 2220 3771 Virgo
2251 3709 2305 3756 et
2344 3701 2575 3770 Deipara
2601 3698 3169 3769 praemonstrabatur;
3196 3698 3436 3766 itemque
3470 3698 3620 3767 virga

2050 3800 2105 3847 et
2136 3807 2295 3845 urna.
2325 3790 2416 3845 Sic
2450 3806 2684 3861 serpens
2710 3805 2901 3845 aeneus
2934 3804 3061 3844 eum
3094 3789 3223 3842 olim
3260 3788 3619 3858 figurabat",

2052 3878 2144 3947 qui
2177 3877 2455 3946 serpentis
2511 3877 2780 3930 malorum
2829 3875 3075 3930 auctoris
3127 3890 3373 3929 morsum
3436 3884 3623 3942 postea

2054 3969 2290 4022 sanavit.
2333 3964 2427 4019 Sic
2486 3965 2706 4019 demum
2756 3978 2941 4029 mare,
3004 3963 3267 4034 baptismi
3318 3978 3515 4034 aquam
3568 3974 3624 4019 et
3668 4006 3675 4022 .

2054 4058 2232 4112 nubes
2256 4057 2304 4089 '"’
2330 4055 2577 4126 ejusdem
2606 4056 2875 4126 Spiritum
2911 4056 3342 4126 praesignabant.

2124 4148 2215 4203 25.
2248 4147 2473 4203 Sextum
2505 4164 2682 4219 genus
2709 4148 3011 4218 imaginum
3050 4149 3183 4203 illud
3227 4157 3335 4213 est,
3389 4147 3533 4218 quod
3565 4150 3622 4203 in

2054 4241 2134 4296 rei
2166 4251 2337 4312 gestae
2358 4242 2682 4295 memoriam
2714 4241 3079 4295 constitutum
3112 4248 3215 4301 est.
3252 4242 3369 4297 sive
3403 4242 3492 4294 illa
3523 4242 3624 4295 mi-

2055 4334 2305 4387 raculum
2340 4332 2642 4402 quoddam,
2671 4333 2791 4387 sive
2825 4333 2991 4387 etiam
3039 4333 3358 4403 praeclarum
3410 4332 3626 4388 facinus

379 4433 546 4503 ἀρετῇ
581 4429 1012 4501 δωπρεψάντων,
1054 4431 1087 4503 ἢ
1120 4433 1339 4499 κακίας,
1372 4432 1510 4503 πρὸς
1544 4431 1812 4501 θρίαμϐον
1855 4430 1941 4484 καὶ

2054 4423 2221 4480 fuerit
2252 4443 2269 4493 ;
2300 4424 2366 4479 ad
2391 4424 2625 4495 gloriam
2660 4424 2946 4488 nimirum,
3000 4431 3056 4479 et
3096 4425 3383 4489 honorem,
3416 4434 3469 4479 et
3503 4440 3621 4478 mo—

381 4521 639 4591 αἰσχύνην
672 4520 781 4574 τῶν
829 4521 1105 4574 κακίστων
1136 4521 1366 4593 ἀνδρῶν,
1401 4522 1536 4593 πρὸς
1562 4521 1661 4593 τὴν
1689 4523 1768 4584 εἰς
1795 4520 1941 4574 ὔστε-

2052 4528 2378 4572 nmnentum
2410 4517 2668 4580 illorum,
2705 4517 2799 4585 qui
2842 4525 2953 4570 tum
3010 4515 3180 4569 animi
3227 4514 3622 4584 magnitudine,

385 4629 476 4683 ρον
515 4612 623 4665 τῶν
670 4611 956 4683 θεωμένων
998 4612 1300 4683 ὠφέλειαν⁹
1335 4614 1409 4677 ὡς
1452 4614 1519 4669 ἂν
1561 4615 1628 4668 τὰ
1664 4614 1761 4685 μὲν
1804 4613 1941 4667 κακά

2054 4616 2165 4661 tum
2214 4608 2268 4661 in
2314 4606 2617 4662 Virtutibus
2666 4607 2986 4661 excolendis
3038 4606 3458 4677 prazcelluerunt
3491 4622 3504 4657 :
3541 4605 3627 4659 vel

383 4701 665 4770 φύγωμεν,
686 4700 787 4765 τὰς
815 4701 873 4754 δὲ
901 4702 1103 4772 ἀρετὰς
1131 4702 1483 4775 ζηλώσωμεν.
1512 4705 1680 4774 Διπλῆ
1707 4703 1764 4756 δέ
1789 4703 1941 4774 αὕτηε

2055 4697 2204 4769 quod
2239 4697 2511 4754 adversus
2540 4699 2869 4766 nequitiam,
2901 4699 3079 4753 instar
3104 4697 3395 4767 triumphi,
3430 4698 3486 4750 in
3525 4696 3627 4749 im-

382 4792 473 4847 διά
505 4809 563 4846 τε
604 4792 765 4862 λόγου
816 4796 938 4857 ταῖς
971 4793 1173 4863 βίϐλοις
1206 4797 1616 4867 ἐγγραφομένου
1637 4811 1651 4825 '
1696 4794 1941 4858 εἰκονίζει

2056 4790 2355 4860 proborum
2396 4789 2683 4845 hominum
2734 4791 3118 4861 ignominiam,
3154 4797 3207 4844 et
3252 4787 3319 4843 ad
3371 4795 3624 4857 postero-

373 4906 407 4954 γ
421 4885 492 4957 ἀρ
519 4885 579 4939 τὺ
604 4884 843 4956 γράμμα
869 4884 959 4939 τὸν
998 4886 1174 4955 λόγον,
1207 4887 1281 4951 ὡς
1308 4890 1336 4941 ὁ
1368 4887 1500 4951 Θεὸς
1532 4888 1622 4941 τὸν
1651 4887 1815 4958 νόμον
1835 4889 1941 4950 ταῖς

2058 4896 2178 4936 rum
2212 4880 2506 4936 utilitatem
2528 4883 2887 4952 spectandum
2914 4883 3239 4953 proponitur
3266 4899 3280 4948 ;
3304 4896 3412 4949 quo
3431 4894 3628 4946 nempe

374 4974 579 5042 πλαξὶν
623 4972 938 5042 ἐνεκόλαψε,
968 4976 1061 5029 καὶ
1104 4977 1230 5039 τοὺς
1278 4975 1386 5029 τῶν
1436 4975 1694 5043 θεοφιλῶν
1745 4974 1941 5044 ἀνδρῶι

2060 4979 2178 5027 tum
2230 4972 2365 5027 vitia
2410 4971 2704 5042 fugiamus,
2746 4981 2861 5027 tum
2918 4974 3155 5028 virtutes
3208 4984 3625 5042 persequamur.

376 5066 535 5131 βίους
595 5063 981 5134 ἀωγράπτους
1024 5063 1280 5133 γενέσθαι
1337 5063 1671 5135 προσέταξε’
1721 5064 1816 5116 καὶ
1866 5061 1941 5116 διδ

2059 5062 2211 5118 Istud
2252 5078 2417 5134 porro
2464 5062 2664 5134 duplex
2701 5072 2806 5120 est.
2841 5066 2945 5118 Aut
2980 5064 3127 5120 enim
3174 5079 3271 5134 per
3319 5073 3625 5119 sermonem

375 5154 621 5225 θεωρίας
648 5150 933 5227 αἰσθητῆς,
963 5156 1039 5221 ὡς
1079 5155 1177 5228 τὴν
1202 5156 1458 5228 στάμνον,
1488 5154 1585 5209 καὶ
1616 5154 1715 5226 τὴν
1765 5153 1941 5225 ῥάϐδοι

2064 5156 2299 5213 inlibris
2320 5158 2691 5227 conscriptum
2712 5158 3007 5213 exhibetur
3026 5156 3323 5227 (scriptura
3350 5151 3625 5224 siquidem

456 5332 504 5366 ⁸⁸
538 5334 610 5390 De
646 5337 838 5391 diuinis
861 5352 1002 5391 nom.
1042 5351 1164 5405 cap.
1201 5336 1251 5390 1.

1344 5337 1387 5368 ⁸⁸
1418 5344 1557 5390 orat.
1594 5335 1684 5390 54.
1769 5335 1815 5366 ⁷⁵
1848 5334 1941 5390 ROI

2048 5350 2078 5401 ι,
2107 5335 2197 5391 ΞΟ.
2266 5336 2310 5369 ⁸¹¹
2340 5335 2508 5392 Exod.
2554 5351 2637 5401 ιιι,
2668 5335 2722 5389 2.
2811 5336 2857 5367 "
2892 5333 3074 5390 Judic.
3105 5348 3179 5401 vt,
3221 5331 3311 5388 40.
3392 5330 3440 5365 ’³
3460 5327 3625 5397 Num.

392 5419 501 5467 xxi,
528 5406 582 5461 9.
654 5407 703 5439 "
739 5406 911 5461 Exod.
951 5407 1174 5474 xtv,20.

1683 5512 1910 5569 VARUS
1941 5510 2336 5570 LECTIONES.

468 5612 494 5667 ξ
527 5610 807 5685 Superllua
838 5609 1074 5682 negatio.
1156 5606 1174 5648 ι
1209 5606 1431 5664 Emend.
1480 5610 1569 5663 τὸν
1622 5611 2063 5681 καταργήσαντα,
2104 5614 2162 5660 ut
2194 5606 2245 5660 in
2290 5613 2427 5659 orat.
2477 5608 2494 5659 i
2530 5622 2545 5673 ;
2586 5617 2710 5660 nam
2747 5600 3020 5659 Christum
3044 5601 3239 5658 innuit.
