3936 6174
258 206 396 271 1343

1443 206 1502 264 S.
1538 203 1857 264 JOANNIS
1885 196 2311 260 DAMASCENI

3379 182 3530 248 1344

258 319 532 380 sermonis
591 315 882 388 quamdam
940 314 1232 386 imaginem
1295 311 1482 381 refert)
1520 314 1670 367 velut
1695 317 1873 370 cum}

1982 331 1983 340 ι
2024 310 2091 377 τῇ
2140 304 2355 374 κιϐωτῷ
2399 302 2619 372 τεθῆναι
2653 294 3010 370 προσέταξεν,
3047 298 3125 358 εἰς
3162 295 3537 365 μνημόσυνον

261 415 408 470 Deus
439 413 640 467 tabulis
687 411 860 478 legem
913 404 1293 476 insculpsit",
1325 411 1380 457 et
1433 403 1677 456 virorum
1728 402 1830 455 sibi

259 509 556 559 charorum
595 502 765 555 vitam
807 499 1007 554 litteris
1061 495 1372 566 consignari
1410 493 1685 562 jussit":
1744 499 1831 545 aut

1935 395 2154 450 αἰώνιον
2177 411 2192 428 °
2222 394 2316 447 καὶ
2344 393 2419 456 ὡς
2447 392 2515 444 τὰ
2543 391 2784 460 ὀνόματα
2811 388 2919 442 τῶν
2949 386 3134 456 φυλῶν
3167 382 3536 453 ὲγκολαφθῆ-

1933 505 2020 542 ναι
2071 490 2185 549 τοῖς
2235 484 2405 546 λίθοις
2449 484 2548 552 τῆς
2598 480 2870 550 ἐπωμίδος
2930 477 3249 531 ἐκέλευσεν·
3301 476 3364 528 οὐ
3419 473 3537 543 μὴν

261 593 436 644 m-ulis
461 590 796 644 cernendum
845 586 1160 654 subjicitur,
1230 565 1289 638 ut
1324 597 1450 636 cum
1494 583 1549 635 in
1603 595 1838 650 perenne

1982 581 2073 634 λλὰ
2105 581 2198 634 καὶ
2226 580 2352 641 τοὺς
2379 576 2586 630 δώδεκα
2622 573 2804 635 λίθους
2834 572 3065 644 ἀρθῆναι
3096 571 3160 623 ὲκ
3189 567 3284 621 τοῦ
3322 565 3546 636 Ἰορδά-

267 682 660 734 nioninientttm
704 693 898 732 urnam
921 678 988 740 ",
1038 675 1200 744 356
1245 680 1299 728 et
1345 673 1558 740 virgam
1615 671 1668 723 in
1710 672 1838 723 arc‘a

269 777 458 841 l't'pmli
513 773 774 840 praecepit
797 770 874 833 ⁷⁸,
923 782 1135 821 necnon
1199 758 1261 818 ut
1311 764 1534 817 nomina
1595 762 1837 815 tribuum

272 865 550 934 lapidibus
585 859 1058 932 superbumeralis
1119 856 1560 911 inscriberentur
1580 855 1648 916 ⁷⁸,
1677 861 1840 921 atque

1939 693 2028 727 νου
2060 675 2140 736 είς
2175 673 2343 725 τύπον
2370 671 2478 722 τῶν
2513 669 2702 739 ἱερέων
2738 666 2926 735 (βαὸαἱ
2947 662 3040 716 τοῦ
3079 659 3427 731 μυστηρίουί
3461 657 3546 720 ὡς

1944 765 2197 837 μέγιστον
2219 765 2328 825 τοῖς
2362 763 2569 821 πιστοῖς
2601 759 2657 809 ὲν
2675 755 2903 825 ἀληθείᾳ
2925 753 2985 823 l),
3006 751 3115 805 τῶν
3137 751 3411 820 αίρόντων
3439 747 3548 816 τὴν

1941 856 2195 916 κιϐωτὸν,
2245 855 2338 908 καὶ
2389 853 2486 927 τῆς
2523 851 2614 903 τοῦ
2655 850 2849 910 ὓδατος
2888 844 3210 913 ἐκλείψεως.
3244 841 3407 894 Οὕτω
3445 840 3552 892 καὶ

273 954 563 1009 duodecim
605 968 670 1005 ex
702 949 942 1004 Jordane
980 945 1189 1015 lapides
1233 945 1581 1005 tollerentur,
1621 943 1714 1012 qui
1751 957 1844 995 sa-

1982 947 2037 999 ὖν
2081 945 2180 1008 τὰς
2234 943 2447 1004 είκόνας
2499 941 2608 993 τῶν
2655 937 2960 1005 γεγονότων
3001 933 3274 1002 ὲναρέτων
3322 927 3551 997 ἀνδρῶν

275 1048 531 1102 cerdotes
558 1058 742 1097 arcam
771 1039 1109 1112 gestantes"o
1140 1025 1314 1107 (papa:
1343 1038 1355 1089 !
1395 1030 1561 1105 quam
1605 1035 1840 1088 sublime

277 1135 528 1190 ﬁdelibus
561 1145 749 1186 revera
781 1125 1124 1199 mysterium)
1152 1126 1608 1193 deﬁcientemque
1641 1139 1837 1192 aquam

276 1225 674 1298 signiﬁcarent.
707 1219 994 1276 Consimili
1025 1219 1186 1272 modo
1233 1232 1378 1270 nunc
1416 1232 1637 1286 quoque
1686 1217 1840 1269 viro-

277 1334 399 1372 rum
436 1317 637 1372 virtute
678 1311 1056 1384 praestantium
1104 1311 1370 1380 imagines
1405 1325 1623 1364 summo
1661 1309 1844 1364 studio

279 1409 643 1465 delineamus.
667 1404 866 1475 quibus
899 1413 1014 1457 tum
1049 1401 1115 1453 ad
1147 1415 1240 1455 eos
1265 1398 1605 1452 aemulandos
1636 1398 1843 1452 excite-

1948 1037 2083 1107 πρὸς
2112 1034 2292 1102 ζῆλον,
2333 1035 2427 1086 καὶ
2458 1035 2697 1102 μνήμην,
2726 1029 2818 1081 καὶ
2849 1027 3009 1097 ζῆλον
3036 1025 3194 1094 ἡμῶν
3226 1021 3378 1091 πόθῳ
3416 1023 3552 1073 ἁνα-

1948 1127 2266 1197 γράφομενο
2316 1124 2350 1192 ἢ
2401 1121 2578 1175 τοίνυν
2610 1121 2788 1173 πᾶσαν
2829 1117 3015 1169 εἰκόνα
3044 1115 3225 1175 ἄνελε,
3258 1115 3353 1166 καὶ
3391 1113 3555 1164 ἀντιο

1948 1215 2226 1284 νομοθέτει
2279 1211 2356 1281 τῷ
2403 1211 2570 1264 ταῦτα
2623 1207 2991 1278 προστάξαντι
3041 1204 3312 1272 γίνεσθαι,
3341 1203 3375 1272 ἦ
3413 1202 3554 1254 ἑκά-ι

1953 1324 2084 1375 στην
2122 1306 2296 1375 δέχου,
2326 1302 2467 1356 κατὰ
2515 1302 2604 1354 τὸν
2657 1300 2862 1368 ἑκάστῃ
2915 1297 3197 1366 πρέποντα
3240 1294 3403 1360 λόγον
3451 1289 3558 1344 καὶ

1952 1399 2170 1470 τρόπον.

289 1514 433 1564 mur,
473 1506 583 1551 tum
615 1503 675 1548 ut
704 1509 894 1549 eorum
925 1490 1252 1561 perfricetur
1280 1490 1564 1542 memoria.
1606 1489 1712 1541 Aut
1743 1488 1909 1557 igitur
1939 1505 2158 1542 omnem
2192 1502 2421 1558 prorsus
2453 1483 2605 1538 aufer
2673 1481 2992 1550 imaginem,
3062 1485 3158 1530 aut
3229 1477 3376 1545 leges
3443 1472 3545 1527 ad-

287 1605 483 1646 versus
549 1586 700 1640 illum
772 1585 864 1653 qui
929 1585 1041 1638 ha~c
1087 1584 1202 1637 ﬁeri
1259 1583 1452 1652 jussit,
1509 1588 1708 1644 statue,

289 1678 511 1733 modum
547 1674 835 1742 complecti
870 1687 978 1726 non
1005 1667 1247 1727 dubites.

1794 1589 1886 1634 aut
1927 1594 2374 1650 unamquamque
2449 1575 2751 1632 secundum
2825 1571 3096 1639 cujusque
3157 1566 3439 1622 rationem
3489 1569 3553 1618 et

281 1778 347 1832 4ο
377 1770 518 1838 Quid
554 1769 779 1836 imagine
817 1777 1252 1831 reprwseutetur:
1291 1775 1337 1818 et
1373 1764 1500 1838 quid
1547 1765 1720 1831 imago
1764 1779 1848 1838 re_-

1982 1762 2267 1838 Γέταρςον,
2298 1757 2355 1810 τί
2384 1755 2452 1809 τὸ
2489 1750 2948 1838 δίκοζιζαὶμετξὶν,
2986 1745 3086 1838 καί
3108 1743 3567 1838 ἕρκείκονι-

352 1834 679 1912 praesentare
710 1846 926 1904 nequeat
953 1854 970 1901 ;
1000 1845 1049 1891 et
1077 1853 1307 1906 quonam
1346 1834 1497 1888 modo
1519 1834 1853 1903 unumquod-

353 1928 451 1982 que
483 1918 905 1979 repraesentetur.

356 2004 447 2058 24.
475 2003 778 2071 Corporum
814 1999 1058 2068 quidem,
1099 2005 1159 2051 ut
1207 2012 1329 2066 quae
1368 1996 1589 2066 ﬁguras,
1628 1995 1859 2048 limites-

289 2109 396 2164 que
421 2105 736 2162 corporeos,
769 2098 824 2145 et
850 2091 1095 2144 colorem
1132 2090 1358 2151 habent,
1402 2087 1672 2157 imagines
1718 2085 1861 2140 haud

289 2187 721 2257 incongruenter
786 2182 1194 2238 deformantur.
1257 2182 1499 2250 Angelus
1571 2195 1736 2245 vero,
1811 2187 1866 2233 et

292 2281 499 2342 anima,
546 2287 599 2333 et
633 2277 930 2338 daemones,
980 2276 1109 2330 licet
1145 2289 1471 2343 corporeum
1509 2285 1866 2340 crassumque

294 2369 432 2424 nihil
462 2369 772 2432 admittant,
805 2377 1003 2436 suapte
1039 2374 1221 2421 tamen
1257 2374 1451 2419 natura
1483 2364 1788 2433 ﬁgurantur
1815 2371 1868 2416 et

293 2455 859 2510 circumscribuntur.
914 2453 1047 2508 Nam
1085 2454 1214 2524 quia
1256 2453 1658 2508 intellectuales
1711 2457 1863 2512 sunt,

295 2546 657 2602 intellectuali
692 2549 857 2598 modo
903 2545 958 2599 in
1009 2545 1146 2600 locis
1199 2543 1639 2613 intelligibilibus
1676 2541 1869 2595 adesse

296 2634 601 2688 creduntur
643 2645 695 2689 et
753 2650 935 2705 agere.
983 2635 1062 2688 Ad
1105 2636 1282 2687 instar
1343 2633 1527 2701 itaque
1574 2645 1868 2698 corporum

298 2725 666 2796 eﬁinguutur,
700 2727 777 2779 uti
818 2726 1028 2795 Moyses
1082 2723 1382 2780 Cherubim
1432 2721 1756 2790 designavit,
1819 2728 1872 2774 ct

299 2814 406 2885 ipsi
436 2831 494 2870 se
525 2813 958 2884 conspiciendos
1004 2831 1068 2870 eo
1108 2812 1308 2870 favore
1340 2814 1522 2884 dignis
1563 2812 1874 2868 hominibus

304 2905 697 2974 prwbuerunt;
739 2905 811 2958 ita
860 2914 917 2958 ut
964 2905 1142 2973 imago
1194 2920 1457 2974 corporea
1495 2905 1874 2972 incorpoream

301 2997 617 3064 quamdam,
651 3005 706 3050 et
741 3014 862 3066 quae
890 2998 1176 3052 intellectu
1207 2998 1326 3053 solo
1352 2997 1712 3066 percipiatur,
1748 3011 1876 3049 con-

2129 1813 2402 1898 ζ’όμένον,
2442 1825 2535 1878 καί
2570 1820 2694 1887 πῶς
2721 1813 2983 1872 ἕκαστον
3011 1813 3378 1872 είκονίζεται.

2022 1970 2130 2040 κδ’.
2171 1985 2250 2037 Τὰ
2281 1985 2376 2053 μὲν
2410 1979 2658 2049 σώματα,
2699 1974 2774 2038 ὡς
2820 1970 2916 2026 καὶ
2947 1969 3227 2039 σχήματα,
3259 1966 3358 2018 καὶ
3391 1981 3566 2034 περι-

1962 2079 2178 2152 γραφὴν
2211 2072 2534 2145 σωματικὴν
2569 2069 2781 2138 ἔχοντα,
2812 2064 2908 2118 καὶ
2937 2061 3157 2133 χρῶμα,
3202 2058 3438 2120 είκότως
3480 2057 3570 2108 εί-

1966 2148 2288 2232 κονίζονται.
2318 2162 2584 2232 Ἀγγελος
2631 2160 2710 2222 δὲ,
2744 2155 2839 2209 καὶ
2890 2152 3062 2223 ψυχὴ,
3096 2152 3189 2204 καὶ
3238 2148 3482 2217 δαίμων,
3515 2149 3572 2198 εί

1967 2262 2058 2316 καὶ
2095 2259 2168 2330 μὴ
2199 2251 2525 2326 σωματικῶς
2560 2249 2653 2304 καὶ
2688 2246 2932 2317 παχέως,
2957 2241 3094 2295 ἀλλὰ
3126 2238 3268 2293 κατὰ
3297 2239 3398 2307 τὴν
3422 2240 3571 2290 ἐαυ-

1965 2352 2076 2405 τῶν
2127 2348 2310 2417 φύσιν,
2344 2344 2437 2398 καὶ
2486 2339 2934 2411 σχηματίζονται,
2967 2333 3062 2388 καὶ
3097 2331 3574 2403 περιγράφονται.

1968 2443 2169 2511 Νοητοὶ
2223 2437 2330 2507 γὰρ
2379 2435 2551 2498 ὄντες,
2585 2434 2642 2484 ὲν
2682 2431 2890 2499 νοητοῖς
2926 2427 3134 2488 τόποις,
3163 2423 3368 2491 νοητῶς
3411 2438 3574 2490 ’παρ⁶

1971 2537 2108 2588 εἶναι
2142 2531 2234 2584 καὶ
2265 2527 2510 2596 ἐνεργεῖν
2543 2521 2910 2576 πιστεύονται.
2937 2512 3316 2578 Εἰκονίζονται
3347 2513 3453 2581 μὲν
3476 2506 3578 2564 οὖν

1974 2622 2318 2695 σωματικῶς,
2347 2619 2423 2680 ὡς
2456 2615 2694 2668 είκόνισε
2744 2609 2986 2678 Μωῡσῆς
3019 2607 3088 2661 τὰ
3118 2604 3435 2676 Χερουϐὶμ,
3477 2603 3580 2661 καὶ

1971 2719 2046 2780 ῶς
2077 2712 2396 2784 ἑωράθησαν
2447 2710 2559 2768 τοῖς
2605 2703 2796 2769 ἀξίοις,
2837 2700 2951 2754 ἀλλ’
2987 2698 3284 2767 ἀσώματον
3314 2696 3414 2747 καὶ
3443 2710 3580 2762 ver,-

1973 2809 2071 2880 τήν
2106 2821 2226 2858 τινα
2269 2801 2498 2871 Θεωρίαν
2538 2796 2803 2868 δηλούσης
2833 2793 2935 2861 τῆς
2977 2788 3300 2857 σωματικῆς
3328 2787 3576 2847 εἰκόνος.

1988 2878 2052 2951 Ἦ
2074 2897 2129 2950 δὲ
2159 2894 2278 2947 θεία
2308 2891 2489 2962 φύσις,
2522 2881 2935 2954 ἁπερίγραπτός
2967 2881 3085 2931 ἐστι
3121 2879 3280 2948 μόνη.
3311 2878 3412 2927 καὶ
3443 2892 3587 2927 παν-

1977 2990 2147 3054 τελῶς
2176 2987 2433 3046 ἀνείδεος,
2460 2980 2556 3034 καὶ
2580 2975 3009 3047 ἀσχημάτιστος,
3032 2973 3127 3024 καὶ
3150 2967 3550 3034 ἁκατάληπτος
3568 2981 3584 2994 ·

301 3085 712 3153 templalioncm
751 3087 998 3154 objiciat.
1042 3086 1108 3140 At
1145 3101 1274 3142 vero
1342 3084 1436 3139 Dei
1505 3093 1725 3148 natura,
1763 3085 1873 3138 sola

1986 3086 2035 3138 εί
2063 3083 2157 3136 καὶ
2185 3083 2218 3149 ἡ
2253 3079 2371 3131 θεία
2400 3072 2592 3144 Γραιρὴ
2623 3068 2825 3128 τύπους
2851 3064 2971 3133 Θεῷ
2998 3060 3337 3130 περιτίθησι,
3363 3058 3450 3127 τῷ
3481 3057 3586 3126 μὲν

303 3175 725 3245 circumscripta
809 3193 917 3232 non
985 3187 1102 3242 est,
1179 3178 1497 3246 nulliusqne
1551 3176 1737 3228 formae
1784 3182 1879 3227 aut

307 3265 493 3333 ﬁgurae
536 3281 747 3334 capax,
813 3283 915 3320 nec
969 3267 1519 3335 comprehensibilis;
1578 3263 1880 3332 quamlibet

307 3353 490 3410 divina
544 3354 829 3423 Scriptura
867 3356 1070 3411 formas
1123 3357 1388 3425 quasdam
1426 3355 1764 3422 corporales,
1822 3360 1880 3405 ut

308 3444 470 3499 nobis
517 3444 755 3510 videtur,
808 3445 918 3501 Deo
957 3447 1376 3515 circumponat:
1413 3445 1549 3498 adeo
1597 3452 1653 3497 ut
1697 3445 1882 3513 ﬁgurae

309 3535 530 3604 quidem
561 3537 928 3604 aspcctabiles
952 3538 1083 3602 sint,
1120 3553 1245 3591 cum
1279 3537 1470 3591 formae
1494 3537 1626 3606 ipsa:
1657 3550 1884 3603 corpore

311 3635 554 3681 careant.
589 3627 776 3698 Neque
802 3631 948 3685 enim
996 3629 1248 3698 corporis
1297 3629 1497 3693 oculis,
1557 3627 1651 3681 sed
1691 3626 1886 3680 mentis

314 3718 658 3773 solummodo
700 3734 730 3772 a
760 3721 1042 3790 prophetis
1082 3720 1432 3784 videbantur,
1477 3733 1692 3775 necnon
1719 3719 1788 3774 ab
1815 3719 1884 3774 iis

315 3812 517 3881 quibus
545 3813 970 3880 revelabantur;
1001 3815 1258 3869 omnibus
1283 3813 1486 3885 quippe
1505 3812 1753 3866 visibiles
1781 3826 1890 3866 non

316 3911 493 3959 erant.
530 3906 731 3974 Atque,
767 3913 827 3959 ut
855 3907 1049 3976 paucis
1097 3906 1406 3970 absolvam,
1439 3905 1708 3968 omnium,
1753 3919 1892 3974 quas

316 3993 592 4058 videmus,
629 3997 926 4066 ﬁgurarum
971 3998 1240 4066 imagines
1271 3997 1526 4067 ellingere
1559 4010 1891 4065 possumus;

319 4087 444 4144 illas
468 4097 677 4148 autem,
723 4099 884 4158 prout
923 4090 1055 4144 visze
1106 4089 1352 4152 fuerunt,
1395 4101 1576 4142 mente
1631 4085 1892 4156 intelligi-

321 4194 468 4235 mus.
503 4178 660 4247 Nam,
692 4181 797 4236 etsi
850 4182 1079 4237 rationis
1127 4196 1295 4251 opera
1339 4181 1402 4234 ad
1453 4181 1658 4249 ﬁguras
1712 4193 1894 4233 rerum

323 4271 720 4339 excogitandas
760 4272 1214 4339 venimus;nihil
1241 4281 1423 4327 tamen
1487 4272 1761 4339 prohibet,
1820 4268 1952 4339 quin
1992 4265 2059 4319 ad
2090 4260 2406 4318 earumdem
2455 4252 2983 4314 considerationem,
3034 4263 3102 4303 ex
3153 4245 3220 4300 iis
3275 4257 3403 4309 quae

1987 3175 2184 3232 δοκεῖν,
2229 3164 2574 3236 σωματικοὺς
2601 3203 2614 3226 ,
2651 3158 2792 3211 ὥστε
2847 3155 3107 3224 σχήματα
3152 3149 3388 3222 ὁρᾶσθαι
3417 3188 3433 3211 ,
3489 3149 3590 3200 καὶ

1989 3265 2184 3326 αὐτοὺς
2226 3261 2283 3312 δὲ
2335 3249 2786 3324 ἀσωμάτους.οὺ
2823 3247 2932 3316 γὰρ
2985 3244 3318 3314 σωματικοῖς
3369 3240 3591 3326 ὀφθαλ-

1993 3360 2133 3428 μοῖς,
2164 3325 2300 3406 όιλλὰ
2327 3348 2534 3418 νοεροῖς
2566 3342 2817 3413 ἑωρῶντο
2849 3339 2961 3401 τοῖς
2989 3336 3323 3406 προφήταις,
3362 3333 3466 3385 καὶ
3506 3325 3593 3394 οἷς

1990 3444 2472 3502 ἀπεκαλύπτοντοο
2529 3437 2588 3489 οὐ
2639 3434 2746 3504 γὰρ
2799 3433 2964 3484 πᾶσιν
3014 3422 3593 3497 ἐωρῶ·ιτο.Ἀπλῷὅὲ

1991 3541 2134 3609 λόγῳ
2182 3535 2378 3595 εἰπεῖν,
2410 3525 2688 3596 δυνάμεθα
2733 3523 2906 3574 ποιεῖν
2954 3518 3167 3579 εἰκόνας
3216 3516 3447 3567 πὰντων
3477 3512 3595 3564 τῶν

1998 3630 2315 3699 σχημάτων,
2345 3616 2418 3676 ὧν
2467 3619 2717 3688 εἴδομεν·
2767 3611 2994 3682 νοοῦμεν
3045 3609 3100 3662 δὲ
3153 3605 3353 3665 ταῦτα,
3400 3603 3596 3665 καθὼς

1996 3698 2267 3791 ώράθηιιιο
2301 3717 2350 3768 εί
2377 3713 2486 3783 γὰρ
2517 3710 2614 3764 και
2635 3707 2743 3762 ἀπὸ
2783 3705 2893 3757 τῶν
2924 3703 3121 3770 λόγων,
3153 3698 3263 3751 ἔσθ’
3287 3699 3379 3748 ὅτε
3410 3712 3596 3748 κατει-

1998 3786 2224 3882 νοοῦμεν
2265 3809 2541 3878 σχήματα,
2581 3801 2694 3854 ἀλλ’
2728 3797 2787 3863 ἐξ
2828 3790 2903 3850 ὧν
2935 3795 3169 3862 εἴδομεν,
3200 3791 3294 3843 καὶ
3341 3789 3441 3841 ἐπὶ
3491 3786 3594 3857 τὴν

1997 3903 2200 3957 τούτων
2233 3896 2506 3968 ἐρχόμεθα
2537 3883 2882 3959 κατανόησιν.
2920 3884 3075 3936 Οὕτω
3105 3883 3199 3933 καί
3229 3879 3314 3946 ὲςρ⁸
3345 3877 3596 3946 ἑκάστης

2000 3964 2332 4059 αἰσθήσεως,
2371 3964 2428 4050 ἐξ
2474 3976 2549 4035 ὧν
2595 3975 3016 4050 ὼσφράνθημεν,
3064 3970 3097 4040 ἦ
3147 3967 3530 4037 ὲγευσάμεθα,
3561 3964 3596 4032 ἢ

2002 4079 2283 4153 ἡψάμεθα,
2309 4076 2399 4130 διὰ
2422 4074 2594 4143 λόγων
2627 4070 2720 4124 ἐπὶ
2750 4068 2848 4138 τὴν
2877 4063 3083 4118 τούτων
3105 4059 3382 4129 ἐρχόμεθα
3415 4072 3599 4110 κατα-

2003 4174 2202 4243 νόησιν.

3455 4239 3599 4292 vidi-

325 4377 471 4425 mus,
494 4362 853 4419 adducamur.
881 4334 1052 4430 Quod.
1082 4365 1247 4420 etiam
1283 4365 1338 4418 in
1369 4334 1604 4434 singulis
1647 4334 1904 4418 sensibus
1943 4360 2124 4414 locum
2162 4356 2349 4418 habet,
2390 4361 2450 4406 ut
2483 4350 2641 4404 exiis
2667 4360 2788 4416 quae
2827 4343 2910 4398 vel
2949 4336 3180 4399 olfactu,
3255 4334 3342 4388 vel
3400 4340 3599 4403 gustu,

325 4460 411 4513 vel
455 4467 601 4514 tactu
659 4460 1042 4531 percepimus,
1099 4460 1331 4514 rationis
1386 4473 1552 4528 opera
1589 4457 1653 4512 ad
1711 4457 1898 4512 eadem
1940 4449 2359 4521 contemplanda
2393 4449 2714 4503 evehamur.

397 4549 490 4604 25.
551 4549 815 4605 Novimus
877 4565 1007 4621 ergo
1065 4549 1180 4605 ﬁeri
1233 4566 1341 4604 non
1398 4565 1597 4620 posse,
1659 4555 1719 4602 ut
1770 4547 1900 4614 Dei,
1936 4547 1981 4602 D

331 4640 528 4695 animae
591 4650 646 4696 et
703 4641 971 4696 daemonis
1039 4649 1295 4696 naturam
1358 4648 1720 4697 contueamur
1769 4659 1783 4695 :
1843 4655 1907 4694 ea

329 4741 512 4785 tamen
567 4747 666 4801 per
720 4732 1013 4802 quamdam
1051 4731 1620 4788 'transformationem
1672 4740 1910 4787 contem.

332 4821 584 4891 plamur;
638 4822 826 4877 divina
877 4825 1138 4879 nimirum
1179 4823 1532 4880 Providentia
1579 4823 1784 4880 formas
1850 4831 1904 4878 et

336 4911 542 4984 ﬁguras
597 4915 760 4970 rebus
824 4917 1194 4985 incorporeis,
1259 4931 1322 4970 ac
1387 4916 1562 4971 forma
1623 4917 1908 4986 ﬁguraque

337 5007 612 5076 corporali
641 5007 963 5064 carentibus
986 5009 1310 5076 tribuente,‘
1336 5025 1447 5080 quo
1495 5024 1598 5064 nos
1648 5009 1716 5062 ad
1755 5021 1908 5062 cras—

338 5113 480 5164 sam,
512 5105 564 5153 et
599 5113 742 5167 eam,
775 5113 900 5170 qua:
929 5115 996 5156 ex
1025 5109 1181 5172 parte
1209 5108 1315 5168 est,
1354 5100 1595 5170 ipsarum
1628 5097 1900 5170 cognitio-

411 5276 458 5314 "'
513 5276 668 5333 Deut.
720 5296 770 5340 ν,
805 5277 895 5333 22.

346 5345 386 5381 ³⁵
417 5343 586 5405 .losue
623 5365 696 5413 Iv,
724 5350 811 5404 l5.

2082 4541 2178 4596 κε’.
2221 4542 2457 4610 Οἴδαμεν
2488 4533 2603 4596 οὖν,
2631 4535 2712 4587 ὅτι
2745 4531 2869 4584 οὔτε
2895 4526 3052 4592 Θεοῦ,
3086 4523 3212 4576 οὔτε
3247 4519 3454 4589 ψυχῆς.
3475 4517 3602 4570 οὔτε

2003 4637 2258 4705 δαίμονος
2293 4631 2518 4685 δυνατὸν
2551 4625 2810 4695 θεαθῆναι
2862 4621 3048 4690 φύσιν,
3080 4616 3193 4670 ἀλλ’
3220 4616 3279 4667 ἐν
3313 4628 3604 4683 μετασχη-

2010 4725 2268 4798 ματισμῷ
2299 4742 2402 4777 τινι
2433 4718 2763 4792 θεωροῦνται
2789 4713 2984 4776 ταῦτα,
3011 4710 3108 4780 τῆς
3141 4706 3292 4768 θείας
3339 4703 3607 4773 προνοίας

2015 4820 2217 4880 τύπους
2245 4816 2338 4868 καὶ
2362 4815 2614 4884 σχήματα
2636 4803 3009 4878 περιτιθείσης
3029 4800 3142 4860 τοῖς
3163 4794 3486 4864 ἀσωμάτοις
3512 4791 3610 4845 καὶ

2017 4907 2345 4968 ἀτυπώτοις,
2375 4902 2466 4956 καί¹
2501 4899 2574 4969 μὴ
2604 4899 2783 4967 ἔχουσι
2832 4887 3212 4961 σχηματισμὸν
3245 4880 3608 4953 σωματικῶς,

2019 5001 2155 5071 πρὸς
2196 4997 2257 5050 τὸ
2302 4987 2780 5066 χειραγωγηθῆναι
2809 4983 2979 5053 ἡμᾶς,
3011 4979 3105 5031 καὶ
3133 4973 3270 5071 πρὸς
3304 4969 3610 5071 παχυμερῆ

2026 5094 2121 5148 καὶ
2173 5088 2404 5161 μερικὴν
2453 5081 2630 5139 αὐτῶν
2687 5077 2921 5146 γνῶσιν,
2972 5072 3059 5124 ἵνα
3117 5067 3191 5139 μὴ
3237 5067 3294 5119 ἐν
3350 5062 3614 5116 παντελεί

976 5281 1018 5312 ⁷⁸
1049 5280 1222 5336 Exod.
1259 5297 1394 5346 xvu,
1429 5279 1517 5334 M.
1619 5281 1661 5311 ⁷⁷
1700 5276 1871 5332 Exod.

1982 5290 2012 5338 ι,
2049 5273 2142 5336 55,
2198 5271 2288 5325 54.
2380 5267 2427 5299 ⁷⁸
2453 5264 2616 5321 Num.
2667 5271 2803 5321 xvn,
2835 5253 2921 5308 10.
3003 5252 3045 5282 7°
3076 5245 3248 5302 Exod.
3285 5260 3489 5308 xxvm,
3523 5242 3614 5298 11.

1630 5487 1860 5547 VARle
1902 5483 2308 5545 LECTIONES.

426 5599 464 5626 ω
491 5569 642 5660 Lego
672 5589 909 5660 ἑωράθη.
