3928 6196
329 302 472 368 1345

1384 304 1481 364 DE
1517 305 1981 366 IMAGINIBUS
2020 305 2301 366 ORATIO
2341 306 2454 366 III.

3444 302 3582 369 1346

327 407 521 479 ἀγνοίᾳ
553 400 704 478 ὦμεν
734 404 892 471 Θεοῦ,
923 407 1017 460 καὶ
1064 407 1172 460 τῶν
1224 409 1530 480 ἀσωμάτων
1572 412 1907 481 κτισμάτων.

2035 427 2137 465 rem
2173 416 2462 480 perducat,
2495 426 2562 467 ne
2590 412 2644 466 in
2678 411 2991 466 omnimoda
3015 426 3242 483 prorsus
3284 410 3376 467 Dei
3424 427 3580 467 crea-

340 501 398 553 '0
447 498 548 569 μὲν
592 497 701 568 γὰρ
744 497 874 562 Θεὸς
910 498 1071 568 φύσει
1119 501 1214 552 καὶ
1258 501 1535 564 παντελῶς
1582 501 1902 571 ἀσώματος·

327 591 557 659 ἄγγελος
600 588 679 653 δὲ,
706 587 999 660 καὶψυχὴ,
1033 590 1129 642 καὶ
1176 589 1407 661 δαίμων.
1446 591 1582 661 πρὸς
1631 592 1727 661 μὲν
1774 590 1904 644 Θεὸν

331 680 762 757 συγκρινόμενοι,
784 680 885 733 ,τὸν
918 679 1079 750 μόνον
1117 683 1470 753 ἀσύγκριτον,
1504 680 1733 752 σώματά
1758 685 1863 734 εἱσι
1888 697 1901 711 ⁸

330 773 464 841 πρὸς
490 771 546 824 δὲ
583 770 650 823 τὰ
679 769 841 824 ὑλικά
872 770 1119 840 σώματα,
1156 773 1459 842 ἀσώματοι.
1495 773 1586 842 Μὴ
1624 764 1793 825 θὲλων
1818 768 1910 825 οὖν

328 864 458 925 Θεὸς
501 862 777 924 παντελῶς
806 864 1025 931 ἀγνοεῖν
1055 864 1201 934 ἡμᾶς
1234 864 1301 916 τὰ
1329 861 1615 933 ἀσώματα,
1653 864 1908 935 περιέθη·

329 974 426 1009 κεν
456 956 637 1019 αὐτοῖς
668 956 891 1021 τύπους,
926 956 1019 1009 καὶ
1060 958 1334 1027 σχήματα,
1369 957 1461 1011 καὶ
1504 958 1719 1020 εἰκόνας
1770 957 1912 1010 κατὰ

328 1050 427 1116 τὴν
457 1048 748 1115 ἀναλογίαν
782 1049 878 1119 τῆς
911 1049 1125 1118 φύσεως
1165 1048 1344 1119 ἡμῶν,
1384 1050 1636 1118 σχήματα
1668 1065 1910 1118 σωματι-

331 1140 443 1192 xi“
473 1142 529 1192 ὲν
558 1140 706 1210 ἀΰλῳ
739 1141 927 1210 ὀράσει
960 1140 1079 1203 νοὸς
1123 1140 1414 1210 ὁρώμεναι
1449 1141 1539 1192 καὶ
1570 1140 1744 1193 ταῦτα
1779 1157 1909 1208 σχη-

335 1231 631 1301 ματίζομεν
678 1231 772 1283 καὶ
802 1230 1163 1301 εἰκονίζομεν.
1182 1231 1354 1293 Ἐπεὶ,
1387 1229 1503 1295 πῶς
1531 1230 1911 1301 ὲσχηματίσθη

332 1321 427 1374 καί
456 1321 729 1391 εἰκονίσθη
756 1322 825 1374 τὰ
851 1321 1163 1391 Χερουϐίμς
1206 1321 1341 1374 ἀλλά
1364 1323 1460 1374 καὶ
1488 1321 1625 1374 Θεοῦ
1653 1323 1912 1392 σχήματα.

334 1413 429 1466 καὶ
462 1412 677 1477 εἰκόνας
704 1415 737 1483 ὴ
772 1411 963 1484 Γραφὴ
1004 1412 1135 1482 ἔχει.

2016 512 2376 570 turarumque
2416 503 2865 572 incorporearum
2923 502 3271 572 ignoratione
3333 517 3584 558 versare-

2017 607 2159 647 mur.
2224 590 2366 647 Deus
2412 592 2682 661 siquidem
2752 598 2948 662 suapte
3014 600 3231 655 natura,
3295 593 3583 663 modisque

2015 684 2277 739 omnibus
2310 685 2674 752 incorporeus
2699 692 2821 740 est:
2849 685 3078 752 angelus
3104 698 3256 746 vero,
3290 694 3344 738 et
3377 685 3582 746 anima,

2010 786 2063 829 et
2089 775 2326 840 daemon,
2353 776 2398 830 si
2423 793 2547 830 cum
2598 775 2727 842 Deo,
2782 776 2873 845 qui
2921 776 3075 830 solus
3126 775 3585 844 incomparabihs

2012 877 2117 931 est,
2149 878 2575 938 componantur,
2607 868 2936 936 corporibUs
2965 867 3245 921 aceenseri
3293 879 3531 936 possunt
3563 887 3577 923 :

2015 960 2103 1014 sin
2136 969 2318 1016 autem
2346 976 2472 1014 cum
2508 959 2858 1029 corporibus,
2912 974 2999 1014 res
3048 967 3180 1013 sunt
3230 958 3584 1027 incorporeas.

2011 1050 2148 1111 Cum
2176 1053 2359 1121 itaque
2422 1050 2563 1107 Deus
2588 1066 2651 1104 ea
2680 1051 3054 1120 nosiguorare
3092 1049 3252 1119 357
3323 1051 3585 1114 noluerit,

2015 1156 2140 1210 qua:
2172 1156 2438 1211 corporea
2471 1156 2580 1195 non
2616 1148 2768 1204 sunt,
2799 1150 3009 1194 natura!
3040 1140 3224 1193 habita
3254 1140 3469 1195 ratione
3501 1156 3592 1195 ca-

2016 1232 2140 1287 dem
2176 1232 2392 1298 formis,
2456 1242 2511 1286 et
2554 1231 2771 1302 ﬁguris,
2816 1246 3030 1286 necnon
3097 1232 3427 1301 imaginibus
3483 1232 3593 1285 Cir-

2015 1324 2412 1386 cumvestivit;
2482 1325 2693 1393 ﬁguris,
2733 1323 2982 1392 inquam,
3034 1324 3337 1393 corporeis,
3390 1323 3593 1392 quibus

2018 1428 2083 1467 ea
2113 1414 2277 1468 oculo
2319 1415 2517 1469 mentis
2557 1430 2587 1468 a
2621 1415 2850 1469 materia
2893 1424 3103 1469 remoto
3148 1416 3588 1469 considerantur.

335 1506 459 1560 Haec
491 1521 656 1576 porro
722 1513 853 1561 sunt
916 1522 1037 1576 qua:
1081 1505 1274 1578 ﬁguris
1321 1514 1374 1561 et
1418 1506 1752 1575 imaginibus
1820 1506 2229 1562 adumbramus.
2301 1506 2589 1573 Quomodo
2646 1509 2791 1562 enim
2838 1506 3132 1561 Cherubim
3181 1506 3359 1577 ellingi
3400 1506 3593 1578 intagio

334 1601 500 1675 nibus
528 1608 580 1655 et
609 1600 840 1668 exprimi
873 1614 1115 1669 unquam
1143 1601 1492 1670 potuissent?
1515 1599 1774 1666 Quinimo
1792 1598 1885 1655 Dei
1928 1598 2130 1669 ﬁguras
2162 1609 2215 1655 et
2250 1601 2516 1670 imagines
2544 1600 2830 1669 Scriptura
2865 1599 3137 1653 continet.

651 1691 746 1755 Τίς
784 1691 1013 1758 πρῶτος
1047 1690 1342 1756 ἐποίησεν
1367 1693 1594 1746 εἰκόνα.

408 1787 519 1845 κζ’.
561 1779 731 1843 Αὐτὸς
758 1782 786 1833 ὀ
817 1781 950 1843 Θεὸς
985 1780 1200 1851 πρῶτος
1229 1781 1487 1850 ἐγέννησε
1520 1780 1611 1833 τὸν
1645 1782 1907 1851 μονογενῆ

336 1874 467 1925 Υἰὸν
515 1873 612 1927 καὶ
657 1871 830 1938 Λόγον
868 1872 1059 1937 αὐτοῦ,
1093 1872 1276 1925 εἰκόνα
1312 1871 1477 1924 αὑτοῦ
1511 1871 1714 1936 ζῶσαν,
1755 1888 1912 1940 cauat-

335 1968 462 2034 κῆν,
490 1965 909 2032 ἀπαράλλακτον
932 1967 1257 2038 χαρακτῆρα
1286 1965 1385 2034 τῆς
1410 1963 1572 2017 αὐτοῦ
1594 1963 1911 2034 ἀῖδιότητοςο

339 2055 562 2123 ἐποίησέ
622 2072 681 2106 τε
721 2054 811 2109 τὸν
855 2055 1142 2125 ἄνθρωπον
1191 2055 1308 2106 κατ’
1341 2054 1524 2107 εἰκόνα
1564 2054 1729 2105 αὐτοῦ
1762 2062 1787 2089 ο
1825 2053 1918 2105 καὶ

338 2149 461 2203 καθ’
491 2148 770 2218 ὁμοίωσιν.
799 2149 908 2201 Καὶ
935 2148 1108 2218 Ἀδὰμ
1131 2142 1238 2200 εἶδε
1275 2146 1427 2208 Θεὸν,
1456 2146 1549 2199 καὶ
1592 2146 1790 2216 ἤκουσε
1820 2146 1919 2215 τῆς

341 2239 527 2309 φωνῆς
569 2239 679 2292 τῶν
719 2239 895 2292 ποδῶν
926 2239 1090 2293 αὐτοῦ
1123 2237 1551 2310 περιπατοῦντος
1577 2238 1637 2291 τὸ
1669 2228 1916 2304 δειλινὸν,

343 2334 435 2401 καὶ
460 2330 663 2402 ἐκρύϐη
701 2331 758 2382 ὲν
787 2330 862 2400 τῷ
888 2330 1232 2401 παραδείσῳ’
1280 2330 1374 2383 καὶ
1417 2328 1612 2382 Ἰακὼὸ
1657 2323 1786 2393 εἶδε,
1824 2327 1920 2382 καὶ

341 2420 604 2474 ἐπάλαισε
657 2420 793 2491 μετά
840 2421 996 2475 Θεοῦ.
1046 2421 1215 2491 Δῆλον
1258 2420 1332 2487 δὲ,
1386 2422 1466 2474 ὅτι
1513 2420 1588 2482 ὡς
1637 2419 1919 2490 ἄνθρωπος

342 2513 515 2583 ἐφάνη
541 2513 689 2584 αὐτῷ
714 2514 742 2566 ὀ
768 2513 898 2576 Θεός
917 2530 930 2543 ·
961 2513 1051 2566 καὶ
1081 2512 1340 2583 Μωῦσῆς,
1365 2511 1439 2575 ὡς
1464 2511 1686 2564 ὀπίσθια
1714 2510 1809 2564 ἀνθ
1819 2510 1922 2580 ρώ-

345 2621 450 2658 που
481 2599 585 2658 εἶδε
607 2620 620 2633 °
665 2605 757 2658 xei.
799 2603 1024 2666 Ἡσαΐας
1051 2603 1125 2666 ὠς
1164 2603 1446 2672 ἄνθρωπον
1477 2598 1584 2655 εἶδε
1615 2601 1921 2671 καθήμενον

345 2697 440 2749 ἐπὶ
477 2695 701 2767 θρόνου·
760 2696 855 2749 καὶ
913 2695 1109 2765 Δανιὴλ
1163 2695 1411 2765 ὁμοίωμα
1457 2692 1744 2763 ἀνθρώπου
1791 2688 1917 2757 εἶδε,

344 2787 443 2841 καὶ
480 2786 556 2850 ὡς
588 2787 703 2841 υἰὸν
729 2787 1021 2857 ἀνθρώπου
1053 2786 1275 2840 ἐλθόντα
1308 2786 1403 2838 ἐπὶ
1427 2784 1517 2837 τὸν
1547 2783 1782 2837 Παλαιὸν
1814 2783 1921 2835 τῶν

343 2875 570 2947 ἡμερῶν
591 2892 604 2904 ·
636 2876 730 2929 καὶ
758 2877 817 2929 οὺ
848 2876 1008 2945 φύσιν
1036 2873 1172 2927 Θεοῦ
1197 2869 1303 2926 εἶδέ
1327 2891 1432 2937 τις,
1453 2872 1588 2926 ἀλλὰ
1613 2872 1702 2924 τὸν
1726 2869 1917 2934 τύπον,

346 2968 443 3021 καὶ
470 2966 567 3037 τὴν
595 2966 780 3020 εἰκόνα
809 2966 901 3019 τοῦ
940 2964 1220 3037 μέλλοντος
1247 2960 1729 3032 ἔσεσθαι.Ἕμελλε
1759 2960 1869 3029 γὰρ
1896 2960 1924 3012 ὀ

346 3058 478 3123 Υἰὸς
511 3058 605 3113 καὶ
632 3058 803 3127 Λόγος
831 3057 925 3110 τοῦ
954 3056 1088 3110 Θεοῦ
1119 3058 1147 3109 ὀ
1171 3056 1421 3125 ἀόρατος,
1450 3053 1735 3124 ἄνθρωπος
1775 3051 1922 3119 γίνεη

350 3149 476 3203 σθαι
531 3150 589 3203 ὲν
637 3149 885 3219 ἀληθείᾳ,
919 3148 1006 3202 ἵνα
1061 3146 1237 3218 ἑνωθῇ
1288 3148 1354 3217 τῇ
1406 3144 1565 3215 φύσει
1622 3142 1801 3214 ἡμῶν,
1830 3143 1923 3194 καὶ

2250 1692 2305 1745 5ο
2340 1693 2596 1757 Quisnam
2622 1693 2825 1758 primus
2851 1691 3106 1761 imagines
3135 1691 3340 1759 fecerit.

2087 1782 2176 1839 26.
2227 1783 2366 1838 Deus
2426 1785 2546 1853 ipse
2599 1784 2812 1853 primus
2868 1783 3207 1853 unigenitum
3263 1782 3482 1848 Filium,
3539 1791 3594 1837 et

1946 1902 1989 1961 Β
2018 1874 2253 1929 Verbum
2287 1890 2447 1930 suum
2480 1875 2688 1945 genuit,
2718 1876 2897 1930 vivam
2948 1876 3034 1929 sui
3080 1876 3391 1946 imaginem,
3443 1884 3596 1930 natu-

2022 1968 2211 2032 ralem,
2245 1967 2388 2021 nulla
2416 1982 2477 2022 ex
2506 1974 2660 2037 parte
2697 1967 3097 2037 discrepantem
3128 1969 3452 2022 aeternitatis
3480 1983 3594 2022 suae

2022 2057 2411 2111 characterem.
2445 2055 2672 2128 Insuper
2704 2058 2978 2112 hominem
3018 2057 3146 2112 fecit
3193 2059 3258 2112 ad
3304 2058 3593 2127 imaginem

2020 2154 2074 2200 et
2106 2145 2520 2200 similitudinem
2547 2162 2701 2201 suam
2726 2143 2795 2197 δι.
2819 2145 2987 2199 Adam
3010 2160 3228 2216 quoque
3251 2144 3380 2200 vidit
3403 2145 3592 2211 Deum,

2023 2237 2329 2307 pedumque
2358 2236 2478 2307 ejus
2510 2246 2634 2307 post
2684 2239 2967 2292 meridiem
3008 2229 3412 2291 deambul'antis
3453 2246 3594 2291 stre-

2024 2328 2193 2398 pitum
2216 2329 2442 2391 audivit,
2474 2335 2527 2383 et
2552 2327 2837 2382 abscondit
2864 2342 2924 2384 se
2950 2329 3002 2381 in
3050 2328 3303 2397 paradiso
3323 2328 3390 2379 ⁸⁸.
3426 2325 3597 2382 Jacob

2021 2423 2183 2476 etiam
2217 2421 2368 2485 vidit,
2402 2429 2455 2475 et
2489 2422 2726 2475 luctatus
2754 2429 2838 2475 cst
2876 2436 3000 2475 cum
3026 2420 3134 2473 Deo
3156 2419 3220 2471 ⁸⁸.
3243 2418 3596 2488 Perspicuum

2023 2520 2202 2566 autem
2236 2521 2319 2565 est
2363 2511 2532 2566 Deum
2569 2528 2627 2566 se
2666 2512 2740 2565 illi
2776 2513 3012 2567 humana
3056 2512 3236 2581 specie
3259 2512 3593 2565 cernendum

2024 2603 2342 2673 praebuisse.
2382 2601 2598 2673 Moyses
2634 2603 2785 2666 item,
2827 2612 3086 2672 tanquam
3142 2602 3377 2655 hominis
3418 2612 3598 2669 poste-

2024 2694 2165 2745 riora
2209 2694 2497 2759 conspexit
2525 2691 2602 2756 8‘;
2649 2690 2842 2756 Isaias,
2891 2691 3123 2744 hominis
3160 2690 3333 2742 instar
3371 2690 3425 2741 in
3459 2688 3599 2743 solio

2024 2782 2298 2836 sedentem
2322 2784 2367 2814 ⁸⁸
2394 2800 2407 2836 :
2443 2782 2627 2837 Daniel
2660 2783 2896 2851 denique
2924 2781 3161 2835 hominis
3185 2780 3595 2834 similitudinem

2026 2874 2179 2937 vidit,
2215 2882 2267 2929 et
2300 2874 2459 2943 quasi
2495 2874 2662 2928 lilium
2713 2872 2983 2937 .hominis,
3033 2872 3124 2940 qui
3182 2871 3248 2923 ad
3297 2869 3597 2938 Antiquum

2024 2965 2232 3017 dierum
2266 2978 2591 3034 progressus
2644 2974 2729 3017 est
2757 2964 2802 2993 ⁸⁸
2850 2980 2864 3015 :
2902 2978 3004 3016 nec
3032 2962 3322 3032 quisquam
3366 2972 3469 3023 est,
3505 2960 3599 3028 qui

2010 3053 2120 3121 ,Dei
2152 3066 2404 3108 naturam
2440 3054 2715 3108 contuitus
2741 3054 2833 3116 sit,
2862 3052 2955 3107 sed
3006 3054 3232 3105 formam
3258 3051 3524 3105 duntaxat
3544 3060 3601 3105 et

2026 3144 2315 3214 imaginem
2348 3144 2490 3212 ejus,
2514 3145 2657 3213 quod
2686 3142 2980 3213 aliquando
3010 3144 3228 3197 futurus
3256 3152 3394 3196 erat.
3428 3140 3599 3195 Futu-

348 3241 521 3313 ὁραθῇ
558 3240 649 3295 ἐπὶ
673 3244 805 3312 γῆς·
846 3238 1259 3310 προσεκύνησαν
1287 3237 1379 3292 οὖν
1412 3239 1607 3301 πάντες
1640 3237 1689 3289 οἰ
1726 3234 1920 3296 ἰδόντες

2029 3251 2147 3291 rum
2181 3235 2383 3304 quippe
2413 3245 2554 3296 erat,
2602 3243 2661 3289 ut
2694 3233 2866 3288 Filius
2896 3250 2960 3286 ac
2992 3231 3230 3287 Verbum
3272 3230 3367 3283 Dei
3412 3230 3603 3285 invisi-

347 3336 444 3389 τὸν
472 3334 641 3388 τύπον
672 3335 769 3387 καὶ
798 3333 892 3404 τὴν
914 3333 1098 3386 εἰκόνα
1116 3331 1210 3385 τοῦ
1241 3331 1545 3402 μέλλοντος,
1570 3328 1753 3391 καθὼς
1779 3326 1924 3379 Παῦε

348 3426 441 3489 λός
478 3441 642 3495 φησιν
674 3426 702 3477 ὀ
731 3424 1024 3487 ἀπόστολος
1069 3424 1128 3475 ὲν
1172 3426 1240 3494 τῇ
1295 3421 1430 3493 πρὸς
1474 3420 1759 3492 Ἐϐραίους
1804 3421 1925 3472 ὲπι-

354 3516 534 3585 στολῇ·
556 3533 575 3567 ι
613 3514 769 3569 Κατά
798 3514 980 3567 πίστιν
1011 3512 1280 3569 ἀπέθανον
1304 3506 1449 3565 οὗτοι
1478 3512 1696 3573 πάντες,
1732 3510 1806 3580 μὴ
1835 3526 1926 3562 κοο

359 3611 649 3681 μισάμενοι
701 3611 796 3673 τὰς
846 3608 1190 3677 εὐαγγελίας,
1236 3605 1372 3660 ἀλλά
1420 3606 1706 3676 πόρρωθεν
1758 3602 1927 3665 αύτάς

360 3703 560 3766 ἰδόντες
608 3703 703 3755 καὶ
748 3701 1143 3771 ἀσπασάμενοι.
1176 3718 1195 3752 ι
1225 3698 1364 3766 Ἐγὼ
1389 3693 1481 3750 οὗν
1509 3697 1570 3749 οὐ
1602 3696 1677 3766 μὴ
1718 3697 1927 3763 ποιήσω

358 3794 544 3847 εἰκόνα
572 3792 665 3846 τοῦ
688 3792 755 3846 δι’
775 3794 878 3862 ἐμὲ
905 3790 1160 3860 ὀφθέντος
1193 3788 1392 3860 σαρκὸς
1420 3787 1613 3857 φύσεις
1646 3785 1741 3839 καὶ
1763 3800 1930 3854 προσ-

358 3887 578 3955 κυνήσω
610 3884 703 3937 καὶ
732 3884 952 3953 τιμήσω
984 3882 1164 3947 αὐτὸν,
1195 3880 1284 3934 διὰ
1327 3880 1423 3948 τῆς
1472 3879 1551 3941 εἰς
1598 3877 1696 3946 τὴν
1744 3875 1929 3929 εἰκόνα

356 3975 522 4029 αὑτοῦ
553 3974 720 4044 τιμῆς
747 3972 840 4026 καὶ
872 3972 1332 4042 προσκυνήσεωςς
1372 3964 1521 4022 Εἰδεν
1563 3967 1836 4038 Ἀϐραὰμ,
1866 3966 1928 4019 οὐ

360 4064 522 4131 φύσιν
549 4062 684 4117 Θεοῦ
708 4079 722 4093 ⁸
755 4061 886 4115 Θεὸν
914 4061 1022 4133 γὰρ
1062 4062 1235 4126 οὐδεὶς
1276 4058 1486 4130 ἑώρακε
1531 4057 1777 4111 πώποτε·
1804 4054 1932 4109 ἀλλ’

358 4155 543 4209 εἰκόνα
569 4154 727 4215 Θεοῦ,
757 4155 852 4207 καὶ
875 4152 1057 4206 πεσὼν
1080 4150 1508 4223 προσεκύνησεν.
1534 4145 1688 4202 Εἷδεν
1728 4145 1933 4216 Ἰησοῦς

359 4248 391 4298 ὀ
422 4243 601 4315 Ναυῆ,
630 4245 691 4297 οὐ
735 4242 897 4313 φύσιν
941 4242 1197 4311 ἀγγέλου,
1225 4239 1340 4294 ἀλλ’
1370 4239 1553 4293 εἰκόνα
1577 4255 1590 4268 ·
1637 4237 1796 4307 φύσις
1824 4238 1932 4307 γὰρ

361 4340 598 4408 ἀγγέλου
637 4340 966 4410 σωματικοῖς
995 4337 1092 4406 οὐχ
1115 4337 1308 4407 epam
1346 4332 1645 4405 ὀφθαλμοῖς
1666 4348 1679 4361 ·
1712 4331 1807 4385 καὶ
1834 4348 1934 4384 πε-

367 4431 475 4485 σὼν
504 4427 1181 4502 προσεκύνησεν.’ομοίως
1213 4428 1307 4481 καὶ
1343 4423 1831 4495 Δανιὴλ.⁹Αγγελος
1855 4423 1932 4488 δὲ,

364 4527 425 4577 οὐ
451 4523 601 4586 Θεὸς,
639 4522 776 4575 ἀλλά
808 4520 1009 4592 κτίσμα
1060 4518 1153 4573 καὶ
1193 4517 1375 4580 δοῦλος
1419 4515 1578 4580 Θεοῦ,
1610 4514 1705 4569 καὶ
1754 4530 1933 4585 παρα·

315 4675 341 4703 ⁸
370 4618 571 4686 στάτης
593 4630 607 4644 ·
646 4613 1021 4684 προσεκύνησε
1047 4611 1122 4676 δὲ,
1155 4610 1253 4679 οὐχ
1279 4608 1351 4672 ὠς
1379 4607 1518 4678 Θεῷ,
1550 4606 1666 4660 ἀλλ’
1694 4606 1769 4669 ὡς
1802 4604 1937 4659 Θεοῦ

371 4709 697 4783 παραστάτῃ
724 4708 820 4762 καὶ
847 4705 1165 4783 λειτουργῷ.
1197 4701 1369 4772 Κάγὼ
1406 4702 1479 4774 μὴ
1519 4701 1730 4773 ποιήσω
1756 4699 1941 4754 εἰκόνα

371 4806 479 4859 τῶν
510 4803 680 4873 φίλων
717 4800 812 4855 τοῦ
853 4798 1126 4870 Χριστοῦς
1178 4798 1272 4851 καὶ
1306 4796 1382 4868 μὴ
1412 4794 1797 4865 προσκυνήσω,
1843 4791 1939 4860 οὐχ

371 4896 450 4958 ὡς
477 4894 639 4958 θεοῖς,
670 4892 786 4946 ἀλλ’
813 4891 887 4955 ὡς
922 4889 1095 4943 εἰκόσι
1124 4888 1293 4956 φίλων
1322 4885 1457 4939 Θεοῦ
1477 4926 1497 4953 ,
1526 4883 1663 4938 Οὔτε
1687 4883 1794 4953 γὰρ
1838 4881 1940 4951 ἰη-

377 4984 541 5048 σοῦς,
592 4984 714 5036 οὔτε
777 4980 975 5052 Δανιὴλ
999 5023 1014 5047 ,
1055 4980 1131 5042 ὡς
1178 4979 1319 5042 θεοῖς
1370 4975 1782 5046 προσεκύνησαν
1830 4974 1942 5036 τοῖς

2029 3324 2155 3389 bile,
2188 3339 2314 3377 vere
2359 3324 2511 3377 ﬁeret
2553 3324 2734 3386 homo,
2759 3338 2870 3391 quo
2896 3330 3103 3374 natura:
3145 3331 3343 3374 nostrze
3376 3319 3602 3389 copula-

2029 3423 2140 3477 tus,
2182 3414 2237 3468 in
2274 3414 2437 3469 terris
2463 3423 2610 3469 esset
2637 3414 2989 3483 conspicuus.
3051 3410 3306 3482 Figuram
3356 3411 3521 3480 igitur
3550 3420 3604 3464 et

2029 3502 2319 3573 imaginem
2374 3503 2725 3573 aspicientes,
2787 3504 3191 3567 adoraverunt;
3248 3499 3605 3570 quemadmo-

2028 3594 2158 3648 dum
2185 3594 2396 3647 Paulus
2434 3594 2718 3662 apostolus
2749 3592 2801 3645 in
2826 3592 3070 3660 Epistola
3104 3590 3168 3643 ad
3197 3591 3453 3644 Hebraeos
3482 3591 3556 3642 ait
3585 3608 3599 3643 :

2036 3702 2053 3733 ι
2076 3681 2239 3735 Juxta
2266 3682 2423 3734 ﬁdem
2452 3682 2695 3734 defuncti
2728 3688 2857 3734 sunt
2886 3663 3076 3732 omnes
3097 3679 3333 3738 isti,non
3365 3678 3604 3746 acceptis

2029 3771 2576 3841 repromissionihus,
2620 3770 2713 3824 sed
2753 3784 2782 3821 a
2835 3770 2992 3837 longe
3027 3781 3121 3822 eas
3161 3767 3511 3836 aspicientes,
3551 3776 3605 3821 et

2033 3866 2338 3922 salutantes
2376 3861 2450 3916 ⁸⁷.
2516 3880 2534 3912 ι
2593 3859 2851 3929 Nunquid
2909 3872 3040 3928 ergo
3122 3858 3412 3928 imaginem
3497 3874 3605 3913 non

2032 3954 2227 4010 faciam
2262 3954 2429 4017 illius,
2462 3953 2556 4022 qui
2599 3952 2652 4005 in
2680 3948 2864 4005 carnis
2901 3957 3094 4004 natura
3127 3948 3232 4002 mei
3263 3962 3427 4001 causa
3457 3949 3606 4004 visus

2031 4044 2153 4101 est?
2183 4043 2322 4099 Num
2358 4045 2505 4097 illum
2536 4058 2634 4114 per
2652 4041 3025 4095 adorationem
3054 4050 3106 4094 et
3140 4038 3606 4107 honorem,quem

2034 4138 2259 4209 imagini
2300 4137 2420 4207 ejus
2448 4136 2701 4197 exhibeo,
2736 4148 2841 4187 non
2867 4131 3169 4187 adoravero
3198 4146 3296 4185 nee
3337 4129 3608 4184 coluero?

2037 4230 2184 4287 Vidit
2227 4228 2589 4294 Abraham”,
2639 4242 2748 4282 non
2804 4224 2898 4278 Dei
2952 4233 3205 4278 naturam
3252 4222 3435 4292 (nemo
3462 4220 3607 4275 enim

2038 4324 2204 4381 Deum
2240 4323 2377 4377 vidit
2412 4333 2651 4390 unquam
2676 4316 2768 4389 l3"),
2793 4315 2884 4369 sed
2918 4314 3208 4384 imaginem
3243 4311 3357 4378 Dei,
3388 4321 3440 4366 et
3482 4325 3608 4382 pro-

2037 4424 2224 4477 cidens
2268 4416 2535 4472 adoravit.
2593 4410 2744 4465 Vidit
2792 4409 2953 4465 Jesus
2980 4409 3125 4463 ﬁlius
3174 4407 3319 4462 Nare
3338 4408 3443 4469 δ”,
3497 4421 3609 4461 non

2040 4525 2289 4569 naturam
2332 4508 2534 4578 angeli,
2570 4503 2664 4560 sed
2701 4501 2989 4572 imaginem
3033 4498 3232 4569 (angeli
3266 4500 3467 4568 quippe
3509 4512 3611 4552 na-

2048 4614 2169 4659 tura
2198 4598 2451 4670 corporis
2481 4595 2659 4651 oculo’
2673 4589 3027 4663 aspectabilis
3055 4604 3163 4644 non
3187 4588 3314 4657 est),
3333 4597 3387 4642 et
3409 4603 3612 4657 pronus

2049 4700 2102 4751 in
2131 4697 2336 4749 terram
2367 4687 2636 4743 adoravit.
2665 4684 2810 4740 Idem
2837 4682 2962 4738 fecit
2986 4690 3040 4736 et
3066 4680 3276 4735 Daniel.
3305 4678 3478 4733 Porro
3509 4694 3611 4732 an-

2048 4788 2202 4859 gelus
2236 4794 2581 4852 nequaquam
2635 4777 2779 4833 Deus
2826 4784 2928 4841 est,
2972 4775 3066 4830 sed
3101 4782 3374 4838 creatura,
3412 4775 3615 4843 Deique

2047 4892 2240 4934 servus
2291 4881 2347 4930 et
2408 4872 2665 4927 satelles:
2724 4884 2896 4940 quare
2958 4882 3067 4922 non
3127 4865 3203 4918 uti
3255 4864 3424 4920 Deum
3463 4867 3615 4920 illum

2047 4968 2319 5031 adoravit,
2361 4964 2462 5019 sed
2504 4973 2562 5018 ut
2597 4964 2691 5032 qui
2732 4977 2763 5016 a
2814 4961 2983 5015 latere
3029 4958 3122 5013 Dei
3173 4958 3267 5021 sit,
3314 4958 3472 5028 eique
3512 4958 3616 5010 mi-

373 5071 616 5140 ὀφθεῖσιν
645 5069 896 5139 ἀγγέλοις
922 5049 942 5097 -’
969 5069 1091 5122 οὐδὲ
1131 5067 1242 5136 ἐγὼ
1279 5067 1354 5131 ὡς
1396 5065 1513 5135 Θεῷ
1558 5063 1848 5135 προσκιθῶ
1877 5066 1921 5133 τι

2050 5063 2270 5116 nistret.
2324 5057 2500 5111 Eccur
2552 5055 2718 5124 igitur
2758 5054 3059 5106 amicorum
3104 5049 3309 5104 Christi
3353 5050 3618 5115 imagines

375 5164 568 5227 εἰκόνι,
600 5161 738 5217 ἀλλὰ
763 5162 854 5216 διὰ
878 5160 977 5231 τῆς
1001 5159 1208 5223 εἰκόνος
1229 5160 1325 5212 καὶ
1344 5158 1454 5212 τῶν
1479 5154 1648 5226 ἀγίων
1663 5166 1708 5221 P,
1726 5154 1805 5225 τῷ
1825 5154 1921 5224 Θεᾷ

2053 5167 2163 5209 non
2193 5150 2397 5214 fecero,
2437 5164 2575 5220 quas
2603 5146 2777 5202 colam
2810 5152 2864 5200 et
2894 5142 3136 5208 adorem,
3198 5156 3308 5197 non
3359 5148 3616 5211 tauquam

450 5339 494 5372 "
531 5338 666 5395 Gen.
701 5355 740 5400 I,
778 5338 869 5393 26.
946 5339 990 5371 ⁸¹
1016 5338 1152 5393 Gen.
1208 5339 1368 5398 nt.8.
1482 5335 1527 5366 ⁸³
1554 5334 1691 5391 Gen.
1750 5350 1919 5400 χχχιι,

2028 5376 2030 5383 ,
2129 5330 2373 5387 “Exod.
2406 5347 2603 5400 χχχιιι,
2648 5328 2833 5384 18-95.
2937 5329 2982 5362 ⁸⁵
3015 5326 3117 5385 lsa.
3155 5346 3231 5394 vi,
3268 5330 3316 5384 ἰ.
3414 5326 3457 5357 ⁸⁸
3486 5326 3617 5378 Dan.

381 5412 590 5477 '11,“.
686 5398 737 5441 ’τῆ
766 5409 929 5465 Hebr.
970 5424 1046 5476 χι,
1082 5409 1168 5465 15.
1249 5410 1294 5442 ⁸⁸
1333 5407 1467 5463 Gen.
1501 5421 1636 5473 χνιι,
1668 5406 1722 5459 8.
1804 5402 1849 5436 ⁸⁸
1881 5398 1921 5457 Ji

2028 5443 2038 5453 .
2076 5418 2112 5465 ι,
2143 5401 2230 5457 18.
2312 5399 2377 5433 ⁸³⁸
2402 5398 2570 5457 Josne
2602 5418 2656 5464 ι’,
2690 5401 2774 5454 14.

1658 5518 1892 5577 ἺΑΠΙΑΞ
1931 5515 2329 5572 LECTIONES.

451 5617 646 5689 elisa.
681 5620 921 5689 σχήματι
963 5615 1281 5689 σωματικῷ.
1371 5624 1415 5689 ,⁸
1445 5613 1576 5689 bjss.
1611 5613 1824 5689 εαυτοῦ.
1939 5621 1967 5661 ιι
1998 5609 2099 5664 Hic
2136 5609 2383 5679 quaedam
2420 5606 2638 5672 desunt,
2674 5616 2729 5661 ut
2771 5623 2892 5661 (tlttt
2944 5622 3070 5661 mss.
3122 5604 3331 5673 legatur
3359 5599 3452 5655 τοῦ
3481 5600 3619 5672 Χρισ-

387 5687 537 5754 οτοῦ,
569 5692 664 5744 καὶ
689 5684 968 5759 τῆξάγίας
993 5684 1277 5756 Θεοτόκου,
1300 5684 1522 5742 καὶτῶν
1548 5684 1740 5754 ἀγίων.

2937 5329 2982 5362 ⁸⁵
3015 5326 3117 5385 lsa.
3155 5346 3231 5394 vi,
3268 5330 3316 5384 ἰ.
