3936 6174
437 327 572 396 13Π

1607 323 1667 381 S.
1695 318 2014 382 JOANNIS
2051 313 2477 380 DAMASCENI

3486 335 3594 406 133.8

442 450 596 514 deos,
645 441 741 502 sed
785 451 846 499 ut
895 442 1052 499 decet
1094 442 1362 513 imagines
1395 440 1697 494 amicorum
1743 435 1872 491 Dei?
1901 435 2012 490 Nec

2126 437 2380 508 προσάγω
2409 437 2508 508 τὴν
2541 436 2911 509 προσκύνησιν
2941 438 3032 492 καὶ
3058 439 3149 510 τὴν
3182 444 3350 515 τιμὴν,
3377 447 3434 500 δι’
3456 451 3504 504 ὃν
3525 458 3598 510 καὶ

439 536 624 603 Jesus,
654 552 754 592 nec
783 533 996 601 Daniel,
1052 534 1274 605 angelos
1329 546 1468 603 quos
1513 529 1795 594 viderunt,
1847 526 2014 581 veluti

450 631 586 685 deos
622 626 991 680 adoraverunt
1027 641 1042 677 :
1080 637 1180 678 nec
1228 637 1328 693 ego
1365 634 1585 691 quoque
1629 617 1797 671 veluti
1850 614 2015 669 Deum

443 719 737 788 imaginem
767 717 960 778 adoro,
1007 714 1102 770 sed
1136 722 1249 767 tum
1283 727 1378 782 per
1409 709 1728 780 imaginem,
1776 715 1891 761 tum
1925 721 2018 776 per

443 819 665 865 sanctos
688 809 860 878 ipsos,
894 805 1269 859 adorationem
1308 800 1418 855 Deo
1461 800 1835 868 honoremque
1861 796 2018 852 exhi-

443 901 566 961 beo,
601 906 762 965 atque
797 904 1021 965 prepter
1049 895 1226 962 ipsum
1282 890 1490 944 amicos
1541 889 1663 958 ejus
1693 901 1928 941 veneror
1964 891 2020 940 et

443 987 586 1042 colo.
618 984 737 1037 Non
771 983 1126 1050 angelorum,
1176 979 1268 1033 sed
1307 977 1590 1030 hominum
1633 985 1846 1030 naturae
1890 988 2021 1028 con—

437 1076 674 1146 junctus
707 1083 792 1129 est
831 1073 993 1127 Deus.
1037 1070 1180 1124 Deus
1227 1083 1337 1122 non
1377 1067 1556 1122 factus
1611 1075 1692 1122 est
1741 1065 1967 1135 angelus
2003 1081 2016 1116 :

443 1169 537 1224 sed
566 1169 708 1222 Deus
733 1166 907 1219 factus
927 1171 1010 1218 est
1031 1171 1228 1216 natura
1255 1167 1310 1214 et
1333 1159 1567 1213 veritate
1594 1158 1780 1211 homo.
1818 1175 1837 1208 ‹
1864 1156 2020 1210 Nun-

444 1276 604 1330 quam
643 1259 788 1314 enim
817 1256 1041 1326 angelos
1072 1252 1455 1324 apprehendit,
1495 1251 1591 1305 sed
1622 1265 1807 1304 semen
1849 1249 2025 1303 Abra-

445 1353 528 1408 ha:
549 1352 616 1405 π.
648 1371 666 1402 ›
705 1349 895 1418 Angeli
946 1347 1148 1400 divina:
1179 1354 1389 1399 naturae
1436 1341 1732 1413 participes
1788 1349 1844 1394 et
1885 1341 2021 1395 socii

445 1443 575 1499 facti
617 1458 723 1496 non
762 1447 911 1503 sunt,
949 1439 1043 1493 sed
1069 1437 1414 1491 ellicacitatis
1442 1443 1496 1489 et
1524 1435 1732 1504 gratim.
1759 1431 2022 1487 Homines

444 1550 578 1592 vero
612 1533 810 1588 divinae
837 1539 1047 1585 natura:
1083 1528 1379 1598 participes
1408 1533 1811 1592 consortesque
1850 1522 2020 1591 ﬁunt;

447 1624 781 1692 quicumque
800 1619 1053 1674 videlicet
1070 1603 1318 1670 sanctum
1341 1614 2022 1682 Christicorpussumunt,

444 1725 499 1768 et
525 1715 828 1783 pretiosum
870 1710 1202 1779 sanguinem
1250 1707 1467 1761 bibunt.
1504 1703 1788 1758 Divinitati
1820 1705 2023 1774 quippe

445 1775 746 1858 secundum
761 1801 926 1871 358
947 1775 1283 1871 hirpostasim
1313 1805 1612 1866 utrumque
1630 1797 2016 1866 conjungitur:
2055 1775 2096 1830 Β

443 1906 610 1964 atque
654 1902 866 1948 natura:
899 1892 1021 1946 dua:
1078 1892 1134 1944 in
1187 1904 1295 1943 uno
1353 1888 1558 1942 Christi
1607 1902 1840 1958 corpore
1871 1887 2018 1958 quod

445 1987 738 2050 smnimus,
770 1986 891 2040 sine
926 1982 1287 2037 distractione
1325 1981 1378 2034 in
1408 1982 1620 2034 unitate
1644 1993 1893 2048 personae
1927 1992 2022 2033 σου

445 2076 799 2147 putantur“.
848 2074 1119 2140 Quocirca
1177 2072 1415 2142 duplicis
1468 2082 1681 2124 naturae
1727 2070 2024 2140 participes

445 2167 740 2231 cﬂicimur;
771 2167 1020 2236 corporis
1047 2165 1292 2237 quidem,
1329 2161 1492 2216 modo
1515 2176 1804 2231 corporeo,
1829 2160 2024 2216 divini-

447 2261 578 2316 tatis
634 2273 785 2323 vero,
838 2258 1145 2327 Spirituali;
1203 2257 1312 2310 imo
1369 2255 1662 2325 utriusque
1721 2253 2022 2309 secundum

447 2359 738 2420 utramque
765 2351 1032 2403 rationem
1068 2367 1081 2402 :
1117 2363 1226 2402 non
1258 2348 1417 2417 quasi
1449 2347 1591 2402 idem
1623 2347 1803 2417 quoad
1832 2358 2026 2416 perso-

447 2455 575 2496 nam
639 2439 816 2496 simus
851 2439 1041 2510 (prius
1075 2437 1221 2493 enim
1271 2437 1666 2501 subsistimus,
1701 2446 1754 2490 et
1800 2435 2028 2505 posthac

449 2530 881 2603 conjungimur),
917 2530 1013 2586 sed
1045 2529 1149 2599 per'
1174 2530 1426 2597 corporis
1461 2537 1515 2583 et
1555 2527 1847 2597 sanguinis
1899 2539 2028 2580 cono

451 2623 924 2694 temperationem.
965 2620 1110 2688 Quid
1155 2637 1263 2676 non
1314 2622 1484 2691 igitur
1533 2619 1770 2688 majores
1819 2616 2027 2687 angelis

450 2716 565 2771 sint
600 2715 702 2780 illi,
731 2715 827 2786 qui
865 2731 964 2786 per
1001 2714 1386 2770 mandatorum
1425 2715 1886 2776 observationem,
1923 2729 2025 2782 pu-

449 2819 567 2860 ram
594 2803 1029 2874 inviolatamque
1061 2804 1315 2874 copulam
1349 2803 1490 2860 hanc
1537 2801 2028 2859 custodiuntiNa-

452 2903 575 2948 tura
620 2895 839 2964 quidem
892 2901 1104 2960 nostra,
1140 2894 1256 2949 sive
1285 2895 1414 2964 quia
1457 2893 1710 2949 mortalis
1761 2901 1867 2956 est,
1913 2893 2030 2947 sive

450 2994 676 3057 propter
711 3002 958 3042 crassam
986 2984 1240 3057 corporis
1299 2984 1775 3048 constitutionem,
1821 2983 2030 3054 angelis

451 3087 537 3134 est
567 3079 834 3134 inferior:
874 3086 929 3132 at
959 3076 1051 3132 Dei
1088 3077 1400 3148 benignitas
1431 3085 1487 3130 et
1518 3076 1841 3146 conjunctio
1871 3090 2033 3145 supe-

452 3169 654 3224 riorem
685 3169 833 3222 illam
891 3169 1105 3238 angelis
1149 3167 1400 3222 effecere.
1442 3165 1705 3220 "umente
1735 3175 1945 3220 natura:
1975 3166 2033 3220 in

457 3260 602 3316 solio
634 3260 822 3328 glorizc
852 3275 948 3328 per
971 3259 1254 3313 Christum
1307 3257 1518 3313 sedenti
1548 3259 1616 3323 ⁹²,
1658 3271 1786 3311 cum
1835 3257 2035 3312 timore

451 3357 512 3408 et
552 3358 794 3404 tremore
839 3349 1111 3404 assistunt
1154 3348 1357 3418 angeli,
1387 3355 1443 3403 et
1486 3347 1542 3400 in
1573 3347 1786 3416 judicio
1835 3363 2036 3417 pavore

455 3439 693 3511 perculsi
719 3439 976 3493 aderunt.
1009 3438 1302 3506 Nunquam
1344 3437 1655 3502 considere,
1693 3451 1798 3492 nec
1837 3438 2035 3493 divina:

453 3545 742 3589 consortes
794 3529 989 3598 gloria:
1013 3529 1059 3560 ’³
1103 3543 1228 3584 esse
1278 3543 1310 3582 a
1357 3524 1647 3599 Scriptura
1693 3528 1823 3583 dicti
1883 3537 2032 3594 sunt,

460 3641 481 3678 ι
517 3638 708 3678 omnes
729 3623 873 3677 enim
892 3628 1022 3676 sunt
1048 3621 1511 3676 administratorii
1551 3621 1804 3691 spiritus,
1842 3621 1897 3674 in
1930 3621 2035 3676 mi-

456 3716 748 3772 nisterium
796 3715 950 3768 missi
983 3721 1210 3784 propter
1245 3728 1342 3768 eos
1379 3713 1473 3783 qui
1521 3713 1892 3768 haereditatem
1933 3727 2034 3767 ca-

455 3809 614 3880 piunt
644 3807 840 3862 salutis
864 3805 945 3871 “;
985 3825 1002 3858 ι
1043 3819 1146 3860 nec
1178 3804 1323 3874 quod
1367 3819 1477 3858 una
1510 3804 1789 3874 regnaturi
1814 3803 1946 3870 sint,
1982 3813 2034 3859 et

455 3915 560 3954 una
587 3897 924 3970 glorilicandi
944 3899 1016 3960 ³⁸,
1050 3911 1150 3950 nec
1173 3895 1394 3950 demutn
1422 3895 1567 3965 quod
1596 3910 1761 3965 super
1787 3909 2032 3949 mensam

454 3989 634 4045 Patris
669 3991 780 4046 sint
813 3988 1044 4045 sessuri.
1074 3987 1238 4057 Atqui
1274 3986 1528 4042 homines
1552 3985 1731 4042 sancti
1763 3995 1892 4040 sunt
1933 3987 2023 4042 Dei

455 4082 590 4136 filii:
627 4090 756 4134 sunt
790 4079 882 4132 lilii
937 4078 1112 4148 regni,
1149 4077 1395 4133 haeredes
1439 4077 1554 4143 Dei,
1605 4085 1659 4132 et
1706 4076 2022 4133 cohmredes

2114 527 2242 618 τοὺς
2279 525 2444 618 αὑτοῦ
2487 527 2674 596 φίλους
2723 527 2885 592 σέϐω,
2930 529 3020 582 καὶ
3057 531 3124 584 δι’
3160 533 3328 598 αἰδοῦς
3368 539 3485 608 ἄγω.
3515 546 3601 618 Ούχ

2116 617 2295 690 ήνώθη
2321 617 2477 688 φύσει
2496 618 2743 687 ἀγγέλων
2767 621 2795 672 ό
2823 619 2972 682 Θεὸς,
2993 619 3170 692 ήνώθη
3195 623 3246 677 δὲ
3272 626 3411 694 φύσει
3437 631 3602 703 ἀνθρώ-

2117 726 2256 763 πων.
2291 711 2403 763 Οὑκ
2433 709 2650 777 ἐγένετο
2677 712 2704 764 ὁ
2736 709 2866 773 Θεὸς
2889 711 3131 780 ἄγγελος,
3165 715 3362 782 ἐγένετο
3383 719 3430 772 δὲ
3456 721 3481 772 ό
3502 723 3604 789 Θεὸς

2118 801 2277 870 φύσει
2307 801 2400 854 καὶ
2429 800 2655 872 ἀληθείᾳ
2682 799 2982 871 ἄνθρωπος.
3023 822 3040 853 ι
3070 803 3143 856 Οὑ
3174 806 3274 875 γὰρ
3302 806 3451 877 δήπου
3476 812 3606 880 ἀγγέ.

2117 892 2225 946 λων
2256 893 2704 962 ἐπιλαμϐάνεται,
2739 892 2876 946 ἀλλὰ
2923 894 3226 965 σπέρματος
3265 896 3482 970 Ἀϐραὰμ
3519 905 3608 955 ἐπι-

2118 983 2474 1054 λαμϐάνεται.
2499 1003 2518 1036 ι
2549 985 2662 1038 Ούκ
2689 985 2906 1053 ἐγένετο
2935 985 3094 1055 φύσις
3114 987 3359 1055 ἀγγέλων.
3383 990 3491 1055 Υἱὸς
3506 993 3608 1049 Θεοῦ

2119 1076 2242 1129 καθ’
2273 1076 2590 1139 ὑπόστασιν,
2634 1076 2849 1145 ἐγένετο
2895 1077 2952 1130 δὲ
3003 1077 3160 1147 φύσις
3204 1079 3479 1150 ἀνθρώπου.
3513 1083 3609 1148 Tib;

2119 1167 2254 1219 Θεοῦ
2309 1167 2431 1220 καθ’
2471 1167 2786 1222 ὑπόστασιν.
2837 1169 2910 1222 Οὑ
2965 1170 3216 1240 μετέσχον
3257 1171 3480 1239 ἄγγελοι,
3519 1176 3609 1230 οὐδὲ

2120 1256 2364 1323 ἐγένοντο
2404 1255 2553 1320 θείας
2597 1258 2846 1310 κοινωνοὶ
2868 1256 3102 1325 φύσεως,
3135 1257 3242 1310 ἀλλ’
3265 1259 3508 1331 ἐνεργείας
3540 1268 3609 1316 καὶ

2120 1345 2359 1415 χάριτος,
2400 1345 2673 1415 ἄνθρωποι
2707 1345 2762 1398 δὲ
2797 1345 3106 1415 μετέχουσι,
3137 1347 3227 1398 καὶ
3261 1349 3478 1401 κοινωνοὶ
3499 1348 3610 1415 θείας

2123 1436 2338 1504 φύσεως
2365 1437 2626 1504 γίνονται,
2669 1437 2786 1489 ὅσοι
2825 1436 3288 1507 μεταλαμϐάνουσι
3312 1438 3367 1490 τδ
3390 1440 3522 1510 σῶμα
3541 1445 3610 1496 τοῦ

2121 1530 2356 1600 Χριστοῦ
2387 1532 2448 1584 τὸ
2477 1531 2650 1599 ἆγιον,
2682 1532 2778 1584 καὶ
2806 1533 3025 1586 πίνουσι
3053 1532 3114 1585 τὸ
3141 1527 3300 1603 αἷμα·
3330 1533 3513 1604 Θεότητι
3535 1535 3613 1605 γὰρ

2123 1622 2244 1677 καθ’
2282 1621 2576 1677 ὑπόστασιν
2605 1623 2832 1694 ἥνωται,
2865 1623 2960 1676 καὶ
2995 1615 3087 1676 δύο
3113 1623 3293 1693 φύσεις
3321 1624 3371 1677 ὲν
3404 1623 3469 1693 τῷ
3491 1642 3615 1694 μετα-

2121 1714 2517 1785 λαμϐανομένῳ
2543 1715 2632 1783 ὑφ’
2657 1716 2689 1785 ή
2697 1715 2815 1786 μῶν
2845 1714 3065 1784 σώματι
3089 1714 3180 1767 τοῦ
3203 1714 3616 1787 Xynias-05,1;va-

2124 1824 2210 1859 ναι
2245 1805 2369 1859 καθ’
2392 1806 2688 1859 ὑπόστασίν
2719 1807 2856 1859 εἰσιν
2889 1803 3287 1868 ἀδιασπάστως.
3319 1807 3416 1860 Καὶ
3440 1807 3530 1861 τῶν
3551 1809 3618 1860 δύο

2126 1896 2339 1966 φύσεων
2384 1898 2700 1968 μετέχωμεν
2721 1940 2740 1963 ,
2775 1895 2870 1950 τοῦ
2922 1896 3177 1968 σώματος
3212 1898 3523 1967 σωματικῶς,
3549 1901 3616 1970 τῆς

2126 1988 2377 2059 θεότητος
2410 1988 2824 2059 πνευματικῶς·
2858 1987 3066 2059 μᾶλλον
3106 1989 3161 2042 δὲ
3191 1989 3377 2058 ἀμφοῖν
3414 1990 3516 2044 κατ’
3539 1990 3617 2058 ἄμ·

2126 2094 2242 2146 φω·
2292 2080 2354 2130 οὑ
2405 2077 2526 2132 καθ’
2557 2077 2852 2132 ὑπόστασιν
2895 2076 3306 2149 ταυτιζὸμενοι·
3347 2078 3619 2149 aetnam:

2126 2169 2234 2239 γὰρ
2265 2169 2501 2240 πρῶτον,
2533 2171 2628 2226 καὶ
2659 2170 2780 2224 τότε
2807 2169 3082 2240 ἑνούμεθα
3100 2186 3116 2201 ο
3146 2168 3276 2223 ἀλλὰ
3295 2169 3421 2223 κατὰ
3444 2171 3620 2225 συνανάε

2127 2278 2322 2331 κρασιν
2347 2260 2441 2315 τοῦ
2477 2261 2729 2333 σώματος
2774 2262 2870 2315 καὶ
2909 2263 3166 2332 αἵματος.
3201 2261 3304 2316 Καὶ
3335 2261 3438 2326 πῶς
3459 2262 3507 2314 οὑ
3533 2262 3620 2332 μεί·

2127 2351 2278 2417 ζονες
2327 2353 2593 2421 ἀγγέλων,
2622 2354 2669 2406 οί
2726 2353 3093 2424 φυλάττοντες
3143 2353 3228 2408 διὰ
3268 2355 3359 2425 τῆς
3403 2355 3623 2425 τηρήσεως

2125 2442 2235 2495 τῶν
2262 2440 2488 2496 ἐντολῶν
2509 2444 2608 2514 τὴν
2626 2442 2893 2513 εἰλικρινῆ
2910 2443 3138 2511 ἓνωσιν;
3160 2435 3224 2496 Ἦ
3244 2442 3334 2514 μὲν
3355 2442 3489 2511 φύσις
3507 2441 3621 2512 ἡμῶν

2129 2531 2302 2603 βραχύ
2333 2549 2385 2585 τι
2417 2533 2544 2604 παρ’
2565 2532 2830 2601 ἀγγέλους
2855 2532 3218 2604 ἡλαττωμένη
3249 2532 3332 2586 διὰ
3354 2532 3434 2586 τὸν
3455 2531 3624 2585 θάνατον

2127 2625 2222 2675 καὶ
2268 2623 2366 2693 τὴν
2405 2621 2499 2676 τοῦ
2549 2622 2797 2693 σώματος
2844 2623 3162 2695 παχύτητα,
3203 2623 3313 2679 ἀλλ’
3342 2623 3524 2695 εὐδοκία
3557 2625 3623 2676 καὶ

2130 2713 2395 2786 συναφείᾳ
2432 2713 2585 2779 Θεοῦ,
2621 2714 2841 2784 γέγονεν
2869 2715 3126 2784 ἀγγέλων
3160 2715 3367 2787 μείζων.
3389 2715 3624 2784 Παρίστανι

2129 2826 2216 2863 ται
2241 2809 2350 2881 γὰρ
2378 2810 2515 2881 αὑτῇ
2553 2809 2691 2879 μετὰ
2719 2808 2884 2878 φόϐου
2918 2808 3020 2862 καὶ
3058 2808 3258 2880 τρόμου
3290 2806 3500 2875 ἄγγελοι,
3533 2805 3625 2858 καθ·

2128 2899 2306 2971 ημένῃ
2337 2899 2430 2953 ἐπὶ
2459 2899 2650 2971 θρόνου
2693 2899 2791 2969 τῆς
2836 2898 3002 2970 δόξης
3048 2900 3107 2952 ὲν
3136 2897 3369 2971 Χριστῷ,
3394 2897 3476 2952 καὶ
3501 2912 3626 2965 παρο-

2134 2992 2420 3063 στήσονται
2452 2990 2703 3061 ἔντρομοι
2735 2990 2794 3042 ἐν
2825 2993 2892 3061 τῇ
2944 2990 3167 3061 κρίσει·
3210 2990 3269 3044 οὑ
3315 2987 3626 3058 συγκαθεύδσνο

2131 3099 2222 3146 τες
2238 3092 2287 3146 ιι,
2320 3080 2439 3134 οὑδὲ
2480 3080 2726 3133 κοινωνοὶ
2753 3079 2849 3150 τῆς
2881 3078 3039 3144 θείας
3060 3079 3216 3149 δόξης
3245 3078 3342 3132 ὑπὸ
3366 3077 3549 3149 Γραφῆς
3568 3077 3629 3147 ip-

2137 3172 2401 3245 ῥηθησαν.
2449 3190 2467 3224 ι
2505 3171 2626 3224 Εἰσὶ
2653 3171 2762 3241 γὰρ
2791 3170 2998 3235 πάντες
3029 3172 3367 3242 λειτουργικὰ
3392 3169 3625 3239 πνεύματι,

2134 3267 2211 3329 είς
2236 3263 2510 3317 διακονίαν
2537 3262 2978 3333 ἀποστελλόμενα
2999 3264 3090 3317 διὰ
3116 3264 3243 3328 τοὺς
3271 3263 3524 3334 μέλλοντας
3541 3261 3630 3330 thr

2137 3356 2383 3425 ρονομείν
2442 3352 2751 3424 σωτηρίαν·
2785 3372 2804 3406 ι
2855 3353 2964 3407 οὐδ’
3023 3355 3108 3408 ὅτι
3171 3352 3627 3425 συμδασιλεύσουσιν,

2133 3443 2243 3497 οὐδ’
2270 3445 2351 3496 ὅτι
2387 3439 2922 3513 συνδοξασθήσονται,
2955 3442 3073 3496 οὐδ’
3101 3443 3184 3496 ὃτι
3224 3441 3317 3496 ἐπὶ
3356 3441 3444 3512 τῆς
3479 3438 3630 3511 τραπέ-

2135 3532 2234 3603 ζης
2262 3532 2355 3584 τοῦ
2387 3531 2600 3602 Πατρδς
2627 3530 2962 3589 καθίσουσιν.
2997 3534 3062 3586 Οί
3109 3533 3169 3586 δὲ
3217 3533 3374 3603 ἅγιοι,
3404 3534 3493 3586 υἱοὶ
3518 3527 3628 3592 Θεοῦ,

2135 3623 2241 3675 υἱοὶ
2289 3622 2388 3691 τῆς
2438 3620 2734 3691 βασιλείας,
2768 3621 2863 3674 καὶ
2891 3620 3224 3692 κληρονόμοι
3249 3621 3398 3687 Θεοῦ,
3427 3620 3506 3675 καὶ
3539 3633 3632 3686 συγ-

2134 3711 2463 3781 κληρονόμοι
2490 3707 2749 3780 Χριστοῦ.
2770 3708 2930 3780 Τιμῶ
2953 3706 3054 3764 οῦν
3081 3711 3212 3774 τοὺς
3238 3711 3433 3779 ἁγίους,
3459 3708 3533 3762 καὶ
3548 3722 3633 3759 σανα

2133 3802 2339 3866 δοξάζω
2353 3802 2480 3865 τοὺς
2503 3800 2742 3866 δούλους,
2771 3801 2866 3854 καὶ
2894 3799 3107 3870 φίλους,
3126 3803 3221 3856 καὶ
3242 3799 3632 3872 συγκληρονόμους

2134 3892 2405 3964 Χριστοῦ·
2454 3892 2580 3954 τοὺς
2627 3891 2848 3956 δούλους
2893 3893 2956 3945 ὲκ
3008 3893 3247 3963 φύσεως,
3292 3892 3381 3946 καὶ
3411 3892 3562 3961 φίλους
3591 3889 3632 3939 ἐκ

2132 3983 2507 4055 προαιρέσεως
2530 3996 2544 4012 ⁸
2581 3983 2674 4035 καὶ
2721 3982 2873 4046 υἱοὺς
2917 3984 3018 4037 καὶ
3063 3984 3424 4056 κληρονόμους
3452 3982 3506 4035 ὲκ
3531 3977 3633 4039 θείας

2132 4077 2370 4147 χάριτος,
2406 4073 2482 4138 ὣς
2507 4091 2672 4144 φησιν
2694 4075 2720 4126 ὁ
2747 4074 2954 4146 Κύριος
2986 4075 3130 4147 πρὸς
3158 4075 3248 4128 τὸν
3274 4076 3490 4144 Πατέρα.

454 4173 656 4228 Christi
677 4172 744 4226 ".
773 4170 1138 4237 Quamobrem
1171 4179 1390 4226 sanctos
1407 4186 1656 4238 veneror,
1684 4187 2002 4243 servosque,
2041 4183 2095 4230 et
2123 4174 2354 4238 amicos,
2425 4178 2479 4227 et
2541 4169 2855 4226 cohaeredes
2928 4169 3147 4226 Christi
3191 4169 3406 4241 perinde
3446 4167 3636 4224 laudibul

456 4266 696 4330 eXtollo;
746 4279 963 4326 servos,
1019 4264 1266 4331 inquam,
1317 4271 1551 4330 natura;
1615 4264 1821 4318 amicos
1885 4280 2038 4333 vero,
2079 4274 2304 4338 propter
2351 4264 2536 4318 liberae
2565 4261 2864 4316 voluntatis
2897 4263 3294 4333 propositum:
3367 4261 3489 4316 ﬁlios
3541 4271 3638 4329 quo-

456 4375 562 4432 que
594 4369 646 4413 et
681 4359 945 4423 haeredes,
986 4368 1210 4429 propter
1240 4359 1486 4413 divinam
1522 4360 1753 4430 gratiam
1796 4377 1810 4414 :
1847 4361 2308 4430 quemadmodum
2347 4361 2609 4415 Dominus
2638 4359 2855 4414 Patrem
2889 4359 3192 4430 alloquens
3225 4358 3480 4416 aiebat".

527 4452 821 4523 Postquam
858 4452 1026 4522 igitur
1060 4454 1127 4507 de
1163 4453 1398 4522 imagine
1439 4453 1610 4506 locuti
1658 4469 1872 4518 sumus,
1917 4453 2025 4523 jam

2205 4455 2464 4518 Εἰπόντες
2512 4455 2692 4506 τοίνυν
2741 4452 2872 4523 περὶ
2921 4453 3158 4518 εἰκόνος,
3186 4452 3416 4520 εἴπωμεν
3447 4449 3524 4502 καὶ
3550 4448 3638 4516 περὶ

459 4544 528 4601 de
580 4545 905 4600 adoratione
960 4543 1122 4598 nobis
1169 4552 1255 4598 est
1310 4542 1642 4610 dicendum;
1685 4560 1749 4599 ac
1799 4546 2025 4615 primum

2130 4546 2570 4620 προσκυνήσεως,
2603 4545 2698 4598 καὶ
2725 4543 2940 4615 πρῶτον
2971 4544 3024 4596 τί
3055 4545 3177 4598 ἐστι
3217 4541 3566 4615 προσκύνησις.

458 4636 592 4710 quid
632 4637 706 4692 sit
743 4635 1016 4690 adoratio.

662 4725 740 4780 De
765 4725 1096 4779 adoratione.
1151 4722 1419 4792 Quidnam
1449 4723 1518 4777 sit
1558 4722 1821 4776 adoratio.

525 4814 617 4872 27.
669 4817 932 4871 Adoratio
982 4816 1168 4885 itaque
1227 4814 1596 4883 subiectionis
1646 4825 2033 4885 argumentum

460 4910 567 4972 est,
595 4903 698 4958 hoc
721 4911 829 4968 est,
860 4901 1220 4958 demissionis
1259 4910 1314 4956 et
1345 4901 1770 4958 humiliationis.
1820 4903 2036 4958 Adora-

459 4995 628 5051 tionis
659 5004 840 5049 autem
876 4993 1025 5048 modi
1064 4991 1220 5046 multi
1259 5002 1402 5047 sunt.

809 5085 947 5152 Quot
977 5085 1081 5140 sint
1119 5083 1450 5138 adorationis
1489 5084 1651 5139 modi.

527 5179 618 5235 28.
669 5178 888 5233 Primus
921 5177 1268 5234 adorationis
1299 5175 1496 5232 modus
1535 5176 1628 5233 ille
1656 5186 1763 5242 est,
1804 5177 1898 5248 qui
1933 5191 2029 5248 per

2191 4721 2331 4792 Περὶ
2371 4717 2846 4789 προσκυνήσεως
2865 4735 2880 4750 ·
2921 4717 2979 4772 τί
3013 4717 3152 4772 ἐστι
3190 4716 3598 4786 προσκύνησις;

2205 4808 2310 4877 κζ’.
2352 4808 2729 4882 Προσκύνησις
2785 4807 2964 4860 τοίνυν
3018 4809 3142 4860 ἐστὶ
3190 4810 3406 4878 σημεῖον
3451 4799 3642 4857 ὑποπτὼο

2134 4921 2293 4968 σεως,
2325 4898 2977 4966 τουτέστιν,ηὑπο6άσεως
3005 4899 3104 4950 καὶ
3146 4896 3530 4957 ταπεινώσεως·
3553 4890 3641 4962 τρό-

2142 5011 2237 5050 ποι
2263 4993 2319 5049 δὲ
2348 4991 2771 5064 προσκυνήσεως
2799 4991 2905 5042 είσι
2934 4989 3201 5044 πλεῖστοι.

2439 5082 2626 5136 Πόσοι
2663 5082 2868 5148 τρόποι
2903 5080 3394 5149 προσκυνήσεως.

2205 5183 2311 5247 κη’.
2354 5174 2573 5245 Πρῶτος
2621 5173 2821 5244 τρόπος
2863 5175 3310 5245 προσκυνήσεως,
3355 5173 3382 5224 ό
3425 5165 3545 5223 κατὰ
3579 5163 3641 5215 ὶιο

531 5353 765 5426 '_°_llehr.
797 5355 976 5426 tt,_16.
1005 5351 1249 5426 ’,υ-,νεα
1283 5351 1488 5426 Annot,
1523 5355 1578 5410 in
1611 5369 1732 5426 cap.
1763 5356 1832 5412 l5
1867 5355 1962 5410 lib.
2000 5354 2380 5426 Deﬁde_ortli.
2423 5371 2477 5426 p.
2505 5356 2632 5412 272.
2717 5353 2765 5426 ff
2799 5351 2996 5426 Ephes.
3030 5366 3095 5415 ιι,
3126 5352 3190 5426 β.
3269 5353 3314 5426 ’_’
3338 5351 3379 5426 ll
3410 5339 3625 5426 Pctr.t,f

468 5423 510 5455 ’δ
547 5422 712 5487 Hebr,
750 5441 786 5485 ι,
823 5424 910 5478 14.

463 5493 507 5524 ⁸⁷
539 5491 698 5548 JOan.
733 5510 862 5558 ιιι-ιι,
892 5493 981 5548 22.

1013 5425 1058 5457 ⁸⁵
1085 5423 1126 5478 ll
1168 5422 1310 5477 Tim.
1341 5408 1558 5490 mihi.w
1615 5408 1662 5457 ί⁶
1682 5408 2014 5491 'uddﬁm,
2054 5408 2151 5491 1"};
2182 5408 2335 5480 Luc.
2370 5408 2630 5490 ἀξίιῖεῦ
2659 5442 2674 5492 ;
2718 5408 2907 5477 Matth.
2956 5408 3093 5486 nn,-
3124 5422 3232 5488 38;
3279 5423 3300 5478 1
3330 5422 3474 5478 Joan.
3505 5430 3570 5480 ιιι,
3602 5408 3636 5461 l-

1854 5605 2088 5660 VARIA'J
2127 5603 2537 5672 LECTlONES.

537 5701 565 5741 ιι
596 5691 724 5744 Mss.
758 5692 1182 5761 συγκαθήμενοι.
1231 5693 1362 5758 Quae
1391 5695 1554 5748 lectio
1588 5695 1745 5763 longe
1779 5697 1968 5752 melior
1993 5705 2096 5752 est.
2123 5697 2263 5764 Quid
2295 5685 2424 5754 vero
2454 5698 2500 5754 si
2527 5699 2675 5768 legas
2704 5698 3266 5769 συγκαθεδρεύοντεςῗ
