3928 6196
279 342 415 410 1349

1335 341 1430 398 DE
1471 333 1932 397 IMAGINIBUS
1967 334 2248 395 ORATIO
2278 334 2390 395 III.

3383 334 3518 398 1350

275 458 485 530 τρείαν,
518 455 585 527 ἢν
612 454 962 526 προσάγομεν
995 453 1142 525 μόνῳ
1189 452 1268 523 τῷ
1301 454 1462 522 φύσει
1491 446 1849 522 προσκυνητῷ

1975 449 2174 502 atriam
2203 449 2494 504 exhibetur
2545 447 2646 505 soli
2699 463 2797 517 pro
2832 464 2929 503 sua
2989 460 3185 503 natura
3238 448 3520 505 adorando

276 550 432 620 Θεῷ·
480 550 576 602 καὶ
626 542 782 610 οὗτος
832 544 973 600 κατὰ
1014 545 1304 617 διαφόρους
1332 544 1582 616 τρόπους.
1631 540 1853 609 Πρῶτον

282 643 381 713 μὲν
420 643 561 695 κατά
611 638 701 692 τὸν
750 638 848 710 τῆς
893 638 1136 701 δουλείας
1167 638 1308 707 (95)·
1349 632 1712 705 προσκυνοῦσι
1746 631 1855 701 γὰρ

280 732 429 802 αὐτῷ
475 731 652 783 πάντα
702 730 770 782 τὰ
820 728 1113 800 κτίσματα,
1146 729 1220 791 ὡς
1251 727 1428 781 δοῦλοι
1456 726 1730 794 Δεσπότῃ·
1772 723 1854 776 ὅτι

287 842 305 874 ι
342 822 424 875 Ta
468 820 757 890 σύμπαντα
786 820 914 891 γὰρ,
949 821 1104 890 φησὶ,
1141 818 1302 872 δοῦλα
1339 817 1439 871 σά·
1477 835 1496 868 ι
1534 815 1627 869 καὶ
1663 816 1711 868 οἱ
1755 813 1854 882 μὲν

280 910 571 971 ἑκουσίως,
619 910 666 961 οἱ
709 908 767 960 δὲ
804 907 1106 970 ἀκουσίως,
1140 907 1189 958 oi
1234 905 1332 974 μὲν
1367 902 1564 971 γνώσει
1597 899 1855 961 ἑκουσίως

282 999 697 1073 προσκυνοῦσιν,
729 1001 844 1052 ὅσοι
892 997 1155 1060 εὐσεϐεῖς,
1191 997 1240 1049 οἱ
1291 995 1346 1048 δὲ
1386 992 1853 1062 ἐπιγινώσκοντες,

281 1094 377 1145 καὶ
403 1092 477 1161 μὴ
513 1091 778 1152 θέλοντες,
811 1088 1081 1149 ἀκουσίως
1110 1084 1528 1157 προσκυνοῦσιν,
1558 1083 1631 1145 ὡς
1659 1083 1707 1134 οἱ
1737 1081 1854 1134 δαί-ι

286 1197 461 1251 μονες’
483 1180 630 1235 ἄλλοι
660 1178 735 1251 μὴ
764 1178 964 1241 εἰδότες
994 1177 1084 1229 τὸν
1107 1175 1264 1245 φύσει
1284 1175 1435 1237 Θεὸν,
1460 1170 1856 1244 προσκυνοῦσιν

280 1272 551 1335 ἀκουσίως
580 1271 639 1323 ὃν
666 1269 973 1338 ἀγνοοῦσιν.

357 1531 460 1586 κθ’.
502 1528 762 1601 Δεύτερος
794 1527 1015 1600 τρόπος,
1064 1527 1092 1580 ό
1123 1522 1265 1579 κατά
1291 1524 1474 1595 θαῦμα
1523 1525 1618 1576 καὶ
1669 1521 1854 1584 πόθον,

284 1624 480 1677 καθ’ὃν
513 1621 925 1693 προσκυνοῦμεν
949 1620 1025 1691 τῷ
1055 1619 1173 1689 Θεῷ
1197 1618 1285 1671 διὰ
1313 1619 1412 1688 τὴν
1434 1618 1666 1686 φυσικὴν
1701 1615 1858 1680 δόξαν

1956 534 2087 591 Deo.
2133 539 2311 608 Atque
2348 538 2516 608 hujus
2572 539 2711 594 varii
2756 554 2951 593 rursus
2999 539 3143 591 modi
3200 549 3349 593 sunt.
3385 537 3519 591 Nam

1954 628 2133 698 primo
2187 632 2401 686 ratione
2468 629 2773 685 famulatus
2833 631 3079 683 oliertur.
3147 629 3254 685 Res
3322 632 3522 699 quippe

1956 731 2153 778 creata:
2183 723 2352 779 Deum
2380 724 2632 790 adorant,
2671 726 2895 795 perinde
2931 740 2995 778 ac
3026 725 3169 779 servi
3196 727 3518 784 dominum;

1956 815 2033 868 ait
2078 815 2223 868 enim
2274 814 2561 885 Scriptura
2601 834 2616 869 :
2669 834 2686 866 ι
2726 815 2995 881 Quoniam
3038 816 3225 868 omnia
3275 816 3523 868 serviunt

1956 906 2053 959 tibi
2080 906 2162 959 "z
2196 926 2215 959 ι
2248 915 2333 961 ast
2383 908 2476 960 alii
2525 908 2746 977 quidem
2790 915 3005 976 sponte,
3043 906 3139 959 alii
3172 920 3306 959 vero
3352 905 3525 958 invito

1955 997 2159 1052 animo.
2210 998 2316 1051 Alii
2375 998 2686 1068 siquidem,
2752 1012 2873 1051 cum
2929 997 3098 1051 Deum
3149 1008 3523 1066 cognoscant,

1954 1088 2191 1144 libenter
2218 1091 2394 1159 ipsum
2429 1090 2682 1152 adorant,
2719 1098 2779 1142 ut
2818 1089 3070 1144 homines
3108 1089 3347 1157 religiosi
3382 1106 3394 1141 :
3434 1089 3523 1141 alii

1956 1189 2159 1245 autem,
2186 1197 2308 1235 cum
2334 1180 2501 1234 Deum
2532 1182 2878 1249 agnoverint,
2922 1188 3164 1233 attamen
3197 1181 3441 1234 nolentes
3474 1189 3528 1233 et

1955 1271 2112 1325 inviti
2164 1272 2420 1338 adorant,
2457 1283 2517 1326 tit
2564 1272 2843 1326 daemones
2881 1289 2893 1322 :
2933 1270 3025 1323 alii
3090 1268 3330 1340 denique
3378 1286 3525 1331 eum,

1955 1361 2047 1429 qui
2071 1369 2263 1414 natura
2291 1360 2433 1417 Deus
2459 1370 2563 1426 est,
2602 1362 2936 1431 ignorantes,
2968 1368 3166 1430 praeter
3192 1364 3527 1413 voluntatem

1958 1450 2209 1507 adorant.

2026 1542 2115 1598 29.
2146 1543 2434 1599 Secundus
2456 1544 2653 1599 modus
2674 1551 2780 1605 est,
2804 1558 2964 1613 quem
2995 1559 3089 1611 per
3108 1542 3527 1596 admirationem

1958 1646 2010 1689 et
2045 1635 2297 1690 all‘ectum
2330 1644 2659 1707 prazstamus
2696 1654 2708 1690 :
2746 1651 2855 1705 quo
2898 1634 3120 1704 quidem
3160 1635 3323 1687 modo
3359 1633 3528 1687 Deum

284 1714 480 1767 αὐτοῦ·
522 1713 676 1783 μόνος
710 1711 819 1782 γάρ
868 1713 987 1762 ἐστι
1037 1706 1442 1777 δεδοξασμένος,
1477 1704 1575 1757 οὐκ
1626 1704 1688 1756 ἐκ
1713 1719 1858 1767 τινος

1968 1725 2251 1781 adoramus
2282 1730 2351 1781 ob
2391 1728 2695 1782 naturalem
2741 1726 2915 1797 ipsius
2953 1726 3207 1795 gloriam.
3250 1722 3344 1778 Ille
3384 1728 3531 1779 enim

286 1805 425 1875 ἔχων
458 1802 556 1874 τὴν
583 1803 759 1868 δόξαν,
785 1801 897 1854 ἀλλ’
925 1799 1085 1863 αὐτὸς
1137 1797 1211 1850 ὢν
1260 1798 1439 1865 πάσης
1487 1794 1644 1864 δόξης
1685 1793 1855 1857 αἴτιος

1968 1817 2111 1872 solus
2140 1819 2371 1888 gloriam
2406 1819 2672 1889 possidet,
2715 1832 2879 1888 quam
2914 1832 2942 1870 a
2972 1816 3122 1870 nullo
3157 1816 3375 1880 habeat,
3406 1830 3531 1870 cum

284 1895 380 1948 καὶ
425 1893 626 1957 παντὸς
674 1892 877 1960 ἀγαθοῦ
929 1890 1044 1960 φῶς
1093 1888 1496 1958 ἀκατάληπτον,
1547 1884 1859 1954 γλυκασμὸς

284 1987 625 2051 ἀνείκαστος,
656 1984 853 2048 κάλλος
893 1984 1195 2053 ἀμήχανον,
1234 1978 1571 2049 ἀγαθότητος
1601 1977 1855 2039 ἄϐυσσος,

286 2079 448 2146 σοφία
497 2074 916 2147 ἀνεξιχνίαστος,
944 2072 1375 2146 ἀπειροδι5ναμος
1413 2070 1658 2139 δύναμις,
1701 2069 1860 2138 μόνος

284 2170 435 2235 ἄξιος
465 2168 530 2220 δι’
560 2169 748 2221 ἑαυτὸν
781 2164 1177 2237 θαυμάζεσθαι,
1207 2160 1631 2235 προσκυνεῖσθαί
1672 2176 1730 2213 τε
1764 2159 1859 2211 καὶ

283 2259 624 2327 δοξάζεσθαι,
655 2260 749 2316 καὶ
775 2256 1082 2312 ποθεῖσθαι.

358 2528 424 2583 λ’.
456 2527 650 2598 Τρίτος
677 2526 941 2595 τρόπος,ό
966 2525 1065 2596 τῆς
1081 2526 1451 2598 εὐχαριστίας,
1484 2526 1624 2596 ὑπὲρ
1639 2525 1744 2577 τῶν
1767 2540 1869 2592 γε-

290 2617 531 2686 γονότων
563 2618 642 2680 εἰς
673 2618 819 2687 ἡμᾶς
847 2616 1092 2684 ἀγαθῶν.
1110 2617 1298 2671 Πάντα
1325 2618 1433 2688 γὰρ
1450 2618 1519 2669 τὰ
1539 2618 1666 2670 ὄντα
1688 2633 1859 2686 χρεω-

290 2713 411 2763 στεί
433 2709 778 2781 εὐχαριστεῖν
801 2709 881 2780 τῷ
929 2708 1070 2781 Θεῷ,
1108 2709 1206 2762 καὶ
1245 2710 1582 2781 προσφέρειν
1631 2709 1858 2762 ἀένναον

287 2801 684 2874 προσκύνησιν,
718 2801 801 2854 ὅτι
829 2818 887 2855 τε
919 2800 979 2866 ἐξ
1008 2800 1177 2854 αὐτοῦ
1208 2801 1321 2872 ἔχει
1346 2801 1408 2854 τὸ
1447 2799 1585 2854 εἶναι
1616 2800 1687 2853 τά
1718 2801 1858 2853 πάν-

287 2911 380 2953 τα,
415 2894 510 2946 καὶ
546 2894 605 2947 ὲν
640 2891 791 2963 αὐτῷ
845 2893 1187 2958 συνίσταται,
1220 2894 1316 2946 καὶ
1344 2894 1479 2946 πᾶσι
1506 2892 1858 2961 μεταδίδωσιν

288 2985 544 3057 ἀφθόνως
584 2986 692 3039 τῶν
725 2985 919 3039 ἑαυτοῦ
962 2985 1204 3056 δωρεῶν,
1257 2985 1353 3039 καὶ
1381 2985 1505 3055 δίχα
1557 2985 1854 3055 αἰτήσεως⁶

286 3078 382 3130 καὶ
412 3076 556 3130 θέλει
588 3075 798 3140 πάντας
828 3074 1093 3144 σωθῆναι,
1117 3075 1213 3127 καὶ
1253 3074 1510 3144 μετέχειν
1538 3073 1638 3141 τῆς
1662 3072 1854 3125 ἑαυτοῦ

286 3167 628 3237 ἀγαθότητος
646 3185 660 3199 ο
692 3169 784 3219 καὶ
818 3165 1168 3238 μακροθυμεῖ
1192 3164 1277 3232 ἐφ’
1299 3165 1431 3234 ἡμῖν
1461 3164 1858 3234 ἁμαρτάνουσιν

289 3258 387 3312 καὶ
417 3258 697 3313 ἀνατέλλει
734 3257 826 3310 τὸν
869 3256 1022 3328 ἥλιον
1073 3255 1168 3309 ἐπὶ
1218 3255 1479 3318 δικαίους,
1532 3255 1625 3308 καὶ
1675 3253 1860 3325 βρέχει

289 3350 387 3401 ἐπὶ
413 3348 681 3419 πονηροὺς
713 3348 809 3402 καὶ
837 3345 1111 3416 ἀγαθούς·
1142 3346 1239 3399 καὶ
1257 3346 1341 3399 ὅτι
1374 3347 1404 3398 ὁ
1436 3344 1565 3407 Υίὸς
1589 3344 1682 3398 τοῦ
1723 3344 1859 3398 Θεοῦ

288 3440 357 3494 δι’
392 3442 543 3512 ἡμᾶς
600 3439 724 3493 καθ’
784 3440 930 3510 ἡμᾶς
981 3438 1195 3507 γέγονε,
1237 3437 1331 3490 καὶ
1376 3436 1525 3500 θείας
1568 3438 1861 3501 κοινωνοὺς

292 3529 511 3599 φύσεως
557 3530 815 3599 ἐποίησεν
846 3529 1029 3598 ἡμᾶς,
1089 3528 1171 3580 ὅτι
1222 3528 1479 3599 ιὊμοιοι
1538 3527 1687 3599 αὐτῷ
1736 3528 1861 3581 ἐσό-

296 3619 457 3691 μεθα,
494 3640 513 3673 ι
565 3619 641 3683 ῶς
672 3636 838 3691 φησιν
872 3618 1127 3689 Ἰωάννης
1173 3618 1202 3670 ὁ
1234 3618 1499 3688 Θεολόγος
1533 3620 1591 3672 ὲν
1623 3622 1689 3691 τῇ
1727 3618 1864 3673 καθ-

292 3709 446 3779 ολικῇ
495 3708 808 3779 Ἐπιστολῇ.

364 3798 467 3851 λα’.
502 3799 774 3869 Τέταρτος
804 3798 1025 3869 τρόπος,
1070 3798 1099 3850 ὁ
1141 3795 1262 3852 κατ’
1302 3796 1509 3849 ἔνδειαν
1546 3796 1641 3849 καὶ
1672 3795 1867 3850 ἐλπίδα

289 3891 402 3943 τῶν
450 3891 818 3962 εὐεργεσιῶν·
872 3890 995 3943 καθ’
1051 3889 1117 3954 ἃς
1170 3888 1650 3957 ἐπιγινώσκοντες,
1684 3887 1759 3952 ὡς
1799 3888 1863 3941 οὐ

288 3982 569 4052 δυνάμεθα
603 3982 758 4045 me;
779 3982 943 4035 αὐτοῦ
978 3984 1153 4035 ποιεῖν
1196 3980 1374 4042 οὐδὲν,
1407 3977 1608 4049 ἢέχειν
1634 3976 1861 4046 ἀγαθὸν,

292 4071 728 4142 προσκυνοῦμεν,
779 4071 1056 4134 αἰτοῦντες
1094 4070 1229 4140 παρ’
1282 4071 1449 4123 αὐτοῦ
1502 4070 1755 4134 ἕκαστος,
1802 4061 1863 4122 οὗ

293 4162 612 4216 αίσθάνεται
667 4163 861 4225 ἐνδεῶς
897 4162 1063 4232 ἔχειν,
1099 4162 1193 4216 καὶ
1234 4162 1262 4215 ὃ
1297 4161 1473 4227 ποθεῖ,
1510 4160 1775 4231 ρυσθῆναί
1804 4176 1865 4213 τε

293 4252 505 4316 κακῶν,
536 4253 629 4306 καὶ
666 4255 851 4323 τυχεῖν
877 4252 1122 4322 ἀγαθῶν.

1886 3128 1933 3192 ο

1961 1909 2075 1977 ipse
2122 1910 2304 1977 potius
2361 1909 2543 1963 omnis
2574 1909 2782 1977 gloriae,
2835 1908 3127 1976 omnisque
3163 1905 3290 1959 boni
3339 1913 3533 1958 auctor

1960 1999 2061 2060 sit;
2091 2007 2149 2052 ut
2179 2000 2271 2069 qui
2307 2000 2489 2055 lumen
2519 2010 2604 2055 est
2625 1998 3202 2068 incomprehensibile,
3226 1997 3390 2067 359
3412 2011 3535 2051 sna-

1957 2089 2097 2142 vitas
2126 2088 2598 2159 inconiparabilis,
2638 2090 2906 2143 immensa
2929 2088 3311 2160 pulchritudo,
3369 2087 3530 2141 boni-

1960 2179 2091 2233 tatis
2124 2179 2379 2250 abyssus,
2432 2178 2953 2250 impervestigabilis
3004 2177 3298 2249 sapientia,
3352 2177 3533 2229 virtus

1959 2265 2211 2335 infinita;
2248 2269 2398 2322 solus
2432 2267 2665 2338 proinde
2712 2267 2809 2338 qui
2864 2282 2965 2336 per
3009 2281 3131 2322 sese
3183 2265 3386 2336 dignus
3424 2271 3531 2328 est,

1957 2371 2120 2427 quem
2156 2358 2513 2426 admiremur,
2566 2357 2879 2424 adoremus,
2908 2356 3212 2423 laudemus,
3245 2363 3300 2412 et
3325 2355 3534 2411 deside.

1959 2463 2168 2504 remus.

2028 2540 2115 2593 50.
2169 2538 2386 2596 Tertius
2423 2541 2615 2597 modus
2644 2549 2749 2602 est,
2792 2540 2928 2611 grati
2981 2540 3146 2594 animi
3196 2540 3267 2595 oh
3328 2537 3533 2593 collata

1958 2632 2117 2688 nobis
2148 2633 2413 2689 beneficia
2444 2632 2802 2705 signiﬁcatio.
2845 2630 2979 2685 Nam
3006 2630 3189 2686 omnia
3223 2645 3345 2699 qua:
3382 2638 3531 2692 sunt,

1960 2718 2072 2775 Deo
2113 2722 2318 2791 gratias
2362 2721 2599 2786 debent,
2656 2735 3065 2791 perennemque
3118 2719 3533 2782 adorationeni;

1960 2811 2165 2880 quippe
2192 2827 2315 2865 cum
2352 2825 2382 2864 a
2439 2809 2551 2864 Deo
2575 2812 2852 2874 universa,
2881 2816 2941 2863 ut
2971 2812 3101 2872 sint,
3138 2817 3304 2876 utque
3333 2806 3387 2859 in
3417 2804 3536 2873 ipso

1960 2901 2304 2964 constent”,
2335 2900 2594 2966 habeant,
2633 2915 2731 2955 nec
2763 2913 2871 2953 non
2899 2898 3175 2959 omnibus,
3219 2912 3319 2952 nec
3346 2904 3534 2966 postu-

1960 2990 2227 3056 lantibus,
2263 2992 2484 3061 c0piose
2508 2992 2650 3045 dona
2679 3004 2777 3045 sua
2813 2989 3117 3059 largiatur;
3152 2988 3283 3042 velit
3319 3002 3536 3056 quoque.

1962 3098 2157 3139 omnes
2211 3083 2391 3137 salvos
2442 3082 2560 3136 ﬁeri
2594 3083 2633 3147 ³,
2681 3096 2742 3136 ac
2783 3096 2897 3136 suae
2928 3080 3224 3151 participes
3272 3080 3536 3134 bonitatis

1964 3187 2107 3237 esse,
2152 3188 2252 3227 nos
2288 3179 2574 3241 peccantes
2606 3171 2836 3241 patienti
2868 3169 3143 3225 sustineat
3170 3168 3352 3222 animo
3375 3207 3389 3231 ,
3421 3169 3537 3221 ori-

1964 3267 2125 3335 rique
2163 3263 2327 3319 faciat
2373 3263 2544 3318 solem
2576 3277 2736 3317 suum
2775 3276 2941 3333 super
2971 3262 3150 3331 justos
3195 3271 3246 3313 et
3277 3260 3535 3327 iniustos,

1967 3364 2021 3410 et
2050 3357 2197 3426 pluat
2226 3369 2390 3425 super
2420 3355 2594 3409 bonos
2622 3362 2675 3407 et
2704 3354 2876 3408 malos
2900 3354 2944 3405 '.
2976 3352 3057 3405 Ad
3092 3353 3227 3415 haec,
3256 3351 3383 3420 quia
3421 3350 3537 3419 ipse

1968 3446 2063 3504 Dei
2119 3447 2289 3500 Filius
2339 3448 2511 3500 instar
2563 3444 2737 3499 nostri
2797 3453 3025 3514 propter
3065 3456 3167 3497 nos
3212 3441 3395 3496 factus
3428 3450 3536 3504 est,

1969 3556 2178 3609 nosque
2212 3539 2408 3593 divinae
2431 3548 2641 3591 natura:
2664 3544 2951 3591 consortes
2986 3533 3117 3589 fecit
3145 3534 3166 3565 ⁸
3191 3550 3204 3587 :
3235 3547 3299 3587 ac
3318 3533 3539 3587 tandem

1962 3633 2112 3701 quia,
2151 3638 2209 3684 ut
2263 3630 2505 3683 Joannes
2537 3627 2849 3694 Theologus
2883 3625 2938 3679 in
2991 3626 3225 3695 cpistola
3257 3624 3540 3679 Catholica

1962 3721 2038 3773 ait
2067 3738 2079 3773 :
2118 3737 2137 3767 ι
2173 3715 2394 3770 Similes
2426 3717 2473 3769 ei
2503 3716 2709 3768 erimus
2736 3714 2776 3767 ⁸.
2818 3731 2836 3763 ι

2033 3808 2124 3861 51.
2166 3804 2408 3870 Quartus
2451 3801 2648 3855 modus
2676 3809 2779 3865 est,
2815 3814 2924 3870 quo
2948 3807 3194 3855 nostram
3224 3800 3460 3869 inopiam
3487 3806 3542 3853 et

1970 3897 2389 3956 obtinendorum
2413 3893 2682 3948 bonorum
2722 3907 2871 3963 Spem
2914 3899 3314 3959 protestamur;
3347 3901 3538 3961 quate-

1970 4006 2095 4055 nus,
2129 4003 2252 4043 cum
2302 3985 2440 4041 nihil
2474 3998 2702 4055 prorsus
2740 3983 2866 4037 boni
2906 3982 3029 4038 sine
3073 3981 3165 4037 illo
3212 3982 3391 4036 facere
3438 3996 3539 4034 nos

1969 4092 2152 4148 posse,
2190 4074 2523 4128 aut‘habere
2580 4072 2857 4132 sciamus.
2907 4071 3087 4139 ipsum
3139 4069 3453 4134 adoramus,
3487 4069 3541 4123 id

1969 4168 2348 4239 elllagitantes,
2381 4178 2491 4233 quo
2523 4179 2581 4219 se
2612 4162 2846 4232 quisque
2877 4176 3036 4231 egere
3076 4160 3247 4225 novit,
3288 4160 3543 4229 quodque

1971 4258 2265 4323 desiderat,
2284 4257 2399 4311 sive
2424 4262 2530 4310 uta
2553 4242 2712 4309 malis
2734 4254 3026 4321 eximatur,
3051 4253 3165 4308 sive
3190 4259 3249 4306 ut
3273 4252 3539 4306 bonorum

1969 4351 2160 4406 evadat
2186 4362 2424 4419 compos.

366 4431 466 4502 λβ).
514 4432 775 4504 Πέμπτος
823 4430 1044 4502 τρόπος,
1080 4431 1108 4483 ὁ
1150 4431 1249 4501 τῆς
1297 4428 1589 4502 μετανοίας
1624 4429 1719 4482 καὶ
1766 4428 1861 4499 τῆς

2042 4443 2131 4496 32.
2163 4440 2394 4506 Quintus
2422 4438 2616 4493 modus
2652 4443 2754 4501 est,
2784 4434 3118 4506 poenitentia:
3142 4442 3197 4491 et
3230 4433 3541 4491 confessio-

295 4525 776 4596 ὲξομολογήσεωςο
834 4523 1241 4596 ἁμαρτάνοντες
1297 4524 1407 4593 γὰρ
1456 4521 1875 4594 προσκυνοῦμεν

296 4605 394 4672 καὶ
426 4617 840 4689 προσπίπτομεν
893 4617 972 4687 τῷ
1003 4616 1143 4687 Θεῷ,
1172 4615 1413 4686 δεόμενοι
1453 4614 1875 4685 συγχωρηθῆναι

295 4710 366 4763 τὰ
398 4710 739 4780 πταίσματα,
781 4708 856 4772 ὠς
909 4708 1087 4763 δοῦλοι
1133 4708 1493 4779 εὐγνώνομες.
1534 4710 1644 4763 Καὶ
1669 4702 1823 4773 οὗτος
1848 4711 1877 4763 ὁ

298 4802 499 4873 τρόπος
531 4803 749 4875 τρισσὸς
792 4804 959 4857 ἔστιν.
1007 4802 1077 4854 Ἦ
1108 4802 1214 4873 γὰρ
1249 4802 1393 4855 κατὰ
1430 4802 1650 4873 ἀγάπην
1683 4803 1868 4857 λυπεῖ-

1976 4534 2097 4596 nis;
2148 4532 2389 4586 admisso
2446 4531 2645 4600 quippe
2700 4540 2943 4598 peccato,
2998 4524 3167 4580 Deum
3227 4524 3540 4586 adoramus,

1977 4626 2137 4695 eique
2166 4621 2536 4693 procidimus,
2576 4621 2651 4675 uti
2691 4620 2863 4674 bonos
2915 4617 3313 4685 benevolosque
3351 4628 3543 4669 servos

1976 4714 2165 4779 decet,
2226 4714 2547 4769 delictorum
2598 4713 2810 4766 veniam
2864 4717 3173 4764 exorantcs.
3228 4707 3405 4776 Atque
3455 4704 3544 4758 hic

1978 4807 2171 4861 modus
2230 4805 2426 4875 triplex
2481 4804 2608 4858 item
2663 4811 2766 4858 est.
2820 4800 2927 4855 Aut
2975 4801 3121 4854 enim
3163 4814 3231 4854 ex
3276 4797 3543 4853 charitate

372 5009 417 5042 ’⁸
452 5008 595 5066 Psal.
619 5024 804 5077 cxvm,
829 5010 916 5065 9|.
986 5010 1032 5043 θ’
1057 5008 1241 5065 Colos.
1274 5026 1311 5078 I,
1340 5009 1426 5064 l7.
1505 5011 1522 5041 ί
1549 5010 1570 5065 l
1600 5010 1746 5066 Tim.
1772 5026 1834 5077 ιι,

1996 5011 2016 5040 ¹
2045 5006 2231 5062 Matth.
2263 5023 2316 5072 ν,
2350 5005 2441 5061 45.
2521 5004 2607 5058 ³11
2640 5003 2783 5058 Petr.
2823 5018 2863 5067 r,
2899 5001 2954 5056 4.
3034 5000 3056 5031 ⁸
3082 5001 3103 5053 Ῑ
3134 4999 3384 5056 Joan.ut,
3418 4996 3472 5052 2.

1818 5185 2046 5245 NOTE.

356 5323 691 5400 (εωϐςφοε
708 5319 967 5381 δουλείας,
1002 5317 1149 5387 quod
1174 5318 1491 5400 servitutem
1517 5314 1866 5400 famulatum-

297 5388 390 5454 γε’
427 5388 718 5465 signiﬁcat,
772 5402 977 5465 eSIque
1022 5389 1241 5465 proprie
1296 5388 1657 5465 obsequentia
1698 5402 1861 5455 quam

300 5469 446 5523 servi
479 5456 671 5535 sponte
698 5461 785 5535 vel
823 5456 988 5535 inviti
1003 5456 1250 5535 dominis
1278 5466 1573 5535 p_raes:ant_L
1593 5456 1860 5535 (iazterum

302 5522 630 5608 Fulgentius
653 5532 707 5585 in
738 5530 933 5608 fragm.
968 5529 1173 5608 15",.lib.
1212 5522 1485 5608 “contra
1525 5522 1865 5608 Fabianum:

300 5596 581 5677 λατρείαν,
619 5602 816 5671 inquit,
836 5596 952 5677 sola
985 5598 1086 5651 sibi
1137 5612 1273 5677 vere
1300 5596 1548 5648 divinitas
1596 5598 1826 5677 vindicat
1851 5610 1868 5645 :

300 5666 580 5736 δούλευσις
605 5666 720 5726 vero
754 5678 803 5724 et
847 5669 953 5722 Deo
984 5677 1083 5730 est,
1114 5675 1367 5735 quantum
1408 5674 1620 5736 oportet
1649 5666 1872 5736 redden-

303 5748 396 5811 da,
422 5733 781 5799 “hominibus
811 5748 1064 5811 quantum
1095 5733 1328 5791 concedit
1365 5735 1679 5788 exhibenda.
1698 5733 1873 5804 Ρνορ-

1983 5332 2065 5401 [ετ.
2093 5320 2354 5401 λατρείαν
2382 5334 2503 5389 ergo
2545 5317 2740 5370 dicitur
2774 5329 2805 5401 Ξ.
2828 5330 2848 5365 ι
2885 5309 3353 5401 chriﬁcatfubeo
3377 5309 3552 5401 sqcri-

1979 5395 2156 5458 ﬁcium
2174 5380 2461 5461 Ῐιιειίιὶιεξ
2486 5408 2503 5438 ι
2540 5396 2658 5461 etc.
2709 5403 2729 5437 ι
2768 5383 3124 5461 διιεῖ-ἔβαψε⁸
3153 5383 3257 5435 diis
3309 5380 3552 5461 σαώσει-ι

1975 5449 2137 5523 bitur,
2174 5449 2278 5513 nisi
2306 5449 2527 5513 Domino
2558 5456 2676 5511 soli.
2718 5474 2736 5507 ι
2764 5449 2987 5521 Propter
3015 5451 3291 5523 δούλευσιν
3325 5449 3552 5523 nroﬂi-

1976 5533 2045 5583 cit
2079 5519 2403 5596 Apostolus:
2446 5547 2462 5577 ι
2512 5526 2735 5580 Domino
2765 5519 2980 5596 Christo
3020 5522 3247 5596 sentite;
3295 5528 3411 5596 uel
3449 5519 3553 5596 ite-

1980 5588 2145 5652 rum}
2180 5600 2366 5651 servite
2390 5597 2607 5650 invicem
2660 5597 2712 5647 in
2760 5594 3040 5647 cliaritate.
3074 5609 3092 5642 ι
3155 5589 3379 5660 Legesis
3440 5588 3549 5643 Au~

1981 5678 2124 5739 gust.
2154 5669 2245 5722 lih.
2265 5684 2333 5721 xx
2353 5667 2506 5722 Com.
2536 5663 2755 5730 Faust.,
2782 5678 2905 5733 cap.
2930 5662 3019 5716 2|.
