3928 6196
482 361 622 430 1351
1634 340 1695 397 s.
1730 332 2046 397 JOANNIS

2079 327 2505 392 DAMASCENI
3512 330 3612 396 ηδε

477 469 751 546 quispiam
783 475 1021 520 mcerore
1053 457 1306 521 afﬁcitur,
1337 459 1429 507 aut
1453 449 1580 521 quia
1615 449 1767 501 timet
1803 459 1870 499 ne
1899 459 1927 496 a
1958 441 2048 496 Dei

2159 439 2242 493 ταί
2265 456 2370 503 τις,
2399 439 2432 507 ἢ
2456 437 2531 498 ὼς
2569 434 2643 504 μὴ
2682 432 2922 504 ἀποτύχῃ
2952 432 3058 487 τῶν
3080 430 3169 485 τοῦ
3190 432 3312 487 Θεοῦ
3330 435 3611 506 εὐεργεσιῶν,

2163 532 2185 546 ιι
2229 530 2253 546 ι.
2289 529 2312 546 θ
2349 528 2362 545 ι
2403 545 2407 546 ν
2446 527 2539 546 μμ
2581 524 2833 546 “AL---
2890 523 2989 546 v-1
3027 523 3165 546 πμ--.
3196 526 3214 546 ,ι
3249 526 3333 546 .-λη
3371 529 3459 546 ρο
3579 532 3611 546 .-

477 532 799 619 muneribus
829 552 1172 613 excludatur,
1203 554 1296 599 aut
1319 543 1448 614 quia
1473 532 1738 610 supplicia
1771 533 2044 589 formidat.

454 655 692 710 'Primus
729 648 867 720 grati
925 640 1282 708 benevolique
1334 633 1519 698 animi,
1554 631 1755 699 Deique
1777 624 2049 681 desiderio

477 744 758 817 ﬂagrantis
785 743 1166 809 argumentum
1183 737 1296 796 est;
1321 727 1454 780 alter
1469 719 1789 778 mercenarii
1812 737 1827 786 ;
1856 716 2048 771 tertius

479 839 691 896 servilis
717 837 760 888 ⁸.

482 927 725 998 ραυιγίη
769 923 1047 990 Script'urg
1101 916 1452 998 reperiantur,
1505 910 1708 998 quibusJ
1745 904 2048 960 exhibentur

581 978 866 1056 ador-alio;
891 978 1114 1062 ἓιιιοιᾷιιε
1137 978 1304 1038 modis
1346 978 1618 1035 creaturas
1641 978 1940 1032 adoremus.

548 1153 638 1206 55.
694 1148 932 1202 Primum
977 1141 1196 1210 quidem
1247 1135 1545 1188 adorantur
1593 1129 1694 1191 illi,
1746 1128 1800 1181 in
1847 1124 2047 1193 quibus

482 1243 748 1315 requievit
797 1240 956 1298 Deus,
1015 1232 1108 1301 qui
1159 1230 1309 1284 solus
1359 1233 1586 1280 sanctus
1634 1228 1736 1275 est.
1785 1217 1949 1286 Atqui
1992 1216 2047 1267 in

482 1311 685 1394 sanctis
730 1328 1047 1400 requiescit,
1095 1331 1223 1392 puta
1261 1321 1316 1372 in
1351 1320 1507 1372 beata
1546 1315 1638 1368 Dei
1677 1311 1950 1366 chitrice
1994 1314 2048 1361 et

481 1427 696 1484 cunctis
725 1419 947 1478 sanctis.
981 1415 1042 1469 lli
1080 1427 1242 1484 porro
1273 1419 1419 1473 sunt,
1455 1408 1544 1474 qui
1574 1416 1791 1473 operam
1829 1413 2046 1453 omnem

483 1518 802 1589 posuerunt,
819 1522 925 1577 quo
949 1504 1040 1558 Dei
1059 1502 1262 1557 similes
1277 1498 1590 1558 evaderent,
1611 1493 1908 1560 idque,tum
1927 1502 2050 1556 pro—
2074 1543 2080 1550 ,

483 1581 615 1680 prim
643 1600 933 1659 voluntatis
953 1604 1175 1654 conatu,
1200 1602 1314 1645 tum
1347 1605 1440 1659 per
1477 1587 1568 1640 Dei
1600 1581 2048 1638 inhabitationem

481 1676 536 1752 et
563 1695 858 1750 auxilium:
883 1687 974 1757 qui
997 1685 1211 1755 quidem
1231 1683 1302 1736 dii
1323 1693 1540 1750 quoque
1557 1676 1811 1729 dicuntur
1828 1686 1933 1724 non
1952 1683 2048 1723 na-

483 1799 626 1852 tura,
647 1787 739 1839 sed
754 1778 1121 1836 institutione:
1142 1768 1593 1843 quemadmodum
1611 1761 2047 1832 ferrumignitum

485 1879 628 1949 ignis
667 1874 888 1934 dicitur,
924 1883 1030 1922 non
1065 1875 1280 1927 natura,
1317 1861 1408 1916 sed
1443 1856 1799 1917 institutione,
1832 1861 1885 1905 et
1914 1848 2056 1920 ignis

485 1946 919 2040 participatione.
940 1961 1028 2012 Ait
1047 1959 1222 2012 enim:
1247 1974 1263 2006 ι
1291 1954 1474 2007 Sancti
1494 1951 1668 2012 eritis,
1686 1946 1942 2016 quoniam
1959 1955 2059 2012 ego

485 2068 711 2115 sanctus
741 2069 862 2109 sum
888 2052 928 2104 ⁵.
964 2069 982 2102 ι
1022 2053 1135 2103 Hoc
1161 2048 1392 2116 primum
1417 2060 1445 2096 a
1472 2039 1769 2096 voluntatis
1796 2035 2059 2090 electione

486 2150 702 2220 pendet,
727 2155 840 2199 tum
866 2143 1013 2196 omni
1038 2140 1236 2197 volenti
1257 2139 1479 2196 bonum,
1506 2133 1644 2186 Deus
1676 2127 2056 2183 fertauxilium

486 2218 552 2294 ad
572 2242 771 2294 bonum
786 2233 1199 2306 perliciendum»
1218 2228 1452 2282 Deinde:
1475 2243 1493 2274 ι
1507 2221 1842 2285 lnhabitabo,
1860 2218 2057 2286 inquit,

490 2332 542 2382 in
560 2331 661 2390 eis,
688 2335 740 2381 et
767 2322 1112 2378 inambulabo
1135 2320 1175 2370 ⁷.
1206 2337 1222 2369 ›
1247 2316 1339 2368 Et:
1367 2334 1385 2366 ι
1411 2314 1688 2381 Templum
1726 2310 1817 2364 Dei
1846 2321 2055 2370 sumus,

486 2426 540 2470 et
564 2415 799 2484 Spiritus
830 2411 920 2464 Dei
946 2410 1152 2462 habitat
1177 2407 1230 2459 in
1264 2403 1488 2458 nobis“.
1517 2419 1536 2452 ›
1575 2402 1651 2454 Ad
1677 2405 1788 2453 haec
1819 2417 1871 2454 ει
1905 2397 2060 2451 Dedit

487 2512 570 2564 eis
597 2511 920 2576 potestatem
973 2503 1029 2555 in
1060 2500 1286 2568 spiritus
1338 2494 1670 2558 immundos,
1711 2501 1770 2546 ut
1799 2491 2060 2560 ejicerent

487 2617 606 2663 eos,
641 2605 694 2652 et
744 2601 1006 2649 curarent
1057 2605 1274 2644 omnem
1323 2588 1677 2656 languorem,
1729 2592 1782 2636 et
1843 2596 2058 2635 omnem

491 2692 862 2745 inﬁrmitatem
883 2688 924 2738 9.
967 2704 985 2737 ι
1023 2684 1123 2736 Ει;
1163 2701 1180 2732 ι
1213 2682 1562 2748 Quaecunque
1593 2676 1751 2739 facio,
1772 2689 1870 2729 vos
1893 2674 2059 2728 etiam

491 2783 726 2844 facietis,
753 2787 805 2832 et
837 2776 1042 2843 majora
1075 2774 1159 2827 his
1197 2772 1404 2825 facietis
1429 2771 1493 2821 ὀ.
1521 2787 1539 2820 ι
1567 2768 1791 2835 Insuper
1828 2785 1839 2817 :
1879 2782 1897 2815 ι
1925 2763 2060 2816 Vivo

489 2888 616 2942 ego,
651 2871 787 2925 dicit
810 2868 1108 2930 Dominus;
1140 2879 1234 2918 eos
1262 2863 1357 2932 qui
1388 2875 1472 2915 me
1498 2859 1820 2930 gloriﬁcant,
1856 2856 2061 2925 gloriﬁ-

490 2965 719 3020 cabo“.
758 2981 777 3013 υ
825 2960 890 3014 Ει
935 2973 950 3011 :
1001 2977 1018 3009 ι
1076 2957 1130 3010 Si
1189 2955 1407 3024 quidem
1448 2949 1847 3020 compatimur,
1896 2954 1954 3000 ut
2007 2953 2060 2999 et

490 3056 656 3126 360
693 3050 1166 3123 congloriﬁcemur
1195 3048 1256 3098 η.
1299 3063 1317 3096 υ
1359 3045 1596 3111 Itemque
1627 3059 1639 3094 :
1683 3058 1700 3091 ι
1738 3038 1880 3092 Deus
1909 3033 2062 3091 stetit

2155 532 2189 600 ἢ
2223 528 2410 590 δεδιὼς
2439 527 2540 589 τὰς
2579 524 2855 586 κολάσεις.
2889 523 2995 577 Καὶ
3026 523 3166 577 ἔστιν
3191 526 3219 576 ὁ
3247 526 3334 593 μὲν
3364 529 3557 596 πρῶτος,
3577 532 3618 595 ἐξ

2155 617 2579 689 εὐγνωμοσύνης
2622 615 2719 668 καὶ
2769 615 2934 667 πόθου
2986 613 3145 668 αὑτοῦ
3186 614 3331 677 Θεοῦ,
3369 618 3451 670 καὶ
3479 619 3618 689 υίῖκῆς

2153 708 2482 770 διαθέσεως·
2521 708 2560 758 ’ὁ
2593 703 2875 774 δεύτερος,
2921 701 3270 773 μισθωτικῆς·
3309 705 3334 756 ό
3364 705 3414 757 δὲ
3453 709 3619 775 τρίτος,

2153 801 2404 869 δουλικῆς
2438 809 2483 852 ι’.

2153 890 2327 944 Πόσα
2351 889 2423 942 τὰ
2448 884 2949 956 προσκυνούμενα
2969 882 3316 956 ἐὑρίσκομεν
3338 881 3398 934 ὲν
3421 881 3486 956 τῇ
3515 885 3624 950 Γρα·

2221 959 2330 1028 φῇ,
2389 952 2503 1010 καί
2548 955 2697 1009 κατὰ
2749 956 2980 1028 πόσους
3026 952 3268 1019 τρόπους
3316 952 3624 1018 προσάγομεν

2228 1024 2650 1097 προσκύνησιν
2677 1024 2988 1092 κτίσμασι.

2219 1123 2325 1190 λγ’.
2366 1119 2588 1189 Πρῶτον
2638 1116 2758 1186 μὲν,
2793 1113 2877 1182 ἐφ’
2905 1110 2986 1174 οἷς
3019 1111 3380 1164 ἀναπέπαυται
3408 1114 3431 1164 ὁ
3469 1111 3627 1176 ΘεδςΛ

2157 1215 2317 1286 μόνος
2364 1213 2537 1278 ἅγιος,
2594 1209 2690 1260 καὶ
2736 1209 2792 1258 ὲν
2820 1201 3455 1272 ”ἁγίοις⁶ἁναπαυόμενος,
3494 1203 3554 1266 ὡς
3581 1208 3627 1276 τῇ

2154 1308 2286 1377 ἁγίᾳ
2313 1304 2583 1371 Θεοτόκῳ,
2614 1299 2710 1353 καὶ
2755 1300 2889 1351 πᾶσι
2919 1299 3033 1360 τοῖς
3064 1297 3252 1365 ἁγίοις.
3281 1292 3426 1352 υῦτοι
3461 1297 3508 1350 δέ
3528 1299 3628 1350 εἰσιν

2152 1403 2202 1454 οἱ
2248 1397 2391 1452 κατὰ
2438 1395 2500 1447 τὸ
2547 1391 2772 1446 δυνατὸν
2821 1389 3176 1460 ὁμοιωθέντες
3216 1389 3344 1460 Θεῷ,
3384 1388 3440 1442 ἐκ
3473 1406 3522 1442 τε
3560 1389 3633 1457 τῆς

2154 1489 2364 1543 ἑαυτῶν
2394 1485 2794 1556 προαιρέσεως,
2843 1481 2942 1533 καὶ
2970 1481 3068 1550 τῆς
3096 1478 3224 1533 Θεοῦ
3252 1481 3538 1548 ἐνοικήσεως
3564 1481 3632 1533 καὶ

2157 1577 2474 1650 συνεργίας’
2530 1575 2725 1634 οἵτινες
2769 1572 2863 1624 καὶ
2923 1570 3036 1623 θεοὶ
3081 1571 3318 1638 λέγονται
3350 1559 3549 1638 ἀληθῶς,
3589 1569 3633 1620 οὗ

2155 1670 2336 1740 φύσει,
2371 1667 2509 1722 ἀλλὰ
2552 1664 2736 1718 θέσει·
2779 1663 2855 1724 ὼς
2901 1660 3013 1731 πῦρ
3042 1660 3306 1727 λέγεταιὸ
3345 1676 3636 1728 πεπυρακτωο

2086 1808 2126 1863 Β
2163 1765 2326 1834 μένος
2367 1759 2610 1829 σίδηρος,
2640 1757 2702 1808 οὐ
2751 1752 2936 1823 φύσει,
2979 1751 3117 1806 ἀλλὰ
3149 1752 3306 1816 θέσει,
3342 1752 3426 1804 καὶ
3473 1748 3636 1820 μεθέξει

2160 1854 2352 1924 πυρός.
2395 1851 2535 1920 Φησὶ
2567 1848 2696 1918 γὰρ,
2741 1866 2761 1898 ι
2800 1847 2985 1913 ’Ἅγιοι
3031 1843 3246 1907 ἔσεσθε,
3287 1844 3359 1896 ὅτι
3401 1841 3493 1909 ἐγὼ
3524 1843 3637 1910 ἅγιός

2159 1949 2296 2015 εἰμι.
2337 1964 2354 1994 ι
2412 1942 2583 1996 Τοῦτο
2621 1939 2857 2011 πρῶτον,
2897 1938 2934 2006 ἡ
2980 1936 3309 2006 προαίρεσις·
3369 1929 3489 1996 εἶτα,
3519 1934 3638 1984 παντὶ

2122 2034 2235 2104 ’τῷ
2292 2028 2715 2102 προαιρουμένῳ
2773 2026 2835 2078 τὸ
2894 2023 3132 2092 ἀγαθὸν,
3189 2025 3216 2076 ὁ
3268 2022 3386 2084 Θεὸς
3446 2024 3639 2091 συνεργεί

2158 2127 2240 2186 εἰς
2263 2122 2325 2174 τὸ
2361 2119 2597 2188 ἀγαθόν·
2633 2115 2776 2182 εἷτα,
2808 2135 2826 2167 ι
2862 2111 3166 2184 Ἐνοικήσω
3198 2116 3251 2166 ὲν
3282 2114 3441 2173 αὐτοῖς
3468 2113 3545 2164 καὶ
3569 2114 3639 2180 ip.-

2159 2213 2541 2284 περιπατήσω,
2572 2229 2589 2260 ι
2609 2210 2726 2272 καὶ,
2759 2226 2778 2257 ι
2805 2207 2949 2259 Ναοί
2984 2206 3147 2275 ἐσμεν
3164 2203 3309 2267 Θεοῦ,
3338 2203 3488 2257 καὶτὸ
3511 2202 3640 2256 Πνεῦ-

2137 2299 2238 2376 “μα
2270 2304 2361 2356 τοῦ
2390 2301 2528 2355 Θεοῦ
2555 2303 2697 2354 οἰκεῖ
2723 2303 2780 2352 ὲν
2809 2301 2970 2369 ἡμῖν.
3009 2318 3026 2350 ι
3060 2296 3209 2360 Εἶτα,
3238 2315 3255 2347 ι
3283 2297 3484 2348 Ἔδωκεν
3500 2295 3641 2355 αὐτοῖς

2159 2395 2410 2460 ἐξουσίαν
2441 2393 2584 2446 κατὰ
2613 2391 2948 2461 πνευμάτων
2977 2387 3315 2457 ἀκαθάρτων,
3344 2385 3465 2438 ὥστε
3488 2384 3629 2437 Maii-

2158 2488 2273 2540 λειν
2300 2485 2462 2546 αὐτὰ,
2501 2484 2596 2537 καὶ
2625 2480 2963 2551 θεραπεύειν
2994 2481 3173 2532 πᾶσαν
3208 2479 3366 2540 νόσον,
3391 2476 3468 2528 καὶ
3503 2477 3640 2527 πᾶσαν

2163 2577 2460 2647 μαλακίαν.
2489 2594 2507 2626 ι
2545 2574 2673 2637 Καὶ,
2704 2572 2875 2626 «Ὅσα
2918 2570 3090 2633 ποιῶ,
3133 2570 3224 2622 καὶ
3252 2569 3389 2638 ὑμεῖς
3425 2567 3639 2635 ποιήσετε,

2159 2672 2256 2724 καὶ
2301 2667 2527 2739 μείζονα
2569 2665 2774 2717 τούτων
2831 2664 3116 2733 ποιήσετε.
3161 2680 3178 2713 ι
3211 2657 3360 2723 Elea,
3389 2678 3405 2710 ι
3441 2659 3514 2712 Ζῶ
3546 2655 3641 2724 ἐγὼ,

2159 2764 2310 2831 λέγει
2329 2759 2569 2830 Κύριος,
2604 2755 2721 2809 ἀλλ’
2754 2755 2787 2823 ἢ
2817 2754 2953 2817 τοὺς
2981 2751 3291 2816 δοξάζοντάς
3334 2766 3393 2818 με
3419 2748 3642 2815 60ξὰσωί

2161 2856 2308 2919 καὶ,ι
2329 2851 2502 2921 Εἴπερ
2533 2845 3067 2918 συμπάσχομεν,ἵνα
3099 2846 3189 2898 καὶ
3217 2841 3641 2910 συνδοξασθῶμεν.»

2162 2946 2292 3007 Καὶ,
2329 2964 2346 2995 ι
2384 2943 2444 2994 '0
2486 2941 2620 3003 Θεὸς
2657 2939 2786 3009 ἔστη
2834 2938 2892 2989 ἐν
2951 2937 3236 3005 συναγωγῇ
3268 2933 3415 2986 θεῶν·
3443 2933 3491 2984 ὲν
3535 2930 3645 3001 μέσῳ

2161 3034 2216 3086 δὲ
2266 3032 2420 3098 θεοὺς
2469 3030 2756 3098 διακρινεῖ.
2805 3045 2824 3078 ι
2869 3027 3090 3096 Ὥσπερ
3141 3024 3309 3082 τοίνυν
3349 3019 3531 3090 ἀληθῶς
3570 3018 3646 3068 εἱσι

493 3107 869 3217 invsy'riagoga
901 3143 1126 3196 deorum
1163 3156 1176 3190 :
1217 3138 1269 3191 in
1301 3136 1477 3190 medio
1509 3107 1697 3187 autem
1738 3131 1870 3185 deos
1912 3127 2058 3196 diju-

2165 3127 2224 3179 οὺ
2258 3124 2435 3193 φύσει,
2473 3120 2588 3174 ἀλλ’
2632 3118 2708 3181 ὡς
2744 3117 2838 3170 τοῦ
2879 3117 3054 3185 φύσει
3086 3113 3216 3168 Θεοῦ
3267 3114 3477 3183 μέτοχοι,
3518 3107 3645 3168 οὕτως

493 3239 697 3294 dicabit
718 3238 780 3292 ¹³.
813 3256 831 3286 ι
871 3229 1334 3299 Quemadmodum
1360 3227 1526 3296 igitur
1559 3223 1611 3276 hi
1646 3221 1759 3275 veri
1791 3218 1869 3272 (lii
1908 3225 2057 3281 sunt,

495 3346 606 3386 non
645 3338 859 3389 natura,
889 3325 982 3379 sed
1015 3323 1142 3392 quia
1182 3320 1478 3390 participes
1514 3323 1641 3371 sunt
1671 3313 1811 3382 ejus,
1843 3313 1933 3380 qui
1962 3325 2060 3363 na-

498 3435 621 3477 tura
669 3418 811 3472 Deus
855 3428 960 3477 esu,
1020 3417 1099 3467 sic
1133 3425 1350 3480 quoque
1392 3409 1733 3460 adorantur:
1768 3419 1877 3456 non
1917 3401 2060 3470 quod

497 3517 691 3580 suapte
719 3517 911 3562 natura
950 3504 1064 3559 sint
1108 3497 1373 3554 adorandi
1411 3515 1423 3550 :
1467 3494 1560 3548 sed
1596 3493 1850 3561 quoniam
1887 3491 2060 3552 illiilli,

497 3577 719 3669 qui'pro
753 3601 945 3647 natura
988 3603 1087 3644 sua
1120 3585 1433 3640 adorandus
1475 3592 1578 3645 est,
1628 3582 1683 3634 in
1733 3578 1928 3648 seipsis
1975 3577 2066 3629 ha-

497 3692 647 3745 bent.
697 3685 923 3739 Ferrum
972 3681 1200 3751 ignitum
1257 3675 1561 3732 secundum
1602 3687 1758 3728 suam
1810 3677 2062 3724 naturam

496 3779 768 3851 ejusmodi
800 3790 907 3830 non
936 3782 1037 3833 est,
1079 3769 1317 3839 uttangi
1355 3773 1624 3836 nequeat;
1661 3762 1763 3818 sed
1787 3761 1914 3832 quia
1943 3775 2066 3830 par-

498 3871 670 3939 ticeps
702 3867 908 3921 factum
964 3871 1048 3918 est
1083 3863 1245 3931 ignis,
1286 3858 1444 3926 cujus
1475 3864 1671 3910 natura
1715 3862 1800 3909 est
1829 3860 1888 3906 ut
1918 3864 2068 3906 emn-

423 4014 439 4029 ,
497 3960 682 4016 burat.
712 3957 1022 4010 Adorantur
1052 3953 1256 4020 itaque,
1293 3957 1565 4019 quatenus
1611 3945 1840 4015 gloriam
1882 3957 1912 3996 a
1959 3942 2068 3996 Deo

498 4059 630 4108 sunt
654 4049 855 4119 adepti,
891 4057 946 4101 et
969 4045 1099 4114 quia
1128 4045 1196 4096 ab
1230 4042 1348 4112 ipso
1373 4048 1727 4108 acceperunt,
1770 4043 1828 4089 ut
1874 4034 2068 4088 adver-

499 4143 664 4202 sariis
692 4137 966 4194 terribiles
999 4141 1209 4196 essent,
1258 4140 1313 4186 et
1340 4146 1467 4200 erga
1498 4144 1614 4194 eos,
1655 4127 1751 4198 qui
1803 4125 1869 4182 ad
1922 4126 2068 4194 ipsos

498 4231 882 4300 confugerent,
915 4225 1144 4282 beneﬁci
1177 4239 1190 4278 :
1230 4224 1336 4278 imo
1361 4233 1622 4292 tauquam
1660 4220 1754 4276 Dei
1799 4217 1988 4272 famuli
2017 4224 2072 4270 et

500 4322 765 4383 ministri,
792 4319 994 4389 quique
1022 4327 1243 4386 propter
1273 4328 1427 4369 suam
1473 4311 1795 4365 charitatem
1837 4309 2070 4364 liberum

502 4413 645 4484 apud
705 4413 882 4480 ipsum
938 4423 1224 4464 accessum
1259 4405 1514 4460 habeant.
1552 4401 1918 4468 Quamobrem
1973 4414 2069 4454 eos

504 4507 821 4568 adoramus,
862 4502 989 4573 quia
1035 4515 1131 4554 rex
1184 4500 1300 4568 ipse
1355 4497 1580 4559 colitur,
1623 4508 1747 4547 cum
1806 4492 2068 4546 famulum

503 4613 688 4660 suum,
713 4608 874 4664 quem
909 4591 1109 4662 diligit,
1149 4604 1258 4644 non
1291 4589 1434 4656 regis
1459 4587 1654 4649 instar,
1681 4585 1774 4639 sed
1809 4591 2069 4652 tanquam

503 4689 892 4756 obsequentem
955 4681 1270 4737 ministrum
1346 4678 1777 4746 benevolumque
1834 4676 2067 4730 amicum

505 4779 681 4835 cernit
736 4773 974 4829 adorari.
1023 4771 1166 4838 Quin
1226 4774 1391 4825 etiam
1451 4769 1530 4822 illi
1570 4769 1663 4838 qui
1714 4765 1839 4821 cum
1873 4765 2071 4821 fiducia

507 4871 656 4940 ipsos
680 4867 904 4934 adeunt,
949 4872 1199 4919 votorum
1249 4870 1530 4933 compotes
1581 4863 1736 4926 ﬁunt,
1785 4862 1899 4915 sive
1950 4859 2004 4914 id
2038 4874 2070 4912 a

507 4977 632 5033 rege
660 4959 897 5013 famulus
939 4955 1165 5026 flagitet,
1207 4956 1322 5010 sive
1358 4969 1449 5008 rex
1488 4954 1753 5008 honorem
1802 4951 2071 5020 ﬁdemque

505 5055 653 5110 illius
687 5051 777 5122 qui
821 5051 887 5104 ab
939 5063 1039 5104 suo
1089 5047 1297 5100 famulo
1351 5045 1502 5114 petit,
1551 5044 1832 5110 admittat;
1869 5043 2072 5112 quippe

506 5161 631 5201 cum
669 5143 715 5197 is
749 5143 868 5212 ejus
894 5140 1114 5194 nomine
1146 5137 1521 5209 postulaverit.
1555 5137 1645 5191 Sic
1668 5151 1765 5205 per
1791 5135 2067 5204 apostolos

508 5237 581 5289 illi
640 5232 1017 5296 curabantur,
1072 5228 1166 5300 qui
1221 5229 1286 5282 ad
1335 5226 1520 5282 Jesum
1581 5225 1924 5281 accederent.
1979 5224 2069 5279 Sic

578 5383 792 5454 ξεῖνος.
814 5383 945 5436 Naz.
971 5380 1392 5454 Ao_rat.2_et_40.
1474 5379 1495 5410 ⁸
1523 5379 1848 5454 _L_evit._xr_)5.
1877 5377 1932 5432 2.

513 5449 554 5481 “’
586 5449 764 5508 Joan.‘
799 5469 906 5517 xiv,
963 5451 1052 5506 12.
1130 5452 1170 5484 ¹¹
1201 5449 1220 5502 l
1259 5450 1393 5520 Reg.
1427 5465 1488 5514 ιι,
1522 5449 1612 5515 ⁸50,

2037 5378 2056 5406 "
2093 5375 2268 5430 Levit.
2321 5392 2476 5442 χχιι,
2509 5375 2596 5429 12.

1693 5447 1733 5478 ¹¹
1783 5446 1942 5500 Ilum.
1981 5462 2100 5512 vm,
2162 5446 2249 5509 l7,
2325 5447 2366 5478 ¹³
2393 5445 2537 5501 Psal.
2575 5461 2728 5508 xvtn.
2757 5446 2809 5499 1.

2163 3219 2270 3271 εἰσ)⁵
2318 3212 2722 3285 προσκυνητοὶ,
2773 3211 2892 3280 οὐχὶ
2950 3211 3134 3281 φύσει,
3181 3207 3378 3269 ἀλλ’ὡς
3422 3206 3497 3259 τὸν
3531 3197 3646 3272 φύσει

2165 3307 2542 3379 προσκυνητδν
2569 3307 2628 3357 ὲν
2658 3305 2875 3366 ἑαυτοῖς
2908 3303 3150 3374 ἔχοντες.
3187 3299 3427 3366 Ὥσπερὸ
3462 3309 3646 3363 πεπυραο

2165 3405 2443 3473 κτωμένος
2498 3401 2718 3470 σίδηρος
2761 3399 2820 3450 οὐ
2865 3397 3036 3466 φύσει
3077 3398 3219 3451 ἐστὶν
3258 3395 3516 3464 ἀπρόσιτος
3547 3390 3644 3454 ἀφῇ.

2168 3496 2263 3548 καὶ
2299 3493 2616 3556 καυστικὸς,
2651 3490 2766 3542 ἀλλ’
2799 3488 2875 3551 ὡς
2914 3490 3166 3558 μετέχων
3193 3485 3282 3540 τοῦ
3321 3485 3458 3554 φύσει
3483 3493 3647 3532 καυστι-

2173 3586 2292 3639 κοῦ.
2318 3581 2755 3654 Προσκυνοῦνται
2781 3578 2894 3645 οῦν,
2937 3582 3015 3645 ὡς
3043 3579 3401 3648 δεδοξασμένοι
3428 3575 3514 3628 ὑπὸ
3534 3567 3647 3630 Θεοῦ.

2164 3677 2240 3740 ὡς
2269 3677 2372 3729 ὑπὸ
2397 3675 2530 3728 Θεοῦ
2554 3674 2834 3744 γενόμενοι
2861 3676 2985 3736 τοῖς
3012 3671 3344 3732 ὑπεναντίοις
3365 3665 3559 3736 φοῦεροὶ.
3581 3657 3650 3710 καὶ

2167 3768 2455 3838 εὐεργέται
2475 3768 2585 3828 τοῖς
2611 3768 2791 3818 πίστει
2823 3762 3170 3834 προσιοῦσιν,
3193 3761 3288 3830 οὐχ
3309 3759 3376 3820 ὡς
3401 3755 3531 3825 φύσει
3549 3748 3650 3807 θεοῖς

2169 3859 2264 3912 καὶ
2294 3857 2634 3928 εὐεργέταις,
2666 3855 2783 3908 ἀλλ’
2810 3854 2887 3916 ὼς
2932 3855 3236 3926 θεράπουσι
3281 3850 3367 3902 καὶ
3394 3839 3651 3911 λειτουργοῖς

2168 3947 2328 4012 Θεοῦ,
2365 3950 2462 4001 καὶ
2506 3947 2604 4016 τὴν
2649 3945 2708 4009 ἐξ
2739 3945 2970 4012 ἀγάπης
3016 3944 3154 4013 πρὸς
3186 3939 3341 3994 αὐτὸν
3369 3931 3651 4004 εὐμοιρήπσι

2171 4042 2508 4113 παρρησίαν.
2543 4037 2973 4108 Προσκυνοῦμεν
3006 4033 3102 4090 οὖν
3131 4035 3327 4093 αὐτοῖς,
3355 4025 3514 4093 ἐπειδὴ
3536 4020 3653 4087 θερα·

2172 4133 2400 4204 πεύεται
2455 4134 2484 4184 ὁ
2533 4130 2787 4199 βασιλεὺς
2843 4127 3076 4199 θεωρῶν
3129 4119 3554 4195 προσκυνούμενον
3589 4108 3656 4160 τὸν

2173 4196 2545 4294 ἠγαπημένον*
2571 4221 2720 4290 αὐτῷ
2758 4196 3095 4288 θεράποντα,
3121 4220 3217 4286 οὐχ
3243 4216 3314 4278 ὡς
3345 4208 3550 4282 βασιλέα,
3575 4196 3658 4254 ἀλλ’

2171 4317 2248 4380 ὡς
2303 4314 2623 4384 λειτουργὸν
2671 4313 2938 4381 ὑπήκοον,
2987 4310 3086 4362 καὶ
3138 4305 3367 4362 εὐνοϊκὸν
3412 4299 3563 4370 φίλον·
3591 4288 3660 4344 καὶ

2173 4407 2514 4479 λαμϐάνουσι
2543 4406 2642 4467 τὰς
2672 4403 2919 4473 αἰτήσεις
2954 4405 3007 4454 οἱ
3045 4400 3349 4471 προσιόντες
3388 4393 3554 4450 πίστει,
3581 4383 3659 4435 εἴτε

2099 4468 2148 4528 D
2173 4503 2266 4557 τοῦ
2300 4501 2582 4563 αἰτοῦντος
2627 4498 2787 4552 τοῦτο
2835 4497 2992 4568 παρὰ
3022 4495 3119 4549 τοῦ
3157 4492 3424 4565 βασιλέως,
3462 4485 3553 4538 εἶτε
3589 4473 3658 4529 τοῦ

2178 4593 2448 4665 βασιλέως
2489 4588 2892 4660 ἀποδεχομένου
2943 4589 3048 4658 τὴν
3082 4587 3244 4656 τιμὴν
3277 4584 3363 4637 καὶ
3404 4579 3490 4648 τὴν
3519 4572 3661 4665 πίστιν

2175 4683 2269 4737 τοῦ
2302 4680 2593 4752 ζητοῦντος
2623 4678 2778 4745 παρὰ
2821 4677 2916 4730 τοῦ
2947 4677 3279 4748 θεράποντος
3318 4665 3463 4722 αὐτοῦ
3482 4658 3566 4712 ’δι’
3589 4653 3660 4707 αὺ-

2176 4772 2267 4825 τὸν
2296 4781 2317 4807 ⁵
2350 4771 2456 4842 γὰρ
2480 4770 2705 4841 ᾔτησεν.
2746 4766 2902 4820 Οὕτω
2927 4765 3016 4821 διὰ
3037 4768 3146 4820 τῶν
3180 4760 3468 4818 ἀποστόλων
3484 4755 3523 4805 οἱ
3542 4757 3661 4842 προσς

2179 4830 2679 4931 ιόντεξὲτύγχανον
2709 4862 2818 4914 τῶν
2874 4861 3097 4914 ίάσεων.
3150 4852 3387 4918 Οὕτωςὴ
3432 4830 3662 4931 exim-ﬁl

2177 4953 2246 5007 τὰ
2278 4952 2555 5022 σουδάρια,
2589 4951 2684 5002 καὶ
2714 4951 2783 5004 τὰ
2806 4950 3111 5020 σιμικίνθια
3135 4947 3237 5001 τῶν
3268 4935 3546 4999 ἀποστόλων
3565 4920 3662 4989 Mill"

2177 5046 2347 5114 γαζον
2380 5019 2457 5096 τὰᾑ
2500 5044 2728 5113 ἰάματα.
2771 5019 2925 5096 Ὅσοι
2968 5041 3026 5094 δὲ
3079 5032 3400 5106 ἀνταρτικῶς
3445 5019 3660 5114 fil?”

2181 5133 2452 5195 στατικῶς
2485 5131 2701 5185 θέλουσι
2725 5129 3152 5200 προσκυνεῖσθαι
3179 5127 3252 5188 ὡς
3284 5123 3406 5184 θεοὶ,
3425 5108 3660 5169 οῦτοίεξσιν

2179 5223 2606 5295 ἀπροσκύνητοι,
2632 5225 2726 5276 καὶ
2749 5198 2842 5275 τοῦ
2871 5221 3091 5276 αἰωνίου
3122 5219 3285 5288 πυρὸς
3311 5213 3454 5274 ἄξιοι.
3472 5201 3560 5258 Καὶ
3577 5198 3658 5248 ὅσοι

2696 5375 2718 5406 ⁸
2745 5374 2788 5429 ll
2830 5374 2957 5429 Cor.
2999 5389 3073 5438 vr,
3125 5370 3208 5426 16.
3289 5371 3310 5400 ⁹
3343 5361 3512 5418 Matth.
3553 5368 3594 5414 ι.
3621 5344 3657 5397 ί·

1783 5605 2012 5660 VABIAE
2057 5603 2452 5658 LECTIONES.

592 5722 617 5753 ³
656 5714 787 5774 I83.
829 5719 860 5770 ὁ
894 5718 1036 5770 κατὰ
1073 5717 1342 5771 ἀντίδοσιν
1391 5716 1740 5786 μισθωτικός.
1779 5722 1807 5772 ὁ
1835 5719 1890 5772 δὲ
1919 5721 2102 5790 τρίτος
2131 5719 2397 5782 δουλικός.
2473 5729 2495 5755 ⁸
2531 5716 2663 5772 Mss.
2684 5713 2752 5768 δι’
2779 5710 2969 5768 αὐτοῦ.
