  <div class='ocr_page' id='page_1' title='image "/cluster/home/n/w/nwhite01/storage/ocr_20150623/94/hvd.32044073502098/682.png"; bbox 0 0 3928 6196; ppageno 0'>
   <div class='ocr_carea' id='block_1_1' title="bbox 176 326 304 391">
    <p class='ocr_par' dir='ltr' id='par_1_1' title="bbox 176 326 304 391">
     <span class='ocr_line' id='line_1_1' title="bbox 176 326 304 391; baseline -0.016 0"><span class='ocrx_word' id='word_1_1' title='bbox 176 326 304 391; x_wconf 77' lang='lat'><strong>1353</strong></span> 
     </span>
    </p>
   </div>
   <div class='ocr_carea' id='block_1_2' title="bbox 1265 307 2346 376">
    <p class='ocr_par' dir='ltr' id='par_1_2' title="bbox 1265 307 2346 376">
     <span class='ocr_line' id='line_1_2' title="bbox 1265 307 2346 376; baseline -0.01 0"><span class='ocrx_word' id='word_1_2' title='bbox 1265 314 1363 376; x_wconf 89' lang='lat' dir='ltr'><strong>DE</strong></span> <span class='ocrx_word' id='word_1_3' title='bbox 1404 310 1863 374; x_wconf 78' lang='lat' dir='ltr'><strong>IMAGINIBUS</strong></span> <span class='ocrx_word' id='word_1_4' title='bbox 1903 307 2185 369; x_wconf 74' lang='lat' dir='ltr'><strong>ORATIO</strong></span> <span class='ocrx_word' id='word_1_5' title='bbox 2234 307 2346 367; x_wconf 79' lang='grc' dir='ltr'><strong>ΠΙ.</strong></span> 
     </span>
    </p>
   </div>
   <div class='ocr_carea' id='block_1_3' title="bbox 3291 298 3431 367">
    <p class='ocr_par' dir='ltr' id='par_1_3' title="bbox 3291 298 3431 367">
     <span class='ocr_line' id='line_1_3' title="bbox 3291 298 3431 367; baseline 0.014 -2"><span class='ocrx_word' id='word_1_6' title='bbox 3291 298 3431 367; x_wconf 67' lang='grc'><strong>1354</strong></span> 
     </span>
    </p>
   </div>
   <div class='ocr_carea' id='block_1_4' title="bbox 176 421 1767 516">
    <p class='ocr_par' dir='ltr' id='par_1_4' title="bbox 176 433 1746 516">
     <span class='ocr_line' id='line_1_4' title="bbox 176 433 1746 516; baseline -0.013 -13"><span class='ocrx_word' id='word_1_7' title='bbox 176 440 677 516; x_wconf 81' lang='grc' dir='ltr'>καταφρονητικῶς,</span> <span class='ocrx_word' id='word_1_8' title='bbox 712 436 1052 510; x_wconf 75' lang='grc' dir='ltr'>ὑπερηφάνῳ</span> <span class='ocrx_word' id='word_1_9' title='bbox 1105 436 1414 505; x_wconf 74' lang='grc' dir='ltr'><strong>φρονήματι</strong></span> <span class='ocrx_word' id='word_1_10' title='bbox 1465 433 1539 502; x_wconf 82' lang='grc' dir='ltr'>μὴ</span> <span class='ocrx_word' id='word_1_11' title='bbox 1575 447 1746 501; x_wconf 79' lang='grc' dir='ltr'>προσ-</span> 
     </span>
    </p>
   </div>
   <div class='ocr_carea' id='block_1_5' title="bbox 1877 421 3433 516">
    <p class='ocr_par' dir='ltr' id='par_1_5' title="bbox 1877 421 3433 498">
     <span class='ocr_line' id='line_1_5' title="bbox 1877 421 3433 498; baseline -0.004 -17"><span class='ocrx_word' id='word_1_12' title='bbox 1877 428 2231 498; x_wconf 70' lang='grc' dir='ltr'>ιροειοιονιιιιι</span> <span class='ocrx_word' id='word_1_13' title='bbox 2270 424 2486 486; x_wconf 85' lang='lat' dir='ltr'><strong>umbra,</strong></span> <span class='ocrx_word' id='word_1_14' title='bbox 2531 421 2778 487; x_wconf 83' lang='lat' dir='ltr'><strong>sudaria,</strong></span> <span class='ocrx_word' id='word_1_15' title='bbox 2810 432 2863 476; x_wconf 91' lang='lat' dir='ltr'><strong>et</strong></span> <span class='ocrx_word' id='word_1_16' title='bbox 2901 422 3245 479; x_wconf 89' lang='lat' dir='ltr'><strong>semicinctia</strong></span> <span class='ocrx_word' id='word_1_17' title='bbox 3270 438 3433 477; x_wconf 82' lang='lat' dir='ltr'><strong>sana—</strong></span> 
     </span>
    </p>
   </div>
   <div class='ocr_carea' id='block_1_6' title="bbox 172 524 1747 600">
    <p class='ocr_par' dir='ltr' id='par_1_6' title="bbox 172 524 1747 600">
     <span class='ocr_line' id='line_1_6' title="bbox 172 524 1747 600; baseline -0.013 -6"><span class='ocrx_word' id='word_1_18' title='bbox 172 534 389 595; x_wconf 81' lang='grc' dir='ltr'>κυνοῦσι</span> <span class='ocrx_word' id='word_1_19' title='bbox 443 538 562 598; x_wconf 86' lang='grc' dir='ltr'>τοῖς</span> <span class='ocrx_word' id='word_1_20' title='bbox 607 533 743 587; x_wconf 86' lang='grc' dir='ltr'>Θεοῦ</span> <span class='ocrx_word' id='word_1_21' title='bbox 799 532 1157 600; x_wconf 84' lang='grc' dir='ltr'>θεράπουσιν,</span> <span class='ocrx_word' id='word_1_22' title='bbox 1205 527 1281 589; x_wconf 81' lang='grc' dir='ltr'>ὡς</span> <span class='ocrx_word' id='word_1_23' title='bbox 1330 525 1595 590; x_wconf 78' lang='grc' dir='ltr'><strong>ἀλαζόνες</strong></span> <span class='ocrx_word' id='word_1_24' title='bbox 1653 524 1747 574; x_wconf 70' lang='grc' dir='ltr'><strong>καὶ</strong></span> 
     </span>
    </p>
   </div>
   <div class='ocr_carea' id='block_1_7' title="bbox 175 618 1748 702">
    <p class='ocr_par' dir='ltr' id='par_1_7' title="bbox 175 618 1748 702">
     <span class='ocr_line' id='line_1_7' title="bbox 175 618 1748 702; baseline -0.011 -15"><span class='ocrx_word' id='word_1_25' title='bbox 175 630 531 702; x_wconf 82' lang='grc' dir='ltr'><strong>ὑπερήφανοι,</strong></span> <span class='ocrx_word' id='word_1_26' title='bbox 554 626 629 689; x_wconf 82' lang='grc' dir='ltr'>ὡς</span> <span class='ocrx_word' id='word_1_27' title='bbox 645 628 726 688; x_wconf 79' lang='grc' dir='ltr'><strong>είς</strong></span> <span class='ocrx_word' id='word_1_28' title='bbox 760 624 894 677; x_wconf 87' lang='grc' dir='ltr'>Θεὸν</span> <span class='ocrx_word' id='word_1_29' title='bbox 919 621 1247 681; x_wconf 70' lang='grc' dir='ltr'>ἀσεϐοῦντες</span> <span class='ocrx_word' id='word_1_30' title='bbox 1268 618 1748 682; x_wconf 77' lang='grc' dir='ltr'>καταδικάζονται.</span> 
     </span>
    </p>
   </div>
   <div class='ocr_carea' id='block_1_8' title="bbox 175 711 1751 792">
    <p class='ocr_par' dir='ltr' id='par_1_8' title="bbox 175 711 1751 792">
     <span class='ocr_line' id='line_1_8' title="bbox 175 711 1751 792; baseline -0.011 -15"><span class='ocrx_word' id='word_1_31' title='bbox 175 724 280 777; x_wconf 69' lang='grc' dir='ltr'><strong>Καὶ</strong></span> <span class='ocrx_word' id='word_1_32' title='bbox 296 717 667 792; x_wconf 84' lang='grc' dir='ltr'>μαρτυροῦσιν</span> <span class='ocrx_word' id='word_1_33' title='bbox 684 717 736 768; x_wconf 83' lang='grc' dir='ltr'><strong>οἱ</strong></span> <span class='ocrx_word' id='word_1_34' title='bbox 754 715 942 778; x_wconf 86' lang='grc' dir='ltr'>παῖδες</span> <span class='ocrx_word' id='word_1_35' title='bbox 965 715 1015 767; x_wconf 88' lang='grc' dir='ltr'>οἱ</span> <span class='ocrx_word' id='word_1_36' title='bbox 1029 711 1337 766; x_wconf 78' lang='grc' dir='ltr'><strong>Ἐλισσαίου</strong></span> <span class='ocrx_word' id='word_1_37' title='bbox 1356 724 1751 778; x_wconf 85' lang='grc' dir='ltr'>καταφρονητι-</span> 
     </span>
    </p>
   </div>
   <div class='ocr_carea' id='block_1_9' title="bbox 174 801 1751 882">
    <p class='ocr_par' dir='ltr' id='par_1_9' title="bbox 174 801 1751 882">
     <span class='ocr_line' id='line_1_9' title="bbox 174 801 1751 882; baseline -0.012 -13"><span class='ocrx_word' id='word_1_38' title='bbox 174 817 284 878; x_wconf 85' lang='grc' dir='ltr'><strong>κῶς</strong></span> <span class='ocrx_word' id='word_1_39' title='bbox 307 812 773 882; x_wconf 84' lang='grc' dir='ltr'>καταϐοήσαντες,</span> <span class='ocrx_word' id='word_1_40' title='bbox 792 809 885 862; x_wconf 76' lang='grc' dir='ltr'><strong>καὶ</strong></span> <span class='ocrx_word' id='word_1_41' title='bbox 905 807 1040 879; x_wconf 76' lang='grc' dir='ltr'>βορὰ</span> <span class='ocrx_word' id='word_1_42' title='bbox 1057 808 1169 869; x_wconf 88' lang='grc' dir='ltr'>τοῖς</span> <span class='ocrx_word' id='word_1_43' title='bbox 1200 806 1426 875; x_wconf 77' lang='grc' dir='ltr'><strong>ἄρκτοις</strong></span> <span class='ocrx_word' id='word_1_44' title='bbox 1448 801 1751 871; x_wconf 87' lang='grc' dir='ltr'>γενόμενοι.</span> 
     </span>
    </p>
   </div>
   <div class='ocr_carea' id='block_1_10' title="bbox 1856 514 3433 589">
    <p class='ocr_par' dir='ltr' id='par_1_10' title="bbox 1856 514 3433 589">
     <span class='ocr_line' id='line_1_10' title="bbox 1856 514 3433 589; baseline -0.005 -15"><span class='ocrx_word' id='word_1_45' title='bbox 1856 522 2035 574; x_wconf 82' lang='lat' dir='ltr'><strong>tiones</strong></span> <span class='ocrx_word' id='word_1_46' title='bbox 2060 518 2466 589; x_wconf 72' lang='lat' dir='ltr'><strong>profundeliant</strong></span> <span class='ocrx_word' id='word_1_47' title='bbox 2492 517 2553 570; x_wconf 63' lang='grc' dir='ltr'><strong>υ.</strong></span> <span class='ocrx_word' id='word_1_48' title='bbox 2593 514 2628 570; x_wconf 86' lang='lat' dir='ltr'><strong>li</strong></span> <span class='ocrx_word' id='word_1_49' title='bbox 2667 528 2798 569; x_wconf 91' lang='lat' dir='ltr'><strong>vero</strong></span> <span class='ocrx_word' id='word_1_50' title='bbox 2830 515 2924 583; x_wconf 87' lang='lat' dir='ltr'><strong>qui</strong></span> <span class='ocrx_word' id='word_1_51' title='bbox 2963 515 3228 570; x_wconf 88' lang='lat' dir='ltr'><strong>seditioso</strong></span> <span class='ocrx_word' id='word_1_52' title='bbox 3253 514 3433 571; x_wconf 86' lang='lat' dir='ltr'><strong>rebel-</strong></span> 
     </span>
    </p>
   </div>
   <div class='ocr_carea' id='block_1_11' title="bbox 1858 606 3435 681">
    <p class='ocr_par' dir='ltr' id='par_1_11' title="bbox 1858 606 3435 681">
     <span class='ocr_line' id='line_1_11' title="bbox 1858 606 3435 681; baseline -0.005 -15"><span class='ocrx_word' id='word_1_53' title='bbox 1858 613 2007 681; x_wconf 88' lang='lat' dir='ltr'><strong>lique</strong></span> <span class='ocrx_word' id='word_1_54' title='bbox 2030 612 2215 665; x_wconf 90' lang='lat' dir='ltr'><strong>animo</strong></span> <span class='ocrx_word' id='word_1_55' title='bbox 2234 608 2453 664; x_wconf 84' lang='lat' dir='ltr'><strong>adorari</strong></span> <span class='ocrx_word' id='word_1_56' title='bbox 2485 610 2677 662; x_wconf 90' lang='lat' dir='ltr'><strong>volunt</strong></span> <span class='ocrx_word' id='word_1_57' title='bbox 2706 615 2965 677; x_wconf 88' lang='lat' dir='ltr'><strong>tanquam</strong></span> <span class='ocrx_word' id='word_1_58' title='bbox 2990 606 3089 673; x_wconf 88' lang='lat' dir='ltr'><strong>dii,</strong></span> <span class='ocrx_word' id='word_1_59' title='bbox 3117 622 3225 661; x_wconf 91' lang='lat' dir='ltr'><strong>non</strong></span> <span class='ocrx_word' id='word_1_60' title='bbox 3255 607 3435 662; x_wconf 88' lang='lat' dir='ltr'><strong>solum</strong></span> 
     </span>
    </p>
   </div>
   <div class='ocr_carea' id='block_1_12' title="bbox 1859 697 3437 769">
    <p class='ocr_par' dir='ltr' id='par_1_12' title="bbox 1859 697 3437 769">
     <span class='ocr_line' id='line_1_12' title="bbox 1859 697 3437 769; baseline -0.004 -11"><span class='ocrx_word' id='word_1_61' title='bbox 1859 703 2131 758; x_wconf 89' lang='lat' dir='ltr'><strong>adorandi</strong></span> <span class='ocrx_word' id='word_1_62' title='bbox 2187 717 2295 756; x_wconf 94' lang='lat' dir='ltr'><strong>non</strong></span> <span class='ocrx_word' id='word_1_63' title='bbox 2345 708 2494 765; x_wconf 90' lang='lat' dir='ltr'><strong>sunt,</strong></span> <span class='ocrx_word' id='word_1_64' title='bbox 2556 714 2745 754; x_wconf 86' lang='lat' dir='ltr'><strong>verum</strong></span> <span class='ocrx_word' id='word_1_65' title='bbox 2806 699 2971 754; x_wconf 89' lang='lat' dir='ltr'><strong>etiam</strong></span> <span class='ocrx_word' id='word_1_66' title='bbox 3034 697 3437 769; x_wconf 89' lang='lat' dir='ltr'><strong>sempiternum</strong></span> 
     </span>
    </p>
   </div>
   <div class='ocr_carea' id='block_1_13' title="bbox 1860 793 3440 868">
    <p class='ocr_par' dir='ltr' id='par_1_13' title="bbox 1860 793 3440 868">
     <span class='ocr_line' id='line_1_13' title="bbox 1860 793 3440 868; baseline -0.002 -16"><span class='ocrx_word' id='word_1_67' title='bbox 1860 797 2041 868; x_wconf 82' lang='lat' dir='ltr'><strong>ignem</strong></span> <span class='ocrx_word' id='word_1_68' title='bbox 2068 805 2369 852; x_wconf 89' lang='lat' dir='ltr'><strong>merentur.</strong></span> <span class='ocrx_word' id='word_1_69' title='bbox 2408 795 2487 849; x_wconf 91' lang='lat' dir='ltr'><strong>Illi</strong></span> <span class='ocrx_word' id='word_1_70' title='bbox 2522 804 2703 851; x_wconf 88' lang='lat' dir='ltr'><strong>autem</strong></span> <span class='ocrx_word' id='word_1_71' title='bbox 2736 794 2829 864; x_wconf 85' lang='lat' dir='ltr'><strong>qui</strong></span> <span class='ocrx_word' id='word_1_72' title='bbox 2870 794 3167 850; x_wconf 68' lang='lat' dir='ltr'><strong>‘l&#39;astidioso</strong></span> <span class='ocrx_word' id='word_1_73' title='bbox 3188 793 3440 863; x_wconf 88' lang='lat' dir='ltr'><strong>elatoque</strong></span> 
     </span>
    </p>
   </div>
   <div class='ocr_carea' id='block_1_14' title="bbox 175 884 3441 965">
    <p class='ocr_par' dir='ltr' id='par_1_14' title="bbox 175 884 3441 965">
     <span class='ocr_line' id='line_1_14' title="bbox 175 884 3441 965; baseline -0.008 -2"><span class='ocrx_word' id='word_1_74' title='bbox 175 909 357 963; x_wconf 89' lang='lat' dir='ltr'><strong>animo</strong></span> <span class='ocrx_word' id='word_1_75' title='bbox 392 904 485 961; x_wconf 88' lang='lat' dir='ltr'><strong>Dei</strong></span> <span class='ocrx_word' id='word_1_76' title='bbox 528 902 764 957; x_wconf 80' lang='lat' dir='ltr'><strong>famulos</strong></span> <span class='ocrx_word' id='word_1_77' title='bbox 823 917 932 955; x_wconf 85' lang='lat' dir='ltr'><strong>nun</strong></span> <span class='ocrx_word' id='word_1_78' title='bbox 985 900 1235 963; x_wconf 88' lang='lat' dir='ltr'><strong>adorant,</strong></span> <span class='ocrx_word' id='word_1_79' title='bbox 1281 903 1542 965; x_wconf 89' lang='lat' dir='ltr'><strong>tauquam</strong></span> <span class='ocrx_word' id='word_1_80' title='bbox 1590 900 1914 960; x_wconf 79' lang='lat' dir='ltr'><strong>arrogantes</strong></span> <span class='ocrx_word' id='word_1_81' title='bbox 1948 899 2001 946; x_wconf 92' lang='lat' dir='ltr'><strong>et</strong></span> <span class='ocrx_word' id='word_1_82' title='bbox 2033 888 2277 959; x_wconf 81' lang='lat' dir='ltr'><strong>superbi,</strong></span> <span class='ocrx_word' id='word_1_83' title='bbox 2336 902 2548 941; x_wconf 83' lang='lat' dir='ltr'><strong>necnon</strong></span> <span class='ocrx_word' id='word_1_84' title='bbox 2609 902 2737 959; x_wconf 78' lang='lat' dir='ltr'><strong>erga</strong></span> <span class='ocrx_word' id='word_1_85' title='bbox 2795 886 2966 941; x_wconf 88' lang='lat' dir='ltr'><strong>Deum</strong></span> <span class='ocrx_word' id='word_1_86' title='bbox 3036 885 3214 955; x_wconf 91' lang='lat' dir='ltr'><strong>ipsum</strong></span> <span class='ocrx_word' id='word_1_87' title='bbox 3289 884 3441 955; x_wconf 83' lang='lat' dir='ltr'><strong>impii</strong></span> 
     </span>
    </p>
   </div>
   <div class='ocr_carea' id='block_1_15' title="bbox 174 980 3443 1063">
    <p class='ocr_par' dir='ltr' id='par_1_15' title="bbox 174 980 3443 1063">
     <span class='ocr_line' id='line_1_15' title="bbox 174 980 3443 1063; baseline -0.006 -9"><span class='ocrx_word' id='word_1_88' title='bbox 174 998 631 1054; x_wconf 90' lang='lat' dir='ltr'><strong>condemnantur.</strong></span> <span class='ocrx_word' id='word_1_89' title='bbox 683 992 880 1049; x_wconf 87' lang='lat' dir='ltr'><strong>Testes</strong></span> <span class='ocrx_word' id='word_1_90' title='bbox 934 992 1149 1063; x_wconf 89' lang='lat' dir='ltr'><strong>appello</strong></span> <span class='ocrx_word' id='word_1_91' title='bbox 1201 1002 1401 1061; x_wconf 81' lang='lat' dir='ltr'><strong>puerOs</strong></span> <span class='ocrx_word' id='word_1_92' title='bbox 1462 987 1609 1053; x_wconf 90' lang='lat' dir='ltr'><strong>illos,</strong></span> <span class='ocrx_word' id='word_1_93' title='bbox 1652 986 1745 1055; x_wconf 88' lang='lat' dir='ltr'><strong>qui</strong></span> <span class='ocrx_word' id='word_1_94' title='bbox 1788 983 2052 1040; x_wconf 87' lang='lat' dir='ltr'><strong>adversus</strong></span> <span class='ocrx_word' id='word_1_95' title='bbox 2093 983 2344 1038; x_wconf 68' lang='lat' dir='ltr'><strong>Eliszeum</strong></span> <span class='ocrx_word' id='word_1_96' title='bbox 2381 997 2476 1050; x_wconf 90' lang='lat' dir='ltr'><strong>per</strong></span> <span class='ocrx_word' id='word_1_97' title='bbox 2554 990 2929 1051; x_wconf 74' lang='lat' dir='ltr'><strong>contemptum</strong></span> <span class='ocrx_word' id='word_1_98' title='bbox 2987 981 3306 1045; x_wconf 88' lang='lat' dir='ltr'><strong>clamantes,</strong></span> <span class='ocrx_word' id='word_1_99' title='bbox 3374 980 3443 1034; x_wconf 88' lang='lat' dir='ltr'><strong>ab</strong></span> 
     </span>
    </p>
   </div>
   <div class='ocr_carea' id='block_1_16' title="bbox 176 1090 877 1161">
    <p class='ocr_par' dir='ltr' id='par_1_16' title="bbox 176 1090 877 1161">
     <span class='ocr_line' id='line_1_16' title="bbox 176 1090 877 1161; baseline -0.007 -12"><span class='ocrx_word' id='word_1_100' title='bbox 176 1096 323 1149; x_wconf 86' lang='lat' dir='ltr'><strong>ursis</strong></span> <span class='ocrx_word' id='word_1_101' title='bbox 350 1091 614 1161; x_wconf 85' lang='lat' dir='ltr'><strong>discerpti</strong></span> <span class='ocrx_word' id='word_1_102' title='bbox 649 1098 781 1146; x_wconf 89' lang='lat' dir='ltr'><strong>sunt</strong></span> <span class='ocrx_word' id='word_1_103' title='bbox 811 1090 877 1144; x_wconf 77' lang='lat'><strong>”.</strong></span> 
     </span>
    </p>
   </div>
   <div class='ocr_carea' id='block_1_17' title="bbox 244 1172 1755 1251">
    <p class='ocr_par' dir='ltr' id='par_1_17' title="bbox 244 1172 1755 1251">
     <span class='ocr_line' id='line_1_17' title="bbox 244 1172 1755 1251; baseline -0.007 -15"><span class='ocrx_word' id='word_1_104' title='bbox 244 1184 337 1237; x_wconf 84' lang='grc' dir='ltr'>λδ⁴.</span> <span class='ocrx_word' id='word_1_105' title='bbox 372 1181 637 1251; x_wconf 82' lang='grc' dir='ltr'>Δεύτερος</span> <span class='ocrx_word' id='word_1_106' title='bbox 663 1180 889 1251; x_wconf 82' lang='grc' dir='ltr'><strong>τρόπος,</strong></span> <span class='ocrx_word' id='word_1_107' title='bbox 927 1178 1051 1233; x_wconf 73' lang='grc' dir='ltr'>καθ’</span> <span class='ocrx_word' id='word_1_108' title='bbox 1079 1177 1137 1231; x_wconf 84' lang='grc' dir='ltr'>ὃν</span> <span class='ocrx_word' id='word_1_109' title='bbox 1169 1174 1591 1249; x_wconf 77' lang='grc' dir='ltr'>προσκυνοῦμεν</span> <span class='ocrx_word' id='word_1_110' title='bbox 1638 1172 1755 1226; x_wconf 86' lang='grc' dir='ltr'>κτί-</span> 
     </span>
    </p>
   </div>
   <div class='ocr_carea' id='block_1_18' title="bbox 176 1265 1757 1346">
    <p class='ocr_par' dir='ltr' id='par_1_18' title="bbox 176 1265 1757 1346">
     <span class='ocr_line' id='line_1_18' title="bbox 176 1265 1757 1346; baseline -0.007 -18"><span class='ocrx_word' id='word_1_111' title='bbox 176 1293 382 1346; x_wconf 85' lang='grc' dir='ltr'>σματα-,</span> <span class='ocrx_word' id='word_1_112' title='bbox 411 1274 481 1327; x_wconf 78' lang='grc' dir='ltr'>δι’</span> <span class='ocrx_word' id='word_1_113' title='bbox 507 1267 582 1327; x_wconf 84' lang='grc' dir='ltr'>ὧν</span> <span class='ocrx_word' id='word_1_114' title='bbox 617 1273 712 1326; x_wconf 81' lang='grc' dir='ltr'><strong>καὶ</strong></span> <span class='ocrx_word' id='word_1_115' title='bbox 742 1273 801 1325; x_wconf 79' lang='grc' dir='ltr'><strong>ἐν</strong></span> <span class='ocrx_word' id='word_1_116' title='bbox 839 1267 922 1333; x_wconf 78' lang='grc' dir='ltr'>οἷς</span> <span class='ocrx_word' id='word_1_117' title='bbox 956 1270 1263 1341; x_wconf 77' lang='grc' dir='ltr'>ἐνήργησεν</span> <span class='ocrx_word' id='word_1_118' title='bbox 1297 1268 1326 1321; x_wconf 89' lang='grc' dir='ltr'><strong>ό</strong></span> <span class='ocrx_word' id='word_1_119' title='bbox 1354 1266 1489 1331; x_wconf 87' lang='grc' dir='ltr'>Θεὸς</span> <span class='ocrx_word' id='word_1_120' title='bbox 1519 1265 1621 1336; x_wconf 87' lang='grc' dir='ltr'>τὴν</span> <span class='ocrx_word' id='word_1_121' title='bbox 1650 1281 1757 1317; x_wconf 82' lang='grc' dir='ltr'>σω-</span> 
     </span>
    </p>
   </div>
   <div class='ocr_carea' id='block_1_19' title="bbox 174 1357 1757 1439">
    <p class='ocr_par' dir='ltr' id='par_1_19' title="bbox 174 1357 1757 1439">
     <span class='ocr_line' id='line_1_19' title="bbox 174 1357 1757 1439; baseline -0.009 -17"><span class='ocrx_word' id='word_1_122' title='bbox 174 1368 370 1439; x_wconf 79' lang='grc' dir='ltr'>τηρίαν</span> <span class='ocrx_word' id='word_1_123' title='bbox 398 1366 579 1436; x_wconf 83' lang='grc' dir='ltr'>ἡμῶν,</span> <span class='ocrx_word' id='word_1_124' title='bbox 616 1364 728 1416; x_wconf 68' lang='grc' dir='ltr'>εἴτε</span> <span class='ocrx_word' id='word_1_125' title='bbox 771 1363 878 1433; x_wconf 84' lang='grc' dir='ltr'><strong>πρὸ</strong></span> <span class='ocrx_word' id='word_1_126' title='bbox 922 1362 1021 1432; x_wconf 83' lang='grc' dir='ltr'>τῆς</span> <span class='ocrx_word' id='word_1_127' title='bbox 1052 1360 1146 1413; x_wconf 87' lang='grc' dir='ltr'><strong>τοῦ</strong></span> <span class='ocrx_word' id='word_1_128' title='bbox 1186 1360 1395 1428; x_wconf 83' lang='grc' dir='ltr'>Κυρίου</span> <span class='ocrx_word' id='word_1_129' title='bbox 1434 1357 1757 1429; x_wconf 78' lang='grc' dir='ltr'>παρουσίας,</span> 
     </span>
    </p>
   </div>
   <div class='ocr_carea' id='block_1_20' title="bbox 176 1448 1763 1529">
    <p class='ocr_par' dir='ltr' id='par_1_20' title="bbox 176 1448 1763 1529">
     <span class='ocr_line' id='line_1_20' title="bbox 176 1448 1763 1529; baseline -0.009 -15"><span class='ocrx_word' id='word_1_130' title='bbox 176 1462 289 1514; x_wconf 77' lang='grc' dir='ltr'>εἴτε</span> <span class='ocrx_word' id='word_1_131' title='bbox 338 1460 477 1529; x_wconf 71' lang='grc' dir='ltr'>μετὰ</span> <span class='ocrx_word' id='word_1_132' title='bbox 526 1459 629 1529; x_wconf 85' lang='grc' dir='ltr'><strong>τὴν</strong></span> <span class='ocrx_word' id='word_1_133' title='bbox 676 1457 945 1528; x_wconf 77' lang='grc' dir='ltr'>ἐνσαρκον</span> <span class='ocrx_word' id='word_1_134' title='bbox 995 1455 1161 1508; x_wconf 84' lang='grc' dir='ltr'>αὑτοῦ</span> <span class='ocrx_word' id='word_1_135' title='bbox 1215 1451 1548 1521; x_wconf 84' lang='grc' dir='ltr'>οἰκονομίαν,</span> <span class='ocrx_word' id='word_1_136' title='bbox 1584 1449 1661 1513; x_wconf 85' lang='grc' dir='ltr'>ὡς</span> <span class='ocrx_word' id='word_1_137' title='bbox 1701 1448 1763 1500; x_wconf 89' lang='grc' dir='ltr'><strong>τὸ</strong></span> 
     </span>
    </p>
   </div>
   <div class='ocr_carea' id='block_1_21' title="bbox 175 1539 1757 1620">
    <p class='ocr_par' dir='ltr' id='par_1_21' title="bbox 175 1539 1757 1620">
     <span class='ocr_line' id='line_1_21' title="bbox 175 1539 1757 1620; baseline -0.009 -16"><span class='ocrx_word' id='word_1_138' title='bbox 175 1544 389 1604; x_wconf 78' lang='grc' dir='ltr'>Σιναῖον</span> <span class='ocrx_word' id='word_1_139' title='bbox 424 1550 573 1620; x_wconf 78' lang='grc' dir='ltr'>ὅρος,</span> <span class='ocrx_word' id='word_1_140' title='bbox 608 1548 704 1603; x_wconf 79' lang='grc' dir='ltr'><strong>καὶ</strong></span> <span class='ocrx_word' id='word_1_141' title='bbox 738 1548 837 1617; x_wconf 85' lang='grc' dir='ltr'>τὴν</span> <span class='ocrx_word' id='word_1_142' title='bbox 890 1545 1166 1614; x_wconf 76' lang='grc' dir='ltr'>Ναζαρὲτ,</span> <span class='ocrx_word' id='word_1_143' title='bbox 1191 1542 1291 1613; x_wconf 79' lang='grc' dir='ltr'>τὴν</span> <span class='ocrx_word' id='word_1_144' title='bbox 1326 1541 1536 1610; x_wconf 81' lang='grc' dir='ltr'>φάτνην</span> <span class='ocrx_word' id='word_1_145' title='bbox 1567 1539 1668 1608; x_wconf 82' lang='grc' dir='ltr'>τὴν</span> <span class='ocrx_word' id='word_1_146' title='bbox 1700 1540 1757 1591; x_wconf 84' lang='grc' dir='ltr'><strong>ἐν</strong></span> 
     </span>
    </p>
   </div>
   <div class='ocr_carea' id='block_1_22' title="bbox 176 1629 1756 1711">
    <p class='ocr_par' dir='ltr' id='par_1_22' title="bbox 176 1629 1756 1711">
     <span class='ocr_line' id='line_1_22' title="bbox 176 1629 1756 1711; baseline -0.009 -17"><span class='ocrx_word' id='word_1_147' title='bbox 176 1642 450 1711; x_wconf 81' lang='grc' dir='ltr'>Βηθλεὲμ,</span> <span class='ocrx_word' id='word_1_148' title='bbox 480 1640 575 1692; x_wconf 73' lang='grc' dir='ltr'><strong>καὶ</strong></span> <span class='ocrx_word' id='word_1_149' title='bbox 604 1638 666 1691; x_wconf 87' lang='grc' dir='ltr'><strong>τὸ</strong></span> <span class='ocrx_word' id='word_1_150' title='bbox 699 1636 985 1709; x_wconf 85' lang='grc' dir='ltr'>σπήλαιον,</span> <span class='ocrx_word' id='word_1_151' title='bbox 1021 1634 1113 1687; x_wconf 85' lang='grc' dir='ltr'><strong>τὸν</strong></span> <span class='ocrx_word' id='word_1_152' title='bbox 1148 1632 1425 1705; x_wconf 83' lang='grc' dir='ltr'>Γοργοθᾶν</span> <span class='ocrx_word' id='word_1_153' title='bbox 1456 1629 1548 1683; x_wconf 87' lang='grc' dir='ltr'><strong>τὸν</strong></span> <span class='ocrx_word' id='word_1_154' title='bbox 1581 1629 1756 1697; x_wconf 73' lang='grc' dir='ltr'>ἅγιον,</span> 
     </span>
    </p>
   </div>
   <div class='ocr_carea' id='block_1_23' title="bbox 1926 1162 3441 1232">
    <p class='ocr_par' dir='ltr' id='par_1_23' title="bbox 1926 1162 3441 1232">
     <span class='ocr_line' id='line_1_23' title="bbox 1926 1162 3441 1232; baseline -0.004 -9"><span class='ocrx_word' id='word_1_155' title='bbox 1926 1169 2015 1223; x_wconf 68' lang='grc'><strong>54.</strong></span> <span class='ocrx_word' id='word_1_156' title='bbox 2059 1165 2351 1222; x_wconf 89' lang='lat' dir='ltr'><strong>Secundus</strong></span> <span class='ocrx_word' id='word_1_157' title='bbox 2401 1163 2600 1219; x_wconf 87' lang='lat' dir='ltr'><strong>modus</strong></span> <span class='ocrx_word' id='word_1_158' title='bbox 2646 1170 2730 1220; x_wconf 89' lang='lat' dir='ltr'><strong>est</strong></span> <span class='ocrx_word' id='word_1_159' title='bbox 2774 1162 2885 1225; x_wconf 90' lang='lat' dir='ltr'><strong>ille,</strong></span> <span class='ocrx_word' id='word_1_160' title='bbox 2926 1178 3035 1232; x_wconf 92' lang='lat' dir='ltr'><strong>quo</strong></span> <span class='ocrx_word' id='word_1_161' title='bbox 3080 1178 3168 1219; x_wconf 89' lang='lat' dir='ltr'><strong>res</strong></span> <span class='ocrx_word' id='word_1_162' title='bbox 3203 1170 3441 1226; x_wconf 78' lang='lat' dir='ltr'><strong>creatas,</strong></span> 
     </span>
    </p>
   </div>
   <div class='ocr_carea' id='block_1_24' title="bbox 1858 1254 3443 1332">
    <p class='ocr_par' dir='ltr' id='par_1_24' title="bbox 1858 1254 3443 1332">
     <span class='ocr_line' id='line_1_24' title="bbox 1858 1254 3443 1332; baseline -0.005 -17"><span class='ocrx_word' id='word_1_163' title='bbox 1858 1277 1954 1332; x_wconf 89' lang='lat' dir='ltr'><strong>per</strong></span> <span class='ocrx_word' id='word_1_164' title='bbox 1976 1275 2136 1331; x_wconf 89' lang='lat' dir='ltr'><strong>quas,</strong></span> <span class='ocrx_word' id='word_1_165' title='bbox 2169 1266 2223 1314; x_wconf 92' lang='lat' dir='ltr'><strong>et</strong></span> <span class='ocrx_word' id='word_1_166' title='bbox 2249 1258 2303 1313; x_wconf 93' lang='lat' dir='ltr'><strong>in</strong></span> <span class='ocrx_word' id='word_1_167' title='bbox 2326 1258 2549 1329; x_wconf 86' lang='lat' dir='ltr'><strong>quibus,</strong></span> <span class='ocrx_word' id='word_1_168' title='bbox 2572 1264 2687 1311; x_wconf 91' lang='lat' dir='ltr'><strong>tum</strong></span> <span class='ocrx_word' id='word_1_169' title='bbox 2718 1264 2845 1311; x_wconf 83' lang='lat' dir='ltr'><strong>ante</strong></span> <span class='ocrx_word' id='word_1_170' title='bbox 2872 1255 3089 1309; x_wconf 91' lang='lat' dir='ltr'><strong>Domini</strong></span> <span class='ocrx_word' id='word_1_171' title='bbox 3120 1254 3443 1322; x_wconf 81' lang='lat' dir='ltr'><strong>adventum,</strong></span> 
     </span>
    </p>
   </div>
   <div class='ocr_carea' id='block_1_25' title="bbox 1860 1348 3444 1425">
    <p class='ocr_par' dir='ltr' id='par_1_25' title="bbox 1860 1348 3444 1425">
     <span class='ocr_line' id='line_1_25' title="bbox 1860 1348 3444 1425; baseline -0.004 -17"><span class='ocrx_word' id='word_1_172' title='bbox 1860 1364 1973 1408; x_wconf 88' lang='lat' dir='ltr'><strong>tum</strong></span> <span class='ocrx_word' id='word_1_173' title='bbox 2020 1360 2146 1425; x_wconf 88' lang='lat' dir='ltr'><strong>post</strong></span> <span class='ocrx_word' id='word_1_174' title='bbox 2204 1350 2606 1406; x_wconf 84' lang='lat' dir='ltr'><strong>incarnationis</strong></span> <span class='ocrx_word' id='word_1_175' title='bbox 2664 1348 3159 1419; x_wconf 79' lang='lat' dir='ltr'><strong>dispensationem,</strong></span> <span class='ocrx_word' id='word_1_176' title='bbox 3206 1349 3444 1404; x_wconf 82' lang='lat' dir='ltr'><strong>salutem</strong></span> 
     </span>
    </p>
   </div>
   <div class='ocr_carea' id='block_1_26' title="bbox 1861 1439 3445 1506">
    <p class='ocr_par' dir='ltr' id='par_1_26' title="bbox 1861 1439 3445 1506">
     <span class='ocr_line' id='line_1_26' title="bbox 1861 1439 3445 1506; baseline -0.005 -5"><span class='ocrx_word' id='word_1_177' title='bbox 1861 1456 2105 1501; x_wconf 89' lang='lat' dir='ltr'><strong>nostram</strong></span> <span class='ocrx_word' id='word_1_178' title='bbox 2154 1450 2448 1498; x_wconf 77' lang='lat' dir='ltr'><strong>exsecutus</strong></span> <span class='ocrx_word' id='word_1_179' title='bbox 2480 1449 2585 1506; x_wconf 90' lang='lat' dir='ltr'><strong>est,</strong></span> <span class='ocrx_word' id='word_1_180' title='bbox 2620 1439 2955 1505; x_wconf 80' lang='lat' dir='ltr'><strong>adoramus;</strong></span> <span class='ocrx_word' id='word_1_181' title='bbox 2995 1439 3163 1493; x_wconf 87' lang='lat' dir='ltr'><strong>veluti</strong></span> <span class='ocrx_word' id='word_1_182' title='bbox 3200 1449 3445 1495; x_wconf 88' lang='lat' dir='ltr'><strong>montem</strong></span> 
     </span>
    </p>
   </div>
   <div class='ocr_carea' id='block_1_27' title="bbox 1864 1530 3450 1605">
    <p class='ocr_par' dir='ltr' id='par_1_27' title="bbox 1864 1530 3450 1605">
     <span class='ocr_line' id='line_1_27' title="bbox 1864 1530 3450 1605; baseline -0.001 -15"><span class='ocrx_word' id='word_1_183' title='bbox 1864 1536 2045 1602; x_wconf 89' lang='lat' dir='ltr'><strong>Sinai,</strong></span> <span class='ocrx_word' id='word_1_184' title='bbox 2079 1534 2351 1589; x_wconf 85' lang='lat' dir='ltr'><strong>Nazarcth</strong></span> <span class='ocrx_word' id='word_1_185' title='bbox 2386 1547 2629 1605; x_wconf 91' lang='lat' dir='ltr'><strong>quoque,</strong></span> <span class='ocrx_word' id='word_1_186' title='bbox 2673 1530 3169 1587; x_wconf 83' lang='lat' dir='ltr'><strong>Bethleemitanum</strong></span> <span class='ocrx_word' id='word_1_187' title='bbox 3201 1548 3450 1603; x_wconf 60' lang='lat' dir='ltr'><strong>praesepe</strong></span> 
     </span>
    </p>
   </div>
   <div class='ocr_carea' id='block_1_28' title="bbox 1862 1624 3447 1700">
    <p class='ocr_par' dir='ltr' id='par_1_28' title="bbox 1862 1624 3447 1700">
     <span class='ocr_line' id='line_1_28' title="bbox 1862 1624 3447 1700; baseline -0.003 -16"><span class='ocrx_word' id='word_1_188' title='bbox 1862 1638 1917 1684; x_wconf 91' lang='lat' dir='ltr'><strong>et</strong></span> <span class='ocrx_word' id='word_1_189' title='bbox 1967 1628 2311 1700; x_wconf 86' lang='lat' dir='ltr'><strong>speluncam,</strong></span> <span class='ocrx_word' id='word_1_190' title='bbox 2360 1634 2616 1681; x_wconf 87' lang='lat' dir='ltr'><strong>sanctum</strong></span> <span class='ocrx_word' id='word_1_191' title='bbox 2652 1624 2944 1695; x_wconf 82' lang='lat' dir='ltr'><strong>Golgotlta,</strong></span> <span class='ocrx_word' id='word_1_192' title='bbox 2993 1626 3177 1682; x_wconf 89' lang='lat' dir='ltr'><strong>erucis</strong></span> <span class='ocrx_word' id='word_1_193' title='bbox 3216 1626 3447 1696; x_wconf 80' lang='lat' dir='ltr'><strong>lignum,</strong></span> 
     </span>
    </p>
   </div>
   <div class='ocr_carea' id='block_1_29' title="bbox 174 1718 1767 1800">
    <p class='ocr_par' dir='ltr' id='par_1_29' title="bbox 174 1722 1760 1800">
     <span class='ocr_line' id='line_1_29' title="bbox 174 1722 1760 1800; baseline -0.008 -14"><span class='ocrx_word' id='word_1_194' title='bbox 174 1732 271 1787; x_wconf 85' lang='grc' dir='ltr'><strong>τοῦ</strong></span> <span class='ocrx_word' id='word_1_195' title='bbox 302 1728 539 1800; x_wconf 82' lang='grc' dir='ltr'>σταυροῦ</span> <span class='ocrx_word' id='word_1_196' title='bbox 568 1729 629 1781; x_wconf 87' lang='grc' dir='ltr'><strong>τὸ</strong></span> <span class='ocrx_word' id='word_1_197' title='bbox 668 1726 846 1795; x_wconf 83' lang='grc' dir='ltr'>ξύλον,</span> <span class='ocrx_word' id='word_1_198' title='bbox 882 1728 1011 1790; x_wconf 77' lang='grc' dir='ltr'>τοὺς</span> <span class='ocrx_word' id='word_1_199' title='bbox 1039 1726 1223 1798; x_wconf 82' lang='grc' dir='ltr'>ἦλους,</span> <span class='ocrx_word' id='word_1_200' title='bbox 1260 1724 1350 1777; x_wconf 90' lang='grc' dir='ltr'><strong>τὸν</strong></span> <span class='ocrx_word' id='word_1_201' title='bbox 1382 1723 1642 1791; x_wconf 81' lang='grc' dir='ltr'>σπόγγον,</span> <span class='ocrx_word' id='word_1_202' title='bbox 1669 1722 1760 1774; x_wconf 85' lang='grc' dir='ltr'><strong>τὸν</strong></span> 
     </span>
    </p>
   </div>
   <div class='ocr_carea' id='block_1_30' title="bbox 1877 1718 3450 1800">
    <p class='ocr_par' dir='ltr' id='par_1_30' title="bbox 1877 1718 3450 1791">
     <span class='ocr_line' id='line_1_30' title="bbox 1877 1718 3450 1791; baseline -0.003 -13"><span class='ocrx_word' id='word_1_203' title='bbox 1877 1723 2077 1785; x_wconf 83' lang='lat' dir='ltr'><strong>:lavos,</strong></span> <span class='ocrx_word' id='word_1_204' title='bbox 2145 1720 2465 1791; x_wconf 83' lang='lat' dir='ltr'><strong>spongiam,</strong></span> <span class='ocrx_word' id='word_1_205' title='bbox 2506 1718 2865 1783; x_wconf 88' lang='lat' dir='ltr'><strong>arundinem,</strong></span> <span class='ocrx_word' id='word_1_206' title='bbox 2926 1719 3176 1775; x_wconf 88' lang='lat' dir='ltr'><strong>lanceam</strong></span> <span class='ocrx_word' id='word_1_207' title='bbox 3236 1734 3450 1775; x_wconf 82' lang='lat' dir='ltr'><strong>sacram</strong></span> 
     </span>
    </p>
   </div>
   <div class='ocr_carea' id='block_1_31' title="bbox 176 1785 1767 1891">
    <p class='ocr_par' dir='ltr' id='par_1_31' title="bbox 176 1785 1764 1891">
     <span class='ocr_line' id='line_1_31' title="bbox 176 1785 1764 1891; baseline -0.007 -16"><span class='ocrx_word' id='word_1_208' title='bbox 176 1785 454 1891; x_wconf 56' lang='grc' dir='ltr'>κάλαμον,</span> <span class='ocrx_word' id='word_1_209' title='bbox 479 1818 580 1889; x_wconf 85' lang='grc' dir='ltr'>τὴν</span> <span class='ocrx_word' id='word_1_210' title='bbox 626 1785 959 1888; x_wconf 38' lang='grc' dir='ltr'>λόγχηνιτὴν</span> <span class='ocrx_word' id='word_1_211' title='bbox 993 1785 1161 1887; x_wconf 59' lang='grc' dir='ltr'><strong>⁷ἱερὰν</strong></span> <span class='ocrx_word' id='word_1_212' title='bbox 1185 1785 1292 1868; x_wconf 25' lang='grc' dir='ltr'><strong>*καί</strong></span> <span class='ocrx_word' id='word_1_213' title='bbox 1342 1785 1628 1883; x_wconf 76' lang='grc' dir='ltr'>σωτήρίον,</span> <span class='ocrx_word' id='word_1_214' title='bbox 1663 1811 1764 1881; x_wconf 79' lang='grc' dir='ltr'>τὴν</span> 
     </span>
    </p>
   </div>
   <div class='ocr_carea' id='block_1_32' title="bbox 1877 1785 3448 1891">
    <p class='ocr_par' dir='ltr' id='par_1_32' title="bbox 1877 1809 3448 1880">
     <span class='ocr_line' id='line_1_32' title="bbox 1877 1809 3448 1880; baseline 0 -16"><span class='ocrx_word' id='word_1_215' title='bbox 1877 1810 2360 1880; x_wconf 77' lang='lat' dir='ltr'><strong>salutiferamque,</strong></span> <span class='ocrx_word' id='word_1_216' title='bbox 2417 1810 2667 1876; x_wconf 86' lang='lat' dir='ltr'><strong>vestem,</strong></span> <span class='ocrx_word' id='word_1_217' title='bbox 2736 1809 3024 1875; x_wconf 85' lang='lat' dir='ltr'><strong>tunicam,</strong></span> <span class='ocrx_word' id='word_1_218' title='bbox 3087 1809 3448 1877; x_wconf 88' lang='lat' dir='ltr'><strong>linteamina,</strong></span> 
     </span>
    </p>
   </div>
   <div class='ocr_carea' id='block_1_33' title="bbox 176 1902 1761 1983">
    <p class='ocr_par' dir='ltr' id='par_1_33' title="bbox 176 1902 1761 1983">
     <span class='ocr_line' id='line_1_33' title="bbox 176 1902 1761 1983; baseline -0.006 -20"><span class='ocrx_word' id='word_1_219' title='bbox 176 1910 403 1983; x_wconf 78' lang='grc' dir='ltr'>ἐσθῆτα,</span> <span class='ocrx_word' id='word_1_220' title='bbox 449 1908 541 1961; x_wconf 84' lang='grc' dir='ltr'><strong>τὸν</strong></span> <span class='ocrx_word' id='word_1_221' title='bbox 572 1906 803 1978; x_wconf 84' lang='grc' dir='ltr'>χιτῶνα,</span> <span class='ocrx_word' id='word_1_222' title='bbox 878 1911 976 1970; x_wconf 85' lang='grc' dir='ltr'>τὰς</span> <span class='ocrx_word' id='word_1_223' title='bbox 1031 1902 1295 1969; x_wconf 80' lang='grc' dir='ltr'>σινδόνας,</span> <span class='ocrx_word' id='word_1_224' title='bbox 1346 1904 1414 1956; x_wconf 83' lang='grc' dir='ltr'>τὰ</span> <span class='ocrx_word' id='word_1_225' title='bbox 1448 1903 1761 1972; x_wconf 78' lang='grc' dir='ltr'>σπάργανα,</span> 
     </span>
    </p>
   </div>
   <div class='ocr_carea' id='block_1_34' title="bbox 175 1992 1813 2071">
    <p class='ocr_par' dir='ltr' id='par_1_34' title="bbox 175 1992 1813 2071">
     <span class='ocr_line' id='line_1_34' title="bbox 175 1992 1813 2071; baseline -0.007 -15"><span class='ocrx_word' id='word_1_226' title='bbox 175 2003 266 2056; x_wconf 84' lang='grc' dir='ltr'><strong>τὸι</strong></span> <span class='ocrx_word' id='word_1_227' title='bbox 299 2003 470 2071; x_wconf 83' lang='grc' dir='ltr'>τάφον</span> <span class='ocrx_word' id='word_1_228' title='bbox 498 2000 589 2054; x_wconf 87' lang='grc' dir='ltr'><strong>τὸν</strong></span> <span class='ocrx_word' id='word_1_229' title='bbox 636 2000 793 2066; x_wconf 76' lang='grc' dir='ltr'>ἅγιον</span> <span class='ocrx_word' id='word_1_230' title='bbox 821 1998 923 2069; x_wconf 86' lang='grc' dir='ltr'><strong>τὴν</strong></span> <span class='ocrx_word' id='word_1_231' title='bbox 966 1996 1152 2068; x_wconf 85' lang='grc' dir='ltr'>πηγὴν</span> <span class='ocrx_word' id='word_1_232' title='bbox 1198 1994 1301 2065; x_wconf 79' lang='grc' dir='ltr'>τῆς</span> <span class='ocrx_word' id='word_1_233' title='bbox 1339 1993 1500 2064; x_wconf 82' lang='grc' dir='ltr'>ἡμῶν</span> <span class='ocrx_word' id='word_1_234' title='bbox 1528 1992 1761 2046; x_wconf 82' lang='grc' dir='ltr'>ἁναστά-</span> <span class='ocrx_word' id='word_1_235' title='bbox 1809 1993 1813 1997; x_wconf 73' lang='grc'><strong><em>’</em></strong></span> 
     </span>
    </p>
   </div>
   <div class='ocr_carea' id='block_1_35' title="bbox 177 2082 1765 2160">
    <p class='ocr_par' dir='ltr' id='par_1_35' title="bbox 177 2082 1765 2160">
     <span class='ocr_line' id='line_1_35' title="bbox 177 2082 1765 2160; baseline -0.008 -13"><span class='ocrx_word' id='word_1_236' title='bbox 177 2111 343 2156; x_wconf 85' lang='grc' dir='ltr'>σεως,</span> <span class='ocrx_word' id='word_1_237' title='bbox 368 2091 463 2144; x_wconf 87' lang='grc' dir='ltr'><strong>τὸν</strong></span> <span class='ocrx_word' id='word_1_238' title='bbox 488 2090 639 2144; x_wconf 87' lang='grc' dir='ltr'>λίθον</span> <span class='ocrx_word' id='word_1_239' title='bbox 670 2088 767 2143; x_wconf 79' lang='grc' dir='ltr'><strong>τοῦ</strong></span> <span class='ocrx_word' id='word_1_240' title='bbox 807 2089 1115 2160; x_wconf 77' lang='grc' dir='ltr'>μνήματος,</span> <span class='ocrx_word' id='word_1_241' title='bbox 1152 2085 1250 2156; x_wconf 82' lang='grc' dir='ltr'><strong>τὴν</strong></span> <span class='ocrx_word' id='word_1_242' title='bbox 1287 2084 1425 2137; x_wconf 85' lang='grc' dir='ltr'>Σιὼν</span> <span class='ocrx_word' id='word_1_243' title='bbox 1463 2083 1525 2136; x_wconf 83' lang='grc' dir='ltr'><strong>τὸ</strong></span> <span class='ocrx_word' id='word_1_244' title='bbox 1553 2083 1679 2153; x_wconf 81' lang='grc' dir='ltr'>ὄρος</span> <span class='ocrx_word' id='word_1_245' title='bbox 1705 2082 1765 2135; x_wconf 85' lang='grc' dir='ltr'><strong>τὸ</strong></span> 
     </span>
    </p>
   </div>
   <div class='ocr_carea' id='block_1_36' title="bbox 178 2173 1764 2253">
    <p class='ocr_par' dir='ltr' id='par_1_36' title="bbox 178 2173 1764 2253">
     <span class='ocr_line' id='line_1_36' title="bbox 178 2173 1764 2253; baseline -0.008 -13"><span class='ocrx_word' id='word_1_246' title='bbox 178 2185 358 2253; x_wconf 68' lang='grc' dir='ltr'>ἅγιον,</span> <span class='ocrx_word' id='word_1_247' title='bbox 392 2182 453 2235; x_wconf 87' lang='grc' dir='ltr'><strong>τὸ</strong></span> <span class='ocrx_word' id='word_1_248' title='bbox 476 2181 584 2236; x_wconf 90' lang='grc' dir='ltr'><strong>τῶν</strong></span> <span class='ocrx_word' id='word_1_249' title='bbox 620 2179 849 2234; x_wconf 84' lang='grc' dir='ltr'>Ἐλαιῶν</span> <span class='ocrx_word' id='word_1_250' title='bbox 884 2174 1042 2242; x_wconf 83' lang='grc' dir='ltr'>αὖθις</span> <span class='ocrx_word' id='word_1_251' title='bbox 1086 2176 1236 2248; x_wconf 84' lang='grc' dir='ltr'>ὅρος,</span> <span class='ocrx_word' id='word_1_252' title='bbox 1266 2175 1364 2247; x_wconf 82' lang='grc' dir='ltr'>τὴν</span> <span class='ocrx_word' id='word_1_253' title='bbox 1398 2173 1764 2245; x_wconf 82' lang='grc' dir='ltr'>προϐατικὴν,</span> 
     </span>
    </p>
   </div>
   <div class='ocr_carea' id='block_1_37' title="bbox 177 2262 1766 2344">
    <p class='ocr_par' dir='ltr' id='par_1_37' title="bbox 177 2262 1766 2344">
     <span class='ocr_line' id='line_1_37' title="bbox 177 2262 1766 2344; baseline -0.009 -15"><span class='ocrx_word' id='word_1_254' title='bbox 177 2277 277 2329; x_wconf 72' lang='grc' dir='ltr'><strong>καὶ</strong></span> <span class='ocrx_word' id='word_1_255' title='bbox 309 2274 348 2327; x_wconf 89' lang='grc' dir='ltr'><strong><em>Γ</em></strong></span> <span class='ocrx_word' id='word_1_256' title='bbox 350 2272 665 2344; x_wconf 83' lang='grc' dir='ltr'>εθσημανῆς</span> <span class='ocrx_word' id='word_1_257' title='bbox 715 2270 775 2324; x_wconf 87' lang='grc' dir='ltr'><strong>τὸ</strong></span> <span class='ocrx_word' id='word_1_258' title='bbox 822 2268 1004 2323; x_wconf 79' lang='grc' dir='ltr'>δλϐιον</span> <span class='ocrx_word' id='word_1_259' title='bbox 1055 2268 1283 2338; x_wconf 79' lang='grc' dir='ltr'>τέμενος</span> <span class='ocrx_word' id='word_1_260' title='bbox 1303 2281 1317 2295; x_wconf 76' lang='grc'><strong>⁸</strong></span> <span class='ocrx_word' id='word_1_261' title='bbox 1375 2264 1551 2318; x_wconf 89' lang='grc' dir='ltr'>ταῦτα</span> <span class='ocrx_word' id='word_1_262' title='bbox 1579 2264 1672 2316; x_wconf 75' lang='grc' dir='ltr'>καὶ</span> <span class='ocrx_word' id='word_1_263' title='bbox 1698 2262 1766 2315; x_wconf 80' lang='grc' dir='ltr'>τὰ</span> 
     </span>
    </p>
   </div>
   <div class='ocr_carea' id='block_1_38' title="bbox 176 2352 1763 2431">
    <p class='ocr_par' dir='ltr' id='par_1_38' title="bbox 176 2352 1763 2431">
     <span class='ocr_line' id='line_1_38' title="bbox 176 2352 1763 2431; baseline -0.009 -12"><span class='ocrx_word' id='word_1_264' title='bbox 176 2364 409 2419; x_wconf 86' lang='grc' dir='ltr'>τοιαῦτα</span> <span class='ocrx_word' id='word_1_265' title='bbox 442 2363 605 2427; x_wconf 81' lang='grc' dir='ltr'>σέϐω,</span> <span class='ocrx_word' id='word_1_266' title='bbox 633 2363 728 2414; x_wconf 74' lang='grc' dir='ltr'><strong>καὶ</strong></span> <span class='ocrx_word' id='word_1_267' title='bbox 767 2357 1082 2431; x_wconf 80' lang='grc' dir='ltr'>προσκυνῶ,</span> <span class='ocrx_word' id='word_1_268' title='bbox 1128 2356 1224 2412; x_wconf 78' lang='grc' dir='ltr'><strong>καὶ</strong></span> <span class='ocrx_word' id='word_1_269' title='bbox 1258 2355 1436 2410; x_wconf 80' lang='grc' dir='ltr'>πάντα</span> <span class='ocrx_word' id='word_1_270' title='bbox 1468 2353 1594 2408; x_wconf 85' lang='grc' dir='ltr'>ναὸν</span> <span class='ocrx_word' id='word_1_271' title='bbox 1627 2352 1763 2407; x_wconf 86' lang='grc' dir='ltr'>Θεοῦ</span> 
     </span>
    </p>
   </div>
   <div class='ocr_carea' id='block_1_39' title="bbox 179 2446 1767 2526">
    <p class='ocr_par' dir='ltr' id='par_1_39' title="bbox 179 2446 1767 2526">
     <span class='ocr_line' id='line_1_39' title="bbox 179 2446 1767 2526; baseline -0.009 -14"><span class='ocrx_word' id='word_1_272' title='bbox 179 2460 363 2526; x_wconf 76' lang='grc' dir='ltr'>ἆγιον,</span> <span class='ocrx_word' id='word_1_273' title='bbox 393 2457 488 2509; x_wconf 73' lang='grc' dir='ltr'>καὶ</span> <span class='ocrx_word' id='word_1_274' title='bbox 525 2455 635 2508; x_wconf 80' lang='grc' dir='ltr'>πᾶν</span> <span class='ocrx_word' id='word_1_275' title='bbox 662 2453 749 2523; x_wconf 81' lang='grc' dir='ltr'>ἐφ’</span> <span class='ocrx_word' id='word_1_276' title='bbox 782 2446 827 2521; x_wconf 83' lang='grc' dir='ltr'><strong>ᾧ</strong></span> <span class='ocrx_word' id='word_1_277' title='bbox 872 2452 1004 2516; x_wconf 86' lang='grc' dir='ltr'>Θεὸς</span> <span class='ocrx_word' id='word_1_278' title='bbox 1036 2449 1364 2522; x_wconf 77' lang='grc' dir='ltr'>ὀνομάζεται</span> <span class='ocrx_word' id='word_1_279' title='bbox 1391 2465 1402 2476; x_wconf 87' lang='grc'><strong>·</strong></span> <span class='ocrx_word' id='word_1_280' title='bbox 1453 2449 1514 2501; x_wconf 85' lang='grc' dir='ltr'><strong>οὐ</strong></span> <span class='ocrx_word' id='word_1_281' title='bbox 1552 2448 1640 2502; x_wconf 75' lang='grc' dir='ltr'>διὰ</span> <span class='ocrx_word' id='word_1_282' title='bbox 1668 2446 1767 2516; x_wconf 79' lang='grc' dir='ltr'>τὴν</span> 
     </span>
    </p>
   </div>
   <div class='ocr_carea' id='block_1_40' title="bbox 178 2540 1763 2617">
    <p class='ocr_par' dir='ltr' id='par_1_40' title="bbox 178 2540 1763 2617">
     <span class='ocr_line' id='line_1_40' title="bbox 178 2540 1763 2617; baseline -0.007 -14"><span class='ocrx_word' id='word_1_283' title='bbox 178 2551 364 2606; x_wconf 77' lang='grc' dir='ltr'>αὐτῶν</span> <span class='ocrx_word' id='word_1_284' title='bbox 395 2548 578 2617; x_wconf 86' lang='grc' dir='ltr'>φύσιν,</span> <span class='ocrx_word' id='word_1_285' title='bbox 615 2546 731 2601; x_wconf 83' lang='grc' dir='ltr'>ἀλλ’</span> <span class='ocrx_word' id='word_1_286' title='bbox 762 2547 844 2599; x_wconf 82' lang='grc' dir='ltr'>ὅτι</span> <span class='ocrx_word' id='word_1_287' title='bbox 883 2543 1036 2608; x_wconf 82' lang='grc' dir='ltr'>θείας</span> <span class='ocrx_word' id='word_1_288' title='bbox 1082 2543 1364 2614; x_wconf 81' lang='grc' dir='ltr'>ἐνεργείας</span> <span class='ocrx_word' id='word_1_289' title='bbox 1410 2542 1518 2595; x_wconf 73' lang='grc' dir='ltr'>εἰσὶ</span> <span class='ocrx_word' id='word_1_290' title='bbox 1559 2540 1763 2610; x_wconf 88' lang='grc' dir='ltr'>δοχεῖα,</span> 
     </span>
    </p>
   </div>
   <div class='ocr_carea' id='block_1_41' title="bbox 180 2634 1767 2707">
    <p class='ocr_par' dir='ltr' id='par_1_41' title="bbox 180 2634 1767 2707">
     <span class='ocr_line' id='line_1_41' title="bbox 180 2634 1767 2707; baseline -0.006 -12"><span class='ocrx_word' id='word_1_291' title='bbox 180 2643 279 2695; x_wconf 71' lang='grc' dir='ltr'>καὶ</span> <span class='ocrx_word' id='word_1_292' title='bbox 302 2641 372 2695; x_wconf 89' lang='grc' dir='ltr'>δι’</span> <span class='ocrx_word' id='word_1_293' title='bbox 398 2640 598 2705; x_wconf 78' lang='grc' dir='ltr'>αὐτῶν,</span> <span class='ocrx_word' id='word_1_294' title='bbox 632 2640 728 2693; x_wconf 79' lang='grc' dir='ltr'><strong>καὶ</strong></span> <span class='ocrx_word' id='word_1_295' title='bbox 772 2641 830 2692; x_wconf 83' lang='grc' dir='ltr'><strong>ἐν</strong></span> <span class='ocrx_word' id='word_1_296' title='bbox 879 2638 1061 2700; x_wconf 84' lang='grc' dir='ltr'>αὐτοῖς</span> <span class='ocrx_word' id='word_1_297' title='bbox 1093 2636 1397 2707; x_wconf 80' lang='grc' dir='ltr'>ηὐδόκησεν</span> <span class='ocrx_word' id='word_1_298' title='bbox 1442 2637 1472 2688; x_wconf 87' lang='grc' dir='ltr'><strong>ό</strong></span> <span class='ocrx_word' id='word_1_299' title='bbox 1504 2634 1637 2699; x_wconf 83' lang='grc' dir='ltr'>Θεὸς</span> <span class='ocrx_word' id='word_1_300' title='bbox 1669 2634 1767 2703; x_wconf 80' lang='grc' dir='ltr'><strong>τὴν</strong></span> 
     </span>
    </p>
   </div>
   <div class='ocr_carea' id='block_1_42' title="bbox 182 2725 1762 2804">
    <p class='ocr_par' dir='ltr' id='par_1_42' title="bbox 182 2725 1762 2804">
     <span class='ocr_line' id='line_1_42' title="bbox 182 2725 1762 2804; baseline -0.008 -16"><span class='ocrx_word' id='word_1_301' title='bbox 182 2734 464 2804; x_wconf 87' lang='grc' dir='ltr'>σωτηρίαν</span> <span class='ocrx_word' id='word_1_302' title='bbox 502 2731 659 2802; x_wconf 84' lang='grc' dir='ltr'>ἡμῶν</span> <span class='ocrx_word' id='word_1_303' title='bbox 691 2727 1164 2799; x_wconf 82' lang='grc' dir='ltr'>κατεργάσασθαι.</span> <span class='ocrx_word' id='word_1_304' title='bbox 1196 2727 1307 2780; x_wconf 75' lang='grc' dir='ltr'><strong>Καὶ</strong></span> <span class='ocrx_word' id='word_1_305' title='bbox 1340 2726 1608 2793; x_wconf 78' lang='grc' dir='ltr'>ἀγγέλους</span> <span class='ocrx_word' id='word_1_306' title='bbox 1633 2725 1762 2795; x_wconf 80' lang='grc' dir='ltr'>γὰρ,</span> 
     </span>
    </p>
   </div>
   <div class='ocr_carea' id='block_1_43' title="bbox 180 2818 1768 2896">
    <p class='ocr_par' dir='ltr' id='par_1_43' title="bbox 180 2818 1768 2896">
     <span class='ocr_line' id='line_1_43' title="bbox 180 2818 1768 2896; baseline -0.006 -15"><span class='ocrx_word' id='word_1_307' title='bbox 180 2826 280 2883; x_wconf 74' lang='grc' dir='ltr'><strong>καὶ</strong></span> <span class='ocrx_word' id='word_1_308' title='bbox 308 2823 653 2896; x_wconf 81' lang='grc' dir='ltr'>ἀνθρώπους,</span> <span class='ocrx_word' id='word_1_309' title='bbox 686 2823 784 2877; x_wconf 70' lang='grc' dir='ltr'><strong>καὶ</strong></span> <span class='ocrx_word' id='word_1_310' title='bbox 818 2824 999 2875; x_wconf 85' lang='grc' dir='ltr'>πᾶσαν</span> <span class='ocrx_word' id='word_1_311' title='bbox 1028 2820 1162 2890; x_wconf 73' lang='grc' dir='ltr'>ὓλην</span> <span class='ocrx_word' id='word_1_312' title='bbox 1190 2820 1287 2891; x_wconf 83' lang='grc' dir='ltr'><strong>τῆς</strong></span> <span class='ocrx_word' id='word_1_313' title='bbox 1314 2818 1465 2882; x_wconf 84' lang='grc' dir='ltr'>θείας</span> <span class='ocrx_word' id='word_1_314' title='bbox 1488 2819 1768 2889; x_wconf 75' lang='grc' dir='ltr'>ἐνεργείας</span> 
     </span>
    </p>
   </div>
   <div class='ocr_carea' id='block_1_44' title="bbox 184 2910 1765 2992">
    <p class='ocr_par' dir='ltr' id='par_1_44' title="bbox 184 2910 1765 2992">
     <span class='ocr_line' id='line_1_44' title="bbox 184 2910 1765 2992; baseline -0.006 -20"><span class='ocrx_word' id='word_1_315' title='bbox 184 2922 439 2992; x_wconf 82' lang='grc' dir='ltr'>μέτοχον,</span> <span class='ocrx_word' id='word_1_316' title='bbox 489 2915 586 2970; x_wconf 72' lang='lat' dir='ltr'><strong>mi.</strong></span> <span class='ocrx_word' id='word_1_317' title='bbox 646 2913 1119 2984; x_wconf 79' lang='grc' dir='ltr'>διακονησαμένην</span> <span class='ocrx_word' id='word_1_318' title='bbox 1162 2912 1262 2981; x_wconf 84' lang='grc' dir='ltr'>τὴν</span> <span class='ocrx_word' id='word_1_319' title='bbox 1308 2910 1585 2981; x_wconf 78' lang='grc' dir='ltr'>σωτηρίαν</span> <span class='ocrx_word' id='word_1_320' title='bbox 1643 2928 1765 2980; x_wconf 84' lang='grc' dir='ltr'>μου,</span> 
     </span>
    </p>
   </div>
   <div class='ocr_carea' id='block_1_45' title="bbox 185 3001 1766 3078">
    <p class='ocr_par' dir='ltr' id='par_1_45' title="bbox 185 3001 1766 3078">
     <span class='ocr_line' id='line_1_45' title="bbox 185 3001 1766 3078; baseline -0.007 -12"><span class='ocrx_word' id='word_1_321' title='bbox 185 3011 337 3066; x_wconf 85' lang='grc' dir='ltr'>σέϐω</span> <span class='ocrx_word' id='word_1_322' title='bbox 389 3009 483 3064; x_wconf 68' lang='grc' dir='ltr'><strong>καὶ</strong></span> <span class='ocrx_word' id='word_1_323' title='bbox 535 3007 829 3078; x_wconf 86' lang='grc' dir='ltr'>προσκυνῶ</span> <span class='ocrx_word' id='word_1_324' title='bbox 866 3007 957 3059; x_wconf 87' lang='grc' dir='ltr'>διὰ</span> <span class='ocrx_word' id='word_1_325' title='bbox 1007 3005 1104 3076; x_wconf 82' lang='grc' dir='ltr'><strong>τὴν</strong></span> <span class='ocrx_word' id='word_1_326' title='bbox 1152 3003 1300 3057; x_wconf 83' lang='grc' dir='ltr'>θείαν</span> <span class='ocrx_word' id='word_1_327' title='bbox 1338 3003 1621 3073; x_wconf 82' lang='grc' dir='ltr'>ἐνέργειαν</span> <span class='ocrx_word' id='word_1_328' title='bbox 1662 3018 1679 3033; x_wconf 74' lang='grc' dir='ltr'><strong>ο</strong></span> <span class='ocrx_word' id='word_1_329' title='bbox 1705 3001 1766 3055; x_wconf 85' lang='grc' dir='ltr'><strong>οὐ</strong></span> 
     </span>
    </p>
   </div>
   <div class='ocr_carea' id='block_1_46' title="bbox 184 3094 1837 3181">
    <p class='ocr_par' dir='ltr' id='par_1_46' title="bbox 184 3094 1837 3181">
     <span class='ocr_line' id='line_1_46' title="bbox 184 3094 1837 3181; baseline -0.008 -22"><span class='ocrx_word' id='word_1_330' title='bbox 184 3102 487 3177; x_wconf 75' lang='grc' dir='ltr'>προσκυνῶ</span> <span class='ocrx_word' id='word_1_331' title='bbox 530 3101 832 3163; x_wconf 80' lang='grc' dir='ltr'>Ἰουδαίοις·</span> <span class='ocrx_word' id='word_1_332' title='bbox 882 3100 943 3152; x_wconf 85' lang='grc' dir='ltr'><strong>οὐ</strong></span> <span class='ocrx_word' id='word_1_333' title='bbox 974 3098 1081 3169; x_wconf 85' lang='grc' dir='ltr'>γὰρ</span> <span class='ocrx_word' id='word_1_334' title='bbox 1117 3095 1269 3159; x_wconf 86' lang='grc' dir='ltr'>θείας</span> <span class='ocrx_word' id='word_1_335' title='bbox 1305 3096 1442 3148; x_wconf 67' lang='grc' dir='ltr'>εἰσιν</span> <span class='ocrx_word' id='word_1_336' title='bbox 1491 3094 1767 3166; x_wconf 75' lang='grc' dir='ltr'>ἐνεργείας</span> <span class='ocrx_word' id='word_1_337' title='bbox 1795 3126 1837 3181; x_wconf 73' lang='lat' dir='ltr'>C</span> 
     </span>
    </p>
   </div>
   <div class='ocr_carea' id='block_1_47' title="bbox 188 3184 1769 3267">
    <p class='ocr_par' dir='ltr' id='par_1_47' title="bbox 188 3184 1769 3267">
     <span class='ocr_line' id='line_1_47' title="bbox 188 3184 1769 3267; baseline -0.008 -19"><span class='ocrx_word' id='word_1_338' title='bbox 188 3197 433 3267; x_wconf 76' lang='grc' dir='ltr'>μέτοχοι,</span> <span class='ocrx_word' id='word_1_339' title='bbox 462 3192 583 3245; x_wconf 82' lang='grc' dir='ltr'><strong>ούδέ</strong></span> <span class='ocrx_word' id='word_1_340' title='bbox 608 3189 797 3259; x_wconf 85' lang='grc' dir='ltr'>σκοπῷ</span> <span class='ocrx_word' id='word_1_341' title='bbox 821 3189 923 3258; x_wconf 80' lang='grc' dir='ltr'>τῆς</span> <span class='ocrx_word' id='word_1_342' title='bbox 950 3186 1092 3258; x_wconf 80' lang='grc' dir='ltr'>ἐμῆς</span> <span class='ocrx_word' id='word_1_343' title='bbox 1125 3184 1421 3256; x_wconf 83' lang='grc' dir='ltr'>σωτηρίας,</span> <span class='ocrx_word' id='word_1_344' title='bbox 1445 3184 1536 3237; x_wconf 85' lang='grc' dir='ltr'><strong>τὸν</strong></span> <span class='ocrx_word' id='word_1_345' title='bbox 1564 3184 1769 3253; x_wconf 84' lang='grc' dir='ltr'>Κύριον</span> 
     </span>
    </p>
   </div>
   <div class='ocr_carea' id='block_1_48' title="bbox 185 3276 1769 3357">
    <p class='ocr_par' dir='ltr' id='par_1_48' title="bbox 185 3276 1769 3357">
     <span class='ocr_line' id='line_1_48' title="bbox 185 3276 1769 3357; baseline -0.008 -17"><span class='ocrx_word' id='word_1_346' title='bbox 185 3286 287 3357; x_wconf 79' lang='grc' dir='ltr'>τῆς</span> <span class='ocrx_word' id='word_1_347' title='bbox 339 3283 501 3355; x_wconf 79' lang='grc' dir='ltr'>δόξης</span> <span class='ocrx_word' id='word_1_348' title='bbox 555 3283 648 3336; x_wconf 90' lang='grc' dir='ltr'><strong>τὸν</strong></span> <span class='ocrx_word' id='word_1_349' title='bbox 692 3281 825 3335; x_wconf 89' lang='grc' dir='ltr'>Θεόν</span> <span class='ocrx_word' id='word_1_350' title='bbox 867 3297 991 3350; x_wconf 91' lang='grc' dir='ltr'>μου,</span> <span class='ocrx_word' id='word_1_351' title='bbox 1042 3277 1440 3348; x_wconf 82' lang='grc' dir='ltr'>ἐσταύρωσαν,</span> <span class='ocrx_word' id='word_1_352' title='bbox 1489 3276 1669 3345; x_wconf 82' lang='grc' dir='ltr'>φθόνῳ</span> <span class='ocrx_word' id='word_1_353' title='bbox 1712 3276 1769 3328; x_wconf 79' lang='grc' dir='ltr'>δὲ</span> 
     </span>
    </p>
   </div>
   <div class='ocr_carea' id='block_1_49' title="bbox 190 3369 1770 3449">
    <p class='ocr_par' dir='ltr' id='par_1_49' title="bbox 190 3369 1770 3449">
     <span class='ocr_line' id='line_1_49' title="bbox 190 3369 1770 3449; baseline -0.006 -19"><span class='ocrx_word' id='word_1_354' title='bbox 190 3377 435 3449; x_wconf 78' lang='grc' dir='ltr'>μᾶλλον,</span> <span class='ocrx_word' id='word_1_355' title='bbox 492 3376 582 3428; x_wconf 71' lang='grc' dir='ltr'><strong>καὶ</strong></span> <span class='ocrx_word' id='word_1_356' title='bbox 630 3373 778 3444; x_wconf 90' lang='grc' dir='ltr'>μίσει</span> <span class='ocrx_word' id='word_1_357' title='bbox 831 3371 969 3443; x_wconf 83' lang='grc' dir='ltr'>πρὸς</span> <span class='ocrx_word' id='word_1_358' title='bbox 999 3370 1091 3426; x_wconf 79' lang='grc' dir='ltr'><strong>τὸν</strong></span> <span class='ocrx_word' id='word_1_359' title='bbox 1147 3369 1277 3423; x_wconf 86' lang='grc' dir='ltr'>Θεὸν</span> <span class='ocrx_word' id='word_1_360' title='bbox 1325 3369 1422 3422; x_wconf 78' lang='grc' dir='ltr'>καὶ</span> <span class='ocrx_word' id='word_1_361' title='bbox 1470 3369 1770 3440; x_wconf 82' lang='grc' dir='ltr'>εὐεργέτην</span> 
     </span>
    </p>
   </div>
   <div class='ocr_carea' id='block_1_50' title="bbox 191 3461 1768 3541">
    <p class='ocr_par' dir='ltr' id='par_1_50' title="bbox 191 3461 1768 3541">
     <span class='ocr_line' id='line_1_50' title="bbox 191 3461 1768 3541; baseline -0.006 -20"><span class='ocrx_word' id='word_1_362' title='bbox 191 3468 537 3541; x_wconf 80' lang='grc' dir='ltr'>βαλλόμενοι.</span> <span class='ocrx_word' id='word_1_363' title='bbox 592 3467 851 3536; x_wconf 78' lang='grc' dir='ltr'>«Κύριε,</span> <span class='ocrx_word' id='word_1_364' title='bbox 911 3464 1177 3535; x_wconf 74' lang='grc' dir='ltr'>ἠγάπησα</span> <span class='ocrx_word' id='word_1_365' title='bbox 1237 3461 1576 3532; x_wconf 82' lang='grc' dir='ltr'>εὐπρέπειαν</span> <span class='ocrx_word' id='word_1_366' title='bbox 1619 3461 1768 3513; x_wconf 83' lang='grc' dir='ltr'>οίκου</span> 
     </span>
    </p>
   </div>
   <div class='ocr_carea' id='block_1_51' title="bbox 191 3550 1771 3624">
    <p class='ocr_par' dir='ltr' id='par_1_51' title="bbox 191 3550 1771 3624">
     <span class='ocr_line' id='line_1_51' title="bbox 191 3550 1771 3624; baseline 0.001 -20"><span class='ocrx_word' id='word_1_367' title='bbox 191 3574 311 3622; x_wconf 80' lang='grc' dir='ltr'>σου,</span> <span class='ocrx_word' id='word_1_368' title='bbox 350 3555 518 3624; x_wconf 70' lang='grc' dir='ltr'>φησιν</span> <span class='ocrx_word' id='word_1_369' title='bbox 554 3555 582 3608; x_wconf 89' lang='grc' dir='ltr'><strong>ό</strong></span> <span class='ocrx_word' id='word_1_370' title='bbox 622 3555 818 3619; x_wconf 76' lang='grc' dir='ltr'>Δαϐὶδ,</span> <span class='ocrx_word' id='word_1_371' title='bbox 860 3555 955 3607; x_wconf 74' lang='grc' dir='ltr'><strong>καὶ</strong></span> <span class='ocrx_word' id='word_1_372' title='bbox 984 3552 1149 3606; x_wconf 84' lang='grc' dir='ltr'>τόπον</span> <span class='ocrx_word' id='word_1_373' title='bbox 1192 3553 1552 3623; x_wconf 81' lang='grc' dir='ltr'>σκηνώματός</span> <span class='ocrx_word' id='word_1_374' title='bbox 1612 3550 1771 3621; x_wconf 83' lang='grc' dir='ltr'>δόξης</span> 
     </span>
    </p>
   </div>
   <div class='ocr_carea' id='block_1_52' title="bbox 193 3635 1771 3716">
    <p class='ocr_par' dir='ltr' id='par_1_52' title="bbox 193 3635 1771 3716">
     <span class='ocr_line' id='line_1_52' title="bbox 193 3635 1771 3716; baseline -0.007 -13"><span class='ocrx_word' id='word_1_375' title='bbox 193 3666 315 3703; x_wconf 90' lang='grc' dir='ltr'>σου.</span> <span class='ocrx_word' id='word_1_376' title='bbox 349 3668 368 3702; x_wconf 69' lang='grc' dir='ltr'><strong>ι</strong></span> <span class='ocrx_word' id='word_1_377' title='bbox 403 3648 514 3703; x_wconf 78' lang='grc' dir='ltr'><strong>Καί</strong></span> <span class='ocrx_word' id='word_1_378' title='bbox 532 3664 545 3678; x_wconf 75' lang='grc'><strong><em>⁸</em></strong></span> <span class='ocrx_word' id='word_1_379' title='bbox 582 3667 601 3699; x_wconf 78' lang='grc' dir='ltr'><strong>ι</strong></span> <span class='ocrx_word' id='word_1_380' title='bbox 632 3647 1059 3716; x_wconf 80' lang='grc' dir='ltr'>Προσκυνήσατε</span> <span class='ocrx_word' id='word_1_381' title='bbox 1088 3644 1167 3706; x_wconf 80' lang='grc' dir='ltr'>εἰς</span> <span class='ocrx_word' id='word_1_382' title='bbox 1196 3643 1286 3696; x_wconf 80' lang='grc' dir='ltr'><strong>τὸν</strong></span> <span class='ocrx_word' id='word_1_383' title='bbox 1319 3644 1499 3709; x_wconf 87' lang='grc' dir='ltr'>τόπον,</span> <span class='ocrx_word' id='word_1_384' title='bbox 1530 3635 1591 3693; x_wconf 73' lang='grc' dir='ltr'><strong>οὗ</strong></span> <span class='ocrx_word' id='word_1_385' title='bbox 1612 3641 1771 3711; x_wconf 78' lang='grc' dir='ltr'>ἔστη-</span> 
     </span>
    </p>
   </div>
   <div class='ocr_carea' id='block_1_53' title="bbox 193 3730 1772 3805">
    <p class='ocr_par' dir='ltr' id='par_1_53' title="bbox 193 3730 1772 3805">
     <span class='ocr_line' id='line_1_53' title="bbox 193 3730 1772 3805; baseline -0.006 -11"><span class='ocrx_word' id='word_1_386' title='bbox 193 3758 298 3795; x_wconf 79' lang='grc' dir='ltr'><strong>σαν</strong></span> <span class='ocrx_word' id='word_1_387' title='bbox 317 3741 367 3792; x_wconf 76' lang='grc' dir='ltr'><strong>οἱ</strong></span> <span class='ocrx_word' id='word_1_388' title='bbox 398 3740 556 3802; x_wconf 79' lang='grc' dir='ltr'>πόδες</span> <span class='ocrx_word' id='word_1_389' title='bbox 578 3737 764 3791; x_wconf 83' lang='grc' dir='ltr'>αὑτοῦ.</span> <span class='ocrx_word' id='word_1_390' title='bbox 780 3756 797 3789; x_wconf 76' lang='grc' dir='ltr'><strong>ι</strong></span> <span class='ocrx_word' id='word_1_391' title='bbox 816 3736 959 3790; x_wconf 82' lang='grc' dir='ltr'>Καί·</span> <span class='ocrx_word' id='word_1_392' title='bbox 985 3752 1003 3786; x_wconf 77' lang='grc' dir='ltr'><strong>ι</strong></span> <span class='ocrx_word' id='word_1_393' title='bbox 1030 3734 1393 3805; x_wconf 84' lang='grc' dir='ltr'>Προσκυνεῑτε</span> <span class='ocrx_word' id='word_1_394' title='bbox 1416 3733 1495 3793; x_wconf 83' lang='grc' dir='ltr'><strong>εἰς</strong></span> <span class='ocrx_word' id='word_1_395' title='bbox 1516 3730 1640 3802; x_wconf 79' lang='grc' dir='ltr'>ὅρος</span> <span class='ocrx_word' id='word_1_396' title='bbox 1658 3731 1772 3801; x_wconf 64' lang='grc' dir='ltr'><strong>(ἓό)</strong></span> 
     </span>
    </p>
   </div>
   <div class='ocr_carea' id='block_1_54' title="bbox 190 3821 1774 3902">
    <p class='ocr_par' dir='ltr' id='par_1_54' title="bbox 190 3821 1774 3902">
     <span class='ocr_line' id='line_1_54' title="bbox 190 3821 1774 3902; baseline -0.009 -13"><span class='ocrx_word' id='word_1_397' title='bbox 190 3835 353 3902; x_wconf 73' lang='grc' dir='ltr'>ἅγιον</span> <span class='ocrx_word' id='word_1_398' title='bbox 396 3831 585 3886; x_wconf 81' lang='grc' dir='ltr'>αὐτοῦ.</span> <span class='ocrx_word' id='word_1_399' title='bbox 618 3849 637 3881; x_wconf 76' lang='grc' dir='ltr'><strong>ι</strong></span> <span class='ocrx_word' id='word_1_400' title='bbox 676 3830 842 3901; x_wconf 87' lang='grc' dir='ltr'>Ὅρος</span> <span class='ocrx_word' id='word_1_401' title='bbox 891 3828 1044 3897; x_wconf 82' lang='grc' dir='ltr'>ἆγιον</span> <span class='ocrx_word' id='word_1_402' title='bbox 1083 3824 1325 3897; x_wconf 76' lang='grc' dir='ltr'>ἔμψυχον</span> <span class='ocrx_word' id='word_1_403' title='bbox 1378 3821 1537 3886; x_wconf 85' lang='grc' dir='ltr'>Θεοῦ,</span> <span class='ocrx_word' id='word_1_404' title='bbox 1571 3823 1604 3893; x_wconf 85' lang='grc' dir='ltr'><strong>ή</strong></span> <span class='ocrx_word' id='word_1_405' title='bbox 1646 3822 1774 3891; x_wconf 87' lang='grc' dir='ltr'>ἁγία</span> 
     </span>
    </p>
   </div>
   <div class='ocr_carea' id='block_1_55' title="bbox 190 3913 1773 3993">
    <p class='ocr_par' dir='ltr' id='par_1_55' title="bbox 190 3913 1773 3993">
     <span class='ocr_line' id='line_1_55' title="bbox 190 3913 1773 3993; baseline -0.008 -14"><span class='ocrx_word' id='word_1_406' title='bbox 190 3925 459 3987; x_wconf 86' lang='grc' dir='ltr'>Θεοτόκος</span> <span class='ocrx_word' id='word_1_407' title='bbox 485 3939 498 3952; x_wconf 77' lang='grc'><strong><em>³</em></strong></span> <span class='ocrx_word' id='word_1_408' title='bbox 527 3923 627 3993; x_wconf 75' lang='grc' dir='ltr'>ὅρη</span> <span class='ocrx_word' id='word_1_409' title='bbox 652 3922 791 3975; x_wconf 88' lang='grc' dir='ltr'>Θεοῦ</span> <span class='ocrx_word' id='word_1_410' title='bbox 818 3919 1036 3988; x_wconf 80' lang='grc' dir='ltr'>λογικὰ,</span> <span class='ocrx_word' id='word_1_411' title='bbox 1065 3920 1114 3971; x_wconf 78' lang='grc' dir='ltr'><strong>οἱ</strong></span> <span class='ocrx_word' id='word_1_412' title='bbox 1155 3914 1446 3969; x_wconf 82' lang='grc' dir='ltr'>ἀπόστολοι</span> <span class='ocrx_word' id='word_1_413' title='bbox 1463 3929 1479 3945; x_wconf 76' lang='grc' dir='ltr'><strong>ο</strong></span> <span class='ocrx_word' id='word_1_414' title='bbox 1519 3932 1538 3965; x_wconf 79' lang='grc' dir='ltr'><strong>ι</strong></span> <span class='ocrx_word' id='word_1_415' title='bbox 1564 3914 1646 3967; x_wconf 83' lang='grc' dir='ltr'>Τὰ</span> <span class='ocrx_word' id='word_1_416' title='bbox 1671 3913 1773 3985; x_wconf 78' lang='grc' dir='ltr'>ὅρη</span> 
     </span>
    </p>
   </div>
   <div class='ocr_carea' id='block_1_56' title="bbox 190 4003 1777 4086">
    <p class='ocr_par' dir='ltr' id='par_1_56' title="bbox 190 4003 1777 4086">
     <span class='ocr_line' id='line_1_56' title="bbox 190 4003 1777 4086; baseline -0.008 -17"><span class='ocrx_word' id='word_1_417' title='bbox 190 4015 534 4086; x_wconf 75' lang='grc' dir='ltr'>ἐσκίρτησαν</span> <span class='ocrx_word' id='word_1_418' title='bbox 566 4012 702 4065; x_wconf 74' lang='grc' dir='ltr'>ὡσεὶ</span> <span class='ocrx_word' id='word_1_419' title='bbox 727 4012 897 4081; x_wconf 65' lang='grc' dir='ltr'>κριοὶ,</span> <span class='ocrx_word' id='word_1_420' title='bbox 929 4010 1021 4063; x_wconf 79' lang='grc' dir='ltr'>καὶ</span> <span class='ocrx_word' id='word_1_421' title='bbox 1058 4009 1107 4061; x_wconf 90' lang='grc' dir='ltr'>οἱ</span> <span class='ocrx_word' id='word_1_422' title='bbox 1140 4003 1425 4077; x_wconf 76' lang='grc' dir='ltr'>βουνοὶὼς</span> <span class='ocrx_word' id='word_1_423' title='bbox 1454 4004 1616 4075; x_wconf 84' lang='grc' dir='ltr'>ἀρνία</span> <span class='ocrx_word' id='word_1_424' title='bbox 1644 4021 1777 4075; x_wconf 85' lang='grc' dir='ltr'>προ-</span> 
     </span>
    </p>
   </div>
   <div class='ocr_carea' id='block_1_57' title="bbox 191 4110 456 4165">
    <p class='ocr_par' dir='ltr' id='par_1_57' title="bbox 191 4110 456 4165">
     <span class='ocr_line' id='line_1_57' title="bbox 191 4110 456 4165; baseline -0.015 0"><span class='ocrx_word' id='word_1_425' title='bbox 191 4110 403 4165; x_wconf 79' lang='grc' dir='ltr'>ϐάτων.</span> <span class='ocrx_word' id='word_1_426' title='bbox 437 4128 456 4160; x_wconf 73' lang='grc' dir='ltr'><strong>ι</strong></span> 
     </span>
    </p>
   </div>
   <div class='ocr_carea' id='block_1_58' title="bbox 265 4191 1779 4273">
    <p class='ocr_par' dir='ltr' id='par_1_58' title="bbox 265 4191 1779 4273">
     <span class='ocr_line' id='line_1_58' title="bbox 265 4191 1779 4273; baseline -0.009 -16"><span class='ocrx_word' id='word_1_427' title='bbox 265 4204 364 4257; x_wconf 85' lang='grc' dir='ltr'>λε’.</span> <span class='ocrx_word' id='word_1_428' title='bbox 401 4202 595 4273; x_wconf 85' lang='grc' dir='ltr'>Τρίτος</span> <span class='ocrx_word' id='word_1_429' title='bbox 628 4200 850 4270; x_wconf 86' lang='grc' dir='ltr'>τρόπος,</span> <span class='ocrx_word' id='word_1_430' title='bbox 882 4197 1004 4251; x_wconf 82' lang='grc' dir='ltr'>καθ’</span> <span class='ocrx_word' id='word_1_431' title='bbox 1048 4197 1106 4249; x_wconf 83' lang='grc' dir='ltr'>ὃν</span> <span class='ocrx_word' id='word_1_432' title='bbox 1141 4194 1563 4265; x_wconf 82' lang='grc' dir='ltr'>προσκυνοῦμεν</span> <span class='ocrx_word' id='word_1_433' title='bbox 1601 4193 1670 4246; x_wconf 84' lang='grc' dir='ltr'>τὰ</span> <span class='ocrx_word' id='word_1_434' title='bbox 1699 4191 1779 4261; x_wconf 83' lang='grc' dir='ltr'>τῷ</span> 
     </span>
    </p>
   </div>
   <div class='ocr_carea' id='block_1_59' title="bbox 191 4282 1778 4365">
    <p class='ocr_par' dir='ltr' id='par_1_59' title="bbox 191 4282 1778 4365">
     <span class='ocr_line' id='line_1_59' title="bbox 191 4282 1778 4365; baseline -0.011 -13"><span class='ocrx_word' id='word_1_435' title='bbox 191 4295 318 4365; x_wconf 81' lang='grc' dir='ltr'>Θεῷ</span> <span class='ocrx_word' id='word_1_436' title='bbox 359 4292 718 4362; x_wconf 81' lang='grc' dir='ltr'>ἀνακείμενα,</span> <span class='ocrx_word' id='word_1_437' title='bbox 749 4289 817 4343; x_wconf 79' lang='grc' dir='ltr'>τὰ</span> <span class='ocrx_word' id='word_1_438' title='bbox 864 4289 985 4358; x_wconf 79' lang='grc' dir='ltr'><strong>ἱερά</strong></span> <span class='ocrx_word' id='word_1_439' title='bbox 1019 4304 1161 4357; x_wconf 81' lang='grc' dir='ltr'>φημι</span> <span class='ocrx_word' id='word_1_440' title='bbox 1190 4285 1501 4354; x_wconf 77' lang='grc' dir='ltr'>Εὑαγγέλια</span> <span class='ocrx_word' id='word_1_441' title='bbox 1531 4284 1630 4336; x_wconf 78' lang='grc' dir='ltr'>καὶ</span> <span class='ocrx_word' id='word_1_442' title='bbox 1680 4282 1778 4345; x_wconf 86' lang='grc' dir='ltr'>τὰς</span> 
     </span>
    </p>
   </div>
   <div class='ocr_carea' id='block_1_60' title="bbox 192 4373 1778 4456">
    <p class='ocr_par' dir='ltr' id='par_1_60' title="bbox 192 4373 1778 4456">
     <span class='ocr_line' id='line_1_60' title="bbox 192 4373 1778 4456; baseline -0.011 -14"><span class='ocrx_word' id='word_1_443' title='bbox 192 4390 396 4450; x_wconf 75' lang='grc' dir='ltr'>λοιπὰς</span> <span class='ocrx_word' id='word_1_444' title='bbox 437 4384 675 4456; x_wconf 81' lang='grc' dir='ltr'>βίϐλους.</span> <span class='ocrx_word' id='word_1_445' title='bbox 706 4399 727 4436; x_wconf 73' lang='grc' dir='ltr'><strong>ι</strong></span> <span class='ocrx_word' id='word_1_446' title='bbox 759 4380 1115 4450; x_wconf 81' lang='grc' dir='ltr'>Ἔγράφησαν</span> <span class='ocrx_word' id='word_1_447' title='bbox 1148 4378 1258 4449; x_wconf 78' lang='grc' dir='ltr'>γὰρ</span> <span class='ocrx_word' id='word_1_448' title='bbox 1312 4376 1450 4446; x_wconf 87' lang='grc' dir='ltr'>πρὸς</span> <span class='ocrx_word' id='word_1_449' title='bbox 1493 4373 1778 4429; x_wconf 88' lang='grc' dir='ltr'>νουθεσίαν</span> 
     </span>
    </p>
   </div>
   <div class='ocr_carea' id='block_1_61' title="bbox 193 4554 1782 4634">
    <p class='ocr_par' dir='ltr' id='par_1_61' title="bbox 193 4554 1782 4634">
     <span class='ocr_line' id='line_1_61' title="bbox 193 4554 1782 4634; baseline -0.011 -9"><span class='ocrx_word' id='word_1_450' title='bbox 193 4572 379 4625; x_wconf 86' lang='grc' dir='ltr'>δίσκοι</span> <span class='ocrx_word' id='word_1_451' title='bbox 408 4585 492 4632; x_wconf 88' lang='grc' dir='ltr'><strong>τε,</strong></span> <span class='ocrx_word' id='word_1_452' title='bbox 526 4566 623 4619; x_wconf 75' lang='grc' dir='ltr'><strong>καὶ</strong></span> <span class='ocrx_word' id='word_1_453' title='bbox 659 4564 925 4634; x_wconf 86' lang='grc' dir='ltr'>ποτήρια,</span> <span class='ocrx_word' id='word_1_454' title='bbox 954 4558 1229 4629; x_wconf 70' lang='grc' dir='ltr'>θυμιατοὶ,</span> <span class='ocrx_word' id='word_1_455' title='bbox 1263 4556 1499 4627; x_wconf 88' lang='grc' dir='ltr'>λυχνίαι,</span> <span class='ocrx_word' id='word_1_456' title='bbox 1531 4557 1623 4609; x_wconf 75' lang='grc' dir='ltr'>καὶ</span> <span class='ocrx_word' id='word_1_457' title='bbox 1653 4554 1782 4625; x_wconf 84' lang='grc' dir='ltr'>τρά-</span> 
     </span>
    </p>
   </div>
   <div class='ocr_carea' id='block_1_62' title="bbox 196 4648 1782 4728">
    <p class='ocr_par' dir='ltr' id='par_1_62' title="bbox 196 4648 1782 4728">
     <span class='ocr_line' id='line_1_62' title="bbox 196 4648 1782 4728; baseline -0.009 -13"><span class='ocrx_word' id='word_1_458' title='bbox 196 4661 371 4725; x_wconf 78' lang='grc' dir='ltr'>πεζαι</span> <span class='ocrx_word' id='word_1_459' title='bbox 394 4702 409 4723; x_wconf 93' lang='grc'><strong>,</strong></span> <span class='ocrx_word' id='word_1_460' title='bbox 440 4657 600 4727; x_wconf 82' lang='grc' dir='ltr'>δῆλον</span> <span class='ocrx_word' id='word_1_461' title='bbox 627 4656 736 4728; x_wconf 76' lang='grc' dir='ltr'><strong>γὰρ</strong></span> <span class='ocrx_word' id='word_1_462' title='bbox 792 4655 866 4717; x_wconf 83' lang='grc' dir='ltr'>ὡς</span> <span class='ocrx_word' id='word_1_463' title='bbox 901 4652 1082 4707; x_wconf 85' lang='grc' dir='ltr'>πάντα</span> <span class='ocrx_word' id='word_1_464' title='bbox 1116 4650 1290 4703; x_wconf 89' lang='grc' dir='ltr'>ταῦτα</span> <span class='ocrx_word' id='word_1_465' title='bbox 1321 4648 1630 4719; x_wconf 77' lang='grc' dir='ltr'>σεϐάσμιαο</span> <span class='ocrx_word' id='word_1_466' title='bbox 1680 4648 1782 4718; x_wconf 79' lang='grc' dir='ltr'><strong>ὅρα</strong></span> 
     </span>
    </p>
   </div>
   <div class='ocr_carea' id='block_1_63' title="bbox 1864 1903 3452 1966">
    <p class='ocr_par' dir='ltr' id='par_1_63' title="bbox 1864 1903 3452 1966">
     <span class='ocr_line' id='line_1_63' title="bbox 1864 1903 3452 1966; baseline 0.003 -10"><span class='ocrx_word' id='word_1_467' title='bbox 1864 1903 2113 1966; x_wconf 84' lang='lat' dir='ltr'><strong>fascias,</strong></span> <span class='ocrx_word' id='word_1_468' title='bbox 2190 1912 2610 1959; x_wconf 89' lang='lat' dir='ltr'><strong>monumentum</strong></span> <span class='ocrx_word' id='word_1_469' title='bbox 2690 1911 2945 1959; x_wconf 87' lang='lat' dir='ltr'><strong>sanctum</strong></span> <span class='ocrx_word' id='word_1_470' title='bbox 3026 1905 3452 1961; x_wconf 78' lang='lat' dir='ltr'><strong>resurrectionis</strong></span> 
     </span>
    </p>
   </div>
   <div class='ocr_carea' id='block_1_64' title="bbox 1863 1995 3451 2065">
    <p class='ocr_par' dir='ltr' id='par_1_64' title="bbox 1863 1995 3451 2065">
     <span class='ocr_line' id='line_1_64' title="bbox 1863 1995 3451 2065; baseline 0.001 -14"><span class='ocrx_word' id='word_1_471' title='bbox 1863 2004 2073 2053; x_wconf 68' lang='lat' dir='ltr'><strong>nostra:</strong></span> <span class='ocrx_word' id='word_1_472' title='bbox 2127 1996 2363 2063; x_wconf 82' lang='lat' dir='ltr'><strong>fontem,</strong></span> <span class='ocrx_word' id='word_1_473' title='bbox 2391 2005 2446 2051; x_wconf 87' lang='lat' dir='ltr'><strong>et</strong></span> <span class='ocrx_word' id='word_1_474' title='bbox 2490 1995 2727 2065; x_wconf 86' lang='lat' dir='ltr'><strong>lapidem</strong></span> <span class='ocrx_word' id='word_1_475' title='bbox 2787 1998 3158 2060; x_wconf 88' lang='lat' dir='ltr'><strong>monumenti,</strong></span> <span class='ocrx_word' id='word_1_476' title='bbox 3209 2008 3451 2053; x_wconf 85' lang='lat' dir='ltr'><strong>montem</strong></span> 
     </span>
    </p>
   </div>
   <div class='ocr_carea' id='block_1_65' title="bbox 1866 2076 3454 2162">
    <p class='ocr_par' dir='ltr' id='par_1_65' title="bbox 1866 2076 3454 2162">
     <span class='ocr_line' id='line_1_65' title="bbox 1866 2076 3454 2162; baseline 0.002 -19"><span class='ocrx_word' id='word_1_477' title='bbox 1866 2096 2124 2143; x_wconf 89' lang='lat' dir='ltr'><strong>sanctum</strong></span> <span class='ocrx_word' id='word_1_478' title='bbox 2179 2076 2340 2155; x_wconf 79' lang='lat' dir='ltr'><strong>Sion,</strong></span> <span class='ocrx_word' id='word_1_479' title='bbox 2374 2088 2715 2158; x_wconf 87' lang='lat' dir='ltr'><strong>probaticam</strong></span> <span class='ocrx_word' id='word_1_480' title='bbox 2769 2090 3065 2159; x_wconf 85' lang='lat' dir='ltr'><strong>piscinam,</strong></span> <span class='ocrx_word' id='word_1_481' title='bbox 3118 2092 3454 2162; x_wconf 87' lang='lat' dir='ltr'><strong>beatumque</strong></span> 
     </span>
    </p>
   </div>
   <div class='ocr_carea' id='block_1_66' title="bbox 1866 2178 3456 2248">
    <p class='ocr_par' dir='ltr' id='par_1_66' title="bbox 1866 2178 3456 2248">
     <span class='ocr_line' id='line_1_66' title="bbox 1866 2178 3456 2248; baseline 0.002 -14"><span class='ocrx_word' id='word_1_482' title='bbox 1866 2178 2263 2236; x_wconf 86' lang='lat' dir='ltr'><strong>Getbsemanes</strong></span> <span class='ocrx_word' id='word_1_483' title='bbox 2292 2180 2544 2248; x_wconf 85' lang='lat' dir='ltr'><strong>hortum;</strong></span> <span class='ocrx_word' id='word_1_484' title='bbox 2604 2181 2719 2236; x_wconf 69' lang='lat' dir='ltr'><strong>haec</strong></span> <span class='ocrx_word' id='word_1_485' title='bbox 2761 2192 2815 2236; x_wconf 92' lang='lat' dir='ltr'><strong>et</strong></span> <span class='ocrx_word' id='word_1_486' title='bbox 2862 2182 3065 2237; x_wconf 87' lang='lat' dir='ltr'><strong>similia</strong></span> <span class='ocrx_word' id='word_1_487' title='bbox 3110 2198 3344 2238; x_wconf 88' lang='lat' dir='ltr'><strong>veneror</strong></span> <span class='ocrx_word' id='word_1_488' title='bbox 3400 2193 3456 2239; x_wconf 76' lang='lat' dir='ltr'><strong>et</strong></span> 
     </span>
    </p>
   </div>
   <div class='ocr_carea' id='block_1_67' title="bbox 1868 2272 3454 2345">
    <p class='ocr_par' dir='ltr' id='par_1_67' title="bbox 1868 2272 3454 2345">
     <span class='ocr_line' id='line_1_67' title="bbox 1868 2272 3454 2345; baseline 0.003 -19"><span class='ocrx_word' id='word_1_489' title='bbox 1868 2272 2057 2339; x_wconf 86' lang='lat' dir='ltr'><strong>adoro,</strong></span> <span class='ocrx_word' id='word_1_490' title='bbox 2096 2275 2472 2345; x_wconf 88' lang='lat' dir='ltr'><strong>templumque</strong></span> <span class='ocrx_word' id='word_1_491' title='bbox 2525 2289 2689 2330; x_wconf 91' lang='lat' dir='ltr'><strong>omne</strong></span> <span class='ocrx_word' id='word_1_492' title='bbox 2734 2273 2828 2329; x_wconf 89' lang='lat' dir='ltr'><strong>Dei</strong></span> <span class='ocrx_word' id='word_1_493' title='bbox 2871 2282 3149 2341; x_wconf 85' lang='lat' dir='ltr'><strong>sanctum,</strong></span> <span class='ocrx_word' id='word_1_494' title='bbox 3192 2276 3454 2331; x_wconf 84' lang='lat' dir='ltr'><strong>universa</strong></span> 
     </span>
    </p>
   </div>
   <div class='ocr_carea' id='block_1_68' title="bbox 1868 2352 3454 2436">
    <p class='ocr_par' dir='ltr' id='par_1_68' title="bbox 1868 2352 3454 2436">
     <span class='ocr_line' id='line_1_68' title="bbox 1868 2352 3454 2436; baseline 0.003 -17"><span class='ocrx_word' id='word_1_495' title='bbox 1868 2364 2088 2420; x_wconf 89' lang='lat' dir='ltr'><strong>demum</strong></span> <span class='ocrx_word' id='word_1_496' title='bbox 2149 2352 2241 2419; x_wconf 79' lang='lat' dir='ltr'><strong>illa</strong></span> <span class='ocrx_word' id='word_1_497' title='bbox 2292 2381 2413 2436; x_wconf 74' lang='lat' dir='ltr'><strong>qua:</strong></span> <span class='ocrx_word' id='word_1_498' title='bbox 2447 2364 2544 2421; x_wconf 88' lang='lat' dir='ltr'><strong>Dei</strong></span> <span class='ocrx_word' id='word_1_499' title='bbox 2593 2364 2818 2421; x_wconf 85' lang='lat' dir='ltr'><strong>nomine</strong></span> <span class='ocrx_word' id='word_1_500' title='bbox 2870 2378 3293 2433; x_wconf 87' lang='lat' dir='ltr'><strong>consecrantur,</strong></span> <span class='ocrx_word' id='word_1_501' title='bbox 3344 2386 3454 2424; x_wconf 92' lang='lat' dir='ltr'><strong>nou</strong></span> 
     </span>
    </p>
   </div>
   <div class='ocr_carea' id='block_1_69' title="bbox 1869 2457 3458 2530">
    <p class='ocr_par' dir='ltr' id='par_1_69' title="bbox 1869 2457 3458 2530">
     <span class='ocr_line' id='line_1_69' title="bbox 1869 2457 3458 2530; baseline 0.003 -19"><span class='ocrx_word' id='word_1_502' title='bbox 1869 2465 2094 2528; x_wconf 89' lang='lat' dir='ltr'><strong>propter</strong></span> <span class='ocrx_word' id='word_1_503' title='bbox 2133 2457 2377 2528; x_wconf 88' lang='lat' dir='ltr'><strong>ipsorum</strong></span> <span class='ocrx_word' id='word_1_504' title='bbox 2429 2466 2709 2524; x_wconf 87' lang='lat' dir='ltr'><strong>naturam,</strong></span> <span class='ocrx_word' id='word_1_505' title='bbox 2751 2457 2846 2513; x_wconf 91' lang='lat' dir='ltr'><strong>sed</strong></span> <span class='ocrx_word' id='word_1_506' title='bbox 2880 2459 3142 2529; x_wconf 90' lang='lat' dir='ltr'><strong>quoniam</strong></span> <span class='ocrx_word' id='word_1_507' title='bbox 3175 2462 3458 2530; x_wconf 86' lang='lat' dir='ltr'><strong>operatio-</strong></span> 
     </span>
    </p>
   </div>
   <div class='ocr_carea' id='block_1_70' title="bbox 1870 2548 3455 2621">
    <p class='ocr_par' dir='ltr' id='par_1_70' title="bbox 1870 2548 3455 2621">
     <span class='ocr_line' id='line_1_70' title="bbox 1870 2548 3455 2621; baseline 0.002 -18"><span class='ocrx_word' id='word_1_508' title='bbox 1870 2549 1957 2605; x_wconf 89' lang='lat' dir='ltr'><strong>nis</strong></span> <span class='ocrx_word' id='word_1_509' title='bbox 1993 2548 2193 2604; x_wconf 74' lang='lat' dir='ltr'><strong>divina:</strong></span> <span class='ocrx_word' id='word_1_510' title='bbox 2226 2548 2621 2618; x_wconf 87' lang='lat' dir='ltr'><strong>conceptacula</strong></span> <span class='ocrx_word' id='word_1_511' title='bbox 2679 2557 2843 2617; x_wconf 86' lang='lat' dir='ltr'><strong>sunt,</strong></span> <span class='ocrx_word' id='word_1_512' title='bbox 2897 2563 2962 2606; x_wconf 91' lang='lat' dir='ltr'><strong>ac</strong></span> <span class='ocrx_word' id='word_1_513' title='bbox 3006 2566 3108 2621; x_wconf 91' lang='lat' dir='ltr'><strong>per</strong></span> <span class='ocrx_word' id='word_1_514' title='bbox 3150 2551 3271 2621; x_wconf 91' lang='lat' dir='ltr'><strong>ipsa</strong></span> <span class='ocrx_word' id='word_1_515' title='bbox 3303 2559 3358 2605; x_wconf 91' lang='lat' dir='ltr'><strong>et</strong></span> <span class='ocrx_word' id='word_1_516' title='bbox 3398 2552 3455 2606; x_wconf 89' lang='lat' dir='ltr'><strong>iu</strong></span> 
     </span>
    </p>
   </div>
   <div class='ocr_carea' id='block_1_71' title="bbox 1869 2640 3455 2711">
    <p class='ocr_par' dir='ltr' id='par_1_71' title="bbox 1869 2640 3455 2711">
     <span class='ocr_line' id='line_1_71' title="bbox 1869 2640 3455 2711; baseline 0.003 -17"><span class='ocrx_word' id='word_1_517' title='bbox 1869 2640 2009 2711; x_wconf 89' lang='lat' dir='ltr'><strong>ipsis</strong></span> <span class='ocrx_word' id='word_1_518' title='bbox 2070 2641 2182 2697; x_wconf 81' lang='lat' dir='ltr'><strong>Deo</strong></span> <span class='ocrx_word' id='word_1_519' title='bbox 2237 2642 2626 2711; x_wconf 88' lang='lat' dir='ltr'><strong>complacitum</strong></span> <span class='ocrx_word' id='word_1_520' title='bbox 2685 2652 2768 2698; x_wconf 90' lang='lat' dir='ltr'><strong>est</strong></span> <span class='ocrx_word' id='word_1_521' title='bbox 2816 2650 2876 2697; x_wconf 91' lang='lat' dir='ltr'><strong>ut</strong></span> <span class='ocrx_word' id='word_1_522' title='bbox 2931 2652 3174 2698; x_wconf 88' lang='lat' dir='ltr'><strong>nostram</strong></span> <span class='ocrx_word' id='word_1_523' title='bbox 3224 2644 3455 2699; x_wconf 88' lang='lat' dir='ltr'><strong>salutem</strong></span> 
     </span>
    </p>
   </div>
   <div class='ocr_carea' id='block_1_72' title="bbox 1870 2734 3455 2805">
    <p class='ocr_par' dir='ltr' id='par_1_72' title="bbox 1870 2734 3455 2805">
     <span class='ocr_line' id='line_1_72' title="bbox 1870 2734 3455 2805; baseline 0.003 -18"><span class='ocrx_word' id='word_1_524' title='bbox 1870 2740 2133 2803; x_wconf 81' lang='lat' dir='ltr'><strong>patraret.</strong></span> <span class='ocrx_word' id='word_1_525' title='bbox 2190 2734 2428 2805; x_wconf 78' lang='lat' dir='ltr'><strong>Angelos</strong></span> <span class='ocrx_word' id='word_1_526' title='bbox 2472 2736 2642 2799; x_wconf 91' lang='lat' dir='ltr'><strong>enim,</strong></span> <span class='ocrx_word' id='word_1_527' title='bbox 2690 2745 2743 2789; x_wconf 88' lang='lat' dir='ltr'><strong>et</strong></span> <span class='ocrx_word' id='word_1_528' title='bbox 2799 2735 3074 2802; x_wconf 87' lang='lat' dir='ltr'><strong>homines,</strong></span> <span class='ocrx_word' id='word_1_529' title='bbox 3126 2745 3180 2791; x_wconf 93' lang='lat' dir='ltr'><strong>et</strong></span> <span class='ocrx_word' id='word_1_530' title='bbox 3236 2752 3455 2792; x_wconf 84' lang='lat' dir='ltr'><strong>omnem</strong></span> 
     </span>
    </p>
   </div>
   <div class='ocr_carea' id='block_1_73' title="bbox 1872 2823 3460 2897">
    <p class='ocr_par' dir='ltr' id='par_1_73' title="bbox 1872 2823 3460 2897">
     <span class='ocr_line' id='line_1_73' title="bbox 1872 2823 3460 2897; baseline 0.004 -21"><span class='ocrx_word' id='word_1_531' title='bbox 1872 2823 2157 2878; x_wconf 84' lang='lat' dir='ltr'><strong>materiam</strong></span> <span class='ocrx_word' id='word_1_532' title='bbox 2215 2824 2413 2879; x_wconf 77' lang='lat' dir='ltr'><strong>divina:</strong></span> <span class='ocrx_word' id='word_1_533' title='bbox 2465 2825 2706 2880; x_wconf 87' lang='lat' dir='ltr'><strong>actionis</strong></span> <span class='ocrx_word' id='word_1_534' title='bbox 2745 2825 3092 2896; x_wconf 85' lang='lat' dir='ltr'><strong>participem,</strong></span> <span class='ocrx_word' id='word_1_535' title='bbox 3150 2826 3460 2897; x_wconf 80' lang='lat' dir='ltr'><strong>salutisque</strong></span> 
     </span>
    </p>
   </div>
   <div class='ocr_carea' id='block_1_74' title="bbox 1873 2915 3461 2986">
    <p class='ocr_par' dir='ltr' id='par_1_74' title="bbox 1873 2915 3461 2986">
     <span class='ocr_line' id='line_1_74' title="bbox 1873 2915 3461 2986; baseline 0.003 -19"><span class='ocrx_word' id='word_1_536' title='bbox 1873 2929 2005 2969; x_wconf 65' lang='lat' dir='ltr'><strong>mea:</strong></span> <span class='ocrx_word' id='word_1_537' title='bbox 2040 2915 2450 2981; x_wconf 89' lang='lat' dir='ltr'><strong>administram,</strong></span> <span class='ocrx_word' id='word_1_538' title='bbox 2498 2925 2720 2986; x_wconf 88' lang='lat' dir='ltr'><strong>propter</strong></span> <span class='ocrx_word' id='word_1_539' title='bbox 2755 2917 2999 2973; x_wconf 85' lang='lat' dir='ltr'><strong>divinam</strong></span> <span class='ocrx_word' id='word_1_540' title='bbox 3055 2918 3332 2972; x_wconf 89' lang='lat' dir='ltr'><strong>actionem</strong></span> <span class='ocrx_word' id='word_1_541' title='bbox 3369 2935 3461 2971; x_wconf 85' lang='lat' dir='ltr'><strong>ve-</strong></span> 
     </span>
    </p>
   </div>
   <div class='ocr_carea' id='block_1_75' title="bbox 1872 3006 3461 3081">
    <p class='ocr_par' dir='ltr' id='par_1_75' title="bbox 1872 3006 3461 3081">
     <span class='ocr_line' id='line_1_75' title="bbox 1872 3006 3461 3081; baseline 0.005 -23"><span class='ocrx_word' id='word_1_542' title='bbox 1872 3020 2040 3059; x_wconf 92' lang='lat' dir='ltr'><strong>neror</strong></span> <span class='ocrx_word' id='word_1_543' title='bbox 2081 3015 2135 3061; x_wconf 90' lang='lat' dir='ltr'><strong>et</strong></span> <span class='ocrx_word' id='word_1_544' title='bbox 2191 3006 2382 3062; x_wconf 89' lang='lat' dir='ltr'><strong>adoro.</strong></span> <span class='ocrx_word' id='word_1_545' title='bbox 2445 3007 2668 3064; x_wconf 64' lang='lat' dir='ltr'><strong>.ludmos</strong></span> <span class='ocrx_word' id='word_1_546' title='bbox 2720 3025 2827 3063; x_wconf 92' lang='lat' dir='ltr'><strong>non</strong></span> <span class='ocrx_word' id='word_1_547' title='bbox 2884 3009 3079 3077; x_wconf 89' lang='lat' dir='ltr'><strong>adoro,</strong></span> <span class='ocrx_word' id='word_1_548' title='bbox 3130 3011 3332 3080; x_wconf 86' lang='lat' dir='ltr'><strong>quippe</strong></span> <span class='ocrx_word' id='word_1_549' title='bbox 3363 3014 3461 3081; x_wconf 89' lang='lat' dir='ltr'><strong>qui</strong></span> 
     </span>
    </p>
   </div>
   <div class='ocr_carea' id='block_1_76' title="bbox 1874 3096 3461 3169">
    <p class='ocr_par' dir='ltr' id='par_1_76' title="bbox 1874 3096 3461 3169">
     <span class='ocr_line' id='line_1_76' title="bbox 1874 3096 3461 3169; baseline 0.006 -20"><span class='ocrx_word' id='word_1_550' title='bbox 1874 3096 2074 3152; x_wconf 80' lang='lat' dir='ltr'><strong>divinae</strong></span> <span class='ocrx_word' id='word_1_551' title='bbox 2121 3098 2355 3154; x_wconf 88' lang='lat' dir='ltr'><strong>actionis</strong></span> <span class='ocrx_word' id='word_1_552' title='bbox 2409 3099 2706 3169; x_wconf 87' lang='lat' dir='ltr'><strong>participes</strong></span> <span class='ocrx_word' id='word_1_553' title='bbox 2774 3100 2905 3156; x_wconf 81' lang='lat' dir='ltr'><strong>facti</strong></span> <span class='ocrx_word' id='word_1_554' title='bbox 2979 3116 3089 3156; x_wconf 89' lang='lat' dir='ltr'><strong>non</strong></span> <span class='ocrx_word' id='word_1_555' title='bbox 3142 3110 3295 3169; x_wconf 89' lang='lat' dir='ltr'><strong>sunt,</strong></span> <span class='ocrx_word' id='word_1_556' title='bbox 3344 3106 3461 3158; x_wconf 72' lang='lat' dir='ltr'><strong>&#39;ni-c</strong></span> 
     </span>
    </p>
   </div>
   <div class='ocr_carea' id='block_1_77' title="bbox 1873 3188 3462 3257">
    <p class='ocr_par' dir='ltr' id='par_1_77' title="bbox 1873 3188 3462 3257">
     <span class='ocr_line' id='line_1_77' title="bbox 1873 3188 3462 3257; baseline 0.004 -16"><span class='ocrx_word' id='word_1_557' title='bbox 1873 3188 2063 3257; x_wconf 67' lang='lat' dir='ltr'><strong>gloria:</strong></span> <span class='ocrx_word' id='word_1_558' title='bbox 2096 3189 2383 3245; x_wconf 90' lang='lat' dir='ltr'><strong>Dominum</strong></span> <span class='ocrx_word' id='word_1_559' title='bbox 2432 3192 2604 3247; x_wconf 88' lang='lat' dir='ltr'><strong>Deum</strong></span> <span class='ocrx_word' id='word_1_560' title='bbox 2641 3210 2820 3248; x_wconf 88' lang='lat' dir='ltr'><strong>meum</strong></span> <span class='ocrx_word' id='word_1_561' title='bbox 2869 3209 2933 3249; x_wconf 87' lang='lat' dir='ltr'><strong>eo</strong></span> <span class='ocrx_word' id='word_1_562' title='bbox 2985 3194 3225 3251; x_wconf 90' lang='lat' dir='ltr'><strong>consilio</strong></span> <span class='ocrx_word' id='word_1_563' title='bbox 3278 3196 3462 3249; x_wconf 70' lang='lat' dir='ltr'><strong>cruri-</strong></span> 
     </span>
    </p>
   </div>
   <div class='ocr_carea' id='block_1_78' title="bbox 1874 3280 3462 3351">
    <p class='ocr_par' dir='ltr' id='par_1_78' title="bbox 1874 3280 3462 3351">
     <span class='ocr_line' id='line_1_78' title="bbox 1874 3280 3462 3351; baseline 0.004 -18"><span class='ocrx_word' id='word_1_564' title='bbox 1874 3280 2131 3346; x_wconf 78' lang='lat' dir='ltr'><strong>lixerunt,</strong></span> <span class='ocrx_word' id='word_1_565' title='bbox 2168 3289 2225 3335; x_wconf 93' lang='lat' dir='ltr'><strong>ut</strong></span> <span class='ocrx_word' id='word_1_566' title='bbox 2258 3282 2491 3339; x_wconf 89' lang='lat' dir='ltr'><strong>salutem</strong></span> <span class='ocrx_word' id='word_1_567' title='bbox 2531 3284 2666 3338; x_wconf 88' lang='lat' dir='ltr'><strong>mihi</strong></span> <span class='ocrx_word' id='word_1_568' title='bbox 2689 3285 3079 3351; x_wconf 86' lang='lat' dir='ltr'><strong>conciliarent,</strong></span> <span class='ocrx_word' id='word_1_569' title='bbox 3104 3286 3200 3343; x_wconf 86' lang='lat' dir='ltr'><strong>sed</strong></span> <span class='ocrx_word' id='word_1_570' title='bbox 3255 3286 3462 3341; x_wconf 83' lang='lat' dir='ltr'><strong>invidia</strong></span> 
     </span>
    </p>
   </div>
   <div class='ocr_carea' id='block_1_79' title="bbox 1871 3368 3464 3445">
    <p class='ocr_par' dir='ltr' id='par_1_79' title="bbox 1871 3368 3464 3445">
     <span class='ocr_line' id='line_1_79' title="bbox 1871 3368 3464 3445; baseline 0.008 -26"><span class='ocrx_word' id='word_1_571' title='bbox 1871 3368 2079 3435; x_wconf 87' lang='lat' dir='ltr'><strong>potius,</strong></span> <span class='ocrx_word' id='word_1_572' title='bbox 2134 3368 2374 3439; x_wconf 89' lang='lat' dir='ltr'><strong>odioque</strong></span> <span class='ocrx_word' id='word_1_573' title='bbox 2410 3370 2609 3440; x_wconf 88' lang='lat' dir='ltr'><strong>perciti</strong></span> <span class='ocrx_word' id='word_1_574' title='bbox 2652 3388 2783 3444; x_wconf 81' lang='lat' dir='ltr'><strong>erga</strong></span> <span class='ocrx_word' id='word_1_575' title='bbox 2844 3373 3013 3430; x_wconf 86' lang='lat' dir='ltr'><strong>Deum</strong></span> <span class='ocrx_word' id='word_1_576' title='bbox 3052 3375 3192 3431; x_wconf 85' lang='lat' dir='ltr'><strong>bene</strong></span> <span class='ocrx_word' id='word_1_577' title='bbox 3224 3375 3293 3430; x_wconf 92' lang='lat' dir='ltr'><strong>dc</strong></span> <span class='ocrx_word' id='word_1_578' title='bbox 3324 3376 3464 3445; x_wconf 89' lang='lat' dir='ltr'><strong>ipsis</strong></span> 
     </span>
    </p>
   </div>
   <div class='ocr_carea' id='block_1_80' title="bbox 1874 3459 3465 3531">
    <p class='ocr_par' dir='ltr' id='par_1_80' title="bbox 1874 3459 3465 3531">
     <span class='ocr_line' id='line_1_80' title="bbox 1874 3459 3465 3531; baseline 0.006 -20"><span class='ocrx_word' id='word_1_579' title='bbox 1874 3459 2152 3514; x_wconf 88' lang='lat' dir='ltr'><strong>meritum.</strong></span> <span class='ocrx_word' id='word_1_580' title='bbox 2205 3479 2222 3513; x_wconf 86' lang='grc'><strong><em>‹</em></strong></span> <span class='ocrx_word' id='word_1_581' title='bbox 2255 3461 2504 3529; x_wconf 88' lang='lat' dir='ltr'><strong>Domine,</strong></span> <span class='ocrx_word' id='word_1_582' title='bbox 2536 3462 2703 3519; x_wconf 82' lang='lat' dir='ltr'><strong>dilexi</strong></span> <span class='ocrx_word' id='word_1_583' title='bbox 2733 3464 2986 3521; x_wconf 88' lang='lat' dir='ltr'><strong>decorem</strong></span> <span class='ocrx_word' id='word_1_584' title='bbox 3021 3466 3219 3521; x_wconf 90' lang='lat' dir='ltr'><strong>domus</strong></span> <span class='ocrx_word' id='word_1_585' title='bbox 3251 3474 3377 3531; x_wconf 73' lang='lat' dir='ltr'><strong>tuaz,</strong></span> <span class='ocrx_word' id='word_1_586' title='bbox 3411 3476 3465 3521; x_wconf 87' lang='lat' dir='ltr'><strong>ct</strong></span> 
     </span>
    </p>
   </div>
   <div class='ocr_carea' id='block_1_81' title="bbox 1873 3549 3465 3624">
    <p class='ocr_par' dir='ltr' id='par_1_81' title="bbox 1873 3549 3465 3624">
     <span class='ocr_line' id='line_1_81' title="bbox 1873 3549 3465 3624; baseline 0.006 -22"><span class='ocrx_word' id='word_1_587' title='bbox 1873 3549 2055 3604; x_wconf 91' lang='lat' dir='ltr'><strong>locum</strong></span> <span class='ocrx_word' id='word_1_588' title='bbox 2086 3551 2443 3609; x_wconf 86' lang='lat' dir='ltr'><strong>habitationis</strong></span> <span class='ocrx_word' id='word_1_589' title='bbox 2462 3555 2653 3624; x_wconf 58' lang='lat' dir='ltr'><strong>gloriaa</strong></span> <span class='ocrx_word' id='word_1_590' title='bbox 2683 3564 2790 3610; x_wconf 72' lang='lat' dir='ltr'><strong>tua:</strong></span> <span class='ocrx_word' id='word_1_591' title='bbox 2816 3557 2881 3610; x_wconf 82' lang='grc'><strong>¹⁶.</strong></span> <span class='ocrx_word' id='word_1_592' title='bbox 2910 3574 2929 3608; x_wconf 77' lang='grc' dir='ltr'><strong>ι</strong></span> <span class='ocrx_word' id='word_1_593' title='bbox 2956 3557 3049 3611; x_wconf 83' lang='lat' dir='ltr'><strong>Et:</strong></span> <span class='ocrx_word' id='word_1_594' title='bbox 3082 3577 3099 3608; x_wconf 84' lang='grc'><em>‹</em></span> <span class='ocrx_word' id='word_1_595' title='bbox 3128 3557 3368 3611; x_wconf 87' lang='lat' dir='ltr'><strong>Adorate</strong></span> <span class='ocrx_word' id='word_1_596' title='bbox 3398 3558 3465 3611; x_wconf 90' lang='lat' dir='ltr'><strong>ad</strong></span> 
     </span>
    </p>
   </div>
   <div class='ocr_carea' id='block_1_82' title="bbox 1872 3641 3463 3717">
    <p class='ocr_par' dir='ltr' id='par_1_82' title="bbox 1872 3641 3463 3717">
     <span class='ocr_line' id='line_1_82' title="bbox 1872 3641 3463 3717; baseline 0.003 -22"><span class='ocrx_word' id='word_1_597' title='bbox 1872 3641 2030 3712; x_wconf 80' lang='lat'><strong>361</strong></span> <span class='ocrx_word' id='word_1_598' title='bbox 2081 3644 2262 3698; x_wconf 91' lang='lat' dir='ltr'><strong>locum</strong></span> <span class='ocrx_word' id='word_1_599' title='bbox 2316 3647 2405 3699; x_wconf 86' lang='lat' dir='ltr'><strong>ubi</strong></span> <span class='ocrx_word' id='word_1_600' title='bbox 2459 3653 2735 3701; x_wconf 88' lang='lat' dir='ltr'><strong>steterunt</strong></span> <span class='ocrx_word' id='word_1_601' title='bbox 2774 3649 2944 3716; x_wconf 87' lang='lat' dir='ltr'><strong>pedes</strong></span> <span class='ocrx_word' id='word_1_602' title='bbox 2983 3648 3105 3717; x_wconf 85' lang='lat' dir='ltr'><strong>ejus</strong></span> <span class='ocrx_word' id='word_1_603' title='bbox 3132 3649 3195 3700; x_wconf 76' lang='grc'><strong>⁸⁷.</strong></span> <span class='ocrx_word' id='word_1_604' title='bbox 3238 3666 3257 3698; x_wconf 71' lang='grc' dir='ltr'><strong>ι</strong></span> <span class='ocrx_word' id='word_1_605' title='bbox 3301 3647 3463 3701; x_wconf 59' lang='lat' dir='ltr'><strong>Item.</strong></span> 
     </span>
    </p>
   </div>
   <div class='ocr_carea' id='block_1_83' title="bbox 1875 3734 3465 3805">
    <p class='ocr_par' dir='ltr' id='par_1_83' title="bbox 1875 3734 3465 3805">
     <span class='ocr_line' id='line_1_83' title="bbox 1875 3734 3465 3805; baseline 0.004 -20"><span class='ocrx_word' id='word_1_606' title='bbox 1875 3748 1982 3800; x_wconf 87' lang='lat' dir='ltr'><strong>que</strong></span> <span class='ocrx_word' id='word_1_607' title='bbox 2008 3751 2020 3786; x_wconf 91' lang='lat'><strong>:</strong></span> <span class='ocrx_word' id='word_1_608' title='bbox 2059 3752 2076 3784; x_wconf 79' lang='grc' dir='ltr'><strong>ι</strong></span> <span class='ocrx_word' id='word_1_609' title='bbox 2115 3734 2355 3790; x_wconf 83' lang='lat' dir='ltr'><strong>Adorate</strong></span> <span class='ocrx_word' id='word_1_610' title='bbox 2374 3736 2441 3789; x_wconf 90' lang='lat' dir='ltr'><strong>ad</strong></span> <span class='ocrx_word' id='word_1_611' title='bbox 2472 3746 2714 3793; x_wconf 90' lang='lat' dir='ltr'><strong>montem</strong></span> <span class='ocrx_word' id='word_1_612' title='bbox 2745 3747 2998 3793; x_wconf 88' lang='lat' dir='ltr'><strong>sanctum</strong></span> <span class='ocrx_word' id='word_1_613' title='bbox 3025 3738 3146 3805; x_wconf 83' lang='lat' dir='ltr'><strong>ejus</strong></span> <span class='ocrx_word' id='word_1_614' title='bbox 3175 3739 3236 3791; x_wconf 66' lang='lat'><strong>‘8.</strong></span> <span class='ocrx_word' id='word_1_615' title='bbox 3262 3758 3280 3789; x_wconf 75' lang='grc' dir='ltr'><strong>ι</strong></span> <span class='ocrx_word' id='word_1_616' title='bbox 3310 3738 3465 3793; x_wconf 82' lang='lat' dir='ltr'><strong>Mons</strong></span> 
     </span>
    </p>
   </div>
   <div class='ocr_carea' id='block_1_84' title="bbox 1878 3822 3464 3893">
    <p class='ocr_par' dir='ltr' id='par_1_84' title="bbox 1878 3822 3464 3893">
     <span class='ocr_line' id='line_1_84' title="bbox 1878 3822 3464 3893; baseline 0.004 -18"><span class='ocrx_word' id='word_1_617' title='bbox 1878 3822 1968 3878; x_wconf 91' lang='lat' dir='ltr'><strong>Dei</strong></span> <span class='ocrx_word' id='word_1_618' title='bbox 2020 3835 2250 3881; x_wconf 90' lang='lat' dir='ltr'><strong>sanctus</strong></span> <span class='ocrx_word' id='word_1_619' title='bbox 2282 3834 2336 3880; x_wconf 87' lang='lat' dir='ltr'><strong>et</strong></span> <span class='ocrx_word' id='word_1_620' title='bbox 2368 3826 2667 3893; x_wconf 87' lang='lat' dir='ltr'><strong>animatus,</strong></span> <span class='ocrx_word' id='word_1_621' title='bbox 2696 3837 2780 3883; x_wconf 90' lang='lat' dir='ltr'><strong>est</strong></span> <span class='ocrx_word' id='word_1_622' title='bbox 2813 3837 3003 3883; x_wconf 89' lang='lat' dir='ltr'><strong>sancta</strong></span> <span class='ocrx_word' id='word_1_623' title='bbox 3042 3828 3133 3882; x_wconf 86' lang='lat' dir='ltr'><strong>Del</strong></span> <span class='ocrx_word' id='word_1_624' title='bbox 3181 3827 3464 3892; x_wconf 76' lang='lat' dir='ltr'><strong>Gcnitrix;</strong></span> 
     </span>
    </p>
   </div>
   <div class='ocr_carea' id='block_1_85' title="bbox 1877 3915 3469 3989">
    <p class='ocr_par' dir='ltr' id='par_1_85' title="bbox 1877 3915 3469 3989">
     <span class='ocr_line' id='line_1_85' title="bbox 1877 3915 3469 3989; baseline 0.003 -22"><span class='ocrx_word' id='word_1_625' title='bbox 1877 3923 2092 3970; x_wconf 82' lang='lat' dir='ltr'><strong>montes</strong></span> <span class='ocrx_word' id='word_1_626' title='bbox 2111 3915 2205 3972; x_wconf 87' lang='lat' dir='ltr'><strong>Dei</strong></span> <span class='ocrx_word' id='word_1_627' title='bbox 2237 3917 2447 3971; x_wconf 88' lang='lat' dir='ltr'><strong>ratione</strong></span> <span class='ocrx_word' id='word_1_628' title='bbox 2470 3919 2701 3987; x_wconf 61' lang='lat' dir='ltr'><strong>praediti,</strong></span> <span class='ocrx_word' id='word_1_629' title='bbox 2730 3927 2861 3979; x_wconf 85' lang='lat' dir='ltr'><strong>sunt</strong></span> <span class='ocrx_word' id='word_1_630' title='bbox 2910 3919 3145 3989; x_wconf 86' lang='lat' dir='ltr'><strong>apostoli</strong></span> <span class='ocrx_word' id='word_1_631' title='bbox 3177 3936 3191 3972; x_wconf 91' lang='lat'><strong>:</strong></span> <span class='ocrx_word' id='word_1_632' title='bbox 3224 3935 3243 3969; x_wconf 78' lang='grc' dir='ltr'><strong>ι</strong></span> <span class='ocrx_word' id='word_1_633' title='bbox 3270 3918 3469 3973; x_wconf 79' lang='lat' dir='ltr'><strong>Exsul-</strong></span> 
     </span>
    </p>
   </div>
   <div class='ocr_carea' id='block_1_86' title="bbox 1879 4010 3464 4085">
    <p class='ocr_par' dir='ltr' id='par_1_86' title="bbox 1879 4010 3464 4085">
     <span class='ocr_line' id='line_1_86' title="bbox 1879 4010 3464 4085; baseline 0.004 -25"><span class='ocrx_word' id='word_1_634' title='bbox 1879 4015 2136 4062; x_wconf 86' lang='lat' dir='ltr'><strong>taverunt</strong></span> <span class='ocrx_word' id='word_1_635' title='bbox 2165 4018 2383 4064; x_wconf 90' lang='lat' dir='ltr'><strong>montes</strong></span> <span class='ocrx_word' id='word_1_636' title='bbox 2410 4010 2554 4064; x_wconf 89' lang='lat' dir='ltr'><strong>sicut</strong></span> <span class='ocrx_word' id='word_1_637' title='bbox 2595 4010 2819 4076; x_wconf 89' lang='lat' dir='ltr'><strong>arietes,</strong></span> <span class='ocrx_word' id='word_1_638' title='bbox 2860 4021 2915 4067; x_wconf 90' lang='lat' dir='ltr'><strong>et</strong></span> <span class='ocrx_word' id='word_1_639' title='bbox 2944 4012 3116 4071; x_wconf 90' lang='lat' dir='ltr'><strong>colles</strong></span> <span class='ocrx_word' id='word_1_640' title='bbox 3165 4012 3309 4069; x_wconf 87' lang='lat' dir='ltr'><strong>sicut</strong></span> <span class='ocrx_word' id='word_1_641' title='bbox 3340 4011 3464 4085; x_wconf 74' lang='lat' dir='ltr'><strong>agni</strong></span> 
     </span>
    </p>
   </div>
   <div class='ocr_carea' id='block_1_87' title="bbox 1879 4100 2216 4155">
    <p class='ocr_par' dir='ltr' id='par_1_87' title="bbox 1879 4100 2216 4155">
     <span class='ocr_line' id='line_1_87' title="bbox 1879 4100 2216 4155; baseline 0 -2"><span class='ocrx_word' id='word_1_642' title='bbox 1879 4100 2064 4155; x_wconf 89' lang='lat' dir='ltr'><strong>ovium</strong></span> <span class='ocrx_word' id='word_1_643' title='bbox 2094 4102 2157 4155; x_wconf 70' lang='grc'><strong>³³.</strong></span> <span class='ocrx_word' id='word_1_644' title='bbox 2198 4121 2216 4153; x_wconf 72' lang='grc' dir='ltr'><strong>ι</strong></span> 
     </span>
    </p>
   </div>
   <div class='ocr_carea' id='block_1_88' title="bbox 1949 4190 3465 4266">
    <p class='ocr_par' dir='ltr' id='par_1_88' title="bbox 1949 4190 3465 4266">
     <span class='ocr_line' id='line_1_88' title="bbox 1949 4190 3465 4266; baseline 0.003 -21"><span class='ocrx_word' id='word_1_645' title='bbox 1949 4191 2039 4245; x_wconf 76' lang='lat'><strong>5’5.</strong></span> <span class='ocrx_word' id='word_1_646' title='bbox 2092 4190 2314 4248; x_wconf 90' lang='lat' dir='ltr'><strong>Tertius</strong></span> <span class='ocrx_word' id='word_1_647' title='bbox 2363 4193 2561 4248; x_wconf 86' lang='lat' dir='ltr'><strong>modus</strong></span> <span class='ocrx_word' id='word_1_648' title='bbox 2614 4193 2707 4248; x_wconf 88' lang='lat' dir='ltr'><strong>ille</strong></span> <span class='ocrx_word' id='word_1_649' title='bbox 2760 4201 2866 4260; x_wconf 88' lang='lat' dir='ltr'><strong>est,</strong></span> <span class='ocrx_word' id='word_1_650' title='bbox 2914 4209 3025 4265; x_wconf 90' lang='lat' dir='ltr'><strong>quo</strong></span> <span class='ocrx_word' id='word_1_651' title='bbox 3061 4209 3128 4251; x_wconf 91' lang='lat' dir='ltr'><strong>ea</strong></span> <span class='ocrx_word' id='word_1_652' title='bbox 3180 4210 3303 4266; x_wconf 85' lang='lat' dir='ltr'><strong>quae</strong></span> <span class='ocrx_word' id='word_1_653' title='bbox 3353 4195 3465 4250; x_wconf 85' lang='lat' dir='ltr'><strong>Dco</strong></span> 
     </span>
    </p>
   </div>
   <div class='ocr_carea' id='block_1_89' title="bbox 1879 4286 3468 4356">
    <p class='ocr_par' dir='ltr' id='par_1_89' title="bbox 1879 4286 3468 4356">
     <span class='ocr_line' id='line_1_89' title="bbox 1879 4286 3468 4356; baseline 0.004 -20"><span class='ocrx_word' id='word_1_654' title='bbox 1879 4290 2207 4337; x_wconf 83' lang='lat' dir='ltr'><strong>consecrata</strong></span> <span class='ocrx_word' id='word_1_655' title='bbox 2232 4292 2383 4348; x_wconf 90' lang='lat' dir='ltr'><strong>sunt,</strong></span> <span class='ocrx_word' id='word_1_656' title='bbox 2410 4286 2731 4351; x_wconf 84' lang='lat' dir='ltr'><strong>adoramus,</strong></span> <span class='ocrx_word' id='word_1_657' title='bbox 2756 4295 2884 4356; x_wconf 85' lang='lat' dir='ltr'><strong>puta</strong></span> <span class='ocrx_word' id='word_1_658' title='bbox 2909 4294 3263 4343; x_wconf 88' lang='lat' dir='ltr'><strong>sacrosancta</strong></span> <span class='ocrx_word' id='word_1_659' title='bbox 3293 4289 3468 4342; x_wconf 88' lang='lat' dir='ltr'><strong>Evan-</strong></span> 
     </span>
    </p>
   </div>
   <div class='ocr_carea' id='block_1_90' title="bbox 1880 4372 3470 4450">
    <p class='ocr_par' dir='ltr' id='par_1_90' title="bbox 1880 4372 3470 4450">
     <span class='ocr_line' id='line_1_90' title="bbox 1880 4372 3470 4450; baseline 0.005 -22"><span class='ocrx_word' id='word_1_660' title='bbox 1880 4372 2041 4442; x_wconf 80' lang='lat' dir='ltr'><strong>gelia,</strong></span> <span class='ocrx_word' id='word_1_661' title='bbox 2079 4374 2433 4445; x_wconf 86' lang='lat' dir='ltr'><strong>reliquosque</strong></span> <span class='ocrx_word' id='word_1_662' title='bbox 2471 4375 2646 4432; x_wconf 91' lang='lat' dir='ltr'><strong>libros</strong></span> <span class='ocrx_word' id='word_1_663' title='bbox 2700 4389 2922 4434; x_wconf 87' lang='lat' dir='ltr'><strong>sanctos</strong></span> <span class='ocrx_word' id='word_1_664' title='bbox 2962 4396 2976 4432; x_wconf 89' lang='lat'><strong>:</strong></span> <span class='ocrx_word' id='word_1_665' title='bbox 3016 4396 3036 4430; x_wconf 86' lang='grc'><em>‹</em></span> <span class='ocrx_word' id='word_1_666' title='bbox 3076 4378 3281 4450; x_wconf 90' lang='lat' dir='ltr'><strong>Scripti</strong></span> <span class='ocrx_word' id='word_1_667' title='bbox 3319 4379 3470 4436; x_wconf 89' lang='lat' dir='ltr'><strong>enim</strong></span> 
     </span>
    </p>
   </div>
   <div class='ocr_carea' id='block_1_91' title="bbox 98 4466 1767 4550">
    <p class='ocr_par' dir='ltr' id='par_1_91' title="bbox 98 4466 1767 4550">
     <span class='ocr_line' id='line_1_91' title="bbox 98 4466 1767 4550; baseline -0.011 -17"><span class='ocrx_word' id='word_1_668' title='bbox 98 4488 105 4503; x_wconf 86' lang='lat'><strong>‘</strong></span> <span class='ocrx_word' id='word_1_669' title='bbox 193 4479 380 4550; x_wconf 76' lang='grc' dir='ltr'>ἡμῶν,</span> <span class='ocrx_word' id='word_1_670' title='bbox 422 4478 501 4539; x_wconf 83' lang='grc' dir='ltr'><strong>είς</strong></span> <span class='ocrx_word' id='word_1_671' title='bbox 524 4473 620 4538; x_wconf 76' lang='grc' dir='ltr'><strong>οὓς</strong></span> <span class='ocrx_word' id='word_1_672' title='bbox 656 4474 725 4527; x_wconf 87' lang='grc' dir='ltr'>τὰ</span> <span class='ocrx_word' id='word_1_673' title='bbox 755 4472 885 4542; x_wconf 81' lang='grc' dir='ltr'>τέλη</span> <span class='ocrx_word' id='word_1_674' title='bbox 931 4469 1039 4522; x_wconf 88' lang='grc' dir='ltr'><strong>τῶν</strong></span> <span class='ocrx_word' id='word_1_675' title='bbox 1090 4466 1303 4520; x_wconf 73' lang='grc' dir='ltr'>αἰώνων</span> <span class='ocrx_word' id='word_1_676' title='bbox 1328 4466 1726 4536; x_wconf 61' lang='grc' dir='ltr'>ακατήντησανο</span> <span class='ocrx_word' id='word_1_677' title='bbox 1757 4480 1767 4514; x_wconf 88' lang='lat' dir='ltr'><strong>t</strong></span> 
     </span>
    </p>
   </div>
   <div class='ocr_carea' id='block_1_92' title="bbox 1877 4466 3472 4550">
    <p class='ocr_par' dir='ltr' id='par_1_92' title="bbox 1885 4467 3472 4543">
     <span class='ocr_line' id='line_1_92' title="bbox 1885 4467 3472 4543; baseline 0.003 -22"><span class='ocrx_word' id='word_1_678' title='bbox 1885 4473 2014 4521; x_wconf 89' lang='lat' dir='ltr'><strong>sunt</strong></span> <span class='ocrx_word' id='word_1_679' title='bbox 2042 4467 2108 4521; x_wconf 89' lang='lat' dir='ltr'><strong>ad</strong></span> <span class='ocrx_word' id='word_1_680' title='bbox 2143 4476 2394 4525; x_wconf 86' lang='lat' dir='ltr'><strong>nostram</strong></span> <span class='ocrx_word' id='word_1_681' title='bbox 2420 4469 2867 4535; x_wconf 90' lang='lat' dir='ltr'><strong>instructionem,</strong></span> <span class='ocrx_word' id='word_1_682' title='bbox 2908 4471 2977 4527; x_wconf 86' lang='lat' dir='ltr'><strong>ad</strong></span> <span class='ocrx_word' id='word_1_683' title='bbox 3011 4487 3153 4543; x_wconf 86' lang='lat' dir='ltr'><strong>quos</strong></span> <span class='ocrx_word' id='word_1_684' title='bbox 3183 4472 3321 4531; x_wconf 71' lang='lat' dir='ltr'><strong>lines</strong></span> <span class='ocrx_word' id='word_1_685' title='bbox 3370 4484 3472 4525; x_wconf 51' lang='lat' dir='ltr'><strong>saec</strong></span> 
     </span>
    </p>
   </div>
   <div class='ocr_carea' id='block_1_93' title="bbox 1884 4558 3469 4629">
    <p class='ocr_par' dir='ltr' id='par_1_93' title="bbox 1884 4558 3469 4629">
     <span class='ocr_line' id='line_1_93' title="bbox 1884 4558 3469 4629; baseline 0.005 -18"><span class='ocrx_word' id='word_1_686' title='bbox 1884 4558 2139 4614; x_wconf 90' lang='lat' dir='ltr'><strong>culorum</strong></span> <span class='ocrx_word' id='word_1_687' title='bbox 2167 4561 2511 4617; x_wconf 90' lang='lat' dir='ltr'><strong>devenerunt</strong></span> <span class='ocrx_word' id='word_1_688' title='bbox 2540 4563 2619 4629; x_wconf 74' lang='lat'><strong>&#39;°;</strong></span> <span class='ocrx_word' id='word_1_689' title='bbox 2659 4582 2678 4615; x_wconf 82' lang='grc'><strong><em>›</em></strong></span> <span class='ocrx_word' id='word_1_690' title='bbox 2712 4564 2883 4618; x_wconf 89' lang='lat' dir='ltr'><strong>veluti</strong></span> <span class='ocrx_word' id='word_1_691' title='bbox 2913 4565 3079 4619; x_wconf 87' lang='lat' dir='ltr'><strong>etiam</strong></span> <span class='ocrx_word' id='word_1_692' title='bbox 3124 4565 3334 4627; x_wconf 90' lang='lat' dir='ltr'><strong>discos,</strong></span> <span class='ocrx_word' id='word_1_693' title='bbox 3374 4577 3469 4619; x_wconf 88' lang='lat' dir='ltr'><strong>ca-</strong></span> 
     </span>
    </p>
   </div>
   <div class='ocr_carea' id='block_1_94' title="bbox 1887 4648 3471 4724">
    <p class='ocr_par' dir='ltr' id='par_1_94' title="bbox 1887 4648 3471 4724">
     <span class='ocr_line' id='line_1_94' title="bbox 1887 4648 3471 4724; baseline 0.003 -22"><span class='ocrx_word' id='word_1_694' title='bbox 1887 4648 2046 4713; x_wconf 90' lang='lat' dir='ltr'><strong>lices,</strong></span> <span class='ocrx_word' id='word_1_695' title='bbox 2084 4650 2386 4717; x_wconf 90' lang='lat' dir='ltr'><strong>thuribula,</strong></span> <span class='ocrx_word' id='word_1_696' title='bbox 2440 4653 2719 4717; x_wconf 89' lang='lat' dir='ltr'><strong>lucernas,</strong></span> <span class='ocrx_word' id='word_1_697' title='bbox 2750 4662 2804 4708; x_wconf 89' lang='lat' dir='ltr'><strong>et</strong></span> <span class='ocrx_word' id='word_1_698' title='bbox 2842 4669 3065 4711; x_wconf 84' lang='lat' dir='ltr'><strong>mensas</strong></span> <span class='ocrx_word' id='word_1_699' title='bbox 3097 4672 3109 4710; x_wconf 94' lang='lat'>:</span> <span class='ocrx_word' id='word_1_700' title='bbox 3146 4669 3210 4709; x_wconf 88' lang='lat' dir='ltr'><strong>ea</strong></span> <span class='ocrx_word' id='word_1_701' title='bbox 3265 4652 3471 4724; x_wconf 88' lang='lat' dir='ltr'><strong>quippe</strong></span> 
     </span>
    </p>
   </div>
   <div class='ocr_carea' id='block_1_95' title="bbox 197 4740 1767 4824">
    <p class='ocr_par' dir='ltr' id='par_1_95' title="bbox 197 4740 1767 4824">
     <span class='ocr_line' id='line_1_95' title="bbox 197 4740 1767 4824; baseline -0.011 -17"><span class='ocrx_word' id='word_1_702' title='bbox 197 4754 336 4824; x_wconf 84' lang='grc' dir='ltr'>γὰρ,</span> <span class='ocrx_word' id='word_1_703' title='bbox 370 4753 460 4804; x_wconf 87' lang='grc' dir='ltr'>ὅτε</span> <span class='ocrx_word' id='word_1_704' title='bbox 491 4748 778 4818; x_wconf 80' lang='grc' dir='ltr'>Βαλτάσαρ</span> <span class='ocrx_word' id='word_1_705' title='bbox 803 4746 1061 4814; x_wconf 82' lang='grc' dir='ltr'>ἐποίησεν</span> <span class='ocrx_word' id='word_1_706' title='bbox 1093 4742 1509 4814; x_wconf 63' lang='grc' dir='ltr'>ὑπηρεηθῆναι</span> <span class='ocrx_word' id='word_1_707' title='bbox 1541 4741 1633 4796; x_wconf 84' lang='grc' dir='ltr'><strong>τὸν</strong></span> <span class='ocrx_word' id='word_1_708' title='bbox 1658 4740 1767 4793; x_wconf 54' lang='grc' dir='ltr'>λαὸγ</span> 
     </span>
    </p>
   </div>
   <div class='ocr_carea' id='block_1_96' title="bbox 1877 4740 3467 4824">
    <p class='ocr_par' dir='ltr' id='par_1_96' title="bbox 1888 4741 3467 4814">
     <span class='ocr_line' id='line_1_96' title="bbox 1888 4741 3467 4814; baseline 0.001 -20"><span class='ocrx_word' id='word_1_709' title='bbox 1888 4741 2076 4795; x_wconf 93' lang='lat' dir='ltr'><strong>omnia</strong></span> <span class='ocrx_word' id='word_1_710' title='bbox 2105 4744 2458 4798; x_wconf 89' lang='lat' dir='ltr'><strong>veneratione</strong></span> <span class='ocrx_word' id='word_1_711' title='bbox 2488 4743 2654 4814; x_wconf 83' lang='lat' dir='ltr'><strong>digna</strong></span> <span class='ocrx_word' id='word_1_712' title='bbox 2679 4759 2802 4800; x_wconf 89' lang='lat' dir='ltr'><strong>esse</strong></span> <span class='ocrx_word' id='word_1_713' title='bbox 2833 4745 3018 4801; x_wconf 91' lang='lat' dir='ltr'><strong>nullus</strong></span> <span class='ocrx_word' id='word_1_714' title='bbox 3049 4744 3261 4801; x_wconf 86' lang='lat' dir='ltr'><strong>inlicias</strong></span> <span class='ocrx_word' id='word_1_715' title='bbox 3290 4743 3467 4797; x_wconf 83' lang='lat' dir='ltr'><strong>iverit.</strong></span> 
     </span>
    </p>
   </div>
   <div class='ocr_carea' id='block_1_97' title="bbox 199 4831 1786 4909">
    <p class='ocr_par' dir='ltr' id='par_1_97' title="bbox 199 4831 1786 4909">
     <span class='ocr_line' id='line_1_97' title="bbox 199 4831 1786 4909; baseline -0.009 -11"><span class='ocrx_word' id='word_1_716' title='bbox 199 4848 325 4907; x_wconf 77' lang='grc' dir='ltr'>τοῖς</span> <span class='ocrx_word' id='word_1_717' title='bbox 352 4842 605 4895; x_wconf 86' lang='grc' dir='ltr'>σκεύεσιν</span> <span class='ocrx_word' id='word_1_718' title='bbox 636 4842 747 4902; x_wconf 82' lang='grc' dir='ltr'>τοῖς</span> <span class='ocrx_word' id='word_1_719' title='bbox 780 4838 1094 4909; x_wconf 80' lang='grc' dir='ltr'>ἱερατικοῖς,</span> <span class='ocrx_word' id='word_1_720' title='bbox 1138 4834 1255 4897; x_wconf 87' lang='grc' dir='ltr'><strong>πῶς</strong></span> <span class='ocrx_word' id='word_1_721' title='bbox 1286 4834 1538 4887; x_wconf 83' lang='grc' dir='ltr'>καθεῖλεν</span> <span class='ocrx_word' id='word_1_722' title='bbox 1583 4835 1613 4885; x_wconf 88' lang='grc' dir='ltr'><strong>ό</strong></span> <span class='ocrx_word' id='word_1_723' title='bbox 1654 4831 1786 4894; x_wconf 84' lang='grc' dir='ltr'>Θεὸς</span> 
     </span>
    </p>
   </div>
   <div class='ocr_carea' id='block_1_98' title="bbox 199 4930 843 5007">
    <p class='ocr_par' dir='ltr' id='par_1_98' title="bbox 199 4930 843 5007">
     <span class='ocr_line' id='line_1_98' title="bbox 199 4930 843 5007; baseline -0.009 -18"><span class='ocrx_word' id='word_1_724' title='bbox 199 4938 312 5007; x_wconf 78' lang='grc' dir='ltr'>τὴν</span> <span class='ocrx_word' id='word_1_725' title='bbox 349 4934 631 5006; x_wconf 82' lang='grc' dir='ltr'>βασιλείαν</span> <span class='ocrx_word' id='word_1_726' title='bbox 653 4930 843 4987; x_wconf 77' lang='grc' dir='ltr'>αὐτοῦ.</span> 
     </span>
    </p>
   </div>
   <div class='ocr_carea' id='block_1_99' title="bbox 277 5118 1790 5198">
    <p class='ocr_par' dir='ltr' id='par_1_99' title="bbox 277 5118 1790 5198">
     <span class='ocr_line' id='line_1_99' title="bbox 277 5118 1790 5198; baseline -0.009 -15"><span class='ocrx_word' id='word_1_727' title='bbox 277 5130 395 5196; x_wconf 71' lang='grc' dir='ltr'>λς’.</span> <span class='ocrx_word' id='word_1_728' title='bbox 424 5124 701 5198; x_wconf 78' lang='grc' dir='ltr'>Τέταρτος</span> <span class='ocrx_word' id='word_1_729' title='bbox 741 5125 963 5195; x_wconf 88' lang='grc' dir='ltr'>τρόπος,</span> <span class='ocrx_word' id='word_1_730' title='bbox 995 5122 1115 5174; x_wconf 81' lang='grc' dir='ltr'>καθ’</span> <span class='ocrx_word' id='word_1_731' title='bbox 1157 5121 1217 5172; x_wconf 77' lang='grc' dir='ltr'><strong>ὃν</strong></span> <span class='ocrx_word' id='word_1_732' title='bbox 1266 5118 1702 5189; x_wconf 81' lang='grc' dir='ltr'>προσκυνοῦνται</span> <span class='ocrx_word' id='word_1_733' title='bbox 1732 5118 1790 5170; x_wconf 86' lang='grc' dir='ltr'><strong>αί</strong></span> 
     </span>
    </p>
   </div>
   <div class='ocr_carea' id='block_1_100' title="bbox 204 5208 1787 5290">
    <p class='ocr_par' dir='ltr' id='par_1_100' title="bbox 204 5208 1787 5290">
     <span class='ocr_line' id='line_1_100' title="bbox 204 5208 1787 5290; baseline -0.01 -14"><span class='ocrx_word' id='word_1_734' title='bbox 204 5223 423 5285; x_wconf 74' lang='grc' dir='ltr'>εἰκόνες</span> <span class='ocrx_word' id='word_1_735' title='bbox 451 5221 508 5274; x_wconf 80' lang='grc' dir='ltr'>αἱ</span> <span class='ocrx_word' id='word_1_736' title='bbox 528 5219 781 5290; x_wconf 87' lang='grc' dir='ltr'>όφθεῖσαι</span> <span class='ocrx_word' id='word_1_737' title='bbox 811 5218 925 5277; x_wconf 86' lang='grc' dir='ltr'>τοῖς</span> <span class='ocrx_word' id='word_1_738' title='bbox 948 5214 1255 5285; x_wconf 73' lang='grc' dir='ltr'>προφήταις</span> <span class='ocrx_word' id='word_1_739' title='bbox 1300 5210 1381 5282; x_wconf 88' lang='grc' dir='ltr'>(ἐν</span> <span class='ocrx_word' id='word_1_740' title='bbox 1409 5211 1649 5279; x_wconf 84' lang='grc' dir='ltr'>είκονικῇ</span> <span class='ocrx_word' id='word_1_741' title='bbox 1680 5208 1787 5279; x_wconf 76' lang='grc' dir='ltr'><strong>γὰρ</strong></span> 
     </span>
    </p>
   </div>
   <div class='ocr_carea' id='block_1_101' title="bbox 284 5357 779 5420">
    <p class='ocr_par' dir='ltr' id='par_1_101' title="bbox 284 5357 779 5420">
     <span class='ocr_line' id='line_1_101' title="bbox 284 5357 779 5420; baseline -0.012 -4"><span class='ocrx_word' id='word_1_742' title='bbox 284 5360 333 5394; x_wconf 73' lang='grc'><strong>¹⁵</strong></span> <span class='ocrx_word' id='word_1_743' title='bbox 362 5361 485 5416; x_wconf 83' lang='lat' dir='ltr'><strong>Act.</strong></span> <span class='ocrx_word' id='word_1_744' title='bbox 525 5374 641 5420; x_wconf 72' lang='lat' dir='ltr'><strong>nx,</strong></span> <span class='ocrx_word' id='word_1_745' title='bbox 692 5357 779 5411; x_wconf 72' lang='lat'><strong>12.</strong></span> 
     </span>
    </p>
   </div>
   <div class='ocr_carea' id='block_1_102' title="bbox 210 5428 759 5495">
    <p class='ocr_par' dir='ltr' id='par_1_102' title="bbox 210 5428 759 5495">
     <span class='ocr_line' id='line_1_102' title="bbox 210 5428 759 5495; baseline -0.004 -10"><span class='ocrx_word' id='word_1_746' title='bbox 210 5433 258 5465; x_wconf 83' lang='grc'><strong>¹⁹</strong></span> <span class='ocrx_word' id='word_1_747' title='bbox 303 5429 453 5487; x_wconf 83' lang='lat' dir='ltr'><strong>Psal.</strong></span> <span class='ocrx_word' id='word_1_748' title='bbox 501 5444 655 5495; x_wconf 77' lang='lat' dir='ltr'><strong>cxtu,</strong></span> <span class='ocrx_word' id='word_1_749' title='bbox 705 5428 759 5483; x_wconf 74' lang='grc'><strong>4.</strong></span> 
     </span>
    </p>
   </div>
   <div class='ocr_carea' id='block_1_103' title="bbox 898 5352 1495 5424">
    <p class='ocr_par' dir='ltr' id='par_1_103' title="bbox 898 5352 1495 5424">
     <span class='ocr_line' id='line_1_103' title="bbox 898 5352 1495 5424; baseline -0.008 -14"><span class='ocrx_word' id='word_1_750' title='bbox 898 5353 1038 5409; x_wconf 82' lang='lat' dir='ltr'><strong>&quot;IV</strong></span> <span class='ocrx_word' id='word_1_751' title='bbox 1099 5356 1232 5424; x_wconf 82' lang='lat' dir='ltr'><strong>Reg.</strong></span> <span class='ocrx_word' id='word_1_752' title='bbox 1286 5352 1495 5424; x_wconf 67' lang='lat' dir='ltr'><strong>tt,_25.</strong></span> 
     </span>
    </p>
   </div>
   <div class='ocr_carea' id='block_1_104' title="bbox 1617 5348 2108 5410">
    <p class='ocr_par' dir='ltr' id='par_1_104' title="bbox 1617 5348 2108 5410">
     <span class='ocr_line' id='line_1_104' title="bbox 1617 5348 2108 5410; baseline -0.004 -8"><span class='ocrx_word' id='word_1_753' title='bbox 1617 5350 1658 5379; x_wconf 78' lang='lat'><strong>“‘</strong></span> <span class='ocrx_word' id='word_1_754' title='bbox 1711 5350 1854 5403; x_wconf 82' lang='lat' dir='ltr'><strong>Psal.</strong></span> <span class='ocrx_word' id='word_1_755' title='bbox 1899 5365 2024 5410; x_wconf 73' lang='lat' dir='ltr'><strong>xxv.</strong></span> <span class='ocrx_word' id='word_1_756' title='bbox 2057 5348 2108 5401; x_wconf 88' lang='lat'><strong>8.</strong></span> 
     </span>
    </p>
   </div>
   <div class='ocr_carea' id='block_1_105' title="bbox 850 5417 2217 5489">
    <p class='ocr_par' dir='ltr' id='par_1_105' title="bbox 850 5417 2217 5489">
     <span class='ocr_line' id='line_1_105' title="bbox 850 5417 2217 5489; baseline -0.007 -9"><span class='ocrx_word' id='word_1_757' title='bbox 850 5427 895 5459; x_wconf 68' lang='grc' dir='ltr'>’θ</span> <span class='ocrx_word' id='word_1_758' title='bbox 920 5428 939 5479; x_wconf 84' lang='grc' dir='ltr'><strong>ι</strong></span> <span class='ocrx_word' id='word_1_759' title='bbox 965 5428 1091 5480; x_wconf 80' lang='lat' dir='ltr'><strong>Cor.</strong></span> <span class='ocrx_word' id='word_1_760' title='bbox 1142 5417 1284 5486; x_wconf 43' lang='lat' dir='ltr'><strong>xfll</strong></span> <span class='ocrx_word' id='word_1_761' title='bbox 1319 5441 1332 5489; x_wconf 88' lang='lat'><strong>;</strong></span> <span class='ocrx_word' id='word_1_762' title='bbox 1363 5422 1520 5475; x_wconf 84' lang='lat' dir='ltr'><strong>Rom.</strong></span> <span class='ocrx_word' id='word_1_763' title='bbox 1557 5435 1646 5485; x_wconf 80' lang='lat' dir='ltr'><strong>xv,</strong></span> <span class='ocrx_word' id='word_1_764' title='bbox 1677 5420 1727 5471; x_wconf 65' lang='grc' dir='ltr'>ί.</span> <span class='ocrx_word' id='word_1_765' title='bbox 1803 5421 1843 5449; x_wconf 81' lang='grc'>¹¹</span> <span class='ocrx_word' id='word_1_766' title='bbox 1891 5417 2024 5471; x_wconf 86' lang='lat' dir='ltr'><strong>Dan.</strong></span> <span class='ocrx_word' id='word_1_767' title='bbox 2061 5419 2217 5483; x_wconf 65' lang='lat' dir='ltr'><strong>v,&#39;28.</strong></span> 
     </span>
    </p>
   </div>
   <div class='ocr_carea' id='block_1_106' title="bbox 1892 4833 3471 4906">
    <p class='ocr_par' dir='ltr' id='par_1_106' title="bbox 1892 4833 3471 4906">
     <span class='ocr_line' id='line_1_106' title="bbox 1892 4833 3471 4906; baseline 0.001 -19"><span class='ocrx_word' id='word_1_768' title='bbox 1892 4833 2029 4889; x_wconf 81' lang='lat' dir='ltr'><strong>Vide</strong></span> <span class='ocrx_word' id='word_1_769' title='bbox 2068 4835 2212 4889; x_wconf 87' lang='lat' dir='ltr'><strong>enim</strong></span> <span class='ocrx_word' id='word_1_770' title='bbox 2262 4836 2540 4906; x_wconf 90' lang='lat' dir='ltr'><strong>quomodo</strong></span> <span class='ocrx_word' id='word_1_771' title='bbox 2584 4838 2753 4905; x_wconf 89' lang='lat' dir='ltr'><strong>Deus,</strong></span> <span class='ocrx_word' id='word_1_772' title='bbox 2802 4852 2927 4892; x_wconf 91' lang='lat' dir='ltr'><strong>cum</strong></span> <span class='ocrx_word' id='word_1_773' title='bbox 3006 4836 3282 4892; x_wconf 85' lang='lat' dir='ltr'><strong>Baltassar</strong></span> <span class='ocrx_word' id='word_1_774' title='bbox 3325 4836 3471 4889; x_wconf 86' lang='lat' dir='ltr'><strong>vasis</strong></span> 
     </span>
    </p>
   </div>
   <div class='ocr_carea' id='block_1_107' title="bbox 1898 4923 3474 4999">
    <p class='ocr_par' dir='ltr' id='par_1_107' title="bbox 1898 4923 3474 4999">
     <span class='ocr_line' id='line_1_107' title="bbox 1898 4923 3474 4999; baseline -0.001 -21"><span class='ocrx_word' id='word_1_775' title='bbox 1898 4923 2075 4978; x_wconf 80' lang='lat' dir='ltr'><strong>sacris</strong></span> <span class='ocrx_word' id='word_1_776' title='bbox 2106 4924 2304 4993; x_wconf 84' lang='lat' dir='ltr'><strong>populo</strong></span> <span class='ocrx_word' id='word_1_777' title='bbox 2343 4924 2646 4981; x_wconf 87' lang='lat' dir='ltr'><strong>ministrari</strong></span> <span class='ocrx_word' id='word_1_778' title='bbox 2690 4926 2979 4996; x_wconf 84' lang='lat' dir='ltr'><strong>jussisset,</strong></span> <span class='ocrx_word' id='word_1_779' title='bbox 3030 4943 3254 4999; x_wconf 66' lang='lat' dir='ltr'><strong>regnum</strong></span> <span class='ocrx_word' id='word_1_780' title='bbox 3298 4924 3474 4995; x_wconf 86' lang='lat' dir='ltr'><strong>ipsius</strong></span> 
     </span>
    </p>
   </div>
   <div class='ocr_carea' id='block_1_108' title="bbox 1896 5012 2331 5083">
    <p class='ocr_par' dir='ltr' id='par_1_108' title="bbox 1896 5012 2331 5083">
     <span class='ocr_line' id='line_1_108' title="bbox 1896 5012 2331 5083; baseline 0.009 -18"><span class='ocrx_word' id='word_1_781' title='bbox 1896 5012 2245 5083; x_wconf 86' lang='lat' dir='ltr'><strong>dissipaverit</strong></span> <span class='ocrx_word' id='word_1_782' title='bbox 2264 5017 2331 5069; x_wconf 80' lang='grc'><strong>²¹.</strong></span> 
     </span>
    </p>
   </div>
   <div class='ocr_carea' id='block_1_109' title="bbox 1970 5108 3476 5180">
    <p class='ocr_par' dir='ltr' id='par_1_109' title="bbox 1970 5108 3476 5180">
     <span class='ocr_line' id='line_1_109' title="bbox 1970 5108 3476 5180; baseline 0 -16"><span class='ocrx_word' id='word_1_783' title='bbox 1970 5108 2058 5164; x_wconf 80' lang='lat'><strong>56.</strong></span> <span class='ocrx_word' id='word_1_784' title='bbox 2095 5110 2339 5176; x_wconf 84' lang='lat' dir='ltr'><strong>Quartus</strong></span> <span class='ocrx_word' id='word_1_785' title='bbox 2370 5108 2565 5164; x_wconf 89' lang='lat' dir='ltr'><strong>modus</strong></span> <span class='ocrx_word' id='word_1_786' title='bbox 2600 5116 2703 5173; x_wconf 87' lang='lat' dir='ltr'><strong>est,</strong></span> <span class='ocrx_word' id='word_1_787' title='bbox 2740 5123 2851 5178; x_wconf 90' lang='lat' dir='ltr'><strong>quo</strong></span> <span class='ocrx_word' id='word_1_788' title='bbox 2878 5109 3142 5180; x_wconf 78' lang='lat' dir='ltr'><strong>imagines</strong></span> <span class='ocrx_word' id='word_1_789' title='bbox 3186 5110 3314 5174; x_wconf 83' lang='lat' dir='ltr'><strong>illae,</strong></span> <span class='ocrx_word' id='word_1_790' title='bbox 3338 5124 3476 5180; x_wconf 85' lang='lat' dir='ltr'><strong>quas</strong></span> 
     </span>
    </p>
   </div>
   <div class='ocr_carea' id='block_1_110' title="bbox 1899 5200 3477 5272">
    <p class='ocr_par' dir='ltr' id='par_1_110' title="bbox 1899 5200 3477 5272">
     <span class='ocr_line' id='line_1_110' title="bbox 1899 5200 3477 5272; baseline -0.001 -17"><span class='ocrx_word' id='word_1_791' title='bbox 1899 5204 2176 5271; x_wconf 72' lang='lat' dir='ltr'><strong>prOpIteta:</strong></span> <span class='ocrx_word' id='word_1_792' title='bbox 2201 5201 2476 5265; x_wconf 89' lang='lat' dir='ltr'><strong>viderunt,</strong></span> <span class='ocrx_word' id='word_1_793' title='bbox 2519 5200 2825 5255; x_wconf 83' lang='lat' dir='ltr'><strong>adorantur</strong></span> <span class='ocrx_word' id='word_1_794' title='bbox 2869 5201 2951 5271; x_wconf 79' lang='lat' dir='ltr'><strong>(lii</strong></span> <span class='ocrx_word' id='word_1_795' title='bbox 3008 5201 3152 5256; x_wconf 88' lang='lat' dir='ltr'><strong>enim</strong></span> <span class='ocrx_word' id='word_1_796' title='bbox 3187 5202 3240 5256; x_wconf 89' lang='lat' dir='ltr'><strong>in</strong></span> <span class='ocrx_word' id='word_1_797' title='bbox 3284 5203 3477 5272; x_wconf 79' lang='lat' dir='ltr'><strong>imagi-</strong></span> 
     </span>
    </p>
   </div>
   <div class='ocr_carea' id='block_1_111' title="bbox 2225 5342 3474 5412">
    <p class='ocr_par' dir='ltr' id='par_1_111' title="bbox 2225 5342 3474 5412">
     <span class='ocr_line' id='line_1_111' title="bbox 2225 5342 3474 5412; baseline 0 -13"><span class='ocrx_word' id='word_1_798' title='bbox 2225 5347 2264 5377; x_wconf 85' lang='lat'>&quot;</span> <span class='ocrx_word' id='word_1_799' title='bbox 2331 5346 2479 5402; x_wconf 86' lang='lat' dir='ltr'><strong>Psal.</strong></span> <span class='ocrx_word' id='word_1_800' title='bbox 2514 5359 2700 5412; x_wconf 75' lang='lat' dir='ltr'><strong>cmi,</strong></span> <span class='ocrx_word' id='word_1_801' title='bbox 2745 5343 2799 5395; x_wconf 91' lang='lat'><strong>7.</strong></span> <span class='ocrx_word' id='word_1_802' title='bbox 2932 5342 3138 5398; x_wconf 74' lang='lat' dir='ltr'><strong>&quot;&#39;l’sal.</strong></span> <span class='ocrx_word' id='word_1_803' title='bbox 3199 5353 3389 5409; x_wconf 74' lang='lat' dir='ltr'><strong>xcrut,</strong></span> <span class='ocrx_word' id='word_1_804' title='bbox 3420 5345 3474 5399; x_wconf 89' lang='lat'><strong>9.</strong></span> 
     </span>
    </p>
   </div>
   <div class='ocr_carea' id='block_1_112' title="bbox 1750 5572 1981 5629">
    <p class='ocr_par' dir='ltr' id='par_1_112' title="bbox 1750 5572 1981 5629">
     <span class='ocr_line' id='line_1_112' title="bbox 1750 5572 1981 5629; baseline 0 -3"><span class='ocrx_word' id='word_1_805' title='bbox 1750 5572 1981 5629; x_wconf 66' lang='lat' dir='ltr'><strong>NOTAE.</strong></span> 
     </span>
    </p>
   </div>
   <div class='ocr_carea' id='block_1_113' title="bbox 290 5662 3497 5755">
    <p class='ocr_par' dir='ltr' id='par_1_113' title="bbox 290 5662 3497 5755">
     <span class='ocr_line' id='line_1_113' title="bbox 290 5662 3497 5755; baseline -0.006 -20"><span class='ocrx_word' id='word_1_806' title='bbox 290 5680 408 5755; x_wconf 55' lang='lat'><strong>(‘24)</strong></span> <span class='ocrx_word' id='word_1_807' title='bbox 442 5676 654 5747; x_wconf 84' lang='lat' dir='ltr'><strong>Ubique</strong></span> <span class='ocrx_word' id='word_1_808' title='bbox 686 5676 924 5734; x_wconf 80' lang='lat' dir='ltr'><strong>reddidi.</strong></span> <span class='ocrx_word' id='word_1_809' title='bbox 950 5674 1017 5727; x_wconf 82' lang='lat' dir='ltr'><strong>ad</strong></span> <span class='ocrx_word' id='word_1_810' title='bbox 1052 5675 1240 5755; x_wconf 78' lang='lat' dir='ltr'><strong>locum.</strong></span> <span class='ocrx_word' id='word_1_811' title='bbox 1270 5680 1342 5735; x_wconf 88' lang='lat' dir='ltr'><strong>ct,</strong></span> <span class='ocrx_word' id='word_1_812' title='bbox 1378 5671 1445 5724; x_wconf 83' lang='lat' dir='ltr'><strong>ad</strong></span> <span class='ocrx_word' id='word_1_813' title='bbox 1488 5678 1732 5733; x_wconf 81' lang='lat' dir='ltr'><strong>montem,</strong></span> <span class='ocrx_word' id='word_1_814' title='bbox 1770 5675 1989 5738; x_wconf 90' lang='lat' dir='ltr'><strong>propter</strong></span> <span class='ocrx_word' id='word_1_815' title='bbox 2020 5666 2261 5722; x_wconf 85' lang='lat' dir='ltr'><strong>auctoris</strong></span> <span class='ocrx_word' id='word_1_816' title='bbox 2295 5664 2657 5736; x_wconf 85' lang='lat' dir='ltr'><strong>propositum,</strong></span> <span class='ocrx_word' id='word_1_817' title='bbox 2686 5672 2737 5717; x_wconf 86' lang='lat' dir='ltr'><strong>ct</strong></span> <span class='ocrx_word' id='word_1_818' title='bbox 2772 5665 3213 5736; x_wconf 64' lang='lat' dir='ltr'><strong>pru&#39;positionem</strong></span> <span class='ocrx_word' id='word_1_819' title='bbox 3242 5662 3321 5727; x_wconf 84' lang='grc' dir='ltr'><strong>εἰς</strong></span> <span class='ocrx_word' id='word_1_820' title='bbox 3378 5686 3497 5741; x_wconf 61' lang='lat' dir='ltr'><strong>qum</strong></span> 
     </span>
    </p>
   </div>
   <div class='ocr_carea' id='block_1_114' title="bbox 213 5753 1225 5823">
    <p class='ocr_par' dir='ltr' id='par_1_114' title="bbox 213 5753 1225 5823">
     <span class='ocr_line' id='line_1_114' title="bbox 213 5753 1225 5823; baseline -0.013 -6"><span class='ocrx_word' id='word_1_821' title='bbox 213 5753 523 5823; x_wconf 68' lang='lat' dir='ltr'><strong>respondet</strong></span> <span class='ocrx_word' id='word_1_822' title='bbox 556 5754 786 5811; x_wconf 66' lang='lat' dir='ltr'><strong>Hebraeo</strong></span> <span class='ocrx_word' id='word_1_823' title='bbox 823 5754 1042 5823; x_wconf 62' lang='lat' dir='ltr'><strong>praeﬁxo</strong></span> <span class='ocrx_word' id='word_1_824' title='bbox 1068 5761 1100 5809; x_wconf 56' lang='grc' dir='ltr'><em>ἡ</em></span> <span class='ocrx_word' id='word_1_825' title='bbox 1138 5753 1225 5804; x_wconf 83' lang='lat' dir='ltr'><strong>ml.</strong></span> 
     </span>
    </p>
   </div>
   <div class='ocr_carea' id='block_1_115' title="bbox 590 5843 1261 5912">
    <p class='ocr_par' dir='ltr' id='par_1_115' title="bbox 590 5843 1261 5912">
     <span class='ocr_line' id='line_1_115' title="bbox 590 5843 1261 5912; baseline -0.006 -3"><span class='ocrx_word' id='word_1_826' title='bbox 590 5849 861 5912; x_wconf 77' lang='grc' dir='ltr'>ΡΔτιιυι.</span> <span class='ocrx_word' id='word_1_827' title='bbox 903 5846 947 5906; x_wconf 81' lang='lat' dir='ltr'>G</span> <span class='ocrx_word' id='word_1_828' title='bbox 962 5867 1021 5906; x_wconf 66' lang='lat' dir='ltr'><strong>tt.</strong></span> <span class='ocrx_word' id='word_1_829' title='bbox 1066 5843 1261 5906; x_wconf 75' lang='lat' dir='ltr'><strong>XCIV.</strong></span> 
     </span>
    </p>
   </div>
   <div class='ocr_carea' id='block_1_116' title="bbox 3070 5837 3144 5898">
    <p class='ocr_par' dir='ltr' id='par_1_116' title="bbox 3070 5837 3144 5898">
     <span class='ocr_line' id='line_1_116' title="bbox 3070 5837 3144 5898; baseline -0.027 0"><span class='ocrx_word' id='word_1_830' title='bbox 3070 5837 3144 5898; x_wconf 68' lang='grc'><strong>43</strong></span> 
     </span>
    </p>
   </div>
  </div>
