3936 6174
454 304 602 369 1355
1631 309 1692 369 S.
1725 304 2050 370 JOANNIS
2075 303 2510 368 DAMASCENI
3367 331 3374 336 '
3581 313 3728 380 135G

441 437 591 498 naria
621 429 829 490 visione
868 429 1036 484 Deum
1097 426 1442 494 cernebant),
1498 441 1714 482 necnon
1757 423 1995 494 imagine

2171 425 2318 492 ράσει
2345 422 2486 480 εἶδον
2510 424 2689 497 Θεὸν),
2714 426 2808 481 καὶ
2838 427 2896 481 αι
2929 426 3040 481 τῶν
3066 428 3345 499 ἐσομένων
3382 429 3725 498 εἰκόνις,ὼς

442 531 778 592 futurorum,
834 534 894 579 ut
943 523 1094 592 virga
1143 523 1332 578 Aaron
1385 519 1630 590 Virginis
1695 517 1996 590 mysteriun

2188 514 2384 587 ῥάϐδος
2419 514 2654 588 Ἀαρὼν,
2685 517 3030 580 εἰκονίζουσα
3052 517 3115 571 τὸ
3140 518 3240 588 τῆς
3268 519 3563 590 Παρθένου
3607 538 3725 592 μυ-

438 620 760 691 desiguans,
803 628 943 671 urna
989 614 1182 670 itidem
1224 620 1278 669 et
1308 626 1520 668 mensa.
1553 610 1644 665 Sic
1676 623 1898 681 quoque
1923 606 1987 663 Ja

2177 609 2370 678 τήριον,
2394 610 2491 664 καὶ
2520 611 2554 680 ὴ
2591 610 2855 681 στάμνος,
2889 611 3035 681 καὶὴ
3057 611 3345 683 τράπεζα·
3375 615 3474 667 καὶ
3515 613 3731 669 Ἰακὼϐ

437 713 544 771 cob
563 710 847 780 fastigium
876 709 1042 779 virga:
1075 705 1349 768 adoravit,
1372 720 1494 776 quae
1521 701 1824 758 Salvatoris
1849 701 1991 773 ﬁgur.

2179 740 2180 743 η
2213 700 2622 770 προσεκύνησεν
2649 701 2744 754 ἐπὶ
2771 701 2833 756 τὸ
2865 702 3036 774 ἄκρον
3064 703 3166 774 τῆς
3192 703 3388 774 ῥάϐδου
3409 720 3426 734 ·
3454 704 3638 769 τύπος
3667 707 3733 760 δδ

438 814 562 860 erat
584 805 651 858 “.
680 802 854 856 Porro
889 814 1078 856 rerum
1125 805 1406 868 gestarum
1442 795 1712 865 imagines
1747 791 1802 846 in
1843 791 1992 846 moui

2185 790 2307 843 ’τοῦ
2333 790 2585 862 Σωτῆρος
2606 789 2765 862 (24⁸).
2797 792 2922 845 Εἰσὶ
2945 791 3002 844 δὲ
3032 791 3140 846 τῶν
3168 793 3474 862 γεγονότων
3506 792 3739 856 εἰκόνες

441 905 686 955 mentum
733 895 1006 952 instituta:
1039 899 1170 945 sunt
1203 907 1214 943 :
1254 889 1547 958 ipsumque
1597 882 1995 940 tabernaculun

2183 900 2204 946 ;
2250 882 2596 954 μνημόσυνον
2616 901 2631 916 ο
2661 885 2800 955 αὑτὴ
2830 885 2888 938 δὲ
2919 886 2954 956 ἡ
2982 886 3158 958 σκηνὴ
3193 885 3360 940 εἰκὼν
3391 882 3464 957 ἢν
3505 887 3737 953 παγχό-

439 990 592 1044 orbis
623 985 869 1044 universi
909 986 1091 1053 imago
1120 989 1260 1035 erat.
1294 979 1440 1042 Deus
1463 978 1612 1034 enim
1640 975 1811 1047 Moysi
1840 973 1980 1030 dixit

2182 992 2290 1037 ιιος
2327 975 2462 1047 (25)·
2501 994 2520 1029 ι
2553 976 2695 1048 Ὅρα
2723 977 2854 1048 γὰρ,
2886 977 3021 1047 φησι
3046 977 3126 1049 τῷ
3150 978 3387 1049 Μωῦσῇ,
3419 977 3518 1033 τὸν
3548 977 3736 1031 τύπον

445 1099 465 1132 ι
505 1079 639 1134 Vide
683 1075 963 1146 exemplar
1013 1070 1162 1144 quod
1220 1070 1319 1124 tibi
1381 1070 1437 1123 in
1495 1077 1682 1124 monte
1736 1072 1999 1120 ostensun

2182 1085 2215 1122 ιν
2249 1068 2530 1139 δειχθέντα
2565 1085 2648 1122 σοι
2674 1071 2730 1122 ὲν
2750 1070 2828 1140 τῷ
2857 1070 2992 1142 όρει·
3037 1089 3057 1122 ι
3091 1071 3186 1124 καὶ
3215 1071 3286 1125 τὰ
3331 1070 3636 1144 Χερουϐὶμ
3661 1072 3736 1124 τὰ

438 1173 614 1230 est”.
656 1189 675 1224 ι
713 1167 1000 1226 Consimili
1055 1165 1217 1222 modo
1266 1161 1563 1218 Cherubim
1622 1175 1824 1220 aurea,
1883 1173 1989 1226 0pu

2182 1161 2326 1227 δυσᾶ,
2354 1159 2517 1232 ἔργον
2549 1161 2841 1232 χωνευτὸν,
2874 1161 2969 1216 καὶ
3003 1162 3074 1217 τὰ
3117 1161 3409 1234 Χερουϐὶμ
3448 1163 3522 1217 τὰ
3560 1164 3627 1216 ἐν
3653 1162 3736 1234 τῷ

444 1262 744 1324 conﬁatile,
776 1266 832 1316 et
870 1258 1169 1315 Cherubim
1201 1258 1258 1312 in
1285 1255 1435 1322 velo,
1460 1268 1602 1323 opus
1630 1250 1820 1305 textile
1843 1255 1998 1303 erant

2185 1253 2586 1323 ιταπετάσματι
2619 1252 2782 1325 ἔργον
2815 1254 3073 1324 ὑφαντόν.
3099 1253 3260 1309 Οῦτω
3292 1254 3739 1325 προσκυνοῦμεν

444 1355 538 1411 Sic
621 1367 843 1424 quoque
918 1349 1220 1420 pretiosum
1267 1346 1453 1402 crucis
1508 1344 1764 1414 signum,
1811 1354 1998 1393 necum

2189 1361 2216 1396 ν
2242 1341 2306 1396 τύ
2317 1361 2413 1397 πον
2439 1344 2534 1397 τοῦ
2566 1344 2802 1417 σταυροῦ
2828 1344 2921 1398 τὸν
2948 1345 3156 1416 τίμιον,
3179 1345 3275 1400 τοῦ
3301 1363 3361 1398 τε
3393 1347 3740 1416 σωματικοῦ

441 1459 726 1518 corporea:
779 1443 877 1500 Dei
930 1442 1038 1498 mei
1107 1442 1292 1512 ﬁgura:
1350 1435 1802 1498 similitudinem,
1860 1440 1990 1502 atqu

2185 1436 2479 1507 ιρακτῆρος
2496 1436 2592 1490 τοῦ
2617 1437 2753 1491 Θεοῦ
2782 1455 2886 1508 μου
2913 1437 2972 1490 τὺ
2989 1437 3268 1508 ὁμοίωμα,
3296 1440 3394 1490 καὶ
3421 1437 3530 1508 τῆς
3561 1438 3739 1492 αὑτὸν

445 1542 619 1607 illius,
651 1552 777 1610 quae
815 1536 997 1607 ipsum
1028 1533 1332 1590 secundum
1374 1544 1595 1584 carnem
1633 1525 1869 1598 peperit,
1907 1538 1998 1580 ser

1971 1538 2024 1577 r-
2125 1526 2270 1580 κατὰ
2308 1526 2488 1598 σάρκα
2512 1526 2781 1599 τεκούσης
2809 1529 2904 1583 καὶ
2935 1527 3044 1583 τῶν
3073 1527 3241 1582 αὐτοῦ
3275 1528 3525 1582 πάντων.

442 1648 751 1704 vorumque
780 1631 902 1703 ejus
941 1628 1178 1698 efﬁgiem
1206 1625 1524 1682 adoramus.

513 1727 601 1782 57.
641 1703 880 1790 Quintus
912 1720 1110 1777 modus
1148 1719 1240 1774 ille
1275 1725 1385 1780 est,
1416 1731 1526 1786 quo
1557 1729 1656 1770 nos
1682 1721 1896 1776 mutuo,
1929 1713 2022 1782 qui
2060 1766 2067 1790 1

2197 1704 2296 1770 λζ’.
2335 1705 2593 1778 Πέμπτος
2615 1708 2838 1778 τρόπος,
2866 1705 2991 1760 καθ’
3017 1706 3076 1761 ὃν
3099 1705 3532 1777 προσκυνοῦμεν
3565 1703 3739 1776 ἀλλή-

446 1816 538 1874 Dei
579 1816 876 1889 participes
910 1811 1088 1869 effecti
1113 1825 1307 1868 sumus
1335 1809 1403 1873 “,
1438 1817 1604 1878 atque
1635 1807 1700 1861 ad
1730 1805 2000 1878 imaginen

2187 1815 2263 1866 νις,
2290 1798 2366 1862 ὡς
2398 1800 2595 1870 μοῖραν
2646 1797 2783 1852 Θεοῦ
2833 1797 3040 1869 ἔχουσι,
3074 1798 3171 1852 καὶ
3199 1798 3323 1853 κατ’
3357 1799 3559 1853 εἰκόνα
3595 1797 3741 1852 Θεοῦ

447 1908 540 1963 Dei
559 1886 792 1970 conditi,
814 1902 1200 1966 adoramus,et
1224 1899 1460 1955 invicem
1483 1896 1719 1968 subjecti
1746 1911 1941 1954 sumus
1957 1896 2001 1926 ⁸⁵

2185 1887 2540 1958 ιγενημένοις,
2571 1887 2824 1958 ἀλλήλοις
2853 1903 2914 1939 τε
2945 1886 3390 1959 ταπεινούμενοι,
3419 1887 3524 1941 καὶ
3566 1888 3739 1958 νόμον

444 1996 735 2054 ebaritatis
767 1995 942 2065 legem
981 1991 1292 2061 implentes.

1197 1998 1292 2046 tes.
2130 1979 2463 2051 πληροῦντες
2506 1980 2751 2050 ἀγάπης.

519 2088 608 2144 58.
671 2085 873 2142 Sextus
907 2083 1106 2139 modus
1151 2089 1260 2148 est,
1292 2095 1452 2152 quem
1485 2079 1830 2150 principibus
1863 2087 2029 2149 atque

2197 2069 2302 2143 λη’.
2333 2070 2535 2134 Ἕκτος
2577 2071 2800 2142 τρόπος,
2826 2069 2939 2124 τῶν
2967 2072 3026 2125 ὲν
3062 2071 3256 2141 ἀρχαῖς
3301 2071 3402 2126 καὶ
3456 2071 3746 2138 ἐξουσίαις

445 2181 500 2236 in
527 2184 797 2250 potestate
815 2174 1140 2231 constitutis
1159 2171 1512 2231 adhibemus.
1532 2169 1819 2227 Aitenim:
1849 2188 1867 2222 ι
1895 2169 1999 2226 Red

2184 2180 2320 2217 των.
2356 2181 2374 2214 ι
2405 2161 2658 2216 ’Λπόδοτε
2684 2162 2816 2234 γὰρ,
2867 2162 3024 2233 φησὶ,
3060 2163 3198 2216 πᾶσι
3235 2159 3334 2225 τὰς
3353 2161 3624 2230 ὀφειλὰς,
3655 2161 3738 2229 τῷ

445 2273 559 2326 dite
591 2269 850 2324 omnibus
878 2265 1102 2323 debita:
1140 2265 1231 2320 cui
1280 2264 1570 2328 honorem,
1605 2262 1872 2318 honorem
1892 2259 1960 2316 “.

2182 2273 2227 2328 ιν
2259 2253 2448 2326 τιμὴν,
2479 2254 2579 2326 τὴν
2635 2255 2871 2325 τιμήν.»
2901 2253 2992 2318 Ὠς
3040 2252 3237 2309 Ἰακὼϐ
3291 2251 3372 2324 τῷ
3417 2271 3484 2307 τε
3525 2253 3736 2315 Ἠσαῦ,

446 2361 525 2416 ita
558 2359 728 2415 Jacob
761 2358 987 2414 fratrem
1017 2371 1182 2413 suum
1225 2354 1372 2411 Esau
1409 2363 1538 2411 natu
1576 2355 1840 2423 majorem
1867 2354 1935 2415 ’⁷,
1972 2368 2000 2408 e

2183 2364 2206 2410 ς
2255 2346 2676 2418 προγενεστέρῳ
2719 2343 2960 2416 ἀδελφῷ,
3013 2345 3110 2398 καὶ
3160 2344 3395 2417 Φαραὼ,
3437 2345 3555 2398 ύπὺ
3593 2344 3737 2399 Θεοῦ

447 2454 788 2508 Pharaonem
848 2448 1157 2521 principem
1206 2463 1238 2504 ιι
1285 2446 1396 2503 Deo
1428 2446 1792 2502 constitutum
1835 2443 2001 2499 adora

1767 2460 1792 2498 ιι
1835 2443 2030 2499 adora-
2129 2438 2567 2512 χειροτονηθέντι
2595 2437 2843 2509 ἄρχοντι,
2886 2437 3321 2508 προσεκύνησεν.

443 2547 522 2601 vit
537 2544 609 2599 ".

517 2636 609 2691 59.
649 2632 930 2703 Septimus
957 2630 1155 2688 modus
1186 2639 1271 2687 est
1291 2632 1361 2699 ",
1387 2645 1498 2701 quo
1530 2629 1719 2684 famuli
1752 2628 2028 2692 dominos,

2202 2628 2302 2686 λθ’.
2331 2629 2603 2702 Ἕϐδομος
2653 2629 2880 2702 τρόπος,
2925 2628 3049 2684 καθ’
3080 2629 3140 2684 ὃν
3171 2631 3285 2694 τοῖς
3342 2629 3654 2698 δεσπόταις
3681 2634 3739 2686 οἱ

448 2735 503 2782 et
543 2725 620 2780 illi
655 2724 749 2796 qui
783 2723 1013 2778 aliorum
1045 2724 1295 2796 indigent
1330 2723 1562 2788 auxilio,
1591 2720 1870 2776 beneﬁcos
1894 2734 2002 2774 suo;

2192 2724 2327 2788 ῦλοι,
2368 2723 2464 2778 καὶ
2510 2723 2626 2785 τοῖς
2674 2720 3020 2794 εὐεργέταις,
3058 2721 3155 2776 καὶ
3184 2714 3262 2777 ὧν
3303 2722 3372 2776 ἂν
3415 2723 3640 2779 δέοιντο
3681 2727 3741 2778 οι

448 2825 808 2874 venerantur.
846 2814 936 2870 Sic
969 2814 1248 2870 Abraham
1281 2813 1535 2868 adoravit
1585 2811 1728 2865 lilios
1783 2811 2002 2865 Emmor

2183 2815 2398 2886 .όμενοι,
2422 2813 2498 2878 ὡς
2546 2811 2800 2885 Ἀϐραὰμ
2831 2814 2947 2878 τοῖς
2979 2813 3115 2878 υἱοῖς
3142 2813 3397 2890 Ἑμμὼρ,
3429 2814 3526 2868 ὅτε
3550 2815 3623 2870 τὸ
3659 2816 3737 2870 δι-

449 2907 668 2979 ιιυιιιιιιο
732 2905 1054 2977 Speluncam
1121 2903 1399 2974 duplicem
1458 2902 1526 2956 ab
1579 2900 1690 2956 illis
1748 2909 2003 2955 mercatu.

1361 2918 1399 2956 ιι
1458 2902 1526 2956 ab
1579 2900 1690 2956 illis
1748 2909 2030 2955 mercatus
2132 2905 2301 2962 πλοῦν
2334 2907 2588 2977 ὠνήσατο
2623 2904 2915 2975 σπήλαιον.

448 3009 535 3057 ρει
558 2999 627 3049 ³ο,

515 3092 607 3147 40.
641 3089 909 3157 Tandem,
940 3097 998 3142 ut
1022 3085 1303 3142 absolvam
1331 3084 1544 3157 paucis,
1573 3085 1846 3148 adoratio,
1879 3099 2028 3142 reve—
2059 3106 2069 3152 4

2209 3093 2280 3158 μ’.
2313 3085 2424 3141 Καὶ
2454 3085 2644 3148 ἁπλῶς
2672 3085 2867 3149 εἰπεῖν,
2919 3085 3107 3154 φόϐου,
3138 3086 3234 3140 καὶ
3280 3083 3479 3151 πόθοι-λ,
3525 3088 3631 3142 καὶ
3651 3104 3733 3142 τι·

449 3181 664 3246 rentiae,
716 3177 977 3243 affectus,
1036 3176 1290 3240 honoris,
1352 3174 1720 3245 subjectiouis
1768 3175 1931 3238 item,
1979 3189 2003 3228 e

2179 3178 2244 3249 ἧς
2272 3179 2420 3231 ἐστιν
2458 3178 2491 3248 ἡ
2525 3176 2901 3249 προσκύνησις
2928 3175 3221 3249 σύμϐολον,
3257 3177 3651 3242 ὑποπτὼσεῶς
3675 3195 3733 3235 τι

449 3270 804 3327 demissionis
834 3265 1160 3339 signiﬁcatio
1182 3274 1285 3321 est.
1317 3263 1521 3321 Verum
1588 3265 1862 3318 neminem
1913 3273 2003 3319 tan

2175 3271 2229 3324 αἱ
2281 3267 2666 3333 ταπεινώσεως
2687 3286 2701 3300 ·
2741 3269 2859 3324 ἀλλ’
2900 3259 3075 3323 οὐδενὶ
3133 3269 3216 3323 δεῖ
3260 3272 3618 3340 προσκυνεῖν
3657 3273 3729 3333 ὡς

451 3378 616 3433 (piam
669 3361 841 3416 Deum
895 3359 1129 3414 adorare
1187 3357 1269 3412 fas
1323 3365 1440 3422 est,
1491 3365 1693 3427 praeter
1739 3356 1892 3410 illum
1938 3370 2005 3424 qu

2180 3362 2275 3433 εῷ,
2312 3363 2362 3416 εἰ
2411 3362 2503 3436 μὴτ
2518 3361 2666 3432 μόνῳ
2696 3361 2773 3432 τῷ
2817 3361 2980 3430 φύσει
3029 3360 3176 3430 Θεῷ,
3210 3361 3350 3415 πᾶσι
3390 3361 3454 3416 δὲ
3506 3360 3734 3434 ὀφειλὴν

342 3477 345 3482 ·
451 3461 652 3509 natura
687 3453 831 3506 Deus
859 3457 944 3506 est
970 3468 984 3503 :
1008 3447 1267 3502 omnibus
1291 3457 1472 3502 autem
1501 3448 1745 3502 debitum
1771 3447 1896 3502 hom

1379 3464 1472 3502 .em
1501 3448 1745 3502 debitum
1771 3447 2032 3502 honorem
2134 3456 2432 3527 ἀπονέμειν
2468 3456 2558 3511 διὰ
2587 3455 2682 3510 τὸν
2709 3457 2933 3527 Κύριον.

453 3547 656 3601 habere
686 3549 901 3614 oportet
937 3547 1159 3610 propter
1189 3539 1483 3594 Dominum
1507 3539 1576 3592 ³¹.

523 3637 614 3692 Al.
673 3633 1038 3690 Considerate
1095 3639 1369 3702 quantum
1441 3629 1705 3694 roboris,
1756 3645 2034 3701 quamque

2211 3632 2320 3705 μα’.
2364 3632 2562 3705 Ὀρᾶτε
2595 3633 2737 3704 πόση
2783 3633 2937 3704 ἰσχὺς
2982 3636 3079 3687 καὶ
3115 3633 3243 3689 ποία
3289 3632 3416 3690 θεία
3472 3636 3721 3706 ἐνέργεια

453 3727 639 3786 divina
674 3725 756 3782 vis
808 3721 1006 3794 agendi
1056 3721 1166 3776 illis
1215 3719 1463 3786 accedat,
1506 3719 1601 3790 qui
1650 3734 1773 3774 cum
1826 3719 1930 3786 ﬁde
1979 3735 2007 3773 e

2171 3730 2251 3791 οῖς
2311 3727 2495 3782 πίστει
2539 3726 2634 3780 καὶ
2685 3725 2914 3798 καθαρῷ
2962 3727 3227 3782 συνειδότι
3264 3727 3565 3799 προσιοῦσι
3611 3733 3721 3792 ταῖς

455 3829 589 3887 pura
657 3813 1004 3870 conscientia
1076 3820 1398 3866 sanctorum
1473 3810 1739 3880 imagines
1803 3810 2009 3865 adeunt

2169 3818 2245 3873 ὦν
2277 3819 2450 3889 ἁγίων
2484 3819 2678 3882 εἰκόσι,
2708 3817 2934 3874 δίδοται.
2964 3819 3080 3884 Διὸ,
3120 3819 3365 3889 ἀδελφοὶ,
3397 3821 3634 3892 στῶμεν
3669 3823 3723 3873 ἐν

453 3906 844 3975 Quamobrem,
905 3902 1140 3966 fratres,
1189 3901 1244 3955 in
1291 3907 1447 3970 petra
1495 3898 1621 3954 ﬁdei
1673 3907 1728 3955 et
1773 3897 2007 3954 Ecclesia

2171 3912 2204 3981 ᾗ
2245 3910 2422 3982 πέτρᾳ
2455 3910 2554 3981 τῆς
2585 3910 2848 3980 πίστεως,
2879 3910 2974 3966 καὶ
3020 3913 3087 3982 τῇ
3120 3910 3420 3982 παραδόσει
3443 3915 3554 3984 τῆς
3603 3913 3721 3967 ’Βι-

453 3994 852 4054 traditionibus
894 3991 1238 4052 insistamus,
1290 4005 1390 4044 nec
1431 3989 1703 4045 terminos
1735 3989 2007 4046 transfera

2171 4003 2388 4074 λησιας,
2435 4004 2510 4075 μὴ
2561 4002 2915 4075 μεταίροντες
2963 4003 3107 4073 ὅρια,
3160 4002 3198 4057 ἃ
3227 4001 3413 4056 ἔθεντο
3468 4005 3522 4057 οῖ
3585 4004 3725 4072 ἅγιοι

456 4105 611 4154 mus,
647 4102 787 4158 quos
825 4085 1002 4140 sancti
1046 4082 1237 4137 Patres
1285 4080 1676 4150 posuerunt".
1728 4079 1874 4138 Neve
1923 4082 2010 4136 illi:

2170 4094 2380 4166 πατέρες
2422 4094 2577 4166 ἡμῶν
2597 4111 2610 4127 ·
2651 4094 2727 4165 μὴ
2761 4095 2997 4158 διδόντες
3032 4094 3196 4148 τόπον
3228 4096 3343 4158 τοῖς
3372 4093 3724 4165 βουλομένοις

456 4183 635 4238 iocum
670 4179 888 4241 demus,
920 4177 1012 4247 qui
1057 4189 1323 4230 novarum
1371 4188 1560 4228 rerum
1592 4173 1800 4244 cupidi,
1832 4182 2010 4230 saneta

2172 4189 2503 4256 αινοτομεῖν,
2527 4185 2624 4241 καὶ
2650 4186 2945 4241 καταλύειν
2975 4187 3074 4258 τὴν
3106 4186 3400 4258 οἰκοδομὴν
3428 4187 3726 4259 τῆς-ᾁγίας

453 4273 741 4328 catholica:
787 4279 843 4326 et
896 4267 1218 4339 apostolicm
1269 4264 1362 4318 Dei
1421 4264 1683 4321 Ecclesiae
1740 4267 2007 4324 aedilicius

2173 4276 2237 4330 οῦ
2290 4276 2427 4331 Θεοῦ
2472 4276 2769 4348 καθολικῆς
2808 4278 2903 4332 καὶ
2946 4263 3310 4349 ἀποπολικῆς
3370 4279 3727 4351 Ἐκκλησεας.

454 4367 617 4439 362
647 4365 896 4422 demoliri
945 4364 1222 4419 nituntur.
1257 4361 1391 4415 Nam
1422 4362 1466 4417 si
1501 4361 1773 4432 ejusmodi
1807 4363 2008 4417 licenti:

2173 4369 2206 4421 il.
2235 4367 2345 4440 γὰρ
2389 4368 2518 4441 δοθῇ
2548 4370 2702 4424 άδεια
2740 4369 2906 4423 παντὶ⁴
2953 4368 3284 4440 βουλομένῳ,
3335 4368 3488 4422 κατὰ
3525 4369 3727 4441 μικρὸν

455 4430 658 4514 violenti
678 4457 900 4513 cuilibet
925 4455 1102 4519 detur,
1119 4461 1293 4509 totum
1313 4430 1568 4508 Ecclesiae
1584 4430 1784 4524 corpus
1831 4454 2009 4509 sensiu

2173 4430 2269 4516 λον.
2315 4430 2378 4516 τὸ
2412 4430 2576 4531 σῶμα
2612 4462 2712 4531 τῆς
2747 4430 3076 4533 Ἐκκληοίας
3101 4430 3568 4530 καταλυθήσεται.
3609 4430 3726 4530 ﬁt.

455 4551 792 4604 destruetur.
822 4547 1199 4616 Nequaquam,
1228 4543 1449 4611 fratres,
1474 4559 1819 4615 nequaquam
1848 4545 2009 4600 dilect

2173 4553 2384 4623 belupo‘t,
2423 4553 2520 4624 μὴ,
2558 4553 2722 4607 τέκνα
2758 4553 3081 4624 φιλόχριστα
3114 4551 3213 4622 τῆς
3251 4548 3612 4621 Ἐκκλησῑας,
3651 4550 3727 4619 μὴ

458 4642 719 4698 Ecclesiae
749 4641 842 4694 ﬁlii
879 4660 892 4696 :
928 4638 1124 4693 matris
1165 4645 1362 4692 vestrm
1401 4637 1596 4707 pudori
1646 4636 1875 4706 parcite.
1927 4637 2012 4692 Or'

2173 4645 2541 4715 αταισχύνητε
2577 4643 2676 4715 τὴν
2705 4644 2920 4716 μητέρα
2947 4644 3102 4715 ὑμῶν
3121 4660 3134 4673 ·
3175 4644 3250 4715 μὴ
3283 4642 3552 4714 καθέλητε
3580 4644 3605 4680 ί
3633 4643 3727 4695 τὸν

458 4744 589 4789 natu
639 4735 789 4788 illam
836 4746 937 4787 suo
975 4746 1038 4785 ne
1080 4729 1352 4801 spolietis.
1389 4727 1538 4783 lianc
1594 4729 1880 4798 suscipite,
1914 4745 2012 4797 qua

2166 4738 2344 4807 ιόσμον
2372 4739 2562 4806 αὐτῆς.
2601 4737 2835 4803 Δέξασθε
2875 4737 3048 4810 αὐτὴν
3080 4736 3150 4790 δι’
3191 4735 3327 4806 ἐμοῦ
3371 4735 3720 4806 πρεσϐεύω-

457 4843 552 4899 per
576 4841 662 4882 me
699 4840 793 4881 vos
826 4823 1149 4894 alloquitur.
1201 4821 1404 4876 Discite
1460 4822 1591 4892 quid
1626 4821 1693 4877 de
1732 4821 1850 4892 ipsa
1890 4821 2011 4878 Deu;

2169 4846 2260 4882 ἀν.
2297 4827 2509 4882 Μάθετε
2551 4829 2605 4882 τί
2640 4845 2777 4899 φησι
2814 4827 2945 4897 περὶ
2983 4827 3150 4897 αὐτῆς
3180 4829 3209 4881 ὁ
3247 4826 3414 4891 Θεός·
3451 4846 3471 4880 ι
3497 4827 3645 4896 Ὀλη
3676 4819 3723 4877 εἷ

458 4919 643 4974 dicat:
681 4938 697 4971 ι
728 4916 862 4972 Tota
903 4916 1132 4989 pulchra
1169 4931 1248 4979 es,
1297 4917 1474 4969 amica
1522 4929 1661 4978 mea,
1719 4921 1774 4970 et
1813 4915 2012 4969 macul:

2159 4918 2304 4990 ιαλὴ,
2336 4920 2369 4989 ὴ
2403 4918 2629 4988 πλησίον
2657 4934 2780 4989 μου,
2807 4915 2900 4970 καὶ
2929 4917 3031 4970 οὐκ
3053 4915 3202 4976 ἔστιν
3222 4916 3283 4971 ἐν
3309 4915 3394 4969 σοὶ
3437 4912 3660 4985 μῶμος.
3692 4931 3713 4963 ι

540 5054 738 5109 ²²ϐειι
766 5070 955 5114 vani,
985 5053 1089 5117 15;
1126 5051 1292 5106 Hebr.
1335 5011 1537 5115 3521.
1662 5051 1710 5081 ³³
1751 5048 1924 5106 Exod.
1983 5067 2110 5116 xxv,
2151 5055 2249 5118 40;
2293 5051 2460 5108 llebr.
2485 5067 2602 5117 vui,
2668 5052 2723 5106 5.
2834 5051 2880 5083 “
2913 5049 2958 5105 ll
2985 5049 3132 5106 Petr.
3168 5049 3230 5111 it.
3261 5048 3316 5102 4.
3430 5051 3479 5080 ³³
3515 5047 3712 5118 Ephes.

457 5142 514 5190 ν,
541 5126 634 5182 Ἥ.
720 5125 766 5158 ⁸⁸
793 5125 949 5177 Rom.
985 5139 1102 5185 Mil,
1127 5122 1212 5176 l7.
1314 5125 1357 5155 "
1397 5121 1532 5176 Gen.
1565 5136 1753 5184 xxxiii,
1785 5121 1874 5174 47.
1911 5148 1928 5155 —
1985 5123 2011 5152 ’λ

2157 5140 2201 5178 υ.
2260 5139 2412 5186 mn,
2454 5123 2506 5177 Ἰ.
2607 5123 2652 5155 ’θ
2685 5118 2816 5177 Vide
2870 5131 3009 5176 orat.
3047 5121 3101 5175 1..
3215 5120 3263 5152 ⁸³
3299 5118 3436 5175 Gen.
3473 5134 3630 5184 xxtu,
3665 5118 3711 5172 7.

470 5193 549 5250 ⁸³1
575 5195 722 5260 Petr.
751 5211 809 5260 ιι,
846 5195 911 5249 l5
937 5209 1094 5264 seqq.
1187 5191 1231 5222 δ’
1263 5191 1422 5247 Prov.
1455 5207 1588 5255 xxii,
1618 5190 1706 5244 ‘28.

1778 5311 2001 5368 VARIIE
2042 5310 2440 5369 LECTIONES.

477 5391 488 5401 ”
531 5409 552 5446 ί
592 5407 734 5465 Εάἰι.
775 5407 1057 5463 καθέλετε.

1964 5491 2199 5548 NOTAE.

553 5589 896 5659 25').Regius
929 5601 1072 5641 unus
1104 5581 1365 5655 σταυροῦ,
1389 5596 1492 5637 nec
1525 5581 1684 5636 male.
2146 5591 2194 5635 et
2231 5583 2646 5637 absolutissima.
2691 5582 2758 5636 At
2802 5581 3040 5648 Philoni,
3088 5581 3327 5652 Josepho
3383 5591 3439 5634 et
3511 5579 3712 5636 sanctis

526 5599 642 5726 ἃς).ῐῆ
671 5660 855 5712 Graece
895 5651 1583 5726 παγκόπμιος,ζῐ“ἱιιιλ;ιιιυε
1626 5651 1829 5726 vertit:
1867 5650 2030 5726 Οιιιηὶ
2141 5651 2393 5709 Patrihus
2421 5651 2863 5710 Tabernaculum
2896 5653 3136 5710 universi
3167 5653 3352 5724 imago
3373 5656 3517 5707 erat.

553 5650 855 5728 εεςγοτᾱορ
895 5650 1583 5728 παγκόσμιοςζμξΐὶιιιιιιιιιιε
1626 5651 1829 5728 vertit:
1867 5650 2030 5728 omni
2141 5651 2393 5709 Patribus
2421 5651 2863 5710 Tabernaculum
2896 5653 3136 5710 universi
3167 5650 3352 5724 imago
3373 5656 3517 5707 erat.

466 5720 642 5798 genere
662 5720 1085 5784 ornamentorum
1109 5720 1385 5793 perpolita.
1417 5720 1588 5777 linus
1613 5740 1624 5775 :
1649 5720 2023 5775 Pulcherrima
2181 5739 2184 5746 ·
