3936 6174
385 240 524 308 1359

1553 250 1611 310 S.
1655 251 1973 313 JOANNIS
1997 253 2154 313 ΒΑΜ
2161 254 2429 318 ASCENI

3512 264 3657 330 1300

381 361 563 429 vehat,
617 376 780 432 quam
817 379 918 418 nos
969 379 1164 420 omnes
1206 380 1303 435 per
1334 366 1588 436 gratiam"
1619 369 1780 439 363
1833 371 1952 441 ejus

2076 373 2153 441 ξης
2194 375 2355 428 αὑτοῦ
2387 377 2443 430 ἐν
2509 379 2624 443 ταῖς
2679 379 3026 450 λαμπρότησι
3085 380 3193 434 τῶν
3223 380 3395 450 ἁγίων
3415 397 3429 412 ·
3461 375 3528 452 ἧς
3553 382 3656 450 γέ-

380 452 608 524 adipisci
639 454 958 526 contingat,
986 473 1096 528 quo
1147 458 1326 527 ipsum
1366 467 1632 528 perpetuo
1661 461 1959 518 laudemus

379 560 503 600 cum
543 545 705 602 Patre
733 547 824 616 qui
859 548 979 603 sine
1013 550 1286 620 principio
1311 557 1416 616 est,
1451 551 1539 605 cui
1572 551 1747 622 gloria
1773 553 1826 606 iu
1854 569 1958 608 sae—

380 637 500 692 cula
539 639 890 696 saeculorum.
933 643 1124 698 Amen.

447 729 759 798 Caeterum,
817 734 1038 804 quando
1086 737 1152 793 de
1204 739 1471 794 idolorum
1543 749 1596 797 et
1657 741 1957 811 imaginum

378 821 702 879 discrimine
753 825 1018 893 diximus,
1054 837 1218 899 atque
1269 831 1526 901 imaginis
1583 833 1959 888 deﬁnitionem

381 915 690 983 docuimus,
725 927 940 989 tempus
984 929 1092 988 est,
1135 930 1192 976 ut
1220 925 1685 993 quemadmodum
1725 927 1959 996 polliciti

381 1025 598 1077 sumus,
634 1011 952 1066 testimonia
987 1014 1375 1084 subjiciamus.

471 1101 782 1158 Priscorum
817 1102 1260 1176 probatorumque
1296 1107 1524 1163 Patrum
1563 1110 1866 1164 testimonia

933 1191 1029 1243 pro
1063 1177 1404 1247 imaginibus.

419 1263 606 1320 Sancti
646 1265 892 1340 Dionysii
925 1268 1254 1322 Athenarum
1295 1272 1560 1339 episcopi,
1593 1289 1659 1326 ea:
1695 1272 1924 1340 epistola

596 1339 666 1390 ad
698 1336 962 1392 Joannem
1002 1340 1301 1406 apostolum
1336 1350 1385 1396 et
1426 1336 1744 1413 theologum.

456 1512 476 1547 ι
507 1493 614 1550 Res
662 1509 784 1564 quae
831 1493 936 1549 sub
987 1504 1272 1565 aspectum
1313 1497 1561 1563 eadunt,
1598 1497 1960 1555 invisibilium

380 1585 544 1655 plane
579 1584 896 1654 conspicuae
929 1585 1200 1654 imagines
1234 1592 1386 1640 sunt.
1424 1604 1444 1638 ι

485 1675 740 1746 Ejusdem
764 1716 780 1743 ,
803 1692 868 1731 ea:
893 1676 1028 1731 libro
1055 1677 1117 1732 de
1146 1677 1505 1734 ecclesiastica
1537 1679 1852 1738 hierarcltia.

452 1857 473 1892 ι
506 1840 778 1895 Caeterum
811 1838 1141 1894 substantia:
1172 1854 1296 1910 qua:
1328 1855 1498 1912 supra
1528 1856 1633 1896 nos
1669 1849 1830 1906 sunt,
1876 1846 1961 1894 at-

377 1948 487 2005 que
547 1931 818 1999 ordines,
874 1947 1114 2002 quorum
1171 1947 1388 1988 sacram
1445 1933 1556 2003 jam
1616 1933 1960 1989 mentionem

379 2025 614 2082 iecimus
635 2065 650 2092 ,
681 2024 1066 2094 incorporales
1094 2033 1224 2081 sunt
1253 2044 1266 2080 :
1297 2025 1432 2096 quin
1456 2033 1512 2080 et
1535 2033 1959 2082 sacrosanctum

373 2118 602 2172 illorum
665 2116 1048 2187 magisterium
1108 2118 1399 2188 spirituale
1456 2125 1577 2182 est,
1639 2117 1961 2187 mundoque

378 2209 661 2280 superius.
703 2207 971 2264 Nostrum
1028 2218 1212 2264 autem
1253 2224 1353 2280 pro
1387 2216 1760 2266 consentanea
1799 2208 1962 2265 nobis

376 2302 594 2356 ratione
633 2310 864 2372 propter
921 2301 1276 2357 sensibilium
1309 2302 1631 2358 varietatem
1666 2303 1956 2371 signorum

376 2390 741 2460 multiplicari
780 2389 1073 2456 videmus;
1117 2389 1324 2458 quibus
1363 2399 1582 2455 tamen,
1643 2399 1809 2461 prout
1865 2404 1960 2446 sa-

373 2494 532 2537 crum
561 2480 719 2536 decet
749 2480 1164 2551 magisterium,
1206 2480 1274 2534 ad
1307 2481 1643 2536 uniformem
1675 2495 1958 2537 concessae

373 2570 684 2626 divinitatis
709 2569 948 2640 gratiam
973 2608 989 2634 ,
1053 2583 1272 2623 necnon
1304 2569 1371 2624 ad
1401 2569 1572 2623 Deum
1602 2569 1958 2638 divinamque

376 2662 638 2716 virtutem
700 2675 814 2746 pro.
859 2660 1090 2715 modulo
1140 2668 1336 2717 nostro
1397 2661 1781 2717 subvehimur.
1837 2661 1960 2716 Istae

1989 1731 2037 1791 B

2064 481 2210 517 νοιτο
2248 467 2524 538 ἐπιτυχεῖν
2555 473 2619 540 τῇ
2654 470 2818 523 αὑτοῦ
2855 472 3062 541 χάριτι,
3090 472 3326 535 αἰωνίως
3367 473 3538 526 αὑτὸν
3569 473 3660 524 50-

2064 554 2347 621 ξόιζοντας,
2391 562 2488 613 σὺν
2512 560 2589 631 τῷ
2616 562 2841 632 ἀνάρχῳ
2877 563 3078 634 Πατρὶ,
3174 564 3208 634 ἠ
3245 563 3377 631 δόξα
3411 565 3496 628 εἰς
3525 566 3658 626 τοὺς
3717 546 3730 553 ἵ

2063 646 2266 711 αἰῶνας
2295 649 2404 702 τῶν
2434 650 2667 705 αἰώνων.
2708 653 2902 723 Ἀμήν.

2137 738 2398 803 Εἰπόντες
2428 741 2673 812 περὶτῆς
2707 741 2974 813 διαφορᾶς
2998 743 3106 795 τῶν
3141 743 3378 798 εἰδώλων
3412 744 3512 797 καὶ
3547 744 3658 797 τῶν

2062 829 2309 894 εἰκόνων,
2335 831 2429 884 καὶ
2448 831 2760 900 διδάξαντες
2806 834 2931 904 ὅρον
2973 835 3081 887 τῶν
3118 835 3369 901 εἰκόνων,
3410 835 3538 907 ὥρα
3594 834 3661 905 δὴ

2061 919 2381 990 ἐπενεγκεῖν
2420 924 2640 988 καὶτὰς
2684 926 2930 998 χρήσεις,
2971 926 3230 1000 καθάπερ
3268 929 3658 999 ὑπεσχόμεθα.

2061 1101 2387 1171 Μαρτυρίαι
2413 1103 2688 1158 παλαιῶν
2716 1104 2815 1177 καὶ
2853 1103 3115 1176 δοκίμων
3154 1106 3340 1177 ἁγίων
3372 1103 3659 1173 Πατέρων

2630 1175 2760 1243 περί
2808 1177 3078 1229 εἰκόνων.

2069 1262 2179 1317 Τοῦ
2207 1263 2379 1332 ἁγίου
2404 1265 2725 1320 Διονυσίου
2757 1265 3098 1320 ἐπισκόπου
3125 1265 3402 1332 Ἀθηνῶν.
3441 1265 3512 1317 ἐκ
3547 1263 3658 1331 τῆς

2135 1333 2289 1399 πρὸς
2336 1333 2616 1404 Ἰωάννην
2663 1335 2774 1391 τὸν
2823 1338 3176 1391 ἀπόστολον
3205 1337 3305 1390 καὶ
3348 1339 3502 1392 Θεολ
3550 1351 3662 1404 τον

2132 1403 2489 1471 ἐπιστολῆς.

2141 1514 2160 1547 ι
2212 1495 2454 1567 Ἀληθῶς
2512 1497 2780 1568 ἐμφανεῖς
2829 1497 3036 1563 εἰκόνες
3069 1497 3178 1551 εἰσὶ
3219 1496 3289 1551 τὰ
3339 1496 3520 1570 όρατά
3549 1497 3662 1550 τῶν

2063 1587 2328 1659 ἀοράτων.
2366 1607 2384 1640 ι

2069 1679 2179 1736 Τοῦ
2209 1679 2418 1747 αὑτοῦ,
2448 1681 2516 1736 ἐκ
2557 1680 2667 1737 τοῦ
2718 1683 2851 1751 περὶ
2897 1681 3416 1752 ἐκκλησιαστικῄ
3462 1684 3664 1751 (epap-

2673 1752 2811 1820 χίας
2839 1754 3044 1824 λόγου.

2141 1862 2160 1894 ι
2205 1842 2344 1896 Ἀλλ’
2375 1842 2432 1896 αἰ
2458 1841 2557 1915 μὲν
2621 1841 2763 1915 ὑπὲρ
2795 1845 2944 1914 ἡμᾶς
2993 1843 3172 1897 οὐσίαι
3203 1843 3298 1897 καὶ
3332 1841 3549 1909 τάξεις,
3585 1836 3661 1896 ὧν

2063 1935 2169 2007 ἤδη
2219 1936 2444 2008 μνήμην
2507 1935 2660 2008 ἱερὰν
2717 1936 3108 2008 ἐποιησάμην,
3183 1937 3477 2008 ἀσώματοί
3527 1940 3658 2000 εἱσι,

2065 2027 2160 2081 καὶ
2201 2027 2367 2098 νοητὴ
2419 2026 2518 2080 καὶ
2574 2026 2944 2099 ὑπερκόσμιός
2971 2029 3119 2080 ἐστιν
3172 2029 3206 2100 ἡ
3251 2028 3395 2081 κατά
3448 2028 3660 2092 ταύτας

2066 2117 2341 2189 ἱεραρχὶα.
2372 2117 2484 2188 Τὴν
2521 2116 2643 2171 καθ’
2679 2118 2829 2188 ἡμᾶς
2858 2116 2914 2170 δὲ
2937 2117 3157 2188 ὁρῶμεν
3202 2118 3489 2187 ἀναλόγως
3526 2120 3662 2189 ἡμῖν

2063 2208 2270 2274 αὐτοῖς,
2301 2210 2367 2280 τῇ
2391 2207 2499 2260 τῶν
2536 2208 2817 2279 αἰσθητῶν
2840 2208 3128 2279 συμϐόλων
3158 2209 3412 2281 ποικιλίᾳ
3443 2211 3662 2280 πληθυ-

2061 2298 2318 2370 νομένην,
2354 2298 2444 2367 ὑφ’
2484 2292 2559 2352 ὧν
2591 2298 2919 2370 ἰεραρχικῶς
2951 2301 3043 2353 ἐπὶ
3076 2299 3176 2371 τὴν
3211 2301 3420 2372 amor,-
3453 2301 3666 2354 θέωσιν

2063 2389 2122 2442 ἐν
2155 2391 2472 2462 συμμετρίᾳ
2509 2393 2575 2462 τῇ
2639 2391 2764 2445 καθ’
2815 2393 2967 2463 ἡμᾶς
3009 2392 3350 2464 ἀναγόμεθα,
3403 2393 3544 2447 Θεόν
3602 2411 3663 2446 τε

2064 2481 2161 2535 καὶ
2222 2481 2375 2536 θείαν
2425 2484 2650 2554 ἀρετήν.
2687 2483 2754 2537 Αἰ
2793 2483 2890 2553 μὲν
2917 2483 2992 2548 ὡς
3027 2485 3146 2548 νόες
3183 2485 3364 2538 νοοῦσι
3409 2486 3566 2539 κατὰ
3603 2487 3663 2537 τὸ

2065 2573 2255 2636 αὑταῖς
2280 2573 2522 2644 θεμιτὸν,
2545 2576 2706 2646 ἡμεῖς
2739 2573 2795 2627 δὲ
2838 2573 3128 2645 αἰσθηταῖς
3161 2576 3368 2630 εἰκόσιν
3411 2576 3513 2629 ἐπὶ
3561 2578 3662 2640 τας

2065 2663 2235 2728 θείας,
2263 2663 2338 2728 ὡς
2367 2665 2611 2732 δυνατὸν,
2643 2664 2960 2737 ἀναγόμεθα
2985 2664 3239 2737 θεωρίας.
3269 2686 3289 2719 ι

373 2760 633 2833 quidem,
676 2766 736 2814 ut
776 2773 898 2830 quae
939 2767 1156 2814 mentes
1196 2766 1363 2824 sunt,
1403 2765 1676 2829 quantum
1716 2756 1800 2812 t‘as
1833 2758 1948 2814 illis
1983 2765 2105 2827 est,
2141 2760 2499 2832 intelligunt;
2534 2775 2637 2817 nos
2669 2777 2800 2818 vero
2836 2777 2938 2834 per
3003 2762 3299 2821 sensibiles
3367 2763 3660 2836 imagines

375 2856 444 2913 ad
483 2856 699 2912 divinas
753 2854 1260 2926 contemplationes
1283 2895 1298 2920 ,
1361 2864 1631 2925 quantum
1691 2852 1957 2924 possibile
1994 2862 2115 2918 est,
2151 2871 2566 2926 promovemur.
2595 2875 2614 2908 ι

443 2949 744 3008 Comment.
785 2946 942 3014 Quod
988 2947 1035 3002 si
1072 2946 1241 3017 igitur
1267 2960 1368 3016 pro
1406 2952 1576 3016 captu
1619 2951 1836 3006 nostro,
1867 2958 1957 3014 per

2135 2948 2416 3014 Σχόλιον.
2446 2948 2508 3000 Εἰ
2540 2945 2720 3001 τοίνυν
2759 2945 3043 3015 ἀναλόγως
3073 2947 3206 3017 ἡμῖν
3243 2947 3550 3020 αἰσθηταῖς
3580 2955 3660 3005 εἰ·

374 3041 668 3100 scnsibiles
696 3041 970 3113 imagines
990 3081 1006 3106 ,
1039 3039 1107 3094 ad
1135 3039 1377 3094 divinam
1410 3044 1464 3093 et
1492 3037 1740 3091 materia:
1769 3049 1962 3091 exsor-

374 3146 482 3192 tem
545 3130 1075 3202 contemplationem
1145 3128 1524 3193 sublevamur,
1593 3141 1698 3180 cur
1759 3125 1957 3179 incon-

372 3241 582 3298 gruens
630 3224 802 3280 fuerit
843 3238 1004 3288 eum,
1057 3223 1153 3292 qui
1201 3237 1303 3294 pro
1350 3235 1451 3276 sua
1509 3219 1803 3274 adversum
1857 3231 1959 3272 nos

375 3315 754 3386 benignitate,
789 3313 962 3384 ﬁgura
995 3322 1051 3368 et
1084 3313 1262 3367 forma
1312 3320 1366 3366 et
1418 3318 1619 3368 natura
1670 3309 1828 3363 visus
1871 3307 1960 3387 est

376 3418 434 3463 ut
469 3407 671 3472 homo,
712 3413 1093 3462 consentanea
1139 3404 1304 3459 nobis
1351 3403 1568 3458 ratione
1620 3400 1958 3472 imaginibus

373 3499 494 3556 cuin
501 3515 626 3571 gere
641 3500 664 3554 ?

373 3593 559 3649 Sancti
583 3589 816 3653 Basilii,
847 3604 912 3644 ea:
939 3602 1178 3642 sermone
1201 3586 1256 3640 in
1283 3586 1490 3640 beatum
1521 3582 1782 3637 Barlaam
1812 3599 1958 3636 mar-

445 3673 642 3733 tyrem,
678 3661 830 3730 cujus
866 3659 1078 3714 initium
1113 3667 1190 3710 est
1215 3671 1232 3710 :
1261 3673 1280 3707 ι
1310 3654 1795 3735 Ριςίηιιιιηηᾳαίιίεηι
1834 3671 1962 3708 san-

443 3728 652 3790 ctorum
679 3728 862 3785 mors:
890 3748 909 3782 δ
947 3737 997 3783 et
1027 3743 1210 3783 versus
1240 3728 1502 3781 orationis
1534 3728 1712 3795 finem.

387 3874 390 3878 ’
451 3906 472 3941 ι
502 3890 726 3958 Surgite
779 3898 964 3953 nunc,
1021 3899 1054 3939 ο
1094 3883 1345 3954 praeclari
1386 3882 1614 3937 fortium
1671 3883 1728 3937 in
1777 3891 1958 3938 certa-

375 3979 625 4037 minibus
667 3978 979 4033 facinorum
1038 3977 1306 4048 pictores.
1359 3974 1746 4046 lmperl‘ectam
1799 3975 1959 4031 ducis

374 4073 672 4145 imaginem
705 4069 924 4126 artibus
969 4069 1168 4124 vestris
1213 4067 1573 4139 ampliﬁcate.
1618 4066 1956 4122 Laureatum

375 4165 681 4228 victorem,
743 4176 907 4231 quem
963 4159 1262 4215 obscurius
1301 4157 1618 4224 delineavi,
1669 4157 1960 4212 industria:

378 4265 575 4314 vestrae
613 4245 901 4312 coloribus
936 4253 1235 4308 illustrate.
1272 4251 1377 4306 Per
1405 4251 1771 4322 egregiorum
1808 4265 1957 4303 mar-

378 4351 518 4424 tyris
550 4348 821 4404 factorum
858 4347 1133 4418 picturam
1176 4352 1419 4400 vestram
1452 4344 1704 4398 devictus
1737 4357 1768 4396 a
1797 4341 1955 4397 vobis

374 4442 678 4500 discedam.
720 4439 842 4495 Tali
874 4454 973 4510 per
1011 4445 1254 4493 vestram
1289 4435 1676 4490 dexteritatem
1723 4434 1956 4490 victoria

374 4543 675 4608 superatus
706 4533 869 4589 hodie
900 4530 1194 4602 gaudeam.
1237 4527 1460 4582 Manum
1510 4543 1635 4582 cum
1681 4527 1808 4599 igne
1851 4543 1954 4596 pu-

373 4638 649 4700 guantem.
670 4625 989 4682 accuratius
1018 4621 1292 4692 depictam
1356 4627 1642 4676 contuear.
1676 4617 1736 4673 In
1769 4619 1956 4674 tabula

371 4726 556 4775 vestra
600 4715 940 4786 descriptum
992 4713 1308 4783 elegantius
1362 4709 1601 4782 pugilem
1637 4709 1954 4780 inspiciam.

372 4811 530 4866 Nunc
559 4824 778 4880 quoque
807 4807 1019 4862 luctum
1051 4813 1216 4877 agant
1245 4804 1524 4859 daemones
1543 4841 1557 4866 ,
1588 4809 1772 4857 vestra
1802 4800 1960 4856 nobi-

372 4902 509 4956 lium
545 4897 806 4970 martyris
840 4906 1121 4968 gestorum
1160 4893 1378 4963 pictura
1425 4892 1693 4963 perculsi.
1741 4891 1959 4945 Ardens

371 5010 596 5052 rursum
626 4992 932 5061 victrixque
960 5003 1155 5043 manus
1184 4988 1293 5042 illis
1325 4986 1670 5042 ostendatur.
1700 4983 1959 5051 Quinimo

373 5087 426 5143 in
458 5094 645 5144 vestra
677 5083 880 5140 tabella
910 5081 1169 5136 Christus
1218 5079 1546 5150 appingatur
1589 5077 1959 5132 certaminum

374 5195 597 5252 praeses.
628 5197 646 5230 ι

2065 3037 2220 3090 κόσιν
2248 3039 2340 3090 ἐπὶ
2361 3037 2458 3108 τὴν
2477 3037 2629 3092 θείαν
2658 3037 2750 3091 καὶ
2773 3037 2934 3092 ἄῦλον
2967 3038 3281 3109 ἀναγόμεθα
3315 3039 3586 3112 θεωρίαν,
3609 3045 3659 3096 τί

2067 3129 2315 3200 ἀπρεπὲς
2328 3129 2419 3183 τὸν
2447 3131 2689 3201 σχήματι
2725 3129 2822 3182 καὶ
2845 3131 3026 3200 μορφῇ
3058 3130 3152 3183 καὶ
3186 3130 3348 3198 φύσει
3379 3132 3660 3202 ὁραθέντα

2065 3219 2141 3283 ὡς
2187 3219 2497 3292 ἄνθρωπον,
2549 3219 2952 3292 φιλανθρώπως
3003 3220 3071 3274 δι’
3126 3223 3295 3292 ἡμᾶς,
3358 3224 3660 3290 εἰκονίζεεν

2065 3312 2343 3382 ἀναλόγως
2373 3315 2505 3385 ἡμῖν
2529 3314 2714 3376 αὐτοῖς
2740 3330 2755 3381 ἱ

2071 3577 2182 3632 Τοῦ
2229 3576 2402 3650 ἁγίου
2452 3577 2800 3650 Βασιλείου,
2844 3578 2914 3632 ἐκ
2970 3577 3077 3633 τοῦ
3107 3580 3194 3643 εις
3217 3578 3328 3650 τὸ]⁴
3347 3583 3662 3650 μακάριον

2134 3645 2420 3721 Βαρλαὰμ
2463 3649 2596 3721 τὸν-
2633 3647 2937 3721 μάρτυρα.
2971 3651 3180 3716 λόγου.
3227 3645 3301 3704 οὗ
3349 3645 3398 3717 ἦ
3450 3645 3621 3721 ἀρχὴ
3643 3673 3658 3685 ο

2139 3738 2158 3770 ι
2203 3719 2502 3788 Πρότερον
2528 3717 2644 3788 μὲν
2683 3717 2812 3788 τῶν
2838 3719 3023 3788 ἀπίων
3063 3723 3115 3772 οὶ
3155 3721 3404 3774 θάνατοι
3431 3738 3449 3752 ·
3489 3717 3658 3776 iam!

2133 3789 2283 3857 πρὸς
2310 3787 2389 3852 τῷ
2411 3788 2570 3842 τέλει
2599 3787 2707 3842 τοῦ
2732 3787 2922 3842 αὑτοῦ
2951 3789 3139 3857 λόγου
3164 3798 3210 3842 ν.

2139 3900 2157 3934 t
2206 3880 2500 3952 Ἀνάστητέ
2559 3897 2650 3952 μοι
2703 3879 2799 3934 νῦν
2825 3921 2839 3946 ,
2890 3874 2936 3934 ὦ
2981 3881 3221 3952 λαμπροὶ
3265 3882 3378 3936 τῶν
3427 3885 3657 3958 ἀθλητι-

2063 3971 2176 4026 κῶν
2212 3971 2655 4044 κατορθωμάτων
2695 3972 3019 4044 ζωγράφοι,
3058 3974 3158 4044 τὴν
3195 3973 3293 4027 τοῦ
3331 3979 3653 4048 στρατηγοῦ

2063 4065 2460 4120 κολοϐωθείσαν
2495 4066 2702 4131 εἰκόνα,
2725 4070 2846 4130 ταῖς
2871 4067 3161 4138 ὑμετέραις
3193 4069 3545 4137 μεγαλύνατε
3570 4073 3650 4124 τέ-

2061 4175 2215 4228 χναις
2234 4175 2248 4190 ο
2277 4159 2654 4230 ἀμαυρότερον
2681 4159 2812 4230 παρ’
2845 4159 2980 4230 ἐμοῦ
3015 4165 3107 4213 τὸν
3149 4163 3489 4235 στεφανίτην
3519 4182 3656 4234 γρα-

2063 4250 2235 4320 φέντα
2262 4253 2375 4315 τοῖς
2401 4252 2500 4320 τῆς
2529 4252 2804 4323 ὑμετέρας
2854 4251 3048 4321 σοφίας
3085 4254 3480 4324 περιλάμψατε
3508 4259 3656 4328 χρώ-

2065 4357 2252 4410 μασιν.
2293 4340 2539 4394 ’Λπέλθω
2563 4343 2629 4411 τῇ
2652 4340 2760 4394 τῶν
2787 4340 3207 4411 ἀριστευμάτων
3237 4342 3334 4395 τοῦ
3364 4346 3655 4418 μάρτυρος

2060 4434 2192 4504 παρ’
2218 4433 2375 4502 ὑμῶν
2421 4432 2776 4505 νενικημένος
2829 4435 3040 4504 γραφῇ.
3091 4433 3282 4504 Χαίρω
3311 4438 3376 4505 τῇ
3419 4439 3654 4509 τοιαύτη

2058 4525 2158 4596 τῆς
2184 4525 2455 4596 ὑμετέρας
2492 4523 2675 4595 ἰσχύος
2723 4524 3306 4596 σήμερονηὴττώμενος
3335 4528 3492 4602 νίκῃ.
3529 4532 3653 4583 Ἰδω

2057 4615 2156 4686 τῆς
2193 4614 2380 4685 χειρὸς
2430 4613 2568 4687 πρὸς
2606 4613 2668 4666 τὸ
2735 4613 2846 4685 πῦρ
2905 4614 3298 4687 ἀκριϐέστερον
3326 4618 3464 4688 παρ’
3496 4619 3654 4689 ὑμῶν

2057 4706 2413 4779 γραφομένην
2475 4706 2576 4776 τὴν
2615 4700 2819 4777 πάλην.
2866 4706 2994 4759 Ἰδω
3019 4707 3371 4778 φαιδρότερον
3412 4709 3515 4762 ἐπὶ
3547 4710 3656 4778 τῆς

2058 4796 2330 4867 ὑμετέρας
2398 4795 2490 4849 τὸν
2559 4795 2863 4867 παλαιστὴν
2942 4797 3328 4868 γεγραμμένον
3411 4801 3648 4864 εἰκόνος.

2057 4889 2466 4942 Κλαυσόιτωσαν
2509 4887 2762 4959 δαίμονες
2791 4887 2885 4940 καὶ
2909 4887 3024 4954 νῦν,
3075 4891 3194 4952 ταῖς
3232 4889 3329 4942 τοῦ
3359 4891 3651 4964 μάρτυρος

2059 4979 2116 5032 ἐν
2145 4979 2275 5048 ὑμῖν
2323 4977 2626 5049 ἀριστείαις
2655 4976 3040 5046 πληττόμενοι.
3104 4978 3426 5050 Φλεγομένη
3484 4984 3648 5035 πάλιν

2060 5072 2245 5133 αὐτοῖς
2277 5071 2311 5138 ἡ
2341 5070 2463 5140 χεὶρ
2492 5069 2588 5125 καὶ
2646 5070 2856 5122 νικῶσα
2882 5068 3203 5123 δεικνύσθω.
3242 5070 3650 5144 Ἑγγραφέσθω

2057 5165 2135 5235 τῷ
2183 5166 2399 5233 πίνακι,
2451 5165 2544 5219 καὶ
2590 5165 2618 5215 ὁ
2673 5163 2781 5218 τῶν
2837 5163 3233 5235 παλαισμάτων
3292 5169 3651 5238 ἀγωνοθέτης

2057 5255 2312 5326 Χριστός.
2339 5273 2358 5307 ι
3101 5271 3108 5278 '

1643 5415 1880 5472 vanae
1913 5415 2314 5492 LECTlONES.

442 5561 471 5591 ν
498 5549 812 5607 Orationem
859 5547 999 5602 hanc
1028 5543 1213 5598 Basilii
1243 5556 1366 5598 esse
1416 5539 1503 5594 vix
1547 5537 1800 5610 concedit
1837 5537 2218 5594 Combeﬁsius.
2250 5535 2360 5610 Nec
2390 5551 2614 5607 usquam
2643 5544 2800 5610 certe,
2855 5531 3054 5610 inquit:
3091 5528 3235 5610 quod
3281 5537 3648 5610 meminerim,

376 5599 1883 5685 υἱάεαῖίιῖᾗοῖἰῖίιιῖτδγοργὸνἱιαᾉιεῃιιὶεεεηιόοτιαριιι
1946 5617 2174 5685 martyr.
2208 5599 2477 5685 “Syrusf
2503 5623 2615 5685 {intui
2672 5599 2966 5677 Cappadox
3027 5599 3149 5667 fuit,
3198 5614 3362 5669 quem
3395 5599 3650 5664 Joannes

377 5667 1159 5764 ESS'sBaatiidg:p'axiégiri'cb
1211 5683 1488 5750 laudavit,
1523 5679 1618 5753 qui
1670 5686 1848 5736 exstat
1879 5689 1918 5735 t.
1953 5677 1997 5733 ν
2039 5667 2170 5734 edit.
2207 5667 2373 5732 Savil.
2397 5667 2451 5745 p.
2490 5677 2614 5732 497.
