3928 6196
254 333 383 400 1361

1360 334 1456 394 DE
1493 331 1951 392 IMAGINIBUS
1988 332 2267 392 ORATIO
2308 332 2419 394 III.

3356 326 3496 394 1362

255 451 368 507 Τοῦ
397 451 589 511 αὑτοῦ
640 451 702 505 ἐκ
759 451 864 506 τοῦ
888 452 976 516 είς
1016 451 1157 516 τοὺς
1188 451 1396 519 ἁγίους
1433 451 1491 520 μ’
1516 449 1822 518 μάρτυρας

2015 447 2179 519 364
2216 445 2507 517 Ejusdem,
2539 459 2603 499 ex
2639 446 2879 499 oratione
2909 446 2966 498 in
2998 443 3090 498 XL
3125 455 3408 516 martyres.

916 523 1125 590 λόγου.

326 631 346 664 ι
393 611 550 665 Ἐπεὶ
579 610 672 662 καὶ
706 611 958 682 πολέμων
1011 612 1506 684 ἀνδραγαθήματα,
1539 614 1634 666 καὶ
1663 612 1823 681 λογο-

249 703 454 773 γράφοι
485 699 748 763 πολλάκις
797 701 892 753 καὶ
941 700 1222 772 ζωγράφοι
1262 701 1740 772 διασημαίνουσιν·
1776 705 1823 755 οἱ

253 793 352 862 μὲν
379 789 624 861 τῷλόγῳ
676 791 1030 859 κοσμοῦντες,
1060 793 1112 844 οἱ
1157 792 1210 845 δὲ
1259 795 1370 856 τοῖς
1409 793 1628 860 πίναξιν
1660 795 1827 864 ὲγχα-

255 885 573 954 ράττοντες·
606 882 702 936 καὶ
755 883 983 947 πολλοὺς
1034 885 1331 956 ἐπήγειρον
1381 886 1519 956 πρὸς
1574 887 1827 956 ἀνδρείαν

253 975 524 1045 ἑκάτεροι.
558 975 625 1026 Ἀ
652 974 757 1046 γὰρ
783 977 811 1028 6
839 974 994 1042 λόγος
1025 975 1112 1029 διὰ
1157 977 1254 1047 τῆς
1302 979 1470 1049 ἀκοῆς
1502 979 1824 1049 παρίστησι,

253 1067 426 1122 ταῦτα
457 1067 700 1138 γραφικὴ
737 1067 998 1120 σιωπῶσα
1046 1068 1134 1123 διὰ
1171 1072 1454 1140 μιμήσεως
1483 1072 1770 1127 δείκνυσιν.
1801 1092 1820 1124 ι

259 1158 369 1214 7'05
402 1159 608 1232 αὑτοῦ.
635 1160 705 1212 ἐκ
737 1158 865 1232 τῶν
886 1160 1035 1232 πρός
1063 1161 1472 1232 μ’Λμφιλόχιον
1510 1164 1830 1232 τριάκοντα

324 1231 688 1366 ἷὲῗὲῑὶἐιῄιων,
737 1230 872 1298 περὶ
907 1231 1013 1284 τοῦ
1041 1229 1216 1300 ἁγίου
1269 1229 1638 1303 Πιθὲύμιιέος,
1680 1236 1830 1291 ἀπό-

332 1410 350 1440 (
389 1391 509 1442 Ὅτι
550 1390 804 1460 βασιλεὺς
826 1392 1156 1460 λέγεταικαὶ
1186 1395 1218 1464 ἡ
1244 1392 1337 1448 τοῦ
1363 1394 1626 1466 βασιλέως
1643 1397 1828 1463 εἰκὼν,

255 1480 353 1533 καὶ
381 1482 443 1536 ού
469 1482 562 1534 δύο
590 1482 850 1552 βασιλεῖς.
897 1484 1034 1538 Οὔτε
1074 1485 1182 1556 γὰρ
1210 1486 1271 1539 τὸ
1315 1488 1514 1557 κράτος
1562 1489 1829 1558 σχίζεται,

253 1571 379 1624 οὔτε
415 1573 447 1643 ἡ
478 1573 603 1638 δόξα
634 1573 1030 1646 διαμερίζεται.
1069 1577 1160 1640 Ὠς
1187 1578 1346 1649 γάρὴ
1380 1579 1831 1650 κρατοῦσαήμῶν

255 1662 401 1732 ἁρχὴ
429 1664 522 1715 καὶ
542 1663 763 1728 ἐξουσία
797 1666 915 1734 μία,
945 1665 1089 1720 οὕτω
1123 1668 1217 1722 καὶ
1253 1671 1285 1738 ἡ
1323 1668 1452 1740 παρ’
1485 1669 1642 1739 ἡμῶν
1688 1669 1834 1734 δοξο-

2001 631 2020 661 ι
2050 609 2182 675 Qum
2215 609 2361 664 enim
2396 607 2451 663 in
2485 605 2633 661 bello
2665 603 2886 660 fortiter
2915 610 3069 674 gesta
3102 611 3260 670 sunt,
3291 621 3354 661 ea
3387 602 3500 676 pie-

1927 717 2200 771 rumque,
2243 715 2369 756 cum
2422 706 2708 761 oratores,
2761 703 2878 750 tum
2919 696 3160 765 pictores
3199 705 3500 767 exponunt.

1928 791 2008 845 llli
2040 791 2260 861 quidem
2302 790 2488 845 verbis
2525 795 2860 844 exornantes
2884 825 2898 850 ,
2937 786 2992 840 hi
3035 800 3166 841 vero
3207 785 3262 840 in
3303 786 3505 840 tabulis

1928 881 2322 952 exprimentes;
2344 889 2508 951 atque
2532 878 2735 933 multos
2758 876 2977 946 utrique
2997 877 3063 932 ad
3087 877 3350 946 praeclara
3373 874 3505 929 taci-

1929 988 2064 1028 nora
2092 973 2422 1027 excitarunt.
2451 970 2582 1036 Qua:
2610 969 2754 1023 enim
2787 969 3013 1024 auribus
3027 982 3208 1024 sermo
3228 967 3502 1037 proponit,

1928 1081 1992 1120 ea
2020 1066 2189 1120 silens
2218 1064 2431 1134 pictura
2458 1078 2555 1132 per
2585 1061 2948 1116 imitationem
2983 1066 3360 1131 repraesentat.
3389 1077 3409 1112 ι

1935 1173 2187 1244 Ejusdem
2208 1213 2228 1244 ,ξ
2255 1187 2320 1227 ex
2349 1173 2567 1244 triginta
2595 1173 2856 1242 capitibus
2887 1171 2952 1244 de
2985 1171 3192 1244 Spiritu
3223 1180 3408 1227 sancto
3444 1173 3512 1224 ad

2073 1241 2491 1313 Amphilochium
2513 1285 2529 1310 ,
2559 1241 2893 1312 responsione
2915 1241 3120 1297 decima
3155 1253 3360 1298 octava.

2011 1437 2028 1470 ι
2064 1418 2278 1490 Quippe
2314 1419 2493 1492 ipsam
2534 1433 2752 1489 quoque
2771 1417 2943 1508 ‘regis
2974 1416 3272 1488 imaginem
3322 1431 3506 1487 regem

1935 1510 2259 1575 nominant,
2316 1524 2417 1564 nec
2470 1514 2616 1565 duos
2670 1505 2828 1578 reges
2881 1507 3097 1561 dicunt.
3137 1505 3327 1575 Neque
3363 1507 3512 1562 enim

1935 1602 2205 1656 scinditur
2237 1603 2528 1672 imperium
2551 1643 2566 1668 ,
2615 1616 2793 1671 neque
2826 1599 3002 1670 gloria
3038 1597 3325 1653 dividitur.
3371 1597 3510 1653 Nam

1933 1691 2394 1759 quemadmodum
2427 1691 2720 1760 imperium
2760 1689 2932 1755 illud,
2965 1689 3082 1744 sive
3116 1695 3364 1758 potestas
3391 1704 3514 1758 qua:

257 1752 436 1818 λογία,
500 1754 618 1822 μία,
645 1755 740 1807 καὶ
763 1755 824 1808 ού
861 1756 1083 1810 πολλαί·
1109 1758 1245 1812 διότι
1270 1761 1302 1830 ἡ
1338 1760 1439 1829 τῆς
1467 1760 1672 1823 εἰκόνος
1697 1759 1832 1830 τιμὴ

1963 1779 2099 1834 iobis
2145 1780 2485 1846 dominatur,
2543 1795 2648 1835 una
2681 1791 2805 1847 est;
2845 1779 2926 1834 sic
2958 1779 3126 1834 etiam
3161 1779 3335 1849 gloria
3357 1821 3372 1846 ,
3405 1795 3514 1848 qua

258 1843 352 1897 ἐπὶ
395 1845 459 1898 τὸ
503 1847 859 1916 πρωτότυπον
915 1849 1208 1906 διαϐαίνει.
1268 1854 1334 1905 Ὃ
1401 1849 1493 1907 οὗν
1542 1855 1690 1908 ἐστιν
1747 1856 1834 1907 ὲν-

257 1933 433 1988 ταῦθα
500 1939 814 2010 μιμητικῶς
847 1942 880 2013 ή
911 1942 1095 2010 εἰκὼν,
1146 1944 1332 1998 τούτο-
1361 1947 1480 2000 ἐκεῖ
1519 1945 1764 2016 φυσικῶς
1806 1947 1835 2000 6

268 2026 414 2091 Υἱός.
446 2044 468 2080 ι

332 2205 608 2272 Σχό.2ιον.
623 2209 938 2283 Ὠσπεροῦν
958 2233 977 2268 ι
999 2215 1059 2270 '0
1078 2216 1152 2287 μὴ
1177 2216 1354 2287 τιμῶν
1369 2217 1462 2271 τὸν
1481 2217 1629 2283 Υίδν,
1653 2216 1837 2281 καθώς

262 2298 478 2363 φησινὸ
517 2298 741 2370 Κύριος,
772 2305 834 2357 ού
867 2308 1004 2377 τιμᾷ
1037 2308 1130 2361 τὸν
1177 2309 1394 2379 Πατέρα
1428 2309 1518 2363 τὸν
1544 2309 1837 2378 πέμψαντα

262 2386 446 2454 αὐτὸν,
474 2407 493 2440 ι
550 2390 693 2446 οὕτω
724 2396 818 2448 καὶ
845 2397 874 2448 6
906 2397 981 2470 μὴ
1026 2400 1202 2470 τιμῶν
1233 2401 1331 2472 τὴν
1361 2402 1567 2466 εἰκόνα,
1603 2401 1722 2455 οὐδὲ
1743 2402 1836 2455 τὸν

262 2479 661 2550 εἰκονιζόμενον
687 2489 841 2558 τιμᾷ.
886 2490 1024 2543 Ἀλλ’
1062 2491 1191 2555 ἴσως
1222 2493 1339 2564 ὲρεῖ
1381 2510 1468 2556 τις
1491 2509 1505 2523 ⁶
1534 2493 1714 2564 Τιμᾷν
1734 2494 1837 2565 τὴν

263 2567 451 2622 εἰκόνα
481 2571 574 2624 τοῦ
606 2574 844 2644 Χριστοῦ
877 2578 1115 2651 ἀνάγκη,
1143 2581 1268 2652 οὐχὶ
1285 2581 1343 2635 δὲ
1381 2582 1608 2636 καὶτῶν
1635 2582 1834 2650 ἁγίων.

263 2658 330 2708 Ὠ
358 2660 456 2728 τῆς
481 2661 833 2736 ἀφροσύνηςῑ
874 2671 1140 2725 ’Ἄκουσον
1187 2674 1283 2726 τοῦ
1328 2674 1534 2746 Κυρίου
1586 2675 1838 2745 λέγοντος

263 2752 378 2815 τοῖς
438 2754 740 2826 μαθηταῖςο
795 2776 816 2811 ‹
887 2762 946 2815 '0
1008 2763 1298 2836 δεχόμενος
1354 2768 1520 2837 ὑμᾶς,
1565 2769 1668 2839 ἐμὲ
1750 2769 1840 2822 δέ·

263 2861 442 2912 χεται.
468 2865 486 2897 ι
525 2849 687 2903 Ὥστε
739 2853 767 2905 6
803 2853 880 2925 μὴ
913 2856 1087 2926 τιμῶν
1116 2841 1258 2923 τοὺς
1291 2858 1502 2928 ἁγίους,
1532 2859 1652 2913 οὐδὲ
1677 2861 1839 2916 αὐτὸν

262 2937 398 3006 τιμᾷ
428 2937 519 2990 τὸν
548 2941 771 3011 Κύριον.

270 3114 618 3211 Tol?“
656 3124 995 3211 ςρηχορίου
1053 3130 1161 3184 τοῦ
1194 3133 1470 3211 Νύᾳᾳης,
1512 3138 1634 3211 ἀπὸ
1658 3141 1845 3211 λόγου

771 3185 1470 3281 Εώνρνταντινουπξόαξέὶῗ

334 3259 750 3353 τ’(ι‹‹;;ἐ’ίοιῦψφιοιίτ
764 3267 1155 3353 Ιζνςύματος,Α
1165 3273 1288 3353 ’καί
1309 3276 1398 3340 είς

338 3327 657 3420 ,
668 3329 755 3420 non?
776 3338 813 3403 ἡ
843 3327 1034 3420 afﬁgi}:
1065 3327 1101 3391 ι’
1117 3327 1256 3420 bidos
1272 3359 1325 3396 τι
1351 3327 1850 3420 ᾆάᾶέούῖίῖἓὲἵςῖ

501 3405 784 3492 Δσθαι-θεῖς
816 3405 936 3492 τῶν
974 3410 1282 3492 λειμώνωγ
1323 3417 1377 3468 ot
1413 3405 1640 3474 τοῦτων
1679 3405 1852 3492 φίλοῖ-

341 3468 660 3536 οεάμονες,
710 3491 730 3525 ι
760 3468 868 3529 καί
904 3468 1320 3553 μετὰξϐραχέα.

353 3579 371 3612 ι
408 3561 687 3658 Ἐντεῦθεν
712 3567 927 3640 δεσμοῖς
955 3573 1220 3644 πρότερον
1238 3575 1591 3649 διαλαμϐάνει
1611 3585 1640 3637 6
1670 3586 1852 3658 πατὴρ

274 3653 368 3705 τὸν
400 3655 585 3711 παῖδα.
617 3656 771 3714 Εἶδον
802 3663 1066 3730 πολλάκις
1113 3668 1204 3720 ἐπὶ
1249 3672 1491 3742 γραφῆς,
1540 3675 1724 3731 εἰκόνα
1757 3653 1853 3732 τού

276 3746 504 3842 sta—2000;,
534 3751 626 3804 καὶ
645 3752 748 3806 ούκ
781 3754 1044 3827 ἀδάκρυτι
1065 3757 1162 3830 τὴν
1186 3759 1317 3815 θέαν
1356 3764 1658 3835 παρῆλθον,
1697 3768 1857 3842 ὲναρ-

273 3838 394 3907 γῶς
410 3842 508 3910 τῆς
536 3843 735 3915 τέχνης
761 3846 854 3899 ὑπ’
890 3847 1013 3917 ὄψιν
1039 3848 1279 3924 ἀγούσης
1294 3854 1393 3924 τὴν
1416 3856 1678 3927 ἱστορίαν.
1718 3838 1858 3931 Πρό-

275 3951 459 3987 κειται
503 3934 685 3990 Ἰσαὰκ
715 3942 848 4010 παρ’
877 3940 1025 4011 αύτῷ
1063 3942 1141 4012 τῷ
1189 3943 1592 4020 θυσιαστηρίῳ,
1623 3950 1861 4016 ὀκλάσας

276 4027 374 4079 ὲπὶ
431 4027 582 4096 γόνυ,
624 4031 718 4083 καὶ
769 4034 1146 4104 περιηγμένας
1190 4033 1330 4106 ἔχων
1373 4039 1455 4102 είς
1498 4041 1741 4096 τούπίσω
1762 4043 1860 4110 τὰς

276 4121 492 4189 χεῖρας.
541 4122 600 4175 '0
657 4123 735 4189 δὲ,
790 4125 1139 4195 ἐπιϐεϐηκὼς
1184 4131 1414 4185 κατόπιν
1473 4133 1554 4208 τῷ
1605 4135 1728 4191 ποδὶ
1757 4137 1860 4208 τῆς

275 4213 551 4286 ἀγκύλης,
587 4217 681 4271 καὶ
703 4223 771 4291 τῇ
820 4221 1084 4294 ἀριστερᾷ
1139 4221 1239 4294 τὴν
1306 4226 1485 4300 κόμην
1517 4209 1612 4282 τοῦ
1669 4231 1862 4297 παιδὸς

277 4305 420 4377 πρὸς
467 4309 658 4362 ἑαυτὸν
713 4311 1058 4379 ἀνακλάσας,
1102 4317 1392 4372 ἐπικύπτει
1434 4319 1513 4388 τῷ
1555 4319 1856 4394 προσώπῳ,

1939 1883 2060 1923 eam
2115 1869 2498 1934 celebramus,
2557 1884 2664 1924 una
2716 1877 2836 1932 est,
2897 1883 3006 1922 non
3063 1868 3268 1938 plures.
3330 1869 3518 1925 llonor

1941 1959 2147 2030 quippe
2178 1959 2462 2016 exhibitus
2495 1961 2751 2032 imagini,
2775 1959 2840 2013 ad
2875 1960 3054 2029 ipsum
3086 1957 3324 2015 refertur
3352 1976 3517 2031 quem

1942 2057 2321 2120 repraesentat.
2365 2049 2588 2120 Itaque,
2625 2049 2772 2120 quod
2813 2049 2940 2104 istic
2980 2046 3289 2104 imitatione
3339 2049 3520 2121 imago

1941 2149 2047 2204 est,
2072 2141 2175 2196 hoc
2207 2139 2320 2195 illic
2350 2148 2547 2195 natura
2581 2138 2755 2194 Filius
2786 2151 2889 2195 est.
2921 2158 2940 2191 ι

2013 2233 2305 2288 Comment.
2349 2227 2510 2287 Sicut
2530 2232 2700 2302 igitur
2721 2250 2740 2284 ι
2763 2231 2868 2299 Qui
2895 2232 3092 2289 Filium
3121 2248 3230 2288 non
3256 2228 3520 2287 honoriﬁ-

1942 2332 2063 2390 cat,
2095 2323 2274 2394 inquit
2296 2323 2413 2392 ipse
2439 2322 2641 2387 Filius,
2669 2337 2770 2377 nec
2797 2323 3127 2378 honoriﬁcat
3151 2323 3369 2376 Patrem
3394 2319 3462 2386 “,
3493 2337 3512 2372 ι

1943 2415 2024 2470 sic
2055 2413 2151 2484 qui
2188 2413 2414 2484 imagini
2447 2414 2680 2485 denegat
2713 2413 2979 2470 honorem
3002 2454 3018 2480 ,
3056 2415 3104 2470 is
3135 2413 3386 2486 profecto
3419 2425 3524 2466 nec

1942 2521 2065 2562 eum
2109 2520 2272 2577 quem
2319 2506 2502 2576 imago
2542 2505 2748 2573 refert,
2791 2507 3168 2563 honoraverit.
3207 2507 3278 2562 At
3314 2504 3523 2562 Christi

1944 2598 2238 2668 imaginem
2272 2599 2482 2654 honore
2507 2597 2731 2669 dignam
2762 2614 2887 2656 esse
2913 2599 3256 2656 concesserit
3284 2596 3526 2654 nonnul-

1944 2692 2061 2755 lus,
2099 2701 2418 2748 sanctorum
2450 2706 2582 2747 vero
2616 2706 2726 2746 non
2767 2692 2922 2748 item.
2963 2691 3108 2747 Proh
3148 2687 3520 2745 dementiam!

1946 2782 2155 2840 Audias
2198 2784 2362 2840 velim
2415 2783 2705 2839 Dominum
2757 2783 3062 2854 discipulos
3109 2783 3522 2852 alloquentem.

1952 2892 1970 2926 ι
1998 2873 2105 2942 Qui
2138 2875 2376 2944 suscipit
2405 2885 2546 2938 vos;
2584 2891 2671 2930 me
2702 2875 2938 2945 suscipit
2962 2874 3027 2928 ⁸³.
3064 2892 3083 2925 ι
3115 2872 3484 2939 Quamobrem
3508 2908 3524 2934 ,

1948 2969 2043 3039 qui
2073 2976 2294 3024 sanctos
2329 2984 2438 3023 non
2469 2969 2638 3035 colit,
2672 2969 2720 3024 is
2761 2983 2830 3024 ne
2859 2969 3041 3039 ipsum
3072 2965 3295 3038 quidem
3335 2963 3527 3020 Domi-

1872 3099 1915 3157 C
1950 3074 2080 3113 num
2113 3058 2366 3114 coluerit.

1952 3151 2140 3206 Sancti
2164 3149 2404 3220 Gregorii
2432 3149 2659 3220 Nysseni
2681 3193 2696 3215 ,
2723 3166 2787 3206 ex
2816 3152 3055 3206 oratione
3080 3150 3150 3206 M
3169 3193 3183 3215 ,
3217 3148 3528 3204 Constanti-

2022 3221 2200 3289 nopoli
2222 3209 2427 3287 Itdbita,
2459 3209 2522 3274 de
2545 3209 2751 3275 Filii'et
2780 3219 3012 3288 Spiritus
3033 3209 3206 3275 saucii
3228 3220 3527 3282 divinitate,

2021 3302 2071 3345 ct
2101 3292 2154 3344 in
2204 3307 2308 3362 qua
2354 3292 2418 3345 de
2444 3291 2717 3362 Abraham
2761 3292 3077 3345 mentionem
3129 3289 3328 3362 habet;
3377 3289 3528 3362 cuius

2023 3358 2238 3416 initium
2274 3371 2396 3415 est:
2427 3379 2443 3411 ι
2478 3361 2631 3426 Quod
2671 3377 2736 3414 ea:
2767 3371 3047 3430 pratorum
3090 3360 3392 3415 amoenitate
3418 3358 3530 3412 illis

2024 3432 2264 3514 contigit,
2299 3432 2392 3514 qui
2420 3447 2596 3486 rerum
2623 3441 2839 3502 aspectu
2879 3431 3241 3499 delectantur,
3269 3449 3288 3483 ι
3315 3438 3364 3484 et
3398 3444 3534 3498 pau-

2023 3519 2099 3557 cts
2127 3517 2441 3571 prtemissts.

2029 3615 2048 3648 ι
2081 3595 2288 3650 Dehinc
2327 3595 2553 3664 ligatum
2595 3589 2830 3650 vinculis
2879 3591 3048 3648 [ilium
3080 3592 3318 3648 assumit
3353 3597 3530 3660 pater.

1956 3686 2132 3757 Hujus
2182 3702 2282 3759 ego
2337 3687 2548 3741 acerbae
2602 3687 2681 3741 rei
2728 3686 2932 3755 pictam
2984 3683 3278 3755 imaginem
3329 3683 3534 3751 sepius

1957 3775 2180 3846 aspexi,
2219 3789 2321 3830 nec
2358 3775 2479 3831 sine
2521 3774 2783 3846 lacrymis
2827 3773 2899 3828 ab
2933 3773 3040 3827 hoc
3082 3771 3398 3842 spectaculo
3419 3771 3536 3826 dis-

1959 3867 2102 3925 cessi
2131 3884 2144 3922 :
2179 3883 2303 3921 cum
2357 3866 2649 3922 historiam
2678 3879 2897 3935 omnem
2927 3879 3018 3918 ars
3046 3862 3335 3934 perspicue
3355 3861 3534 3919 oculis

1959 3960 2279 4032 explicaret.
2331 3960 2485 4014 lsaac
2543 3956 2699 4012 ﬂexis
2748 3956 3024 4028 genibus,
3080 3954 3448 4024 manibusque
3502 3968 3534 4008 a

1962 4062 2118 4123 tergo
2149 4051 2435 4115 revinctis,
2480 4059 2612 4105 ante
2652 4049 2827 4104 altare
2843 4047 3037 4119 iacens
3085 4053 3532 4118 repraesentatur.

1961 4143 2120 4199 Pater
2141 4157 2274 4198 vero
2304 4158 2447 4213 pone
2477 4141 2712 4212 poplites
2745 4140 2839 4195 ﬁlii
2871 4140 3141 4198 accedens
3165 4181 3182 4205 ,
3211 4150 3264 4196 et
3320 4155 3536 4196 comam

1964 4235 2188 4292 sinistra
2219 4233 2619 4304 apprehensam
2651 4246 2816 4285 manu
2851 4231 2917 4287 ad
2955 4247 3015 4288 se
3051 4232 3310 4297 trahens,
3344 4231 3539 4288 oculos

1966 4325 2024 4380 in
2072 4325 2286 4379 vu'itum
2339 4322 2466 4390 ﬁlii,
2524 4320 2692 4393 digno
2744 4335 2974 4392 prorsus
3029 4320 3540 4379 commiserationis

277 4400 534 4464 ἐλεεινῶς
567 4402 703 4474 πρὸς
755 4404 920 4460 αὑτὸν
973 4407 1360 4476 ἀποϐλέποντι,
1424 4411 1520 4464 καὶ
1553 4411 1651 4482 τὴν
1678 4413 1846 4479 δεξιὰι

1965 4415 2131 4471 modo
2169 4415 2350 4485 ipsum
2399 4413 2754 4484 respicientis
2779 4452 2794 4478 ,
2833 4412 3106 4478 demittit,
3161 4423 3542 4484 armatamque

281 4492 738 4566 καθωπλισμένος
766 4497 841 4568 τῷ
871 4497 1032 4566 ξίφει,
1074 4500 1213 4572 πρὸς
1259 4501 1357 4572 τὴν
1403 4501 1616 4573 σφαγὴν
1665 4521 1864 4559 κατευ-

282 4583 460 4652 θύνει,
491 4587 584 4640 καὶ
637 4587 868 4643 ἅπτεται
906 4590 1008 4661 ἥδη
1039 4590 1134 4646 τοῦ
1171 4590 1427 4663 σώματος
1465 4594 1498 4665 ἡ
1536 4594 1632 4648 τοῦ
1675 4595 1865 4666 ξίφους

283 4677 466 4748 ἀκμὴ,
498 4681 592 4734 καὶ
620 4680 743 4734 τότε
787 4681 938 4752 αὐτῷ
966 4681 1178 4751 γίνεται
1207 4683 1361 4757 φωνὴ
1384 4684 1590 4754 θεόθεν,
1623 4686 1683 4741 τὸ
1705 4687 1866 4758 ἔργον

287 4769 596 4825 κωλύουσα.
627 4789 647 4824 ι

293 4861 409 4940 Τοᾷ
455 4861 629 4940 ἁγίου
695 4865 986 4940 ’[ωᾴννου-
1023 4867 1132 4940 τοῦ
1170 4870 1626 4939 Χρυσοστόμου,
1656 4870 1724 4925 ἐκ
1754 4870 1866 4940 τῆς

383 4931 700 5001 ἑρμηνείας
752 4934 859 5003 τῆς
882 4937 1030 5004 πρὸς
1070 4931 1379 5007 Ἑϐρᾶίους
1433 4931 1814 5009 Ἐπιστολῆς.

369 5044 389 5077 ι
417 5027 522 5082 Καί
554 5046 670 5093 πως
695 5028 858 5083 εἰκὼν
893 5031 986 5085 τοῦ
1015 5031 1276 5102 δευτέρου
1303 5031 1363 5085 τὸ
1394 5032 1631 5100 πρῶτον,
1663 5032 1692 5084 6
1720 5032 1870 5087 Μελ-

287 5122 511 5194 χισεδὲκ
530 5120 626 5175 τοῦ
655 5121 894 5193 Χριστοῦ
920 5138 934 5154 ⁸
973 5122 1162 5193 ῶσπερ
1187 5122 1253 5176 ἄν
1286 5140 1370 5186 τις
1400 5124 1543 5177 εῐποι
1579 5123 1738 5179 σκιὰν
1773 5126 1870 5195 τῆς

289 5213 514 5284 γραφῆς
541 5214 642 5284 τῆς
704 5216 762 5267 ὲν
809 5211 1085 5285 χρώματι,
1139 5214 1200 5267 τὸ
1243 5214 1355 5285 πρὸ
1391 5213 1596 5284 ταύτης
1625 5215 1871 5286 σκίασμα

289 5304 389 5358 τοῦ
419 5304 700 5376 γραφέων.
733 5303 830 5358 Διά
856 5303 1046 5357 τοῦτον
1075 5304 1184 5375 γὰρ
1203 5304 1231 5356 6
1248 5303 1411 5376 νόμος
1435 5304 1682 5358 καλεῖται
1717 5304 1867 5372 σκιὰ,

292 5401 330 5470 ὴ
358 5397 419 5474 δξ
446 5398 608 5469 χάρις
624 5397 878 5466 ἀλήθεια,
903 5396 1209 5469 πράγματα
1231 5397 1285 5450 δὲ
1314 5396 1382 5450 τὰ
1403 5396 1690 5466 μέλλοντα.
1709 5397 1872 5451 Ὥστε

292 5492 324 5544 6
357 5491 457 5562 μὲν
485 5491 650 5562 νόμος
674 5491 767 5545 καὶ
824 5492 853 5545 6
906 5489 1262 5560 Μελχισεδὲκ,
1299 5489 1660 5560 προσκίασμα
1685 5489 1786 5560 τῆς
1814 5491 1872 5543 ἐν

297 5581 555 5654 χρώμασι
584 5583 803 5653 γραφῆς
826 5599 842 5616 ο
877 5581 914 5652 ἡ
940 5581 998 5636 δὲ
1022 5581 1203 5651 χάρις,
1234 5582 1270 5652 ἡ
1302 5581 1548 5651 ἀλήθεια,
1585 5581 1619 5653 ἡ
1649 5581 1706 5636 ὲν
1726 5578 1871 5652 χρῶ-

373 5739 419 5771 “
446 5757 610 5816 Joan.
647 5775 701 5827 v,
731 5759 824 5816 ιδ.
897 5759 943 5795 ιε
972 5759 1161 5818 Matth.
1191 5777 1247 5828 ι,
1266 5759 1354 5816 ιο.

1964 4504 2150 4577 gladio
2177 4504 2466 4560 dexteram
2502 4504 2569 4559 ad
2604 4503 2812 4559 caedem
2843 4503 3052 4574 dirigit.
3100 4501 3332 4574 Jamque
3368 4502 3543 4575 gladii

1963 4596 2112 4652 acies
2142 4609 2344 4666 corpus
2377 4595 2588 4665 tangit,
2644 4609 2772 4650 cum
2821 4609 2962 4663 vox,
3014 4609 3084 4651 ne
3131 4608 3247 4650 rem
3295 4593 3545 4666 perﬁciat

1963 4687 2265 4760 prohibens
2286 4725 2302 4753 ,
2333 4687 2648 4742 exauditur.
2684 4706 2702 4738 ι

2073 4864 2266 4922 Sancti
2303 4862 2534 4936 Joannis
2573 4864 2975 4936 Chrysostomi,
3007 4881 3072 4920 ea:
3101 4864 3444 4921 enarratione

2381 4937 2438 4990 in
2466 4935 2757 5006 Epistolam
2789 4936 2858 4989 ad
2885 4936 3159 4992 Hebrwos.

2045 5048 2064 5082 ι
2103 5028 2182 5085 Ac
2239 5030 2396 5100 prius
2426 5028 2648 5098 quidem
2683 5028 3007 5098 posterioris
3066 5027 3232 5084 modo
3307 5025 3549 5098 quodam

1967 5120 2147 5193 imago
2195 5118 2329 5188 fuit,
2384 5135 2582 5190 nempe
2628 5119 2836 5175 Christi
2891 5117 3342 5176 Melchisedech:
3399 5118 3550 5174 haud

1970 5231 2132 5273 secus
2171 5229 2236 5270 ac
2268 5215 2316 5270 si
2350 5213 2734 5269 adumbratam
2769 5220 2895 5269 ante
2947 5229 2977 5268 a
3029 5214 3245 5285 pictore
3292 5211 3551 5283 designa-

1972 5305 2210 5370 tionem,
2246 5304 2477 5374 picturae
2522 5319 2645 5374 qua:
2683 5304 2966 5361 coloribus
3017 5303 3368 5374 postmodum
3417 5303 3550 5359 illu-

1973 5405 2204 5463 stretur,
2241 5396 2498 5452 umbram
2539 5396 2665 5466 quis
2703 5395 2978 5452 nominet.
3021 5393 3230 5451 Idcirco
3269 5395 3418 5451 enim
3464 5394 3552 5450 lex

1975 5489 2172 5545 umbra
2201 5499 2457 5556 vocatur,
2491 5497 2544 5544 et
2572 5489 2749 5560 gratia
2777 5529 2792 5552 ,
2823 5488 3068 5558 veritas;
3108 5503 3200 5544 res
3239 5495 3422 5543 autem
3469 5486 3551 5543 di-
3613 5504 3622 5516 ·

1979 5588 2182 5636 cuntur
2212 5595 2278 5636 ea
2311 5593 2434 5651 quae
2467 5576 2654 5634 futura
2693 5585 2844 5636 sunt.
2877 5575 2957 5634 Ita
2991 5585 3082 5645 ut,
3119 5587 3235 5633 tum
3282 5577 3400 5645 lex,
3437 5585 3552 5631 tum
