  <div class='ocr_page' id='page_1' title='image "/cluster/home/n/w/nwhite01/storage/ocr_20150623/94/hvd.32044073502098/689.png"; bbox 0 0 3936 6174; ppageno 0'>
   <div class='ocr_carea' id='block_1_1' title="bbox 397 157 529 221">
    <p class='ocr_par' dir='ltr' id='par_1_1' title="bbox 397 157 529 221">
     <span class='ocr_line' id='line_1_1' title="bbox 397 157 529 221; baseline 0.03 -4"><span class='ocrx_word' id='word_1_1' title='bbox 397 157 529 221; x_wconf 82' lang='grc'><strong>1367</strong></span> 
     </span>
    </p>
   </div>
   <div class='ocr_carea' id='block_1_2' title="bbox 1583 169 2468 236">
    <p class='ocr_par' dir='ltr' id='par_1_2' title="bbox 1583 169 2468 236">
     <span class='ocr_line' id='line_1_2' title="bbox 1583 169 2468 236; baseline 0.011 -10"><span class='ocrx_word' id='word_1_2' title='bbox 1583 169 1644 228; x_wconf 90' lang='lat' dir='ltr'><strong>S.</strong></span> <span class='ocrx_word' id='word_1_3' title='bbox 1685 169 2005 231; x_wconf 84' lang='lat' dir='ltr'><strong>JOANNIS</strong></span> <span class='ocrx_word' id='word_1_4' title='bbox 2042 172 2468 236; x_wconf 72' lang='lat' dir='ltr'><strong>DAMASCENI</strong></span> 
     </span>
    </p>
   </div>
   <div class='ocr_carea' id='block_1_3' title="bbox 3518 187 3670 250">
    <p class='ocr_par' dir='ltr' id='par_1_3' title="bbox 3518 187 3670 250">
     <span class='ocr_line' id='line_1_3' title="bbox 3518 187 3670 250; baseline 0.013 -2"><span class='ocrx_word' id='word_1_5' title='bbox 3518 187 3670 250; x_wconf 71' lang='lat'><strong>1368</strong></span> 
     </span>
    </p>
   </div>
   <div class='ocr_carea' id='block_1_4' title="bbox 387 269 1965 364">
    <p class='ocr_par' dir='ltr' id='par_1_4' title="bbox 387 269 1965 338">
     <span class='ocr_line' id='line_1_4' title="bbox 387 269 1965 338; baseline 0.011 -18"><span class='ocrx_word' id='word_1_6' title='bbox 387 283 552 338; x_wconf 86' lang='lat' dir='ltr'><strong>quam</strong></span> <span class='ocrx_word' id='word_1_7' title='bbox 593 269 727 325; x_wconf 88' lang='lat' dir='ltr'><strong>deos</strong></span> <span class='ocrx_word' id='word_1_8' title='bbox 759 270 1092 338; x_wconf 82' lang='lat' dir='ltr'><strong>adoramus,</strong></span> <span class='ocrx_word' id='word_1_9' title='bbox 1139 273 1282 330; x_wconf 91' lang='lat' dir='ltr'><strong>sicut</strong></span> <span class='ocrx_word' id='word_1_10' title='bbox 1321 276 1527 332; x_wconf 88' lang='lat' dir='ltr'><strong>ethnlci</strong></span> <span class='ocrx_word' id='word_1_11' title='bbox 1570 280 1776 336; x_wconf 80' lang='lat' dir='ltr'><strong>faciunt</strong></span> <span class='ocrx_word' id='word_1_12' title='bbox 1816 302 1829 337; x_wconf 88' lang='lat'><strong>:</strong></span> <span class='ocrx_word' id='word_1_13' title='bbox 1870 283 1965 337; x_wconf 87' lang='lat' dir='ltr'><strong>ab-</strong></span> 
     </span>
    </p>
   </div>
   <div class='ocr_carea' id='block_1_5' title="bbox 2083 269 3670 364">
    <p class='ocr_par' dir='ltr' id='par_1_5' title="bbox 2083 287 3670 364">
     <span class='ocr_line' id='line_1_5' title="bbox 2083 287 3670 364; baseline 0.008 -25"><span class='ocrx_word' id='word_1_14' title='bbox 2083 303 2176 356; x_wconf 83' lang='grc' dir='ltr'><strong>μεν</strong></span> <span class='ocrx_word' id='word_1_15' title='bbox 2199 289 2248 341; x_wconf 88' lang='grc' dir='ltr'><strong>οἰ</strong></span> <span class='ocrx_word' id='word_1_16' title='bbox 2271 290 2471 353; x_wconf 73' lang='grc' dir='ltr'>πιστοὶ,</span> <span class='ocrx_word' id='word_1_17' title='bbox 2498 287 2574 359; x_wconf 81' lang='grc' dir='ltr'>μὴ</span> <span class='ocrx_word' id='word_1_18' title='bbox 2599 289 2830 357; x_wconf 87' lang='grc' dir='ltr'>γένοιτο,</span> <span class='ocrx_word' id='word_1_19' title='bbox 2888 289 3076 363; x_wconf 81' lang='grc' dir='ltr'>ὥσπερ</span> <span class='ocrx_word' id='word_1_20' title='bbox 3115 293 3166 348; x_wconf 88' lang='grc' dir='ltr'><strong>οἰ</strong></span> <span class='ocrx_word' id='word_1_21' title='bbox 3186 293 3481 364; x_wconf 79' lang='grc' dir='ltr'>Ἕλληνες,</span> <span class='ocrx_word' id='word_1_22' title='bbox 3515 291 3670 350; x_wconf 70' lang='grc' dir='ltr'>ἀλλὰ</span> 
     </span>
    </p>
   </div>
   <div class='ocr_carea' id='block_1_6' title="bbox 391 360 1967 433">
    <p class='ocr_par' dir='ltr' id='par_1_6' title="bbox 391 360 1967 433">
     <span class='ocr_line' id='line_1_6' title="bbox 391 360 1967 433; baseline 0.01 -19"><span class='ocrx_word' id='word_1_23' title='bbox 391 360 496 415; x_wconf 79' lang='lat' dir='ltr'><strong>sit!</strong></span> <span class='ocrx_word' id='word_1_24' title='bbox 553 362 650 416; x_wconf 89' lang='lat' dir='ltr'><strong>sed</strong></span> <span class='ocrx_word' id='word_1_25' title='bbox 693 362 950 420; x_wconf 62' lang='lat' dir='ltr'><strong>allectum</strong></span> <span class='ocrx_word' id='word_1_26' title='bbox 997 365 1302 433; x_wconf 80' lang='lat' dir='ltr'><strong>duntaxat,</strong></span> <span class='ocrx_word' id='word_1_27' title='bbox 1343 377 1397 423; x_wconf 92' lang='lat' dir='ltr'><strong>et</strong></span> <span class='ocrx_word' id='word_1_28' title='bbox 1441 370 1727 429; x_wconf 86' lang='lat' dir='ltr'><strong>charitatis</strong></span> <span class='ocrx_word' id='word_1_29' title='bbox 1767 383 1967 430; x_wconf 80' lang='lat' dir='ltr'><strong>nostrae</strong></span> 
     </span>
    </p>
   </div>
   <div class='ocr_carea' id='block_1_7' title="bbox 390 453 1967 532">
    <p class='ocr_par' dir='ltr' id='par_1_7' title="bbox 390 453 1967 532">
     <span class='ocr_line' id='line_1_7' title="bbox 390 453 1967 532; baseline 0.007 -22"><span class='ocrx_word' id='word_1_30' title='bbox 390 454 634 510; x_wconf 82' lang='lat' dir='ltr'><strong>studium</strong></span> <span class='ocrx_word' id='word_1_31' title='bbox 665 453 936 512; x_wconf 87' lang='lat' dir='ltr'><strong>adversus</strong></span> <span class='ocrx_word' id='word_1_32' title='bbox 969 473 1219 528; x_wconf 66' lang='lat' dir='ltr'><strong>personae</strong></span> <span class='ocrx_word' id='word_1_33' title='bbox 1253 459 1307 514; x_wconf 91' lang='lat' dir='ltr'><strong>in</strong></span> <span class='ocrx_word' id='word_1_34' title='bbox 1351 461 1587 531; x_wconf 78' lang='lat' dir='ltr'><strong>imagine</strong></span> <span class='ocrx_word' id='word_1_35' title='bbox 1625 464 1859 532; x_wconf 58' lang='lat' dir='ltr'><strong>depicta!</strong></span> <span class='ocrx_word' id='word_1_36' title='bbox 1905 466 1967 520; x_wconf 79' lang='lat' dir='ltr'><strong>li-</strong></span> 
     </span>
    </p>
   </div>
   <div class='ocr_carea' id='block_1_8' title="bbox 391 543 1965 623">
    <p class='ocr_par' dir='ltr' id='par_1_8' title="bbox 391 543 1965 623">
     <span class='ocr_line' id='line_1_8' title="bbox 391 543 1965 623; baseline 0.01 -26"><span class='ocrx_word' id='word_1_37' title='bbox 391 560 582 613; x_wconf 77' lang='lat' dir='ltr'><strong>gurum</strong></span> <span class='ocrx_word' id='word_1_38' title='bbox 619 543 993 604; x_wconf 84' lang='lat' dir='ltr'><strong>declaramus.</strong></span> <span class='ocrx_word' id='word_1_39' title='bbox 1028 549 1374 621; x_wconf 78' lang='lat' dir='ltr'><strong>Quapropter</strong></span> <span class='ocrx_word' id='word_1_40' title='bbox 1409 568 1518 608; x_wconf 91' lang='lat' dir='ltr'><strong>non</strong></span> <span class='ocrx_word' id='word_1_41' title='bbox 1555 571 1715 623; x_wconf 89' lang='lat' dir='ltr'><strong>raro,</strong></span> <span class='ocrx_word' id='word_1_42' title='bbox 1751 558 1965 612; x_wconf 88' lang='lat' dir='ltr'><strong>oblitte-</strong></span> 
     </span>
    </p>
   </div>
   <div class='ocr_carea' id='block_1_9' title="bbox 390 637 1963 712">
    <p class='ocr_par' dir='ltr' id='par_1_9' title="bbox 390 637 1963 712">
     <span class='ocr_line' id='line_1_9' title="bbox 390 637 1963 712; baseline 0.008 -23"><span class='ocrx_word' id='word_1_43' title='bbox 390 644 508 690; x_wconf 90' lang='lat' dir='ltr'><strong>rata</strong></span> <span class='ocrx_word' id='word_1_44' title='bbox 543 637 714 708; x_wconf 83' lang='lat' dir='ltr'><strong>tigura</strong></span> <span class='ocrx_word' id='word_1_45' title='bbox 735 680 749 704; x_wconf 92' lang='lat'><strong>,</strong></span> <span class='ocrx_word' id='word_1_46' title='bbox 780 639 986 710; x_wconf 91' lang='lat' dir='ltr'><strong>lignum</strong></span> <span class='ocrx_word' id='word_1_47' title='bbox 1037 649 1303 712; x_wconf 85' lang='lat' dir='ltr'><strong>tanquam</strong></span> <span class='ocrx_word' id='word_1_48' title='bbox 1340 643 1536 700; x_wconf 88' lang='lat' dir='ltr'><strong>inutile</strong></span> <span class='ocrx_word' id='word_1_49' title='bbox 1565 649 1963 704; x_wconf 88' lang='lat' dir='ltr'><strong>comburimus.</strong></span> 
     </span>
    </p>
   </div>
   <div class='ocr_carea' id='block_1_10' title="bbox 392 727 1968 810">
    <p class='ocr_par' dir='ltr' id='par_1_10' title="bbox 392 727 1968 810">
     <span class='ocr_line' id='line_1_10' title="bbox 392 727 1968 810; baseline 0.009 -30"><span class='ocrx_word' id='word_1_50' title='bbox 392 729 550 784; x_wconf 80' lang='lat' dir='ltr'><strong>Sicut</strong></span> <span class='ocrx_word' id='word_1_51' title='bbox 583 746 714 802; x_wconf 87' lang='lat' dir='ltr'><strong>ergo</strong></span> <span class='ocrx_word' id='word_1_52' title='bbox 745 727 917 787; x_wconf 80' lang='lat' dir='ltr'><strong>Jacob</strong></span> <span class='ocrx_word' id='word_1_53' title='bbox 962 733 1124 788; x_wconf 90' lang='lat' dir='ltr'><strong>morti</strong></span> <span class='ocrx_word' id='word_1_54' title='bbox 1159 735 1444 803; x_wconf 81' lang='lat' dir='ltr'><strong>proximus</strong></span> <span class='ocrx_word' id='word_1_55' title='bbox 1478 737 1759 810; x_wconf 83' lang='lat' dir='ltr'><strong>fastigium</strong></span> <span class='ocrx_word' id='word_1_56' title='bbox 1802 739 1968 810; x_wconf 81' lang='lat' dir='ltr'><strong>virgae</strong></span> 
     </span>
    </p>
   </div>
   <div class='ocr_carea' id='block_1_11' title="bbox 389 814 1963 900">
    <p class='ocr_par' dir='ltr' id='par_1_11' title="bbox 389 814 1963 900">
     <span class='ocr_line' id='line_1_11' title="bbox 389 814 1963 900; baseline 0.006 -25"><span class='ocrx_word' id='word_1_57' title='bbox 389 814 592 891; x_wconf 81' lang='lat' dir='ltr'><strong>Joseph</strong></span> <span class='ocrx_word' id='word_1_58' title='bbox 618 821 872 879; x_wconf 87' lang='lat' dir='ltr'><strong>adoravit</strong></span> <span class='ocrx_word' id='word_1_59' title='bbox 915 823 981 891; x_wconf 65' lang='lat'><strong>‘3,</strong></span> <span class='ocrx_word' id='word_1_60' title='bbox 1028 840 1138 880; x_wconf 91' lang='lat' dir='ltr'><strong>non</strong></span> <span class='ocrx_word' id='word_1_61' title='bbox 1185 826 1392 899; x_wconf 85' lang='lat' dir='ltr'><strong>virgam</strong></span> <span class='ocrx_word' id='word_1_62' title='bbox 1437 830 1610 900; x_wconf 87' lang='lat' dir='ltr'><strong>ipsam</strong></span> <span class='ocrx_word' id='word_1_63' title='bbox 1655 829 1963 897; x_wconf 91' lang='lat' dir='ltr'><strong>honoraus,</strong></span> 
     </span>
    </p>
   </div>
   <div class='ocr_carea' id='block_1_12' title="bbox 391 912 1966 987">
    <p class='ocr_par' dir='ltr' id='par_1_12' title="bbox 391 912 1966 987">
     <span class='ocr_line' id='line_1_12' title="bbox 391 912 1966 987; baseline 0.006 -20"><span class='ocrx_word' id='word_1_64' title='bbox 391 912 487 968; x_wconf 78' lang='lat' dir='ltr'><strong>sed</strong></span> <span class='ocrx_word' id='word_1_65' title='bbox 538 912 693 968; x_wconf 90' lang='lat' dir='ltr'><strong>illum</strong></span> <span class='ocrx_word' id='word_1_66' title='bbox 741 915 833 984; x_wconf 91' lang='lat' dir='ltr'><strong>qui</strong></span> <span class='ocrx_word' id='word_1_67' title='bbox 881 930 1001 970; x_wconf 90' lang='lat' dir='ltr'><strong>eam</strong></span> <span class='ocrx_word' id='word_1_68' title='bbox 1038 919 1331 987; x_wconf 76' lang='lat' dir='ltr'><strong>gestabat;</strong></span> <span class='ocrx_word' id='word_1_69' title='bbox 1380 919 1456 974; x_wconf 90' lang='lat' dir='ltr'><strong>ita</strong></span> <span class='ocrx_word' id='word_1_70' title='bbox 1509 935 1609 976; x_wconf 93' lang='lat' dir='ltr'><strong>nos</strong></span> <span class='ocrx_word' id='word_1_71' title='bbox 1663 920 1966 977; x_wconf 87' lang='lat' dir='ltr'><strong>Christiani</strong></span> 
     </span>
    </p>
   </div>
   <div class='ocr_carea' id='block_1_13' title="bbox 393 1001 1967 1082">
    <p class='ocr_par' dir='ltr' id='par_1_13' title="bbox 393 1001 1967 1082">
     <span class='ocr_line' id='line_1_13' title="bbox 393 1001 1967 1082; baseline 0.008 -28"><span class='ocrx_word' id='word_1_72' title='bbox 393 1001 540 1058; x_wconf 87' lang='lat' dir='ltr'><strong>haud</strong></span> <span class='ocrx_word' id='word_1_73' title='bbox 595 1003 702 1058; x_wconf 90' lang='lat' dir='ltr'><strong>alia</strong></span> <span class='ocrx_word' id='word_1_74' title='bbox 760 1005 976 1061; x_wconf 87' lang='lat' dir='ltr'><strong>ratione</strong></span> <span class='ocrx_word' id='word_1_75' title='bbox 1037 1007 1309 1079; x_wconf 85' lang='lat' dir='ltr'><strong>imagines</strong></span> <span class='ocrx_word' id='word_1_76' title='bbox 1363 1011 1706 1078; x_wconf 85' lang='lat' dir='ltr'><strong>salutamus,</strong></span> <span class='ocrx_word' id='word_1_77' title='bbox 1775 1027 1967 1082; x_wconf 89' lang='lat' dir='ltr'><strong>quem-</strong></span> 
     </span>
    </p>
   </div>
   <div class='ocr_carea' id='block_1_14' title="bbox 390 1094 1968 1171">
    <p class='ocr_par' dir='ltr' id='par_1_14' title="bbox 390 1094 1968 1171">
     <span class='ocr_line' id='line_1_14' title="bbox 390 1094 1968 1171; baseline 0.008 -22"><span class='ocrx_word' id='word_1_78' title='bbox 390 1094 683 1150; x_wconf 87' lang='lat' dir='ltr'><strong>admodum</strong></span> <span class='ocrx_word' id='word_1_79' title='bbox 719 1096 859 1153; x_wconf 84' lang='lat' dir='ltr'><strong>ﬁlios</strong></span> <span class='ocrx_word' id='word_1_80' title='bbox 890 1109 1259 1171; x_wconf 90' lang='lat' dir='ltr'><strong>parentesque</strong></span> <span class='ocrx_word' id='word_1_81' title='bbox 1291 1113 1514 1158; x_wconf 86' lang='lat' dir='ltr'><strong>nostros</strong></span> <span class='ocrx_word' id='word_1_82' title='bbox 1539 1104 1877 1168; x_wconf 88' lang='lat' dir='ltr'><strong>osculamur,</strong></span> <span class='ocrx_word' id='word_1_83' title='bbox 1910 1115 1968 1162; x_wconf 88' lang='lat' dir='ltr'><strong>ut</strong></span> 
     </span>
    </p>
   </div>
   <div class='ocr_carea' id='block_1_15' title="bbox 391 1187 1968 1256">
    <p class='ocr_par' dir='ltr' id='par_1_15' title="bbox 391 1187 1968 1256">
     <span class='ocr_line' id='line_1_15' title="bbox 391 1187 1968 1256; baseline 0.006 -16"><span class='ocrx_word' id='word_1_84' title='bbox 391 1201 487 1256; x_wconf 88' lang='lat' dir='ltr'><strong>per</strong></span> <span class='ocrx_word' id='word_1_85' title='bbox 519 1187 633 1242; x_wconf 57' lang='lat' dir='ltr'><strong>haec</strong></span> <span class='ocrx_word' id='word_1_86' title='bbox 678 1188 849 1242; x_wconf 90' lang='lat' dir='ltr'><strong>animi</strong></span> <span class='ocrx_word' id='word_1_87' title='bbox 892 1191 1070 1246; x_wconf 78' lang='lat' dir='ltr'><strong>nostri</strong></span> <span class='ocrx_word' id='word_1_88' title='bbox 1105 1191 1364 1248; x_wconf 67' lang='lat' dir='ltr'><strong>allectum</strong></span> <span class='ocrx_word' id='word_1_89' title='bbox 1394 1193 1762 1250; x_wconf 89' lang='lat' dir='ltr'><strong>insinuemus.</strong></span> <span class='ocrx_word' id='word_1_90' title='bbox 1805 1193 1968 1251; x_wconf 83' lang='lat' dir='ltr'><strong>Velut</strong></span> 
     </span>
    </p>
   </div>
   <div class='ocr_carea' id='block_1_16' title="bbox 387 1273 1965 1350">
    <p class='ocr_par' dir='ltr' id='par_1_16' title="bbox 387 1273 1965 1350">
     <span class='ocr_line' id='line_1_16' title="bbox 387 1273 1965 1350; baseline 0.006 -18"><span class='ocrx_word' id='word_1_91' title='bbox 387 1273 610 1332; x_wconf 68' lang='lat' dir='ltr'><strong>Juilaaus</strong></span> <span class='ocrx_word' id='word_1_92' title='bbox 641 1278 772 1332; x_wconf 90' lang='lat' dir='ltr'><strong>olim</strong></span> <span class='ocrx_word' id='word_1_93' title='bbox 802 1279 938 1349; x_wconf 84' lang='lat' dir='ltr'><strong>legis</strong></span> <span class='ocrx_word' id='word_1_94' title='bbox 971 1281 1226 1350; x_wconf 87' lang='lat' dir='ltr'><strong>tabulas,</strong></span> <span class='ocrx_word' id='word_1_95' title='bbox 1254 1290 1310 1338; x_wconf 90' lang='lat' dir='ltr'><strong>et</strong></span> <span class='ocrx_word' id='word_1_96' title='bbox 1333 1283 1443 1338; x_wconf 91' lang='lat' dir='ltr'><strong>duo</strong></span> <span class='ocrx_word' id='word_1_97' title='bbox 1470 1282 1766 1340; x_wconf 89' lang='lat' dir='ltr'><strong>Cherubim</strong></span> <span class='ocrx_word' id='word_1_98' title='bbox 1799 1300 1965 1341; x_wconf 89' lang='lat' dir='ltr'><strong>aurea</strong></span> 
     </span>
    </p>
   </div>
   <div class='ocr_carea' id='block_1_17' title="bbox 387 1367 1966 1443">
    <p class='ocr_par' dir='ltr' id='par_1_17' title="bbox 387 1367 1966 1443">
     <span class='ocr_line' id='line_1_17' title="bbox 387 1367 1966 1443; baseline 0.006 -22"><span class='ocrx_word' id='word_1_99' title='bbox 387 1376 442 1422; x_wconf 91' lang='lat' dir='ltr'><strong>et</strong></span> <span class='ocrx_word' id='word_1_100' title='bbox 471 1367 743 1436; x_wconf 91' lang='lat' dir='ltr'><strong>sculptilia</strong></span> <span class='ocrx_word' id='word_1_101' title='bbox 777 1369 1072 1437; x_wconf 87' lang='lat' dir='ltr'><strong>adorabat,</strong></span> <span class='ocrx_word' id='word_1_102' title='bbox 1103 1387 1208 1426; x_wconf 91' lang='lat' dir='ltr'><strong>non</strong></span> <span class='ocrx_word' id='word_1_103' title='bbox 1240 1372 1472 1443; x_wconf 83' lang='lat' dir='ltr'><strong>lapidis,</strong></span> <span class='ocrx_word' id='word_1_104' title='bbox 1500 1375 1688 1429; x_wconf 84' lang='lat' dir='ltr'><strong>aurive</strong></span> <span class='ocrx_word' id='word_1_105' title='bbox 1715 1384 1966 1430; x_wconf 87' lang='lat' dir='ltr'><strong>naturam</strong></span> 
     </span>
    </p>
   </div>
   <div class='ocr_carea' id='block_1_18' title="bbox 389 1459 1968 1537">
    <p class='ocr_par' dir='ltr' id='par_1_18' title="bbox 389 1459 1968 1537">
     <span class='ocr_line' id='line_1_18' title="bbox 389 1459 1968 1537; baseline 0.007 -25"><span class='ocrx_word' id='word_1_106' title='bbox 389 1459 657 1526; x_wconf 91' lang='lat' dir='ltr'><strong>colendo,</strong></span> <span class='ocrx_word' id='word_1_107' title='bbox 695 1460 790 1516; x_wconf 86' lang='lat' dir='ltr'><strong>sed</strong></span> <span class='ocrx_word' id='word_1_108' title='bbox 827 1460 1120 1518; x_wconf 90' lang='lat' dir='ltr'><strong>Dominum</strong></span> <span class='ocrx_word' id='word_1_109' title='bbox 1154 1464 1364 1534; x_wconf 88' lang='lat' dir='ltr'><strong>ipsum,</strong></span> <span class='ocrx_word' id='word_1_110' title='bbox 1400 1465 1492 1536; x_wconf 90' lang='lat' dir='ltr'><strong>qui</strong></span> <span class='ocrx_word' id='word_1_111' title='bbox 1529 1479 1594 1521; x_wconf 89' lang='lat' dir='ltr'><strong>ea</strong></span> <span class='ocrx_word' id='word_1_112' title='bbox 1629 1465 1809 1522; x_wconf 80' lang='lat' dir='ltr'><strong>facere</strong></span> <span class='ocrx_word' id='word_1_113' title='bbox 1849 1465 1968 1537; x_wconf 84' lang='lat' dir='ltr'><strong>jus-</strong></span> 
     </span>
    </p>
   </div>
   <div class='ocr_carea' id='block_1_19' title="bbox 388 1561 597 1608">
    <p class='ocr_par' dir='ltr' id='par_1_19' title="bbox 388 1561 597 1608">
     <span class='ocr_line' id='line_1_19' title="bbox 388 1561 597 1608; baseline -0.019 -1"><span class='ocrx_word' id='word_1_114' title='bbox 388 1561 554 1608; x_wconf 80' lang='lat' dir='ltr'><strong>serat.</strong></span> <span class='ocrx_word' id='word_1_115' title='bbox 579 1571 597 1603; x_wconf 72' lang='grc' dir='ltr'><strong>ι</strong></span> 
     </span>
    </p>
   </div>
   <div class='ocr_carea' id='block_1_20' title="bbox 387 1769 1964 1843">
    <p class='ocr_par' dir='ltr' id='par_1_20' title="bbox 387 1769 1964 1843">
     <span class='ocr_line' id='line_1_20' title="bbox 387 1769 1964 1843; baseline 0.005 -16"><span class='ocrx_word' id='word_1_116' title='bbox 387 1769 552 1842; x_wconf 78' lang='lat'><strong>367</strong></span> <span class='ocrx_word' id='word_1_117' title='bbox 590 1770 779 1826; x_wconf 87' lang='lat' dir='ltr'><strong>Sancti</strong></span> <span class='ocrx_word' id='word_1_118' title='bbox 819 1773 1206 1843; x_wconf 75' lang='lat' dir='ltr'><strong>Clirysostomi,</strong></span> <span class='ocrx_word' id='word_1_119' title='bbox 1246 1776 1301 1828; x_wconf 87' lang='lat' dir='ltr'><strong>in</strong></span> <span class='ocrx_word' id='word_1_120' title='bbox 1342 1776 1479 1843; x_wconf 80' lang='lat' dir='ltr'><strong>psal.</strong></span> <span class='ocrx_word' id='word_1_121' title='bbox 1524 1794 1585 1833; x_wconf 88' lang='grc' dir='ltr'><strong>ιιι</strong></span> <span class='ocrx_word' id='word_1_122' title='bbox 1623 1779 1679 1832; x_wconf 89' lang='lat' dir='ltr'><strong>in</strong></span> <span class='ocrx_word' id='word_1_123' title='bbox 1715 1778 1883 1835; x_wconf 81' lang='lat' dir='ltr'><strong>David</strong></span> <span class='ocrx_word' id='word_1_124' title='bbox 1917 1791 1964 1835; x_wconf 90' lang='lat' dir='ltr'><strong>et</strong></span> 
     </span>
    </p>
   </div>
   <div class='ocr_carea' id='block_1_21' title="bbox 1047 1845 1320 1901">
    <p class='ocr_par' dir='ltr' id='par_1_21' title="bbox 1047 1845 1320 1901">
     <span class='ocr_line' id='line_1_21' title="bbox 1047 1845 1320 1901; baseline 0.007 -3"><span class='ocrx_word' id='word_1_125' title='bbox 1047 1845 1320 1901; x_wconf 79' lang='lat' dir='ltr'><strong>Absalom.</strong></span> 
     </span>
    </p>
   </div>
   <div class='ocr_carea' id='block_1_22' title="bbox 465 1955 1966 2036">
    <p class='ocr_par' dir='ltr' id='par_1_22' title="bbox 465 1955 1966 2036">
     <span class='ocr_line' id='line_1_22' title="bbox 465 1955 1966 2036; baseline 0.009 -27"><span class='ocrx_word' id='word_1_126' title='bbox 465 1974 486 2009; x_wconf 78' lang='grc' dir='ltr'><strong>ι</strong></span> <span class='ocrx_word' id='word_1_127' title='bbox 515 1955 879 2028; x_wconf 87' lang='lat' dir='ltr'><strong>Imperatores</strong></span> <span class='ocrx_word' id='word_1_128' title='bbox 925 1960 1164 2017; x_wconf 86' lang='lat' dir='ltr'><strong>ducibus</strong></span> <span class='ocrx_word' id='word_1_129' title='bbox 1199 1965 1338 2032; x_wconf 89' lang='lat' dir='ltr'><strong>suis,</strong></span> <span class='ocrx_word' id='word_1_130' title='bbox 1378 1979 1614 2035; x_wconf 88' lang='lat' dir='ltr'><strong>quorum</strong></span> <span class='ocrx_word' id='word_1_131' title='bbox 1645 1980 1748 2036; x_wconf 88' lang='lat' dir='ltr'><strong>ope</strong></span> <span class='ocrx_word' id='word_1_132' title='bbox 1790 1966 1966 2022; x_wconf 86' lang='lat' dir='ltr'><strong>victo-</strong></span> 
     </span>
    </p>
   </div>
   <div class='ocr_carea' id='block_1_23' title="bbox 390 2048 1966 2129">
    <p class='ocr_par' dir='ltr' id='par_1_23' title="bbox 390 2048 1966 2129">
     <span class='ocr_line' id='line_1_23' title="bbox 390 2048 1966 2129; baseline 0.008 -27"><span class='ocrx_word' id='word_1_133' title='bbox 390 2048 471 2103; x_wconf 88' lang='lat' dir='ltr'><strong>ria</strong></span> <span class='ocrx_word' id='word_1_134' title='bbox 502 2058 661 2118; x_wconf 89' lang='lat' dir='ltr'><strong>parta</strong></span> <span class='ocrx_word' id='word_1_135' title='bbox 689 2058 796 2118; x_wconf 91' lang='lat' dir='ltr'><strong>est,</strong></span> <span class='ocrx_word' id='word_1_136' title='bbox 832 2053 1202 2124; x_wconf 87' lang='lat' dir='ltr'><strong>triumphales</strong></span> <span class='ocrx_word' id='word_1_137' title='bbox 1235 2065 1450 2112; x_wconf 89' lang='lat' dir='ltr'><strong>statuas</strong></span> <span class='ocrx_word' id='word_1_138' title='bbox 1485 2058 1742 2128; x_wconf 89' lang='lat' dir='ltr'><strong>erigunt;</strong></span> <span class='ocrx_word' id='word_1_139' title='bbox 1793 2074 1966 2129; x_wconf 89' lang='lat' dir='ltr'><strong>quos-</strong></span> 
     </span>
    </p>
   </div>
   <div class='ocr_carea' id='block_1_24' title="bbox 388 2140 1966 2220">
    <p class='ocr_par' dir='ltr' id='par_1_24' title="bbox 388 2140 1966 2220">
     <span class='ocr_line' id='line_1_24' title="bbox 388 2140 1966 2220; baseline 0.008 -26"><span class='ocrx_word' id='word_1_140' title='bbox 388 2142 512 2194; x_wconf 87' lang='lat' dir='ltr'><strong>dam</strong></span> <span class='ocrx_word' id='word_1_141' title='bbox 547 2142 677 2197; x_wconf 90' lang='lat' dir='ltr'><strong>item</strong></span> <span class='ocrx_word' id='word_1_142' title='bbox 714 2140 908 2201; x_wconf 88' lang='lat' dir='ltr'><strong>titulos</strong></span> <span class='ocrx_word' id='word_1_143' title='bbox 961 2147 1204 2203; x_wconf 71' lang='lat' dir='ltr'><strong>victorize</strong></span> <span class='ocrx_word' id='word_1_144' title='bbox 1241 2147 1552 2220; x_wconf 86' lang='lat' dir='ltr'><strong>insignibus</strong></span> <span class='ocrx_word' id='word_1_145' title='bbox 1583 2158 1834 2219; x_wconf 88' lang='lat' dir='ltr'><strong>ornatos,</strong></span> <span class='ocrx_word' id='word_1_146' title='bbox 1867 2166 1966 2205; x_wconf 83' lang='lat' dir='ltr'><strong>au-</strong></span> 
     </span>
    </p>
   </div>
   <div class='ocr_carea' id='block_1_25' title="bbox 388 2231 1967 2313">
    <p class='ocr_par' dir='ltr' id='par_1_25' title="bbox 388 2231 1967 2313">
     <span class='ocr_line' id='line_1_25' title="bbox 388 2231 1967 2313; baseline 0.007 -26"><span class='ocrx_word' id='word_1_147' title='bbox 388 2231 525 2304; x_wconf 88' lang='lat' dir='ltr'><strong>rigis</strong></span> <span class='ocrx_word' id='word_1_148' title='bbox 593 2236 925 2308; x_wconf 85' lang='lat' dir='ltr'><strong>athletisque</strong></span> <span class='ocrx_word' id='word_1_149' title='bbox 994 2240 1280 2310; x_wconf 88' lang='lat' dir='ltr'><strong>principes</strong></span> <span class='ocrx_word' id='word_1_150' title='bbox 1344 2241 1590 2309; x_wconf 88' lang='lat' dir='ltr'><strong>erigunt;</strong></span> <span class='ocrx_word' id='word_1_151' title='bbox 1668 2241 1967 2313; x_wconf 88' lang='lat' dir='ltr'><strong>additaque</strong></span> 
     </span>
    </p>
   </div>
   <div class='ocr_carea' id='block_1_26' title="bbox 390 2322 1964 2399">
    <p class='ocr_par' dir='ltr' id='par_1_26' title="bbox 390 2322 1964 2399">
     <span class='ocr_line' id='line_1_26' title="bbox 390 2322 1964 2399; baseline 0.007 -24"><span class='ocrx_word' id='word_1_152' title='bbox 390 2322 752 2393; x_wconf 82' lang='lat' dir='ltr'><strong>inscriptione</strong></span> <span class='ocrx_word' id='word_1_153' title='bbox 788 2327 954 2380; x_wconf 85' lang='lat' dir='ltr'><strong>veluti</strong></span> <span class='ocrx_word' id='word_1_154' title='bbox 1010 2336 1302 2384; x_wconf 89' lang='lat' dir='ltr'><strong>stemmate</strong></span> <span class='ocrx_word' id='word_1_155' title='bbox 1355 2331 1618 2399; x_wconf 87' lang='lat' dir='ltr'><strong>quodam,</strong></span> <span class='ocrx_word' id='word_1_156' title='bbox 1673 2333 1964 2388; x_wconf 87' lang='lat' dir='ltr'><strong>materiam</strong></span> 
     </span>
    </p>
   </div>
   <div class='ocr_carea' id='block_1_27' title="bbox 390 2413 1964 2487">
    <p class='ocr_par' dir='ltr' id='par_1_27' title="bbox 390 2413 1964 2487">
     <span class='ocr_line' id='line_1_27' title="bbox 390 2413 1964 2487; baseline 0.009 -19"><span class='ocrx_word' id='word_1_157' title='bbox 390 2413 634 2471; x_wconf 70' lang='lat' dir='ltr'><strong>victoria:</strong></span> <span class='ocrx_word' id='word_1_158' title='bbox 697 2433 1008 2487; x_wconf 80' lang='lat' dir='ltr'><strong>praeconem</strong></span> <span class='ocrx_word' id='word_1_159' title='bbox 1053 2420 1320 2476; x_wconf 84' lang='lat' dir='ltr'><strong>reddunt.</strong></span> <span class='ocrx_word' id='word_1_160' title='bbox 1373 2424 1482 2478; x_wconf 83' lang='lat' dir='ltr'><strong>Alii</strong></span> <span class='ocrx_word' id='word_1_161' title='bbox 1531 2441 1754 2480; x_wconf 89' lang='lat' dir='ltr'><strong>rursum</strong></span> <span class='ocrx_word' id='word_1_162' title='bbox 1805 2426 1964 2482; x_wconf 85' lang='lat' dir='ltr'><strong>libris</strong></span> 
     </span>
    </p>
   </div>
   <div class='ocr_carea' id='block_1_28' title="bbox 388 2507 1964 2591">
    <p class='ocr_par' dir='ltr' id='par_1_28' title="bbox 388 2507 1964 2591">
     <span class='ocr_line' id='line_1_28' title="bbox 388 2507 1964 2591; baseline 0.008 -31"><span class='ocrx_word' id='word_1_163' title='bbox 388 2515 443 2560; x_wconf 83' lang='lat' dir='ltr'><strong>et</strong></span> <span class='ocrx_word' id='word_1_164' title='bbox 487 2507 689 2564; x_wconf 91' lang='lat' dir='ltr'><strong>litteris</strong></span> <span class='ocrx_word' id='word_1_165' title='bbox 735 2509 1008 2565; x_wconf 88' lang='lat' dir='ltr'><strong>victorum</strong></span> <span class='ocrx_word' id='word_1_166' title='bbox 1064 2511 1256 2568; x_wconf 88' lang='lat' dir='ltr'><strong>laudes</strong></span> <span class='ocrx_word' id='word_1_167' title='bbox 1309 2513 1670 2591; x_wconf 68' lang='lat' dir='ltr'><strong>describunt;</strong></span> <span class='ocrx_word' id='word_1_168' title='bbox 1707 2516 1812 2571; x_wconf 88' lang='lat' dir='ltr'><strong>hoc</strong></span> <span class='ocrx_word' id='word_1_169' title='bbox 1847 2531 1964 2571; x_wconf 86' lang='lat' dir='ltr'><strong>am-</strong></span> 
     </span>
    </p>
   </div>
   <div class='ocr_carea' id='block_1_29' title="bbox 390 2599 1966 2679">
    <p class='ocr_par' dir='ltr' id='par_1_29' title="bbox 390 2599 1966 2679">
     <span class='ocr_line' id='line_1_29' title="bbox 390 2599 1966 2679; baseline 0.008 -27"><span class='ocrx_word' id='word_1_170' title='bbox 390 2599 624 2664; x_wconf 84' lang='lat' dir='ltr'><strong>bientes,</strong></span> <span class='ocrx_word' id='word_1_171' title='bbox 692 2609 751 2656; x_wconf 87' lang='lat' dir='ltr'><strong>ut</strong></span> <span class='ocrx_word' id='word_1_172' title='bbox 805 2617 964 2657; x_wconf 89' lang='lat' dir='ltr'><strong>suam</strong></span> <span class='ocrx_word' id='word_1_173' title='bbox 1016 2603 1071 2658; x_wconf 91' lang='lat' dir='ltr'><strong>in</strong></span> <span class='ocrx_word' id='word_1_174' title='bbox 1105 2604 1338 2659; x_wconf 89' lang='lat' dir='ltr'><strong>dicendo</strong></span> <span class='ocrx_word' id='word_1_175' title='bbox 1386 2607 1518 2674; x_wconf 86' lang='lat' dir='ltr'><strong>vim,</strong></span> <span class='ocrx_word' id='word_1_176' title='bbox 1579 2622 1770 2662; x_wconf 90' lang='lat' dir='ltr'><strong>eorum</strong></span> <span class='ocrx_word' id='word_1_177' title='bbox 1825 2623 1966 2679; x_wconf 89' lang='lat' dir='ltr'><strong>quos</strong></span> 
     </span>
    </p>
   </div>
   <div class='ocr_carea' id='block_1_30' title="bbox 389 2691 1962 2765">
    <p class='ocr_par' dir='ltr' id='par_1_30' title="bbox 389 2691 1962 2765">
     <span class='ocr_line' id='line_1_30' title="bbox 389 2691 1962 2765; baseline 0.006 -21"><span class='ocrx_word' id='word_1_178' title='bbox 389 2691 618 2745; x_wconf 85' lang='lat' dir='ltr'><strong>laudant</strong></span> <span class='ocrx_word' id='word_1_179' title='bbox 676 2692 1006 2750; x_wconf 80' lang='lat' dir='ltr'><strong>fortitudine</strong></span> <span class='ocrx_word' id='word_1_180' title='bbox 1057 2697 1403 2765; x_wconf 86' lang='lat' dir='ltr'><strong>superiorem</strong></span> <span class='ocrx_word' id='word_1_181' title='bbox 1465 2713 1590 2754; x_wconf 91' lang='lat' dir='ltr'><strong>esse</strong></span> <span class='ocrx_word' id='word_1_182' title='bbox 1646 2700 1962 2756; x_wconf 89' lang='lat' dir='ltr'><strong>ostendant.</strong></span> 
     </span>
    </p>
   </div>
   <div class='ocr_carea' id='block_1_31' title="bbox 387 2783 1964 2864">
    <p class='ocr_par' dir='ltr' id='par_1_31' title="bbox 387 2783 1964 2864">
     <span class='ocr_line' id='line_1_31' title="bbox 387 2783 1964 2864; baseline 0.008 -29"><span class='ocrx_word' id='word_1_183' title='bbox 387 2783 566 2853; x_wconf 81' lang='lat' dir='ltr'><strong>Atque</strong></span> <span class='ocrx_word' id='word_1_184' title='bbox 639 2785 965 2856; x_wconf 88' lang='lat' dir='ltr'><strong>scriptores,</strong></span> <span class='ocrx_word' id='word_1_185' title='bbox 1037 2788 1307 2858; x_wconf 88' lang='lat' dir='ltr'><strong>pictores,</strong></span> <span class='ocrx_word' id='word_1_186' title='bbox 1382 2792 1661 2857; x_wconf 90' lang='lat' dir='ltr'><strong>statuarii,</strong></span> <span class='ocrx_word' id='word_1_187' title='bbox 1752 2793 1964 2864; x_wconf 79' lang='lat' dir='ltr'><strong>pepuli,</strong></span> 
     </span>
    </p>
   </div>
   <div class='ocr_carea' id='block_1_32' title="bbox 389 2875 1965 2954">
    <p class='ocr_par' dir='ltr' id='par_1_32' title="bbox 389 2875 1965 2954">
     <span class='ocr_line' id='line_1_32' title="bbox 389 2875 1965 2954; baseline 0.007 -27"><span class='ocrx_word' id='word_1_188' title='bbox 389 2875 696 2946; x_wconf 87' lang='lat' dir='ltr'><strong>principes,</strong></span> <span class='ocrx_word' id='word_1_189' title='bbox 763 2877 1021 2934; x_wconf 81' lang='lat' dir='ltr'><strong>civitates</strong></span> <span class='ocrx_word' id='word_1_190' title='bbox 1073 2890 1126 2935; x_wconf 90' lang='lat' dir='ltr'><strong>et</strong></span> <span class='ocrx_word' id='word_1_191' title='bbox 1189 2881 1468 2954; x_wconf 87' lang='lat' dir='ltr'><strong>regiones,</strong></span> <span class='ocrx_word' id='word_1_192' title='bbox 1532 2883 1776 2940; x_wconf 78' lang='lat' dir='ltr'><strong>victores</strong></span> <span class='ocrx_word' id='word_1_193' title='bbox 1833 2897 1965 2938; x_wconf 90' lang='lat' dir='ltr'><strong>suos</strong></span> 
     </span>
    </p>
   </div>
   <div class='ocr_carea' id='block_1_33' title="bbox 2068 375 3669 457">
    <p class='ocr_par' dir='ltr' id='par_1_33' title="bbox 2068 375 3669 457">
     <span class='ocr_line' id='line_1_33' title="bbox 2068 375 3669 457; baseline 0.007 -27"><span class='ocrx_word' id='word_1_194' title='bbox 2068 375 2168 449; x_wconf 81' lang='grc' dir='ltr'><strong>τὴν</strong></span> <span class='ocrx_word' id='word_1_195' title='bbox 2196 379 2381 449; x_wconf 85' lang='grc' dir='ltr'><strong>σχέσιν</strong></span> <span class='ocrx_word' id='word_1_196' title='bbox 2415 380 2596 450; x_wconf 90' lang='grc' dir='ltr'>μόνον,</span> <span class='ocrx_word' id='word_1_197' title='bbox 2630 382 2726 433; x_wconf 76' lang='grc' dir='ltr'>καὶ</span> <span class='ocrx_word' id='word_1_198' title='bbox 2749 382 2842 435; x_wconf 81' lang='grc' dir='ltr'><strong>τὸν</strong></span> <span class='ocrx_word' id='word_1_199' title='bbox 2883 383 3049 436; x_wconf 83' lang='grc' dir='ltr'>πόθον</span> <span class='ocrx_word' id='word_1_200' title='bbox 3083 385 3183 455; x_wconf 87' lang='grc' dir='ltr'><strong>τῆς</strong></span> <span class='ocrx_word' id='word_1_201' title='bbox 3227 387 3390 456; x_wconf 77' lang='grc' dir='ltr'>ἡμῶν</span> <span class='ocrx_word' id='word_1_202' title='bbox 3422 386 3669 457; x_wconf 79' lang='grc' dir='ltr'><strong>ἀγάπης</strong></span> 
     </span>
    </p>
   </div>
   <div class='ocr_carea' id='block_1_34' title="bbox 2069 471 3671 548">
    <p class='ocr_par' dir='ltr' id='par_1_34' title="bbox 2069 471 3671 548">
     <span class='ocr_line' id='line_1_34' title="bbox 2069 471 3671 548; baseline 0.006 -26"><span class='ocrx_word' id='word_1_203' title='bbox 2069 471 2206 542; x_wconf 84' lang='grc' dir='ltr'>πρὸς</span> <span class='ocrx_word' id='word_1_204' title='bbox 2230 472 2320 524; x_wconf 84' lang='grc' dir='ltr'><strong>τὸν</strong></span> <span class='ocrx_word' id='word_1_205' title='bbox 2347 474 2677 544; x_wconf 80' lang='grc' dir='ltr'><strong>χαρακτῆρα</strong></span> <span class='ocrx_word' id='word_1_206' title='bbox 2705 474 2800 527; x_wconf 84' lang='grc' dir='ltr'><strong>τοῦ</strong></span> <span class='ocrx_word' id='word_1_207' title='bbox 2837 475 3132 544; x_wconf 82' lang='grc' dir='ltr'><strong>προσώπου</strong></span> <span class='ocrx_word' id='word_1_208' title='bbox 3160 477 3260 547; x_wconf 88' lang='grc' dir='ltr'><strong>τῆς</strong></span> <span class='ocrx_word' id='word_1_209' title='bbox 3288 479 3513 542; x_wconf 79' lang='grc' dir='ltr'><strong>εἰκόνος</strong></span> <span class='ocrx_word' id='word_1_210' title='bbox 3556 480 3671 548; x_wconf 81' lang='grc' dir='ltr'><strong>ἑμ-</strong></span> 
     </span>
    </p>
   </div>
   <div class='ocr_carea' id='block_1_35' title="bbox 2069 560 3671 640">
    <p class='ocr_par' dir='ltr' id='par_1_35' title="bbox 2069 560 3671 640">
     <span class='ocr_line' id='line_1_35' title="bbox 2069 560 3671 640; baseline 0.006 -26"><span class='ocrx_word' id='word_1_211' title='bbox 2069 560 2408 629; x_wconf 79' lang='grc' dir='ltr'>φανίζοντες.</span> <span class='ocrx_word' id='word_1_212' title='bbox 2432 563 2595 618; x_wconf 83' lang='grc' dir='ltr'><strong>Ὅθεν</strong></span> <span class='ocrx_word' id='word_1_213' title='bbox 2653 565 2912 628; x_wconf 85' lang='grc' dir='ltr'><strong>πολλάκις</strong></span> <span class='ocrx_word' id='word_1_214' title='bbox 2945 565 3040 620; x_wconf 81' lang='grc' dir='ltr'><strong>τοῦ</strong></span> <span class='ocrx_word' id='word_1_215' title='bbox 3079 569 3436 640; x_wconf 87' lang='grc' dir='ltr'>χαρακτῆρος</span> <span class='ocrx_word' id='word_1_216' title='bbox 3492 570 3671 623; x_wconf 61' lang='lat' dir='ltr'><strong>leav-</strong></span> 
     </span>
    </p>
   </div>
   <div class='ocr_carea' id='block_1_36' title="bbox 2069 654 3674 731">
    <p class='ocr_par' dir='ltr' id='par_1_36' title="bbox 2069 654 3674 731">
     <span class='ocr_line' id='line_1_36' title="bbox 2069 654 3674 731; baseline 0.006 -23"><span class='ocrx_word' id='word_1_217' title='bbox 2069 654 2270 720; x_wconf 80' lang='grc' dir='ltr'>θέντος,</span> <span class='ocrx_word' id='word_1_218' title='bbox 2293 656 2367 720; x_wconf 81' lang='grc' dir='ltr'>ὡς</span> <span class='ocrx_word' id='word_1_219' title='bbox 2393 656 2547 722; x_wconf 80' lang='grc' dir='ltr'>ξύλον</span> <span class='ocrx_word' id='word_1_220' title='bbox 2559 657 2746 712; x_wconf 80' lang='grc' dir='ltr'>λοιπὸν</span> <span class='ocrx_word' id='word_1_221' title='bbox 2775 659 2946 730; x_wconf 81' lang='grc' dir='ltr'>ἀργὸν</span> <span class='ocrx_word' id='word_1_222' title='bbox 2969 661 3068 731; x_wconf 83' lang='grc' dir='ltr'>τήν</span> <span class='ocrx_word' id='word_1_223' title='bbox 3096 678 3227 714; x_wconf 87' lang='grc' dir='ltr'>ποτε</span> <span class='ocrx_word' id='word_1_224' title='bbox 3267 663 3462 717; x_wconf 78' lang='grc' dir='ltr'>εἰκόνα</span> <span class='ocrx_word' id='word_1_225' title='bbox 3489 679 3674 716; x_wconf 82' lang='grc' dir='ltr'>κατα-</span> 
     </span>
    </p>
   </div>
   <div class='ocr_carea' id='block_1_37' title="bbox 2068 746 3674 825">
    <p class='ocr_par' dir='ltr' id='par_1_37' title="bbox 2068 746 3674 825">
     <span class='ocr_line' id='line_1_37' title="bbox 2068 746 3674 825; baseline 0.004 -25"><span class='ocrx_word' id='word_1_226' title='bbox 2068 748 2317 820; x_wconf 82' lang='grc' dir='ltr'>καίομεν.</span> <span class='ocrx_word' id='word_1_227' title='bbox 2361 749 2572 820; x_wconf 82' lang='grc' dir='ltr'>’Ὠσπερ</span> <span class='ocrx_word' id='word_1_228' title='bbox 2593 746 2685 805; x_wconf 84' lang='grc' dir='ltr'><strong>οὖν</strong></span> <span class='ocrx_word' id='word_1_229' title='bbox 2708 752 2738 804; x_wconf 88' lang='grc' dir='ltr'><strong>ό</strong></span> <span class='ocrx_word' id='word_1_230' title='bbox 2771 752 2966 805; x_wconf 80' lang='grc' dir='ltr'>Ἰακὼϐ</span> <span class='ocrx_word' id='word_1_231' title='bbox 3001 753 3213 823; x_wconf 81' lang='grc' dir='ltr'><strong>μέλλων</strong></span> <span class='ocrx_word' id='word_1_232' title='bbox 3242 755 3544 825; x_wconf 80' lang='grc' dir='ltr'><strong>τελευτᾷν,</strong></span> <span class='ocrx_word' id='word_1_233' title='bbox 3571 756 3674 807; x_wconf 68' lang='grc' dir='ltr'><strong>ἐπὶ</strong></span> 
     </span>
    </p>
   </div>
   <div class='ocr_carea' id='block_1_38' title="bbox 2067 839 3670 917">
    <p class='ocr_par' dir='ltr' id='par_1_38' title="bbox 2067 839 3670 917">
     <span class='ocr_line' id='line_1_38' title="bbox 2067 839 3670 917; baseline 0.006 -26"><span class='ocrx_word' id='word_1_234' title='bbox 2067 840 2128 892; x_wconf 85' lang='grc' dir='ltr'>τὸ</span> <span class='ocrx_word' id='word_1_235' title='bbox 2158 839 2326 910; x_wconf 84' lang='grc' dir='ltr'>ἀκρον</span> <span class='ocrx_word' id='word_1_236' title='bbox 2349 843 2448 912; x_wconf 84' lang='grc' dir='ltr'><strong>τῆς</strong></span> <span class='ocrx_word' id='word_1_237' title='bbox 2475 841 2672 912; x_wconf 77' lang='grc' dir='ltr'>ῥάϐδου</span> <span class='ocrx_word' id='word_1_238' title='bbox 2705 842 2803 896; x_wconf 84' lang='grc' dir='ltr'><strong>τοῦ</strong></span> <span class='ocrx_word' id='word_1_239' title='bbox 2851 843 3049 916; x_wconf 76' lang='grc' dir='ltr'>Ἰωσὴφ</span> <span class='ocrx_word' id='word_1_240' title='bbox 3101 846 3549 917; x_wconf 81' lang='grc' dir='ltr'><strong>προσεκύνησεν,</strong></span> <span class='ocrx_word' id='word_1_241' title='bbox 3599 847 3670 900; x_wconf 84' lang='grc' dir='ltr'>οὐ</span> 
     </span>
    </p>
   </div>
   <div class='ocr_carea' id='block_1_39' title="bbox 2067 930 3672 1008">
    <p class='ocr_par' dir='ltr' id='par_1_39' title="bbox 2067 930 3672 1008">
     <span class='ocr_line' id='line_1_39' title="bbox 2067 930 3672 1008; baseline 0.007 -26"><span class='ocrx_word' id='word_1_242' title='bbox 2067 930 2164 1003; x_wconf 84' lang='grc' dir='ltr'>τὴν</span> <span class='ocrx_word' id='word_1_243' title='bbox 2189 931 2381 1002; x_wconf 75' lang='grc' dir='ltr'>ῥάϐδον</span> <span class='ocrx_word' id='word_1_244' title='bbox 2401 933 2597 1004; x_wconf 83' lang='grc' dir='ltr'>τιμῶν,</span> <span class='ocrx_word' id='word_1_245' title='bbox 2660 933 2799 988; x_wconf 87' lang='grc' dir='ltr'>ἀλλὰ</span> <span class='ocrx_word' id='word_1_246' title='bbox 2825 933 2916 987; x_wconf 76' lang='grc' dir='ltr'>τὸν</span> <span class='ocrx_word' id='word_1_247' title='bbox 2944 934 3152 1006; x_wconf 84' lang='grc' dir='ltr'>ταύτην</span> <span class='ocrx_word' id='word_1_248' title='bbox 3189 938 3527 1008; x_wconf 76' lang='grc' dir='ltr'>κατέχοντα,</span> <span class='ocrx_word' id='word_1_249' title='bbox 3570 938 3672 992; x_wconf 72' lang='grc' dir='ltr'>οὖ-</span> 
     </span>
    </p>
   </div>
   <div class='ocr_carea' id='block_1_40' title="bbox 2066 1025 3673 1100">
    <p class='ocr_par' dir='ltr' id='par_1_40' title="bbox 2066 1025 3673 1100">
     <span class='ocr_line' id='line_1_40' title="bbox 2066 1025 3673 1100; baseline 0.006 -23"><span class='ocrx_word' id='word_1_250' title='bbox 2066 1041 2175 1088; x_wconf 86' lang='grc' dir='ltr'><strong>τως</strong></span> <span class='ocrx_word' id='word_1_251' title='bbox 2212 1026 2261 1078; x_wconf 89' lang='grc' dir='ltr'><strong>οἰ</strong></span> <span class='ocrx_word' id='word_1_252' title='bbox 2284 1025 2487 1091; x_wconf 72' lang='grc' dir='ltr'>πιστοὶ,</span> <span class='ocrx_word' id='word_1_253' title='bbox 2507 1025 2567 1079; x_wconf 82' lang='grc' dir='ltr'><strong>οὐ</strong></span> <span class='ocrx_word' id='word_1_254' title='bbox 2597 1025 2665 1080; x_wconf 83' lang='grc' dir='ltr'>δι’</span> <span class='ocrx_word' id='word_1_255' title='bbox 2694 1027 2881 1098; x_wconf 74' lang='grc' dir='ltr'>ἕτερόν</span> <span class='ocrx_word' id='word_1_256' title='bbox 2913 1045 3037 1081; x_wconf 88' lang='grc' dir='ltr'>τινα</span> <span class='ocrx_word' id='word_1_257' title='bbox 3057 1029 3260 1100; x_wconf 85' lang='grc' dir='ltr'>τρόπον</span> <span class='ocrx_word' id='word_1_258' title='bbox 3301 1031 3406 1094; x_wconf 87' lang='grc' dir='ltr'><strong>τάς</strong></span> <span class='ocrx_word' id='word_1_259' title='bbox 3432 1031 3673 1092; x_wconf 78' lang='grc' dir='ltr'>εἰκόνας</span> 
     </span>
    </p>
   </div>
   <div class='ocr_carea' id='block_1_41' title="bbox 2067 1114 3672 1190">
    <p class='ocr_par' dir='ltr' id='par_1_41' title="bbox 2067 1114 3672 1190">
     <span class='ocr_line' id='line_1_41' title="bbox 2067 1114 3672 1190; baseline 0.004 -22"><span class='ocrx_word' id='word_1_260' title='bbox 2067 1114 2444 1185; x_wconf 80' lang='grc' dir='ltr'>ἀσπαζόμεθα,</span> <span class='ocrx_word' id='word_1_261' title='bbox 2473 1116 2662 1187; x_wconf 84' lang='grc' dir='ltr'>ὥσπερ</span> <span class='ocrx_word' id='word_1_262' title='bbox 2681 1118 2775 1171; x_wconf 76' lang='grc' dir='ltr'>καὶ</span> <span class='ocrx_word' id='word_1_263' title='bbox 2800 1117 2869 1173; x_wconf 82' lang='grc' dir='ltr'>τὰ</span> <span class='ocrx_word' id='word_1_264' title='bbox 2901 1117 3068 1170; x_wconf 87' lang='grc' dir='ltr'>τέκνα</span> <span class='ocrx_word' id='word_1_265' title='bbox 3093 1119 3250 1188; x_wconf 79' lang='grc' dir='ltr'>ήμῶν</span> <span class='ocrx_word' id='word_1_266' title='bbox 3281 1121 3376 1173; x_wconf 82' lang='grc' dir='ltr'>καὶ</span> <span class='ocrx_word' id='word_1_267' title='bbox 3400 1121 3672 1190; x_wconf 75' lang='grc' dir='ltr'>πατέρας</span> 
     </span>
    </p>
   </div>
   <div class='ocr_carea' id='block_1_42' title="bbox 2067 1205 3666 1281">
    <p class='ocr_par' dir='ltr' id='par_1_42' title="bbox 2067 1205 3666 1281">
     <span class='ocr_line' id='line_1_42' title="bbox 2067 1205 3666 1281; baseline 0.004 -23"><span class='ocrx_word' id='word_1_268' title='bbox 2067 1205 2328 1270; x_wconf 83' lang='grc' dir='ltr'>πολλάκις</span> <span class='ocrx_word' id='word_1_269' title='bbox 2353 1207 2798 1276; x_wconf 81' lang='grc' dir='ltr'>καταφιλοῦντες,</span> <span class='ocrx_word' id='word_1_270' title='bbox 2820 1209 2933 1263; x_wconf 83' lang='grc' dir='ltr'>ἀλλ’</span> <span class='ocrx_word' id='word_1_271' title='bbox 2959 1209 3046 1262; x_wconf 82' lang='grc' dir='ltr'>ἵνα</span> <span class='ocrx_word' id='word_1_272' title='bbox 3073 1209 3165 1262; x_wconf 79' lang='grc' dir='ltr'><strong>τὸν</strong></span> <span class='ocrx_word' id='word_1_273' title='bbox 3177 1209 3342 1267; x_wconf 70' lang='grc' dir='ltr'>πόθον</span> <span class='ocrx_word' id='word_1_274' title='bbox 3371 1211 3480 1279; x_wconf 80' lang='grc' dir='ltr'><strong>τῆς</strong></span> <span class='ocrx_word' id='word_1_275' title='bbox 3513 1212 3666 1281; x_wconf 76' lang='grc' dir='ltr'>ἡμεο</span> 
     </span>
    </p>
   </div>
   <div class='ocr_carea' id='block_1_43' title="bbox 2067 1298 3671 1372">
    <p class='ocr_par' dir='ltr' id='par_1_43' title="bbox 2067 1298 3671 1372">
     <span class='ocr_line' id='line_1_43' title="bbox 2067 1298 3671 1372; baseline 0.001 -19"><span class='ocrx_word' id='word_1_276' title='bbox 2067 1299 2233 1370; x_wconf 82' lang='grc' dir='ltr'>τέρας</span> <span class='ocrx_word' id='word_1_277' title='bbox 2263 1298 2443 1369; x_wconf 80' lang='grc' dir='ltr'>ψυχῆς</span> <span class='ocrx_word' id='word_1_278' title='bbox 2489 1299 2902 1370; x_wconf 82' lang='grc' dir='ltr'>έμφανίσωμεν.</span> <span class='ocrx_word' id='word_1_279' title='bbox 2949 1300 3159 1370; x_wconf 85' lang='grc' dir='ltr'>Ὥσπερ</span> <span class='ocrx_word' id='word_1_280' title='bbox 3185 1300 3294 1372; x_wconf 88' lang='grc' dir='ltr'><strong>γάρ</strong></span> <span class='ocrx_word' id='word_1_281' title='bbox 3318 1301 3420 1355; x_wconf 72' lang='grc' dir='ltr'>καὶ</span> <span class='ocrx_word' id='word_1_282' title='bbox 3449 1303 3481 1354; x_wconf 87' lang='grc' dir='ltr'><strong>ό</strong></span> <span class='ocrx_word' id='word_1_283' title='bbox 3526 1303 3671 1355; x_wconf 66' lang='grc' dir='ltr'>Ἰουτ</span> 
     </span>
    </p>
   </div>
   <div class='ocr_carea' id='block_1_44' title="bbox 2067 1390 3668 1462">
    <p class='ocr_par' dir='ltr' id='par_1_44' title="bbox 2067 1390 3668 1462">
     <span class='ocr_line' id='line_1_44' title="bbox 2067 1390 3668 1462; baseline 0 -18"><span class='ocrx_word' id='word_1_284' title='bbox 2067 1391 2234 1459; x_wconf 84' lang='grc' dir='ltr'>δαῖος,</span> <span class='ocrx_word' id='word_1_285' title='bbox 2259 1390 2358 1455; x_wconf 73' lang='grc' dir='ltr'><strong>τὰς</strong></span> <span class='ocrx_word' id='word_1_286' title='bbox 2381 1391 2474 1444; x_wconf 83' lang='grc' dir='ltr'><strong>τοῦ</strong></span> <span class='ocrx_word' id='word_1_287' title='bbox 2507 1393 2675 1462; x_wconf 89' lang='grc' dir='ltr'>νόμου</span> <span class='ocrx_word' id='word_1_288' title='bbox 2733 1391 2966 1455; x_wconf 86' lang='grc' dir='ltr'>πλάκας,</span> <span class='ocrx_word' id='word_1_289' title='bbox 3003 1393 3096 1446; x_wconf 79' lang='grc' dir='ltr'><strong>καὶ</strong></span> <span class='ocrx_word' id='word_1_290' title='bbox 3131 1391 3202 1445; x_wconf 88' lang='grc' dir='ltr'><strong>τά</strong></span> <span class='ocrx_word' id='word_1_291' title='bbox 3228 1392 3324 1446; x_wconf 85' lang='grc' dir='ltr'><strong>δύο</strong></span> <span class='ocrx_word' id='word_1_292' title='bbox 3360 1392 3668 1462; x_wconf 70' lang='grc' dir='ltr'>Χερουϐὶμ</span> 
     </span>
    </p>
   </div>
   <div class='ocr_carea' id='block_1_45' title="bbox 2068 1483 3668 1555">
    <p class='ocr_par' dir='ltr' id='par_1_45' title="bbox 2068 1483 3668 1555">
     <span class='ocr_line' id='line_1_45' title="bbox 2068 1483 3668 1555; baseline 0 -19"><span class='ocrx_word' id='word_1_293' title='bbox 2068 1485 2134 1537; x_wconf 78' lang='grc' dir='ltr'>τὰ</span> <span class='ocrx_word' id='word_1_294' title='bbox 2155 1484 2329 1555; x_wconf 80' lang='grc' dir='ltr'>χρυσᾶ</span> <span class='ocrx_word' id='word_1_295' title='bbox 2363 1483 2457 1538; x_wconf 82' lang='grc' dir='ltr'>καὶ</span> <span class='ocrx_word' id='word_1_296' title='bbox 2483 1483 2700 1553; x_wconf 87' lang='grc' dir='ltr'>γλυπτά</span> <span class='ocrx_word' id='word_1_297' title='bbox 2733 1487 3076 1555; x_wconf 82' lang='grc' dir='ltr'>προσεκύνει,</span> <span class='ocrx_word' id='word_1_298' title='bbox 3110 1484 3170 1538; x_wconf 81' lang='grc' dir='ltr'><strong>ού</strong></span> <span class='ocrx_word' id='word_1_299' title='bbox 3201 1483 3379 1554; x_wconf 81' lang='grc' dir='ltr'>τιμῶν</span> <span class='ocrx_word' id='word_1_300' title='bbox 3406 1485 3513 1554; x_wconf 78' lang='grc' dir='ltr'>τὴν</span> <span class='ocrx_word' id='word_1_301' title='bbox 3562 1483 3668 1537; x_wconf 76' lang='grc' dir='ltr'><strong>τοῦ</strong></span> 
     </span>
    </p>
   </div>
   <div class='ocr_carea' id='block_1_46' title="bbox 1998 1569 3670 1679">
    <p class='ocr_par' dir='ltr' id='par_1_46' title="bbox 1998 1569 3670 1679">
     <span class='ocr_line' id='line_1_46' title="bbox 1998 1569 3670 1679; baseline 0.002 -54"><span class='ocrx_word' id='word_1_302' title='bbox 1998 1626 2041 1679; x_wconf 72' lang='grc' dir='ltr'><strong><em>Β</em></strong></span> <span class='ocrx_word' id='word_1_303' title='bbox 2070 1573 2218 1626; x_wconf 85' lang='grc' dir='ltr'>λίθου</span> <span class='ocrx_word' id='word_1_304' title='bbox 2241 1573 2334 1627; x_wconf 79' lang='grc' dir='ltr'>καὶ</span> <span class='ocrx_word' id='word_1_305' title='bbox 2353 1573 2576 1646; x_wconf 78' lang='grc' dir='ltr'>χρυσίου</span> <span class='ocrx_word' id='word_1_306' title='bbox 2596 1573 2776 1643; x_wconf 88' lang='grc' dir='ltr'>φύσιν,</span> <span class='ocrx_word' id='word_1_307' title='bbox 2803 1569 2940 1628; x_wconf 87' lang='grc' dir='ltr'><strong>ἀλλά</strong></span> <span class='ocrx_word' id='word_1_308' title='bbox 2962 1573 3054 1627; x_wconf 81' lang='grc' dir='ltr'><strong>τὸν</strong></span> <span class='ocrx_word' id='word_1_309' title='bbox 3073 1572 3251 1627; x_wconf 78' lang='grc' dir='ltr'>ταῦτα</span> <span class='ocrx_word' id='word_1_310' title='bbox 3273 1572 3670 1644; x_wconf 70' lang='grc' dir='ltr'>ἐπιτρέψαντα</span> 
     </span>
    </p>
   </div>
   <div class='ocr_carea' id='block_1_47' title="bbox 2067 1666 2348 1736">
    <p class='ocr_par' dir='ltr' id='par_1_47' title="bbox 2067 1666 2348 1736">
     <span class='ocr_line' id='line_1_47' title="bbox 2067 1666 2348 1736; baseline -0.007 -16"><span class='ocrx_word' id='word_1_311' title='bbox 2067 1666 2294 1736; x_wconf 82' lang='grc' dir='ltr'>Κύριον.</span> <span class='ocrx_word' id='word_1_312' title='bbox 2329 1684 2348 1718; x_wconf 77' lang='grc' dir='ltr'><strong>ι</strong></span> 
     </span>
    </p>
   </div>
   <div class='ocr_carea' id='block_1_48' title="bbox 2074 1777 3662 1856">
    <p class='ocr_par' dir='ltr' id='par_1_48' title="bbox 2074 1777 3662 1856">
     <span class='ocr_line' id='line_1_48' title="bbox 2074 1777 3662 1856; baseline 0.006 -25"><span class='ocrx_word' id='word_1_313' title='bbox 2074 1777 2184 1832; x_wconf 87' lang='grc' dir='ltr'><strong>Τοῦ</strong></span> <span class='ocrx_word' id='word_1_314' title='bbox 2214 1777 2388 1847; x_wconf 77' lang='grc' dir='ltr'>ἁγίου</span> <span class='ocrx_word' id='word_1_315' title='bbox 2414 1779 2872 1856; x_wconf 59' lang='grc' dir='ltr'>Χρυᾳοςζόμου,</span> <span class='ocrx_word' id='word_1_316' title='bbox 2893 1781 2991 1856; x_wconf 37' lang='grc' dir='ltr'>,εἰς</span> <span class='ocrx_word' id='word_1_317' title='bbox 3013 1781 3121 1836; x_wconf 80' lang='grc' dir='ltr'><strong>τὸν</strong></span> <span class='ocrx_word' id='word_1_318' title='bbox 3141 1791 3346 1856; x_wconf 55' lang='grc' dir='ltr'>τριτον</span> <span class='ocrx_word' id='word_1_319' title='bbox 3372 1783 3662 1856; x_wconf 68' lang='grc' dir='ltr'>ψαλμὸν,</span> 
     </span>
    </p>
   </div>
   <div class='ocr_carea' id='block_1_49' title="bbox 2415 1847 3300 1923">
    <p class='ocr_par' dir='ltr' id='par_1_49' title="bbox 2415 1847 3300 1923">
     <span class='ocr_line' id='line_1_49' title="bbox 2415 1847 3300 1923; baseline 0.009 -23"><span class='ocrx_word' id='word_1_320' title='bbox 2415 1849 2503 1912; x_wconf 84' lang='grc' dir='ltr'><strong>εἰς</strong></span> <span class='ocrx_word' id='word_1_321' title='bbox 2534 1847 2712 1902; x_wconf 79' lang='grc' dir='ltr'>Δαϐἰδ</span> <span class='ocrx_word' id='word_1_322' title='bbox 2736 1847 2852 1903; x_wconf 67' lang='grc' dir='ltr'><strong>καί</strong></span> <span class='ocrx_word' id='word_1_323' title='bbox 2893 1847 3300 1923; x_wconf 66' lang='grc' dir='ltr'><strong>Ἀϐεονσιιλίὶιμ⁹</strong></span> 
     </span>
    </p>
   </div>
   <div class='ocr_carea' id='block_1_50' title="bbox 2145 1960 3665 2036">
    <p class='ocr_par' dir='ltr' id='par_1_50' title="bbox 2145 1960 3665 2036">
     <span class='ocr_line' id='line_1_50' title="bbox 2145 1960 3665 2036; baseline 0.007 -24"><span class='ocrx_word' id='word_1_324' title='bbox 2145 1981 2161 2012; x_wconf 82' lang='grc' dir='ltr'><strong>ι</strong></span> <span class='ocrx_word' id='word_1_325' title='bbox 2227 1960 2558 2024; x_wconf 80' lang='grc' dir='ltr'>Ἑπινικίους</span> <span class='ocrx_word' id='word_1_326' title='bbox 2609 1962 2707 2033; x_wconf 76' lang='grc' dir='ltr'>μὲν</span> <span class='ocrx_word' id='word_1_327' title='bbox 2755 1963 3087 2035; x_wconf 78' lang='grc' dir='ltr'>ἀνδριάντας</span> <span class='ocrx_word' id='word_1_328' title='bbox 3138 1967 3190 2018; x_wconf 88' lang='grc' dir='ltr'><strong>οἰ</strong></span> <span class='ocrx_word' id='word_1_329' title='bbox 3233 1965 3482 2036; x_wconf 81' lang='grc' dir='ltr'>βασιλεῖς</span> <span class='ocrx_word' id='word_1_330' title='bbox 3542 1971 3665 2036; x_wconf 72' lang='grc' dir='ltr'><strong>τοίς</strong></span> 
     </span>
    </p>
   </div>
   <div class='ocr_carea' id='block_1_51' title="bbox 2069 2054 3664 2130">
    <p class='ocr_par' dir='ltr' id='par_1_51' title="bbox 2069 2054 3664 2130">
     <span class='ocr_line' id='line_1_51' title="bbox 2069 2054 3664 2130; baseline 0.007 -25"><span class='ocrx_word' id='word_1_331' title='bbox 2069 2055 2399 2124; x_wconf 80' lang='grc' dir='ltr'>στρατηγοῖς</span> <span class='ocrx_word' id='word_1_332' title='bbox 2455 2054 2742 2124; x_wconf 79' lang='grc' dir='ltr'>νικήσασιν</span> <span class='ocrx_word' id='word_1_333' title='bbox 2801 2055 3157 2109; x_wconf 68' lang='grc' dir='ltr'>ἀνατιθέασι*</span> <span class='ocrx_word' id='word_1_334' title='bbox 3217 2059 3567 2130; x_wconf 77' lang='grc' dir='ltr'>νικηφόρους</span> <span class='ocrx_word' id='word_1_335' title='bbox 3604 2062 3664 2116; x_wconf 80' lang='grc' dir='ltr'><strong>δέ</strong></span> 
     </span>
    </p>
   </div>
   <div class='ocr_carea' id='block_1_52' title="bbox 2067 2144 3667 2220">
    <p class='ocr_par' dir='ltr' id='par_1_52' title="bbox 2067 2144 3667 2220">
     <span class='ocr_line' id='line_1_52' title="bbox 2067 2144 3667 2220; baseline 0.006 -22"><span class='ocrx_word' id='word_1_336' title='bbox 2067 2163 2219 2210; x_wconf 88' lang='grc' dir='ltr'>τινας</span> <span class='ocrx_word' id='word_1_337' title='bbox 2254 2144 2457 2216; x_wconf 84' lang='grc' dir='ltr'>στήλας</span> <span class='ocrx_word' id='word_1_338' title='bbox 2503 2145 2882 2216; x_wconf 74' lang='grc' dir='ltr'>ἐπεγείρουσιν</span> <span class='ocrx_word' id='word_1_339' title='bbox 2940 2145 3202 2218; x_wconf 76' lang='grc' dir='ltr'>ἄρχοντες</span> <span class='ocrx_word' id='word_1_340' title='bbox 3253 2150 3497 2220; x_wconf 83' lang='grc' dir='ltr'>ἡνιόχοις</span> <span class='ocrx_word' id='word_1_341' title='bbox 3562 2153 3667 2207; x_wconf 74' lang='grc' dir='ltr'>καὶ</span> 
     </span>
    </p>
   </div>
   <div class='ocr_carea' id='block_1_53' title="bbox 2067 2235 3664 2314">
    <p class='ocr_par' dir='ltr' id='par_1_53' title="bbox 2067 2235 3664 2314">
     <span class='ocr_line' id='line_1_53' title="bbox 2067 2235 3664 2314; baseline 0.005 -24"><span class='ocrx_word' id='word_1_342' title='bbox 2067 2235 2365 2308; x_wconf 83' lang='grc' dir='ltr'>ἀθληταῖς,</span> <span class='ocrx_word' id='word_1_343' title='bbox 2441 2237 2540 2290; x_wconf 79' lang='grc' dir='ltr'>καὶ</span> <span class='ocrx_word' id='word_1_344' title='bbox 2610 2238 2689 2308; x_wconf 80' lang='grc' dir='ltr'>τῷ</span> <span class='ocrx_word' id='word_1_345' title='bbox 2755 2240 3177 2310; x_wconf 79' lang='grc' dir='ltr'>ἐπιγράμματι,</span> <span class='ocrx_word' id='word_1_346' title='bbox 3231 2241 3309 2305; x_wconf 83' lang='grc' dir='ltr'>ὡς</span> <span class='ocrx_word' id='word_1_347' title='bbox 3341 2244 3664 2314; x_wconf 77' lang='grc' dir='ltr'>πέμματι,</span> 
     </span>
    </p>
   </div>
   <div class='ocr_carea' id='block_1_54' title="bbox 2068 2327 3664 2404">
    <p class='ocr_par' dir='ltr' id='par_1_54' title="bbox 2068 2327 3664 2404">
     <span class='ocr_line' id='line_1_54' title="bbox 2068 2327 3664 2404; baseline 0.004 -21"><span class='ocrx_word' id='word_1_348' title='bbox 2068 2331 2291 2401; x_wconf 84' lang='grc' dir='ltr'>κήρυκα</span> <span class='ocrx_word' id='word_1_349' title='bbox 2334 2329 2438 2399; x_wconf 91' lang='grc' dir='ltr'><strong>τῆς</strong></span> <span class='ocrx_word' id='word_1_350' title='bbox 2501 2330 2660 2400; x_wconf 81' lang='grc' dir='ltr'>νίκης</span> <span class='ocrx_word' id='word_1_351' title='bbox 2717 2331 2816 2401; x_wconf 86' lang='grc' dir='ltr'>τὴν</span> <span class='ocrx_word' id='word_1_352' title='bbox 2875 2327 3010 2402; x_wconf 82' lang='grc' dir='ltr'>ὕλην</span> <span class='ocrx_word' id='word_1_353' title='bbox 3065 2334 3418 2404; x_wconf 76' lang='grc' dir='ltr'>ἐργάζονται.</span> <span class='ocrx_word' id='word_1_354' title='bbox 3457 2336 3664 2390; x_wconf 77' lang='grc' dir='ltr'>’Δλλοι</span> 
     </span>
    </p>
   </div>
   <div class='ocr_carea' id='block_1_55' title="bbox 2069 2421 3661 2493">
    <p class='ocr_par' dir='ltr' id='par_1_55' title="bbox 2069 2421 3661 2493">
     <span class='ocr_line' id='line_1_55' title="bbox 2069 2421 3661 2493; baseline 0.004 -20"><span class='ocrx_word' id='word_1_355' title='bbox 2069 2421 2230 2474; x_wconf 85' lang='grc' dir='ltr'>πάλιν</span> <span class='ocrx_word' id='word_1_356' title='bbox 2263 2421 2322 2474; x_wconf 84' lang='grc' dir='ltr'>ὲν</span> <span class='ocrx_word' id='word_1_357' title='bbox 2353 2421 2558 2492; x_wconf 74' lang='grc' dir='ltr'>βίϐλοις</span> <span class='ocrx_word' id='word_1_358' title='bbox 2597 2422 2690 2475; x_wconf 73' lang='grc' dir='ltr'><strong>καὶ</strong></span> <span class='ocrx_word' id='word_1_359' title='bbox 2722 2423 3016 2493; x_wconf 81' lang='grc' dir='ltr'>γράμμασι</span> <span class='ocrx_word' id='word_1_360' title='bbox 3056 2423 3185 2488; x_wconf 84' lang='grc' dir='ltr'>τοὺς</span> <span class='ocrx_word' id='word_1_361' title='bbox 3233 2425 3495 2490; x_wconf 72' lang='grc' dir='ltr'>ἐπαίνους</span> <span class='ocrx_word' id='word_1_362' title='bbox 3538 2430 3661 2492; x_wconf 77' lang='grc' dir='ltr'>τοῖς</span> 
     </span>
    </p>
   </div>
   <div class='ocr_carea' id='block_1_56' title="bbox 2067 2512 3658 2588">
    <p class='ocr_par' dir='ltr' id='par_1_56' title="bbox 2067 2512 3658 2588">
     <span class='ocr_line' id='line_1_56' title="bbox 2067 2512 3658 2588; baseline 0.005 -22"><span class='ocrx_word' id='word_1_363' title='bbox 2067 2515 2316 2583; x_wconf 85' lang='grc' dir='ltr'>νικηταίς</span> <span class='ocrx_word' id='word_1_364' title='bbox 2349 2512 2643 2584; x_wconf 88' lang='grc' dir='ltr'>γράφουσι,</span> <span class='ocrx_word' id='word_1_365' title='bbox 2674 2513 2774 2584; x_wconf 84' lang='grc' dir='ltr'><strong>τὴν</strong></span> <span class='ocrx_word' id='word_1_366' title='bbox 2812 2515 2994 2569; x_wconf 81' lang='grc' dir='ltr'>αὐτῶν</span> <span class='ocrx_word' id='word_1_367' title='bbox 3033 2517 3090 2569; x_wconf 83' lang='grc' dir='ltr'>ὲν</span> <span class='ocrx_word' id='word_1_368' title='bbox 3122 2516 3200 2586; x_wconf 81' lang='grc' dir='ltr'>τῷ</span> <span class='ocrx_word' id='word_1_369' title='bbox 3235 2517 3450 2588; x_wconf 79' lang='grc' dir='ltr'>ἐπαίνῳ</span> <span class='ocrx_word' id='word_1_370' title='bbox 3481 2519 3658 2574; x_wconf 76' lang='grc' dir='ltr'>δύνα-</span> 
     </span>
    </p>
   </div>
   <div class='ocr_carea' id='block_1_57' title="bbox 2071 2603 3657 2676">
    <p class='ocr_par' dir='ltr' id='par_1_57' title="bbox 2071 2603 3657 2676">
     <span class='ocr_line' id='line_1_57' title="bbox 2071 2603 3657 2676; baseline 0.006 -20"><span class='ocrx_word' id='word_1_371' title='bbox 2071 2620 2185 2674; x_wconf 88' lang='grc' dir='ltr'>μιν,</span> <span class='ocrx_word' id='word_1_372' title='bbox 2215 2603 2569 2675; x_wconf 86' lang='grc' dir='ltr'>ἰσχυροτέραν</span> <span class='ocrx_word' id='word_1_373' title='bbox 2595 2603 2706 2656; x_wconf 83' lang='grc' dir='ltr'>τῶν</span> <span class='ocrx_word' id='word_1_374' title='bbox 2733 2604 3144 2676; x_wconf 77' lang='grc' dir='ltr'>ἐπαινουμένων</span> <span class='ocrx_word' id='word_1_375' title='bbox 3171 2608 3343 2675; x_wconf 82' lang='grc' dir='ltr'>δεῖξαι</span> <span class='ocrx_word' id='word_1_376' title='bbox 3369 2608 3657 2673; x_wconf 83' lang='grc' dir='ltr'>θέλοντες.</span> 
     </span>
    </p>
   </div>
   <div class='ocr_carea' id='block_1_58' title="bbox 2068 2694 3652 2768">
    <p class='ocr_par' dir='ltr' id='par_1_58' title="bbox 2068 2694 3652 2768">
     <span class='ocr_line' id='line_1_58' title="bbox 2068 2694 3652 2768; baseline 0.004 -20"><span class='ocrx_word' id='word_1_377' title='bbox 2068 2695 2178 2748; x_wconf 72' lang='grc' dir='ltr'>Καὶ</span> <span class='ocrx_word' id='word_1_378' title='bbox 2210 2694 2577 2766; x_wconf 81' lang='grc' dir='ltr'>λογογράφοι,</span> <span class='ocrx_word' id='word_1_379' title='bbox 2619 2695 2716 2748; x_wconf 81' lang='grc' dir='ltr'>καὶ</span> <span class='ocrx_word' id='word_1_380' title='bbox 2762 2696 3078 2766; x_wconf 78' lang='grc' dir='ltr'>ζωγράφοι,</span> <span class='ocrx_word' id='word_1_381' title='bbox 3127 2699 3222 2751; x_wconf 77' lang='grc' dir='ltr'>καὶ</span> <span class='ocrx_word' id='word_1_382' title='bbox 3257 2697 3652 2768; x_wconf 86' lang='grc' dir='ltr'>λιθογλύπται,</span> 
     </span>
    </p>
   </div>
   <div class='ocr_carea' id='block_1_59' title="bbox 2069 2787 3660 2864">
    <p class='ocr_par' dir='ltr' id='par_1_59' title="bbox 2069 2787 3660 2864">
     <span class='ocr_line' id='line_1_59' title="bbox 2069 2787 3660 2864; baseline 0.004 -23"><span class='ocrx_word' id='word_1_383' title='bbox 2069 2788 2164 2841; x_wconf 65' lang='grc' dir='ltr'><strong>καί¹</strong></span> <span class='ocrx_word' id='word_1_384' title='bbox 2196 2787 2394 2858; x_wconf 87' lang='grc' dir='ltr'>δῆμοι,</span> <span class='ocrx_word' id='word_1_385' title='bbox 2437 2788 2532 2841; x_wconf 74' lang='grc' dir='ltr'><strong>καὶ</strong></span> <span class='ocrx_word' id='word_1_386' title='bbox 2562 2787 2820 2858; x_wconf 79' lang='grc' dir='ltr'>ἄρχοντες</span> <span class='ocrx_word' id='word_1_387' title='bbox 2846 2829 2860 2851; x_wconf 88' lang='grc'><strong>,</strong></span> <span class='ocrx_word' id='word_1_388' title='bbox 2897 2790 2994 2842; x_wconf 74' lang='grc' dir='ltr'>καὶ</span> <span class='ocrx_word' id='word_1_389' title='bbox 3027 2790 3211 2854; x_wconf 85' lang='grc' dir='ltr'>πόλεις</span> <span class='ocrx_word' id='word_1_390' title='bbox 3233 2829 3249 2854; x_wconf 90' lang='grc'><strong>,</strong></span> <span class='ocrx_word' id='word_1_391' title='bbox 3303 2791 3403 2844; x_wconf 79' lang='grc' dir='ltr'>καὶ</span> <span class='ocrx_word' id='word_1_392' title='bbox 3448 2793 3660 2864; x_wconf 75' lang='grc' dir='ltr'>χῶραι,</span> 
     </span>
    </p>
   </div>
   <div class='ocr_carea' id='block_1_60' title="bbox 2068 2878 3660 2953">
    <p class='ocr_par' dir='ltr' id='par_1_60' title="bbox 2068 2878 3660 2953">
     <span class='ocr_line' id='line_1_60' title="bbox 2068 2878 3660 2953; baseline 0.004 -20"><span class='ocrx_word' id='word_1_393' title='bbox 2068 2880 2196 2943; x_wconf 81' lang='grc' dir='ltr'>τοὺς</span> <span class='ocrx_word' id='word_1_394' title='bbox 2240 2878 2470 2950; x_wconf 82' lang='grc' dir='ltr'>νικητὰς</span> <span class='ocrx_word' id='word_1_395' title='bbox 2529 2878 2921 2950; x_wconf 76' lang='grc' dir='ltr'>θαυμάζουσιν.</span> <span class='ocrx_word' id='word_1_396' title='bbox 2973 2880 3164 2944; x_wconf 76' lang='grc' dir='ltr'>Οὐδεὶς</span> <span class='ocrx_word' id='word_1_397' title='bbox 3207 2881 3265 2935; x_wconf 83' lang='grc' dir='ltr'>δὲ</span> <span class='ocrx_word' id='word_1_398' title='bbox 3320 2884 3660 2953; x_wconf 79' lang='grc' dir='ltr'>φεύγοντος,</span> 
     </span>
    </p>
   </div>
   <div class='ocr_carea' id='block_1_61' title="bbox 388 2968 1965 3047">
    <p class='ocr_par' dir='ltr' id='par_1_61' title="bbox 388 2968 1962 3044">
     <span class='ocr_line' id='line_1_61' title="bbox 388 2968 1962 3044; baseline 0.006 -24"><span class='ocrx_word' id='word_1_399' title='bbox 388 2968 757 3024; x_wconf 85' lang='lat' dir='ltr'><strong>admiratione</strong></span> <span class='ocrx_word' id='word_1_400' title='bbox 802 2969 1000 3042; x_wconf 90' lang='lat' dir='ltr'><strong>dignos</strong></span> <span class='ocrx_word' id='word_1_401' title='bbox 1062 2971 1294 3028; x_wconf 86' lang='lat' dir='ltr'><strong>habent.</strong></span> <span class='ocrx_word' id='word_1_402' title='bbox 1348 2971 1637 3044; x_wconf 84' lang='lat' dir='ltr'><strong>Fugientis</strong></span> <span class='ocrx_word' id='word_1_403' title='bbox 1678 2989 1831 3039; x_wconf 87' lang='lat' dir='ltr'><strong>vero,</strong></span> <span class='ocrx_word' id='word_1_404' title='bbox 1864 2982 1962 3030; x_wconf 92' lang='lat' dir='ltr'><strong>aut</strong></span> 
     </span>
    </p>
   </div>
   <div class='ocr_carea' id='block_1_62' title="bbox 2083 2968 3343 3047">
    <p class='ocr_par' dir='ltr' id='par_1_62' title="bbox 2083 2971 3343 3047">
     <span class='ocr_line' id='line_1_62' title="bbox 2083 2971 3343 3047; baseline 0.002 -21"><span class='ocrx_word' id='word_1_405' title='bbox 2083 2974 2161 3026; x_wconf 77' lang='grc' dir='ltr'><strong>ιαὶ</strong></span> <span class='ocrx_word' id='word_1_406' title='bbox 2194 2972 2269 3044; x_wconf 83' lang='grc' dir='ltr'>μὴ</span> <span class='ocrx_word' id='word_1_407' title='bbox 2299 2971 2733 3044; x_wconf 81' lang='grc' dir='ltr'>πολεμήσαντος,</span> <span class='ocrx_word' id='word_1_408' title='bbox 2773 2973 2990 3036; x_wconf 87' lang='grc' dir='ltr'>εἰκόνας</span> <span class='ocrx_word' id='word_1_409' title='bbox 3019 2973 3281 3047; x_wconf 78' lang='grc' dir='ltr'>ἔγραψεν.</span> <span class='ocrx_word' id='word_1_410' title='bbox 3323 2993 3343 3028; x_wconf 76' lang='grc' dir='ltr'><strong>ι</strong></span> 
     </span>
    </p>
   </div>
   <div class='ocr_carea' id='block_1_63' title="bbox 391 3061 1964 3138">
    <p class='ocr_par' dir='ltr' id='par_1_63' title="bbox 391 3061 1964 3138">
     <span class='ocr_line' id='line_1_63' title="bbox 391 3061 1964 3138; baseline 0.01 -29"><span class='ocrx_word' id='word_1_411' title='bbox 391 3073 625 3130; x_wconf 84' lang='lat' dir='ltr'><strong>pugnam</strong></span> <span class='ocrx_word' id='word_1_412' title='bbox 699 3061 1063 3119; x_wconf 88' lang='lat' dir='ltr'><strong>detrectantis</strong></span> <span class='ocrx_word' id='word_1_413' title='bbox 1141 3079 1305 3121; x_wconf 87' lang='lat' dir='ltr'><strong>nemo</strong></span> <span class='ocrx_word' id='word_1_414' title='bbox 1379 3079 1620 3137; x_wconf 90' lang='lat' dir='ltr'><strong>unquam</strong></span> <span class='ocrx_word' id='word_1_415' title='bbox 1691 3066 1964 3138; x_wconf 87' lang='lat' dir='ltr'><strong>imagines</strong></span> 
     </span>
    </p>
   </div>
   <div class='ocr_carea' id='block_1_64' title="bbox 391 3152 647 3219">
    <p class='ocr_par' dir='ltr' id='par_1_64' title="bbox 391 3152 647 3219">
     <span class='ocr_line' id='line_1_64' title="bbox 391 3152 647 3219; baseline 0.004 -17"><span class='ocrx_word' id='word_1_416' title='bbox 391 3152 591 3219; x_wconf 81' lang='lat' dir='ltr'><strong>pinxit.</strong></span> <span class='ocrx_word' id='word_1_417' title='bbox 628 3171 647 3203; x_wconf 74' lang='grc' dir='ltr'><strong>ι</strong></span> 
     </span>
    </p>
   </div>
   <div class='ocr_carea' id='block_1_65' title="bbox 390 3262 1964 3337">
    <p class='ocr_par' dir='ltr' id='par_1_65' title="bbox 390 3262 1964 3337">
     <span class='ocr_line' id='line_1_65' title="bbox 390 3262 1964 3337; baseline 0.006 -22"><span class='ocrx_word' id='word_1_418' title='bbox 390 3262 583 3318; x_wconf 75' lang='lat' dir='ltr'><strong>Sancti</strong></span> <span class='ocrx_word' id='word_1_419' title='bbox 613 3264 809 3335; x_wconf 81' lang='lat' dir='ltr'><strong>Cyrilli</strong></span> <span class='ocrx_word' id='word_1_420' title='bbox 841 3268 1184 3323; x_wconf 72' lang='lat' dir='ltr'><strong>Alexandria:</strong></span> <span class='ocrx_word' id='word_1_421' title='bbox 1229 3269 1630 3337; x_wconf 76' lang='lat' dir='ltr'><strong>archiepiscopi,</strong></span> <span class='ocrx_word' id='word_1_422' title='bbox 1658 3285 1723 3324; x_wconf 75' lang='lat' dir='ltr'><strong>ea:</strong></span> <span class='ocrx_word' id='word_1_423' title='bbox 1755 3270 1964 3326; x_wconf 83' lang='lat' dir='ltr'><strong>allocu-</strong></span> 
     </span>
    </p>
   </div>
   <div class='ocr_carea' id='block_1_66' title="bbox 637 3337 1718 3409">
    <p class='ocr_par' dir='ltr' id='par_1_66' title="bbox 637 3337 1718 3409">
     <span class='ocr_line' id='line_1_66' title="bbox 637 3337 1718 3409; baseline 0.007 -22"><span class='ocrx_word' id='word_1_424' title='bbox 637 3337 778 3389; x_wconf 88' lang='lat' dir='ltr'><strong>tione</strong></span> <span class='ocrx_word' id='word_1_425' title='bbox 827 3337 896 3389; x_wconf 88' lang='lat' dir='ltr'><strong>ad</strong></span> <span class='ocrx_word' id='word_1_426' title='bbox 933 3337 1283 3392; x_wconf 78' lang='lat' dir='ltr'><strong>Theodosium</strong></span> <span class='ocrx_word' id='word_1_427' title='bbox 1327 3342 1718 3409; x_wconf 87' lang='lat' dir='ltr'><strong>imperatorem.</strong></span> 
     </span>
    </p>
   </div>
   <div class='ocr_carea' id='block_1_67' title="bbox 465 3442 1966 3522">
    <p class='ocr_par' dir='ltr' id='par_1_67' title="bbox 465 3442 1966 3522">
     <span class='ocr_line' id='line_1_67' title="bbox 465 3442 1966 3522; baseline 0.009 -26"><span class='ocrx_word' id='word_1_428' title='bbox 465 3442 798 3515; x_wconf 71' lang='lat' dir='ltr'><strong>«Imagines</strong></span> <span class='ocrx_word' id='word_1_429' title='bbox 845 3456 1024 3500; x_wconf 91' lang='lat' dir='ltr'><strong>autem</strong></span> <span class='ocrx_word' id='word_1_430' title='bbox 1077 3450 1488 3519; x_wconf 81' lang='lat' dir='ltr'><strong>exemplaribus</strong></span> <span class='ocrx_word' id='word_1_431' title='bbox 1539 3451 1854 3522; x_wconf 82' lang='lat' dir='ltr'><strong>archetypis</strong></span> <span class='ocrx_word' id='word_1_432' title='bbox 1889 3453 1966 3508; x_wconf 92' lang='lat' dir='ltr'><strong>si-</strong></span> 
     </span>
    </p>
   </div>
   <div class='ocr_carea' id='block_1_68' title="bbox 394 3536 1968 3608">
    <p class='ocr_par' dir='ltr' id='par_1_68' title="bbox 394 3536 1968 3608">
     <span class='ocr_line' id='line_1_68' title="bbox 394 3536 1968 3608; baseline 0.006 -19"><span class='ocrx_word' id='word_1_433' title='bbox 394 3537 551 3591; x_wconf 81' lang='lat' dir='ltr'><strong>miles</strong></span> <span class='ocrx_word' id='word_1_434' title='bbox 590 3545 740 3593; x_wconf 85' lang='lat' dir='ltr'><strong>suut.</strong></span> <span class='ocrx_word' id='word_1_435' title='bbox 782 3536 1013 3608; x_wconf 85' lang='lat' dir='ltr'><strong>Oportet</strong></span> <span class='ocrx_word' id='word_1_436' title='bbox 1059 3538 1207 3594; x_wconf 89' lang='lat' dir='ltr'><strong>enim</strong></span> <span class='ocrx_word' id='word_1_437' title='bbox 1258 3549 1316 3595; x_wconf 88' lang='lat' dir='ltr'><strong>ttt</strong></span> <span class='ocrx_word' id='word_1_438' title='bbox 1367 3541 1496 3608; x_wconf 87' lang='lat' dir='ltr'><strong>huc,</strong></span> <span class='ocrx_word' id='word_1_439' title='bbox 1537 3558 1638 3599; x_wconf 89' lang='lat' dir='ltr'><strong>nec</strong></span> <span class='ocrx_word' id='word_1_440' title='bbox 1663 3544 1773 3600; x_wconf 90' lang='lat' dir='ltr'><strong>alio</strong></span> <span class='ocrx_word' id='word_1_441' title='bbox 1805 3545 1968 3600; x_wconf 76' lang='lat' dir='ltr'><strong>modo</strong></span> 
     </span>
    </p>
   </div>
   <div class='ocr_carea' id='block_1_69' title="bbox 390 3626 801 3687">
    <p class='ocr_par' dir='ltr' id='par_1_69' title="bbox 390 3626 801 3687">
     <span class='ocr_line' id='line_1_69' title="bbox 390 3626 801 3687; baseline 0.002 -6"><span class='ocrx_word' id='word_1_442' title='bbox 390 3640 452 3681; x_wconf 80' lang='lat' dir='ltr'><strong>se</strong></span> <span class='ocrx_word' id='word_1_443' title='bbox 479 3626 740 3687; x_wconf 87' lang='lat' dir='ltr'><strong>habeant.</strong></span> <span class='ocrx_word' id='word_1_444' title='bbox 780 3646 801 3682; x_wconf 76' lang='grc' dir='ltr'><strong>ι</strong></span> 
     </span>
    </p>
   </div>
   <div class='ocr_carea' id='block_1_70' title="bbox 811 3721 1544 3791">
    <p class='ocr_par' dir='ltr' id='par_1_70' title="bbox 811 3721 1544 3791">
     <span class='ocr_line' id='line_1_70' title="bbox 811 3721 1544 3791; baseline 0.008 -16"><span class='ocrx_word' id='word_1_445' title='bbox 811 3721 1090 3791; x_wconf 77' lang='lat' dir='ltr'><strong>Ejusdem,</strong></span> <span class='ocrx_word' id='word_1_446' title='bbox 1121 3739 1185 3778; x_wconf 82' lang='lat' dir='ltr'><strong>ea:</strong></span> <span class='ocrx_word' id='word_1_447' title='bbox 1235 3723 1544 3781; x_wconf 83' lang='lat' dir='ltr'><strong>Thesauris.</strong></span> 
     </span>
    </p>
   </div>
   <div class='ocr_carea' id='block_1_71' title="bbox 467 3811 1965 3918">
    <p class='ocr_par' dir='ltr' id='par_1_71' title="bbox 467 3811 1965 3918">
     <span class='ocr_line' id='line_1_71' title="bbox 467 3811 1965 3918; baseline 0.009 -56"><span class='ocrx_word' id='word_1_448' title='bbox 467 3830 484 3861; x_wconf 79' lang='grc' dir='ltr'><strong>ι</strong></span> <span class='ocrx_word' id='word_1_449' title='bbox 519 3811 792 3883; x_wconf 85' lang='lat' dir='ltr'><strong>Imagines</strong></span> <span class='ocrx_word' id='word_1_450' title='bbox 825 3815 974 3870; x_wconf 90' lang='lat' dir='ltr'><strong>cnim</strong></span> <span class='ocrx_word' id='word_1_451' title='bbox 1030 3815 1245 3872; x_wconf 76' lang='lat' dir='ltr'><strong>aiiinem</strong></span> <span class='ocrx_word' id='word_1_452' title='bbox 1278 3832 1498 3888; x_wconf 87' lang='lat' dir='ltr'><strong>semper</strong></span> <span class='ocrx_word' id='word_1_453' title='bbox 1526 3817 1593 3872; x_wconf 93' lang='lat' dir='ltr'><strong>ad</strong></span> <span class='ocrx_word' id='word_1_454' title='bbox 1614 3819 1965 3918; x_wconf 56' lang='lat' dir='ltr'><strong>’exemplaria</strong></span> 
     </span>
    </p>
   </div>
   <div class='ocr_carea' id='block_1_72' title="bbox 394 3902 1164 3962">
    <p class='ocr_par' dir='ltr' id='par_1_72' title="bbox 394 3902 1164 3962">
     <span class='ocr_line' id='line_1_72' title="bbox 394 3902 1164 3962; baseline 0.006 -8"><span class='ocrx_word' id='word_1_455' title='bbox 394 3902 815 3960; x_wconf 80' lang='lat' dir='ltr'><strong>similitudinem</strong></span> <span class='ocrx_word' id='word_1_456' title='bbox 858 3915 1104 3962; x_wconf 85' lang='lat' dir='ltr'><strong>servant.</strong></span> <span class='ocrx_word' id='word_1_457' title='bbox 1145 3926 1164 3959; x_wconf 81' lang='grc' dir='ltr'><strong>ι</strong></span> 
     </span>
    </p>
   </div>
   <div class='ocr_carea' id='block_1_73' title="bbox 395 4013 1021 4085">
    <p class='ocr_par' dir='ltr' id='par_1_73' title="bbox 395 4013 1021 4085">
     <span class='ocr_line' id='line_1_73' title="bbox 395 4013 1021 4085; baseline 0.005 -18"><span class='ocrx_word' id='word_1_458' title='bbox 395 4013 669 4085; x_wconf 77' lang='lat' dir='ltr'><strong>Ejusdem,</strong></span> <span class='ocrx_word' id='word_1_459' title='bbox 707 4032 771 4072; x_wconf 79' lang='lat' dir='ltr'><strong>ex</strong></span> <span class='ocrx_word' id='word_1_460' title='bbox 803 4017 958 4083; x_wconf 88' lang='lat' dir='ltr'><strong>libro,</strong></span> <span class='ocrx_word' id='word_1_461' title='bbox 1003 4038 1021 4070; x_wconf 76' lang='grc' dir='ltr'><strong>ι</strong></span> 
     </span>
    </p>
   </div>
   <div class='ocr_carea' id='block_1_74' title="bbox 465 4156 1553 4234">
    <p class='ocr_par' dir='ltr' id='par_1_74' title="bbox 465 4156 1553 4234">
     <span class='ocr_line' id='line_1_74' title="bbox 465 4156 1553 4234; baseline 0.007 -26"><span class='ocrx_word' id='word_1_462' title='bbox 465 4156 734 4211; x_wconf 80' lang='lat' dir='ltr'><strong>Abraham</strong></span> <span class='ocrx_word' id='word_1_463' title='bbox 764 4169 814 4212; x_wconf 88' lang='lat' dir='ltr'><strong>et</strong></span> <span class='ocrx_word' id='word_1_464' title='bbox 845 4156 1252 4227; x_wconf 74' lang='lat' dir='ltr'><strong>Melchisedech,</strong></span> <span class='ocrx_word' id='word_1_465' title='bbox 1280 4178 1405 4234; x_wconf 85' lang='lat' dir='ltr'><strong>cap.</strong></span> <span class='ocrx_word' id='word_1_466' title='bbox 1439 4163 1493 4217; x_wconf 85' lang='lat'><strong>6.</strong></span> <span class='ocrx_word' id='word_1_467' title='bbox 1535 4183 1553 4216; x_wconf 81' lang='grc' dir='ltr'><strong>ι</strong></span> 
     </span>
    </p>
   </div>
   <div class='ocr_carea' id='block_1_75' title="bbox 1053 4019 1970 4096">
    <p class='ocr_par' dir='ltr' id='par_1_75' title="bbox 1053 4019 1970 4096">
     <span class='ocr_line' id='line_1_75' title="bbox 1053 4019 1970 4096; baseline 0.009 -24"><span class='ocrx_word' id='word_1_468' title='bbox 1053 4019 1209 4085; x_wconf 84' lang='lat' dir='ltr'><strong>Quod</strong></span> <span class='ocrx_word' id='word_1_469' title='bbox 1247 4022 1300 4096; x_wconf 82' lang='lat' dir='ltr'><strong>in</strong></span> <span class='ocrx_word' id='word_1_470' title='bbox 1343 4023 1582 4096; x_wconf 84' lang='lat' dir='ltr'><strong>omnibus</strong></span> <span class='ocrx_word' id='word_1_471' title='bbox 1642 4023 1844 4096; x_wconf 81' lang='lat' dir='ltr'><strong>Moysis</strong></span> <span class='ocrx_word' id='word_1_472' title='bbox 1885 4042 1970 4096; x_wconf 85' lang='lat' dir='ltr'><strong>vo-</strong></span> 
     </span>
    </p>
   </div>
   <div class='ocr_carea' id='block_1_76' title="bbox 464 4085 1971 4164">
    <p class='ocr_par' dir='ltr' id='par_1_76' title="bbox 464 4085 1971 4164">
     <span class='ocr_line' id='line_1_76' title="bbox 464 4085 1971 4164; baseline 0.009 -26"><span class='ocrx_word' id='word_1_473' title='bbox 464 4085 751 4164; x_wconf 71' lang='lat' dir='ltr'><strong>luminibus</strong></span> <span class='ocrx_word' id='word_1_474' title='bbox 807 4087 1036 4164; x_wconf 63' lang='lat' dir='ltr'><strong>Christi</strong></span> <span class='ocrx_word' id='word_1_475' title='bbox 1073 4093 1386 4164; x_wconf 75' lang='lat' dir='ltr'><strong>mysterium</strong></span> <span class='ocrx_word' id='word_1_476' title='bbox 1438 4085 1782 4164; x_wconf 43' lang='lat' dir='ltr'><strong>designatur}</strong></span> <span class='ocrx_word' id='word_1_477' title='bbox 1825 4115 1843 4147; x_wconf 78' lang='grc' dir='ltr'><strong>ι</strong></span> <span class='ocrx_word' id='word_1_478' title='bbox 1893 4095 1971 4151; x_wconf 84' lang='lat' dir='ltr'><strong>De</strong></span> 
     </span>
    </p>
   </div>
   <div class='ocr_carea' id='block_1_77' title="bbox 2072 3263 3663 3337">
    <p class='ocr_par' dir='ltr' id='par_1_77' title="bbox 2072 3263 3663 3337">
     <span class='ocr_line' id='line_1_77' title="bbox 2072 3263 3663 3337; baseline -0.001 -16"><span class='ocrx_word' id='word_1_479' title='bbox 2072 3265 2180 3322; x_wconf 85' lang='grc' dir='ltr'><strong>Τοῦ</strong></span> <span class='ocrx_word' id='word_1_480' title='bbox 2203 3265 2374 3336; x_wconf 80' lang='grc' dir='ltr'>ἁγίου</span> <span class='ocrx_word' id='word_1_481' title='bbox 2394 3266 2699 3337; x_wconf 72' lang='grc' dir='ltr'>Κυρίλλου</span> <span class='ocrx_word' id='word_1_482' title='bbox 2726 3263 3196 3337; x_wconf 73' lang='grc' dir='ltr'>Ἀλεξανδρείας,</span> <span class='ocrx_word' id='word_1_483' title='bbox 3228 3265 3295 3320; x_wconf 75' lang='grc' dir='ltr'>ἐκ</span> <span class='ocrx_word' id='word_1_484' title='bbox 3316 3266 3435 3337; x_wconf 10' lang='grc' dir='ltr'>,τοῦ</span> <span class='ocrx_word' id='word_1_485' title='bbox 3464 3282 3663 3337; x_wconf 63' lang='grc' dir='ltr'>προσ.</span> 
     </span>
    </p>
   </div>
   <div class='ocr_carea' id='block_1_78' title="bbox 2169 3335 3546 3408">
    <p class='ocr_par' dir='ltr' id='par_1_78' title="bbox 2169 3335 3546 3408">
     <span class='ocr_line' id='line_1_78' title="bbox 2169 3335 3546 3408; baseline 0.003 -18"><span class='ocrx_word' id='word_1_486' title='bbox 2169 3335 2510 3408; x_wconf 73' lang='grc' dir='ltr'>φωνητικοῦ</span> <span class='ocrx_word' id='word_1_487' title='bbox 2549 3335 2701 3403; x_wconf 80' lang='grc' dir='ltr'>πρὸς</span> <span class='ocrx_word' id='word_1_488' title='bbox 2753 3337 2859 3389; x_wconf 85' lang='grc' dir='ltr'><strong>τὸν</strong></span> <span class='ocrx_word' id='word_1_489' title='bbox 2887 3335 3154 3400; x_wconf 74' lang='grc' dir='ltr'>,ϐασιλέα</span> <span class='ocrx_word' id='word_1_490' title='bbox 3187 3335 3546 3394; x_wconf 58' lang='grc' dir='ltr'>Θεοδόσιωὲ.</span> 
     </span>
    </p>
   </div>
   <div class='ocr_carea' id='block_1_79' title="bbox 2143 3448 3664 3521">
    <p class='ocr_par' dir='ltr' id='par_1_79' title="bbox 2143 3448 3664 3521">
     <span class='ocr_line' id='line_1_79' title="bbox 2143 3448 3664 3521; baseline 0.001 -18"><span class='ocrx_word' id='word_1_491' title='bbox 2143 3471 2159 3502; x_wconf 83' lang='grc' dir='ltr'><strong>ι</strong></span> <span class='ocrx_word' id='word_1_492' title='bbox 2201 3450 2267 3503; x_wconf 79' lang='lat' dir='ltr'><strong>Ai</strong></span> <span class='ocrx_word' id='word_1_493' title='bbox 2316 3448 2374 3502; x_wconf 79' lang='grc' dir='ltr'>δὲ</span> <span class='ocrx_word' id='word_1_494' title='bbox 2417 3449 2656 3514; x_wconf 88' lang='grc' dir='ltr'>εἰκόνες,</span> <span class='ocrx_word' id='word_1_495' title='bbox 2702 3449 2894 3521; x_wconf 83' lang='grc' dir='ltr'>ὥσπερ</span> <span class='ocrx_word' id='word_1_496' title='bbox 2941 3449 3037 3502; x_wconf 71' lang='grc' dir='ltr'>καὶ</span> <span class='ocrx_word' id='word_1_497' title='bbox 3082 3449 3152 3502; x_wconf 83' lang='grc' dir='ltr'>τὰ</span> <span class='ocrx_word' id='word_1_498' title='bbox 3197 3449 3536 3521; x_wconf 74' lang='grc' dir='ltr'>ἀρχέτυπα*</span> <span class='ocrx_word' id='word_1_499' title='bbox 3576 3451 3664 3505; x_wconf 75' lang='grc' dir='ltr'><strong>δεῖ</strong></span> 
     </span>
    </p>
   </div>
   <div class='ocr_carea' id='block_1_80' title="bbox 2067 3540 3332 3613">
    <p class='ocr_par' dir='ltr' id='par_1_80' title="bbox 2067 3540 3332 3613">
     <span class='ocr_line' id='line_1_80' title="bbox 2067 3540 3332 3613; baseline -0.002 -17"><span class='ocrx_word' id='word_1_500' title='bbox 2067 3541 2176 3613; x_wconf 82' lang='grc' dir='ltr'><strong>γὰρ</strong></span> <span class='ocrx_word' id='word_1_501' title='bbox 2203 3540 2377 3606; x_wconf 76' lang='grc' dir='ltr'>οὕτως</span> <span class='ocrx_word' id='word_1_502' title='bbox 2402 3540 2591 3607; x_wconf 85' lang='grc' dir='ltr'>αύτάς,</span> <span class='ocrx_word' id='word_1_503' title='bbox 2622 3541 2715 3594; x_wconf 76' lang='grc' dir='ltr'>καὶ</span> <span class='ocrx_word' id='word_1_504' title='bbox 2743 3541 2842 3612; x_wconf 91' lang='grc' dir='ltr'><strong>ούχ</strong></span> <span class='ocrx_word' id='word_1_505' title='bbox 2877 3541 3078 3612; x_wconf 79' lang='grc' dir='ltr'>ἑτέρως</span> <span class='ocrx_word' id='word_1_506' title='bbox 3105 3540 3270 3611; x_wconf 76' lang='grc' dir='ltr'>ἔχειν.</span> <span class='ocrx_word' id='word_1_507' title='bbox 3311 3560 3332 3593; x_wconf 84' lang='grc' dir='ltr'><strong>ι</strong></span> 
     </span>
    </p>
   </div>
   <div class='ocr_carea' id='block_1_81' title="bbox 2345 3715 3374 3785">
    <p class='ocr_par' dir='ltr' id='par_1_81' title="bbox 2345 3715 3374 3785">
     <span class='ocr_line' id='line_1_81' title="bbox 2345 3715 3374 3785; baseline -0.004 -12"><span class='ocrx_word' id='word_1_508' title='bbox 2345 3717 2458 3773; x_wconf 86' lang='grc' dir='ltr'>Τοῦ</span> <span class='ocrx_word' id='word_1_509' title='bbox 2495 3716 2704 3782; x_wconf 79' lang='grc' dir='ltr'>αὐτοῦ,</span> <span class='ocrx_word' id='word_1_510' title='bbox 2744 3718 2814 3771; x_wconf 80' lang='grc' dir='ltr'>ἐκ</span> <span class='ocrx_word' id='word_1_511' title='bbox 2854 3717 2975 3771; x_wconf 78' lang='grc' dir='ltr'><strong>τῶν</strong></span> <span class='ocrx_word' id='word_1_512' title='bbox 3016 3715 3374 3785; x_wconf 78' lang='grc' dir='ltr'>Θησαυρῶν.</span> 
     </span>
    </p>
   </div>
   <div class='ocr_carea' id='block_1_82' title="bbox 2145 3809 3659 3881">
    <p class='ocr_par' dir='ltr' id='par_1_82' title="bbox 2145 3809 3659 3881">
     <span class='ocr_line' id='line_1_82' title="bbox 2145 3809 3659 3881; baseline 0 -19"><span class='ocrx_word' id='word_1_513' title='bbox 2145 3829 2163 3862; x_wconf 81' lang='grc' dir='ltr'><strong>ι</strong></span> <span class='ocrx_word' id='word_1_514' title='bbox 2205 3810 2271 3863; x_wconf 79' lang='grc' dir='ltr'>Αἰ</span> <span class='ocrx_word' id='word_1_515' title='bbox 2303 3809 2412 3881; x_wconf 85' lang='grc' dir='ltr'>γὰρ</span> <span class='ocrx_word' id='word_1_516' title='bbox 2440 3809 2648 3872; x_wconf 87' lang='grc' dir='ltr'>εἰκόνες</span> <span class='ocrx_word' id='word_1_517' title='bbox 2679 3810 2766 3864; x_wconf 73' lang='grc' dir='ltr'>ἀεὶ</span> <span class='ocrx_word' id='word_1_518' title='bbox 2799 3809 2937 3880; x_wconf 86' lang='grc' dir='ltr'>πρὸς</span> <span class='ocrx_word' id='word_1_519' title='bbox 2975 3810 3046 3863; x_wconf 80' lang='grc' dir='ltr'><strong>τὰ</strong></span> <span class='ocrx_word' id='word_1_520' title='bbox 3082 3809 3380 3880; x_wconf 75' lang='grc' dir='ltr'>ἀρχέτυπα</span> <span class='ocrx_word' id='word_1_521' title='bbox 3402 3809 3513 3881; x_wconf 79' lang='grc' dir='ltr'>τὴν</span> <span class='ocrx_word' id='word_1_522' title='bbox 3553 3809 3659 3881; x_wconf 81' lang='grc' dir='ltr'>έμ-</span> 
     </span>
    </p>
   </div>
   <div class='ocr_carea' id='block_1_83' title="bbox 2069 3885 2622 3973">
    <p class='ocr_par' dir='ltr' id='par_1_83' title="bbox 2069 3885 2622 3973">
     <span class='ocr_line' id='line_1_83' title="bbox 2069 3885 2622 3973; baseline -0.002 -18"><span class='ocrx_word' id='word_1_523' title='bbox 2069 3885 2563 3973; x_wconf 59' lang='grc' dir='ltr'>φέρειανἝχουσιν.</span> <span class='ocrx_word' id='word_1_524' title='bbox 2604 3919 2622 3954; x_wconf 77' lang='grc' dir='ltr'><strong>ι</strong></span> 
     </span>
    </p>
   </div>
   <div class='ocr_carea' id='block_1_84' title="bbox 2077 4011 3660 4082">
    <p class='ocr_par' dir='ltr' id='par_1_84' title="bbox 2077 4011 3660 4082">
     <span class='ocr_line' id='line_1_84' title="bbox 2077 4011 3660 4082; baseline 0 -14"><span class='ocrx_word' id='word_1_525' title='bbox 2077 4014 2188 4068; x_wconf 88' lang='grc' dir='ltr'>Τοῦ</span> <span class='ocrx_word' id='word_1_526' title='bbox 2239 4013 2458 4076; x_wconf 85' lang='grc' dir='ltr'>αὐτοῦ,</span> <span class='ocrx_word' id='word_1_527' title='bbox 2497 4012 2569 4067; x_wconf 80' lang='grc' dir='ltr'>ἐκ</span> <span class='ocrx_word' id='word_1_528' title='bbox 2607 4013 2713 4066; x_wconf 87' lang='grc' dir='ltr'><strong>τοῦ</strong></span> <span class='ocrx_word' id='word_1_529' title='bbox 2769 4011 3114 4082; x_wconf 79' lang='grc' dir='ltr'>πονήματος</span> <span class='ocrx_word' id='word_1_530' title='bbox 3140 4011 3246 4066; x_wconf 82' lang='grc' dir='ltr'><strong>τοῦ</strong></span> <span class='ocrx_word' id='word_1_531' title='bbox 3269 4051 3284 4076; x_wconf 86' lang='grc'><strong>,</strong></span> <span class='ocrx_word' id='word_1_532' title='bbox 3334 4031 3354 4063; x_wconf 77' lang='grc' dir='ltr'><strong>ι</strong></span> <span class='ocrx_word' id='word_1_533' title='bbox 3395 4012 3522 4066; x_wconf 76' lang='grc' dir='ltr'>’Ότι</span> <span class='ocrx_word' id='word_1_534' title='bbox 3560 4014 3660 4067; x_wconf 72' lang='grc' dir='ltr'>διὰ</span> 
     </span>
    </p>
   </div>
   <div class='ocr_carea' id='block_1_85' title="bbox 2140 4082 3662 4152">
    <p class='ocr_par' dir='ltr' id='par_1_85' title="bbox 2140 4082 3662 4152">
     <span class='ocr_line' id='line_1_85' title="bbox 2140 4082 3662 4152; baseline 0 -16"><span class='ocrx_word' id='word_1_535' title='bbox 2140 4083 2348 4150; x_wconf 78' lang='grc' dir='ltr'>πάσης</span> <span class='ocrx_word' id='word_1_536' title='bbox 2380 4082 2491 4149; x_wconf 84' lang='grc' dir='ltr'><strong>τῆς</strong></span> <span class='ocrx_word' id='word_1_537' title='bbox 2533 4083 2829 4149; x_wconf 81' lang='grc' dir='ltr'>Μωῦσέως</span> <span class='ocrx_word' id='word_1_538' title='bbox 2869 4082 3104 4152; x_wconf 73' lang='grc' dir='ltr'>γραφῆς</span> <span class='ocrx_word' id='word_1_539' title='bbox 3143 4083 3208 4152; x_wconf 80' lang='grc' dir='ltr'>τὸ</span> <span class='ocrx_word' id='word_1_540' title='bbox 3245 4082 3355 4136; x_wconf 80' lang='grc' dir='ltr'><strong>τοῦ</strong></span> <span class='ocrx_word' id='word_1_541' title='bbox 3389 4083 3662 4150; x_wconf 76' lang='grc' dir='ltr'>Χριστοῦ</span> 
     </span>
    </p>
   </div>
   <div class='ocr_carea' id='block_1_86' title="bbox 2137 4151 3660 4224">
    <p class='ocr_par' dir='ltr' id='par_1_86' title="bbox 2137 4151 3660 4224">
     <span class='ocr_line' id='line_1_86' title="bbox 2137 4151 3660 4224; baseline -0.001 -16"><span class='ocrx_word' id='word_1_542' title='bbox 2137 4153 2479 4224; x_wconf 59' lang='grc' dir='ltr'>μυστήριογ</span> <span class='ocrx_word' id='word_1_543' title='bbox 2522 4151 2972 4224; x_wconf 74' lang='grc' dir='ltr'>ἐνσημαίνεται.</span> <span class='ocrx_word' id='word_1_544' title='bbox 3009 4172 3027 4204; x_wconf 79' lang='grc' dir='ltr'><strong>ι</strong></span> <span class='ocrx_word' id='word_1_545' title='bbox 3061 4151 3204 4220; x_wconf 82' lang='grc' dir='ltr'>Περί</span> <span class='ocrx_word' id='word_1_546' title='bbox 3233 4152 3344 4207; x_wconf 80' lang='grc' dir='ltr'><strong>τοῦ</strong></span> <span class='ocrx_word' id='word_1_547' title='bbox 3392 4153 3660 4223; x_wconf 77' lang='grc' dir='ltr'>Ἀϐραὰμ</span> 
     </span>
    </p>
   </div>
   <div class='ocr_carea' id='block_1_87' title="bbox 2141 4221 3088 4294">
    <p class='ocr_par' dir='ltr' id='par_1_87' title="bbox 2141 4221 3088 4294">
     <span class='ocr_line' id='line_1_87' title="bbox 2141 4221 3088 4294; baseline 0 -18"><span class='ocrx_word' id='word_1_548' title='bbox 2141 4221 2240 4276; x_wconf 68' lang='grc' dir='ltr'>καὶ</span> <span class='ocrx_word' id='word_1_549' title='bbox 2268 4223 2374 4277; x_wconf 86' lang='grc' dir='ltr'><strong>τοῦ</strong></span> <span class='ocrx_word' id='word_1_550' title='bbox 2407 4221 2806 4294; x_wconf 75' lang='grc' dir='ltr'>Μελχισεδὲκ,</span> <span class='ocrx_word' id='word_1_551' title='bbox 2843 4240 2979 4293; x_wconf 66' lang='lat' dir='ltr'><strong>nego.</strong></span> <span class='ocrx_word' id='word_1_552' title='bbox 3013 4229 3088 4288; x_wconf 81' lang='grc' dir='ltr'><strong>ς’.</strong></span> 
     </span>
    </p>
   </div>
   <div class='ocr_carea' id='block_1_88' title="bbox 469 4325 1965 4415">
    <p class='ocr_par' dir='ltr' id='par_1_88' title="bbox 469 4334 1965 4415">
     <span class='ocr_line' id='line_1_88' title="bbox 469 4334 1965 4415; baseline 0.009 -28"><span class='ocrx_word' id='word_1_553' title='bbox 469 4355 487 4387; x_wconf 74' lang='grc' dir='ltr'><strong>ι</strong></span> <span class='ocrx_word' id='word_1_554' title='bbox 521 4334 760 4391; x_wconf 91' lang='lat' dir='ltr'><strong>Omnino</strong></span> <span class='ocrx_word' id='word_1_555' title='bbox 819 4339 1192 4395; x_wconf 88' lang='lat' dir='ltr'><strong>necessarium</strong></span> <span class='ocrx_word' id='word_1_556' title='bbox 1259 4350 1366 4407; x_wconf 87' lang='lat' dir='ltr'><strong>est,</strong></span> <span class='ocrx_word' id='word_1_557' title='bbox 1427 4351 1486 4395; x_wconf 89' lang='lat' dir='ltr'><strong>ut</strong></span> <span class='ocrx_word' id='word_1_558' title='bbox 1533 4357 1599 4397; x_wconf 80' lang='lat' dir='ltr'><strong>ex</strong></span> <span class='ocrx_word' id='word_1_559' title='bbox 1650 4344 1965 4415; x_wconf 83' lang='lat' dir='ltr'><strong>archetypis</strong></span> 
     </span>
    </p>
   </div>
   <div class='ocr_carea' id='block_1_89' title="bbox 2083 4325 3659 4415">
    <p class='ocr_par' dir='ltr' id='par_1_89' title="bbox 2145 4335 3659 4409">
     <span class='ocr_line' id='line_1_89' title="bbox 2145 4335 3659 4409; baseline -0.001 -20"><span class='ocrx_word' id='word_1_560' title='bbox 2145 4356 2163 4388; x_wconf 79' lang='grc' dir='ltr'><strong>ι</strong></span> <span class='ocrx_word' id='word_1_561' title='bbox 2194 4336 2323 4390; x_wconf 89' lang='grc' dir='ltr'>Δεόν</span> <span class='ocrx_word' id='word_1_562' title='bbox 2356 4353 2447 4407; x_wconf 86' lang='grc' dir='ltr'><strong>μοι</strong></span> <span class='ocrx_word' id='word_1_563' title='bbox 2479 4337 2578 4400; x_wconf 85' lang='grc' dir='ltr'><strong>τάς</strong></span> <span class='ocrx_word' id='word_1_564' title='bbox 2606 4336 2824 4400; x_wconf 83' lang='grc' dir='ltr'>εἰκόνας</span> <span class='ocrx_word' id='word_1_565' title='bbox 2859 4336 3170 4408; x_wconf 85' lang='grc' dir='ltr'>γράφεσθαι</span> <span class='ocrx_word' id='word_1_566' title='bbox 3213 4335 3350 4406; x_wconf 77' lang='grc' dir='ltr'>πρὸς</span> <span class='ocrx_word' id='word_1_567' title='bbox 3375 4335 3446 4390; x_wconf 86' lang='grc' dir='ltr'><strong>τά</strong></span> <span class='ocrx_word' id='word_1_568' title='bbox 3485 4335 3659 4409; x_wconf 78' lang='grc' dir='ltr'>ἀρχέ-</span> 
     </span>
    </p>
   </div>
   <div class='ocr_carea' id='block_1_90' title="bbox 395 4429 1076 4502">
    <p class='ocr_par' dir='ltr' id='par_1_90' title="bbox 395 4429 1076 4502">
     <span class='ocr_line' id='line_1_90' title="bbox 395 4429 1076 4502; baseline 0.004 -23"><span class='ocrx_word' id='word_1_569' title='bbox 395 4429 693 4498; x_wconf 80' lang='lat' dir='ltr'><strong>pingantur</strong></span> <span class='ocrx_word' id='word_1_570' title='bbox 730 4429 1023 4502; x_wconf 83' lang='lat' dir='ltr'><strong>imagines.</strong></span> <span class='ocrx_word' id='word_1_571' title='bbox 1057 4450 1076 4482; x_wconf 76' lang='grc' dir='ltr'><strong>ι</strong></span> 
     </span>
    </p>
   </div>
   <div class='ocr_carea' id='block_1_91' title="bbox 394 4541 1971 4612">
    <p class='ocr_par' dir='ltr' id='par_1_91' title="bbox 394 4541 1971 4612">
     <span class='ocr_line' id='line_1_91' title="bbox 394 4541 1971 4612; baseline 0.002 -16"><span class='ocrx_word' id='word_1_572' title='bbox 394 4542 582 4596; x_wconf 83' lang='lat' dir='ltr'><strong>Sancti</strong></span> <span class='ocrx_word' id='word_1_573' title='bbox 632 4541 872 4612; x_wconf 81' lang='lat' dir='ltr'><strong>Gregorii</strong></span> <span class='ocrx_word' id='word_1_574' title='bbox 923 4543 1283 4606; x_wconf 77' lang='lat' dir='ltr'><strong>Nazianzeni,</strong></span> <span class='ocrx_word' id='word_1_575' title='bbox 1328 4559 1393 4597; x_wconf 75' lang='lat' dir='ltr'><strong>ea:</strong></span> <span class='ocrx_word' id='word_1_576' title='bbox 1446 4545 1686 4600; x_wconf 87' lang='lat' dir='ltr'><strong>oratione</strong></span> <span class='ocrx_word' id='word_1_577' title='bbox 1737 4546 1971 4600; x_wconf 83' lang='lat' dir='ltr'><strong>secunda</strong></span> 
     </span>
    </p>
   </div>
   <div class='ocr_carea' id='block_1_92' title="bbox 1039 4613 1298 4667">
    <p class='ocr_par' dir='ltr' id='par_1_92' title="bbox 1039 4613 1298 4667">
     <span class='ocr_line' id='line_1_92' title="bbox 1039 4613 1298 4667; baseline 0.008 -2"><span class='ocrx_word' id='word_1_578' title='bbox 1039 4615 1103 4667; x_wconf 86' lang='lat' dir='ltr'><strong>de</strong></span> <span class='ocrx_word' id='word_1_579' title='bbox 1136 4613 1298 4667; x_wconf 75' lang='lat' dir='ltr'><strong>Filio.</strong></span> 
     </span>
    </p>
   </div>
   <div class='ocr_carea' id='block_1_93' title="bbox 469 4700 1970 4775">
    <p class='ocr_par' dir='ltr' id='par_1_93' title="bbox 469 4700 1970 4775">
     <span class='ocr_line' id='line_1_93' title="bbox 469 4700 1970 4775; baseline 0.01 -24"><span class='ocrx_word' id='word_1_580' title='bbox 469 4721 485 4751; x_wconf 81' lang='grc' dir='ltr'><strong>ι</strong></span> <span class='ocrx_word' id='word_1_581' title='bbox 518 4700 593 4756; x_wconf 88' lang='lat' dir='ltr'><strong>Ea</strong></span> <span class='ocrx_word' id='word_1_582' title='bbox 650 4703 851 4773; x_wconf 83' lang='lat' dir='ltr'><strong>quippe</strong></span> <span class='ocrx_word' id='word_1_583' title='bbox 897 4712 981 4758; x_wconf 93' lang='lat' dir='ltr'><strong>cst</strong></span> <span class='ocrx_word' id='word_1_584' title='bbox 1038 4705 1300 4775; x_wconf 79' lang='lat' dir='ltr'><strong>imaginis</strong></span> <span class='ocrx_word' id='word_1_585' title='bbox 1349 4716 1572 4775; x_wconf 90' lang='lat' dir='ltr'><strong>natura,</strong></span> <span class='ocrx_word' id='word_1_586' title='bbox 1615 4718 1676 4764; x_wconf 91' lang='lat' dir='ltr'><strong>ut</strong></span> <span class='ocrx_word' id='word_1_587' title='bbox 1721 4709 1970 4766; x_wconf 84' lang='lat' dir='ltr'><strong>imitetur</strong></span> 
     </span>
    </p>
   </div>
   <div class='ocr_carea' id='block_1_94' title="bbox 393 4793 1370 4866">
    <p class='ocr_par' dir='ltr' id='par_1_94' title="bbox 393 4793 1370 4866">
     <span class='ocr_line' id='line_1_94' title="bbox 393 4793 1370 4866; baseline 0.008 -24"><span class='ocrx_word' id='word_1_588' title='bbox 393 4793 698 4862; x_wconf 69' lang='lat' dir='ltr'><strong>exctnplar,</strong></span> <span class='ocrx_word' id='word_1_589' title='bbox 736 4796 897 4866; x_wconf 89' lang='lat' dir='ltr'><strong>cujus</strong></span> <span class='ocrx_word' id='word_1_590' title='bbox 931 4811 1058 4851; x_wconf 87' lang='lat' dir='ltr'><strong>esse</strong></span> <span class='ocrx_word' id='word_1_591' title='bbox 1087 4795 1313 4852; x_wconf 88' lang='lat' dir='ltr'><strong>dicitur.</strong></span> <span class='ocrx_word' id='word_1_592' title='bbox 1352 4816 1370 4850; x_wconf 78' lang='grc' dir='ltr'><strong>ι</strong></span> 
     </span>
    </p>
   </div>
   <div class='ocr_carea' id='block_1_95' title="bbox 395 4885 1960 4962">
    <p class='ocr_par' dir='ltr' id='par_1_95' title="bbox 395 4885 1960 4962">
     <span class='ocr_line' id='line_1_95' title="bbox 395 4885 1960 4962; baseline 0.007 -25"><span class='ocrx_word' id='word_1_593' title='bbox 395 4885 778 4955; x_wconf 74' lang='lat' dir='ltr'><strong>Chrysostomi,</strong></span> <span class='ocrx_word' id='word_1_594' title='bbox 853 4903 918 4942; x_wconf 84' lang='lat' dir='ltr'><strong>ex</strong></span> <span class='ocrx_word' id='word_1_595' title='bbox 968 4889 1190 4962; x_wconf 70' lang='lat' dir='ltr'><strong>Itgruilia</strong></span> <span class='ocrx_word' id='word_1_596' title='bbox 1243 4891 1398 4944; x_wconf 88' lang='lat' dir='ltr'><strong>tertia</strong></span> <span class='ocrx_word' id='word_1_597' title='bbox 1452 4892 1507 4946; x_wconf 88' lang='lat' dir='ltr'><strong>in</strong></span> <span class='ocrx_word' id='word_1_598' title='bbox 1541 4890 1833 4962; x_wconf 82' lang='lat' dir='ltr'><strong>Epistolam</strong></span> <span class='ocrx_word' id='word_1_599' title='bbox 1890 4895 1960 4950; x_wconf 86' lang='lat' dir='ltr'><strong>ad</strong></span> 
     </span>
    </p>
   </div>
   <div class='ocr_carea' id='block_1_96' title="bbox 989 4959 1342 5014">
    <p class='ocr_par' dir='ltr' id='par_1_96' title="bbox 989 4959 1342 5014">
     <span class='ocr_line' id='line_1_96' title="bbox 989 4959 1342 5014; baseline 0.003 -1"><span class='ocrx_word' id='word_1_600' title='bbox 989 4959 1342 5014; x_wconf 81' lang='lat' dir='ltr'><strong>Colossenses.</strong></span> 
     </span>
    </p>
   </div>
   <div class='ocr_carea' id='block_1_97' title="bbox 470 5049 1962 5124">
    <p class='ocr_par' dir='ltr' id='par_1_97' title="bbox 470 5049 1962 5124">
     <span class='ocr_line' id='line_1_97' title="bbox 470 5049 1962 5124; baseline 0.009 -25"><span class='ocrx_word' id='word_1_601' title='bbox 470 5066 487 5099; x_wconf 78' lang='grc' dir='ltr'><strong>ι</strong></span> <span class='ocrx_word' id='word_1_602' title='bbox 524 5049 646 5118; x_wconf 87' lang='lat' dir='ltr'><strong>Ipsa</strong></span> <span class='ocrx_word' id='word_1_603' title='bbox 677 5063 899 5119; x_wconf 89' lang='lat' dir='ltr'><strong>quoque</strong></span> <span class='ocrx_word' id='word_1_604' title='bbox 949 5050 1250 5107; x_wconf 83' lang='lat' dir='ltr'><strong>invisibilis</strong></span> <span class='ocrx_word' id='word_1_605' title='bbox 1306 5052 1382 5107; x_wconf 88' lang='lat' dir='ltr'><strong>rei</strong></span> <span class='ocrx_word' id='word_1_606' title='bbox 1418 5054 1618 5124; x_wconf 89' lang='lat' dir='ltr'><strong>imago,</strong></span> <span class='ocrx_word' id='word_1_607' title='bbox 1659 5055 1962 5112; x_wconf 88' lang='lat' dir='ltr'><strong>invisibilis</strong></span> 
     </span>
    </p>
   </div>
   <div class='ocr_carea' id='block_1_98' title="bbox 393 5140 1964 5218">
    <p class='ocr_par' dir='ltr' id='par_1_98' title="bbox 393 5140 1964 5218">
     <span class='ocr_line' id='line_1_98' title="bbox 393 5140 1964 5218; baseline 0.008 -26"><span class='ocrx_word' id='word_1_608' title='bbox 393 5148 517 5193; x_wconf 81' lang='lat' dir='ltr'><strong>est:</strong></span> <span class='ocrx_word' id='word_1_609' title='bbox 579 5140 825 5210; x_wconf 89' lang='lat' dir='ltr'><strong>alioquin</strong></span> <span class='ocrx_word' id='word_1_610' title='bbox 879 5141 1058 5211; x_wconf 84' lang='lat' dir='ltr'><strong>imago</strong></span> <span class='ocrx_word' id='word_1_611' title='bbox 1095 5158 1203 5197; x_wconf 90' lang='lat' dir='ltr'><strong>non</strong></span> <span class='ocrx_word' id='word_1_612' title='bbox 1267 5154 1437 5201; x_wconf 87' lang='lat' dir='ltr'><strong>esset.</strong></span> <span class='ocrx_word' id='word_1_613' title='bbox 1487 5146 1782 5218; x_wconf 84' lang='lat' dir='ltr'><strong>Imaginem</strong></span> <span class='ocrx_word' id='word_1_614' title='bbox 1817 5149 1964 5204; x_wconf 89' lang='lat' dir='ltr'><strong>enim</strong></span> 
     </span>
    </p>
   </div>
   <div class='ocr_carea' id='block_1_99' title="bbox 394 5229 1966 5305">
    <p class='ocr_par' dir='ltr' id='par_1_99' title="bbox 394 5229 1966 5305">
     <span class='ocr_line' id='line_1_99' title="bbox 394 5229 1966 5305; baseline 0.008 -22"><span class='ocrx_word' id='word_1_615' title='bbox 394 5247 500 5300; x_wconf 87' lang='lat' dir='ltr'><strong>qua</strong></span> <span class='ocrx_word' id='word_1_616' title='bbox 535 5229 716 5302; x_wconf 89' lang='lat' dir='ltr'><strong>imago</strong></span> <span class='ocrx_word' id='word_1_617' title='bbox 745 5240 852 5295; x_wconf 92' lang='lat' dir='ltr'><strong>est,</strong></span> <span class='ocrx_word' id='word_1_618' title='bbox 902 5233 1068 5288; x_wconf 90' lang='lat' dir='ltr'><strong>etiam</strong></span> <span class='ocrx_word' id='word_1_619' title='bbox 1131 5235 1279 5305; x_wconf 87' lang='lat' dir='ltr'><strong>apud</strong></span> <span class='ocrx_word' id='word_1_620' title='bbox 1332 5252 1456 5304; x_wconf 89' lang='lat' dir='ltr'><strong>nos,</strong></span> <span class='ocrx_word' id='word_1_621' title='bbox 1508 5238 1657 5292; x_wconf 90' lang='lat' dir='ltr'><strong>nulla</strong></span> <span class='ocrx_word' id='word_1_622' title='bbox 1698 5239 1966 5297; x_wconf 88' lang='lat' dir='ltr'><strong>varietate</strong></span> 
     </span>
    </p>
   </div>
   <div class='ocr_carea' id='block_1_100' title="bbox 396 5323 1965 5399">
    <p class='ocr_par' dir='ltr' id='par_1_100' title="bbox 396 5323 1965 5399">
     <span class='ocr_line' id='line_1_100' title="bbox 396 5323 1965 5399; baseline 0.008 -24"><span class='ocrx_word' id='word_1_623' title='bbox 396 5323 636 5378; x_wconf 78' lang='lat' dir='ltr'><strong>similem</strong></span> <span class='ocrx_word' id='word_1_624' title='bbox 689 5339 814 5380; x_wconf 89' lang='lat' dir='ltr'><strong>esse</strong></span> <span class='ocrx_word' id='word_1_625' title='bbox 863 5333 1104 5396; x_wconf 90' lang='lat' dir='ltr'><strong>oportet,</strong></span> <span class='ocrx_word' id='word_1_626' title='bbox 1163 5335 1223 5381; x_wconf 85' lang='lat' dir='ltr'><strong>ut</strong></span> <span class='ocrx_word' id='word_1_627' title='bbox 1271 5344 1392 5399; x_wconf 73' lang='lat' dir='ltr'><strong>qua:</strong></span> <span class='ocrx_word' id='word_1_628' title='bbox 1449 5329 1835 5389; x_wconf 89' lang='lat' dir='ltr'><strong>similitudinis</strong></span> <span class='ocrx_word' id='word_1_629' title='bbox 1867 5344 1965 5388; x_wconf 79' lang='lat' dir='ltr'><strong>ex-</strong></span> 
     </span>
    </p>
   </div>
   <div class='ocr_carea' id='block_1_101' title="bbox 397 5414 942 5485">
    <p class='ocr_par' dir='ltr' id='par_1_101' title="bbox 397 5414 942 5485">
     <span class='ocr_line' id='line_1_101' title="bbox 397 5414 942 5485; baseline 0.009 -21"><span class='ocrx_word' id='word_1_630' title='bbox 397 5429 585 5483; x_wconf 86' lang='lat' dir='ltr'><strong>pressa</strong></span> <span class='ocrx_word' id='word_1_631' title='bbox 618 5414 786 5485; x_wconf 80' lang='lat' dir='ltr'><strong>ﬁgura</strong></span> <span class='ocrx_word' id='word_1_632' title='bbox 804 5415 895 5472; x_wconf 88' lang='lat' dir='ltr'><strong>sit.</strong></span> <span class='ocrx_word' id='word_1_633' title='bbox 924 5436 942 5469; x_wconf 82' lang='grc' dir='ltr'><strong>ι</strong></span> 
     </span>
    </p>
   </div>
   <div class='ocr_carea' id='block_1_102' title="bbox 470 5590 1424 5664">
    <p class='ocr_par' dir='ltr' id='par_1_102' title="bbox 470 5590 1424 5664">
     <span class='ocr_line' id='line_1_102' title="bbox 470 5590 1424 5664; baseline 0.006 -21"><span class='ocrx_word' id='word_1_634' title='bbox 470 5590 514 5623; x_wconf 67' lang='grc'><strong>⁸⁸</strong></span> <span class='ocrx_word' id='word_1_635' title='bbox 549 5593 681 5649; x_wconf 75' lang='lat' dir='ltr'><strong>Gen.</strong></span> <span class='ocrx_word' id='word_1_636' title='bbox 711 5597 989 5664; x_wconf 72' lang='lat' dir='ltr'><strong>1Lv1u,15</strong></span> <span class='ocrx_word' id='word_1_637' title='bbox 1021 5617 1031 5651; x_wconf 87' lang='grc'><strong>;</strong></span> <span class='ocrx_word' id='word_1_638' title='bbox 1063 5595 1228 5653; x_wconf 81' lang='lat' dir='ltr'><strong>Hebr.</strong></span> <span class='ocrx_word' id='word_1_639' title='bbox 1259 5612 1333 5664; x_wconf 75' lang='lat' dir='ltr'><strong>XI,</strong></span> <span class='ocrx_word' id='word_1_640' title='bbox 1361 5594 1424 5650; x_wconf 76' lang='lat'><strong>‘21</strong></span> 
     </span>
    </p>
   </div>
   <div class='ocr_carea' id='block_1_103' title="bbox 2067 4446 2288 4484">
    <p class='ocr_par' dir='ltr' id='par_1_103' title="bbox 2067 4446 2288 4484">
     <span class='ocr_line' id='line_1_103' title="bbox 2067 4446 2288 4484; baseline -0.009 -3"><span class='ocrx_word' id='word_1_641' title='bbox 2067 4446 2232 4484; x_wconf 87' lang='grc' dir='ltr'>τυπα.</span> <span class='ocrx_word' id='word_1_642' title='bbox 2270 4446 2288 4479; x_wconf 74' lang='grc' dir='ltr'><strong>ι</strong></span> 
     </span>
    </p>
   </div>
   <div class='ocr_carea' id='block_1_104' title="bbox 2143 4542 3583 4614">
    <p class='ocr_par' dir='ltr' id='par_1_104' title="bbox 2143 4542 3583 4614">
     <span class='ocr_line' id='line_1_104' title="bbox 2143 4542 3583 4614; baseline -0.002 -15"><span class='ocrx_word' id='word_1_643' title='bbox 2143 4543 2254 4599; x_wconf 86' lang='grc' dir='ltr'>Τοῦ</span> <span class='ocrx_word' id='word_1_644' title='bbox 2282 4542 2458 4613; x_wconf 73' lang='grc' dir='ltr'>ἁγίου</span> <span class='ocrx_word' id='word_1_645' title='bbox 2479 4543 2812 4612; x_wconf 78' lang='grc' dir='ltr'>Γρηγορίου</span> <span class='ocrx_word' id='word_1_646' title='bbox 2839 4542 3183 4609; x_wconf 67' lang='grc' dir='ltr'>Ναζὶανζοῦ,</span> <span class='ocrx_word' id='word_1_647' title='bbox 3209 4543 3278 4596; x_wconf 74' lang='grc' dir='ltr'>ἐκ</span> <span class='ocrx_word' id='word_1_648' title='bbox 3301 4543 3412 4597; x_wconf 87' lang='grc' dir='ltr'><strong>τοῦ</strong></span> <span class='ocrx_word' id='word_1_649' title='bbox 3440 4543 3583 4614; x_wconf 69' lang='grc' dir='ltr'>περι</span> 
     </span>
    </p>
   </div>
   <div class='ocr_carea' id='block_1_105' title="bbox 2633 4614 3086 4683">
    <p class='ocr_par' dir='ltr' id='par_1_105' title="bbox 2633 4614 3086 4683">
     <span class='ocr_line' id='line_1_105' title="bbox 2633 4614 3086 4683; baseline 0 -16"><span class='ocrx_word' id='word_1_650' title='bbox 2633 4614 2769 4668; x_wconf 86' lang='grc' dir='ltr'>Υἰοῦ</span> <span class='ocrx_word' id='word_1_651' title='bbox 2793 4615 2980 4683; x_wconf 71' lang='grc' dir='ltr'>,λόγου</span> <span class='ocrx_word' id='word_1_652' title='bbox 3002 4616 3086 4678; x_wconf 76' lang='grc' dir='ltr'><strong>β’.</strong></span> 
     </span>
    </p>
   </div>
   <div class='ocr_carea' id='block_1_106' title="bbox 2147 4703 3655 4778">
    <p class='ocr_par' dir='ltr' id='par_1_106' title="bbox 2147 4703 3655 4778">
     <span class='ocr_line' id='line_1_106' title="bbox 2147 4703 3655 4778; baseline -0.001 -16"><span class='ocrx_word' id='word_1_653' title='bbox 2147 4727 2164 4761; x_wconf 83' lang='grc' dir='ltr'><strong>ι</strong></span> <span class='ocrx_word' id='word_1_654' title='bbox 2204 4707 2356 4778; x_wconf 78' lang='grc' dir='ltr'>Αὕτη</span> <span class='ocrx_word' id='word_1_655' title='bbox 2391 4707 2501 4777; x_wconf 88' lang='grc' dir='ltr'><strong>γὰρ</strong></span> <span class='ocrx_word' id='word_1_656' title='bbox 2529 4706 2736 4769; x_wconf 88' lang='grc' dir='ltr'>εἰκόνος</span> <span class='ocrx_word' id='word_1_657' title='bbox 2774 4707 2959 4774; x_wconf 80' lang='grc' dir='ltr'>φύσις.</span> <span class='ocrx_word' id='word_1_658' title='bbox 2993 4707 3221 4778; x_wconf 78' lang='grc' dir='ltr'>μίμημα</span> <span class='ocrx_word' id='word_1_659' title='bbox 3245 4703 3389 4760; x_wconf 81' lang='grc' dir='ltr'>εἶναι</span> <span class='ocrx_word' id='word_1_660' title='bbox 3419 4704 3523 4760; x_wconf 81' lang='grc' dir='ltr'><strong>τοῦ</strong></span> <span class='ocrx_word' id='word_1_661' title='bbox 3551 4707 3655 4776; x_wconf 83' lang='grc' dir='ltr'>ἀρ-</span> 
     </span>
    </p>
   </div>
   <div class='ocr_carea' id='block_1_107' title="bbox 2070 4794 2883 4873">
    <p class='ocr_par' dir='ltr' id='par_1_107' title="bbox 2070 4794 2883 4873">
     <span class='ocr_line' id='line_1_107' title="bbox 2070 4794 2883 4873; baseline -0.002 -17"><span class='ocrx_word' id='word_1_662' title='bbox 2070 4802 2334 4873; x_wconf 88' lang='grc' dir='ltr'>χετύπου,</span> <span class='ocrx_word' id='word_1_663' title='bbox 2375 4801 2470 4853; x_wconf 74' lang='grc' dir='ltr'>καὶ</span> <span class='ocrx_word' id='word_1_664' title='bbox 2497 4794 2560 4855; x_wconf 74' lang='grc' dir='ltr'>οὗ</span> <span class='ocrx_word' id='word_1_665' title='bbox 2584 4799 2824 4868; x_wconf 88' lang='grc' dir='ltr'>λέγεται.</span> <span class='ocrx_word' id='word_1_666' title='bbox 2863 4819 2883 4854; x_wconf 81' lang='grc' dir='ltr'><strong>ι</strong></span> 
     </span>
    </p>
   </div>
   <div class='ocr_carea' id='block_1_108' title="bbox 2148 4891 3588 5016">
    <p class='ocr_par' dir='ltr' id='par_1_108' title="bbox 2148 4891 3588 5016">
     <span class='ocr_line' id='line_1_108' title="bbox 2148 4891 3588 5016; baseline -0.004 -65"><span class='ocrx_word' id='word_1_667' title='bbox 2148 4895 2258 4951; x_wconf 81' lang='grc' dir='ltr'><strong>Τοῦ</strong></span> <span class='ocrx_word' id='word_1_668' title='bbox 2283 4893 2740 5016; x_wconf 52' lang='grc' dir='ltr'>Χρυσοστόμὲἒ),</span> <span class='ocrx_word' id='word_1_669' title='bbox 2776 4895 2843 4948; x_wconf 83' lang='grc' dir='ltr'>ἐκ</span> <span class='ocrx_word' id='word_1_670' title='bbox 2876 4894 2984 4980; x_wconf 69' lang='grc' dir='ltr'><strong>τοῦ</strong></span> <span class='ocrx_word' id='word_1_671' title='bbox 3018 4891 3170 4961; x_wconf 79' lang='grc' dir='ltr'>πρὸς</span> <span class='ocrx_word' id='word_1_672' title='bbox 3200 4892 3588 4959; x_wconf 66' lang='grc' dir='ltr'>Κολοσσαῖς</span> 
     </span>
     <span class='ocr_line' id='line_1_109' title="bbox 2717 4981 3083 5016; baseline 0 0"><span class='ocrx_word' id='word_1_673' title='bbox 2717 4981 2823 5016; x_wconf 69' lang='grc' dir='ltr'><strong>του</strong></span> <span class='ocrx_word' id='word_1_674' title='bbox 2859 4981 3083 5016; x_wconf 82' lang='grc' dir='ltr'>τοιτου.</span> 
     </span>
    </p>
   </div>
   <div class='ocr_carea' id='block_1_109' title="bbox 2717 4981 3083 5033">
    <p class='ocr_par' dir='ltr' id='par_1_109' title="bbox 2717 4981 3083 5033">
     <span class='ocr_line' id='line_1_110' title="bbox 2717 4981 3083 5033; baseline 0.005 -17"><span class='ocrx_word' id='word_1_675' title='bbox 2717 4981 2823 5033; x_wconf 84' lang='grc' dir='ltr'><strong>γου</strong></span> <span class='ocrx_word' id='word_1_676' title='bbox 2859 4981 2947 5031; x_wconf 82' lang='grc' dir='ltr'><strong>τρι</strong></span> <span class='ocrx_word' id='word_1_677' title='bbox 2957 4981 3083 5018; x_wconf 87' lang='grc' dir='ltr'>του.</span> 
     </span>
    </p>
   </div>
   <div class='ocr_carea' id='block_1_110' title="bbox 2147 5053 3656 5126">
    <p class='ocr_par' dir='ltr' id='par_1_110' title="bbox 2147 5053 3656 5126">
     <span class='ocr_line' id='line_1_111' title="bbox 2147 5053 3656 5126; baseline -0.005 -16"><span class='ocrx_word' id='word_1_678' title='bbox 2147 5074 2166 5110; x_wconf 81' lang='lat' dir='ltr'><strong>t</strong></span> <span class='ocrx_word' id='word_1_679' title='bbox 2213 5057 2278 5110; x_wconf 85' lang='grc' dir='ltr'><strong>Ἦ</strong></span> <span class='ocrx_word' id='word_1_680' title='bbox 2306 5056 2406 5126; x_wconf 16' lang='grc' dir='ltr'>τοῦ,</span> <span class='ocrx_word' id='word_1_681' title='bbox 2439 5057 2675 5126; x_wconf 83' lang='grc' dir='ltr'>ἀοράτου</span> <span class='ocrx_word' id='word_1_682' title='bbox 2703 5054 2891 5118; x_wconf 87' lang='grc' dir='ltr'>εἰκὼν,</span> <span class='ocrx_word' id='word_1_683' title='bbox 2935 5053 3031 5106; x_wconf 75' lang='grc' dir='ltr'><strong>καὶ</strong></span> <span class='ocrx_word' id='word_1_684' title='bbox 3065 5053 3206 5123; x_wconf 74' lang='grc' dir='ltr'>αὕτη</span> <span class='ocrx_word' id='word_1_685' title='bbox 3239 5053 3496 5125; x_wconf 86' lang='grc' dir='ltr'>ἀόρατος,</span> <span class='ocrx_word' id='word_1_686' title='bbox 3532 5053 3656 5104; x_wconf 72' lang='grc' dir='ltr'>ἐπεὶ</span> 
     </span>
    </p>
   </div>
   <div class='ocr_carea' id='block_1_111' title="bbox 2071 5145 3658 5219">
    <p class='ocr_par' dir='ltr' id='par_1_111' title="bbox 2071 5145 3658 5219">
     <span class='ocr_line' id='line_1_112' title="bbox 2071 5145 3658 5219; baseline -0.006 -13"><span class='ocrx_word' id='word_1_687' title='bbox 2071 5151 2182 5207; x_wconf 82' lang='grc' dir='ltr'>οὐδ’</span> <span class='ocrx_word' id='word_1_688' title='bbox 2233 5151 2299 5205; x_wconf 84' lang='grc' dir='ltr'>ἂν</span> <span class='ocrx_word' id='word_1_689' title='bbox 2352 5149 2515 5204; x_wconf 88' lang='grc' dir='ltr'>εἰκὼν</span> <span class='ocrx_word' id='word_1_690' title='bbox 2545 5151 2653 5218; x_wconf 80' lang='grc' dir='ltr'>εἰη.</span> <span class='ocrx_word' id='word_1_691' title='bbox 2698 5148 2810 5218; x_wconf 85' lang='grc' dir='ltr'><strong>Τὴν</strong></span> <span class='ocrx_word' id='word_1_692' title='bbox 2845 5147 2956 5219; x_wconf 74' lang='grc' dir='ltr'>γὰρ</span> <span class='ocrx_word' id='word_1_693' title='bbox 2990 5147 3220 5210; x_wconf 87' lang='grc' dir='ltr'>εἰκόνα,</span> <span class='ocrx_word' id='word_1_694' title='bbox 3265 5145 3453 5210; x_wconf 84' lang='grc' dir='ltr'>καθώς</span> <span class='ocrx_word' id='word_1_695' title='bbox 3503 5147 3658 5200; x_wconf 75' lang='grc' dir='ltr'>ἐστιν</span> 
     </span>
    </p>
   </div>
   <div class='ocr_carea' id='block_1_112' title="bbox 2073 5233 3658 5316">
    <p class='ocr_par' dir='ltr' id='par_1_112' title="bbox 2073 5233 3658 5316">
     <span class='ocr_line' id='line_1_113' title="bbox 2073 5233 3658 5316; baseline -0.003 -18"><span class='ocrx_word' id='word_1_696' title='bbox 2073 5245 2255 5308; x_wconf 85' lang='grc' dir='ltr'>εἰκὼν,</span> <span class='ocrx_word' id='word_1_697' title='bbox 2289 5245 2383 5298; x_wconf 77' lang='grc' dir='ltr'><strong>καὶ</strong></span> <span class='ocrx_word' id='word_1_698' title='bbox 2411 5245 2540 5316; x_wconf 80' lang='grc' dir='ltr'>παρ’</span> <span class='ocrx_word' id='word_1_699' title='bbox 2573 5244 2705 5313; x_wconf 87' lang='grc' dir='ltr'>ἡμῖν</span> <span class='ocrx_word' id='word_1_700' title='bbox 2741 5242 3175 5312; x_wconf 84' lang='grc' dir='ltr'>ἀπαράλλακτον</span> <span class='ocrx_word' id='word_1_701' title='bbox 3219 5241 3303 5295; x_wconf 85' lang='grc' dir='ltr'>δεῖ</span> <span class='ocrx_word' id='word_1_702' title='bbox 3327 5235 3506 5305; x_wconf 79' lang='grc' dir='ltr'>εἶναι,</span> <span class='ocrx_word' id='word_1_703' title='bbox 3540 5233 3658 5294; x_wconf 75' lang='grc' dir='ltr'>οἷον</span> 
     </span>
    </p>
   </div>
   <div class='ocr_carea' id='block_1_113' title="bbox 2073 5333 3072 5408">
    <p class='ocr_par' dir='ltr' id='par_1_113' title="bbox 2073 5333 3072 5408">
     <span class='ocr_line' id='line_1_114' title="bbox 2073 5333 3072 5408; baseline -0.003 -18"><span class='ocrx_word' id='word_1_704' title='bbox 2073 5336 2164 5391; x_wconf 75' lang='grc' dir='ltr'><strong>τὸν</strong></span> <span class='ocrx_word' id='word_1_705' title='bbox 2195 5337 2520 5408; x_wconf 80' lang='grc' dir='ltr'>χαρακτῆρα</span> <span class='ocrx_word' id='word_1_706' title='bbox 2547 5335 2646 5405; x_wconf 85' lang='grc' dir='ltr'><strong>τῆς</strong></span> <span class='ocrx_word' id='word_1_707' title='bbox 2685 5333 3019 5404; x_wconf 82' lang='grc' dir='ltr'>ὁμοιώσεως.</span> <span class='ocrx_word' id='word_1_708' title='bbox 3055 5353 3072 5386; x_wconf 78' lang='grc' dir='ltr'><strong>ι</strong></span> 
     </span>
    </p>
   </div>
  </div>
