3928 6196
301 301 440 366 1369

1383 305 1482 364 DE
1523 304 1988 366 IMAGINIBUS
2024 304 2308 366 ORATIO
2335 305 2450 367 III.

3417 310 3553 372 13ἷο

304 416 419 474 Τοῦ
451 412 661 476 αὐτοῦ,
690 413 773 488 ἐπ⁸
786 412 897 488 τῆς
927 415 1015 480 εἰς
1043 413 1158 488 τὴν
1179 414 1328 482 πρὸς
1361 415 1674 488 Ἐϐραίους
1710 416 1869 470 Ἐπι-

1996 417 2256 487 Ejusdem,
2279 432 2344 471 ea:
2373 416 2718 472 enarratione
2755 419 2810 472 in
2857 413 3155 486 Epistolam
3181 418 3251 473 ad
3276 417 3550 488 Hebraeos,

594 482 831 550 στολὴν
866 483 1204 553 ἑρμηνείας,
1240 485 1454 553 κεφάλ.
1488 485 1575 545 ιζ’.

376 593 394 626 ι
436 575 650 643 Ὠσπερ
700 573 793 626 ἐπὶ
847 573 955 628 τῶν
1014 575 1238 629 εἰκόνων
1291 575 1460 628 τύπον
1492 574 1602 646 ἔχει
1650 574 1742 627 τοῦ
1782 575 1876 628 ἀν-

302 665 524 738 θρώπου
552 667 585 733 ἡ
618 665 816 731 εἰκὼν,
873 666 994 737 οὐχὶ
1028 667 1127 738 τὴν
1157 667 1312 736 ἰσχύν
1337 685 1350 699 ο
1396 667 1540 721 ὥστε
1576 666 1638 719 τὸ
1675 667 1876 736 ἀληθὲς

307 759 396 811 καὶ
443 759 472 810 6
503 755 672 821 τύπος
731 758 1082 814 κοινωνοῦσιν
1129 757 1422 828 ἀλλήλοις·
1471 760 1500 811 ὁ
1554 756 1662 828 γὰρ
1706 757 1876 822 τύπος

307 850 438 912 ἴσος.
471 867 491 899 ι

298 1028 748 1102 Εὐσεϐίου-τοῦ
800 1031 1147 1098 Παμφίλου,
1198 1032 1268 1102 ἐκ
1304 1031 1416 1102 τῆς
1459 1032 1732 1102 πέμπτης
1776 1035 1876 1099 ,βί-

371 1100 521 1152 ϐλου
555 1098 673 1152 τῶν
697 1100 768 1152 ἐν
800 1102 1184 1167 Εὑαγγελίοις
1222 1098 1620 1167 ἀποδείξεων,
1662 1098 1748 1168 εἰς
1781 1098 1872 1164 τὸ,

370 1171 634 1306 ὦ
668 1171 700 1222 d
743 1168 887 1236 Θεὸς
925 1168 1006 1234 τῷ
1056 1170 1302 1240 Ἀϐραὰμ
1331 1174 1492 1240 παρὰ
1529 1171 1605 1240 τῇ
1638 1172 1776 1241 δρυῒ
1802 1172 1875 1244 τῇ

633 1277 646 1291 ο
686 1257 705 1290 ι

379 1349 400 1384 ι
438 1331 603 1385 Ὅθεν
633 1331 803 1385 εἰσέτι
845 1332 941 1384 καὶ
987 1330 1082 1385 νῦν
1114 1330 1267 1402 παρὰ
1307 1333 1424 1394 τοῖς
1454 1333 1873 1405 πλησιοχώροις,

303 1424 379 1487 ὼς
401 1423 636 1486 ἂνιθεῖος
656 1423 842 1487 τόπος,
862 1424 940 1485 εἰς
970 1422 1136 1494 τιμὴν
1166 1422 1273 1476 τῶν
1302 1423 1590 1494 αὐτόθιτῷ
1629 1424 1876 1496 Ἀϐραὰμ

304 1514 687 1584 ἐπιφανέντων
727 1513 1139 1585 θρησκεύεται,
1190 1513 1286 1566 καὶ
1331 1515 1620 1586 θεωρεῖται
1677 1533 1739 1583 γε
1795 1517 1876 1578 εἰς

299 1604 465 1676 δεῦρο
509 1605 840 1674 διαμένουσα
878 1606 912 1676 ἡ
951 1604 1288 1676 τερέϐινθος,
1327 1606 1466 1658 οἵτε
1498 1605 1576 1676 τῷ
1622 1605 1877 1677 Ἀϐραὰμ

302 1693 726 1758 ἐπιξενωθέντες
774 1693 870 1748 ἐπὶ
918 1695 1140 1764 γραφῆς
1197 1695 1591 1765 ἀνακείμενοι,
1638 1693 1732 1747 δύο
1777 1694 1876 1763 μὲν

2635 503 2753 556 cap.
2783 503 2916 542 xvii.

2053 597 2072 629 ι
2106 577 2584 646 Quemadmodum
2641 580 2698 635 in
2751 578 3114 649 imaginibus,
3161 579 3342 651 imago
3372 580 3556 637 homi-

1975 671 2064 726 nis
2113 670 2344 742 ﬁguram
2396 674 2564 731 refert
2629 673 2802 736 illius,
2869 671 3027 739 cujus
3091 682 3178 727 est
3208 672 3408 744 imago,
3442 689 3550 729 non

1977 766 2108 821 item
2143 767 2405 822 virtutem
2439 785 2451 821 :
2520 775 2688 836 atque
2739 765 2878 821 adeo
2912 765 3117 818 veritas
3142 775 3198 818 et
3225 764 3397 834 ﬁgura
3431 782 3554 823 mu-

1978 865 2128 911 tuam
2161 858 2307 913 inter
2351 873 2414 914 se
2463 857 2790 914 societatem
2846 856 3068 912 habent.
3108 853 3311 926 Figura
3355 856 3554 927 quippe

1976 949 2172 1006 similis
2195 958 2297 1007 est.
2335 968 2356 1003 ι

1978 1035 2191 1092 Eusebii
2222 1038 2508 1106 Pamphili,
2549 1054 2616 1092 ex
2645 1037 2777 1091 libro
2797 1054 2830 1089 v
2865 1036 3190 1108 Evangelicre
3220 1036 3552 1108 demonstra-

2047 1109 2228 1170 tionis,
2257 1109 2310 1161 in
2345 1108 2453 1162 [uec
2485 1108 2690 1178 verba
2736 1127 2754 1155 ι
2788 1106 3045 1176 Apparuit
3086 1107 3228 1162 Deus
3283 1106 3556 1162 Abraham

2046 1178 2188 1246 apud
2221 1194 2468 1248 quercum
2495 1176 2737 1232 Mambre
2760 1179 2827 1232 ".
2861 1198 2880 1230 ι

2052 1355 2071 1389 ι
2109 1335 2265 1392 Unde
2315 1334 2470 1391 locus
2521 1323 2647 1400 ist'e,
2711 1349 2810 1390 ceu
2865 1334 3106 1398 divinus,
3169 1333 3236 1388 ad
3293 1334 3559 1389 honorem

1975 1443 2168 1484 eorum
2206 1428 2300 1498 qui
2353 1427 2670 1500 Abrahamo
2715 1426 2830 1480 illic
2873 1432 3264 1494 apparuerunt,
3305 1440 3336 1479 a
3364 1426 3562 1480 vicinis

1977 1518 2196 1589 populis
2242 1517 2515 1587 hodieque
2546 1516 2766 1571 colitur.
2800 1514 2958 1570 Nunc
2998 1515 3164 1570 etiam
3212 1515 3561 1570 terebinthus

1976 1608 2071 1662 illa
2093 1615 2372 1677 superstes
2411 1606 2632 1669 visitur,
2663 1607 2869 1676 quique
2916 1605 2986 1659 ab
3021 1605 3296 1659 Abraham
3325 1605 3563 1675 hospitio

1977 1699 2191 1767 excepti
2223 1705 2373 1762 sunt,
2403 1697 2486 1752 sic
2528 1695 2746 1767 pictura
2797 1703 3288 1766 repraesentantur,
3353 1705 3413 1750 ut
3452 1695 3562 1751 duo

300 1785 665 1856 ἑκατέρωθεν,
695 1785 861 1856 μέσος
878 1785 934 1838 δὲ
962 1762 1303 1856 κρείττων,
1326 1762 1607 1856 ὑπερέχων
1628 1788 1693 1856 τῇ
1718 1762 1874 1856 τιμῇ.

1996 1789 2204 1860 quidem
2227 1789 2357 1843 hinc
2387 1788 2513 1843 inde
2543 1794 2869 1852 cernantur,
2904 1786 3149 1840 medium
3185 1801 3319 1841 vero
3353 1786 3560 1851 locum,

300 1876 403 1945 Εἴη
453 1873 499 1927 δ’
551 1873 618 1928 ἂν
663 1875 693 1927 6
741 1873 1116 1945 δεδηλωμένος
1173 1876 1309 1945 ἡμῖν
1357 1873 1564 1946 Κύριος
1623 1874 1786 1937 αὐτὸς
1849 1875 1878 1927 6

297 1967 574 2037 ἡμέτερος
617 1966 840 2038 Σωτὴρ,
883 1965 940 2019 ὃν
983 1967 1081 2021 καὶ
1127 1969 1175 2020 οἱ
1210 1967 1455 2035 ἀγνῶτες
1507 1966 1765 2030 σέϐουσι,
1801 1965 1871 2019 τὰ

302 2060 426 2112 θεῖα
480 2059 635 2127 λόγια
695 2057 1076 2128 πιστούμενοι.
1133 2054 1304 2120 Οὗτος
1355 2057 1420 2128 δὴ
1471 2053 1564 2111 οὖν
1617 2057 1778 2121 αὐτὸς
1816 2057 1876 2125 ἐξ

299 2150 518 2204 ἐκείνου
552 2149 622 2204 τὰ
652 2149 753 2220 τῆς
777 2150 1064 2214 εὐσεϐείας
1106 2151 1399 2219 σπέρματα
1443 2151 1522 2212 εἰς
1552 2148 1876 2221 ἀνθρώπους

301 2240 817 2311 καταϐαλλόμενος,
861 2240 1204 2313 ἀνθρώπειον
1255 2241 1460 2305 ὑποδὺς
1504 2237 1644 2304 εἶδός
1681 2257 1743 2293 τε
1781 2240 1880 2294 καὶ

303 2334 517 2403 σχῆμα,
548 2333 626 2403 τῷ
655 2333 898 2402 θεοφιλεῖ
925 2332 1238 2402 προπάτορι
1283 2331 1556 2402 Ἀϐραὰμ,
1593 2333 1740 2394 ὅστις
1772 2330 1880 2402 εῐη,

301 2423 496 2476 ἑαυτὸν
531 2423 784 2494 ἐξέφηνε,
824 2421 920 2478 καὶ
948 2424 1050 2494 τὴν
1093 2423 1187 2478 τοῦ
1218 2423 1434 2493 Πατρὸς
1471 2419 1620 2488 αὐτῷ
1659 2420 1885 2491 παρεδί-

300 2514 399 2568 δου
433 2514 654 2584 γνῶσιν.
687 2533 708 2567 ι

291 2679 420 2750 ’τίκ
450 2693 559 2767 τῆς
585 2698 1022 2766 χρονοτραςρίας
1054 2697 1326 2752 Ἰωάννου
1348 2696 1460 2767 (29)
1498 2693 1876 2767 Ἀντιοχείας,

377 2766 483 2837 {of}
511 2764 916 2837 κᾶῖΜαλιῄλά,
960 2768 1092 2836 περὶ
1144 2769 1254 2835 τῆς
1284 2764 1738 2837 αἱριορῤοούσης,
1773 2764 1872 2817 xal

373 2831 450 2906 ἧς
472 2837 720 2903 ἐποίησε
751 2834 830 2900 τῷ
862 2831 1087 2905 Σωτῆρι
1115 2831 1356 2904 Χριστῷ
1372 2831 1628 2904 σὶῆλης.

384 2945 404 2979 ι
440 2927 575 2979 Ἀπὸ
597 2927 720 2979 τότε
750 2928 844 2979 καὶ
873 2929 900 2980 ὁ
935 2927 1246 2998 Βαπτιστὴς
1285 2930 1538 3001 Ἰωάννης
1568 2933 1726 3003 δῆλος
1752 2934 1876 3003 ἐγέ-

302 3036 430 3075 νετο
453 3021 569 3082 τοῖς
607 3017 939 3090 ἀνθρώποις,
969 3019 1066 3073 καὶ
1095 3019 1372 3090 ἀπέτεμεν
1407 3023 1570 3078 αὐτὸν
1623 3026 1872 3098 Ἡρώδης

377 3131 425 3164 δ’
455 3129 590 3186 Gen.
620 3145 778 3196 ινιιι,
799 3130 850 3185 1.

1983 1882 2079 1952 qui
2130 1878 2485 1951 praestantior
2525 1887 2632 1941 est,
2693 1885 2902 1934 teneat.
2954 1875 3055 1933 Hic
3100 1892 3271 1947 porro
3321 1876 3394 1933 sit
3443 1877 3564 1947 ipse

1983 1970 2254 2025 Dominus
2291 1968 2549 2023 Salvator
2582 1974 2800 2033 noster,
2856 1967 2950 2037 qui
2981 1982 3105 2022 sese
3137 1967 3300 2023 nobis
3328 1965 3562 2026 manife-

1983 2071 2127 2119 stum
2176 2061 2435 2124 faciebat,
2485 2075 2764 2130 quemque
2805 2058 2942 2114 dum
2987 2058 3310 2129 ignorantes
3351 2058 3562 2120 colunt,

1980 2153 2298 2209 divinorum
2330 2151 2677 2220 eloquiorum
2705 2149 2870 2205 tidem
2899 2150 3125 2203 firmant-
3152 2147 3288 2219 (28).
3320 2146 3443 2218 Ipse
3471 2144 3566 2216 igi-

1984 2257 2075 2301 tur
2105 2244 2351 2316 profecto
2409 2242 2600 2305 fuerit,
2631 2242 2722 2312 qui
2764 2241 2835 2296 ab
2878 2257 2946 2296 eo
2990 2250 3240 2310 tempore
3278 2238 3566 2308 religionis

1983 2335 2194 2393 semina
2251 2333 2396 2388 inter
2453 2330 2706 2387 homines
2761 2332 2927 2402 368
2980 2331 3226 2397 jaciens,
3266 2331 3563 2384 humanam

1982 2425 2218 2496 speciem
2272 2433 2327 2479 et
2387 2422 2622 2478 formam
2681 2423 2932 2484 subiens,
2990 2422 3263 2490 seipsum,
3305 2421 3564 2490 quisnam

1982 2515 2127 2571 foret
2174 2514 2437 2585 religioso
2485 2513 2698 2582 parenti
2742 2513 3058 2567 Ahrahamo
3085 2512 3386 2568 videndum
3423 2527 3567 2583 pra:-

1983 2608 2127 2672 buit,
2155 2606 2449 2674 eidemque
2474 2605 2656 2660 Patris
2693 2605 2947 2660 notitiam
2987 2603 3162 2658 dedit.
3196 2622 3216 2656 ι

1985 2699 2069 2753 Ea:
2108 2697 2547 2768 Chronograpltia
2577 2697 2806 2768 Joannis
2854 2695 3185 2768 Antiocheni,
3233 2696 3326 2763 qui
3367 2693 3566 2768 εἱμα-

2055 2770 2164 2824 (ala
2198 2764 2369 2822 dictus
2423 2764 2527 2828 est,
2563 2767 2626 2819 de
2652 2767 2872 2819 muliere
2895 2765 3353 2828 limmorrhoussa;
3403 2764 3567 2834 deque

2052 2848 2234 2894 statua
2267 2854 2428 2908 quam
2463 2835 2675 2891 Christo
2704 2834 2976 2889 Saluatori
3005 2835 3192 2888 erexit.

2058 2949 2076 2982 ι
2116 2930 2193 2984 Ex
2225 2930 2332 2984 hoc
2359 2943 2579 2999 quoque
2628 2936 2876 2997 tempore
2913 2926 3157 2982 Joannes
3207 2925 3452 2998 Baptista
3479 2927 3568 2982 in-

1984 3031 2068 3078 tcr
2107 3021 2364 3104 homines
2395 3021 2658 3086 innotuit,
2690 3019 2850 3089 cujus
2881 3027 3052 3090 caput
3086 3018 3331 3077 Herodes
3384 3029 3568 3091 lOpar-

1817 3199 2028 3257 NOTAE
2051 3224 2059 3231 υ

379 3296 495 3368 (28)
525 3295 745 3370 Zintts:
781 3295 1090 3370 quidivinis
1117 3295 1354 3370 oraculis
1386 3297 1626 3352 credunt.
1674 3295 1876 3370 Verum
1906 3303 1949 3361 c
1983 3297 2104 3370 l_u_m_
2121 3297 2415 3370 scripsisse
2446 3306 2676 3370 pugnat,
2705 3313 2772 3370 eo
2795 3298 2943 3369 quod
2966 3297 3348 3370 Combelisius,
3375 3308 3565 3370 annot.

306 3365 410 3439 pro
439 3365 606 3439 certo_
633 3365 806 3439 habeo
829 3408 843 3431 ,
877 3367 978 3439 hos
1008 3381 1186 3436 neque
1219 3365 1435 3439 Iudaeos
1464 3408 1478 3430 ,
1513 3382 1691 3438 neque
1720 3366 1881 3439 Chri-

307 3436 532 3494 stianos
585 3436 756 3491 fuisse
819 3437 913 3491 sed
944 3450 1187 3506 paganos
1219 3446 1311 3489 aut
1336 3436 1623 3504 Idumaeos,
1654 3438 1746 3506 qui
1779 3446 1888 3491 tra-

308 3509 574 3562 ditionem
593 3508 872 3577 antiquam
895 3507 1174 3562 tenuerint
1198 3508 1376 3575 potius
1400 3523 1562 3577 quam
1589 3506 1888 3577 Scriptura:

310 3578 474 3633 dictis
492 3576 841 3632 crediderint.

384 3647 494 3718 (29)
541 3645 780 3718 ’Exjrﬁc
808 3645 1249 3718 χρονογραφιας
1299 3645 1593 3718 Ὶωᾴννου.
1623 3645 1754 3713 Quae
1795 3646 1888 3701 hic

315 3715 614 3772 narrantur
645 3716 713 3770 de
745 3723 928 3770 statua
974 3715 1354 3776 Paneadensi,
1401 3715 1643 3770 incertus
1693 3725 1888 3769 auctor

313 3786 808 3842 Demonstrationis
864 3784 1355 3855 chronographica:
1407 3786 1693 3855 originum
1754 3784 1886 3848 CP.,

311 3873 476 3926 quem
503 3855 867 3926 conibelisius
895 3854 1265 3926 in‘Manipulo
1294 3854 1762 3926 edidit,_’accepta
1800 3869 1890 3926 re-

312 3923 423 3981 fert
468 3927 536 3981 ab
565 3925 802 3981 Eusebio
846 3933 900 3980 et
947 3923 1198 3992 Joanne,
1248 3939 1408 3995 quem
1459 3923 1551 3976 τὸν
1601 3923 1890 3995 Διίακρινόο

316 4013 500 4066 μενον,
529 3995 877 4050 Ηιεείιαηιεηι
906 4003 1212 4066 nuncupat,
1246 4001 1343 4050 Seu
1371 3993 1438 4066 de
1470 4001 1618 4066 secta
1640 3993 1892 4066 Acepha-

314 4062 496 4120 lorum
519 4083 535 4134 ;
563 4081 722 4136 quem
757 4065 991 4120 subinde
1017 4062 1331 4136 prodidisse
1353 4062 1893 4136 ait,llaemorrhon~s-

320 4152 440 4190 sam
491 4133 638 4189 illam
674 4133 1034 4189 nominatam
1065 4135 1239 4191 fuisse
1281 4134 1585 4188 Berenicem
1611 4172 1627 4198 ,
1669 4133 1763 4187 καὶ
1797 4133 1893 4200 τῆς

322 4206 643 4276 Βερονίκης,
681 4205 756 4267 ὡς
783 4205 1270 4276 όᾉΔιακρινόμενος
1312 4203 1579 4276 μέμνηται
1611 4203 1894 4256 καλεῖσθαι

330 4274 432 4344 τὴν
449 4276 776 4346 Δὶμὸῥρουν.
797 4274 971 4340 Unde,
992 4277 1073 4329 vel
1096 4274 1358 4346 Joannem
1383 4275 1738 4346 Haesitantem
1764 4287 1895 4328 con-

328 4347 530 4400 similia
569 4344 862 4413 scripsisse
896 4354 1146 4414 oportet,
1190 4345 1276 4400 vel
1319 4358 1658 4414 anonymum
1727 4344 1894 4414 istum

323 4416 397 4468 ab
421 4432 486 4469 co
519 4431 626 4470 non
667 4413 999 4469 discrevis’se
1025 4413 1292 4468 Joannem
1315 4413 1589 4478 Malalam,
1624 4413 1897 4478 sequioris

316 4488 500 4540 artatis
533 4485 879 4554 scriptorem.
911 4483 1046 4537 Nam
1084 4485 1396 4538 llmsitantis
1431 4482 1681 4554 historia,
1701 4482 1895 4554 Photio

319 4566 498 4621 teste,
545 4552 670 4610 cod:
719 4555 811 4615 41.
870 4555 1165 4622 incipiebat
1208 4555 1276 4606 ab
1317 4554 1545 4621 imperio
1595 4552 1892 4607 Theodosii

321 4626 584 4689 senioris,
630 4641 731 4681 nec
766 4626 908 4678 ultra
949 4623 1152 4678 Justini
1190 4625 1209 4676 l
1249 4631 1497 4692 tempora
1525 4624 1887 4692 excurrebat:

323 4697 471 4750 unde
515 4697 730 4750 videtur
763 4696 903 4750 alius
936 4710 1040 4748 non
1094 4695 1266 4748 fuisse
1314 4707 1343 4745 a
1390 4691 1604 4746 Joanne
1649 4691 1892 4748 Rhetore

322 4782 486 4836 quem
520 4768 691 4820 citant
722 4766 983 4836 Evagrius
1007 4775 1061 4820 et
1100 4765 1210 4836 alii.
1263 4763 1468 4836 Malala:
1495 4778 1622 4836 vero
1661 4764 1892 4836 historia

323 4831 397 4889 ab
424 4837 581 4890 initio
608 4835 794 4889 rutundi
822 4831 998 4904 usque
1030 4836 1098 4888 ad
1129 4835 1334 4888 obitum
1377 4831 1672 4886 Justiniani
1713 4833 1895 4887 senio-

327 4908 407 4962 ris
439 4906 880 4974 protemlehatur.
916 4907 1058 4970 Quin
1091 4904 1261 4959 multa
1304 4903 1507 4974 passim
1554 4905 1621 4956 ab
1655 4904 1898 4957 auctori-

327 4973 824 5046 lms’allegantur,
878 4985 1138 5046 tanquam
1193 4974 1257 5027 ab
1309 4973 1605 5046 Haesit-ante
1650 4982 1895 5046 accepta,

328 5062 452 5116 qua:
485 5041 679 5100 Malala
713 5061 821 5116 non
849 5041 1035 5100 habet.
1062 5045 1338 5111 Quantum
1369 5043 1546 5112 capio,
1581 5057 1701 5110 quae
1727 5041 1896 5116 Joan-

331 5112 432 5172 nes
462 5116 654 5170 Malala
685 5117 753 5171 dc
794 5114 1052 5170 Berenice
1083 5121 1312 5176 narrat,
1344 5128 1406 5166 ea
1436 5116 1646 5180 accepit
1675 5128 1739 5165 ex
1775 5112 1902 5167 Cle—

331 5194 513 5241 mente
554 5187 991 5254 historiographo
1027 5201 1188 5255 quem
1223 5184 1383 5253 paulo
1415 5192 1542 5255 post
1584 5181 1785 5255 laudat.
1827 5183 1901 5237 De

334 5258 440 5310 hoc
479 5256 763 5310 Clemente
795 5256 995 5310 Snidas
1032 5253 1147 5308 liuet:
1181 5256 1342 5306 habet
1379 5271 1396 5323 7:
1437 5253 1667 5323 Κλήμης
1699 5253 1895 5323 ἱστοριτ

335 5327 428 5390 κὸς
451 5370 464 5393 ,
517 5327 696 5396 inquit
722 5369 736 5393 ,
779 5325 983 5395 ἔγραψε
1013 5327 1135 5387 τοὺς
1180 5322 1465 5396 Ῥωμαίων
1497 5320 1735 5396 βασιλεῖς
1765 5320 1903 5396 ,καὶ

336 5391 788 5469 αὐτοκρατορίας,
817 5391 910 5469 καὶ
933 5391 1099 5469 πρὸς⁸
1123 5391 1443 5469 Ἱερώνυμον
1473 5393 1599 5462 περὶ
1625 5393 1736 5469 τών
1773 5393 1902 5469 ’lco-

337 5461 617 5536 κρατικῶν
646 5461 952 5536 ’σχημάτων
971 5461 1282 5536 ,ξκαὶὼᾶλλα
1308 5477 1322 5536 ξ
1349 5461 1589 5536 Clemens
1617 5463 1896 5536 historicus

337 5532 549 5606 scripsit
582 5537 646 5591 de
675 5532 1076 5606 imperatoribus
1102 5533 1349 5606 Romanis
1376 5542 1425 5586 et
1456 5532 1712 5606 imperiis,
1749 5535 1898 5606 item-

340 5601 540 5675 que'ad
575 5601 956 5675 Hieronymum
985 5605 1048 5657 de
1077 5605 1262 5673 figuris
1293 5601 1600 5656 Isocraticis
1626 5644 1639 5666 ,
1676 5612 1723 5656 et
1763 5602 1894 5655 alia.

343 5673 707 5737 beatissimus
731 5673 878 5747 llody
898 5676 1230 5733 Clementem
1260 5680 1383 5744 post
1404 5676 1697 5743 septimum
1728 5689 1898 5728 δίρρυ-

1990 3366 2058 3439 70
2092 3367 2144 3420 ἱη
2182 3366 2548 3439 Anonymi—inf
2573 3385 2693 3423 mox
2728 3366 3034 3433 laudatum,
3071 3367 3256 3439 inille
3287 3369 3407 3423 loco
3439 3369 3567 3424 Ori-

1995 3437 2181 3504 ginum
2213 3435 2321 3492 CP.
2349 3435 2444 3492 ubi
2476 3439 2680 3493 dicitur
2708 3439 2962 3494 Clemens
3021 3438 3317 3493 tradidisse
3358 3449 3569 3493 statuas

1989 3507 2406 3576 Κωνσταντίνου
2443 3509 2558 3561 υἱοῦ
2611 3509 3032 3571 Κωνσταντίου,
3081 3508 3422 3562 Constantini
3467 3508 3572 3576 ﬁlii

1989 3575 2288 3646 Constantii
2301 3579 2464 3646 fuisse
2487 3580 2684 3632 similes
2703 3579 3104 3639 Theodosianis,
3122 3579 3188 3632 de
3210 3575 3572 3633 Constantino

1993 3645 2270 3714 l’ogonato
2303 3645 2630 3702 Constantis
2665 3648 2778 3701 lilio
2838 3662 3151 3700 sermonem
3205 3661 3329 3702 esse
3377 3647 3571 3715 conje-

1989 3719 2145 3768 cerit.
2178 3717 2247 3768 At
2273 3717 2571 3784 proclivius
2606 3716 2798 3769 fuisset
2838 3729 2932 3769 eas
2966 3715 3333 3769 Constantino
3374 3714 3570 3780 Magno

1991 3785 2330 3846 attribuere,
2369 3786 2461 3853 qui
2512 3800 2542 3837 a
2597 3784 2912 3855 Byzantinis
2956 3785 3120 3855 vulgo
3153 3791 3379 3855 vocatur
3409 3785 3563 3836 Κων-

1993 3856 2268 3916 σταντῖνος
2292 3856 2321 3906 6
2348 3855 2441 3907 τοῦ
2471 3853 2875 3917 Κωνσταντίου,
2901 3853 2984 3906 vel
3010 3853 3126 3914 υἱὸς
3155 3854 3248 3906 τοῦ
3278 3853 3570 3904 Κώνσταν-

1991 3922 2130 3988 τίου,
2169 3924 2275 3992 vel,
2307 3933 2368 3977 ut
2411 3923 2689 3988 Codinus,
2731 3939 2851 3992 pag.
2885 3924 2936 3985 7,
2979 3923 3007 3974 6
3054 3921 3150 3992 tot}
3181 3921 3570 3992 Κώνσταντιου

1993 3995 2142 4057 παῖς,
2168 3990 2554 4047 Constantinus
2582 3990 2884 4048 Constantii
2912 3993 3081 4058 ﬁlius,
3110 3990 3296 4045 Chlori
3329 3991 3566 4046 scilicet.

1993 4063 2272 4131 Nusquam
2302 4063 2656 4117 Constantem
2694 4062 2958 4132 Pogonati
2993 4069 3276 4132 parentem
3300 4059 3567 4132 Constan-

1995 4133 2147 4194 tium,
2187 4134 2306 4186 sine
2331 4133 2529 4186 mendo
2559 4134 2764 4187 dictum
2783 4130 3030 4202 reperias
3059 4148 3073 4184 ε
3103 4131 3394 4202 beneAvero
3419 4130 3568 4202 Coin-

1999 4203 2328 4266 stantinum,
2351 4210 2409 4256 ut
2436 4203 2565 4256 alibi
2593 4199 3136 4256 dixiluustmtcrnm
3161 4217 3190 4254 a
3216 4199 3333 4254 viro
3361 4200 3572 4255 doctis-

1999 4272 2140 4342 simo
2185 4272 2640 4342 amicissimeque
2675 4271 2840 4342 R._P.
2887 4271 2950 4324 Ι).
2995 4272 3255 4342 Anselmo
3291 4269 3573 4342 Bandurio

1999 4341 2300 4395 admoneor
2329 4342 2430 4411 legi
2459 4340 2659 4397 debere
2688 4360 2701 4396 :
2729 4340 2967 4396 Clemens
2989 4341 3290 4394 consimiles
3315 4340 3574 4411 uariaque

1997 4411 2182 4474 formae
2225 4410 2551 4482 marmoreas
2580 4421 2790 4466 statuas
2811 4451 2825 4476 ,
2873 4411 3284 4482 Κωνσταντενου
3300 4410 3554 4482 εἷναιφὰ-

1998 4497 2138 4544 σκει,
2185 4480 2303 4534 υἱοῦ
2349 4482 2442 4534 τοῦ
2491 4482 2894 4546 Κωνσταντίου,
2945 4479 3242 4535 Constantii
3303 4479 3568 4532 Constan—

2003 4551 2100 4603 tini
2133 4551 2235 4619 ﬁlii
2274 4567 2386 4605 esse
2415 4554 2514 4606 ait.
2569 4552 2835 4606 Eumdem
2878 4551 3210 4619 Clementem
3243 4548 3435 4619 citavit
3465 4547 3571 4619 He-

1999 4617 2492 4692 sycliiusiqnidam
2523 4623 2578 4680 in
2613 4622 2919 4692 fragmento
2955 4620 3114 4692 quod_
3131 4617 3570 4692 CI._D_ucangius

1994 4686 2182 4746 Graece
2231 4686 2532 4759 Latineque
2581 4686 3044 4759 post'Chronicon
3083 4687 3348 4742 Paschale
3393 4686 3578 4742 dedit.

1993 4761 2048 4813 in
2078 4776 2187 4829 quo
2240 4761 2465 4815 totidem
2521 4761 2633 4815 fere
2684 4763 2868 4816 verbis
2922 4761 3109 4815 eadem
3161 4759 3570 4829 leguntunqua:

1994 4825 2186 4883 Malala
2240 4831 2402 4884 habet
2464 4831 2624 4884 initio
2667 4831 2760 4884 lib.
2810 4847 2842 4884 ι
2889 4829 2966 4884 De
3016 4825 3236 4882 Domini
3273 4825 3572 4880 nativitatis

1995 4910 2171 4955 (etate.
2197 4899 2528 4970 Hesychium
2563 4916 2724 4970 porro
2759 4899 3006 4954 Malalam
3041 4914 3149 4970 non
3182 4896 3572 4970 exscripsisse,

1997 4972 2092 5026 sed
2133 4986 2199 5025 eo
2245 4967 2580 5024 anteriorem
2614 4985 2760 5033 esse,
2805 4971 3004 5025 exinde
3034 4967 3396 5039 collegerim,__
3419 4969 3569 5035 quod

1998 5055 2345 5095 communem
2400 5055 2524 5095 esse
2572 5050 2859 5094 auctorum
2921 5035 3248 5094 sententiam
3317 5035 3571 5101 aliirmet,

1998 5111 2276 5165 Christum
2326 5117 2448 5178 post
2499 5124 2592 5163 sev
2636 5110 2782 5163 mille
2833 5124 3027 5178 annos,
3060 5109 3130 5160 ab
3163 5109 3296 5160 orbe
3343 5104 3571 5178 condito

2001 5191 2188 5234 uatum
2239 5176 2360 5234 esse
2386 5218 2400 5242 ,
2442 5179 2788 5247 paucissimis
2827 5179 2928 5233 hoc
2967 5177 3034 5231 ad
3083 5191 3287 5230 annum
3339 5176 3566 5230 circiter

1999 5250 2140 5305 5500
2197 5246 2670 5318 consignantibns.
2721 5246 2859 5304 Nam
2910 5247 3110 5318 saaculo
3142 5247 3365 5318 Asaltem
3414 5255 3573 5318 sexto

2001 5321 2286 5375 desinente
2317 5313 2687 5388 deincepsque
2715 5317 3025 5373 communis
3053 5317 3106 5370 in
3131 5313 3366 5388 Oriente
3384 5315 3574 5388 opinio

2005 5392 2125 5452 fuit,
2169 5400 2355 5444 natum
2387 5385 2528 5442 esse
2549 5385 2836 5442 Dominum
2881 5401 3025 5441 anno
3058 5385 3250 5440 mundi
3284 5385 3370 5437 vel
3408 5385 3572 5450 5500,

2002 5461 2086 5514 vel
2124 5459 2284 5519 5504,
2319 5459 2398 5512 vel
2431 5458 2591 5521 5508,
2632 5467 2688 5510 ut
2716 5466 2934 5512 constat
2973 5473 3038 5511 ex
3068 5454 3365 5510 Anastasio
3390 5455 3433 5507 ll
3462 5455 3573 5508 An-

2004 5530 2280 5590 tiocheno,
2336 5529 2484 5581 hom.
2535 5528 2565 5579 7
2610 5528 2662 5581 in
2704 5527 3076 5593 llexaem.,ex
3129 5524 3339 5596 synon
3391 5523 3576 5596 quini-

2005 5605 2177 5662 sexta,
2199 5613 2322 5652 can.
2356 5599 2410 5660 5,
2441 5613 2506 5652 ex
2533 5605 2728 5652 sancto
2755 5597 3012 5661 Maximo,
3035 5593 3269 5666 Georgio
3293 5593 3573 5664 Syncello.

2005 5668 2365 5738 Theophane,
2388 5669 2625 5726 Eusebio
2650 5669 2840 5725 nescio
2865 5684 2998 5739 quo,
3015 5667 3174 5739 cujus
3190 5665 3574 5737 fragmentum
