3936 6174
350 237 486 305 1371

1532 232 1592 292 S.
1633 225 1951 293 IOANNIS
1973 223 2401 287 DAMASCENI

3458 217 3616 285 1372

344 354 472 415 οιιιι,
510 348 567 403 in
591 344 742 416 regia
779 341 1196 400 Trachonitidis
1228 340 1492 412 regionis,
1529 339 1584 393 in
1621 339 1760 395 urbe
1793 351 1915 408 qua:

2032 333 2350 405 ίτοπάρχης
2397 332 2478 396 είς
2508 331 2568 386 τὸ
2607 330 2882 402 βασίλειον
2910 332 3013 404 τῆς
3040 331 3452 406 Τραχωνίτιδος
3491 334 3611 408 χῶ-

345 441 582 496 Sebastc
629 437 857 502 dicitur,
895 433 1232 505 amputavit,
1282 439 1480 488 octavo
1538 429 1658 486 Kal.
1695 429 1912 494 lunias,

346 531 549 587 Flacco
581 535 638 586 et
683 527 901 584 Rullan
955 539 1104 584 coss.
1156 523 1216 583 Id
1256 538 1400 595 agre
1451 521 1629 579 ferens
1664 520 1915 577 llerodes

344 639 466 699 rex,
521 620 764 691 Philippi
811 618 982 682 ﬁlius,
1020 630 1052 671 e
1097 612 1286 671 Iudaea
1325 626 1617 684 regressus
1645 617 1752 667 est.
1786 609 1914 664 Sta-

345 707 559 781 timque
583 709 651 763 ad
684 722 813 762 eum
851 704 1087 762 accessit
1117 701 1319 757 mulier
1359 699 1611 772 quadam
1639 699 1916 769 locuples,

345 801 577 857 nomine
623 798 908 862 Berenice,
943 811 1064 868 qum
1116 793 1260 852 idem
1305 793 1565 864 oppidum
1608 790 1917 846 Paneadem

346 890 650 947 incolebat.
689 888 834 954 Haec,
872 887 1137 959 quoniam
1166 901 1194 941 a
1231 884 1363 941 Jesu
1407 891 1600 940 sanata
1637 891 1776 948 erat,
1807 889 1918 938 sta-

346 995 498 1038 tuam
540 981 645 1052 ipsi
685 981 898 1052 erigere
928 978 1180 1050 cupiens,
1211 992 1312 1034 nec
1344 977 1463 1032 sine
1510 974 1656 1046 regis
1685 973 1922 1046 permis-

347 1075 508 1130 sione
545 1072 602 1128 id
645 1086 782 1127 ausa
833 1069 1122 1141 perﬁcere,
1181 1067 1383 1125 Herodi
1445 1068 1560 1139 regi
1614 1065 1918 1137 supplicem

345 1164 552 1220 obtulit
605 1163 872 1227 libellum,
924 1176 1126 1232 rogans
1161 1168 1222 1216 ut
1275 1159 1469 1216 liceret
1524 1158 1630 1214 sibi
1693 1157 1747 1212 in
1783 1156 1920 1214 urbe

348 1271 450 1312 sua
511 1255 738 1310 Christo
793 1253 1066 1308 Salvatori
1116 1259 1367 1306 auratam
1424 1256 1664 1308 statuam
1713 1249 1918 1304 dicare.

346 1348 598 1404 Libellus
639 1360 807 1416 porro
862 1342 1186 1413 hujusmodi
1245 1351 1400 1398 erat:
1463 1359 1482 1392 ι
1513 1339 1764 1410 Augusto
1812 1337 1921 1393 lle-

353 1460 370 1492 ι
423 1438 562 1503 rodi,
587 1435 884 1506 toparchm,
910 1443 967 1490 et
985 1435 1160 1504 legum
1185 1429 1693 1488 datoriJudmorum
1717 1429 1925 1485 Graeco-

353 1550 370 1580 ι
422 1541 674 1597 rumque,
714 1526 826 1596 regi
862 1523 1299 1589 Trachonitidis,
1340 1521 1653 1586 Berenices,
1687 1520 1925 1574 honora-

354 1638 370 1670 ι
423 1618 550 1674 bilis
572 1617 838 1672 Paueadis
870 1615 1087 1678 incolae,
1122 1614 1314 1683 petitio
1331 1613 1559 1682 supplex
1592 1620 1645 1669 et
1667 1611 1921 1666 obsecra-

2021 443 2142 497 ρας,
2171 427 2230 480 ἐν
2257 425 2500 497 Σεϐαστῇ
2530 426 2596 496 τῇ
2623 425 2800 490 πόλει,
2833 425 2943 498 πρὸ
2963 425 3109 480 ὀκτὼ
3134 425 3435 484 Καλανδῶν
3455 429 3607 484 ἰου-

2019 519 2147 573 νίων
2173 558 2190 584 ,
2233 518 2294 571 ἐν
2341 518 2574 600 ὑπατεία
2615 518 2941 583 Φλάκκωνος
2989 517 3088 572 καὶ
3131 517 3442 589 Ῥουφίνου.
3501 519 3610 575 Διά

2016 607 2177 662 τοῦτο
2213 607 2552 680 λυπούμενος
2575 609 2604 662 ὀ
2641 606 2891 682 Ἡρώδης
2919 609 2948 664 ὁ
2987 607 3241 678 βασιλεὺς
3267 610 3296 663 ὁ
3321 609 3609 664 Φιλίππου

2018 699 2253 770 ἀνῆλθεν
2300 699 2410 754 ἀπὸ
2455 699 2556 770 τῆς
2603 699 2869 763 Ἰουδαίας
2893 739 2911 768 ,
2963 697 3060 754 καὶ
3101 699 3411 771 προσῆλθεν
3449 701 3611 772 αὐτῷ

2019 792 2157 863 γυνή
2211 808 2297 855 τις
2352 790 2588 863 εὔπορος
2613 829 2630 860 ,
2687 791 2918 846 οίκοῦσα
2964 791 3065 864 τὴν
3114 791 3287 865 αὐτὴν
3339 792 3611 848 Πανεάδα

2021 883 2196 948 πόλιν,
2231 881 2458 953 ὀνόματι
2489 881 2747 953 Βερνίκη,
2781 878 3109 952 βουλομένη,
3135 880 3211 946 ὡς
3245 881 3464 936 ίαθείσα
3498 882 3613 936 ὑπὸ

2019 971 2112 1026 τοῦ
2155 971 2332 1040 Ἰησοῦ
2355 1010 2372 1037 ,
2403 970 2607 1042 στήλην
2647 969 2799 1040 αὐτῷ
2849 969 3158 1039 ἀναστῆσαι
3182 985 3196 1000 ·
3239 971 3336 1025 καὶ
3367 971 3446 1041 μὴ
3483 972 3614 1025 τολ-

2025 1065 2176 1135 μᾶσα
2231 1064 2353 1135 δίχα
2409 1062 2698 1134 βασιλικῆς
2759 1061 3062 1125 κελεύσεως
3135 1061 3298 1117 τοῦτο
3344 1063 3612 1134 ποιῆσαι,

2029 1157 2215 1228 δέησιν
2277 1153 2479 1209 δέδωκε
2504 1153 2584 1223 τῷ
2613 1151 2825 1222 βασιλεῖ
2861 1150 3098 1223 Ἡρώδῃ,
3136 1152 3364 1208 αἰτοῦσα
3396 1155 3615 1224 στήλην

2024 1246 2232 1318 χρυσῆν
2287 1243 2366 1315 τῷ
2412 1244 2627 1317 Σωτῆρι
2665 1241 2887 1315 Χριστῷ
2956 1243 3018 1297 ἐν
3071 1245 3138 1314 τῇ
3187 1244 3392 1314 ἑαυτῆς
3448 1246 3615 1301 πόλει

2025 1337 2253 1407 στῆσαιο
2316 1337 2438 1408 ἥτις
2497 1334 2680 1406 δέησις
2755 1329 2902 1405 εἶχεν
2969 1333 3145 1398 οὕτως
3188 1349 3202 1363 ⁶
3254 1353 3275 1388 ι
3343 1335 3620 1409 Σεϐαστῷ

2031 1443 2048 1477 ι
2107 1423 2354 1498 Ἡρώδῃ,
2405 1422 2691 1495 τοπάρχῃ,
2743 1421 3052 1494 θεσμοθέτῃ
3101 1423 3380 1479 Ἰουδαίων
3411 1442 3474 1480 τε
3515 1429 3622 1480 καὶ

2033 1536 2049 1567 ι
2109 1515 2397 1587 Ἑλλήνων,
2431 1513 2646 1584 βασιλεῖ
2673 1513 3094 1584 Τραχωνίτιδος,
3123 1515 3312 1586 δέησις
3352 1519 3456 1570 καὶ
3507 1519 3624 1572 ιχε.

2031 1625 2049 1656 ‹
2095 1606 2184 1658 σία
2216 1605 2370 1676 παρά
2407 1604 2676 1675 Βερνίκης
2706 1603 3116 1676 ἀξιωματικῆς,
3147 1607 3359 1673 πόλεως
3390 1609 3623 1666 Πανεά-

356 1729 372 1760 «
423 1714 519 1766 tio.
541 1709 763 1765 Justitia
779 1716 832 1764 et
852 1707 1186 1769 humanitas,
1209 1711 1532 1774 caeterazquc
1551 1702 1784 1758 virtutes
1802 1717 1922 1756 ver—

2036 1718 2052 1750 (
2099 1698 2205 1762 δος.
2242 1672 2570 1768 Δικαιοσύνη
2599 1739 2614 1763 ,
2635 1672 2742 1752 ⁷καὶ
2770 1672 3177 1769 φιλανθρωπία,
3209 1701 3307 1756 καὶ
3337 1672 3410 1755 τὰ
3444 1702 3624 1757 λοιπὰ

354 1821 371 1851 ι
422 1800 586 1855 ticcm
615 1809 862 1855 vestrum
897 1799 1072 1854 instar
1096 1811 1320 1852 corona:
1353 1796 1600 1866 cingunt.
1637 1793 1790 1860 Quod
1822 1807 1922 1863 ego

354 1915 370 1944 c
424 1893 747 1962 neutiquam
777 1892 1058 1963 ignorans,
1083 1892 1226 1946 bona
1256 1906 1352 1960 Spe
1373 1889 1556 1944 omnia
1580 1903 1923 1958 consequen~

355 2005 372 2037 ο
422 1986 476 2041 di
507 1992 796 2054 concepta,
828 1983 927 2038 tibi
973 1983 1213 2038 scribo.»
1252 1981 1384 2048 Quae
1411 1996 1576 2052 porro
1610 1983 1683 2037 sit
1710 1979 1924 2037 exordii

353 2075 518 2144 hujus
571 2075 738 2139 ratio,
768 2073 1044 2130 sermonis
1079 2073 1254 2130 series
1283 2072 1606 2128 declarabit.
1656 2089 1676 2123 ‹
1723 2070 1860 2126 Cum
1894 2084 1926 2124 a

357 2185 374 2218 ι
423 2167 594 2238 prima
614 2174 772 2222 astate
797 2166 1086 2238 sanguinis
1102 2163 1253 2220 ﬁusu
1277 2164 1613 2227 laborarem,
1629 2163 1779 2219 onmi
1803 2163 1927 2218 vitae

356 2277 373 2310 ι
421 2259 728 2314 substantia
760 2257 1232 2327 facultatibusque
1280 2257 1419 2312 meis
1447 2256 1503 2310 in
1536 2255 1783 2312 medicbs
1829 2270 1926 2310 ex-

357 2371 372 2400 ι
425 2352 665 2416 hauStis,
700 2351 967 2406 medelam
1001 2350 1210 2404 nullam
1243 2356 1408 2403 nacta
1429 2363 1576 2404 sum.
1608 2347 1710 2404 Ubi
1742 2355 1924 2403 autem

357 2463 373 2494 ι
421 2443 606 2512 accepi
639 2442 984 2497 admirabilis
1019 2440 1230 2496 Christi
1271 2441 1609 2506 curationes,
1645 2441 1737 2510 qui
1774 2453 1928 2494 mor-

356 2552 374 2585 ‹
423 2543 548 2589 tuos
575 2532 644 2586 ad
677 2533 856 2587 lucem
884 2545 1153 2588 revocans
1191 2531 1512 2594 suscitaret,
1544 2529 1822 2585 daemones
1860 2544 1926 2584 ex

353 2645 372 2677 ς
423 2625 732 2680 mortalium
760 2624 1088 2694 corporibus
1115 2623 1359 2692 ejiceret,
1399 2637 1701 2692 omnesque
1737 2622 1926 2678 confc-

357 2738 372 2768 ι
423 2723 543 2771 ctos
567 2715 775 2770 morbis
827 2714 995 2770 verbo
1051 2721 1306 2780 sanaret,
1353 2711 1422 2767 ad
1476 2727 1600 2768 eum
1656 2712 1806 2767 velut
1858 2710 1924 2765 ad

353 2829 373 2860 ι
425 2799 593 2864 Deum
613 2805 862 2877 confugi.
877 2805 1080 2861 Verum
1100 2802 1453 2858 considerata
1471 2801 1822 2856 multitudine
1837 2816 1929 2856 co-

353 2919 375 2949 c
422 2913 543 2952 rum
568 2898 659 2967 qui
689 2897 841 2950 illum
867 2897 1448 2966 cingerent,metuens
1489 2907 1558 2948 ne
1579 2891 1752 2946 morbi
1776 2906 1932 2961 spur-

2035 1810 2052 1842 ι
2099 1790 2208 1846 τῶν
2241 1791 2456 1862 ἀρετῶν
2507 1789 2904 1862 περιστέφουσι
2953 1791 3052 1861 τὴν
3111 1793 3391 1863 ὑμετέραν
3441 1811 3623 1867 κορυ-

2035 1902 2054 1936 t
2103 1885 2210 1955 φήν
2235 1899 2250 1915 ο
2282 1883 2408 1938 ὅθεν
2438 1882 2596 1951 κάγὼ
2641 1881 2802 1936 τοῦτο
2849 1882 3023 1936 είδυία
3046 1922 3062 1947 ,
3095 1885 3195 1938 σὺν
3224 1885 3467 1954 ἀγαθαῖς
3490 1889 3626 1951 ταῖς

2037 1997 2054 2030 r
2101 1977 2287 2032 ἐλπίσι
2354 1977 2576 2032 πάντων
2614 1978 2918 2048 τευξομένη
2944 2019 2958 2046 ,
3007 1980 3090 2032 σοὶ
3119 1980 3337 2051 γράφω.
3389 2001 3410 2033 ι
3453 1983 3626 2048 "litt:

2030 2071 2064 2140 η
2088 2067 2183 2123 τοῦ
2218 2069 2488 2139 παρόντος
2517 2069 2808 2140 προοιμίου
2843 2069 3071 2140 κρηπὶς,
3110 2070 3320 2142 προϊών
3358 2089 3421 2126 σε
3453 2075 3485 2126 δ
3533 2075 3628 2126 3.6-

2030 2179 2126 2230 γος
2165 2161 2386 2228 διδάξει.
2428 2179 2449 2214 ι
2514 2161 2609 2215 Ἐκ
2653 2162 2861 2218 παιδῶν
2906 2161 3174 2232 ληφθεῖσα
3217 2164 3368 2236 πάθη
3412 2169 3628 2240 αἱμορ-

2037 2272 2056 2306 r
2104 2254 2258 2325 ροίας
2300 2253 2508 2325 ὀχετῶν
2530 2295 2544 2320 ,
2597 2257 2678 2318 εἰς
2711 2256 2932 2326 ἰατροὺς
2976 2257 3308 2312 ἀναλώσασά
3359 2276 3463 2330 μου
3520 2261 3629 2313 τὸν

2037 2365 2056 2400 ι
2105 2347 2218 2418 βίον
2249 2347 2344 2400 καὶ
2369 2346 2460 2400 τὸν
2489 2346 2745 2414 πλοῦτον,
2792 2347 2938 2402 ῐασιν
2969 2347 3070 2417 οὐχ
3099 2342 3260 2419 εὖρον
3283 2364 3300 2380 ·
3333 2350 3629 2418 ἀκηκουῖα

2038 2459 2056 2492 ‹
2101 2440 2158 2495 δὲ
2187 2438 2282 2493 τοῦ
2319 2439 2735 2510 θαυμαζομένου
2775 2439 3015 2511 Χριστοῦ
3049 2441 3120 2494 τὰ
3153 2441 3376 2512 ίάματα,
3410 2442 3494 2507 ὡς
3526 2460 3626 2497 νεα

2040 2549 2056 2580 ι
2103 2529 2270 2602 κροῦς
2296 2529 2627 2600 διανίστησι,
2668 2529 2832 2583 πάλιν
2857 2530 2936 2594 είς
2969 2529 3084 2598 φῶς
3121 2529 3314 2595 ἕλκων,
3347 2534 3454 2587 καὶ
3492 2533 3626 2586 δαί-

2040 2639 2058 2673 ι
2109 2636 2279 2689 μονας
2309 2621 2374 2673 ἐκ
2401 2618 2612 2691 βροτῶν
2642 2619 2988 2686 ἀπελαύνων,
3027 2620 3122 2674 καὶ
3148 2622 3357 2688 πάντας
3385 2625 3526 2687 τοὺς
3565 2627 3628 2677 ἐν

2041 2732 2058 2764 c
2105 2712 2246 2782 νόσῳ
2276 2713 2713 2784 μαραινομένους
2742 2712 2886 2784 λόγῳ
2918 2711 3256 2785 θεραπεύων,
3286 2715 3450 2785 κάγὼ
3479 2717 3627 2787 πρὸς

2041 2820 2059 2852 ι
2107 2801 2270 2862 αὑτὸν
2295 2802 2374 2865 ὡς
2415 2801 2552 2872 πρὸς
2584 2801 2716 2854 Θεὸν
2753 2800 3008 2874 ἔδραμον.
3050 2802 3162 2858 Καὶ
3193 2809 3624 2876 προσεσχηκώ

2042 2913 2060 2945 r
2106 2892 2183 2965 τῷ
2225 2893 2536 2965 περιέχοντι
2580 2893 2744 2947 αὐτὸν
2777 2893 3010 2966 πλήθει,
3040 2895 3364 2950 δειλιάσασα
3413 2895 3493 2969 μὴ
3528 2899 3628 2952 τὸν

355 3010 375 3041 ‹
423 2988 608 3045 citicm
640 2999 952 3052 aversatus,
1004 3001 1131 3057 erga
1173 3001 1258 3040 mc.
1293 2983 1693 3053 indignaretur,
1722 2983 1925 3053 major-

2039 3001 2060 3036 ‹
2107 2984 2172 3038 ἐκ
2197 2986 2289 3039 τοῦ
2321 2985 2527 3050 πάθους
2571 2985 2847 3056 μολυσμὸν
2896 2987 3384 3059 ἀποστρεφόμενος
3408 3029 3424 3052 ,
3463 2989 3628 3059 ὀργι-

355 3099 374 3131 ι
421 3095 525 3150 que
548 3079 893 3150 aegritudinis
911 3079 1068 3148 plaga
1096 3078 1269 3141 ﬁeret,
1286 3091 1499 3132 mecum
1528 3074 1644 3145 ipsa
1664 3075 1928 3147 cogitavi,

358 3189 376 3222 ι
423 3169 590 3242 369
621 3171 767 3239 quod
800 3172 844 3226 si
882 3171 966 3225 vel
1008 3171 1278 3224 titnbriam
1321 3167 1635 3224 vestimenti
1665 3166 1788 3236 ejus
1812 3175 1932 3220 tan-

354 3282 375 3314 ς
424 3278 552 3334 gere
610 3263 746 3317 mihi
803 3262 1016 3328 liceret,
1048 3261 1344 3315 sanitatem
1382 3257 1745 3327 adipiscerer.
1780 3256 1933 3314 llanc

356 3374 374 3407 ι
423 3354 516 3409 ubi
551 3353 790 3424 primum
821 3353 994 3424 tetigi,
1021 3365 1316 3422 suppresso
1349 3349 1636 3420 sanguinis
1665 3347 1838 3413 fonte,
1869 3350 1933 3403 il-

357 3464 376 3497 ι
423 3445 529 3500 lico
548 3443 829 3500 convalui.
872 3441 971 3499 Ille
1015 3457 1170 3518 vero,
1206 3455 1330 3496 cum
1355 3440 1540 3496 cordis
1571 3440 1674 3495 mei
1702 3441 1931 3494 consilia

357 3558 376 3590 ι
425 3543 750 3610 praenossct,
785 3535 928 3590 elata
964 3549 1127 3598 voce,
1160 3532 1314 3600 Quis,
1373 3532 1574 3602 inquit,
1610 3547 1690 3586 me
1719 3533 1934 3604 tetigit?

358 3648 375 3680 ι
422 3627 586 3681 virtus
613 3641 678 3682 ex
697 3642 775 3681 me
799 3625 1021 3696 prodiit.
1047 3623 1187 3679 Tum
1215 3637 1316 3694 ego
1331 3622 1568 3693 pallens,
1600 3637 1934 3694 gemensque

357 3739 375 3771 ι
423 3727 477 3776 et
523 3719 832 3790 graviorem
861 3718 1113 3773 morbum
1165 3717 1230 3770 ad
1271 3730 1357 3771 me
1393 3730 1748 3772 reversurum
1782 3715 1932 3770 arbi-

359 3831 376 3864 ι
421 3819 601 3878 trans,
622 3812 688 3867 ad
707 3811 830 3881 ejus
861 3810 1031 3881 pedes
1055 3823 1280 3877 corruo,
1304 3807 1643 3878 humumque
1673 3806 1932 3878 lacrymls

358 3921 377 3953 ‹
425 3900 740 3965 infundens,
775 3900 1067 3957 audaciam
1119 3913 1296 3955 meam
1346 3899 1664 3969 proﬁtebar.
1708 3899 1779 3951 At
1815 3897 1928 3961 ille,

356 4010 378 4042 ε
427 3993 502 4047 uti
522 3993 765 4048 clemens
788 3999 840 4048 et
859 3991 1156 4060 benignus,
1180 3989 1356 4045 vicem
1382 4004 1556 4044 meam
1581 3990 1934 4045 commisera-

358 4102 380 4135 ι
420 4090 530 4150 tus,
551 4083 894 4140 sanationem
925 4083 1059 4136 mihi
1085 4082 1170 4136 his
1185 4081 1373 4137 verbis
1395 4080 1773 4136 conﬁrmavit:
1797 4079 1932 4136 Con-

357 4191 378 4223 ‹
426 4172 710 4243 ﬁde,ﬁlia,
736 4171 866 4242 ﬁdes
891 4181 985 4225 tua
1005 4181 1053 4227 te
1071 4171 1274 4226 salvam
1300 4172 1446 4242 fecit.
1476 4170 1620 4226 Vade
1642 4173 1694 4225 in
1715 4189 1844 4241 pace
1861 4173 1928 4229 ⁸ο.

359 4281 380 4315 ι
429 4263 523 4319 Sic
547 4273 604 4318 tu
639 4279 879 4334 quoque,
907 4264 1173 4335 Auguste,
1209 4263 1343 4318 mihi
1371 4263 1711 4334 supplicanti
1741 4272 1931 4333 postu~

2041 3096 2058 3128 ι
2106 3074 2206 3148 σθῆ
2252 3076 2375 3131 κατ’
2409 3077 2544 3147 ἐμοῦ
2571 3118 2585 3143 ,
2631 3079 2726 3132 καὶ
2753 3078 2957 3132 πλείων
2990 3096 3080 3150 μοι
3110 3079 3318 3154 ἐπέλθῃ
3347 3083 3383 3150 ἡ
3433 3083 3629 3154 πληγὴ

2040 3186 2059 3220 ‹
2105 3165 2204 3236 τῆς
2225 3167 2404 3234 νόσου,
2434 3168 2558 3222 καθ’
2596 3169 2796 3241 ἑαυτὴν
2826 3169 3180 3243 ἐλογισάμην,
3212 3173 3296 3225 δτι
3329 3172 3433 3227 ἐὰν
3462 3173 3626 3243 δυνη-

2039 3277 2056 3309 ι
2104 3257 2258 3326 θείην
2287 3257 2529 3331 ᾆψασθαι
2571 3258 2666 3312 τοῦ
2699 3260 3011 3330 κρασπέδου
3040 3261 3135 3315 τοῦ
3171 3262 3396 3332 ἱματίου
3429 3263 3627 3328 αὐτοῦ,

2040 3368 2058 3400 ‹
2106 3350 2448 3420 σωθήσομαι.
2481 3344 2560 3405 Ob
2590 3351 2688 3404 καὶ
2725 3351 3014 3423 ἁψαμένη,
3045 3353 3142 3406 καὶ
3172 3353 3480 3424 σταθείσης
3514 3373 3628 3423 μου

2039 3457 2058 3490 ‹
2102 3439 2204 3510 τῆς
2231 3440 2415 3511 πηγῆς
2436 3441 2530 3494 τοῦ
2560 3442 2813 3513 αἵματος,
2838 3442 3037 3511 γέγονα
3063 3445 3413 3517 παραχρῆμα
3436 3447 3622 3519 ὑγιής.

2040 3550 2057 3582 t
2103 3531 2277 3596 Αὐτὸς
2303 3531 2359 3586 δὲ
2391 3533 2616 3602 μᾶλλον,
2650 3533 2728 3599 ὡς
2760 3535 3034 3606 προγνοὺς
3063 3535 3162 3606 τῆς
3201 3537 3348 3607 ἐμῆς
3385 3539 3630 3609 καρδίας

2039 3643 2056 3671 σ
2102 3623 2172 3677 τά
2202 3623 2864 3696 βουλιύματα,,ἀνέκραξε
2890 3644 2902 3656 ·
2955 3627 3051 3691 Τίς
3086 3642 3205 3694 μου
3244 3624 3483 3694 ἤιεν-στω
3515 3627 3628 3683 δύο

2039 3733 2058 3766 ‹
2104 3732 2280 3786 ναμις
2314 3716 2416 3772 ἀπ’
2449 3717 2599 3786 ἐμοῦ
2623 3716 2902 3786 ἐξῆλθεν.
2951 3717 3092 3786 Ἐγὼ
3137 3713 3232 3772 οὖν
3262 3718 3622 3789 ὡχριὰσασα,

2040 3826 2058 3858 ι
2103 3809 2200 3860 καὶ
2232 3807 2517 3873 στένουσα,
2547 3809 2648 3880 τὴν
2675 3810 2832 3864 νόσον
2871 3809 3214 3881 θρασυτέραν
3240 3812 3625 3884 ἀποστρέφειν

2042 3919 2060 3951 ι
2107 3899 2196 3952 ἐπ’
2231 3899 2334 3972 ἐμὲ
2371 3899 2721 3971 λογιζομένη,
2754 3901 3140 3974 προσπεσοῦσα
3170 3902 3348 3973 αὐτῷ,
3379 3903 3493 3975 τὴν
3518 3905 3625 3974 γῆν

2039 4013 2057 4044 ι
2100 3993 2402 4065 ἐπλήρωσοι
2429 3993 2705 4064 δακρύων,
2737 3993 2839 4066 τὴν
2867 3994 3070 4064 τόλμαν
3091 3993 3413 4059 ἐξειποῦσα.
3445 3997 3623 4060 Αὐτὸς

2039 4104 2057 4136 t
2103 4084 2160 4138 δὲ
2188 4083 2265 4148 ὡς
2293 4082 2532 4153 ἀγαθὸς,
2567 4084 2991 4156 σπλαγχνισθεὶς
3021 4085 3109 4139 ἐπ’
3138 4087 3261 4157 ἐμοὶ
3285 4128 3302 4152 ,
3335 4089 3624 4158 ἐπεσφρὰ-

2039 4197 2056 4228 ‹
2103 4175 2222 4245 γιζέ
2258 4193 2361 4247 μου
2390 4175 2490 4248 τὴν
2521 4177 2703 4245 ῐασιν,
2746 4177 3016 4250 εἰρηκώς·
3050 4179 3303 4248 Θάρσει,
3335 4179 3620 4248 θυγάτερ,

2037 4289 2056 4323 ι
2104 4272 2142 4340 ἠ
2177 4271 2380 4335 πίστις
2415 4286 2532 4325 σου
2587 4271 2824 4326 σέσωκέ
2861 4286 2937 4326 σε
2966 4289 2980 4302 ·
3018 4273 3278 4342 πορεύου
3325 4273 3418 4338 εις
3459 4272 3618 4340 ειρή-

357 4371 378 4406 ι
427 4352 686 4409 lationem
715 4354 920 4424 justam
956 4355 1198 4426 indulge.
1224 4373 1243 4407 ι
1270 4355 1397 4408 Ηωο
1422 4354 1652 4410 audiens
1687 4352 1925 4411 Herodes

2043 4379 2061 4414 ι
2097 4377 2233 4429 νην.
2267 4361 2424 4416 Οὕτω
2463 4362 2558 4416 καὶ
2599 4362 2790 4433 ὑμεῖς,
2833 4363 3096 4417 Σεϐαστοὶ
3119 4404 3136 4430 ,
3183 4362 3282 4433 τὴν
3324 4362 3519 4434 δέησιν
3549 4366 3622 4433 τῇ

354 4461 452 4501 rex
475 4461 542 4502 ex
575 4445 762 4502 libello
791 4447 1061 4517 supplice,
1093 4444 1346 4500 miraculi
1395 4445 1774 4516 magnitudine
1803 4461 1930 4516 per-

349 4538 570 4606 culsus,
614 4539 1028 4608 curationisquc
1092 4537 1366 4592 reveritus
1411 4549 1698 4602 arcanum,
1747 4536 1925 4592 dixit:

359 4645 380 4679 ι
413 4628 554 4698 Tua,
587 4646 622 4689 ο
647 4629 868 4696 mulier,
900 4629 1117 4684 sanatio
1165 4627 1544 4698 praestantiori
1602 4627 1765 4700 digna
1813 4643 1930 4684 mo-

531 4715 538 4722 ’
1723 4721 1735 4746 f

423 4786 471 4841 ιδ
490 4805 682 4863 Matth.
713 4822 786 4874 ιι,
815 4806 907 4863 sa.

2033 4473 2051 4506 ι
2097 4453 2324 4526 δεομένῃ
2353 4453 2511 4520 ἀξίαν
2543 4455 2874 4526 παράσχετε.
2906 4474 2926 4508 ι
2975 4458 3036 4511 '0
3063 4455 3122 4509 δὲ
3145 4455 3408 4527 βασιλεὺς
3434 4455 3623 4526 Ἡρώ-

2025 4542 2122 4612 δης
2149 4543 2405 4614 ἀκηκοὼς
2436 4543 2610 4599 ταῦτα
2637 4545 2730 4600 διά
2769 4545 2869 4617 τῆς
2908 4547 3153 4618 δεήσεως
3175 4585 3192 4613 ,
3226 4545 3519 4616 ἐξεπλάγη
3554 4547 3623 4600 τὸ

2027 4629 2244 4701 θαῦμα,
2299 4632 2393 4688 καὶ
2439 4631 2697 4704 φοϐηθεὶς
2748 4634 2810 4688 τὸ
2868 4636 3171 4707 μυστήριον
3224 4635 3326 4703 τῆς
3388 4635 3623 4702 ἰάσεως,

1837 4907 2072 4964 NOTAE.

352 5060 665 5134 Curterius,
704 5061 1137 5134 Ducangiusque_
1167 5078 1232 5118 cx
1270 5080 1360 5134 qq.
1401 5065 1783 5123 Anastasianis
1827 5079 1922 5120 ac-

352 5080 665 5130 bllﬂel'lus,
705 5080 1122 5132 uucanglusqtte
1167 5080 1232 5118 CX
1270 5080 1303 5134 (ι
1347 5107 1360 5118 .
1401 5080 1783 5123 Anastasmnts
1827 5080 1921 5120 ac-

351 5133 877 5223 ?aaarﬁam'reﬂcﬂ
895 5131 1291 5223 νεξῐξξάτὶιερε
1308 5080 1526 5192 Ἰοαηηε
1558 5139 1681 5223 ill-“0
1704 5136 1921 5223 Μεδὲειθυ

357 5205 625 5274 aliisque,
676 5202 1116 5274 prmterﬁilulium
1171 5205 1517 5270 Africanum,
1557 5202 1923 5271 Clementem,

354 5272 752 5346 Theophilum,
777 5281 844 5346 _et
870 5273 1216 5346 Timotheum
1240 5315 1254 5338 ,
1288 5291 1428 5346 quos
1459 5277 1772 5346 Hesychius
1807 5277 1926 5346 ipse

350 5343 630 5416 et_Malala
666 5343 910 5416 laudant.
939 5343 1338 5416 NequcinLagn'i
1378 5343 1691 5402 faciendum
1721 5353 1807 5402 est
1829 5343 1925 5402 ‘tc-

356 5413 680 5498 alimonium
715 5413 1146 5498 Abulfa‘raji’qui
1195 5413 1554 5498 Theophilum
1585 5417 1921 5498 astrologum

356 5481 668 5539 ltohcnscm
739 5501 834 5540 seu
890 5481 1269 5551 Edesscnum,
1326 5481 1582 5542 ﬂoruisse
1644 5487 1713 5542 ait
1779 5481 1923 5541 circa

357 5565 558 5606 annum
572 5554 774 5628 Christi
791 5554 894 5628 785
909 5565 961 5628 et
982 5555 1188 5625 llcgirm
1221 5557 1339 5623 169,
1355 5567 1406 5612 et
1435 5555 1669 5628 Egregia:
1695 5555 1926 5628 historia:

353 5629 638 5680 auctorem
672 5625 885 5683 haberi.
918 5626 1094 5682 Nimia
1134 5629 1335 5694 quippe
1370 5639 1454 5683 est
1483 5625 1808 5695 'Aliult‘araji
1840 5627 1926 5680 in-

2027 5065 2333 5137 diligentia,
2357 5075 2417 5122 ut
2443 5067 2564 5138 ipso
2595 5066 2714 5124 solo
2744 5067 3077 5124 testiﬁcante
3109 5067 3403 5125 credamus
3434 5070 3618 5130 Theo-

2027 5138 2241 5207 philum
2286 5137 2437 5209 hunc
2468 5137 2828 5209 ’astrologum
2866 5137 3034 5208 hujus
3083 5140 3324 5209 egregiae
3363 5141 3621 5200 historiae

2027 5216 2308 5280 parentem
2345 5207 2520 5265 fuisse
2543 5249 2556 5272 ,
2608 5217 2704 5280 aut
2755 5207 2949 5264 saltem
2983 5207 3145 5262 nihil'
3167 5207 3322 5280 urget
3357 5225 3466 5266 nos
3491 5252 3508 5275 ,
3559 5223 3620 5268 ut

2028 5277 2412 5353 concedamus
2445 5293 2570 5334 eum
2606 5278 2898 5353 ipsummpt
2943 5293 3069 5353 esse
3099 5277 3264 5349 quem
3297 5281 3619 5353 ilesychius

2027 5359 2082 5403 ct
2115 5346 2309 5420 Malala
2365 5346 2645 5420 citavcref
2680 5347 2763 5420 Ad
2803 5346 3141 5420 Hesychiqu
3170 5349 3326 5420 quod
3374 5346 3621 5420 spectat.

2029 5417 2218 5489 quidni
2254 5416 2394 5489 idem
2425 5419 2644 5473 sitcum
2676 5416 2946 5489 llesychio
2973 5416 3621 5489 lllustrl,'quihis'toriam

2033 5503 2061 5541 a
2095 5487 2224 5542 Belo
2252 5488 2628 5561 Assyriorum
2660 5487 2799 5561 rege
2828 5504 3026 5561 usque
3041 5490 3113 5561 ad
3157 5487 3444 5546 Anastasii
3481 5493 3617 5561 imp.

2034 5565 2303 5635 t_empora_
2337 5557 2634 5635 produxit?
2678 5557 2844 5612 Plura
2902 5557 2968 5614 de
3009 5558 3200 5615 Malala
3240 5561 3439 5632 legcsis
3472 5557 3618 5635 apud

2035 5627 2264 5684 Gavium
2291 5627 2349 5684 in
2377 5627 2517 5686 llist.
2555 5629 2783 5686 litterar.
2819 5638 2992 5700 parte.
3033 5645 3093 5684 ll.
