3928 6196
306 303 447 369 1373

1399 303 1497 364 DE
1540 300 2000 365 IMAGINIBUS
2035 301 2318 362 ORATIO
2357 299 2451 362 III

3419 300 3556 368 1376

307 409 464 470 εἷπεν
487 429 502 446 ο
549 429 570 467 ι
615 412 680 470 ’Π
711 413 789 479 είς
822 411 880 466 σέ
929 414 1198 486 τενομένη
1233 415 1378 478 ίασις
1403 452 1418 478 ,
1448 410 1493 469 ὦ
1522 414 1719 484 γύναι,
1756 413 1876 485 μεί-

1994 429 2004 462 ι
2051 420 2319 466 numento
2345 419 2449 467 est.
2474 408 2576 465 Abi
2602 424 2754 481 ergo,
2779 417 2833 466 et
2861 425 3026 482 quam
3058 411 3306 470 volueris
3334 411 3436 478 illi,
3457 413 3554 483 qui

312 525 332 556 ι
371 504 526 568 ζονος
553 504 758 577 στήλης
791 505 943 559 ἐστὶν
977 505 1124 570 ἀξία.
1161 505 1497 576 Πορευθεῖσα
1525 505 1730 573 τοίνυν,
1762 508 1881 562 οἵαν

315 615 332 648 ι
381 595 566 664 βούλει
624 595 930 665 άνάστησον
979 595 1130 665 αύτῷ
1182 595 1419 668 στήλην,
1463 595 1763 664 δοξάζουσα
1791 598 1882 652 τὸν

314 706 333 739 ι
377 686 690 757 ίασάμενον.
731 704 750 739 ι
789 687 901 740 Καὶ
930 687 1132 751 εὐθέως
1160 687 1300 759 αὐτὴ
1328 689 1561 758 Βερνίκη
1580 728 1594 752 ,
1630 689 1662 758 ὴ
1689 689 1882 761 πρώην

309 777 703 850 αἱμορροοῦσα,
742 780 802 833 ἐν
834 780 983 850 μέσῳ
1010 779 1110 848 τῆς
1140 779 1278 844 ιδίας
1305 780 1478 850 αὐτῆς
1517 780 1730 845 πόλεως
1765 783 1881 835 Παο

308 869 494 933 νεάδος
537 869 800 942 ἀνέστησε
830 871 908 942 τῷ
936 871 1056 942 Θεῷ
1085 870 1180 926 καὶ
1209 872 1399 944 Κυρίῳ
1438 874 1642 946 στήλην
1671 873 1882 945 χαλκῆν

308 963 375 1016 ἐκ
404 961 609 1032 χαλκοῦ
633 961 1001 1034 θερμηλάτου,
1031 961 1236 1034 μίξασα
1264 964 1468 1038 χρυσὸν
1497 965 1592 1020 καὶ
1618 967 1878 1039 ἄργυρον.

309 1053 473 1118 ’Πτις
502 1053 672 1125 στήλη
707 1054 860 1124 μένει
891 1057 948 1108 ἐν
979 1056 1214 1111 Πανεάδι
1247 1060 1314 1128 τῇ
1347 1057 1496 1111 πόλει
1525 1057 1630 1122 ἓως
1658 1057 1752 1112 νῦν
1771 1099 1786 1124 ,
1819 1059 1881 1112 οὐ

309 1142 417 1214 πρὸ
446 1143 642 1198 πολλοῦ
668 1145 862 1215 χρόνου
897 1147 1304 1217 μετενεχθείσα,
1354 1148 1446 1217 ἀφ’
1491 1142 1553 1203 οὗ
1589 1149 1792 1214 ἵστατο,
1824 1151 1883 1203 ἐν

312 1233 463 1305 μέσῳ
492 1237 592 1306 τῆς
622 1235 830 1300 πόλεως
879 1239 958 1302 είς
993 1240 1150 1306 ἅγιον
1177 1239 1372 1307 τόπον,
1407 1242 1488 1305 εἰς
1515 1237 1663 1297 οἷκον
1693 1243 1884 1315 εὐκτή-
1918 1222 1939 1229 ’

311 1341 450 1395 ριον.
483 1326 661 1398 Ὅπερ
699 1328 999 1402 ὑπόμνημα
1027 1331 1225 1402 εὑρέθη
1258 1333 1315 1384 ἐν
1345 1335 1409 1403 τῇ
1443 1333 1593 1388 πόλει
1625 1333 1880 1400 Πανεάδι,

307 1414 466 1485 παρὰ
512 1417 708 1488 Βάσσῳ
748 1421 887 1485 τινὶ,
938 1422 1218 1492 γενομένῳ
1272 1424 1382 1478 άπὸ
1436 1423 1704 1482 Ἰουδαίων
1749 1427 1882 1496 Χρι-

308 1505 550 1576 στιανῷ,
591 1509 649 1560 ἐν
698 1501 743 1574 ᾧ
787 1510 1032 1580 ὑπῆρχεν
1062 1512 1090 1563 ό
1123 1511 1239 1581 βίος
1283 1513 1390 1566 τῶν
1446 1513 1882 1582 βασιλευσάντων

307 1594 528 1649 πάντων
559 1595 657 1666 τῆς
703 1598 1000 1670 Ἰουδαϊκῆς
1031 1599 1231 1672 χώρας.
1272 1620 1287 1650 ι

315 1835 444 1926 Ἐξ,
469 1835 580 1926 τῆς
601 1839 874 1926 ’ἑϐδόμης
894 1842 1164 1926 Ωβίϐἱίου.
1203 1844 1313 1926 ἐἷς
1375 1846 1883 1926 ῥλξκλησιαστικῆς

407 1909 691 1999 ἱστορίας
717 1909 1038 1999 βὺοτερίου⁹
1054 1913 1168 1999 for”)
1205 1909 1556 1986 Παμφίλου,
1605 1926 1738 1992 περὶ

379 1981 816 2048 αλμορῤοούσης
841 1981 1169 2048 Πανειίδος.

382 2135 400 2168 t
455 2117 674 2188 Ἐπειδὴ
724 2117 885 2188 τῆσδε
939 2119 1037 2190 τῆς
1085 2118 1300 2199 πόλεως
1349 2123 1746 2197 ἐμνήσθημεν,
1785 2131 1884 2184 οὐκ

298 2214 452 2280 ἀξιον
495 2208 738 2281 ἡγοῦμαι
789 2209 1041 2280 διήγησιν
1093 2211 1424 2283 παρελθεῖν,
1472 2217 1563 2269 καὶ
1604 2221 1716 2282 τοῖς
1764 2220 1892 2290 μεθ7

300 2305 450 2374 ἡμᾶς
482 2299 914 2373 μνημονεύεσθαι
960 2302 1135 2367 ἀξίαν.
1170 2303 1282 2374 Τὴν
1311 2306 1417 2375 γάρ
1449 2309 1880 2382 αἱμοῤῥοοῦσαν,

300 2396 371 2462 ῆν
415 2395 478 2445 ἐκ
531 2391 638 2444 τῶν
692 2391 862 2461 ἱερῶν
894 2391 1242 2459 Εὑαγγελίων
1291 2395 1440 2463 παρὰ
1492 2395 1584 2449 τοῦ
1630 2399 1884 2472 Σωτῆρος

301 2482 465 2554 ήμῶν
504 2481 597 2535 τοῦ
651 2483 858 2546 πάθους
904 2481 1226 2553 ἀπαλλαγὴν
1269 2483 1523 2555 εὑρέσθαι
1557 2487 1884 2558 μεμαθήκα-

304 2589 410 2644 μεν
436 2612 450 2636 ,
486 2572 697 2626 ἐνθένδε
744 2571 926 2640 ἔλεγον
959 2572 1261 2644 ὁρμᾶσθαι,
1293 2575 1386 2629 τόν
1432 2592 1492 2630 τε
1528 2573 1674 2631 οἷκον
1717 2580 1885 2650 αὐτῆς

303 2668 405 2719 ἐπὶ
435 2666 532 2736 τῆς
561 2665 775 2727 πόλεως
801 2663 1137 2730 δείκνυσθαι,
1171 2667 1264 2718 καὶ
1293 2665 1393 2736 τῆς
1436 2668 1540 2722 ὑπὸ
1569 2669 1662 2723 τοῦ
1694 2670 1882 2742 Σωτῆ-

303 2775 402 2829 ρος
428 2757 509 2817 εἰς
547 2756 720 2826 αὐτὴν
750 2756 1070 2826 εὐεργεσίας
1101 2757 1394 2826 θαυμαστά
1425 2759 1659 2826 τρόπαια
1704 2778 1882 2832 παρα-

304 2847 479 2916 μένει.
539 2845 790 2899 Ἐστάναι
833 2845 940 2916 γὰρ
984 2845 1069 2914 ἐφ’
1122 2844 1328 2916 ὑψηλοῦ
1357 2846 1540 2912 λίθου,
1595 2850 1732 2918 πρὸς
1787 2850 1883 2920 μὲν

301 2936 426 2996 ταῖς
458 2932 658 2996 πύλαις
699 2933 794 2987 τοῦ
834 2934 1009 3003 αὐτῆς
1057 2934 1211 2988 οἴκου
1243 2975 1256 3000 ,
1289 2936 1546 3003 γυναικὸς
1579 2938 1884 3008 ἐκτύπωμα

301 3023 534 3094 χάλκεον
583 3023 678 3077 ἐπὶ
707 3024 836 3093 γόνυ
892 3024 1249 3092 κεκλιμένον,
1296 3027 1392 3079 καὶ
1433 3028 1762 3097 τεταμέναις
1791 3030 1883 3081 ἐπὶ

300 3113 688 3186 τοῦμπροσθεν
741 3117 865 3178 ταῖς
921 3117 1142 3186 χερσὶν,
1198 3118 1514 3189 ίκετευούσῃ
1565 3119 1782 3183 ἐοικός·
1821 3113 1883 3172 οὗ
1913 3092 1955 3149 c

299 3207 558 3276 ἀντικρὺ,
583 3206 713 3260 ἄλλο
730 3207 829 3277 τῆς
852 3207 1024 3277 αὐτῆς
1057 3206 1210 3278 ὕλης,
1245 3209 1438 3278 ἀνδρὸς
1461 3209 1644 3280 δρθιον
1676 3211 1880 3284 σχῆμα,

297 3296 554 3351 διπλοΐδα
583 3297 823 3368 κοσμίως
855 3297 1186 3368 βεϐλημένον
1214 3339 1229 3365 ,
1281 3301 1375 3353 καὶ
1403 3299 1503 3372 τήν
1531 3304 1689 3373 χεῖρα
1719 3301 1885 3356 αὐτοῦ

302 3389 425 3441 ἐκεῖ
447 3389 751 3459 προτεῖνον.
786 3383 861 3444 Οὗ
886 3389 1038 3460 παρὰ
1077 3393 1190 3454 τοῖς
1229 3393 1386 3446 ποσὶν
1413 3393 1506 3445 ἐπὶ
1544 3395 1642 3464 τῆς
1678 3394 1887 3465 στήλης

302 3482 529 3551 ταύτης,
577 3479 725 3545 ξένον
754 3498 804 3535 τι
840 3481 1073 3554 βοτάνης
1105 3477 1242 3547 εἶδος
1281 3483 1457 3554 φύειν,
1491 3485 1568 3550 ὡς
1601 3486 1762 3558 μέχρι
1790 3485 1885 3539 τοῦ

306 3572 622 3644 κρασπέδου
651 3573 753 3644 τῆς
785 3574 876 3628 τοῦ
908 3574 1112 3644 χαλκοῦ
1161 3576 1431 3640 διπλοΐδος
1477 3577 1625 3632 ἀνιὸν
1650 3617 1665 3642 ,
1709 3578 1886 3645 ἀλεξι-

307 3667 600 3737 φάρμακον
631 3667 855 3722 πάντων
889 3665 1000 3721 τῶν
1031 3669 1356 3739 νοσημάτων
1398 3671 1718 3741 τυγχάνειν.
1752 3672 1887 3725 Τοῦ-

305 3775 399 3812 τον
430 3759 488 3812 δὲ
515 3758 608 3814 τὸν
637 3759 967 3830 άνδρίαντα,
997 3761 1183 3814 εἰκόνα
1227 3759 1402 3831 Ἰησοῦ
1434 3761 1623 3831 φέρειν
1671 3762 1884 3831 ἔλεγον·

306 3851 493 3921 ἔμεινε
521 3852 576 3906 δέ
607 3853 700 3906 καλ⁸
739 3855 820 3917 είς
851 3855 1036 3924 ἡμᾶς,
1089 3853 1166 3918 ὡς
1214 3855 1310 3908 καὶ
1355 3853 1474 3924 ὄψει
1521 3855 1884 3925 παραλαϐεῖν,

303 3942 750 4014 ἐπιδημήσαντος
779 3947 848 4017 τῇ
878 3946 1055 4002 πόλει.
1081 3946 1190 3999 Καὶ
1222 3945 1532 4018 θαυμαστὸν
1561 3947 1732 4013 οὐδὲν,
1762 3949 1888 4012 τοὺς

306 4034 482 4087 πάλαι
528 4034 586 4102 ἐξ
627 4035 800 4088 ἐθνῶν
837 4035 1242 4107 εὐεργηθέντας
1293 4039 1442 4111 παρὰ
1490 4040 1583 4094 τοῦ
1635 4041 1889 4113 Σωτῆρος

302 4125 491 4196 ἡμῶν,
520 4125 748 4181 τοιαῦτα
777 4130 1163 4198 πεποιηκέναι,
1193 4132 1357 4184 ὁπότε
1387 4132 1481 4186 καὶ
1511 4132 1621 4185 τῶν
1651 4133 1888 4186 ἀποστό-

302 4219 419 4270 λων
449 4219 629 4272 αὐτῶν
658 4219 759 4282 τὰς
809 4221 1057 4286 εἰκόνας,
1105 4221 1313 4293 Πέτρου
1346 4224 1442 4278 καὶ
1477 4224 1692 4277 Παύλου
1720 4267 1735 4289 ,
1795 4224 1888 4277 καὶ

305 4305 478 4360 αὐτοῦ
509 4306 606 4361 τοῦ
635 4309 890 4381 Σωτῆρος
915 4349 928 4374 ,
969 4311 1556 4384 διαχρωματιζομένας
1589 4315 1886 4386 ἱστορήσα-

1988 521 2006 553 ι
2048 510 2098 559 te
2131 504 2371 569 curavit,
2396 511 2638 558 statuam
2675 502 2846 573 erige,
2894 504 3182 576 ipsiusque
3207 504 3440 576 gloriam
3465 519 3558 560 ce—

1987 613 2005 646 ι
2041 595 2214 649 lebra.
2244 613 2261 646 ι
2291 593 2417 650 Mox
2452 593 2646 666 igitur,
2674 593 2930 659 Bernice,
2954 610 3075 664 quae
3101 595 3308 652 ﬂuxum
3334 596 3556 668 sangui-

1983 686 2069 742 nis
2100 697 2231 742 ante
2263 700 2426 757 passa
2458 693 2603 753 erat,
2636 685 2692 740 in
2727 685 2970 742 civitatis
2999 701 3112 742 suae
3141 685 3414 744 Paneadis
3441 702 3556 744 me-

1983 778 2076 834 dio
2103 782 2344 835 statuam
2375 793 2605 844 amcam,
2638 793 2703 834 ex
2746 793 2853 835 aere
2884 777 3056 843 fusili,
3101 793 3260 845 auro,
3312 787 3558 848 argento-

1984 885 2091 943 que
2142 869 2445 942 permistis,
2508 868 2799 926 conﬂatam
2874 868 3109 926 Domino
3169 880 3224 926 et
3280 869 3390 925 Deo
3454 883 3559 925 suo

1983 960 2350 1018 consecravit.
2406 960 2539 1028 Quae
2604 961 2826 1031 quidem
2889 970 3069 1017 statua
3119 961 3187 1018 ad
3238 961 3344 1019 hoc
3387 976 3560 1032 usque

1984 1061 2200 1121 tempus
2261 1049 2515 1108 Paneade
2569 1061 2937 1123 perseverat:
2983 1060 3147 1123 atque
3195 1069 3264 1109 ex
3313 1067 3380 1109 co
3436 1052 3560 1109 loco

1984 1143 2078 1198 ubi
2111 1141 2388 1212 quondam
2417 1141 2620 1206 stabat,
2663 1157 2730 1198 ex
2764 1141 2941 1198 media
2990 1159 3186 1214 nempe
3221 1143 3466 1209 civitate,
3503 1144 3562 1197 in

1984 1236 2166 1292 locum
2205 1249 2428 1290 sacrum
2455 1234 2570 1291 sive
2594 1235 2900 1291 oratorium
2930 1236 3198 1292 translata
3231 1235 3352 1291 fuit.
3387 1235 3562 1305 llujus

1985 1341 2151 1396 porro
2182 1325 2260 1382 rei
2297 1325 2544 1381 narratio
2575 1326 2630 1380 in
2669 1325 2773 1383 hac
2808 1327 2929 1397 ipsa
2961 1327 3300 1382 Paneadensi
3340 1328 3566 1384 civitate

1984 1426 2199 1488 reperta
2233 1424 2340 1481 est,
2391 1417 2536 1487 apud
2569 1417 2798 1474 Bassum
2829 1419 3150 1489 quemdam,
3208 1419 3304 1488 qui
3357 1434 3422 1473 ex
3467 1417 3566 1473 Ju-

1984 1508 2099 1564 dzno
2127 1507 2480 1565 Christianus
2506 1508 2686 1566 factus
2730 1509 2953 1564 fuerat:
2991 1511 3047 1563 in
3083 1525 3195 1579 quo
3225 1509 3388 1565 etiam
3423 1511 3563 1565 libro

1984 1615 2175 1673 regum
2215 1601 2461 1654 omnium
2523 1602 2616 1671 qui
2650 1602 2704 1656 in
2744 1599 2931 1657 Judaea
2977 1603 3410 1673 imperaverunt,
3467 1601 3552 1657 bi-

1986 1691 2154 1746 storia
2169 1691 2480 1762 conscripta
2499 1700 2636 1747 erat.
2667 1711 2685 1744 ι

1991 1844 2074 1898 Ea:
2110 1844 2245 1899 libro
2295 1847 2513 1911 septimo
2555 1843 2807 1900 Historia:
2859 1845 3075 1900 Eusebii
3157 1843 3446 1912 Pamphili,
3501 1844 3566 1900 de

2060 1914 2279 1969 muliere
2329 1915 2683 1980 l’aneadeusi,
2730 1933 2847 1984 qua:
2897 1916 3172 1986 sanguinis
3227 1917 3374 1984 ﬂuxu
3419 1917 3569 1969 labo—

2058 1995 2286 2039 raverat.

2063 2141 2081 2173 ι
2122 2118 2588 2191 Quandoquidem
2628 2118 2783 2194 urbis
2832 2106 2998 2190 hujus
3039 2119 3375 2174 mentionem
3429 2115 3565 2174 feci-

1988 2226 2131 2275 mus,
2167 2221 2606 2266 consentaneum
2639 2224 2748 2266 non
2786 2210 2953 2265 fuerit
3008 2208 3385 2264 narrationem
3426 2223 3567 2280 prte-

1988 2303 2319 2368 termittere,
2357 2318 2479 2373 qua:
2515 2301 2682 2372 digna
2737 2303 2901 2372 plane
2932 2310 3036 2369 est,
3089 2310 3148 2356 ut
3211 2309 3568 2372 posterorum

1987 2396 2263 2449 memoriae
2333 2396 2771 2450 commendetur.
2847 2394 3002 2448 lllam
3073 2395 3220 2452 enim
3282 2393 3568 2450 mulierem

1986 2489 2278 2558 sanguinis
2310 2486 2458 2542 ﬂuxu
2492 2488 2857 2553 laborantem,
2891 2502 3056 2557 quam
3091 2502 3158 2542 ex
3199 2487 3375 2542 sacris
3397 2484 3572 2541 Evan-

1986 2581 2205 2651 geliisa
2267 2579 2556 2636 Salvatore
2611 2587 2802 2636 nostro
2857 2589 3114 2636 sanatam
3171 2580 3348 2636 fuisse
3372 2579 3572 2636 didici-

1987 2688 2131 2739 mus,
2195 2671 2348 2726 illinc
2412 2687 2538 2728 esse
2595 2671 2898 2749 profectam
2969 2671 3179 2737 ferunt,
3237 2670 3570 2740 domumque

1985 2765 2160 2834 ipsius
2192 2779 2254 2820 ca
2287 2766 2340 2818 in
2376 2765 2600 2820 civitate
2650 2765 2971 2830 monstrari,
3017 2765 3073 2818 in
3107 2778 3218 2836 qua
3266 2763 3570 2820 Salvatoris

1986 2855 2039 2909 in
2065 2869 2183 2909 eam
2218 2854 2596 2910 beneficentiae
2634 2855 2874 2910 miriﬂca
2932 2863 3136 2925 tropaea
3193 2861 3568 2924 perseverant.

1989 2945 2167 3014 Super
2218 2945 2386 2998 altum
2450 2945 2656 3015 quippe
2721 2943 2958 3013 lapidem
3016 2951 3141 2998 ante
3193 2941 3390 2996 :edium
3423 2941 3572 2996 illius

1991 3037 2160 3099 fores,
2197 3051 2395 3092 aeream
2433 3036 2648 3092 femina:
2675 3034 2929 3105 effigiem,
2987 3034 3145 3090 ﬂexis
3178 3034 3440 3104 genibus,
3473 3047 3572 3086 ex-

1989 3129 2290 3200 pansisque
2349 3127 2714 3199 supplicantis
2771 3141 2925 3182 more
2983 3127 3261 3188 manibus,
3323 3125 3571 3196 conspici

1989 3226 2217 3272 narrant
2251 3236 2264 3272 :
2293 3233 2324 3273 e
2361 3219 2580 3287 regione
2612 3232 2742 3272 vero
2777 3217 3012 3272 alteram
3069 3231 3134 3273 ex
3167 3214 3357 3272 eadem
3400 3226 3572 3270 mate-

1989 3309 2074 3363 ria
2120 3321 2327 3366 rectam
2365 3318 2513 3366 stare
2570 3309 2672 3364 viri
2731 3311 2988 3379 figuram,
3049 3309 3214 3363 modo
3265 3307 3576 3376 composito

1989 3401 2235 3472 diploidc
2282 3401 2550 3464 indutam,
2590 3415 2927 3468 manumque
2981 3398 3196 3454 mulieri
3229 3397 3574 3468 protenden-

1989 3499 2118 3546 tem.
2163 3491 2245 3546 Ad
2291 3492 2458 3560 hujus
2503 3499 2703 3547 statuae
2755 3492 2926 3562 pedes
2985 3489 3339 3561 peregrinum
3398 3486 3576 3558 quod-

1990 3587 2114 3638 dam
2147 3584 2329 3639 hcrba:
2361 3600 2536 3654 genus
2574 3583 2752 3648 nasci,
2796 3581 2944 3653 quod
2987 3581 3080 3636 ubi
3115 3580 3182 3635 ad
3209 3596 3366 3636 oram
3403 3593 3578 3650 usque

1990 3674 2252 3743 diploidis
2277 3675 2548 3744 pervenit,
2584 3675 2904 3728 morborum
2941 3671 3188 3726 omnium
3234 3673 3578 3728 medicamen

1991 3765 2195 3819 evadit.
2230 3763 2382 3819 llanc
2427 3778 2596 3834 porro
2635 3771 2874 3818 statuam
2923 3761 3053 3819 Jesu
3108 3762 3326 3817 Domini
3384 3763 3578 3835 imagi-

1994 3871 2118 3910 ncm
2174 3857 2485 3926 exprimere
2541 3855 2726 3920 aiunt;
2787 3853 3104 3923 mansitque
3157 3853 3253 3906 illa
3305 3868 3479 3923 usque
3508 3854 3577 3910 ad

1995 3958 2240 4002 nostram
2295 3954 2534 4011 aetatem,
2575 3953 2636 4001 ut
2671 3945 2766 4014 qui
2805 3945 2858 3999 in
2897 3944 3183 3999 civitatem
3214 3945 3358 4000 hanc
3407 3943 3574 4002 adve-

1996 4040 2174 4102 niunt,
2208 4038 2387 4093 oculis
2419 4051 2538 4091 eam
2592 4035 2832 4092 lustrare
2864 4035 3110 4106 possint.
3150 4033 3338 4106 Neque
3375 4034 3576 4089 mirum

1997 4131 2172 4187 videri
2208 4130 2387 4197 debet,
2419 4136 2634 4185 veteres
2666 4130 2790 4186 illos
2820 4145 2882 4184 ex
2924 4127 3203 4199 gentibus,
3240 4127 3337 4198 qui
3385 4124 3578 4182 Salva-

2000 4232 2172 4282 torem
2197 4235 2325 4291 erga
2361 4235 2421 4275 se
2460 4217 2770 4274 beneﬁcum
2806 4217 3018 4287 cvperti
3048 4224 3232 4282 erant,
3283 4214 3463 4270 eidem
3494 4221 3578 4266 ta—

1999 4313 2068 4368 lia
2097 4311 2456 4384 praestitisse,
2481 4309 2703 4381 quando
2745 4318 2858 4362 tum
2911 4305 3291 4377 apostolorum
3344 4303 3492 4359 Petri
3522 4312 3575 4360 et

227 4423 230 4426 ·
306 4417 414 4469 μεν
439 4416 453 4430 ·
507 4400 586 4464 ὡς
620 4401 766 4465 εἰκὸς
798 4402 906 4455 τῶν
939 4403 1185 4457 παλαιῶν
1232 4405 1752 4476 ἀπαραφυλάκτως,
1801 4403 1886 4461 οἷα

1999 4403 2190 4469 Pauli,
2227 4411 2340 4457 tum
2389 4400 2681 4473 ipsiusmct
2713 4398 2922 4455 Christi
2962 4397 3138 4468 pictas
3184 4397 3452 4468 imagines
3497 4396 3579 4450 vi-

305 4491 538 4562 ἐθνικῆς
567 4493 857 4564 συνηθείας
884 4493 1053 4566 οὔσης
1097 4496 1229 4568 παρ’
1259 4497 1462 4566 αὐτοῖς,
1499 4499 1688 4554 τοῦτον
1718 4501 1886 4572 τιμᾷν

305 4583 581 4640 εἰωθότων
607 4586 699 4640 τὸν
728 4588 951 4659 τρόπον.
994 4607 1012 4640 ι

314 4802 430 4881 Ter}
464 4805 980 4881 aeto-ﬁpéxaﬁe
1029 4809 1220 4879 αὐτῆς
1284 4813 1584 4881 Ἱστορίας
1630 4815 1888 4871 erraret:

373 4875 647 4943 βιϐλίου,
677 4879 764 4945 εἰς
795 4878 903 4932 τὸν
931 4875 1208 4944 βασιλέᾰ
1227 4875 1710 4939 Κωνστὶιντῗνον.

385 5008 407 5044 ι
437 4986 514 5047 Εὖ
557 4993 702 5064 μάλα
729 4993 831 5065 τῆς
859 4995 924 5048 ἐκ
963 4995 1099 5049 Θεοῦ
1148 4997 1556 5070 συνῃσθημένος
1614 5000 1887 5071 βοηθείας,

308 5085 516 5139 αὐτίκα
560 5087 655 5140 τοῦ
700 5087 976 5159 σωτηρίου
1027 5089 1289 5161 τρόπαιον
1328 5091 1537 5156 πάθους
1575 5093 1685 5146 ὑπὸ
1731 5097 1890 5166 χεῖρα

311 5175 452 5239 ίδίας
500 5177 708 5241 είκόνος
753 5178 1087 5249 ἀνατεθῆναι
1150 5181 1500 5251 προστάττει.
1559 5185 1669 5238 Καὶ
1713 5184 1777 5256 δὴ
1829 5184 1891 5238 τὺ

311 5267 588 5338 σωτήριον
632 5267 730 5322 τοῦ
764 5268 1005 5343 σταυροῦ
1059 5275 1288 5342 σημεῖον
1334 5275 1391 5326 ἐν
1442 5256 1523 5346 τῇ
1559 5275 1712 5347 δεξιᾷ
1753 5295 1885 5331 κατ-

311 5359 512 5430 έχοντα
542 5360 706 5416 αὐτὸν
744 5364 802 5417 ἐν
831 5364 911 5435 τῷ
941 5363 1176 5436 μάλιστα
1216 5365 1324 5420 τῶν
1353 5367 1444 5420 ἐπὶ
1488 5367 1707 5439 Ῥώμης
1733 5370 1891 5442 δεδη-

314 5449 662 5522 μοσιευμένῳ
688 5452 840 5524 τόπῳ
871 5455 1206 5522 στήσαντας,
1241 5452 1412 5524 αὐτὴν
1441 5453 1506 5524 δὴ
1532 5454 1736 5526 ταύτην
1767 5457 1894 5509 ὑπο-

312 5541 536 5613 γραφὴν
610 5543 829 5610 ἐντάξαι
901 5547 1142 5616 ρήμασιν
1212 5545 1398 5608 αὐτοῖς
1470 5548 1536 5615 τῇ
1605 5546 1892 5616 Ῥωμαίων

316 5631 669 5699 ἐγκελεύεται
701 5639 878 5707 φωνῇ·
918 5655 936 5688 ι
968 5636 1156 5706 Τούτῳ
1180 5634 1257 5705 τῷ
1289 5635 1620 5706 σωτηριὼδει
1657 5639 1888 5709 σημείῳ,

323 5741 344 5778 ι
387 5722 465 5797 τῷ
495 5725 732 5799 ἀληθινῷ
762 5729 972 5800 ἐλέγχῳ
997 5729 1095 5798 τῆς
1125 5728 1400 5801 ἀνδρείας,
1432 5727 1529 5798 τὴν
1559 5729 1710 5786 πόλιν
1739 5731 1894 5800 ὑμῶν

1996 4496 2379 4552 dimuszcum
2411 4505 2624 4551 veteres
2677 4492 2886 4562 absque
2941 4491 3056 4545 ullo
3112 4491 3375 4560 scrupulo
3428 4489 3579 4558 ejus-

1995 4587 2144 4644 modi
2185 4589 2472 4653 honorem,
2507 4583 2916 4642 consuetudine
2946 4599 2974 4638 a
3001 4581 3302 4654 gentilibus
3326 4586 3578 4650 accepta,

1991 4670 2371 4735 s’ervatoribus
2399 4677 2517 4734 suis
2542 4676 2893 4732 adhiberent.
2932 4694 2950 4727 ι

1991 4813 2157 4884 3.70
2180 4812 2464 4882 Ejusdem,
2486 4826 2552 4866 ea:
2585 4811 2720 4864 libro
2768 4825 2906 4884 nono
2933 4808 3172 4884 ejusdem
3201 4805 3458 4862 Historias
3510 4803 3578 4859 de

2416 4884 2734 4951 imperatore
2766 4878 3146 4937 Constantino.

2076 5015 2095 5050 ι
2128 4997 2263 5052 Cum
2321 5010 2441 5052 sese
2494 4994 2684 5050 divino
2741 4993 2997 5064 adiutum
3055 5006 3183 5049 esse
3217 4988 3451 5047 consilio
3477 5001 3577 5059 ap-

1994 5086 2174 5157 prime
2236 5086 2528 5150 sensisset,
2586 5097 2712 5138 mox
2775 5081 3082 5139 salutiferae
3140 5079 3422 5151 passionis
3464 5085 3577 5132 tro-

1993 5194 2172 5252 paeum
2210 5185 2408 5234 statua:
2440 5193 2558 5236 suae
2582 5176 2770 5234 manui
2793 5174 2994 5248 apponi
3026 5174 3306 5246 praecepit.
3342 5170 3421 5228 Ac
3449 5183 3578 5226 cum

1993 5286 2114 5328 eam
2141 5270 2632 5326 salutarisvcrueis
2675 5269 2896 5339 signum
2953 5267 3182 5322 dextera
3228 5279 3330 5322 sua
3383 5271 3579 5318 tenen-

1993 5370 2130 5432 tem,
2169 5363 2224 5418 in
2249 5361 2698 5433 frequentissimo
2733 5359 2998 5415 Romana:
3027 5358 3187 5415 urbis
3213 5359 3336 5413 loco
3373 5353 3580 5412 erexis-

1995 5465 2140 5522 sent,
2198 5454 2613 5524 inscriptionem
2664 5454 2812 5509 hanc
2867 5453 3066 5510 Latino
3116 5462 3374 5509 sermone
3403 5446 3582 5518 subji-

1995 5548 2244 5605 ciendam
2266 5548 2479 5602 curavit
2511 5565 2524 5600 :
2568 5564 2587 5599 ι
2625 5544 2740 5602 Hoc
2773 5545 3000 5602 salutari
3034 5545 3210 5615 signo,
3247 5539 3393 5611 quod
3423 5550 3568 5594 verae

2000 5659 2019 5692 ‹
2061 5639 2285 5695 virtutis
2327 5639 2540 5710 insigne
2602 5647 2708 5703 est,
2753 5637 2944 5694 urbem
2997 5645 3236 5692 vestram
3277 5630 3577 5704 tyrannica

2003 5753 2020 5787 ι
2063 5731 2343 5791 servitutis
2372 5732 2503 5804 jugo
2532 5739 2825 5796 servatam,
2853 5732 2908 5788 in
2936 5731 3239 5788 libertatem
3272 5722 3568 5784 vindicavi.
