3928 6196
460 313 601 383 13’⁷5

1634 311 1696 372 S.
1737 309 2056 372 JOANNIS
2082 309 2511 370 DAMASCENI

3508 311 3606 376 i376

465 448 486 484 ‹
535 433 592 484 5.
622 428 775 494 P.Q.
823 427 889 482 Ii.
957 429 1011 483 in
1073 427 1381 483 libertatem
1441 427 1678 492 asserui,
1728 427 2028 496 pristinum

2151 447 2156 478 l
2199 425 2307 480 ἀπὸ
2359 421 2525 493 ζυγοῦ
2578 420 2676 476 τοῦ
2743 422 3004 493 τυράννου
3047 423 3407 491 διασωθεῖσαν,
3438 426 3611 498 quum.

467 541 488 578 ι
533 523 702 578 decus
730 521 1026 587 nobilitati,
1061 521 1520 590 Splendoremque
1557 519 1795 574 restitui.
1833 537 1851 570 ι

475 847 558 904 Ea:
585 849 839 904 Historia:
877 848 1248 904 ecclesiastica:
1288 848 1522 904 Socratis
1553 850 1686 905 libro
1721 864 1764 917 ι,
1793 865 1914 916 cap.
1945 851 2034 919 18,

919 921 983 974 de
1024 922 1202 975 eodem
1231 921 1572 989 imperatore.

543 1136 561 1168 ι
603 1116 850 1171 Posthmc
877 1107 1060 1170 autem
1120 1116 1422 1185 imperator
1447 1116 1872 1181 Constantinus,
1909 1115 2041 1170 reli-

465 1214 646 1284 gionis
679 1212 1006 1267 Christianae
1065 1212 1364 1267 studiosior
1424 1213 1626 1275 factus,
1661 1227 1692 1265 a
1755 1211 2040 1281 gentilium

465 1301 616 1354 cultu
655 1314 882 1368 prorsus
915 1300 1226 1366 abhorruit,
1281 1301 1692 1370 singulariaque
1739 1300 2042 1354 certamina

470 1390 771 1459 prohibuit,
810 1398 864 1443 et
918 1405 1048 1446 suas
1095 1390 1364 1460 imagines
1419 1390 1473 1445 in
1519 1391 1738 1461 templis
1804 1389 2046 1444 colloca-

467 1483 545 1536 vit
575 1483 708 1551 (50).
745 1501 764 1534 ι

608 1613 864 1683 Stephani
895 1611 1163 1676 Bostrem',
1195 1618 1380 1665 contra
1407 1608 1650 1672 Judwos,
1671 1624 1795 1680 cap.
1828 1611 1882 1664 4.

546 1767 564 1799 ι
594 1746 705 1803 Nos
739 1763 905 1818 porro
959 1753 1275 1801 sanctorum
1313 1745 1582 1814 imagines
1631 1743 1697 1797 ad
1741 1756 1932 1796 eorum
1962 1757 2044 1796 re-

470 1836 843 1891 cordationem
876 1837 1189 1898 statuimus,
1227 1842 1353 1904 puta
1404 1834 1701 1898 Abraham,
1747 1835 1922 1896 Isaac,
1953 1830 2048 1886 Ja-

471 1929 595 1992 cob,
647 1928 871 1999 Moysis,
926 1928 1072 1991 Elim,
1113 1925 1421 1991 Zachariae,
1458 1935 1513 1979 et
1537 1925 1772 1978 aliorum
1812 1925 2047 1992 prophe-

471 2026 674 2085 tarum,
708 2027 1138 2087 sanctorumque
1185 2016 1280 2070 Dei
1331 2023 1654 2086 martyrum,
1699 2015 1794 2084 qui
1824 2020 2048 2084 propter

476 2111 656 2180 ipsum
707 2121 939 2166 mortem
1000 2109 1328 2172 subierunt;
1391 2117 1451 2162 ut
1505 2109 1820 2176 quicunque
1857 2105 2050 2175 imagi-

472 2219 572 2258 nes
623 2217 814 2257 eorum
859 2201 1164 2272 aspexerit,
1213 2201 1433 2255 illorum
1482 2198 1840 2262 recordetur,
1892 2211 2052 2251 cum-

469 2309 579 2363 que
615 2293 875 2351 laudibus
902 2293 1149 2358 extollat,
1179 2291 1272 2364 qui
1311 2291 1485 2362 gloria
1524 2291 1724 2360 dignos
1755 2288 1883 2344 illos
1918 2285 2047 2343 red-

471 2383 632 2437 didit.
675 2399 696 2434 ι

545 2519 820 2588 Ejusdem.
871 2536 889 2570 ι
923 2517 1080 2584 Quod
1139 2523 1324 2571 autem
1377 2520 1590 2584 spectat
1623 2511 1690 2566 ad
1731 2511 2000 2582 imagines
2028 2548 2044 2573 ,

471 2612 654 2664 omnia
687 2625 808 2680 qua:
865 2609 918 2662 in
975 2607 1070 2664 Dei
1121 2607 1343 2662 nomine
1405 2604 1567 2668 ﬁunt,
1609 2603 1753 2658 bona
1811 2617 1932 2658 esse
1994 2610 2047 2656 et

470 2709 662 2756 saneta
735 2699 1125 2755 confidimus:
1181 2697 1327 2752 idola
1412 2709 1542 2750 vero
1601 2701 1656 2748 et
1725 2691 2045 2753 simulacra,

471 2806 660 2860 apage.
707 2788 833 2843 Haec
885 2788 1031 2843 enim
1069 2787 1213 2841 mala
1265 2785 1566 2857 spuriaque
1619 2788 1770 2846 sunt,
1822 2779 2048 2850 perinde

471 2892 634 2952 atque
661 2882 738 2935 illi
781 2880 877 2951 qui
924 2880 1134 2934 faciunt
1177 2893 1260 2934 ea.
1294 2877 1457 2930 Aliud
1495 2875 1699 2945 quippe
1739 2882 1825 2928 est
1870 2872 2048 2941 imago

475 2973 758 3042 propheta:
813 2973 1037 3039 sancti,
1089 2977 1144 3026 et
1195 2969 1343 3025 aliud
1394 2968 1751 3023 simulacrum
1786 2965 1901 3021 sive
1930 2974 2048 3018 sta-

472 3072 562 3118 tua
595 3064 842 3132 Saturni,
875 3063 1128 3128 Veneris,
1159 3063 1326 3128 Solis,
1351 3069 1404 3116 et
1429 3059 1616 3114 Lume.
1651 3057 1847 3124 Porro,
1877 3071 2050 3125 quan-

472 3156 770 3226 doquidem
833 3157 998 3210 homo
1043 3154 1111 3209 ad
1177 3154 1469 3222 imaginem
1549 3149 1643 3204 Dci
1700 3148 1880 3202 factus
1941 3155 2045 3211 est,

473 3248 681 3302 idcirco
714 3246 998 3301 aduratur.
1035 3245 1272 3316 Serpens
1319 3253 1527 3307 autem,
1565 3241 1696 3310 quia
1729 3239 1933 3294 diaboli
1965 3246 2051 3293 est

473 3340 676 3408 imago,
713 3337 1029 3392 immundus
1066 3346 1150 3390 est
1198 3343 1253 3388 et
1299 3332 1678 3390 exsecrabilis.
1716 3329 1872 3396 Quod
1906 3330 1950 3384 si
1985 3345 2049 3384 ea

471 3442 596 3496 qua:
646 3425 929 3478 hominum
986 3423 1241 3477 manibus
1299 3421 1566 3474 fabricata
1609 3428 1760 3482 sunt,
1799 3419 2048 3488 respuis,

472 3517 582 3578 die,
634 3513 1080 3586 quaesoJuilme,
1140 3513 1407 3582 quidnam
1473 3511 1740 3565 aduratur
1774 3511 1829 3564 in
1882 3519 2048 3572 terra,

472 3607 616 3679 quod
651 3606 934 3661 hominum
973 3621 1135 3660 manu
1173 3605 1514 3659 elaboratum
1549 3619 1655 3658 non
1699 3603 1814 3658 sit?
1842 3602 2049 3666 Altare,

473 3699 945 3770 propitiatorium,
1010 3697 1335 3764 Cherubim,
1407 3710 1547 3750 urna
1609 3709 1775 3749 aurea
1840 3693 2052 3748 habens

475 3805 698 3857 manna,
735 3803 947 3856 mensa,
983 3787 1404 3842 tabernaculum
1447 3786 1715 3852 interius,
1743 3785 1924 3839 omnia
1954 3784 2052 3838 de-

475 3895 624 3934 mum
656 3895 780 3949 quae
827 3877 1028 3932 Sancta
1077 3887 1396 3933 sanctorum
1433 3876 1503 3930 ab
1544 3875 1663 3944 ipso
1702 3874 1813 3930 Deo
1863 3874 2053 3943 appel-

474 3971 583 4024 lata
623 3970 793 4025 sunt?
819 3968 1011 4024 Nonne
1043 3963 1354 4022 manufacta
1387 3966 1680 4020 Cherubim
1728 3965 2051 4036 angelorum

473 4072 629 4119 erant
656 4061 965 4133 imagines?
993 4059 1123 4130 quid
1173 4059 1240 4114 ad
1295 4061 1409 4114 haec
1443 4057 1786 4128 respondes?
1815 4055 1972 4123 Quod
2005 4054 2052 4108 si

474 4157 578 4210 ista
632 4155 888 4210 nominas
949 4153 1117 4216 idola,
1173 4151 1303 4222 quid
1382 4151 1676 4205 dicendum
1727 4163 1922 4204 censes
1985 4147 2053 4202 de

473 4248 656 4318 Moyse
711 4253 766 4303 el.
822 4246 1033 4310 Israel,
1089 4244 1185 4314 qui
1238 4243 1354 4296 lure
1413 4237 1823 4295 adoraveruut?
1881 4236 2050 4307 Atqui

474 4337 726 4392 adoratio
775 4335 999 4407 quidem
1045 4334 1277 4390 honoris
1311 4339 1700 4403 argumentum
1757 4341 1861 4386 est.
1897 4329 2050 4395 Quo-

2146 537 2163 568 ι
2213 535 2362 587 ρωσα
2387 534 2400 547 ’
2436 516 2516 570 ἔτι
2549 515 2656 586 μὴν
2688 515 2785 568 καὶ
2813 514 2910 585 τὴν
2945 515 3254 586 σύγκλητον,
3283 519 3466 574 καὶτὸν
3486 521 3613 593 δῆμον

2142 623 2161 658 ι
2211 603 2545 676 Ῥωμαίων,
2597 607 2664 675 τῇ
2709 605 2913 675 ἀρχαίᾳ
2944 606 3258 676 ἐπιφανείᾳ,
3298 609 3382 660 καὶ
3415 613 3472 680 τῇ
3513 612 3614 685 λαμ.

2144 717 2162 750 ι
2210 697 2448 769 πρότητι
2473 695 2874 769 ἐλευθερώσας,
2905 696 3325 767 ἀποκατέστησα.
3359 716 3375 750 ι

2153 853 2255 907 Ἐκ
2295 853 2407 919 τῆς
2464 849 2980 922 ἐκκλησιαστικῆς
3032 846 3307 918 Ἱστορίας
3341 853 3613 922 Σωκράτους

2207 923 2456 986 βιϐλίου
2491 919 2762 990 πρώτου,
2801 922 3014 990 κεφαλ.
3051 927 3142 986 ιη’,
3185 921 3308 990 περὶ
3344 919 3618 980 τοῦήαὺτοῦ

2209 992 2537 1058 βασιλέως.

2220 1136 2239 1169 ι
2277 1119 2431 1172 Μετὰ
2472 1117 2648 1171 ταῦτα
2695 1119 2751 1172 δὲ
2797 1121 2826 1171 ὁ
2857 1116 3108 1187 βασιλεὺς
3135 1119 3506 1181 Κωνσταντῖνος
3537 1122 3622 1174 ἑπι-

2147 1210 2474 1281 μελέστερος
2503 1210 2580 1262 ὢν
2611 1210 2680 1263 τά
2725 1210 2855 1280 περὶ
2903 1207 3338 1279 Χριστιανισμοῦ,
3366 1209 3625 1280 ἀπεστράφη

2143 1301 2242 1364 τάς
2279 1298 2599 1370 Ἑλληνικὰς
2626 1299 2948 1370 θρησκείας,
2980 1300 3074 1353 καὶ
3098 1300 3252 1354 παύει
3279 1301 3339 1354 τὰ
3359 1303 3626 1373 μονομάχιαο

2145 1391 2359 1455 εἰκόνας
2395 1391 2452 1445 δὲ
2480 1391 2581 1454 τάς
2613 1390 2753 1455 ἰδίας
2782 1392 2842 1446 ὲν
2867 1393 2982 1456 τοῖς
3011 1393 3154 1456 ναοῖς
3183 1391 3415 1447 ἀπέθετο.
3451 1409 3469 1444 i

2146 1606 2456 1677 Στεφάνου
2477 1607 2828 1676 Βοστρηνοῦ
2864 1606 3018 1662 κατὰ
3051 1607 3358 1672 Ἰουδαίων,
3383 1609 3559 1678 saepe}.
3582 1606 3630 1660 δ’.

2225 1761 2243 1792 ι
2285 1742 2475 1812 Ἡμεῖς
2502 1743 2600 1806 τὰς
2641 1743 2856 1805 εἰκόνας
2885 1741 2998 1795 τῶν
3031 1741 3198 1810 ἁγίων
3235 1743 3310 1805 εἰς
3346 1743 3532 1812 μνήμην
3556 1741 3634 1793 τῶν

2150 1833 2322 1900 ἁγίων
2358 1834 2699 1903 ἐποιήσαμεν
2719 1876 2733 1899 ,
2770 1829 2881 1887 οἷον
2926 1834 3176 1905 ’Δ6ραάμ
3196 1873 3210 1899 ,
3239 1833 3325 1886 καὶ
3353 1831 3538 1897 Ἰσαὰκ,
3569 1832 3636 1885 καὶ

2161 1921 2358 1976 Ἰακὼϐ
2378 1962 2393 1988 ,
2435 1925 2531 1976 καὶ
2558 1925 2840 1989 Μωῦσέως
2863 1967 2877 1991 ,
2932 1926 3030 1980 καὶ
3090 1925 3266 1988 Ἠλία,
3296 1925 3381 1977 καὶ
3404 1924 3634 1995 Ζαχαρίου,

2148 2015 2244 2069 καὶ
2281 2017 2390 2068 τῶν
2447 2016 2652 2070 λοιπῶν
2703 2018 3006 2089 προφητῶν
3050 2019 3142 2071 καὶ
3187 2018 3343 2085 ἁγίων
3383 2015 3636 2087 μαρτύρων,

2147 2109 2257 2161 τῶν
2287 2110 2355 2162 δι’
2387 2110 2550 2163 αὐτὸν
2581 2111 3013 2183 ἀναιρεθέντων,
3056 2111 3144 2166 ἵνα
3172 2112 3272 2172 πᾶς
3296 2113 3321 2163 ὁ
3342 2109 3464 2180 ὁρῶν
3499 2107 3640 2162 αὐτῶν

2148 2203 2246 2266 τὰς
2267 2205 2502 2268 εἰκόνας,
2539 2202 2855 2276 μνημονεύῃ
2885 2203 3089 2267 αὐτῶν,
3121 2204 3214 2256 καὶ
3237 2202 3413 2273 δοξάζη
3434 2201 3508 2254 τὸν
3527 2197 3640 2266 δοξά-

2152 2312 2322 2348 σαντα
2355 2295 2574 2359 αύτούς.
2615 2314 2635 2348 ι

2241 2515 2352 2570 Τοῦ
2392 2517 2600 2571 αὐτοῦ.
2644 2536 2662 2570 ι
2699 2518 2836 2589 Περὶ
2881 2517 2941 2572 δὲ
2995 2520 3218 2572 εἰκόνων
3260 2516 3552 2590 θαρροῦμεν,
3579 2516 3642 2569 ὅτι

2151 2607 2260 2659 πᾶν
2313 2605 2474 2678 ἔργον
2503 2607 2790 2676 γινόμενον
2821 2608 2880 2660 ὲν
2924 2607 3155 2678 ὀνόματι
3198 2607 3357 2672 Θεοῦ,
3391 2605 3532 2660 καλὸν
3573 2603 3644 2659 καὶ

2151 2696 2306 2764 ἅγιόν
2331 2698 2469 2750 ἐστι.
2503 2698 2640 2768 Περὶ
2658 2697 2716 2750 δὲ
2738 2697 2982 2752 εἰδώλων
3007 2701 3100 2753 καὶ
3125 2698 3446 2769 ἀγαλμάτων,
3473 2698 3638 2764 ἄπαγε’

2151 2788 2298 2842 κακά
2327 2789 2435 2860 γὰρ
2462 2790 2556 2843 καὶ
2584 2790 2870 2854 ἀλλόκοτα,
2905 2790 3006 2843 καὶ
3036 2791 3194 2854 αὐτὰ,
3230 2790 3318 2843 καὶ
3348 2789 3392 2842 οἰ
3423 2786 3642 2848 ποιοῦντες

2151 2879 2310 2935 αὐτά.
2347 2881 2576 2949 Ἕτερον
2607 2881 2717 2952 γάρ
2750 2883 2899 2934 ἐστιν
2937 2880 3104 2936 εἰκὼν
3129 2884 3276 2952 ἁγίου
3298 2883 3556 2954 προφήτου,
3576 2879 3644 2932 καί

2150 2973 2335 3043 ἕτερον
2389 2973 2609 3044 ἄγαλμα
2660 2973 2692 3044 ἢ
2743 2973 2930 3039 ξόανον
2987 2976 3192 3045 Κρόνου
3242 2976 3330 3030 καί
3370 2972 3644 3043 Ἀφροδίτης,

2162 3061 2342 3116 Ἡλίου
2370 3080 2427 3117 τε
2463 3065 2558 3116 καὶ
2587 3063 2845 3134 Σελήνης.
2887 3065 3052 3118 Ἐπεὶ
3079 3065 3135 3119 δὲ
3169 3066 3259 3119 καὶ
3286 3065 3534 3134 ἄνθρωπος
3558 3059 3645 3114 κατ’

2153 3153 2337 3207 εἰκόνα
2350 3153 2484 3206 Θεοῦ
2513 3154 2729 3222 γέγονε,
2759 3159 3180 3225 προσκυνεῖται.
3210 3156 3264 3208 ’0
3289 3155 3339 3207 δὲ
3359 3155 3484 3222 ὄφις,
3505 3147 3644 3216 ἐπειδὴ

2153 3242 2316 3296 εἰκών
2352 3245 2467 3295 ἐστι
2514 3244 2800 3308 διαϐόλου,
2835 3245 3154 3316 ἀκάθαρτος
3193 3246 3304 3298 ἐστι
3341 3245 3422 3298 καὶ
3465 3240 3646 3308 ἀπόϐλη-

2153 3349 2262 3396 τος.
2296 3334 2358 3387 Εἰ
2396 3333 2454 3387 δὲ
2478 3334 2546 3387 τά
2573 3337 2927 3406 χειροποίητα
2961 3337 3242 3407 ἀποϐάλλῃ
3264 3373 3278 3398 ,
3319 3334 3461 3397 εἰπὲ,
3488 3328 3523 3385 ὦ
3552 3331 3645 3383 ’1ου-

2153 3424 2289 3487 δαῖε,
2320 3426 2373 3478 τί
2399 3426 2546 3479 ἐστιν
2572 3427 2666 3479 ἐπὶ
2685 3427 2788 3497 γῆς
2811 3427 3231 3499 ἀχειροποίητον
3253 3427 3280 3481 ὃ
3303 3425 3644 3498 προσκυνεῖταιὶ

2155 3512 2246 3584 Μὴ
2277 3514 2310 3584 ἡ
2338 3514 2570 3578 κιϐωτὸς
2603 3515 2696 3568 τοῦ
2725 3515 2860 3569 Θεοῦ
2891 3520 3276 3589 χειροποίητος
3300 3513 3399 3589 ἦν;
3434 3516 3486 3568 τὸ
3511 3513 3650 3565 θυσια-

2157 3605 2381 3675 στήριον
2405 3646 2418 3666 ,
2448 3607 2544 3660 καὶ⁵
2571 3607 2632 3660 τὸ
2667 3607 2986 3680 ίλαστήριον
3013 3652 3029 3678 ,
3061 3611 3154 3665 καὶ
3190 3611 3256 3665 τά
3285 3607 3558 3678 Χερουϐὶμ,
3582 3600 3654 3655 καὶ

2155 3695 2188 3764 ἠ
2223 3695 2457 3766 στάμνος
2484 3699 2516 3766 ἡ
2549 3701 2749 3769 χρυσῆ,
2791 3700 2824 3770 ἡ
2859 3699 3067 3770 ἔχουσα
3091 3700 3154 3753 τὸ
3185 3701 3372 3770 μάννα,
3401 3696 3521 3764 καὶὴ
3549 3691 3649 3763 τρά-

2155 3782 2318 3850 πεζα,
2361 3785 2456 3838 καὶ
2487 3787 2521 3856 ή
2555 3787 2728 3858 σκηνὴ
2767 3789 2800 3858 ἡ
2843 3789 3127 3860 ὲσωτέρα,
3163 3789 3258 3844 καὶ
3287 3789 3449 3844 πάντα
3479 3785 3508 3840 ἃ
3529 3785 3653 3849 ’Δγια

2154 3878 2326 3946 ἁγίων
2356 3879 2667 3952 ἐκλήθησαν
2707 3881 2810 3936 ύπδ
2843 3883 2940 3937 τοῦ
2977 3884 3120 3938 Θεοῦ
3149 3903 3163 3951 ;
3200 3886 3308 3939 Οὐκ
3338 3879 3463 3954 ἦσαν
3493 3879 3546 3932 τὰ
3576 3877 3653 3929 Xs-

2159 3972 2358 4043 ρουόὶμ
2403 3975 2777 4046 χειροποίητα,
2823 3976 3039 4042 εἰκόνες
3090 3978 3373 4048 ἀγγέλωνς
3415 3975 3461 4028 τί
3487 3973 3655 4040 λέγεινςῖ

2154 4063 2217 4114 El
2258 4063 2450 4117 εἴδωλα
2493 4066 2786 4129 ἀποκαλεῖς
2828 4068 3006 4134 αύτά,
3058 4070 3112 4122 τί
3164 4069 3334 4136 λέγεις
3383 4066 3454 4135 τῷ
3499 4060 3656 4128 Μωῦδῇ

2154 4157 2616 4228 προσκυνήσαντι,
2653 4158 2745 4211 καὶ
2770 4159 2848 4228 τῷ
2891 4160 3142 4232 Ἰσραήλ;
3170 4161 3330 4230 Καιὴ
3363 4158 3450 4230 μὲν
3473 4149 3658 4226 προσκῠ.

2154 4263 2329 4317 νησις.
2353 4248 2517 4319 τιμῆς
2541 4251 2657 4303 ἐστι
2679 4249 2971 4320 σύμϐολον.
3006 4253 3209 4315 Καθὼς
3239 4251 3330 4305 καὶ
3361 4250 3504 4320 ἡμεῖς
3529 4246 3660 4311 ἀμαρ-

2152 4339 2312 4392 τωλοὶ
2341 4341 2776 4412 προσκυνοῦμεν,
2814 4342 2906 4397 τὸν
2938 4344 3044 4413 μὲν
3080 4344 3232 4410 Θεὸν,
3264 4342 3395 4398 κατὰ
3417 4341 3501 4412 τὴν
3522 4332 3659 4403 θεῖκὴν

475 4431 626 4485 circa
655 4441 758 4482 nos
789 4441 1008 4496 quoque
1042 4431 1384 4495 peccatores,
1440 4421 1607 4476 Deum
1655 4419 1879 4490 quidem
1915 4419 2047 4473 ado-

2155 4429 2410 4500 λατρείαν
2468 4433 2563 4484 καὶ
2599 4431 2758 4497 ἀξίαν
2827 4435 3206 4506 προσκύνησιν
3249 4433 3548 4501 δοξάζομεν,
3591 4421 3660 4475 καὶ

475 4532 662 4574 ramus
722 4517 934 4582 divino,
993 4516 1086 4584 qui
1171 4514 1278 4583 ipsi
1337 4512 1589 4576 debetur,
1635 4511 1810 4564 latria:
1868 4511 2047 4579 cultu,

475 4614 764 4682 ipsumque
794 4625 892 4664 ceu
925 4615 1230 4663 creatorem
1266 4612 1321 4660 ct
1351 4603 1658 4659 beneficum
1689 4617 2004 4658 reveremur
2032 4619 2044 4655 :

475 4703 698 4775 angelos
727 4715 878 4766 vero,
913 4697 1118 4768 Deique
1160 4695 1418 4762 famulos,
1473 4695 1540 4749 ad
1597 4694 1688 4749 Dei
1732 4694 1907 4764 ipsius
1935 4696 2052 4765 glo-

473 4798 638 4859 riam,
679 4801 938 4863 tauquam
976 4805 1064 4845 res
1099 4805 1129 4843 a
1163 4787 1271 4844 Deo
1325 4786 1596 4851 conditas,
1651 4786 1812 4856 eique
1859 4786 2049 4855 subje-

473 4895 612 4940 rtas.
653 4883 838 4953 Imago
897 4880 1166 4951 siquidem
1218 4887 1303 4934 est
1364 4892 1562 4932 nomen
1623 4876 2046 4946 similitudoque

473 4979 621 5033 illius
655 4975 750 5046 qui
785 4975 839 5028 in
867 4974 981 5043 ipsa
1011 4971 1260 5040 depictus
1294 4980 1398 5024 est.
1428 4967 1792 5034 Quamobrem
1828 4965 2042 5023 Domini

474 5076 908 5135 sanctorumque
936 5063 1328 5133 prophetarum
1376 5058 1680 5120 cruciatus,
1713 5057 1805 5126 qui
1835 5056 1889 5109 in
1928 5057 2046 5127 lege

473 5171 528 5215 et
585 5158 893 5230 Evangeliis
951 5153 1214 5224 descripti
1265 5158 1416 5215 sunt,
1475 5157 1591 5204 tum
1655 5163 1752 5218 per
1807 5147 2045 5214 litteras,

474 5262 590 5308 tum
640 5267 736 5322 per
793 5249 1092 5319 imaginum
1151 5243 1559 5317 expressiones,
1612 5240 1668 5296 in
1721 5239 2046 5295 memoriam

477 5359 694 5414 semper
720 5354 1066 5401 revocamus.
1098 5357 1118 5392 ο

2149 4523 2427 4595 τρέμομεν
2475 4523 2550 4588 ὡς
2590 4525 2820 4597 ποιητὴν
2859 4526 2954 4580 καὶ
2999 4527 3236 4599 χορηγὸν
3275 4511 3454 4595 ἡμῶν·
3492 4517 3597 4578 τοὺς
3619 4511 3660 4564 δδ

2150 4614 2420 4682 ἀγγέλους
2465 4615 2562 4668 καὶ
2607 4617 2825 4680 δούλους
2867 4617 2964 4670 τοῦ
3014 4619 3154 4672 Θεοῦ
3209 4616 3345 4671 κατά
3409 4610 3554 4682 τιμὴν
3590 4600 3659 4656 τοῦ

2149 4705 2284 4758 Θεοῦ
2312 4745 2328 4770 ,
2378 4706 2454 4770 ὡς
2511 4707 2796 4778 ποιήματα
2838 4707 2934 4762 τοῦ
2969 4707 3109 4761 Θεοῦ
3151 4710 3244 4761 καὶ
3285 4702 3486 4765 δούλους
3515 4690 3656 4754 aitai-

2149 4799 2327 4854 Εἰκὼν
2371 4799 2479 4872 γάρ
2527 4801 2676 4853 ἐστιν
2716 4799 2888 4871 ὄνομα
2940 4801 3036 4854 καὶ
3076 4800 3332 4871 ὁμοίωσις
3355 4794 3442 4849 τοῦ
3477 4796 3526 4847 ὲν
3555 4784 3658 4853 uitii

2149 4892 2470 4963 γραφέντος.
2503 4893 2595 4945 Διὸ
2627 4896 2720 4947 καὶ
2751 4893 3047 4964 γράμμασι
3091 4894 3186 4947 καὶ
3239 4889 3557 4961 χαράγμασιν
3595 4875 3660 4932 ἀεὶ

2155 4984 2567 5053 μνημονεύομεν
2596 4983 2704 5037 τῶν
2731 4983 2827 5037 τοῦ
2864 4985 3070 5056 Κυρίου
3107 4981 3454 5054 παθημάτων,
3479 4968 3659 5028 καὶτῶν

2151 5073 2323 5141 ἁγίων
2377 5074 2712 5144 προφητῶν,
2759 5074 2869 5129 τῶν
2914 5077 2972 5129 ὲν
3023 5075 3178 5146 νόμῳ
3234 5071 3326 5126 καὶ
3367 5057 3658 5134 Εὐαγγελίοις

2151 5167 2571 5240 γεγραμμένων.
2614 5186 2634 5222 ι

1992 5517 2223 5575 NOTAE.

559 5634 672 5704 ('50)
734 5634 958 5693 Deorum
1017 5637 1244 5710 utique,
1299 5637 1416 5696 sive
1466 5637 1765 5705 idolorum;
1857 5645 1916 5692 ut
1969 5653 2078 5695 non
2150 5637 2295 5693 male
2349 5634 2886 5707 Christophorsonus
2949 5640 3000 5690 et
3068 5626 3314 5683 Valesius
3368 5599 3652 5686 interprﬂlli

493 5712 650 5765 sunt.
