3928 6196
284 240 416 307 13η

1380 239 1479 300 DE
1506 236 1967 298 IMAGINIBUS
1997 235 2276 296 ORATIO
2311 237 2425 295 III.

3408 240 3549 321 i373

288 351 399 407 Τοῦ
430 348 606 420 ἁγίου
664 350 992 419 Γρηγορίου
1025 347 1365 416 Ναζῖανζοῦ,
1414 351 1483 405 ἐκ
1527 348 1632 404 τοῦ
1674 348 1859 419 λόγου

1972 346 2121 415 3'71
2150 345 2339 401 Sancti
2362 346 2597 420 Cfcgorii
2630 344 2991 411 Nazianzcni,
3010 362 3075 401 ex
3098 349 3336 405 oratione
3363 364 3549 408 contra

450 421 559 474 τοῦ
603 420 753 474 κατὰ
798 420 1124 474 Ἰουλιανοῦ
1160 420 1265 475 τοῦ
1309 420 1673 489 παραϐιὶτου.

358 531 379 565 t
413 506 487 565 Οὗ
519 510 589 564 τά
629 511 875 581 σύμϐολα
908 512 1007 581 τῆς
1049 511 1141 564 ἐπὶ
1166 510 1342 581 τούτῳ
1373 511 1611 583 πληγῆς,
1636 510 1692 563 αἱ
1721 511 1863 563 εἰκό-

283 620 369 667 νες
395 603 670 673 φέρουσιν,
711 602 793 654 ἔτι
816 601 1075 672 δημοσίαι
1110 601 1489 671 προκείμεναι.
1523 617 1540 651 ι

288 693 397 749 Τοῦ
424 692 856 762 Χρυσοστόμου
898 692 1031 815 (διί),
1070 690 1284 817 ea]???
1299 691 1612 761 ἑρμηνείας
1644 688 1751 743 τοῦ
1777 688 1862 742 δι-

892 780 967 816 κιι
994 780 1066 816 ου
1164 779 1209 813 ω
1253 800 1265 815 .

892 779 1066 816 καιου
1128 779 1265 816 ιωο.

357 874 377 907 ι
426 856 516 909 Ἐν
538 853 753 918 τούτοις
797 855 935 907 πᾶσι
975 856 1089 917 τοῖς
1138 852 1543 924 συμϐεϐηκόσιν
1566 851 1734 922 αὐτῷ,
1760 851 1861 904 οὐκ

280 947 478 1000 ἔδωκεν
511 945 825 1017 ἀφροσύνην
863 944 941 1015 τῷ
978 944 1129 1016 Θεῷ·
1181 944 1433 1016 καθάπερ
1460 944 1552 997 ἐπὶ
1583 942 1691 996 τῶν
1717 941 1859 995 εἰκό-

279 1053 406 1099 νων,
434 1035 655 1089 ἐπειδάν
691 1052 813 1089 τινα
837 1034 1139 1105 γράφωμεν
1176 1034 1233 1087 ὲν
1257 1036 1322 1103 τῇ
1366 1035 1610 1103 ἱστορικῇ
1648 1034 1857 1101 γραφῇ.

290 1128 354 1181 '0
393 1127 561 1180 δεῖνα
600 1126 877 1194 ἀνέθηκε,
925 1126 1235 1196 γράφομεν,
1286 1124 1429 1177 οὕτω
1478 1124 1571 1177 καὶ
1601 1122 1856 1186 ἐνταῦθα,

277 1218 377 1289 τὴν
407 1218 588 1271 εἰκόνα
609 1218 708 1287 τῆς
736 1217 915 1287 ψυχῆς
937 1216 1099 1270 αὐτοῦ
1128 1216 1363 1287 γράψας,
1401 1216 1429 1268 ὁ
1452 1215 1667 1285 γράψας
1689 1213 1750 1267 τὸ
1778 1213 1860 1283 βι-

277 1310 447 1375 ϐλίον,
470 1309 659 1380 ὥσπερ
697 1310 753 1361 ὲν
777 1307 1025 1379 χοινικίδι
1053 1307 1297 1361 κάτωθεν
1333 1308 1664 1376 ὑπογράφων
1687 1306 1855 1375 λέγει·

290 1399 395 1456 Ἐν
434 1402 666 1465 τούτοις
707 1398 858 1453 πᾶσι
909 1399 1028 1465 τοῖς
1056 1399 1509 1469 συμϐεϐηκόσιν
1536 1395 1697 1465 αὐτῷ
1740 1400 1854 1468 οὐχ

278 1492 545 1561 ἥμαρτεν
588 1490 729 1546 Ἰὼϐ.
770 1509 788 1541 ι

276 1585 375 1636 Ἐκ
400 1583 508 1637 τοῦ
524 1584 670 1647 ,ϐίου
688 1583 794 1637 τοῦ
815 1584 988 1654 ἁγίου
1018 1582 1761 1648 Κωνσταντίνου,βι6λίου
1783 1579 1854 1636 δ’.

2378 414 2658 470 lulianum
2702 426 3007 485 apostatam
3047 420 3113 473 ⁸².

2038 523 2056 556 ι
2098 505 2279 575 Hujus
2325 508 2528 577 quippe
2562 508 2804 563 vulneris
2844 508 3003 579 signa
3036 520 3302 578 promunt
3348 512 3543 583 imagi-

1962 613 2061 653 nes
2091 600 2145 653 in
2178 599 2317 655 locis
2349 600 2585 669 publicis
2610 608 2829 654 erectae.
2863 618 2882 653 ›

1964 690 2147 745 Sancti
2212 690 2442 746 Joannis
2504 692 2911 815 Citrysosto‘rlni,
2973 706 3041 747 ea:
3093 694 3434 749 enarratione
3491 697 3547 749 in

2564 772 2765 815 iustum
2837 768 2920 815 ob.

2554 772 2765 830 justum
2796 772 2920 815 Job.

2035 868 2055 902 ι
2089 849 2146 904 In
2188 850 2273 905 his
2328 851 2590 906 omnibus
2638 867 2759 921 quae
2816 852 2917 920 ipsi
2970 852 3340 923 contigerunt,
3407 854 3545 907 nihil

1960 941 2291 1011 insipienter
2336 942 2605 997 adversus
2643 942 2811 998 Deum
2862 944 3079 999 loculus
3112 952 3218 1001 est.
3268 944 3543 1011 Quemad-

1961 1033 2274 1089 modumin
2328 1034 2665 1105 imaginibus
2705 1050 2829 1089 cum
2882 1036 3199 1106 eujuspiam
3263 1040 3546 1108 pinximus

1960 1123 2249 1179 historiam
2279 1164 2293 1189 ,
2341 1125 2626 1180 ascribere
2680 1124 2928 1179 solemus
2978 1143 2992 1178 :
3059 1123 3135 1179 Ν.
3184 1129 3543 1192 consecravit;

1960 1218 2044 1273 sic
2097 1219 2192 1288 qui
2248 1218 2449 1274 librum
2512 1220 2659 1274 hunc
2713 1219 2957 1289 scripsit,
3007 1228 3293 1289 postquam
3346 1223 3545 1277 anima:

1959 1308 2111 1364 illius
2147 1310 2440 1379 imaginem
2469 1310 2786 1376 delineavit,
2829 1310 2977 1365 velut
3028 1311 3085 1364 in
3132 1319 3375 1365 extrema
3425 1329 3543 1365 mo-

1958 1399 2088 1455 dioli
2116 1408 2274 1470 parte
2296 1400 2690 1467 subscribens,
2730 1400 2870 1454 dixit
2902 1417 2915 1453 :
2959 1398 3024 1453 In
3058 1400 3297 1455 omnibus
3326 1401 3404 1455 his
3430 1417 3547 1471 quia

1960 1489 2270 1544 acciderunt
2293 1490 2415 1559 ipsi,
2450 1507 2553 1544 non
2587 1491 2818 1558 peccavit
2845 1489 2945 1544 Job
2986 1488 3058 1544 ⁸³.
3100 1507 3119 1543 ι

2065 1581 2133 1637 1η
2172 1582 2293 1637 Vita
2318 1585 2489 1637 sancti
2517 1582 2856 1637 Constantini
2894 1581 3027 1635 libro
3058 1598 3110 1637 tv
3146 1581 3290 1651 (cap.
3327 1582 3437 1653 15).

353 1692 373 1724 ι
406 1673 547 1743 Ὅσῃ
580 1672 635 1726 δὲ
652 1674 829 1727 ἀὑτοῦ
863 1676 895 1745 ἡ
927 1675 1104 1745 ψυχὴ,
1140 1675 1373 1737 πίστεως
1413 1673 1598 1727 ἐνθέου
1638 1674 1856 1745 ἐστήρι-

2033 1689 2052 1723 ι
2088 1670 2307 1739 Quanto
2347 1680 2531 1728 autem
2578 1672 2701 1727 ﬁdei
2732 1673 2929 1727 robore
2971 1673 3195 1728 animus
3229 1672 3349 1742 ejus
3382 1674 3548 1729 obﬁr-

278 1781 375 1817 κτο
398 1764 644 1834 δυνάμει,
676 1765 836 1833 μάθοι
868 1766 933 1819 ἄν
958 1783 1041 1830 τις
1072 1767 1166 1819 καὶ
1207 1769 1271 1819 ἐκ
1312 1765 1484 1829 τοῦδε,
1510 1765 1858 1836 λογιζόμενος

274 1856 352 1918 ὡς
374 1856 431 1908 ὲν
451 1857 562 1918 τοῖς
582 1858 802 1926 χρυσοῖς
823 1856 1172 1927 νομίσμασιν,
1194 1856 1354 1920 αὐτὸς
1378 1855 1475 1927 τὴν
1491 1856 1556 1908 αὐ
1567 1854 1655 1908 τοῦ
1675 1854 1858 1909 εἰκόνα

273 1947 620 2018 διεγράφετο,
672 1948 749 2013 ὡς
784 1950 897 2003 ἄνω
936 1948 1155 2019 βλέπειν
1199 1949 1409 2014 δοκεῖν,
1447 1948 1857 2020 ἀνατεταμένην

277 2040 414 2110 πρὸς
436 2039 588 2106 Θεὸν,
613 2040 909 2111 εὐχομένου
938 2041 1157 2112 τρόπον.
1190 2040 1392 2094 Τούτου
1429 2040 1528 2111 μὲν
1548 2036 1640 2094 οὖν
1669 2041 1739 2093 τά
1767 2044 1859 2094 ὲκ-

276 2130 601 2201 τυπώματα,
640 2132 759 2185 καθ’
790 2132 918 2203 ὅλης
944 2134 1041 2203 τῆς
1078 2132 1365 2205 Ῥωμαίων
1388 2133 1489 2203 γῆς
1515 2146 1564 2197 ι,
1598 2134 1656 2185 ὲν
1675 2134 1859 2197 αὐτοῖς

274 2222 332 2276 δὲ
362 2224 472 2286 τοῖς
503 2222 792 2293 βασιλείοις
841 2225 983 2278 κατά
1029 2243 1179 2288 τινας
1202 2225 1406 2289 πόλεις,
1444 2228 1501 2278 ὲν
1542 2228 1661 2289 ταῖς
1691 2228 1771 2288 είς
1797 2226 1858 2280 τὸ

278 2315 554 2387 μετέωρον
575 2315 683 2368 τῶν
712 2316 1003 2387 προπύλων
1028 2317 1415 2387 ἀνακειμένοις
1439 2318 1660 2381 εἰκόσιν,
1688 2317 1857 2381 ἑστὼς

274 2404 457 2474 ὄρθιος
485 2405 775 2477 ἐγράφετο,
812 2408 923 2463 ἄνω
949 2408 1048 2479 μὲν
1078 2409 1159 2472 είς
1180 2408 1270 2461 τὸν
1291 2408 1520 2479 οὐρανὸν
1545 2408 1855 2477 ἐμϐλέπων,

275 2500 358 2553 τὼ
380 2500 524 2569 χεῖρε
556 2499 921 2569 ὲκτεταμένω,
973 2500 1267 2571 εὐχομένου
1297 2502 1557 2571 σχήματι.
1588 2496 1717 2553 Ὧδε
1758 2502 1858 2571 μὲν

275 2585 373 2644 οὖν
401 2590 559 2655 αὐτὸς
600 2591 793 2646 ἑαυτὸν
840 2593 899 2646 ὲν
928 2596 1049 2657 ταῖς
1098 2592 1536 2665 είκονογραφίαις
1565 2592 1857 2665 εὐχόμενον

279 2682 499 2754 ἱστορεῖ.
543 2701 562 2736 ι

513 2858 622 2913 Τοῦ
646 2859 855 2925 αὑτοῦ,
885 2858 953 2913 ἐκ
987 2858 1093 2913 τοῦ
1120 2858 1322 2927 τρίτου
1343 2858 1609 2923 βιϐλίου.

354 2968 373 3002 t
402 2942 531 3004 ’Ὧδε
564 2949 661 3020 μὲν
690 2947 785 3004 οὖν
811 2953 842 3021 ἡ
882 2950 1145 3019 βασιλέως
1174 2948 1470 3004 ἐτελειοῦτο
1504 2951 1709 3022 μήτηρ,
1733 2950 1861 3015 ἀξία

1964 1770 2150 1819 matus
2182 1762 2363 1828 fuerit,
2397 1778 2463 1819 ex
2499 1778 2565 1819 eo
2589 1764 2800 1833 quisvis
2831 1763 3122 1832 intelligat,
3155 1764 3298 1834 quod
3354 1766 3538 1819 aureis

1966 1854 2019 1909 in
2054 1855 2295 1911 nummis
2322 1868 2476 1911 suam
2509 1854 2627 1922 ipse
2658 1854 2954 1924 imaginem
2994 1853 3069 1906 ita
3106 1854 3368 1924 cogitavit
3395 1855 3547 1910 cIIin-

1965 1932 2238 2015 gendam,
2278 1954 2337 2000 ut
2390 1946 2446 1999 in
2494 1944 2861 2015 supplicantis
2905 1944 3125 1999 modum
3172 1959 3435 2000 conversa
3478 1944 3548 1998 ad

1966 2036 2136 2092 Deum
2197 2038 2360 2102 faeie,
2412 2046 2665 2108 spectare
2718 2051 2941 2093 sursum
2996 2035 3300 2093 videretur.
3363 2036 3547 2105 Atque

1964 2128 2085 2199 ejus
2115 2128 2339 2199 quidem
2373 2129 2576 2200 eﬂigies
2609 2129 2890 2199 impressa:
2928 2142 3027 2197 per
3077 2128 3387 2183 universam
3433 2126 3547 2182 Ro-

1965 2234 2251 2274 manorum
2286 2220 2550 2276 ditionem
2604 2221 3028 2291 spargebantur.
3068 2219 3411 2285 Quibusdam
3447 2236 3549 2275 au-

1965 2317 2072 2367 tem
2127 2311 2183 2365 .in
2236 2311 2554 2366 civitatibus
2585 2311 2641 2364 in
2676 2309 3029 2366 eminentiori
3082 2310 3356 2380 regiarum
3406 2309 3552 2380 ipsa-

1964 2416 2087 2455 rum
2148 2402 2396 2471 porticus
2450 2409 2608 2472 parte
2667 2401 2932 2471 imagines
2995 2402 3170 2471 ipsius
3223 2401 3301 2455 ita
3361 2401 3553 2472 depin-

1964 2492 2250 2562 gebantur,
2284 2501 2346 2547 ut
2382 2504 2567 2548 rectus
2599 2492 2739 2562 ipse,
2772 2492 3161 2561 protensisque
3192 2490 3552 2561 supplicantis

1965 2599 2118 2638 more
2152 2585 2407 2640 manibus
2444 2594 2622 2652 stans,
2670 2586 2869 2641 malum
2914 2584 3245 2653 suspiceret.
3298 2582 3390 2637 Sic
3421 2598 3552 2655 ergo

1966 2680 2209 2747 seipsum
2267 2679 2320 2734 in
2378 2680 2611 2751 picturis
2678 2679 2955 2750 precantis
3003 2677 3195 2733 habitu
3248 2690 3552 2747 repraesen-

1966 2768 2139 2824 tabat.
2181 2787 2200 2822 ι

2398 2861 2653 2928 Ejusdem
2683 2878 2748 2917 ex
2778 2862 2911 2916 libro
2947 2860 3126 2916 tertio.

2043 2970 2063 3005 ι
2101 2955 2217 3009 Hoc
2257 2953 2423 3024 igitur
2456 2954 2621 3008 modo
2652 2953 3005 3023 imperatoris
3036 2959 3211 3007 mater
3237 2950 3424 3007 vivere
3456 2950 3551 3006 de-

272 3060 336 3096 τε
367 3044 532 3115 τιμῆς
566 3042 842 3113 πλείστης,
906 3043 1013 3096 τῶν
1064 3060 1125 3095 τε
1166 3042 1339 3113 αὐτῆς
1380 3042 1544 3097 ἕνεκα
1600 3042 1859 3111 θεοφιλῶν

1972 3045 2077 3113 siit,
2102 3060 2249 3116 quae,
2272 3058 2395 3100 cum
2429 3052 2655 3115 propter
2702 3045 2985 3115 religionis
3015 3059 3079 3099 ac
3108 3044 3329 3115 pietatis
3358 3059 3550 3114 opera,

276 3134 553 3206 πράξεων,
590 3134 684 3188 τοῦ
736 3152 795 3187 τε
850 3133 912 3198 ἐξ
962 3135 1134 3205 αὐτῆς
1187 3133 1384 3204 φύντος
1418 3134 1729 3205 ὑπερφυοῦς
1766 3136 1859 3188 καὶ

1972 3138 2160 3195 honori
2199 3138 2436 3206 Plurima
2480 3137 2645 3207 digna
2695 3136 2817 3202 fuit,
2852 3146 2967 3191 tum
3007 3144 3230 3208 propter
3267 3136 3550 3192 excellen-

275 3226 584 3298 παραδόξου
632 3226 802 3295 φυτοῦ
823 3242 836 3256 ·
884 3225 943 3279 δν
975 3227 1110 3297 πρὸς
1160 3228 1274 3289 τοῖς
1302 3227 1497 3293 ἅπασι,
1536 3226 1631 3281 καὶ
1656 3227 1756 3297 τῆς
1782 3228 1859 3291 είς

1972 3237 2074 3284 tem
2097 3236 2152 3284 et
2184 3228 2568 3283 admirabilem
2606 3228 2848 3298 plantam
2886 3227 3038 3284 illam
3070 3240 3239 3297 quam
3271 3240 3337 3281 ex
3364 3241 3422 3282 se
3451 3241 3547 3296 ge-

275 3320 376 3388 τὴν
398 3318 807 3389 γεννησαμένην
828 3318 1000 3383 ὁσίας,
1029 3318 1351 3389 μακαρίζειν
1374 3319 1544 3385 ἄξιον.
1579 3318 1736 3372 Οὕτω
1762 3319 1861 3390 μὲν

277 3407 448 3479 αὐτὴν
469 3407 692 3479 θεοσεϐῆ
716 3412 1157 3479 καταστήσαντα,
1195 3408 1268 3481 μὴ
1290 3405 1454 3464 οὖσαν
1484 3409 1543 3463 τὸ
1574 3411 1859 3481 πρότερον,

278 3500 355 3563 ὼς
387 3499 537 3571 αὐτῷ
568 3500 743 3555 δοκεῖν
776 3503 839 3554 ἐκ
874 3500 1094 3572 πρώτης
1117 3501 1194 3571 τῷ
1232 3500 1395 3570 κοινῷ
1437 3501 1654 3573 Σωτῆρι
1682 3501 1862 3573 μεμά-

280 3590 574 3660 θητεῦσθαι
596 3607 608 3622 ·
653 3590 796 3644 οὕτω
834 3590 889 3642 δὲ
912 3590 990 3660 τῷ
1024 3589 1297 3660 ἀξιώματι
1343 3589 1610 3659 βασιλικῷ
1638 3608 1862 3662 τετιμη-

280 3680 434 3745 κότα,
465 3680 540 3745 ὡς
560 3682 616 3734 ὲν
646 3680 845 3735 ἅπασιν
867 3680 1065 3745 ἔθνεσι,
1094 3680 1190 3732 καὶ
1210 3679 1339 3751 παρ’
1361 3680 1544 3743 αὐτοῖς
1566 3683 1677 3743 τοῖς
1700 3698 1863 3751 στρα-

277 3774 551 3834 τιωτικοῖς
595 3774 892 3843 τάγμασιν,
925 3772 1285 3842 Λύγούσταν
1316 3769 1614 3834 βασιλίδα
1665 3771 1862 3838 ἀναγο-

281 3860 562 3931 ρεύεσθαι,
594 3865 817 3933 χρυσοῖς
852 3880 911 3915 τε
942 3862 1242 3939 νομίσμασι
1274 3860 1369 3913 καὶ
1390 3858 1488 3930 τὴν
1514 3858 1685 3929 αὐτῆς
1706 3861 1863 3912 ὲκτυ-

281 3958 515 4013 ποῦσθαι
540 3956 744 4011 εἰκόνα.
782 3974 801 4009 ι

429 4220 541 4275 Τοῦ
573 4217 761 4273 αὐτοῦ
798 4216 1077 4285 τετάρτου
1108 4215 1318 4284 λόγου,
1364 4213 1577 4282 κεφαλ.
1611 4211 1718 4277 ἔθ’.

357 4330 378 4365 ι
410 4312 475 4366 Οἱ
496 4311 552 4364 δὲ
584 4310 683 4381 τὴν
706 4307 952 4380 βασιλίδα
978 4306 1129 4359 πόλιν
1155 4304 1447 4370 οἰκοῦντες,
1473 4302 1609 4374 αὐτῇ
1639 4305 1703 4373 τῇ
1730 4318 1860 4370 συγ-

1962 3319 2114 3385 nuit;
2157 3333 2327 3388 quem
2359 3318 2601 3388 quidem,
2635 3333 2761 3373 cum
2799 3318 3063 3375 omnibus
3096 3317 3221 3372 aliis
3245 3315 3314 3373 de
3341 3317 3548 3382 causis,

1963 3419 2076 3465 tum
2110 3411 2181 3465 ob
2210 3411 2332 3480 ejus
2359 3424 2489 3481 erga
2518 3419 2753 3465 matrem
2786 3410 3043 3481 pietatem
3088 3411 3308 3464 beatum
3354 3408 3552 3479 praedi~

1962 3516 2091 3557 care
2121 3502 2428 3558 debemus:
2482 3502 2689 3573 quippe
2734 3503 2828 3571 qui
2883 3502 3053 3569 illam,
3088 3516 3212 3557 cum
3248 3500 3344 3555 Dei
3377 3501 3551 3556 cultui

1962 3593 2177 3647 addicta
2203 3593 2355 3662 prius
2385 3608 2495 3646 non
2526 3600 2694 3656 esset,
2730 3594 2813 3648 sic
2844 3593 3165 3662 religiosam
3199 3590 3457 3659 reddidit,
3493 3602 3551 3646 ut

1963 3697 1992 3736 a
2026 3684 2284 3753 primaeva
2322 3688 2485 3737 aetate
2538 3698 2569 3736 a
2620 3684 2903 3737 communi
2956 3684 3205 3737 omnium
3266 3682 3553 3737 Salvatorc

1961 3773 2173 3828 erudita
2205 3772 2503 3828 .videretur.
2532 3771 2708 3841 Ipsam
2734 3772 2955 3827 demum
2992 3772 3346 3843 imperatoria
3376 3772 3551 3842 digni-

1962 3869 2073 3915 tate
2103 3861 2502 3922 coltonestavit,
2536 3870 2595 3914 ut
2642 3861 2785 3931 apud
2822 3876 3013 3918 omnes
3044 3869 3235 3932 gentes
3259 3904 3274 3927 ,
3332 3876 3549 3916 necnon

1963 3950 2106 4020 apud
2127 3951 2639 4021 ipsasmetmilitum
2669 3952 2949 4018 cohortes,
2979 3952 3292 4021 impcratria:
3312 3953 3551 4024 Augusta

1962 4040 2431 4111 proclamaretur,
2460 4041 2751 4112 imagoque
2784 4041 2908 4111 ejus
2936 4042 3188 4099 nummis
3217 4041 3404 4098 aureis
3442 4042 3549 4097 im-

1965 4133 2311 4203 primeretur.
2357 4152 2377 4184 ι

2321 4222 2575 4292 Ejusdem
2604 4238 2669 4277 ea:
2705 4222 2840 4277 libro
2870 4239 2944 4288 tv,
2978 4238 3093 4292 cap.
3129 4223 3218 4279 69.

2042 4334 2060 4365 ι
2097 4314 2201 4381 Qui
2252 4331 2382 4369 vero
2427 4316 2618 4370 urbem
2654 4314 2857 4385 regiam
2898 4314 3237 4381 incolebant,
3283 4330 3391 4371 una
3424 4331 3548 4372 cum

280 4404 469 4475 κλήτῳ
499 4404 593 4455 καὶ
624 4402 783 4473 δήμῳ
835 4398 1121 4469 Ῥωμαίων
1147 4438 1161 4463 ,
1211 4397 1286 4461 ὡς
1317 4396 1414 4467 τὴν
1459 4395 1723 4467 βασιλέως
1767 4397 1859 4447 ἐπ-

1972 4414 2165 4462 senatu
2196 4407 2509 4477 pepuloque
2540 4384 2812 4471 Romano,
2847 4407 2937 4463 ubi
2974 4406 3212 4476 primum
3254 4408 3550 4478 imperato-

282 4496 531 4563 έγνωσαν
552 4493 807 4560 τελευτὴν
833 4534 849 4559 ,
886 4492 1033 4561 δεινῇ
1078 4490 1175 4543 καὶ
1220 4492 1400 4560 πάσης
1446 4488 1733 4559 συμφορᾶς
1764 4488 1865 4540 ἑπ-

282 4589 470 4641 έκεινα
496 4589 562 4657 τῇ
594 4587 730 4656 ἀκοῇ
762 4584 1056 4654 δεδεμένοι,
1081 4582 1275 4643 πένθος
1305 4582 1531 4652 ἄσχετον
1562 4579 1864 4633 ἐποιοῦντο.

286 4681 503 4751 Λουτρᾶ
532 4680 586 4732 δὲ
614 4679 966 4733 ἁπεκλείοντο
986 4678 1079 4729 καὶ
1100 4678 1315 4744 ἀγοραὶ,
1342 4676 1512 4746 πάνδη
1522 4674 1610 4745 μοί
1632 4692 1691 4727 τε
1722 4672 1863 4737 θέαι,

286 4773 383 4826 καὶ
423 4772 599 4826 πάντα
635 4772 736 4824 ὅσα
770 4771 860 4823 ἐπὶ
886 4768 1137 4840 ῥᾳστώνῃ
1166 4769 1281 4838 βίου
1308 4770 1420 4831 τοῖς
1441 4767 1867 4838 εύθυμουμένοις

286 4864 548 4935 πράττειν
582 4862 700 4926 ἔθος
736 4858 824 4933 ἦν.
862 4863 1140 4931 Καττιφείς
1184 4861 1240 4913 δὲ
1296 4861 1343 4912 οἱ
1375 4859 1539 4913 πάλαι
1576 4860 1860 4930 τρυφηλοὶ,

286 4956 385 5018 τὰς
423 4955 680 5026 προόδους
714 4954 1025 5008 ἐποιοῦντο·
1077 4954 1212 5022 ὁμοῦ
1236 4971 1293 5006 τε
1329 4952 1528 5016 πάντες
1562 4952 1654 5005 τὸν
1684 4954 1863 5022 μακά-

290 5064 406 5119 ριον
454 5047 825 5118 ἀνευφήμουν,
876 5047 967 5098 τὸν
1003 5045 1247 5113 θεοφιλῆ,
1285 5044 1375 5097 τὸν
1420 5042 1495 5106 ὡς
1526 5043 1737 5114 ἀληθῶς
1768 5046 1865 5112 τῆς

388 5228 436 5260 ⁸³
473 5226 687 5282 Inrect.
715 5225 934 5295 t,p.93.
1009 5224 1054 5257 ⁸⁸
1081 5224 1183 5280 Job
1232 5240 1269 5287 ι,
1309 5223 1397 5278 22.

1968 4498 2047 4554 ris
2086 4500 2296 4554 obitum
2331 4509 2681 4569 acceperunt,
2709 4499 2907 4555 acerbo
2936 4506 2991 4553 et
3018 4499 3213 4568 quavis
3238 4498 3551 4553 calamitate

1968 4591 2207 4662 graviori
2236 4592 2431 4645 nuntio
2460 4592 2725 4661 perculsi,
2760 4592 2969 4646 nullum
3002 4590 3174 4646 luctui
3200 4589 3423 4644 modum
3454 4606 3549 4661 po-

1967 4688 2216 4735 suerunt.
2254 4680 2469 4736 Balnea:
2514 4689 2567 4736 et
2600 4683 2719 4735 Iura
2749 4682 2931 4736 clausa
2980 4690 3129 4743 sunt,
3162 4679 3379 4751 publica
3410 4696 3551 4749 quo-

1968 4785 2077 4839 que
2118 4771 2457 4839 spectacula,
2482 4778 2535 4825 et
2562 4785 2908 4839 quaecunque
2935 4769 3191 4823 homines
3232 4769 3345 4821 otio
3374 4767 3545 4822 dediti

1968 4872 2021 4914 et
2048 4861 2207 4929 genio
2242 4862 2587 4931 indulgentes
2622 4862 2931 4915 consectari
2984 4862 3184 4923 solent,
3231 4859 3547 4913 intermissa

1973 4962 2119 5008 sunt.
2160 4954 2265 5019 Qui
2302 4961 2427 5007 ante
2478 4954 2531 5007 in
2582 4954 2795 5007 deliciis
2844 4952 3225 5017 versabantur,
3288 4949 3439 5003 vultu
3490 4950 3542 5002 in

1973 5056 2173 5101 terram
2210 5047 2447 5103 demisso
2482 5047 2737 5102 incedere
2768 5061 2984 5117 unaque
3019 5059 3206 5101 omnes
3246 5054 3381 5097 voce
3416 5039 3545 5094 bea-

1590 5313 1824 5370 VARIA‘I
1858 5314 2264 5371 LECTIONES.

365 5451 390 5482 ι
423 5435 587 5496 Deest
625 5452 729 5492 vox
757 5436 1056 5505 διέτρεχεν,
1092 5450 1153 5489 ex
1188 5434 1425 5489 Eusebio
1460 5434 1788 5504 supplenda.

1806 5541 2035 5597 NOTAE.

368 5669 480 5741 (Si)
518 5668 575 5725 S.
630 5667 1011 5739 Cltrysostomi
1072 5664 1452 5721 commentarii
1490 5665 1544 5716 in
1606 5663 1705 5719 Job
1756 5663 2057 5733 fragmenta
2085 5667 2300 5715 exstant
2332 5659 2386 5712 in
2415 5670 2607 5715 calcna
2641 5658 2811 5715 Junii.
