3936 6174
427 285 569 350 13Ἱ9
771 276 774 278 ’
1603 281 1662 340 S.
1693 278 2013 342 JOANNIS
2053 276 2479 338 DAMASCENI
2530 293 2542 302 ‘
3543 279 3693 343 1330

417 403 534 450 tum
600 390 773 456 illum,
831 389 1095 446 dilectum
1153 388 1285 456 Deo,
1355 405 1416 446 ac
1479 403 1707 459 prorsus
1766 388 1999 460 imperio

2117 389 2381 452 Βασιλείας
2407 387 2648 454 ἐπάξιον.
2688 385 2798 438 Καὶ
2823 383 2883 436 οὐ
2909 381 3079 436 ταῦτα
3121 382 3272 451 βοαῖς
3313 381 3563 450 ἐςὼνουν
3598 384 3705 449 μό-

420 487 646 558 dignum
690 483 996 539 celebrare.
1036 482 1214 553 Atque
1247 484 1360 537 haec
1392 497 1502 538 non
1543 481 1730 538 verbis
1762 490 1996 548 tantum,

2117 501 2243 549 ραις,
2275 484 2354 545 εἰς
2384 481 2522 552 ἔργα
2548 479 2605 533 δὲ
2652 475 2980 548 χωροῦντες,
3041 474 3264 528 εἰκόνων
3312 473 3708 543 ἀναθήμασιν,

421 590 612 632 verum
655 574 820 630 etiam
861 573 1022 630 lactis
1072 575 1446 638 declarabant,
1504 572 1600 628 ubi
1661 573 2000 629 consecratis

2117 577 2296 647 ιίάπερ
2331 575 2508 639 ζῶντα
2536 571 2629 625 καὶ
2658 569 2960 639 τεθνηκότα
2998 567 3160 620 αὑτὸν
3189 566 3418 635 ἐτίμων.
3443 565 3710 633 Οὐρανοῦ

422 662 778 734 imaginibus,
819 669 1099 717 mortuum
1143 663 1369 732 perinde
1418 676 1482 717 ac
1524 661 1574 718 si
1629 668 1909 732 superstes
1945 661 2002 716 in

420 755 563 810 vivis
592 761 762 818 esset,
801 753 1170 812 honorabant.
1220 753 1432 809 Caelum
1485 753 1672 823 itaque
1722 752 2002 808 coloribus

420 847 798 917 designantes,
860 844 1007 900 hunc
1063 860 1232 916 supra
1292 846 1559 900 caelorum
1621 844 1885 902 verticem
1946 845 2003 900 in

419 938 655 993 :etherea
694 937 1066 1008 quiescentem
1109 939 1332 1010 regione
1367 937 1603 1008 picturis
1640 947 2004 1009 repraesenta-

422 1031 574 1088 bant.
617 1049 636 1083 ι

850 1119 1016 1192 372
1051 1119 1300 1190 Ejusdem
1336 1135 1456 1191 cap.
1494 1121 1581 1176 75.

500 1231 521 1266 ι
560 1212 848 1269 Consimili
899 1213 1070 1283 igitur
1119 1211 1284 1266 modo
1328 1220 1634 1283 quaterque
1682 1211 1878 1268 beatus
1912 1211 2004 1268 ille

327 1345 335 1352 -
422 1319 525 1378 pro
570 1318 682 1360 uno
721 1304 1008 1374 multiplex
1063 1305 1116 1359 in
1163 1304 1398 1359 ﬁliorum
1431 1305 1783 1360 successione
1805 1303 2004 1360 evade-

422 1400 546 1464 bat;
570 1397 704 1452 adeo
729 1405 787 1451 ut
813 1395 1143 1467 imaginibus
1165 1397 1374 1466 passim
1405 1395 1628 1462 erectis,
1661 1409 1756 1466 per
1785 1396 2006 1451 univer-

423 1507 516 1548 sas
550 1499 743 1562 gentes
771 1489 1020 1560 ejusdem
1055 1489 1171 1560 ipse
1206 1488 1404 1560 suique
1438 1488 1534 1544 tilii
1569 1489 1781 1545 honore
1811 1488 2004 1546 donati

425 1583 561 1639 sint.
599 1601 618 1634 ι
1589 1599 1600 1608 '

428 1673 739 1734 Theodoreti
769 1671 1006 1748 episcopi
1034 1670 1270 1748 συνίημι
1301 1670 1668 1748 Polychronii,
1701 1688 1765 1730 ex
1793 1673 2006 1744 exposi—

915 1747 1053 1798 tione
1083 1742 1141 1797 in
1175 1742 1524 1800 Ezechielem.

502 1853 522 1889 ι
567 1833 634 1890 Et
665 1833 1134 1906 quemadmodum
1187 1833 1571 1902 imperatorem
1625 1833 2004 1889 Romanorum

429 1932 700 2003 imagines
757 1929 831 1984 ita
885 1929 1112 1999 pingere
1156 1935 1583 1995 consueverunt,
1634 1938 1694 1985 ut
1743 1929 2009 1986 satellites

426 2032 689 2087 armatos,
742 2021 944 2091 quibus
999 2021 1078 2075 illi
1131 2022 1451 2091 cinguntur,
1498 2022 1838 2092 populosque
1893 2035 2010 2091 pro-

428 2121 636 2172 stratos
681 2112 889 2168 circum
930 2111 1226 2167 exhibeant
1259 2128 1274 2170 :
1307 2112 1387 2167 Sic
1418 2111 1474 2166 in
1519 2114 1804 2182 proposito
1834 2119 2006 2178 textu,

429 2201 878 2277 quandoquidem
927 2217 1023 2257 rex
1050 2202 1106 2257 in
1135 2203 1350 2259 visione
1385 2201 1554 2258 Deum
1593 2204 1810 2274 figurat,
1863 2205 2012 2260 velut

429 2298 483 2352 in
509 2297 650 2353 solio
679 2305 978 2367 geSIatum,
1007 2309 1187 2350 rerum
1211 2295 1456 2349 onmium
1487 2310 1608 2366 qua:
1629 2296 1682 2350 in
1713 2303 1859 2350 terra
1881 2302 2011 2352 sunt

429 2389 702 2458 imagines
736 2386 1088 2452 OSIentando,
1120 2387 1268 2456 quod
1306 2386 1484 2442 cidem
1528 2387 1717 2459 ﬁgurae
1744 2387 1814 2443 ad
1849 2399 2010 2442 ornas

429 2494 541 2539 tum
576 2482 812 2546 confert,
845 2481 1084 2537 subinde
1116 2479 1396 2552 exprimit,
1433 2489 1493 2537 ut
1523 2481 1616 2538 Dei
1651 2481 1706 2536 in
1755 2494 1844 2538 res
1884 2481 2009 2536 uni-

431 2589 622 2632 versas
654 2574 946 2644 imperium
979 2587 1078 2627 nos
1101 2562 1316 2627 doceat.
1349 2588 1368 2623 ι

502 2665 779 2737 Ejusdem.
815 2683 835 2717 ι
860 2664 926 2718 Ει
952 2671 1038 2730 tu,
1066 2664 1141 2718 lili
1172 2662 1431 2729 hominis,
1460 2677 1614 2719 sume
1639 2662 1737 2717 tibi
1759 2661 2010 2728 laterem,

429 2766 484 2813 et
521 2771 692 2827 pones
722 2770 846 2810 eum
880 2763 1008 2809 ante
1045 2753 1238 2810 faciem
1269 2761 1446 2818 tuam,
1473 2761 1527 2810 et
1546 2753 1828 2809 describes
1861 2752 1916 2807 in
1947 2767 2010 2806 ea

431 2848 747 2904 universam
783 2832 1135 2912 Jerusalem;
1170 2852 1226 2900 et
1276 2845 1434 2902 dabis
1471 2847 1620 2901 circa
1667 2861 1786 2902 eam
1830 2846 2009 2901 muni-

431 2939 640 2996 tionem
675 2957 689 2995 :
719 2946 773 2994 et
801 2935 1102 2993 aedilicabis
1127 2943 1320 2990 contra
1354 2951 1474 2991 eam
1498 2937 1930 3007 propugnacula,
1955 2942 2011 2991 et

430 3030 580 3086 circa
611 3045 732 3086 eam
763 3044 935 3100 pones
957 3027 1185 3092 vallum,
1211 3033 1266 3082 et
1295 3027 1453 3083 dabis
1483 3027 1635 3083 circa
1657 3043 1778 3084 eam
1800 3036 2005 3094 castra,

430 3128 485 3178 et
516 3119 806 3195 ordinabis
836 3120 1085 3176 ballistas
1116 3118 1172 3174 in
1207 3118 1442 3174 circuitu
1476 3120 1542 3174 ⁸⁵.
1582 3138 1600 3171 ι

504 3295 904 3366 Interpretatio.
954 3313 972 3347 ι
1016 3293 1172 3361 Quod
1205 3295 1252 3352 si
1283 3295 1551 3351 adversus
1599 3295 2010 3350 multitudinem

432 3395 606 3464 loqui.
667 3392 829 3461 eique
898 3390 1142 3445 civitatis
1207 3389 1596 3458 direptionem,
1667 3390 2010 3444 eversionem

433 3484 645 3554 templi,
676 3491 732 3538 ct
763 3495 884 3551 qua:
927 3495 994 3534 ex
1038 3480 1124 3535 his
1154 3490 1434 3534 eventura:
1479 3489 1629 3545 sunt,
1661 3481 2010 3538 calamitates

432 3573 690 3629 nuntiare
727 3569 1016 3636 formidas,
1052 3570 1155 3625 hoc
1183 3570 1265 3625 eis
1304 3569 1411 3624 alia
1463 3570 1674 3626 ratione
1705 3571 1884 3626 indica
1907 3612 1922 3638 ,
1955 3579 2014 3627 ut

439 3667 664 3722 tandem
717 3666 1075 3735 resipiscam,
1146 3670 1349 3733 tuaque
1401 3662 1674 3718 modestia
1721 3662 2015 3721 manifesta

432 3759 550 3815 ﬁat.
577 3757 642 3813 Et
669 3773 900 3820 sumens,
937 3755 1138 3826 inquit,
1174 3755 1417 3819 laterem,
1458 3756 1723 3810 civitatem
1755 3755 2009 3813 describe.

430 3849 641 3906 Nomen
670 3859 851 3905 autem
877 3849 1233 3914 inscribatur,
1267 3856 1324 3902 ιιι
1367 3847 1581 3918 liquido
1617 3858 1835 3904 constet
1862 3848 2014 3905 illam

430 3955 556 3997 esse
581 3937 910 3996 Jerusalem.
945 3936 1004 3992 ln
1040 3936 1334 4009 descriptae
1363 3951 1496 3994 vero
1533 3938 1774 3994 civitatis
1808 3938 2011 3993 circui—

433 4039 514 4096 tu,
566 4029 697 4083 valli
748 4027 1170 4083 delincationem
1219 4027 1506 4097 exprime;
1556 4027 1608 4082 iu
1652 4043 1761 4098 quo
1821 4043 2016 4098 nempe

433 4120 708 4177 exercitus
756 4120 1054 4174 multitudo
1103 4127 1208 4173 est.
1263 4117 1472 4174 Dehinc
1531 4119 1760 4174 militari
1815 4119 2012 4176 ordine

433 4212 732 4283 procedant
769 4211 940 4281 copia:
978 4210 1055 4282 (id
1081 4212 1288 4282 quippe
1319 4219 1480 4267 sonat
1509 4225 1610 4266 vox
1643 4213 1869 4280 castra),
1906 4211 2013 4266 hoc

431 4312 537 4370 est,
592 4312 797 4374 parata:
857 4303 1090 4357 militum
1143 4303 1391 4373 legiones
1423 4320 1436 4358 :
1468 4317 1590 4372 quae
1634 4301 1852 4372 quidem
1902 4316 2012 4356 non
2060 4356 2063 4359 .

2105 665 2204 737 μὲν
2227 666 2414 734 σχῆμα
2437 658 2876 721 διατυπώσαντες
2903 658 2958 709 ἐν
2981 655 3286 726 χρωμάτων
3308 655 3538 726 γραφῇ,
3563 654 3713 724 ὑπὲρ

2105 757 2269 828 ἁψίδα
2302 757 2358 810 δέ
2392 753 2658 827 οὐρανῶν,
2693 753 2751 806 ἐν
2787 750 3013 821 αἰθερίῳ
3054 749 3305 820 διατριϐῇ
3352 748 3712 804 διαναπαπ-

2107 866 2268 921 μενον
2295 847 2477 915 αὑτὸν,
2513 846 2582 918 τῇ
2613 846 2800 918 γραφῇ
2829 842 3236 914 παραδιδόντες.
3277 860 3295 893 ι

2531 1109 2641 1166 Τοῦ
2673 1109 2884 1172 αὐτοῦ,
2910 1107 3124 1176 κεφαλ.
3155 1112 3261 1176 ογθ.

2182 1222 2200 1256 ι
2235 1203 2422 1274 Τούτῳ
2449 1200 2582 1271 γοῦν
2609 1199 2866 1271 ἐμφερῶς
2894 1199 2922 1250 ὁ
2953 1197 3378 1268 τρισμακάριος,
3413 1195 3721 1251 πολυπλά-

2109 1315 2222 1360 σιος
2249 1296 2340 1350 διὰ
2367 1296 2463 1366 τῆς
2491 1294 2598 1348 τῶν
2631 1292 2838 1347 παιδῶν
2867 1290 3140 1360 διαδοχῆς,
3169 1289 3285 1342 ἀνθ’
3317 1290 3440 1352 ἐνὸς
3465 1290 3720 1356 ἐγίνετο,

2106 1388 2183 1451 ὼς
2221 1387 2444 1441 εἰκόνων
2475 1385 2794 1448 ἀναστάσει,
2823 1381 2976 1450 παρὰ
2999 1381 3166 1434 πᾶσιν
3191 1380 3403 1435 ἔθνεσιν
3444 1381 3571 1450 ἅμα
3599 1383 3725 1443 τοῖς

2107 1479 2272 1534 αὐτοῦ
2302 1476 2564 1550 τιμᾶσθαι
2604 1474 2815 1528 παισίν.
2857 1492 2875 1526 ι

2109 1658 2504 1726 Θεοδωρίτου,
2551 1655 2899 1726 ἐπισκόπους
2944 1655 3134 1726 Κύρου
3165 1692 3193 1726 ,Α
3234 1654 3332 1726 καὶ
3393 1652 3724 1726 Πολρχρο-

2035 1725 2078 1783 Β
2178 1718 2312 1784 ν’ιοῦ
2337 1718 2471 1800 (32),
2489 1718 2568 1781 ’ἐκ
2601 1725 2712 1796 τῆς
2739 1727 2824 1790 εἰς
2849 1725 2952 1778 τὸν
2984 1718 3254 1789 Ἰὲζεκιὴλ
3283 1718 3644 1790 ἐρμηνείαξ.

2189 1841 2208 1877 ι
2253 1822 2364 1877 Καὶ
2410 1820 2601 1890 ὥσπερ
2631 1819 2680 1872 οἰ
2731 1819 2994 1888 Ῥωμαῖοι
3025 1814 3124 1879 τὰς
3159 1815 3450 1885 βασιλικὰς
3484 1815 3724 1876 εἰκόνας

2111 1915 2435 1986 γράφοντες,
2483 1910 2610 1974 τούς
2660 1927 2719 1962 τε
2769 1908 3097 1980 δορυφόρους
3128 1908 3476 1979 περιιστῶσι.
3507 1907 3609 1959 καί
3647 1906 3724 1958 τὰ

2111 2007 2238 2077 ἔθνη
2271 2001 2684 2074 ὑποτεταγμένα
2712 1999 2946 2062 ποιοῦσι,
2972 2001 3062 2052 τὸν
3104 2001 3287 2070 ὅμοιον
3321 1999 3539 2070 τρόπον
3575 2001 3716 2051 κὰνο

2110 2098 2283 2154 ταῦθα
2303 2113 2316 2128 °
2347 2095 2536 2165 ἐπειδὴ
2558 2096 2585 2148 ό
2612 2093 2864 2165 βασιλεὺς
2899 2090 2988 2144 διὰ
3019 2092 3116 2160 τῆς
3163 2091 3431 2155 ὀπτασίας
3482 2109 3725 2160 σχημα-

2110 2191 2248 2256 τίζει
2280 2189 2370 2243 τὸν
2395 2185 2548 2252 Θεὸν,
2571 2185 2646 2250 ὡς
2671 2185 2763 2239 ἐπὶ
2783 2184 2972 2255 θρόνου
2997 2182 3314 2255 ὀχούμενον,
3342 2182 3578 2236 πάντων
3603 2183 3725 2235 τῶν

2111 2281 2204 2337 ἐπὶ
2231 2281 2332 2350 γῆς
2358 2279 2601 2333 δείκνυσι
2630 2276 2729 2341 τὰς
2754 2276 2989 2340 εἰκόνας,
3014 2274 3093 2346 τῷ
3111 2293 3170 2328 τε
3204 2275 3447 2345 σχήματι
3477 2275 3546 2327 τὸ
3579 2273 3732 2345 ττρὲ-

2113 2393 2211 2431 πον
2232 2374 2541 2438 ἀποδίδωσι,
2575 2370 2718 2426 κατὰ.
2749 2369 2968 2424 πάντων
2994 2368 3103 2423 τῶν
3129 2367 3221 2422 τοῦ
3265 2367 3402 2422 Θεοῦ
3426 2367 3728 2422 διδάσκων

2109 2466 2206 2537 τὴν
2232 2462 2572 2518 δεσποτείαν.
2612 2478 2631 2512 ι

2189 2644 2298 2700 Τοῦ
2324 2641 2530 2698 αὑτοῦ.
2567 2659 2585 2692 ι
2615 2639 2726 2694 Καὶ¹
2754 2641 2840 2698 σὺ.
2865 2637 2948 2692 υἰέ
2975 2637 3286 2708 ἀνθρώπου,
3314 2636 3456 2690 λάϐε
3491 2637 3723 2709 σεαυτῷ

2111 2735 2349 2802 πλίνθον,
2379 2733 2668 2796 καὶθέσεις
2695 2729 2862 2803 αὐτὴν
2886 2729 2990 2800 πρὸ
3012 2727 3302 2798 προσώπου
3329 2745 3451 2792 σου,
3482 2726 3722 2782 καὶδια-

2112 2828 2344 2900 γράψεις
2369 2828 2426 2880 ἐν
2454 2826 2589 2898 αὐτῇ
2613 2824 2710 2896 τὴν
2746 2822 3123 2894 Ἰερουσαλὴμ,
3147 2821 3240 2874 καὶ
3263 2821 3465 2883 δώσεις
3482 2821 3550 2872 ἐν
3573 2819 3716 2890 αὐτῇ

2112 2916 2396 2992 περιοχὴν,
2428 2916 2525 2969 καὶ
2581 2912 2957 2983 οἰκοδομήσεις
3007 2912 3064 2965 ἐν
3118 2911 3255 2981 αὐτῇ
3301 2910 3717 2981 amplam;

2113 3012 2206 3067 καὶ
2241 3008 2554 3082 περιϐαλεῖς
2589 3005 2682 3060 ἐπὶ
2736 3004 2908 3073 αὐτὴν
2955 3003 3172 3074 χάρακα
3233 3001 3329 3054 καὶ
3379 3000 3592 3064 δώσεις
3631 3000 3716 3053 ἐπ’

2113 3105 2253 3176 αὐτῇ
2294 3100 2683 3172 παρεμϐολὰς,
2735 3097 2830 3151 καὶ
2856 3095 3040 3163 τάξεις
3077 3093 3174 3157 τὰς
3218 3091 3591 3164 βελοστάσεις
3620 3093 3715 3146 κύ-

2113 3196 2248 3251 κλω.
2287 3211 2308 3246 ι

2181 3214 2525 3353 ιείέρέιηνεία.
2579 3297 2598 3331 ‹
2657 3277 2724 3333 El’
2779 3294 2862 3330 σοι
2912 3271 3142 3346 φοϐερὸν
3192 3273 3524 3343 νενόμισται
3570 3271 3634 3326 τὸ
3658 3272 3712 3337 ἐξ

2113 3376 2361 3439 ἐναντίας
2390 3371 2469 3444 τῷ
2503 3368 2695 3440 πλήθει
2739 3367 3103 3436 διαλέγεσθαι,
3132 3365 3225 3418 καὶ
3262 3363 3567 3435 προλέγειν

2113 3469 2321 3529 πόλεως
2356 3466 2453 3536 τὴν
2491 3461 2756 3534 πόρθησιν
2784 3501 2799 3525 ,
2837 3459 2932 3513 καὶ
2964 3457 3058 3511 τοῦ
3097 3455 3229 3510 ναοῦ
3271 3456 3371 3526 τὴν
3417 3473 3709 3509 κατασκα-

2113 3559 2241 3629 φὴν,
2269 3556 2364 3610 καλ⁹
2405 3553 2474 3607 τὰ
2529 3553 2592 3605 ἐκ
2619 3552 2823 3604 τούτων
2868 3546 3259 3618 συμϐησόμενα
3289 3543 3469 3609 δεινὰ,
3501 3546 3710 3616 ἑτέρως

2112 3651 2269 3708 τοῦτο
2302 3649 2558 3720 μήνυσον,
2606 3643 2681 3706 ὡς
2733 3640 3018 3702 κάκείνους
3078 3637 3468 3708 σωφρονίζειν,
3510 3638 3616 3689 καὶ
3654 3637 3710 3692 σὲ

2112 3745 2380 3800 δεικνύναι
2407 3739 2506 3810 τὴν
2534 3734 2857 3790 ἐπιείκειαν.
2893 3730 3004 3785 Καὶ
3055 3727 3278 3794 λαϐὼν,
3332 3729 3494 3798 φησί,
3527 3729 3709 3780 πλὴν
3803 3758 3810 3761 -

2113 3841 2238 3903 θον,
2268 3832 2600 3903 διάγπραψω
2637 3825 2752 3894 τὴν
2783 3825 2987 3878 πόλιν.
3031 3817 3469 3898 Ἐπιγεγρέιφθω
3504 3817 3570 3872 δὲ
3613 3818 3707 3888 τῆς

2113 3932 2320 3992 πόλεως
2353 3929 2386 3998 ἡ
2421 3911 2786 3996 προσηγορία,
2811 3917 2950 3970 ὥστε
2977 3912 3343 3984 γνωρίζεσθαι
3372 3912 3598 3983 ταύτην
3622 3907 3706 3965 οὗ·

2115 4042 2212 4078 σαν
2241 4023 2338 4092 τὴν
2380 4011 2745 4086 Ἰερουσαλήμ
2767 4023 2782 4039 °
2819 4007 3052 4074 ποιήσας
3094 4005 3151 4056 δὲ
3197 4001 3294 4073 τὴν
3329 4001 3517 4069 πόλιν,
3554 3999 3705 4072 περί-

2114 4130 2311 4184 στησον
2342 4109 2418 4180 τῷ
2455 4105 2555 4177 τῆς
2580 4101 2805 4173 Γραφῆς
2840 4100 3079 4168 σχήματι
3103 4095 3345 4166 χάρακα,
3377 4094 3474 4146 ἴνα
3504 4093 3707 4146 ἐστὶ-τὺ

2114 4203 2476 4279 στρατοπέδου
2518 4197 2720 4269 πλῆθος
2765 4203 2816 4246 1.
2851 4193 2917 4245 Αἱ
2964 4191 3021 4243 δὲ
3057 4189 3317 4279 δυνάμεις
3349 4185 3502 4240 κατὰ
3552 4185 3708 4251 τάξιδ

2113 4277 2432 4369 πολεμικὴνι
2459 4287 2866 4362 προσιέτωσανο
2902 4281 3062 4337 τοῦτο
3089 4279 3196 4349 γὰρ
3235 4277 3385 4369 λέγει
3409 4316 3426 4342 ,
3480 4289 3707 4369 gues”-

432 4396 606 4453 armis
637 4396 799 4452 modo
832 4394 1182 4452 communita:
1213 4394 1342 4459 sint,
1379 4395 1472 4449 sed
1502 4401 1558 4449 et
1588 4391 1872 4447 machinas
1910 4392 2008 4448 ad-

2117 4367 2314 4452 ϐολᾶς,
2355 4383 2476 4438 ἀντὶ
2502 4379 2620 4445 τοῦ,
2653 4377 2911 4447 τάγματα
2947 4367 3320 4441 στρατιωτικὰ
3343 4367 3707 4437 παρεστῶτα,

432 4495 707 4552 moveant,
738 4489 942 4560 quibus
971 4495 1296 4544 evertantur
1343 4487 1486 4541 muri
1527 4486 1718 4557 (muri,
1761 4486 2003 4556 inquam,

433 4581 548 4653 isti)
578 4598 593 4636 :
625 4580 726 4636 has
751 4581 899 4636 enim
929 4579 1155 4634 ballista:
1175 4588 1228 4634 et
1249 4579 1448 4634 arietes
1475 4575 2010 4632 indicant.Adtnirao

2117 4487 2191 4560 μὴ
2223 4482 2381 4555 μόνον
2416 4465 2912 4560 περιπεφραχμένα
2941 4463 3146 4560 ὅπλοις,
3179 4459 3315 4560 ἀλλρ
3337 4459 3410 4560 τε
3453 4461 3708 4559 eum-

2115 4550 2260 4653 ματα
2292 4566 2684 4638 ἐπιφερόμενα,
2702 4554 2782 4622 οἷς
2805 4555 3206 4653 καθαιρησουσι
3232 4550 3490 4653 τάπείχη
3507 4550 3703 4653 min.

432 4675 529 4730 bili
559 4685 724 4744 porro
751 4673 992 4734 ratione.
1021 4673 1472 4728 circumstantem
1508 4671 1775 4725 duntaxat
1801 4668 2010 4724 civitati

2117 4643 2178 4726 τὰ
2209 4667 2360 4737 τείχη
2390 4662 2499 4731 γὰρ
2525 4654 2722 4716 ταῦτα.
2751 4649 2945 4722 μηνύει
2971 4647 3071 4710 τὰς
3096 4643 3457 4716 βελαστάσεις
3490 4652 3538 4697 ⁸.
3568 4643 3711 4699 Θαυ-

433 4764 843 4821 multitudinem
882 4765 1084 4830 innuit,
1136 4771 1194 4818 ut
1247 4763 1532 4834 populum,
1583 4763 1808 4818 incusso
1857 4761 2011 4831 prius

433 4865 664 4922 terrore,
695 4871 858 4926 quam
889 4855 1230 4912 calamitates
1256 4856 1528 4920 accidant,
1557 4869 1585 4909 a
1613 4855 1854 4926 peccatis
1880 4853 2008 4909 abs-

431 4948 610 5004 tincre
639 4947 866 5003 suadeat
939 4965 957 4997 ι

499 5062 549 5095 ⁸⁵
573 5061 770 5118 Ezech.
805 5077 883 5126 tv,
910 5061 959 5127 l,
989 5059 1049 5112 2.

2116 4735 2433 4836 μασιὼτατα
2465 4752 2521 4805 δὲ
2546 4750 2705 4821 μόνον
2741 4743 2838 4805 τὴν
2876 4741 3004 4810 περί
3042 4739 3141 4808 τὴν
3190 4737 3344 4790 πόλιν
3375 4735 3707 4812 περίστασιν

2111 4827 2206 4908 τοῦ
2235 4846 2468 4920 πλήθους
2525 4840 2737 4912 μηνύει,
2790 4836 2876 4888 ἵνα
2909 4830 3014 4903 πρὸ
3048 4829 3156 4882 τῶν
3207 4828 3395 4881 δεινῶν
3429 4827 3511 4896 τῷ
3561 4828 3706 4895 φόϐῳ

2115 4919 2490 5010 καταπλήξας,
2524 4929 2810 5001 ἀποστήσῃ
2838 4925 3009 4995 αὐτῆς
3037 4924 3135 4994 τὴν
3167 4919 3527 4992 παρανομίαν
3564 4931 3616 4972 ι,
3649 4936 3670 4971 ,

1755 5123 1989 5180 vitam;
2023 5118 2420 5177 LECTIONES.
2981 5188 2986 5196 _

503 5232 530 5273 7
580 5223 639 5278 1η
685 5233 877 5280 catena
932 5219 1065 5291 Reg.
1101 5218 1167 5291 Ν.
1228 5215 1366 5270 1892
1400 5215 2278 5291 legiturivcoei'rrnct‘patonédou
2313 5211 2542 5291 πλῆθος.
2622 5215 2643 5242 ι
2673 5201 2918 5260 Emendo
2954 5216 3020 5257 cx
3068 5208 3266 5256 catena
3303 5195 3479 5267 Rmia
3535 5195 3707 5251 ταῦτα

425 5293 541 5365 ⁴γὰρ
572 5295 764 5366 μηνύει
793 5298 891 5358 τὰς
943 5281 1310 5364 βελοστάσεις.
1385 5297 1411 5325 ει
1450 5281 1570 5340 Cat.
1607 5285 1805 5341 melius
1833 5281 2032 5349 ἆὺτοῦς
2059 5287 2157 5354 τῆς
2185 5281 2554 5354 παρανομίας.

1947 5396 2182 5453 NOTAE.

503 5493 616 5563 (39.)
658 5496 829 5551 Zinus
878 5496 1064 5558 vertit,
1096 5503 1144 5548 et
1171 5492 1439 5563 longmvi;
1480 5489 1576 5563 sed
1608 5487 2007 5563 Polychronius
2097 5491 2203 5563 tale
2240 5487 2382 5559 apud
2411 5481 2819 5563 Theodoretum
2844 5467 3702 5563 _oceurrit._ls‘pur-ror'fl‘tcedori

429 5539 1143 5621 autg'r'iut‘i'S‘i‘héé’iéiiétb'
1171 5539 1828 5628 Eigéitiét'ts'iiitéﬁiiéé,
1846 5539 2009 5627 cujus
2101 5539 2492 5629 hlo'pstieSteni,
2522 5565 2686 5629 quem
2715 5547 2935 5629 plurimi
2961 5559 3178 5629 semper
3196 5539 3704 5629 .tizcitﬂ‘heodoro-

435 5633 738 5701 fragmenta
759 5644 979 5691 exstant
1011 5637 1063 5688 in
1095 5635 1324 5697 catenis,
1350 5633 1404 5686 in
1433 5630 1801 5701 quibushunc
1821 5629 2006 5701 ipsum

431 5698 600 5778 quem
628 5707 822 5776 allegat
844 5705 1237 5770 Damasccnus,
1269 5698 1675 5770 locum—reperi.
1710 5698 1854 5754 Nihil
1882 5713 2008 5754 vero

2116 5611 2430 5694 tusrflrater
2461 5611 2590 5687 fuit,
2626 5629 2678 5677 et
2702 5611 2954 5690 Apamea:
2993 5617 3048 5670 in
3085 5611 3244 5688 Syria
3274 5611 3604 5686 episcopus.
