3928 6196
364 235 498 303 1381

1464 238 1563 300 DE
1595 232 2058 300 IMAGINIBUS
2086 233 2369 297 ORATIO
2410 236 2523 295 III.

3479 240 3616 309 1382

358 327 467 405 ἐκ
492 366 598 407 του
620 348 947 418 μαρτυρίου
969 347 1078 401 τοῦ
1098 348 1271 416 ἁγίου
1298 348 1656 415 Εὐσταθίου,
1693 349 1799 404 τοῦ
1839 349 1931 401 καὶ

2134 343 2216 398 Ea:
2248 345 2501 415 martyrio
2536 345 2703 398 sancti
2736 342 3023 412 Eustathii,
3050 347 3138 416 qui
3164 357 3211 402 ct
3249 346 3519 412 Placidus.

993 418 1285 473 Πλακίδα.

435 525 456 563 ι
510 507 847 575 Ἐξελθόντος
884 507 1048 564 αὐτοῦ
1082 511 1139 565 ἐν
1177 512 1277 583 μιᾷ
1306 510 1489 584 ἡμέρᾳ
1530 512 1673 567 κατὰ
1722 512 1783 565 τὸ
1812 512 1936 566 σύν-

358 601 488 675 ηθες
551 599 643 654 ἐπὶ
676 599 746 654 τὰ
800 600 901 673 ὅρη
934 600 1200 674 θηρεῦσαι
1251 603 1389 674 μετὰ
1417 603 1511 657 τοῦ
1543 604 1934 675 στρατοπέδου,

358 694 454 749 καὶ
486 692 667 763 πάσης
688 691 788 762 τῆς
810 692 1125 764 θεραπείας,
1158 694 1314 765 ὤφθη
1338 695 1486 767 αὐτῷ
1521 696 1691 770 ἀγέλη
1720 697 1935 767 ἐλάφων

360 784 687 857 βοσκομένη.
716 785 825 838 Καὶ
840 785 1137 856 διαστήσας
1151 786 1294 840 κατὰ
1318 787 1380 840 τὸ
1408 787 1637 858 σύνηθες
1648 790 1749 841 τὸν
1770 806 1935 860 στραο

358 875 468 942 τὸν,
499 876 736 929 ἐποιεῖτο
762 875 865 946 τὴν
908 876 1029 930 κατ’
1059 876 1239 930 αὐτῶν
1275 875 1477 943 δίωξιν.
1522 876 1730 941 Παντὸς
1756 877 1812 931 δὲ
1841 880 1934 933 τοῦ

360 963 592 1036 στρατοῦ
619 965 711 1018 ἐπὶ
735 964 835 1037 τὴν
856 965 1119 1036 σύλληψιν
1146 966 1544 1038 ἀσχολουμένου
1569 968 1677 1023 τῶν
1699 968 1933 1039 ἐλάφων,

357 1058 386 1110 ό
411 1056 958 1129 ὕπερμεγεθέστατος
987 1058 1169 1129 πάσης
1199 1059 1298 1131 τῆς
1352 1060 1574 1132 ἀγέλης,
1608 1062 1703 1117 καὶ
1731 1063 1936 1117 εὐειδέ-

357 1166 571 1215 στατος,
602 1149 978 1215 ἀποσπασθεὶς
1026 1150 1126 1221 τῆς
1160 1151 1386 1221 ἀγέλης,
1417 1153 1647 1224 ὥρμησε
1671 1154 1810 1209 κατὰ
1842 1154 1935 1209 τοῦ

354 1240 562 1311 δρυμοῦ
596 1242 787 1304 ἐντοῖς
816 1241 1131 1312 δασυτέροις
1158 1243 1345 1306 τόποις
1376 1245 1474 1314 τῆς
1503 1244 1655 1315 ὕλης,
1698 1246 1792 1300 καὶ
1814 1246 1937 1301 δυσ-

355 1331 543 1395 σάτοις
587 1330 827 1402 χωρίοις.
893 1334 991 1385 Ὃν
1040 1333 1377 1404 θεασάμενος
1416 1334 1444 1386 ὁ
1493 1335 1785 1404 Πλακίδας,
1841 1344 1937 1392 καὶ

354 1421 707 1491 ἐπιθυμήσας
730 1422 1115 1477 συλλαϐεῖσθαι
1148 1424 1331 1489 αὑτὸν,
1363 1426 1679 1483 καταλιπὼν
1705 1430 1936 1498 πάντας,

357 1512 476 1579 μετ’
497 1508 693 1577 ὀλίγων
731 1510 1081 1582 στρατιωτῶν
1124 1513 1452 1570 κατεδίωκεν
1488 1518 1671 1573 αὐτόν.
1721 1520 1938 1590 Ἀτονη-

355 1604 567 1655 σάντων
597 1600 653 1654 δὲ
704 1602 816 1655 τῶν
873 1603 1165 1668 συνόντων,
1200 1606 1362 1675 μόνος
1402 1610 1835 1681 προσεκαρτέρει
1868 1612 1931 1681 τῇ

2112 516 2128 549 ‹
2168 498 2303 552 Cum
2346 498 2435 552 die
2488 496 2723 567 quodam
2758 536 2772 560 ,
2831 496 2897 552 de
2944 506 3207 554 consueto
3258 514 3432 565 more,
3487 515 3611 556 cum

2036 589 2285 644 exercitu
2355 589 2726 659 universeque
2774 587 3103 643 famulorum
3155 600 3301 645 ccetu
3356 601 3613 649 venatum

2035 681 2290 747 exiisset,
2354 695 2645 735 cervorum
2700 678 3042 752 pascentium
3092 682 3442 751 conspicatus
3494 701 3615 757 gre-

2036 788 2179 845 gem,
2211 774 2463 830 exercitu
2497 774 2550 827 in
2587 781 2700 830 tres
2732 781 2937 843 partes,
2974 773 3052 828 uti
3086 774 3319 840 solebat,
3350 776 3616 832 distribu-

2038 874 2117 933 ιο,
2146 882 2243 924 eos
2271 866 2672 922 insectabatur.
2704 865 2777 919 At
2805 880 2928 920 cum
2963 864 3075 919 illis
3114 865 3395 935 capiendis
3435 867 3618 922 inten-

2035 966 2125 1013 tus
2152 965 2300 1013 esset
2321 957 2622 1021 exercitus,
2658 957 2750 1011 ille
2784 957 2879 1026 qui
2922 957 2977 1011 in
3024 957 3339 1013 universum
3371 973 3615 1029 gregem,

2036 1056 2154 1102 tum
2205 1048 2560 1119 proceritate,
2618 1057 2733 1102 tum
2786 1046 2963 1101 forma
2997 1048 3293 1112 eminebat,
3326 1064 3355 1103 a
3389 1050 3618 1119 reliquis

2036 1140 2346 1205 discedens,
2380 1157 2477 1212 per
2507 1141 2841 1197 densissima
2895 1142 3047 1197 silva:
3082 1150 3469 1215 praeruptaque
3495 1144 3617 1200 loca

2039 1234 2092 1289 in
2126 1250 2320 1291 nemus
2348 1234 2604 1305 prosiliit.
2642 1233 2801 1289 Hunc
2834 1233 3082 1290 Placidus
3125 1237 3431 1304 contuitus,
3463 1238 3616 1308 ejus-

2038 1342 2144 1396 que
2204 1326 2708 1396 comprehendendi
2772 1326 3052 1381 desiderio
3110 1341 3422 1396 accensus,
3486 1344 3617 1385 cum

2038 1418 2302 1473 militibus
2327 1418 2544 1488 paucis,
2583 1418 2802 1473 cazteris
2834 1418 3093 1472 omnibus
3124 1418 3354 1485 relictis,
3398 1421 3617 1477 insecu-

2040 1517 2127 1564 tus
2154 1515 2260 1564 est.
2288 1507 2407 1562 1am
2431 1507 2565 1563 socii
2584 1507 2969 1563 deﬁcientibus
2992 1507 3204 1562 viribus
3225 1509 3615 1577 constiterant,

2039 1614 2163 1655 eum
2192 1601 2347 1656 solus
2379 1600 2499 1671 ipse
2538 1598 2920 1669 persequendo
2954 1608 3357 1670 perseveraret,
3396 1601 3617 1657 divina-

350 1692 554 1758 διώξει,
579 1692 722 1746 κατὰ
751 1690 1007 1764 πρόνοιαν
1026 1693 1081 1748 δὲ
1108 1693 1264 1758 Θεοῦ,
1296 1697 1435 1769 μήτε
1455 1698 1549 1752 τοῦ
1573 1699 1739 1753 ἵππου
1768 1701 1930 1754 αὐτοῦ
1965 1685 2007 1741 Β
2036 1708 2143 1762 que
2202 1691 2405 1747 factum
2460 1690 2805 1761 βΐονίάοιιιῖεὶ
2859 1700 2963 1755 οδις
3012 1698 3074 1745 ιιι
3120 1704 3221 1751 ηθο
3260 1706 3434 1761 equus
3458 1732 3474 1758 ν
3513 1706 3617 1748 nec

350 1784 734 1854 ἀτονήσαντος,
769 1784 904 1855 μήτε
936 1785 1101 1839 αὐτοῦ
1152 1788 1288 1859 πρὸς
1338 1789 1437 1861 τὴν
1488 1790 1808 1863 δυσχέρειαν
1837 1793 1931 1847 τοῦ

350 1876 518 1928 τόπου
549 1877 987 1948 ἁποκνήσαντος,
1020 1880 1113 1932 ἐπὶ
1148 1880 1283 1933 πολὺ
1310 1882 1684 1953 καταδιώκων,
1712 1888 1931 1957 μακρὰν

350 1966 554 2037 εὑρέθη
584 1966 679 2020 τοῦ
705 1970 1070 2040 στρατοπέδου
1102 1971 1289 2027 αὑτοῦ.
1321 1974 1379 2027 Ὀ
1406 1974 1461 2027 δὲ
1486 1973 1683 2045 ἔλαφος
1712 1976 1930 2047 ἔφευγε,

350 2058 559 2122 ἐκεῖνος
590 2059 649 2112 δέ
699 2060 1036 2131 παραλαϐὼν
1069 2061 1383 2134 ἀκρώρειαν
1427 2065 1653 2135 πέτρας,
1706 2067 1931 2138 μηδενὸς

355 2149 606 2214 συνόντος
638 2150 805 2223 αὐτῷ,
839 2151 968 2224 ἔστη
1002 2154 1353 2223 περισκοπῶν
1392 2156 1685 2222 πάντοθεν,
1711 2159 1808 2212 καὶ
1841 2159 1931 2211 ἐν-

353 2241 490 2294 νοῶν
522 2241 659 2312 ποίῳ
691 2243 877 2315 τρόπῳ
905 2242 1140 2315 λάϐηται
1160 2247 1258 2317 τῆς
1301 2246 1501 2315 ἐλάφου
1524 2264 1538 2278 ο
1576 2247 1690 2301 ἀλλ’
1732 2250 1761 2301 ό
1798 2250 1932 2303 πάν-

354 2347 516 2400 σοφος
556 2334 649 2385 καὶ
678 2335 978 2405 οἰκτίρμων
998 2336 1149 2402 Θεὸς,
1183 2338 1211 2390 ό
1242 2338 1502 2401 παντοίας
1533 2339 1685 2401 ὁδοὺς
1715 2339 1807 2392 ἐπὶ
1830 2357 1932 2393 σω-

353 2423 517 2494 τηρὶᾳ
542 2423 651 2478 τῶν
678 2426 981 2496 ἀνθρώπων
1005 2428 1299 2499 ἐπινοήσας
1318 2468 1332 2493 ,
1366 2430 1711 2502 άντιθηρεύει
1744 2431 1934 2485 τοῦτον

350 2514 413 2567 ἐν
432 2516 497 2585 τῇ
528 2514 669 2587 θήρα
691 2532 704 2548 ·
740 2517 839 2588 οὐχ
865 2516 937 2583 ὡς
973 2519 1272 2590 Κορνήλιον
1304 2521 1393 2575 διὰ
1424 2522 1655 2593 Πέτρου,
1692 2523 1808 2576 ἀλλ’
1856 2524 1932 2589 ὡς

354 2604 565 2659 Παῦλον
587 2605 872 2671 διώκοντα,
890 2607 979 2662 διὰ
996 2609 1094 2678 τῆς
1117 2609 1251 2673 ἰδίας
1275 2611 1618 2680 ἐπιφανείας.
1652 2613 1776 2666 Ἐπὶ
1796 2614 1931 2668 πολὺ

351 2697 408 2750 δὲ
433 2699 670 2763 ἑστῶτος
696 2700 790 2753 τοῦ
819 2700 1084 2767 Πλακίδα,
1116 2703 1213 2755 καὶ
1243 2704 1581 2777 ἀτενίζοντος
1615 2705 1716 2777 μὲν
1741 2707 1821 2769 είς
1842 2707 1931 2760 τὸν

350 2790 567 2859 ἔλαφον,
593 2790 966 2861 θαυμάζοντος
1004 2791 1061 2844 δὲ
1095 2792 1259 2846 αὐτοῦ
1293 2774 1371 2846 τὸν
1390 2774 1640 2864 μέγεθος,
1672 2795 1766 2848 καὶ
1789 2796 1933 2866 ἀμη-

351 2883 643 2955 χανοῦντος
670 2883 800 2954 περὶ
826 2883 926 2953 τὴν
952 2883 1234 2953 σύλληψιν,
1268 2883 1508 2938 δείκνυσι
1539 2886 1742 2956 Κύριος
1771 2887 1933 2958 τερά-

350 2977 501 3031 στιόν
531 2994 584 3030 τι
616 2975 877 3041 τοιοῦτον,
910 2977 1011 3030 οὐκ
1039 2976 1287 3041 ἀπεικὸς,
1315 2976 1435 3030 οὺδέ
1463 2977 1792 3048 ὑπερϐαῖνον
1832 2980 1933 3050 τῆς

352 3066 518 3122 αὑτοῦ
541 3066 827 3137 δυνάμεως
852 3038 915 3121 τὸ
958 3067 1190 3137 μέγεθος
1216 3038 1404 3121 ’Πάλλ’
1448 3038 1636 3141 ὥσπερ
1690 3069 1783 3122 ἐπὶ
1835 3038 1928 3123 τού
1956 3038 2000 3099 C

349 3157 583 3229 Βαλαὰμ
604 3157 762 3226 λόγον
790 3157 964 3222 ἐνθεὶς
999 3159 1065 3229 τῇ
1100 3157 1228 3229 ὄνῳ,
1260 3157 1485 3229 ἤλεγξεν
1506 3160 1672 3215 αὐτοῦ
1697 3160 1796 3232 τὴν
1819 3161 1933 3215 διά-

351 3264 526 3311 νοιαν,
560 3245 702 3300 οὕτω
759 3245 856 3301 καὶ⁵
900 3245 1131 3300 ἐνταῦθα
1178 3247 1417 3303 δείκνυσι
1444 3250 1637 3320 τούτῳ.
1676 3249 1802 3304 Ἐπὶ
1833 3250 1932 3322 μὲν

353 3339 599 3410 κεράτων
622 3336 718 3391 τοῦ
757 3336 961 3407 ἐλάφου
1005 3336 1097 3391 τὸν
1143 3339 1313 3393 τύπον
1341 3338 1435 3392 τοῦ
1476 3341 1633 3409 ἁγίου
1669 3342 1927 3415 σταυροῦ,

355 3427 496 3498 ὑπὲρ
528 3427 626 3499 τὴν
658 3426 1019 3501 λαμπρότητα
1038 3428 1133 3484 eoi}
1168 3430 1319 3501 ήλίου
1351 3429 1657 3501 λάμποντα,
1685 3434 1849 3504 μέσον
1872 3434 1930 3488 δὲ

354 3521 461 3575 τῶν
485 3521 733 3592 κεράτων
757 3519 854 3591 τὴν
878 3516 1063 3576 εἰκόνα
1110 3521 1205 3574 τοῦ
1239 3520 1499 3593 θεοφόρου
1556 3522 1827 3595 σώματος,
1866 3520 1929 3580 οὗ

353 3610 441 3664 διὰ
476 3611 576 3681 τὴν
618 3610 895 3681 ήμετέραν
930 3610 1204 3681 σωτηρίαν
1250 3611 1542 3667 ἀναλαϐεῖν
1582 3615 1927 3682 κατεδέξατο,

359 3702 451 3756 καὶ
476 3701 660 3772 φωνὴν
688 3701 1037 3773 ἀνθρωπίνην
1065 3701 1240 3766 ἐνθεὶς
1277 3704 1343 3773 τῇ
1371 3704 1580 3776 ἐλάφῳ,
1601 3706 1929 3777 προσκαλεῖ-

354 3810 445 3847 ται
469 3792 563 3846 τὸν
600 3793 903 3859 Πλακίδαν,
964 3793 1166 3862 λέγων’
1197 3789 1266 3846 Ὦ
1296 3795 1568 3859 Πλακίδα,
1596 3797 1648 3850 τί
1708 3815 1775 3869 με
1803 3798 1928 3852 διώ-

357 3902 511 3951 κεις;
544 3884 652 3938 ἰδοὺ
686 3884 870 3938 ἕνεκέν
897 3902 990 3937 σου
1022 3884 1227 3955 παρῆν,
1265 3885 1359 3938 καὶ
1388 3887 1445 3939 ἐν
1486 3886 1563 3957 τῷ
1599 3887 1723 3960 ζώῳ
1754 3890 1930 3961 τούτῳ

354 3976 543 4046 ὤφθην
577 3992 678 4030 σοι.
717 3974 861 4044 Ἐγώ
896 3977 1014 4048 εἰμι
1057 3975 1265 4046 Ἰησοῦς
1297 3978 1325 4029 ὁ
1353 3978 1608 4048 Χριστὸς,
1642 3980 1701 4033 ὃν
1720 3983 1929 4051 ἀγνοῶν

356 4067 510 4139 σέϐῃ.
539 4068 607 4121 Ai
635 4067 743 4139 γὰρ
776 4067 1015 4122 εὐποιίαι
1035 4085 1152 4134 σου,
1176 4069 1242 4133 ἃς
1278 4070 1341 4122 σὺ
1367 4072 1541 4135 ποιεῖς
1567 4073 1645 4136 είς
1679 4074 1802 4137 τοὺς
1822 4075 1930 4130 δεοο

357 4159 574 4228 μένους,
605 4160 956 4229 παρέστησαν
990 4158 1219 4214 ἐνώπιόν
1252 4178 1356 4233 μου
1376 4202 1390 4227 ,
1428 4162 1521 4216 καὶ
1544 4158 1706 4234 ἦλθον
1752 4167 1930 4238 ἐμφα-

354 4248 503 4303 νίσαι
537 4264 621 4300 σοι
657 4247 894 4317 ἐμαυτὸν
924 4245 1011 4300 διὰ
1049 4246 1144 4300 τοῦ
1169 4248 1366 4319 ἐλάφου
1398 4249 1612 4317 τούτου,
1636 4251 1728 4304 καὶ
1775 4253 1926 4306 ἀντι-

355 4338 636 4411 ζωγρῆσαί
669 4355 751 4403 σε,
801 4338 895 4391 καὶ
945 4341 1163 4409 συσχεῖν
1188 4342 1301 4403 τοῖς
1337 4340 1574 4405 δικτύοις
1600 4342 1699 4412 τῆς
1737 4343 1923 4413 φιλαν-
1949 4375 2001 4438 D

356 4429 603 4502 θρωπὶας
653 4447 777 4498 μου.
807 4431 881 4485 Ού
916 4432 1020 4502 γάρ
1052 4432 1168 4485 ἐστι
1205 4432 1434 4498 δίκαιον,
1483 4434 1576 4487 τὸν
1605 4436 1729 4507 ἐμοὶ
1757 4454 1926 4509 προσ-

238 4536 257 4556 ο
356 4522 488 4593 φιλῆ
531 4521 618 4576 διὰ
668 4521 777 4575 τῶν
828 4522 1050 4591 ἀγαθῶν
1101 4522 1299 4596 ἔργων,
1355 4525 1626 4581 δουλεύειν
1678 4528 1929 4599 δαίμοσιν

357 4610 688 4681 ἀκαθάρτοις
717 4611 810 4665 καὶ
834 4612 1073 4677 εἰδώλοις
1094 4617 1307 4684 νεκροῖς
1332 4614 1429 4669 καὶ
1451 4618 1671 4687 κωφοῖς.
1698 4619 1798 4673 Διὰ
1820 4621 1929 4692 γὰρ

356 4698 515 4753 τοῦτο
541 4697 702 4773 ἦλθον
736 4704 829 4756 ἐπὶ
855 4703 957 4773 γῆς
986 4706 1044 4758 ἐν
1074 4704 1152 4776 τῷ
1179 4706 1310 4760 εἴδει
1340 4710 1531 4779 τούτῳ,
1573 4704 1617 4779 ᾧ
1646 4711 1739 4765 νῦν
1772 4714 1927 4785 ὁρᾷς,

360 4794 531 4849 σῶσαι
558 4796 730 4850 θέλων
763 4798 825 4850 τὸ
851 4798 957 4852 τῶν
982 4799 1285 4869 ἀνθρώπων
1325 4804 1497 4871 γένος.
1551 4824 1570 4856 ι

361 5054 476 5112 Τοῦ
498 5057 671 5129 ἁγίου
692 5060 976 5136 Λεοντίου
997 5063 1356 5136 *Νεαπότὶεως
1380 5062 1489 5131 τῆς
1510 5065 1792 5136 Κυπρίων
1822 5069 1920 5136 νήσ

638 5144 776 5197 σου,
804 5131 949 5197 πρὸς
996 5132 1345 5201 Ἰουδαίους,
1371 5140 1412 5187 ε’
1441 5135 1646 5205 λόγου.

434 5234 454 5271 α
498 5217 635 5292 Φέρε
682 5219 747 5290 δὴ
797 5221 1002 5284 λοιπὸν,
1044 5224 1182 5294 φέρε
1216 5224 1536 5297 προθύμως,
1570 5229 1665 5283 καὶ
1702 5230 1798 5304 τὴν
1830 5234 1926 5304 τῆς

358 5309 718 5374 ἐκτυπώσεως
742 5313 849 5365 τῶν
874 5315 1084 5367 σεπτῶν
1111 5317 1335 5372 εἰκόνιον
1361 5319 1654 5390 ἀπολογίαν
1690 5328 1927 5397 ποιησώ-

2034 1785 2269 1855 ipsemet
2306 1784 2603 1853 asperitate
2637 1782 2881 1836 locorum
2926 1780 3281 1847 fatiscerent;
3312 1791 3365 1838 et
3392 1796 3615 1837 cervum

2035 1876 2246 1932 diutius
2264 1874 2605 1945 adurgendo,
2637 1873 2826 1944 procul
2860 1889 2920 1928 se
2948 1875 3015 1929 ab
3045 1875 3289 1930 exercitu
3314 1876 3616 1932 recessisse

2034 1967 2197 2038 373
2253 1967 2659 2022 animadvertit.
2718 1965 2888 2020 Porro
2937 1965 3179 2035 fugiente
3240 1981 3427 2032 cervo,
3485 1981 3613 2021 cum

2035 2060 2222 2114 nullus
2251 2059 2515 2113 comitum
2561 2057 2804 2123 adesset,
2835 2064 3004 2126 petra:
3042 2057 3305 2129 verticem
3349 2072 3615 2113 conscen-

2035 2152 2134 2215 dit,
2192 2160 2306 2206 tum
2346 2150 2833 2220 circumaspicere,
2868 2163 3167 2219 secumque
3213 2150 3476 2219 cogitare,
3502 2165 3614 2220 quo

2033 2242 2255 2299 tandem
2287 2250 2446 2312 pacto
2484 2242 2723 2312 praedam
2758 2250 3116 2310 assequatur.
3153 2239 3223 2294 At
3263 2239 3613 2309 sapientissi-

2033 2350 2159 2390 mus
2207 2334 2785 2402 clementissimusque
2827 2330 3001 2397 Deus,
3037 2331 3129 2402 qui
3161 2331 3341 2387 nullas
3379 2348 3488 2386 non
3519 2347 3614 2388 ex«

2034 2426 2237 2496 cogitat
2285 2428 2423 2491 vias,
2460 2414 2664 2494 quibus
2705 2422 2770 2477 ad
2820 2424 3056 2479 salutem
3103 2421 3358 2479 homines
3409 2422 3611 2485 ducat,

2036 2516 2183 2571 hunc
2235 2516 2289 2570 in
2342 2517 2577 2586 ipsumet
2629 2514 2921 2570 venatione
2977 2520 3210 2567 venatur
3259 2532 3271 2569 :
3316 2528 3425 2568 non
3468 2513 3615 2569 Petri

2034 2623 2229 2678 opera;
2264 2616 2326 2661 ut
2372 2608 2503 2661 olim
2540 2606 2886 2671 Cornelium,
2915 2606 3092 2676 magis
3130 2613 3311 2659 autem
3352 2605 3435 2659 uti
3482 2620 3613 2673 per-

2035 2706 2341 2753 secutorem
2369 2697 2621 2762 Paulum,
2652 2698 2867 2768 objecta
2894 2712 2992 2752 sua
3028 2696 3234 2766 specie.
3267 2694 3454 2765 Itaque
3484 2712 3614 2751 con-

2035 2790 2248 2845 sistenti
2283 2790 2373 2843 diu
2402 2789 2655 2855 Placidar,
2682 2792 2942 2859 cervique
2971 2788 3356 2857 proceritatem
3384 2787 3615 2845 intentis

2035 2879 2211 2934 oculis
2243 2878 2558 2942 demiranti,
2595 2893 2718 2934 eum
2756 2878 2906 2933 illius
2941 2876 3195 2947 capiendi
3231 2877 3380 2932 nulla
3405 2878 3490 2933 via
3516 2893 3612 2933 oc-

2036 2980 2305 3035 curreret,
2362 2969 2638 3039 ejusmodi
2702 2974 3019 3039 portentum
3084 2968 3346 3025 Dominus
3418 2968 3614 3038 edidit,

2033 3059 2178 3131 quod
2206 3059 2428 3131 quidem
2463 3059 2597 3113 nihil
2628 3060 2880 3116 absimile
2906 3060 3021 3116 veri
3044 3069 3146 3128 est,
3182 3075 3281 3115 nec
3313 3060 3485 3130 ipsius
3512 3076 3612 3131 po-

2032 3154 2217 3208 tentiae
2250 3152 2682 3221 magnitudinem
2723 3152 2959 3208 excedit.
2996 3151 3124 3218 Sed,
3147 3155 3613 3224 quemadmodum

2033 3243 2205 3300 asinae
2236 3243 2455 3297 Balaam
2511 3242 2765 3313 loquendi
2822 3243 2994 3298 indita
3026 3243 3286 3299 facultate
3324 3245 3393 3312 ⁵⁸,
3422 3260 3486 3301 ea
3519 3259 3613 3297 ar-

2031 3338 2168 3409 guit,
2204 3352 2325 3407 quae
2355 3343 2509 3392 vates
2541 3338 2726 3392 animo
2758 3337 3036 3403 versabat,
3068 3336 3362 3394 consimile
3401 3336 3611 3409 aliquid

2032 3436 2164 3484 tunc
2190 3428 2353 3483 etiam
2381 3424 2458 3482 illi
2500 3429 2847 3485 monstravit.
2873 3427 2931 3483 In
2954 3430 3099 3485 cervi
3126 3429 3386 3487 cornibus
3407 3438 3615 3487 sanctae

2032 3508 2213 3574 erucis
2248 3518 2368 3589 ipso
2401 3519 2515 3575 sole
2543 3519 2703 3589 longe
2730 3519 3118 3589 fulgentiorem
3160 3520 3414 3592 ﬁguram,
3445 3530 3609 3593 atque

2032 3611 2174 3664 inter
2202 3624 2411 3663 cornua
2443 3610 2612 3663 divini
2654 3611 2740 3665 sui
2777 3611 3056 3678 carperis,
3103 3612 3251 3680 quod
3285 3627 3385 3681 pro
3417 3623 3611 3670 nostra

2031 3701 2210 3755 salute
2242 3714 2464 3754 sumere
2509 3699 2770 3767 dignatus
2802 3706 2906 3761 est,
2949 3699 3177 3769 eﬂigiem
3221 3701 3484 3769 ostendit;
3521 3703 3608 3756 in-

2030 3790 2255 3859 ditaque
2289 3803 2454 3843 cervo
2488 3802 2622 3843 voce
2655 3788 2919 3855 humana,
2964 3789 3051 3844 his
3105 3788 3385 3845 Placidam
3420 3793 3609 3850 verbis

2029 3878 2326 3949 compellat
2367 3895 2380 3931 :
2417 3876 2558 3943 Quid
2610 3893 2697 3933 me
2755 3880 3140 3949 persequeris,
3199 3880 3464 3938 Placida?
3524 3885 3606 3943 En

2030 3971 2109 4026 ιιιί
2139 3986 2309 4026 causa
2341 3970 2587 4035 aderam,
2633 3985 2829 4039 meque
2862 3971 2957 4026 tibi
2994 3972 3096 4027 hoc
3126 3972 3178 4026 in
3214 3974 3437 4030 animali
3469 3991 3604 4033 con-

2030 4064 2371 4136 spicicndum
2406 4061 2631 4133 prmhui.
2661 4062 2769 4131 Ego
2797 4078 2917 4119 sum
2951 4063 3112 4121 Jcsus
3136 4064 3413 4136 Christus,
3444 4084 3605 4140 quem

2032 4159 2293 4229 ignorans
2324 4156 2479 4212 colis.
2510 4153 2627 4209 Tua
2658 4170 2789 4225 erga
2820 4170 3095 4226 pauperes
3146 4157 3322 4214 ofﬁcia
3369 4174 3606 4233 conspe-

2031 4249 2144 4305 ctui
2212 4263 2334 4304 meo
2368 4246 2663 4319 praesentia
2725 4246 2969 4303 luerunt.
3035 4248 3406 4315 Quamobrem
3460 4252 3607 4311 istuc

2029 4341 2175 4405 veni,
2208 4348 2261 4395 ut
2314 4357 2411 4411 per
2455 4340 2603 4396 hunc
2645 4356 2865 4398 cervum
2915 4358 3000 4397 me
3053 4344 3420 4412 patefacerem
3481 4346 3605 4416 tibi,

2028 4440 2189 4505 teque
2241 4432 2490 4490 vicissim
2545 4442 2747 4489 venatu
2796 4436 3343 4505 comprehenderem,
3390 4448 3446 4496 et
3491 4440 3607 4497 clo-

2029 4527 2247 4582 mentiar
2285 4542 2419 4582 mea:
2444 4527 2699 4597 indagine
2735 4528 3034 4600 cingerem.
3060 4528 3169 4585 Nec
3202 4531 3347 4585 enim
3388 4547 3605 4604 aaquum

2029 4615 2216 4683 fuerit,
2255 4626 2312 4671 ut
2340 4634 2501 4689 quem
2530 4618 2599 4673 ob
2640 4628 2789 4675 recte
2825 4620 3103 4692 probeque
3137 4618 3279 4676 facta
3311 4616 3502 4695 diligo,
3557 4626 3607 4682 is

2031 4711 2375 4767 daamonibus
2410 4712 2667 4781 impuris,
2718 4713 3061 4784 mortuisque
3093 4720 3147 4769 et
3198 4714 3385 4772 surdis
3425 4715 3601 4771 simu-

2031 4802 2197 4857 lacris
2241 4803 2464 4858 serviat.
2516 4800 2724 4857 Idcirco
2770 4804 2976 4874 quippe
3005 4804 3072 4859 ad
3106 4813 3307 4869 terras,
3339 4818 3400 4861 ea
3437 4820 3605 4877 quam

2030 4893 2212 4949 cernis
2264 4893 2446 4963 specie
2498 4893 2646 4958 veni,
2689 4902 2747 4947 ut
2798 4895 2981 4963 generi
3037 4896 3320 4952 hominum
3369 4898 3602 4954 salutem

2032 4985 2303 5041 ail‘errem.
2348 5006 2366 5039 ι

2034 5077 2219 5134 Sancti
2270 5078 2473 5134 Leontii
2521 5076 2855 5153 _1_\_'eapolis_iu
2889 5077 3063 5153 Cypro
3088 5080 3272 5153 insula
3302 5079 3605 5153 [episcopi],

2415 5164 2480 5201 ea:
2512 5147 2646 5201 libro
2678 5165 2711 5202 v
2750 5147 2947 5202 Contra
2969 5147 3225 5207 'Juda’os.

2104 5260 2123 5293 ι
2164 5240 2411 5312 Agedum
2458 5237 2759 5309 deinceps,
2802 5254 2899 5311 age
2927 5239 3041 5309 jam
3075 5255 3233 5312 aequo
3284 5240 3469 5297 animo
3506 5255 3601 5296 ve-

2026 5332 2351 5386 nerabilium
2402 5328 2703 5399 imaginum
2758 5328 3131 5385 defensionem
3187 5329 3599 5401 aggrediamur,

361 5400 520 5467 μεθα,
553 5401 699 5465 ὅπως
733 5404 1090 5473 ἐμφρασθῶσι
1137 5408 1379 5477 στόματα
1423 5411 1659 5482 ἀνόμων,
1701 5414 1925 5469 λαλούν-

2036 5431 2084 5478 ut
2118 5424 2481 5479 obstruantur
2520 5436 2615 5477 ora
2661 5420 3003 5491 loquentium
3036 5400 3270 5493 iniqua.
3300 5420 3417 5479 Non
3450 5420 3602 5476 enim

360 5506 468 5545 των
514 5492 701 5545 ἄδικα·
737 5494 933 5565 νομικὴ
971 5495 1081 5567 γάρ
1110 5497 1246 5569 αὕτη
1286 5500 1319 5571 ή
1349 5502 1667 5570 παράδοσις,
1698 5508 1790 5561 καὶ
1828 5510 1925 5580 οὐχ

433 5616 480 5649 ⁸⁵
497 5629 660 5685 Num.
691 5648 820 5699 χχιι,
854 5632 944 5689 98.

2034 5513 2319 5575 inventum
2362 5522 2609 5570 nostrum
2647 5512 2780 5569 illud
2808 5521 2913 5581 est,
2948 5515 3042 5572 sed
3070 5515 3203 5586 legis
3233 5514 3413 5586 potius
3442 5514 3607 5571 msti-
