3936 6174
500 252 637 320 I383

1662 255 1722 316 S.
1763 255 2085 319 JOANNIS
2124 258 2551 322 DAMASCENl

3554 280 3650 350 133i

497 372 696 419 tutum.
738 361 871 434 Nam
913 359 1082 416 Deum
1124 362 1303 432 ipsum
1345 363 1471 418 audi
1528 363 1697 436 Moysi
1736 368 2061 438 praecipien-

2175 373 2438 442 ἡμετέρα.
2500 375 2766 428 ’Λκουσον
2804 375 2907 447 γὰρ
2961 377 3129 432 αὐτοῦ
3163 379 3252 433 τοῦ
3287 382 3412 437 Θεοῦ
3465 389 3654 462 λέγοντος

495 462 628 518 tem,
685 462 748 509 ut
796 454 1045 525 geminas
1094 454 1395 511 Cheruhim
1459 458 1727 529 imagines
1785 461 2073 530 sculptilcs

507 543 926 615 conﬂatilesque
970 546 1330 614 fabrefaciat.,
1383 549 1582 619 quibus
1635 551 2074 620 propitiatorium

496 637 947 693 obumbraretur.
988 638 1227 706 Adhaec,
1271 641 1534 710 templum
1603 641 1873 696 Ezechieli
1928 642 2074 698 Deus

496 729 761 794 ostendit,
817 730 967 800 quod
1017 746 1046 784 a
1097 732 1407 801 pavimento
1456 733 1520 786 ad
1580 733 1855 802 laquearis
1917 732 2076 788 fasti.

496 824 669 894 ginm,
701 821 992 893 sculptiles
1028 823 1269 890 leonum,
1300 825 1626 893 palmarum,
1651 826 2070 896 hominumque,

496 925 549 974 et
576 916 875 970 Cherubim
907 917 1073 972 facies
1106 917 1368 974 habuisse
1398 919 1552 974 dicit.
1573 920 1865 975 Terribilis
1892 922 2074 991 reipsa

499 1009 586 1062 hic
635 1023 817 1063 sermo
865 1016 971 1062 est.
1021 1009 1160 1063 Deus
1206 1009 1302 1078 qui
1353 1009 1540 1064 lsraeli
1597 1011 1856 1080 injunxit,
1891 1028 1960 1066 ne
1996 1011 2075 1066 rei

497 1100 684 1162 ullius,
716 1098 830 1152 sive
859 1114 981 1166 qua:
1015 1099 1069 1151 in
1101 1100 1281 1164 caelis,
1313 1101 1430 1155 sive
1463 1117 1584 1171 quae
1619 1103 1670 1156 in
1705 1110 1852 1157 terra
1881 1103 2073 1169 fuerit,

496 1189 756 1258 sculptile
777 1189 1096 1259 quodpiam,
1132 1199 1228 1244 aut
1259 1190 1552 1260 imaginem
1591 1192 2076 1250 similitudinemve

497 1278 726 1346 faceret,
779 1281 897 1350 ipse
946 1280 1118 1350 Moysi
1157 1282 1426 1352 praecipit,
1463 1293 1523 1337 ut
1554 1286 1772 1354 sculpta
1820 1286 2074 1340 animan-

495 1373 592 1433 tia,
647 1372 970 1436 Cheruhim,
1024 1373 1272 1442 inquam,
1331 1373 1582 1429 fabricet.
1628 1375 1889 1444 Quinimo
1938 1377 2074 1433 Eze-

493 1463 656 1517 chieli
693 1464 952 1532 templum
1000 1471 1292 1530 monstrat,
1339 1466 1691 1537 imaginibus,
1737 1470 2076 1540 sculptisque

491 1550 732 1617 leonum,
796 1551 1128 1619 palmarum,
1176 1562 1229 1608 et
1278 1555 1565 1610 hominum
1619 1559 1932 1616 simulacris
1986 1577 2074 1616 re-

496 1638 714 1694 fertum.
771 1639 1029 1696 Salomon
1069 1643 1202 1698 item
1257 1643 1485 1714 figuram
1522 1646 2075 1720 designationemque

490 1746 558 1785 ex
599 1731 716 1801 lege
751 1740 1058 1800 mutuatus,
1095 1735 1268 1790 aeneis
1307 1735 1494 1802 boum,
1527 1723 1861 1807 palmarum,
1888 1746 1942 1793 et
1972 1739 2073 1794 ho-

492 1823 702 1876 minum
769 1808 1080 1881 simulacris
1136 1825 1354 1894 plenum
1438 1829 1697 1897 templum
1757 1832 2072 1886 exstruxit:

490 1929 669 1984 neque
724 1916 796 1970 ob
852 1915 906 1970 id
965 1933 1194 1986 usquam
1244 1933 1274 1971 a
1335 1918 1442 1975 Deo
1509 1923 1878 1991 reprehensus
1938 1923 2074 1977 fuit.

491 2004 858 2072 Quamobrem
917 2008 962 2062 si
1027 2024 1114 2064 me
1165 2021 1388 2080 propter
1434 2012 1701 2083 imagines
1741 2015 2073 2070 condemna-

492 2113 553 2154 re
609 2098 717 2164 vis,
779 2098 948 2155 Deum
1001 2101 1156 2170 prius
1218 2116 1483 2167 accuses,
1535 2105 1632 2175 qui
1690 2105 1806 2162 haic
1868 2107 2076 2163 ideirco

493 2186 610 2255 ﬂeri
635 2189 840 2259 jussit,
866 2199 926 2245 ut
960 2191 1138 2261 ipsius
1180 2192 1326 2262 apud
1371 2210 1470 2250 nos
1513 2199 1778 2252 memoria
1819 2213 2074 2268 perseve-

493 2287 661 2335 raret.
714 2299 734 2334 ι

810 2373 978 2446 374
1012 2373 1261 2445 Ejusdem
1286 2392 1351 2432 ex
1385 2377 1520 2433 libro
1553 2379 1754 2448 quinto.

567 2481 588 2516 ι
629 2461 798 2520 Nobis
847 2481 1066 2521 rursum
1101 2468 1361 2536 illudunt,
1411 2471 1560 2540 quod
1613 2471 1908 2540 pretiosam
1945 2485 2075 2526 cru-

491 2569 610 2609 cem
649 2554 977 2627 divinasque
1021 2558 1293 2629 imagines
1339 2561 1718 2631 designemus,
1757 2562 2075 2619 adoremus-

491 2662 628 2716 que,
688 2663 900 2718 nosque
963 2650 1240 2705 idolorum
1304 2666 1368 2707 ac
1423 2653 1724 2723 ligneorum
1781 2655 2072 2710 numinum

491 2738 731 2796 cultores
759 2749 978 2806 vocant,
1012 2741 1114 2796 viri
1141 2743 1234 2812 qui
1260 2742 1428 2798 Deum
1461 2745 1684 2799 omnino
1708 2761 1814 2800 non
1846 2753 2050 2802 norunt

490 2831 648 2898 Quod
699 2832 771 2897 si,
826 2841 886 2887 ut
922 2834 1151 2901 asseris,
1187 2834 1383 2904 athee,
1430 2835 1599 2891 Deum
1635 2838 1875 2908 ligneum
1924 2840 2071 2905 colo,

404 2941 409 2952 ι
449 2941 452 2944 '
489 2929 638 2977 certe
668 2923 853 2992 plures
887 2939 1109 2994 quoque
1145 2940 1397 2980 veneror.
1429 2925 1486 2980 Si
1522 2926 1734 2996 plures,
1763 2928 1954 2998 utique
1979 2931 2072 2984 de-

2179 463 2316 532 πρὸς
2363 464 2634 528 Μωῡσέα,
2682 466 2892 531 είκόνας
2928 468 3021 522 δύο
3046 471 3316 543 Χερουϐὶμ
3343 476 3560 543 γλυπτῶν
3591 492 3658 544 xui

2175 555 2464 624 χωνευτῶν
2497 556 2923 621 κατασκευάσαι,
2962 561 3284 624 σκιαζόντων
3309 565 3363 617 τὸ
3396 568 3656 644 ἱλαστήριον.

2175 647 2288 702 Καὶ
2329 647 2512 714 πάλιν,
2561 648 2650 702 τὸν
2704 649 2827 704 ναὸν
2882 649 3082 716 ἔδειξεν
3118 655 3146 706 ό
3175 653 3300 720 Θεὸς
3332 657 3403 728 τῷ
3435 660 3657 736 ἰεζεκιὴλ,

2175 739 2389 806 γλυπτὰ
2443 740 2729 811 πρόσωπα,
2779 743 2962 813 φησὶν,
2998 738 3132 814 εἶχε,
3162 745 3392 814 λεόντων,
3426 755 3508 805 xui
3538 763 3658 823 φοινί.

2176 845 2307 892 κων,
2340 827 2436 882 xui
2458 828 2777 900 ἀνθρώπων,
2813 833 2905 884 καὶ
2926 833 3222 904 Χερουϐὶμ,
3254 837 3355 890 ἀπὸ
3385 840 3466 893 τοῦ
3489 843 3656 916 tam

2177 919 2342 972 αὐτοῦ
2372 920 2475 983 ἕως
2515 922 2606 974 τοῦ
2633 921 2996 991 φατνώματος
3032 923 3132 993 τῆς
3163 926 3369 997 στέγης,
3399 933 3573 999 Ὄντως
3591 958 3658 1006 ea.

2159 1007 2332 1079 ’ϐερὸς
2363 1010 2392 1062 ὁ
2413 1009 2588 1078 λόγος.
2627 1011 2684 1064 Ὀ
2704 1011 2848 1076 ΔΘεὸς
2881 1013 3252 1084 ἐντειλάμενος
3281 1017 3351 1087 τῷ
3403 1022 3582 1096 Ἰσραὴλ
3607 1030 3656 1098 μὴ

2176 1100 2402 1170 ποιῆσαι
2435 1102 2692 1170 γλυπτδν,
2737 1104 2873 1176 μήτε
2907 1105 3116 1171 εἰκόνα,
3155 1109 3288 1178 μήτε
3311 1111 3546 1182 ὁμοίωμα,
3589 1121 3657 1173 ὅσα

2175 1191 2325 1244 ἐστὶν
2347 1194 2405 1247 ὲν
2424 1193 2502 1263 τῷ
2527 1195 2762 1265 οὐρανῷ,
2787 1197 2882 1249 xui
2904 1198 3006 1249 ὅσα
3032 1199 3177 1250 ἐστὶν
3219 1201 3307 1252 ἐπὶ
3345 1206 3436 1273 τῆς
3472 1206 3571 1275 γῆς,
3594 1211 3658 1262 αὺ-

2174 1283 2269 1348 τὸς
2329 1287 2662 1355 προστάσσει
2699 1288 2777 1358 τῷ
2831 1291 3040 1360 Μωῦσῇ
3101 1291 3316 1361 ποιῆσαι
3359 1295 3542 1362 γλυπτὰ
3581 1299 3658 1363 ζόα

2175 1376 2476 1447 Χερουϐίμ’
2503 1379 2596 1432 καὶ
2624 1379 2700 1450 τῷ
2715 1379 2976 1451 Ίεζεκιὴλ
2994 1381 3177 1451 πλήρη
3199 1385 3405 1438 εἰκόνων
3419 1389 3498 1439 καὶ
3521 1388 3659 1459 ὀνομά-

2173 1485 2282 1522 των
2303 1469 2330 1508 b
2379 1469 2656 1538 γλυπτῶν,
2688 1470 2940 1535 λεόντων,
2975 1473 3069 1526 xui
3105 1475 3368 1542 φοινίκων,
3397 1480 3477 1530 xui
3504 1481 3656 1550 ἀνθρώ·

2176 1576 2314 1624 πων,
2345 1561 2587 1615 δείκνυσι
2618 1561 2708 1615 τὸν
2739 1562 2866 1616 ναὸν
2891 1566 2920 1618 ὁ
2949 1563 3112 1628 Θεός’
3143 1567 3235 1618 xui
3273 1567 3512 1636 Σολομὼν,
3536 1573 3660 1628 ἐκνό-

2181 1668 2281 1721 μου
2315 1650 2495 1704 λαϐὼν
2542 1651 2603 1704 τὸ
2650 1652 2908 1723 τύπωμα,
2963 1653 3148 1725 πλήρη
3196 1657 3440 1728 πεποίηκε
3473 1660 3544 1713 τὸν
3572 1665 3657 1716 ναὸν

2177 1742 2394 1813 χαλκῶν
2418 1743 2694 1810 γλυπτῶν,
2747 1747 2906 1815 βοῶν,
2949 1747 3048 1800 xui
3092 1749 3338 1816 φοινίκων
3361 1792 3374 1814 ,
3405 1752 3483 1804 xui
3505 1753 3656 1824 Myd-

2177 1851 2314 1899 πων,
2346 1835 2440 1887 xui.
2465 1834 2525 1887 οὐ
2556 1835 2911 1907 κατεγνώσθη
2959 1838 3066 1890 ὑπὸ
3112 1838 3203 1891 τοῦ
3229 1839 3353 1892 Θεοῦ
3377 1842 3427 1893 ἐν
3445 1844 3596 1911 τούτῳ.
3618 1845 3655 1897 ΕΞ

2174 1924 2354 1979 τοίνυν
2401 1923 2536 1995 ἐμοῦ
2595 1925 3040 1994 καταγινώσκειν
3089 1929 3260 1993 Θέλεις
3313 1933 3427 2001 περὶ
3477 1934 3653 2002 εἰκόνων,

2177 2017 2596 2088 προκατάγνωθι
2629 2017 2721 2071 τοῦ
2765 2017 2900 2073 Θεοῦ
2949 2017 3130 2074 ταῦτα
3167 2024 3330 2074 ποιεῖν
3364 2023 3652 2089 κελεύσαντος,

2173 2107 2249 2173 ὡς
2278 2108 2583 2180 ὑπόμνησιν
2616 2107 2782 2162 αὑτοῦ
2816 2103 2960 2163 εἶναι
3004 2109 3138 2181 παρ’
3178 2112 3323 2182 ἡμῖν.
3363 2130 3379 2165 ι

2392 2375 2502 2430 Τοῦ
2531 2375 2739 2440 αὐτοῦ,
2779 2377 2848 2430 ἐκ
2876 2377 2991 2432 τοῦ
3029 2377 3295 2447 πέμπτου
3326 2380 3495 2450 λόγου.

2254 2483 2273 2517 ι
2309 2465 2478 2519 Πάλιν
2509 2466 2656 2536 ἡμᾶς
2688 2466 3045 2529 διαπαίζουσι
3075 2470 3201 2540 περὶ
3237 2468 3323 2522 τοῦ
3355 2473 3502 2541 τιμίου
3532 2489 3649 2527 aruu-

2179 2557 2293 2628 ροῦ,
2326 2558 2420 2612 xui
2447 2556 2548 2627 τῆς
2586 2559 2696 2612 τῶν
2744 2558 3109 2613 θεοτυπώτων
3137 2560 3345 2615 εἰκόνων
3381 2564 3648 2632 σημειώσεώς

2173 2665 2231 2702 τε
2255 2649 2348 2702 xui.
2383 2651 2826 2720 προσκυνήσεως,
2869 2649 3263 2720 εἰδωλολάτρας
3291 2653 3413 2719 ἡμᾶς
3440 2653 3517 2704 xui
3542 2654 3646 2716 ξυλο-

2175 2739 2330 2802 θέους
2351 2739 2731 2810 ὀνομάζοντες,
2757 2740 2806 2793 οἱ
2837 2739 3129 2794 πανάοεοι.
3160 2741 3221 2793 Ei
3246 2741 3299 2793 δὲ
3329 2741 3531 2805 ξυλόοεός
3553 2743 3646 2811 εἰμι,

2174 2833 2249 2896 ὡς
2271 2833 2471 2900 λέγεις,
2495 2832 2644 2897 ᾶοεε,
2679 2832 2774 2885 xui
2802 2830 3073 2896 πολύϐεος
3121 2833 3343 2896 πάντως.
3380 2835 3433 2886 Εἰ
3466 2834 3512 2886 δὲ
3535 2835 3650 2886 πολύς

2175 2922 2316 2987 Θεος,
2369 2924 2536 2994 ἐχρῆν
2572 2940 2640 2994 με
2698 2921 2916 2986 πάντως
2953 2924 3203 2992 ὀμνύντα
3241 2925 3433 2992 λέγειν·
3464 2927 3539 2978 Μὰ
3559 2924 3653 2990 τοὺς

484 3013 718 3083 jerando
769 3014 984 3082 dixero,
1042 3015 1147 3070 Per
1193 3015 1316 3072 deos
1354 3031 1372 3071 :
1408 3019 1870 3087 quemadmodum
1902 3031 1952 3075 et
1984 3029 2066 3088 tu,

2174 3014 2370 3079 θεοὺς,
2423 3013 2676 3085 καθάπερ
2721 3013 2816 3068 xui
2868 3015 2933 3066 σὺ
2963 3015 3073 3066 ἕνα
3110 3013 3244 3085 ὁρῶν
3273 3016 3466 3085 μόσχον,
3497 3016 3648 3082 ἔλεγες·

487 3105 767 3176 quondam
799 3106 1033 3160 vitulum
1065 3123 1237 3162 unum
1265 3109 1562 3178 aspiciens,
1591 3109 1780 3165 aiebas
1807 3129 1821 3164 :
1852 3109 1922 3164 Hi
1950 3122 2070 3166 sunt

488 3193 566 3247 dii
616 3195 716 3261 tui,
774 3193 950 3250 Israel
999 3197 1067 3251 ⁸⁸.
1109 3199 1178 3250 At
1235 3199 1508 3268 ejusmodi
1556 3199 1941 3270 jusjurandum
2004 3219 2072 3259 ex

489 3300 587 3342 ore
641 3281 1083 3345 Christianorum
1135 3303 1191 3348 te
1245 3296 1526 3350 audivisse
1561 3298 1882 3366 neutiquam
1921 3313 2072 3353 asse-

489 3378 721 3433 veraris.
786 3379 989 3434 Verum
1045 3382 1309 3441 adulterae
1374 3387 1672 3457 Syuagogae
1724 3391 2070 3446 consuetudo

489 3477 596 3535 est,
628 3477 687 3522 ut
733 3470 1117 3540 castissimam
1147 3473 1353 3530 Christi
1388 3475 1724 3544 Ecclesiam,
1751 3494 1851 3535 ceu
1888 3496 2070 3537 mere-

491 3559 684 3613 tricem
717 3559 966 3615 infamet.
1004 3579 1024 3612 ι

565 3648 846 3718 Ejusdem.
885 3670 904 3703 ι
944 3651 1132 3722 Neque
1157 3655 1304 3710 enim
1327 3665 1642 3714 sanctorum
1671 3658 1898 3727 formas,
1935 3660 2072 3716 ima-

491 3740 646 3813 gines
677 3750 729 3798 et
763 3743 964 3814 ﬁguras
1011 3747 1089 3800 uti
1123 3747 1260 3804 deos
1322 3751 1638 3807 adoramus.
1682 3752 1816 3807 Nam
1861 3757 1907 3810 si
1949 3763 2071 3810 tan-

490 3847 654 3903 quam
691 3832 858 3888 Deum
891 3835 1126 3906 ligneam
1176 3840 1469 3912 imaginem
1500 3843 1879 3911 aduraremus,
1915 3861 2072 3900 eum-

491 3922 614 3977 dem
646 3922 876 3978 omnino
908 3926 1116 3979 cultum
1162 3929 1395 4000 reliquis
1434 3934 1598 3987 etiam
1637 3933 1803 4002 lignis
1840 3935 2076 3991 exhibe-

490 4029 698 4080 remus,
746 4032 946 4086 neque,
977 4027 1034 4072 ut
1064 4035 1211 4090 saepe
1239 4023 1532 4095 contingit,
1567 4025 1862 4097 imaginem
1896 4026 2070 4084 forma

490 4106 664 4163 deleta
713 4110 1189 4169 combureremus.
1231 4113 1296 4168 Et
1331 4131 1572 4182 rursum,
1625 4118 1870 4189 quandiu
1925 4119 2069 4190 ligna

490 4201 672 4256 crucis
736 4211 990 4273 coaptata
1065 4215 1314 4271 manent,
1385 4207 1615 4262 formam
1693 4209 1840 4265 illam
1896 4211 2067 4268 adoro

489 4303 712 4362 propter
739 4310 862 4348 eum
897 4299 989 4367 qui
1025 4299 1330 4353 cruciﬁxus
1362 4299 1499 4354 fuit:
1535 4300 1623 4354 ubi
1659 4316 1786 4356 vero
1817 4303 2066 4371 sejuncta

2177 3101 2353 3162 Οὗτοι
2388 3107 2443 3158 οὶ
2483 3104 2604 3158 θέοι
2649 3117 2791 3169 σου,
2826 3105 3080 3174 Ἰσραήλ
3102 3121 3115 3135 '
3148 3105 3260 3159 ἀλλ’
3311 3106 3399 3158 οὐκ
3443 3104 3648 3173 ἀξιωθείης

2170 3199 2331 3253 τοῦτο
2379 3200 2528 3268 παρὰ
2575 3199 2916 3269 Χριστιανῶν
2967 3201 3261 3270 στομάτων
3298 3199 3498 3253 ἀκοῦσαί
3537 3215 3643 3252 ποτε·

2172 3291 2286 3346 ἀλλ’
2313 3291 2545 3344 εἴθισται
2574 3292 2662 3345 ἀεὶ
2759 3289 3012 3362 μοιχαλὶς
3046 3293 3139 3345 xui
3166 3291 3378 3354 ἄπιστος
3417 3288 3644 3357 Συναγωγή.

2173 3382 2269 3453 τὴν
2316 3384 2684 3456 πανσὼφρονα
2733 3381 2972 3455 Χριστοῦ
3038 3381 3376 3454 Ἐκκλησίαν,
3407 3381 3471 3444 ὠς
3507 3380 3645 3450 πόρνην

2169 3472 2529 3544 διατορεύειν.
2564 3490 2583 3524 ι

2245 3653 2357 3707 Τοῦ
2392 3651 2595 3707 αὐτοῦ.
2623 3668 2644 3703 ι
2681 3649 2814 3705 Οὐδὲ
2841 3649 2948 3720 γὰρ
2976 3650 3116 3721 παρ’
3143 3647 3313 3719 ἡμῶν,
3333 3646 3401 3709 ὡς
3425 3644 3516 3698 θεοὶ
3536 3656 3645 3712 προσ-

2173 3745 2459 3797 κυνοῦνται
2499 3742 2549 3794 οἱ
2598 3740 2707 3793 τῶν
2760 3739 2931 3806 ἁγίων
2969 3736 3334 3808 χαρακτῆρες,
3383 3731 3462 3786 καὶ
3490 3728 3644 3788 εἰκόνες,

2171 3834 2265 3889 xui
2294 3835 2476 3887 τύποι.
2521 3834 2582 3885 Ei
2615 3831 2724 3902 γὰρ
2750 3830 2823 3894 ὡς
2856 3829 2976 3899 Θεῷ
3008 3826 3438 3902 προσεκυνοῦμεν
3464 3821 3524 3890 τῷ
3554 3818 3645 3885 ξύλῳ

2169 3926 2270 3996 τῆς
2307 3925 2534 3989 εἰκόνος,
2593 3922 2896 3992 ἐμέλλομεν
2953 3921 3177 3982 πάντως
3233 3919 3321 3972 καὶ
3364 3917 3460 3977 τοῖς
3506 3911 3646 3968 λοιποῖς

2173 4016 2500 4086 προσκυνεῖν
2536 4012 2732 4077 ξύλοις,
2770 4011 2865 4066 καὶ
2884 4011 2983 4081 οὐχ
3013 4012 3094 4075 ὡς
3123 4009 3387 4069 πολλάκις,
3417 4002 3644 4058 λεανθέντος

2169 4104 2263 4159 τοῦ
2298 4103 2643 4174 χαρακτῆρος
2663 4143 2678 4169 ,
2725 4101 2803 4171 τῷ
2843 4103 2976 4171 πυρὶ
3008 4101 3110 4171 τὴν
3153 4098 3327 4152 εἰκόνα
3351 4091 3644 4186 κατεκαίομεξ

2170 4199 2282 4253 Καὶ
2311 4197 2496 4263 πάλιν,
2531 4197 2636 4258 ἕως
2671 4196 2771 4266 μὲν
2819 4195 2933 4247 ἔστι
2974 4191 3326 4262 συνδεδεμένα
3360 4189 3420 4240 τὰ
3455 4185 3560 4252 ξύλα
3586 4185 3646 4230 τοῦ

2172 4287 2432 4359 σταυροῦ,
2465 4287 2757 4358 προσκυνῶ
2778 4284 2868 4338 τὸν
2890 4285 3061 4339 τύπον
3091 4283 3178 4336 διὰ
3205 4283 3292 4335 τὸν
3319 4282 3371 4332 ὲν
3391 4274 3516 4344 αὐτῷ
3539 4286 3647 4324 σταυ·

491 4383 718 4451 fuerint,
752 4362 938 4442 eadem
977 4390 1179 4461 abjicio
1212 4400 1376 4461 atque
1399 4393 1683 4447 comburo.
1712 4393 1778 4446 Et
1803 4362 2066 4463 quemad-

2172 4378 2414 4451 ρωθέντα
2438 4377 2694 4448 Χριστὸν,
2731 4375 2867 4427 ἐπὰν
2912 4374 2970 4427 δὲ
2994 4371 3334 4445 διαιρεθῶσιν
3368 4367 3422 4432 ὲξ
3451 4362 3647 4463 ἀλλήλων.

491 4477 736 4542 modum,
761 4478 852 4549 qui
886 4481 1239 4552 imperatoris
1265 4483 1504 4538 edictum
1534 4484 1883 4556 obsignatum
1917 4486 2067 4541 acci-

490 4570 590 4640 pit,
625 4568 975 4640 sigillumque
1006 4572 1314 4639 osculatur,
1345 4573 1392 4628 is
1422 4587 1530 4626 non
1563 4574 1758 4637 lutum,
1788 4573 2068 4630 chartam-

488 4674 577 4721 νο,
614 4666 710 4714 aut
740 4659 1028 4729 plumbum
1053 4670 1372 4729 veneratur,
1407 4663 1503 4718 sed
1541 4663 1854 4733 imperatori
1882 4666 2067 4733 potius

488 4748 756 4804 honorem
790 4747 971 4804 defert
1004 4758 1060 4805 et
1101 4751 1524 4819 adorationem;
1560 4752 1642 4808 sic
1691 4768 1794 4809 nos
1843 4769 2066 4824 quoque

487 4838 816 4904 Christiani,
869 4839 1052 4895 crucis
1111 4840 1345 4897 formam
1404 4843 1714 4908 adorando,
1766 4859 1878 4898 non
1935 4845 2066 4916 ligni

489 4933 799 4998 materiam,
862 4933 959 4988 sed
1023 4935 1200 5006 magis
1251 4937 1624 5006 signaculum,
1683 4937 1942 4990 annulum
2014 4945 2069 4992 et

489 5025 864 5080 characterem
910 5023 1119 5078 Christi
1172 5026 1352 5096 ipsius
1401 5027 1790 5096 respicientes,
1829 5042 1925 5096 per
1976 5043 2069 5082 ca-

487 5114 610 5169 dem
665 5114 816 5170 illum
865 5117 961 5188 qui
1012 5115 1165 5172 cruci
1219 5114 1412 5172 allixus
1473 5115 1596 5183 fuit,
1657 5117 1966 5173 salutamus
2015 5127 2072 5174 et

489 5207 806 5265 adoramus.
836 5227 856 5261 ι

559 5422 605 5452 ⁸⁸
635 5431 804 5488 Exod.
835 5449 1008 5496 xxxii,
1035 5436 1087 5491 4.

2173 4471 2352 4542 ρίπτω
2403 4467 2546 4522 αὐτὰ
2591 4469 2685 4521 xui.
2718 4465 3022 4521 κατακαίω.
3081 4464 3193 4518 Καὶ
3223 4463 3397 4530 ὥσπερ
3422 4461 3446 4511 o'
3473 4455 3649 4507 κέλευσεν

2171 4564 2436 4637 βασιλέως
2466 4561 2756 4632 δεξάμενος
2781 4559 3248 4630 ὲσφραγισμένην,
3280 4555 3364 4608 καὶ
3405 4545 3650 4650 ἀσπασάμε-

2169 4675 2259 4722 νος
2286 4656 2384 4728 τὴν
2418 4673 2488 4724 σφ
2498 4654 2711 4725 ραγίδα,
2733 4654 2793 4705 οὐ
2814 4651 2903 4705 τὸν
2925 4651 3098 4720 πηλὸν
3115 4651 3377 4719 ἐτίμησεν,
3397 4645 3451 4697 οὐ
3474 4642 3543 4694 τὸν
3559 4642 3650 4728 xig-

2167 4767 2290 4820 την⁹
2408 4723 2509 4800 τὸν
2551 4744 2817 4816 μόλιϐδον,
2851 4742 2987 4796 ἀλλὰ
3037 4741 3114 4814 τῷ
3149 4740 3349 4811 βασιλεῖ
3378 4736 3590 4797 ἀπένειμε
3607 4723 3649 4825 fi

2171 4842 2338 4903 σέϐας
2387 4839 2482 4892 xui
2510 4837 2610 4908 τὴν
2649 4835 3022 4906 προσκύνησιν
3045 4851 3060 4866 ’
3106 4832 3247 4886 οὕτω
3277 4829 3361 4882 καὶ
3390 4827 3650 4916 Χριστιανωγ

2166 4933 2390 4994 παῖδες,
2432 4927 2510 5000 τῷ
2536 4927 2692 4997 τύπῳ
2741 4925 2836 4979 τοῦ
2884 4923 3122 4995 σταυροῦ
3177 4915 3648 5000 προσκυνοῦνται-ου

2165 5024 2264 5094 τὴν
2302 5020 2464 5092 φύσιν
2481 4995 2588 5073 *τοῦ
2619 4995 2776 5085 ξόλου
2809 5015 3244 5087 προσκυνοῦμεν,
3281 5007 3405 5103 ἀλλὰ
3431 4995 3646 5103 superfit.

2166 5084 2262 5168 xui
2288 5084 2596 5176 δακτύλιον,
2628 5084 2722 5163 xui
2765 5084 3088 5180 χαρακτῆρα
3121 5084 3348 5177 Χριστοῦ
3396 5084 3648 5188 αὑτοῦβξξε

2173 5221 2388 5270 ποντες,
2412 5203 2480 5258 δι’
2511 5171 2677 5256 αὐτοῦ
2712 5171 2802 5254 τόν
2824 5171 2880 5254 έν
2908 5171 3057 5272 αὑτῶ
3089 5171 3448 5269 σταυρωθέντα
3474 5171 3648 5239 ἀσπαζᾶ

2179 5297 2320 5367 μεθα
2350 5295 2442 5350 xui
2467 5291 2902 5366 προσκυνοῦμεν.
2943 5309 2960 5342 ι

1770 5526 1998 5580 VARl/E
2038 5523 2438 5580 LECTIONES.

562 5654 588 5698 δ
615 5655 758 5728 Lego
784 5661 1164 5734 ὀμοιωμόιτων,
1201 5671 1250 5713 ιιι
1293 5661 1460 5714 Zinus
1488 5670 1536 5713 et
1572 5659 1731 5712 Tilm.
1775 5671 1828 5714 ct
1860 5659 1912 5713 in
1945 5665 2050 5713 act.
2083 5661 2112 5713 7
2151 5672 2272 5728 syn.
