3928 6196
282 251 415 316 1385

1372 255 1470 315 DE
1507 256 1970 319 IMAGINIBUS
2002 249 2287 312 ORATIO
2317 251 2431 309 III.

3391 250 3526 313 I386

352 357 461 413 Τοῦ
492 357 698 413 αὑτοῦ.
723 374 741 408 ι
770 358 879 412 Καὶ
907 357 995 411 διὰ
1022 356 1179 410 τοῦτο
1213 359 1470 430 Χριστὸν,
1496 363 1591 415 καὶ
1622 362 1694 415 τά
1716 363 1852 434 Χρι-

2033 357 2306 426 Ejusdem.
2347 372 2367 405 ι
2403 354 2581 422 Atque
2635 346 2755 407 eam
2816 354 2885 407 oh
2937 368 3160 409 causam
3215 351 3525 421 Christum,

276 449 401 502 στοῦ
435 448 581 519 πάθη
602 487 617 509 ,
650 448 707 500 ἐν
750 447 1092 519 ἐκκλησίαις,
1126 449 1219 502 καὶ
1258 452 1447 514 οἴκοις,
1476 452 1572 504 καὶ
1605 453 1852 521 ἀγοραῖς,

274 542 366 593 καὶ
396 540 455 591 ἐν
478 540 672 601 εἰκόσι,
712 539 808 592 καὶ
829 539 887 590 ἐν
925 540 1145 604 σινδόνι,
1180 542 1276 594 καὶ
1301 543 1359 594 ἐν
1389 542 1659 613 ταμείοις,
1684 544 1779 596 καὶ
1799 545 1856 595 ἐν

277 632 533 701 ἱματίοις,
566 631 661 683 καὶ
695 632 754 684 ἐν
785 633 948 684 παντὶ
980 633 1130 702 τόπῳ
1166 632 1389 685 ἐκτυπῶ
1422 633 1517 686 καὶ⁵
1545 633 1854 705 διαγράφω,

277 725 363 778 ἵνα
394 722 657 789 διηνεκῶς
686 723 828 793 ὁρῶν
856 724 1050 788 ταῦτα,
1078 724 1614 795 ἀναμιμνήσκωμαι,
1654 726 1748 779 καὶ
1782 728 1857 795 μὴ

1956 446 2276 516 Christique
2329 444 2640 514 passionem
2688 443 2744 496 in
2792 444 3066 509 ecclesiis,
3102 446 3157 499 in
3206 447 3439 512 ardibus,
3473 448 3527 507 in

1960 540 2120 603 foris.
2172 540 2226 593 in
2278 538 2502 602 tabulis,
2552 537 2604 591 in
2650 536 2867 598 linteis,
2926 536 2979 592 in
3030 539 3312 595 cubilibus
3362 549 3419 597 et
3472 540 3528 601 in

1959 636 2233 699 vestibus,
2276 643 2440 703 atque
2485 634 2537 685 in
2584 632 2734 686 omni
2768 632 2893 685 loco
2917 633 3165 701 exprime
3190 641 3243 689 et
3275 635 3527 705 designo,

1961 736 2020 781 ut
2073 741 2169 795 per
2226 725 2545 779 continuam
2612 724 3137 786 considerationem,
3209 727 3530 785 memoriam

277 815 645 884 ἐπιλάθωμαι.
700 814 892 886 ὥσπερ
931 819 997 871 σὺ
1043 816 1310 870 ἐπελάθου
1359 817 1563 887 Κυρίου
1599 815 1695 870 τοῦ
1721 816 1858 870 Θεοῦ

1980 831 2149 871 eorum
2188 814 2572 885 perfriccmus,
2609 829 2711 869 nec
2743 830 2983 885 unquam
3019 814 3431 882 obliviscamur,
3476 827 3535 872 ut

278 925 374 961 σου
403 906 505 960 ἀεί.
546 908 656 961 Καὶ
685 906 873 981 ὥσπερ
899 908 963 961 σὺ
996 908 1316 978 προσκυνῶν
1338 910 1398 961 τὸ
1429 908 1634 979 βιϐλίον
1660 909 1754 962 τοῦ
1776 910 1861 961 νό-

282 1016 408 1071 μου,
440 998 501 1053 ού
541 998 640 1067 τὴν
670 999 831 1067 φύσιν
877 1000 988 1053 τῶν
1033 1000 1318 1070 δερμάτων
1368 1000 1463 1053 καὶ
1501 1000 1597 1053 τοῦ
1634 1000 1862 1071 μέλανος

284 1092 635 1161 προσκυνεῖς,
670 1089 806 1164 ἀλλὰ
832 1091 958 1156 τοὺς
992 1090 1184 1159 λόγους
1222 1090 1318 1144 τοῦ
1360 1090 1496 1145 Θεοῦ
1530 1092 1657 1153 τοὺς
1680 1094 1863 1161 ἐγκει-

283 1182 481 1252 μένους
511 1183 570 1234 ὲν
603 1181 771 1252 αύτῷ,
811 1181 984 1241 οὕτως
1014 1182 1169 1250 κάγὼ
1194 1185 1260 1252 τῇ
1291 1184 1463 1237 εἰκόνι
1495 1183 1589 1237 τοῦ
1622 1184 1862 1254 Χριστοῦ

283 1272 606 1342 προσκυνῶ,
640 1273 701 1326 ού
735 1276 803 1344 τῇ
842 1272 1002 1341 φύσει
1028 1273 1124 1327 τοῦ
1166 1273 1323 1338 ξύλου
1354 1276 1447 1328 κα)⁸
1482 1276 1591 1328 τῶν
1638 1277 1864 1347 χρωμά-

282 1379 425 1416 των·
462 1363 539 1434 μὴ
571 1364 817 1432 γένοιτοι
863 1364 979 1418 ἀλλ’
1031 1364 1224 1436 ἀψύχῳ
1274 1367 1582 1437 χαρακτῆρι
1629 1365 1865 1438 Χριστοῦ

285 1452 729 1524 προσκυνῶν,.δι’
770 1454 937 1507 αὑτοῦ
960 1495 974 1519 ,
1018 1455 1181 1508 αὐτὸν
1214 1457 1448 1527 Χριστὸν
1473 1458 1615 1511 δοκῶ
1649 1460 1867 1528 κρατεῖν

286 1545 380 1599 καὶ
401 1548 749 1615 προσκυνεῖν.
773 1547 883 1600 Καὶ
909 1546 1099 1619 ὥσπερ
1143 1547 1337 1603 Ἰακὼϐ
1380 1548 1675 1619 δεξάμενος
1718 1548 1869 1619 παρὰ

286 1637 394 1692 τῶν
434 1639 682 1709 ἀδελφῶν
721 1639 816 1691 τοῦ
884 1639 1081 1710 Ἰωσὴφ
1112 1638 1202 1692 τὸν
1232 1638 1435 1709 χιτῶνα
1479 1640 1569 1693 τὸν
1622 1639 1865 1693 ποικίλον

288 1729 629 1798 ᾑμαγμένον,
665 1732 754 1783 ὅτε
786 1730 1103 1800 ἐπίπρασαν
1128 1731 1217 1784 τὸν
1252 1730 1450 1802 Ἰωσὴφ
1472 1769 1487 1793 ,
1534 1730 1865 1799 κατεφίλησε
1900 1710 1940 1767 Β

288 1816 505 1881 πάντως
549 1820 639 1871 τὸν
681 1819 886 1890 χιτῶνα
916 1822 1054 1891 μετὰ
1086 1820 1360 1891 δακρύων,
1404 1821 1497 1874 καὶ
1526 1823 1635 1883 τοῖς
1666 1820 1867 1890 ὀφθαλο

289 1908 408 1976 μοῖς
435 1909 548 1970 τοῖς
578 1907 724 1969 ἰδίοις
751 1908 941 1963 τοῦτον
964 1909 1181 1979 ἔθηκεν,
1211 1911 1270 1963 ού
1292 1909 1353 1962 τὸ
1386 1910 1601 1980 ἱμάτιον
1628 1908 1865 1979 θρηνῶν,

286 1996 424 2075 ἀλλά
455 1999 523 2051 δι’
550 1999 717 2053 αὐτοῦ
762 1999 852 2053 τὸν
904 2001 1103 2072 Ἰωσὴφ
1133 2001 1370 2071 νομίζων
1403 2001 1745 2070 καταφιλεῖν,
1776 2002 1871 2053 καὶ

286 2090 347 2142 ὲν
375 2091 561 2160 χερσὶν
593 2090 753 2143 αὐτὸν
775 2091 1051 2161 κατέχειν
1074 2092 1217 2145 οὓτω
1244 2094 1337 2145 καὶ⁹
1369 2091 1711 2161 Χριστιανῶν
1740 2094 1868 2143 παῖς

286 2180 377 2243 δες
438 2180 625 2232 εἰκόνα
656 2180 918 2251 Χριστοῦ,
944 2181 977 2251 ἢ
1002 2182 1379 2253 ἁποστόλου,ἦ
1410 2183 1685 2253 μάρτυρος
1739 2198 1871 2235 κατ-

288 2270 660 2340 ασπαζόμενοι
681 2274 745 2343 τῇ
778 2273 1037 2344 σαρκὶ,τῇ
1056 2273 1202 2345 ψυχῇ
1224 2274 1520 2344 νομίζομεν
1544 2272 1707 2327 αὐτὸν
1732 2274 1873 2326 ἐκεῖη

289 2374 379 2414 νον
417 2361 507 2412 τὸν
582 2360 839 2433 Χριστὸν,
885 2360 918 2434 ἢ
956 2362 1046 2416 τὸν
1089 2363 1345 2436 μάρτυρα
1412 2363 1577 2417 αὐτοῦ
1630 2363 1876 2428 ἀσπάζε-

293 2447 512 2506 σθαι....
529 2451 619 2515 Ὠς
640 2451 772 2520 γοῦν
804 2453 1063 2518 πολλάκις
1085 2451 1260 2525 εἶπον,
1283 2456 1311 2507 ὁ
1339 2455 1540 2518 σκοπὸς
1560 2454 1873 2519 ἐξετάζεται

290 2540 384 2595 ἐπὶ
410 2542 608 2606 παντὸς
628 2543 945 2615 ἀσπασμοῦ,
963 2546 1059 2598 καὶ
1085 2545 1178 2598 ἐπὶ
1208 2545 1392 2615 πάσης
1422 2546 1873 2616 προσκυνήσεως,

292 2634 358 2688 Εἰ
382 2633 440 2687 δὲ
474 2634 598 2704 ἐμοὶ
641 2635 915 2703 ἐγκαλεῖς,
963 2637 1159 2707 λέγων,
1192 2638 1274 2691 ὅτι
1306 2638 1599 2711 προσκυνῶ
1625 2638 1705 2709 τῷ
1736 2636 1878 2708 ξύλῳ

289 2724 385 2785 τοῦ
421 2725 679 2796 σταυροῦ,
714 2726 802 2781 διὰ
835 2728 888 2780 τί
932 2728 1033 2782 οὐκ
1055 2728 1303 2796 ἐγκαλεῖς
1344 2730 1420 2799 τῷ
1462 2728 1680 2794 Ἰακὼϐ,
1717 2746 1879 2800 προσο

291 2803 587 2889 πονήσαντι
639 2821 731 2873 ἐπὶ
786 2818 848 2871 τὸ
884 2819 1055 2891 ἀκρον
1104 2821 1205 2888 τῆς
1258 2820 1455 2889 ῥάϐδου
1501 2819 1596 2874 τοῦ
1638 2821 1877 2892 Ἰωσήφὶ

306 2907 469 2962 ’Δλλά
500 2909 788 2980 πρόδηλον,
820 2911 901 2963 ὅτι
941 2910 1003 2962 οὐ
1040 2908 1103 2965 τὸ
1134 2910 1288 2977 ξύλον
1324 2910 1501 2981 τιμῶν
1533 2912 1879 2982 προσεκύνη-

294 3017 413 3067 σεν,
434 2998 583 3055 ἀλλὰ
616 3000 705 3055 διά
736 3000 830 3055 τοῦ
884 2999 1042 3068 ξύλου
1075 3002 1153 3073 τῷ
1213 3001 1412 3074 Ἰωσὴφ
1447 3002 1877 3074 προσεκύνησεν,

295 3094 489 3166 ὥσπερ
529 3096 623 3149 καὶ
656 3098 819 3166 ἡμεῖς
849 3096 937 3149 διὰ
960 3094 1055 3149 τοῦ
1091 3095 1327 3167 σταυροῦ
1354 3095 1433 3167 τῷ
1460 3094 1702 3166 Χριστῷ.
1723 3096 1879 3149 Ἐπεὶ

294 3186 392 3240 καὶ
428 3184 679 3256 Ἀϐραὰμ
704 3186 813 3246 τοῖς
854 3183 1171 3255 πωλήσασιν
1201 3184 1351 3255 αὐτῷ
1370 3185 1461 3240 τὸν
1484 3184 1655 3253 τάφον
1679 3184 1880 3255 ἀνδρά-

298 3294 385 3334 σιν
410 3277 631 3332 ἀσεϐέσι
659 3279 1061 3350 προσεκύνησε,
1102 3278 1197 3333 καὶ
1227 3277 1357 3346 γόνυ
1383 3276 1630 3346 ἔκαμψεν
1664 3276 1756 3330 ἐπὶ
1783 3278 1882 3345 τὴν

296 3367 427 3439 γῆν,
476 3369 591 3424 ἀλλ’
619 3370 716 3440 οὐχ
749 3370 825 3433 ὡς
867 3370 1022 3433 Θεοὺς
1077 3370 1274 3431 αὐτοὺς
1321 3368 1724 3439 προσεκύνησε.
1773 3369 1883 3421 Καὶ

300 3459 486 3525 πάλιν,
529 3461 557 3511 ὁ
611 3458 805 3513 Ἰακὼϐ
847 3458 939 3514 τὸν
985 3458 1182 3529 Φαραὼ
1211 3457 1515 3529 ηὑλόγησεν
1538 3498 1553 3522 ,
1582 3458 1755 3528 άσεϐἧ
1789 3459 1883 3511 καὶ

303 3550 695 3621 εἰδωλολάτρην
734 3551 881 3615 ὅντα,
917 3550 1013 3604 καί⁸
1035 3548 1125 3601 τὸν
1171 3549 1342 3602 Ἡσαῦ
1372 3549 1622 3612 ἑπτάκις,
1648 3549 1763 3603 ἀλλ’
1787 3550 1884 3620 οὐχ

304 3643 377 3707 ὠς
399 3644 554 3697 Θεόν.
591 3643 687 3695 ’ἰδὲ
717 3643 914 3705 πόσους
944 3642 1271 3711 ἀσπασμοὺς
1300 3640 1397 3694 καὶ
1441 3641 1611 3703 πόσας
1643 3658 1882 3711 προσκυν-

304 3734 488 3805 νήσεις
529 3734 784 3798 ἀπέδειξά
838 3750 942 3791 σοι,
976 3733 1253 3804 γραφικάς
1301 3749 1360 3784 τε
1400 3731 1494 3783 καὶ
1518 3730 1777 3799 φυσικὰς,
1808 3732 1884 3801 μὴ

304 3825 533 3897 ἐχούσας
568 3826 939 3894 κατάγνωσιν;
984 3825 1083 3895 ἐμὲ
1107 3822 1162 3877 δὲ
1197 3824 1334 3876 ἐπὰν
1358 3823 1486 3894 ’ἴδῃς
1526 3822 1712 3876 εἰκόνα
1750 3822 1886 3891 Χριφ

305 3916 457 3978 στοῦ,
487 3916 519 3986 ἢ
551 3918 651 3987 τῆς
685 3916 961 3983 πανάγνον
992 3913 1155 3969 αὑτοῦ
1188 3912 1429 3984 Μητρὸς,
1463 3912 1495 3983 ἦ
1524 3912 1679 3981 ἁγίου
1714 3928 1886 3982 προση-

304 4006 597 4071 κυνοῦντα,
632 4008 959 4077 ἀγανακτεῖς
1003 4006 1228 4070 εὐθέως,
1260 4006 1355 4060 καὶ
1398 4002 1759 4076 βλασφημεῖς,
1796 4004 1889 4058 καὶ

306 4100 613 4170 ἀποηδᾷς,
643 4101 737 4152 καὶ
770 4097 1167 4170 εἰδωλολάτρην
1213 4114 1282 4168 με
1312 4097 1629 4161 ἀποκαλεῖς,
1651 4096 1747 4149 καὶ
1791 4097 1890 4149 οὐκ

306 4192 571 4265 αἰσχύνῃ;
599 4194 693 4247 καὶ
729 4193 992 4264 φρίττεις,
1040 4192 1137 4245 καὶ
1180 4190 1462 4262 ἐρυθριᾷς,
1486 4190 1630 4261 δρῶν
1660 4207 1727 4260 με
1766 4189 1889 4244 καθ’

1961 918 2017 961 ιιι
2061 923 2275 977 semper
2329 909 2533 963 oblitus
2586 923 2646 963 es
2710 907 2927 961 Domini
2981 908 3075 962 Dei
3126 907 3225 964 ttti.
3276 907 3536 973 Quinimn

1964 1000 2151 1063 veluti,
2188 1015 2313 1054 cum
2351 1000 2601 1054 volumen
2650 1000 2786 1069 legis
2841 1000 3072 1061 adoras,
3121 1016 3230 1053 non
3267 999 3538 1054 membra-

1966 1107 2158 1172 narum
2190 1101 2244 1146 et
2284 1094 2575 1147 atramenti
2610 1103 2863 1146 naturam
2908 1092 3131 1155 adoras,
3161 1093 3254 1146 sed
3294 1092 3389 1146 Dei
3418 1108 3539 1147 ser.

1966 1202 2157 1242 mones
2210 1188 2303 1257 qui
2358 1188 2414 1241 in
2454 1202 2521 1243 eo
2577 1188 2767 1258 scripti
2823 1197 2985 1253 sunt;
3048 1188 3323 1243 consimili
3378 1188 3540 1242 modo

1964 1276 2171 1333 Christi
2233 1277 2527 1348 imaginem
2582 1277 2775 1339 adoro,
2832 1290 3177 1346 nequaquam
3231 1293 3360 1331 vero
3408 1278 3539 1346 ligni

1968 1369 2288 1423 colorumve
2322 1378 2616 1435 naturam;
2654 1369 2833 1424 absit!
2866 1368 2963 1423 sed
3000 1368 3300 1422 inanimam
3331 1368 3538 1424 Christl

1970 1457 2200 1526 ﬁguram
2234 1457 2494 1518 adorans,
2541 1472 2636 1527 per
2680 1472 2799 1510 eam
2843 1454 2979 1509 mihi
3030 1456 3221 1511 videor
3250 1456 3543 1526 ipsummet

1970 1548 2251 1603 Christum
2307 1548 2596 1615 complecti
2650 1558 2699 1600 et
2739 1547 2991 1602 adorare.
3044 1550 3111 1599 At
3160 1546 3301 1601 sicut
3348 1546 3539 1607 Iacob.

1972 1653 2096 1691 cum
2130 1653 2161 1690 a
2194 1636 2417 1707 Iosephi
2461 1637 2725 1692 fratribus
2774 1638 2865 1707 qui
2922 1638 3101 1706 ipsum
3155 1638 3540 1699 vendiderant,

1969 1732 2176 1783 variam
2210 1729 2456 1797 ejusdem
2489 1729 2736 1782 tunicam
2772 1729 3040 1799 sanguine
3071 1737 3357 1783 cruentam
3391 1742 3543 1783 recc-

1972 1825 2160 1892 pisset,
2190 1822 2334 1875 hanc
2366 1836 2491 1875 cum
2533 1820 2795 1891 lacrymis
2824 1820 3196 1885 deosculatus,
3229 1820 3405 1875 oculis
3429 1818 3545 1877 suis

1968 1914 2265 1982 apposuit;
2323 1928 2432 1965 non
2486 1912 2645 1981 quasi
2698 1912 2940 1965 tunicam
2998 1911 3089 1965 ille
3145 1911 3389 1975 deﬁeret,
3449 1909 3546 1968 sed

1969 2006 2116 2074 quod
2145 2020 2239 2075 per
2269 2021 2387 2060 eam
2419 2003 2720 2074 stephum
2758 2003 2933 2072 ipsum
2978 2003 3246 2065 osculari,
3279 2012 3336 2057 et
3372 2002 3553 2055 mani-

1970 2097 2074 2151 bus
2101 2096 2395 2166 complecti
2428 2096 2533 2151 sibi
2575 2094 2854 2148 videretur
2885 2094 2927 2125 ⁸⁷
2967 2111 2981 2148 :
3019 2094 3100 2149 sic
3148 2103 3205 2149 et
3252 2109 3354 2149 nos
3382 2091 3548 2151 Citri-

1971 2188 2139 2244 stiani
2179 2188 2471 2257 imaginem
2514 2186 2747 2255 apostoli
2793 2186 3124 2256 martyrisvc
3159 2186 3367 2241 carnali
3396 2201 3551 2245 more

1973 2278 2431 2349 complectemcs,
2452 2277 2640 2333 animo
2664 2285 2982 2346 repetamus
3013 2292 3135 2341 nos,
3156 2277 3239 2331 vel
3267 2277 3551 2333 Christum

1974 2370 2191 2438 ipsum,
2238 2369 2325 2424 vel
2381 2376 2670 2438 martyrem
2719 2367 2842 2435 ejus
2892 2367 3282 2436 amplexari....
3349 2367 3554 2433 Quam.

1974 2462 2185 2524 obrem,
2209 2469 2268 2514 ut
2297 2460 2498 2529 sapius
2534 2458 2669 2523 dixi,
2706 2458 2758 2512 in
2789 2459 2935 2513 omni
2972 2459 3300 2517 salutatione
3321 2459 3404 2513 vel
3430 2459 3557 2516 ado-

1978 2551 2188 2604 ratione
2216 2550 2549 2620 disquiritur
2584 2549 2836 2604 intentio.
2865 2548 3021 2614 Quod
3055 2548 3099 2603 si
3129 2549 3263 2603 mihi
3296 2548 3556 2603 crimina.

1977 2642 2076 2708 ris,
2104 2643 2261 2713 quasi
2294 2642 2483 2697 crucis
2516 2642 2743 2712 lignum,
2769 2657 2867 2696 ceu
2902 2640 3067 2695 Deum
3100 2640 3359 2705 adorem;
3383 2654 3556 2709 quare

1978 2750 2090 2789 non
2129 2735 2257 2789 item
2289 2732 2462 2789 Jacob
2485 2749 2736 2799 accusas,
2767 2734 2862 2802 qui
2896 2733 3059 2802 virga:
3078 2730 3301 2801 Iosephi
3328 2730 3557 2786 suran

1979 2833 2145 2881 tatem
2171 2825 2424 2880 adoravit
2445 2824 2528 2877 ⁸⁸2
2548 2824 2617 2879 At
2645 2823 2998 2877 manifestum
3028 2830 3113 2875 est
3139 2837 3264 2875 eum
3285 2835 3396 2883 non
3423 2821 3553 2892 ligni

1980 2918 2287 2975 honorandi
2321 2931 2488 2971 causa
2528 2915 2907 2968 adorationcm
2935 2912 3260 2973 exhibuisse
3283 2954 3297 2978 ,
3330 2910 3426 2966 sed
3453 2927 3555 2981 po—

1982 3013 2091 3067 tius
2117 3025 2213 3080 per
2245 3010 2515 3063 honorem
2555 3006 2701 3076 ligno
2747 3008 3075 3075 praestitum,
3112 3005 3377 3059 adorasse
3407 3002 3559 3065 lose-

1984 3103 2174 3172 phum,
2228 3098 2391 3177 375
2426 3098 2571 3153 sicut
2616 3098 2672 3153 in
2708 3111 2874 3150 cruce
2903 3095 3187 3151 Christum
3237 3095 3555 3153 adoramus,

1983 3194 2188 3255 Eodem
2228 3194 2392 3261 plane
2425 3188 2588 3244 modo
2613 3204 2725 3258 quo
2759 3188 3037 3242 Abraham
3080 3186 3329 3241 homines
3362 3186 3559 3256 impios

1984 3303 2012 3339 a
2045 3285 2243 3355 quibus
2271 3284 2585 3352 sepulcrum
2616 3280 2983 3343 mercabatur,
3010 3278 3244 3349 genibus
3269 3278 3324 3331 in
3353 3286 3557 3336 terram

1985 3376 2243 3431 demissis
2277 3373 2552 3437 adoravit,
2592 3386 2939 3442 nequaquam
2984 3378 3168 3424 tamen
3219 3369 3299 3423 uti
3333 3370 3465 3424 deos
3492 3369 3557 3433 ”,

1984 3464 2063 3518 Ad
2093 3465 2228 3529 lu-c,
2271 3462 2443 3518 Jacob
2483 3460 2779 3526 Pharaoni,
2817 3459 2988 3529 impio
3020 3459 3146 3513 licet
3175 3458 3562 3526 idolorumque

1985 3557 2207 3619 cultori,
2238 3555 2521 3609 benedixit
2545 3555 2610 3617 °°,
2637 3563 2798 3621 atque
2829 3553 3032 3619 septies
3064 3553 3206 3605 Esau
3232 3552 3303 3614 β’,
3326 3549 3421 3604 sed
3454 3564 3560 3607 non

1988 3649 2066 3702 uti
2110 3647 2303 3710 Deum,
2338 3645 2609 3701 adoravit.
2642 3642 2801 3706 Vide,
2844 3650 2981 3710 quot
3024 3642 3124 3695 tibi
3174 3642 3560 3702 salutationes,

1987 3748 2229 3809 quotque
2267 3736 2645 3795 adorationes.
2678 3743 2792 3786 tum
2832 3734 2887 3787 in
2928 3731 3233 3800 Scriptnris
3281 3731 3562 3801 probatas,

1988 3840 2103 3884 tum
2142 3827 2446 3889 naturales,
2481 3825 2616 3879 nulli
2665 3838 2897 3893 prorsus
2944 3821 3355 3891 reprehensioni
3387 3822 3563 3875 obnov

1988 3922 2108 3977 xias
2136 3916 2479 3991 protulerim.
2512 3914 2591 3970 Tu
2634 3929 2790 3979 vero,
2822 3929 2948 3968 cum
2981 3912 3210 3974 Christi,
3247 3920 3343 3966 aut
3366 3912 3565 3967 castis.

1990 4014 2143 4070 sima!
2177 4010 2367 4066 Matris
2396 4008 2567 4073 illius,
2610 4015 2704 4062 aut
2741 4007 2919 4062 sancti
2954 4004 3243 4074 cujusdam
3273 4005 3562 4078 imaginem

1990 4121 2094 4160 nos
2120 4103 2273 4159 vides
2302 4100 2554 4165 adorare,
2591 4098 2887 4153 confestim
2942 4095 3397 4165 indignabundus
3428 4094 3481 4149 id
3506 4096 3561 4153 in

1992 4199 2200 4253 crimen
2234 4194 2404 4249 vertis
2426 4234 2441 4259 ,
2470 4190 2816 4261 aufugisque,
2844 4196 2900 4243 et
2947 4202 3032 4241 me
3069 4185 3409 4238 idololatram
3463 4197 3565 4235 no.

311 4283 550 4351 ἑκάστην
574 4281 787 4352 ἡμέραν
809 4282 865 4333 ἐν
886 4279 1036 4352 πάσῃ
1059 4282 1124 4350 τῇ
1147 4280 1443 4351 οἰκουμένῃ
1468 4279 1629 4341 ναοὺς
1658 4277 1877 4330 εἰδώλωι

1993 4287 2192 4342 minas.
2228 4282 2348 4340 Non
2374 4290 2427 4337 te
2460 4280 2662 4350 pudet?
2697 4295 2806 4332 non
2852 4275 3263 4347 perhorrescis“!
3310 4288 3419 4325 non
3470 4286 3566 4325 ru.

310 4373 668 4436 καταλύοντα,
700 4374 794 4427 καὶ
819 4375 979 4436 ναοὺς
1010 4374 1301 4444 μαρτύρων
1324 4370 1705 4441 ἀνεγείροντα;
1740 4370 1801 4423 Ei
1825 4369 1877 4423 τό

1996 4380 2129 4435 bore
2160 4374 2514 4433 sulTunderis,
2546 4370 2763 4443 quando
2798 4384 2883 4423 me
2919 4368 3069 4422 vides
3098 4365 3152 4419 in
3187 4365 3446 4422 universo
3474 4377 3569 4417 or.

310 4465 510 4519 εἴδωλα
535 4464 925 4535 προσεκύνουν,
957 4464 1101 4517 διατί
1132 4464 1258 4526 τοὺς
1282 4463 1567 4533 μάρτυρας
1593 4461 1739 4532 τιμῶ
1766 4463 1877 4523 τοὺς

1994 4474 2063 4528 be
2136 4470 2407 4525 idolorum
2474 4465 2702 4520 delubra
2762 4460 3193 4521 demolientem,
3260 4458 3573 4526 templaque

316 4554 731 4619 καταλύσαντας
758 4554 827 4608 τὰ
854 4554 1081 4619 εἶδωλα;
1116 4554 1165 4606 εἰ
1194 4553 1251 4606 δὲ
1282 4551 1347 4605 τὰ
1380 4549 1530 4617 ξύλα,
1564 4549 1640 4614 ὡς
1666 4550 1790 4620 φὴς,
1815 4550 1877 4603 δο

1997 4566 2302 4629 martyrum
2368 4554 2562 4607 honori
2627 4547 3044 4606 exstruentem?
3106 4546 3255 4616 quod
3312 4545 3361 4601 si
3422 4544 3573 4600 idola

316 4647 483 4714 ξάζω,
514 4647 632 4711 πῶς
658 4647 802 4718 τιμῷ
828 4649 955 4709 τοὺς
981 4646 1190 4715 ἁγίους,
1223 4646 1347 4709 τοὺς
1396 4643 1465 4698 τὰ
1510 4642 1695 4709 ξύλινα
1734 4642 1877 4709 ξόανι

1998 4648 2185 4709 adoro,
2218 4644 2347 4715 quid
2379 4651 2463 4697 est
2508 4656 2608 4697 cur
2652 4646 2924 4709 martyres
2958 4636 3231 4691 idolorum
3282 4647 3574 4689 eversores

315 4738 425 4791 τῶν
445 4736 718 4808 δαιμόνων
747 4738 1234 4801 κατακαύσαντας;
1266 4736 1327 4787 Εἰ
1362 4733 1418 4786 δὲ
1446 4735 1687 4796 καὶτοὺς
1720 4732 1901 4796 λίθους

313 4828 545 4894 δοξάζω,
580 4827 696 4891 πῶς
716 4826 926 4893 δοξάζω
948 4828 1076 4889 τοὺς
1099 4825 1448 4888 ἀποστόλους,
1485 4825 1611 4886 τοὺς
1635 4825 1703 4879 τὰ
1725 4822 1903 4876 λίθινα

316 4919 510 4972 εἴδωλα
535 4919 1017 4981 κατακλάσαντας;
1046 4918 1107 4970 Εἰ
1130 4919 1224 4980 τὰς
1255 4916 1471 4979 εἰκόνας
1494 4916 1601 4968 τῶν
1626 4914 1903 4985 ψευδωνύ-

322 5029 440 5081 μων
464 5012 602 5063 Θεῶν
634 5012 796 5071 σέϐω,
840 5011 957 5074 πῶς
987 5010 1195 5077 δοξάζω
1217 5050 1231 5072 ,
1258 5011 1350 5062 καὶ
1384 5009 1611 5071 ἐπαινῶ,
1666 5008 1759 5060 καὶ
1787 5009 1903 5075 ἐορ-

318 5102 419 5165 τάς
473 5103 708 5156 ἐπιτελῶ
753 5103 862 5157 τῶν
912 5102 1136 5162 παιδῶν,
1178 5102 1284 5154 τῶν
1316 5101 1373 5152 ἐν
1407 5098 1682 5153 Βαϐυλῶνι
1736 5098 1903 5168 ἀθλη-

323 5197 558 5262 σάντων,
584 5196 677 5248 καὶ
700 5198 766 5267 τῇ
796 5194 965 5248 εἰκόνι
995 5197 1061 5265 τῇ
1083 5195 1257 5265 χρυσῇ
1280 5193 1354 5264 μὴ
1382 5191 1899 5264 προσκυνησάντων,

321 5288 391 5360 τῇ
422 5287 712 5358 εἰδωλικῇ;
748 5286 887 5341 Ἀλλ’
923 5287 1090 5349 ὅντως
1138 5285 1306 5355 πολλὴ
1344 5284 1452 5338 τῶν
1474 5285 1691 5353 ἀνόμων
1722 5288 1754 5352 ἡ
1785 5281 1902 5334 πώς·

326 5399 517 5460 ρωσις,
550 5382 719 5454 πολλὴ
741 5380 1033 5450 τύφλωσις.
1068 5376 1139 5431 Ὦ
1184 5379 1431 5443 Ἰουδαῖε,
1475 5378 1644 5447 πολλὴ
1673 5383 1704 5445 ἡ
1746 5375 1902 5430 ἀναί-

446 5560 493 5595 ⁸⁷
524 5559 664 5615 Gen.
700 5572 915 5623 xxxv",
958 5556 1028 5609 52
1060 5569 1215 5624 seqq.

327 5630 370 5668 ⁹¹
399 5630 536 5695 Gen.
563 5644 760 5693 sum,
792 5630 845 5684 5.
922 5628 965 5660 ⁸³
987 5626 1121 5680 Dan.
1156 5642 1237 5689 ιιι,
1272 5625 1295 5678 1
1328 5639 1484 5695 chq.

652 5724 921 5789 Parant.
956 5720 1072 5783 (in.
1118 5718 1315 5783 XClV.

259 5796 313 5825 ιιι

1312 5554 1358 5586 ⁸⁸
1394 5552 1531 5609 Gen.
1593 5567 1780 5612 κινιιι,
1828 5549 1924 5615 i5;
1969 5545 2133 5602 Ichr.
2177 5560 2251 5608 XI,
2299 5543 2389 5599 2i.

2001 4734 2303 4789 honorem?
2331 4732 2477 4803 quod
2531 4730 2577 4786 si
2606 4729 2793 4799 lignis,
2832 4728 2911 4781 uti
2945 4727 3093 4796 loqui
3133 4740 3307 4790 amas,
3340 4724 3573 4795 gloriam

2002 4823 2186 4878 defero
2214 4838 2228 4885 ;
2261 4822 2353 4890 qui
2387 4819 2465 4882 (it,
2512 4827 2571 4874 ut
2601 4818 2810 4872 honore
2842 4816 3094 4871 homines
3128 4825 3352 4871 sanctos
3379 4828 3575 4885 prose-

2002 4930 2159 4985 quar,
2184 4913 2275 4983 qui
2304 4913 2509 4981 ligneas
2534 4912 2844 4964 daemonum
2876 4919 3088 4963 statuas
3115 4905 3578 4963 combusserunt?

2004 5007 2110 5061 Sed
2156 5006 2201 5060 si
2244 5004 2451 5074 lapides
2500 5003 2750 5068 celebro;
2798 5016 2899 5054 cur
2941 5000 3223 5070 apostolos
3279 5000 3450 5069 ipsos,
3478 4998 3577 5069 qui

2005 5095 2216 5166 lapidea
2273 5095 2564 5150 simulacra
2622 5092 3107 5155 comminuerunt,
3168 5089 3578 5145 celebravero?

2006 5188 2150 5258 quod
2174 5187 2217 5243 si
2246 5184 2463 5241 tandem
2490 5184 2752 5239 falsorum
2775 5182 3003 5237 deorum
3023 5196 3259 5237 veneror
3277 5181 3576 5253 imagines;

2009 5294 2177 5349 quare
2212 5278 2380 5347 igitur
2441 5280 2603 5334 trium
2676 5288 2979 5345 puerorum
3005 5273 3331 5343 “,quia,nc
3358 5284 3579 5331 auream

2013 5372 2141 5427 idoli
2172 5372 2463 5442 imaginem
2495 5365 3105 5438 adorarent,Babylone
3132 5364 3579 5433 decertaverant,

2490 5545 2534 5576 ⁸⁸
2568 5541 2704 5597 Cen.
2742 5558 2896 5605 xxnt,
2930 5541 2978 5595 7.
3080 5540 3125 5573 ‘°
3154 5538 3289 5595 Gen.
3329 5554 3497 5606 xtrtt,
3524 5536 3580 5600 9.

3181 5703 3254 5771 44
