  <div class='ocr_page' id='page_1' title='image "/cluster/home/n/w/nwhite01/storage/ocr_20150623/94/hvd.32044073502098/700.png"; bbox 0 0 3936 6174; ppageno 0'>
   <div class='ocr_carea' id='block_1_1' title="bbox 150 300 399 368">
    <p class='ocr_par' dir='ltr' id='par_1_1' title="bbox 150 300 399 368">
     <span class='ocr_line' id='line_1_1' title="bbox 150 300 399 368; baseline 0 0"><span class='ocrx_word' id='word_1_1' title='bbox 150 300 399 368; x_wconf 72' lang='grc'>’1389</span> 
     </span>
    </p>
   </div>
   <div class='ocr_carea' id='block_1_2' title="bbox 1355 302 2416 372">
    <p class='ocr_par' dir='ltr' id='par_1_2' title="bbox 1355 302 2416 372">
     <span class='ocr_line' id='line_1_2' title="bbox 1355 302 2416 372; baseline 0.005 -7"><span class='ocrx_word' id='word_1_2' title='bbox 1355 304 1457 365; x_wconf 83' lang='lat' dir='ltr'><strong>DE</strong></span> <span class='ocrx_word' id='word_1_3' title='bbox 1495 302 1966 368; x_wconf 69' lang='lat' dir='ltr'><strong>IMAGINIBUS</strong></span> <span class='ocrx_word' id='word_1_4' title='bbox 1986 304 2273 368; x_wconf 79' lang='lat' dir='ltr'><strong>ORATIO</strong></span> <span class='ocrx_word' id='word_1_5' title='bbox 2300 307 2416 372; x_wconf 89' lang='grc' dir='ltr'><strong>ῐῙΙ.</strong></span> 
     </span>
    </p>
   </div>
   <div class='ocr_carea' id='block_1_3' title="bbox 3388 314 3520 379">
    <p class='ocr_par' dir='ltr' id='par_1_3' title="bbox 3388 314 3520 379">
     <span class='ocr_line' id='line_1_3' title="bbox 3388 314 3520 379; baseline 0.03 -4"><span class='ocrx_word' id='word_1_6' title='bbox 3388 314 3520 379; x_wconf 77' lang='lat'><strong>1390</strong></span> 
     </span>
    </p>
   </div>
   <div class='ocr_carea' id='block_1_4' title="bbox 257 408 1828 495">
    <p class='ocr_par' dir='ltr' id='par_1_4' title="bbox 257 408 1828 488">
     <span class='ocr_line' id='line_1_4' title="bbox 257 408 1828 488; baseline 0.004 -24"><span class='ocrx_word' id='word_1_7' title='bbox 257 430 382 486; x_wconf 84' lang='grc' dir='ltr'>ραν,</span> <span class='ocrx_word' id='word_1_8' title='bbox 407 408 594 481; x_wconf 84' lang='grc' dir='ltr'>θαῦμα</span> <span class='ocrx_word' id='word_1_9' title='bbox 644 409 877 482; x_wconf 86' lang='grc' dir='ltr'>φοϐερὸν</span> <span class='ocrx_word' id='word_1_10' title='bbox 911 412 1008 465; x_wconf 72' lang='grc' dir='ltr'>καὶ</span> <span class='ocrx_word' id='word_1_11' title='bbox 1037 410 1275 476; x_wconf 79' lang='grc' dir='ltr'>ἐξαίσιον</span> <span class='ocrx_word' id='word_1_12' title='bbox 1298 454 1313 478; x_wconf 92' lang='grc'><strong>,</strong></span> <span class='ocrx_word' id='word_1_13' title='bbox 1346 415 1528 470; x_wconf 79' lang='grc' dir='ltr'>πᾶσάν</span> <span class='ocrx_word' id='word_1_14' title='bbox 1577 432 1637 468; x_wconf 89' lang='grc' dir='ltr'><strong>τε</strong></span> <span class='ocrx_word' id='word_1_15' title='bbox 1672 414 1828 488; x_wconf 73' lang='grc' dir='ltr'>άκοὴι</span> 
     </span>
    </p>
   </div>
   <div class='ocr_carea' id='block_1_5' title="bbox 1931 408 3525 495">
    <p class='ocr_par' dir='ltr' id='par_1_5' title="bbox 1946 416 3525 495">
     <span class='ocr_line' id='line_1_5' title="bbox 1946 416 3525 495; baseline 0.008 -25"><span class='ocrx_word' id='word_1_16' title='bbox 1946 416 2098 470; x_wconf 92' lang='lat' dir='ltr'><strong>nium</strong></span> <span class='ocrx_word' id='word_1_17' title='bbox 2138 431 2301 472; x_wconf 84' lang='lat' dir='ltr'><strong>aures</strong></span> <span class='ocrx_word' id='word_1_18' title='bbox 2334 419 2589 487; x_wconf 85' lang='lat' dir='ltr'><strong>perculit.</strong></span> <span class='ocrx_word' id='word_1_19' title='bbox 2636 420 2919 492; x_wconf 88' lang='lat' dir='ltr'><strong>Olympius</strong></span> <span class='ocrx_word' id='word_1_20' title='bbox 2952 422 3097 479; x_wconf 89' lang='lat' dir='ltr'><strong>enim</strong></span> <span class='ocrx_word' id='word_1_21' title='bbox 3150 426 3369 495; x_wconf 84' lang='lat' dir='ltr'><strong>quidam</strong></span> <span class='ocrx_word' id='word_1_22' title='bbox 3423 446 3525 482; x_wconf 85' lang='lat' dir='ltr'><strong>no-</strong></span> 
     </span>
    </p>
   </div>
   <div class='ocr_carea' id='block_1_6' title="bbox 252 504 1842 583">
    <p class='ocr_par' dir='ltr' id='par_1_6' title="bbox 252 504 1842 583">
     <span class='ocr_line' id='line_1_6' title="bbox 252 504 1842 583; baseline 0.003 -22"><span class='ocrx_word' id='word_1_23' title='bbox 252 504 566 579; x_wconf 82' lang='grc' dir='ltr'>ἀνθρώπων</span> <span class='ocrx_word' id='word_1_24' title='bbox 617 505 998 577; x_wconf 81' lang='grc' dir='ltr'>καταπλῆττον</span> <span class='ocrx_word' id='word_1_25' title='bbox 1023 508 1341 579; x_wconf 83' lang='grc' dir='ltr'>γεγένηται.</span> <span class='ocrx_word' id='word_1_26' title='bbox 1384 511 1687 582; x_wconf 79' lang='grc' dir='ltr'><strong>Ὀλύμπιος</strong></span> <span class='ocrx_word' id='word_1_27' title='bbox 1731 512 1842 583; x_wconf 83' lang='grc' dir='ltr'>γάρ</span> 
     </span>
    </p>
   </div>
   <div class='ocr_carea' id='block_1_7' title="bbox 252 597 1843 676">
    <p class='ocr_par' dir='ltr' id='par_1_7' title="bbox 252 597 1843 676">
     <span class='ocr_line' id='line_1_7' title="bbox 252 597 1843 676; baseline 0.004 -24"><span class='ocrx_word' id='word_1_28' title='bbox 252 617 342 662; x_wconf 88' lang='grc' dir='ltr'><strong>τις</strong></span> <span class='ocrx_word' id='word_1_29' title='bbox 375 597 639 669; x_wconf 76' lang='grc' dir='ltr'>τοῦνομα,</span> <span class='ocrx_word' id='word_1_30' title='bbox 669 598 947 670; x_wconf 88' lang='grc' dir='ltr'>Εὐθυμίου</span> <span class='ocrx_word' id='word_1_31' title='bbox 997 599 1094 653; x_wconf 86' lang='grc' dir='ltr'><strong>τοῦ</strong></span> <span class='ocrx_word' id='word_1_32' title='bbox 1145 602 1245 673; x_wconf 85' lang='grc' dir='ltr'>τῆς</span> <span class='ocrx_word' id='word_1_33' title='bbox 1283 602 1496 675; x_wconf 77' lang='grc' dir='ltr'>Ἀρείου</span> <span class='ocrx_word' id='word_1_34' title='bbox 1543 603 1843 676; x_wconf 75' lang='grc' dir='ltr'>θρησκείας</span> 
     </span>
    </p>
   </div>
   <div class='ocr_carea' id='block_1_8' title="bbox 257 676 1843 769">
    <p class='ocr_par' dir='ltr' id='par_1_8' title="bbox 257 676 1843 769">
     <span class='ocr_line' id='line_1_8' title="bbox 257 676 1843 769; baseline 0.004 -25"><span class='ocrx_word' id='word_1_35' title='bbox 257 692 584 763; x_wconf 79' lang='grc' dir='ltr'><strong>ἐξάρχοντος</strong></span> <span class='ocrx_word' id='word_1_36' title='bbox 617 732 632 757; x_wconf 90' lang='grc'><strong>,</strong></span> <span class='ocrx_word' id='word_1_37' title='bbox 661 691 752 743; x_wconf 89' lang='grc' dir='ltr'><strong>τὸν</strong></span> <span class='ocrx_word' id='word_1_38' title='bbox 800 676 1059 761; x_wconf 84' lang='grc' dir='ltr'>βαδιστὴν</span> <span class='ocrx_word' id='word_1_39' title='bbox 1094 701 1119 731; x_wconf 76' lang='grc' dir='ltr'><strong><em>ο</em></strong></span> <span class='ocrx_word' id='word_1_40' title='bbox 1169 695 1623 766; x_wconf 88' lang='grc' dir='ltr'>παραχορεύοντα</span> <span class='ocrx_word' id='word_1_41' title='bbox 1671 699 1730 749; x_wconf 91' lang='grc' dir='ltr'><strong>ἐν</strong></span> <span class='ocrx_word' id='word_1_42' title='bbox 1766 698 1843 769; x_wconf 83' lang='grc' dir='ltr'>τῷ</span> 
     </span>
    </p>
   </div>
   <div class='ocr_carea' id='block_1_9' title="bbox 254 781 1844 858">
    <p class='ocr_par' dir='ltr' id='par_1_9' title="bbox 254 781 1844 858">
     <span class='ocr_line' id='line_1_9' title="bbox 254 781 1844 858; baseline 0.006 -25"><span class='ocrx_word' id='word_1_43' title='bbox 254 782 470 852; x_wconf 73' lang='grc' dir='ltr'>λουτρῷ</span> <span class='ocrx_word' id='word_1_44' title='bbox 526 781 619 834; x_wconf 86' lang='grc' dir='ltr'><strong>τοῦ</strong></span> <span class='ocrx_word' id='word_1_45' title='bbox 672 781 940 835; x_wconf 84' lang='grc' dir='ltr'>παλατίου</span> <span class='ocrx_word' id='word_1_46' title='bbox 990 783 1102 837; x_wconf 84' lang='grc' dir='ltr'><strong>τῶν</strong></span> <span class='ocrx_word' id='word_1_47' title='bbox 1152 784 1506 852; x_wconf 84' lang='grc' dir='ltr'>Ἑλενιανῶν,</span> <span class='ocrx_word' id='word_1_48' title='bbox 1551 789 1844 858; x_wconf 87' lang='grc' dir='ltr'>γενόμενος</span> 
     </span>
    </p>
   </div>
   <div class='ocr_carea' id='block_1_10' title="bbox 255 872 1842 946">
    <p class='ocr_par' dir='ltr' id='par_1_10' title="bbox 255 872 1842 946">
     <span class='ocr_line' id='line_1_10' title="bbox 255 872 1842 946; baseline 0.005 -19"><span class='ocrx_word' id='word_1_49' title='bbox 255 872 400 927; x_wconf 73' lang='grc' dir='ltr'>κατὰ</span> <span class='ocrx_word' id='word_1_50' title='bbox 435 873 528 926; x_wconf 86' lang='grc' dir='ltr'><strong>τὸν</strong></span> <span class='ocrx_word' id='word_1_51' title='bbox 558 873 1038 943; x_wconf 86' lang='grc' dir='ltr'>προμαλάττοντα,</span> <span class='ocrx_word' id='word_1_52' title='bbox 1075 875 1168 929; x_wconf 78' lang='grc' dir='ltr'>καὶ</span> <span class='ocrx_word' id='word_1_53' title='bbox 1198 874 1537 946; x_wconf 81' lang='grc' dir='ltr'><strong>Θεασάμενός</strong></span> <span class='ocrx_word' id='word_1_54' title='bbox 1560 894 1715 944; x_wconf 87' lang='grc' dir='ltr'>τινας</span> <span class='ocrx_word' id='word_1_55' title='bbox 1734 881 1842 935; x_wconf 84' lang='grc' dir='ltr'><strong>τῶν</strong></span> 
     </span>
    </p>
   </div>
   <div class='ocr_carea' id='block_1_11' title="bbox 252 964 1840 1042">
    <p class='ocr_par' dir='ltr' id='par_1_11' title="bbox 252 964 1840 1042">
     <span class='ocr_line' id='line_1_11' title="bbox 252 964 1840 1042; baseline 0.007 -25"><span class='ocrx_word' id='word_1_56' title='bbox 252 964 563 1035; x_wconf 76' lang='grc' dir='ltr'>λουομένων</span> <span class='ocrx_word' id='word_1_57' title='bbox 608 964 706 1035; x_wconf 82' lang='grc' dir='ltr'>τὴν</span> <span class='ocrx_word' id='word_1_58' title='bbox 751 965 845 1019; x_wconf 83' lang='grc' dir='ltr'><strong>τοῦ</strong></span> <span class='ocrx_word' id='word_1_59' title='bbox 897 967 1189 1036; x_wconf 89' lang='grc' dir='ltr'>όμοουσίου</span> <span class='ocrx_word' id='word_1_60' title='bbox 1235 969 1395 1034; x_wconf 81' lang='grc' dir='ltr'>δόξαν</span> <span class='ocrx_word' id='word_1_61' title='bbox 1439 972 1840 1042; x_wconf 81' lang='grc' dir='ltr'><strong>σεμνύνοντας,</strong></span> 
     </span>
    </p>
   </div>
   <div class='ocr_carea' id='block_1_12' title="bbox 252 1057 1839 1136">
    <p class='ocr_par' dir='ltr' id='par_1_12' title="bbox 252 1057 1839 1136">
     <span class='ocr_line' id='line_1_12' title="bbox 252 1057 1839 1136; baseline 0.001 -25"><span class='ocrx_word' id='word_1_62' title='bbox 252 1058 385 1127; x_wconf 80' lang='grc' dir='ltr'>ἔφη,</span> <span class='ocrx_word' id='word_1_63' title='bbox 410 1058 604 1120; x_wconf 82' lang='grc' dir='ltr'>αὐταῖς</span> <span class='ocrx_word' id='word_1_64' title='bbox 634 1057 866 1123; x_wconf 73' lang='grc' dir='ltr'>λέξεσιν,</span> <span class='ocrx_word' id='word_1_65' title='bbox 899 1057 1100 1123; x_wconf 76' lang='grc' dir='ltr'>οὕτως’</span> <span class='ocrx_word' id='word_1_66' title='bbox 1134 1059 1199 1111; x_wconf 87' lang='grc' dir='ltr'>Τί</span> <span class='ocrx_word' id='word_1_67' title='bbox 1232 1061 1342 1132; x_wconf 81' lang='grc' dir='ltr'>γάρ</span> <span class='ocrx_word' id='word_1_68' title='bbox 1376 1062 1527 1116; x_wconf 87' lang='grc' dir='ltr'>ἐστιν</span> <span class='ocrx_word' id='word_1_69' title='bbox 1558 1065 1592 1135; x_wconf 81' lang='grc' dir='ltr'>ἡ</span> <span class='ocrx_word' id='word_1_70' title='bbox 1632 1066 1839 1136; x_wconf 81' lang='grc' dir='ltr'>Τρίας;</span> 
     </span>
    </p>
   </div>
   <div class='ocr_carea' id='block_1_13' title="bbox 252 1148 1843 1227">
    <p class='ocr_par' dir='ltr' id='par_1_13' title="bbox 252 1148 1843 1227">
     <span class='ocr_line' id='line_1_13' title="bbox 252 1148 1843 1227; baseline 0.004 -25"><span class='ocrx_word' id='word_1_71' title='bbox 252 1148 400 1219; x_wconf 81' lang='grc' dir='ltr'>Ποίῳ</span> <span class='ocrx_word' id='word_1_72' title='bbox 419 1148 476 1201; x_wconf 86' lang='grc' dir='ltr'>δὲ</span> <span class='ocrx_word' id='word_1_73' title='bbox 501 1150 668 1219; x_wconf 85' lang='grc' dir='ltr'>τοίχῳ</span> <span class='ocrx_word' id='word_1_74' title='bbox 691 1150 795 1203; x_wconf 83' lang='grc' dir='ltr'>οὐκ</span> <span class='ocrx_word' id='word_1_75' title='bbox 825 1150 1234 1220; x_wconf 79' lang='grc' dir='ltr'><strong>ἐπιγέγραπται</strong></span> <span class='ocrx_word' id='word_1_76' title='bbox 1255 1168 1271 1217; x_wconf 87' lang='grc'><strong>;</strong></span> <span class='ocrx_word' id='word_1_77' title='bbox 1296 1154 1406 1207; x_wconf 78' lang='grc' dir='ltr'><strong>Καὶ</strong></span> <span class='ocrx_word' id='word_1_78' title='bbox 1427 1156 1707 1227; x_wconf 77' lang='grc' dir='ltr'><strong>κρατήσας</strong></span> <span class='ocrx_word' id='word_1_79' title='bbox 1734 1157 1843 1210; x_wconf 86' lang='grc' dir='ltr'>τῶν</span> 
     </span>
    </p>
   </div>
   <div class='ocr_carea' id='block_1_14' title="bbox 250 1241 1841 1320">
    <p class='ocr_par' dir='ltr' id='par_1_14' title="bbox 250 1241 1841 1320">
     <span class='ocr_line' id='line_1_14' title="bbox 250 1241 1841 1320; baseline 0.006 -26"><span class='ocrx_word' id='word_1_80' title='bbox 250 1241 452 1295; x_wconf 84' lang='grc' dir='ltr'>ἐαυτοῦ</span> <span class='ocrx_word' id='word_1_81' title='bbox 497 1243 816 1311; x_wconf 79' lang='grc' dir='ltr'><strong>ἀναγκαίων</strong></span> <span class='ocrx_word' id='word_1_82' title='bbox 843 1283 859 1308; x_wconf 93' lang='grc'><strong>,</strong></span> <span class='ocrx_word' id='word_1_83' title='bbox 902 1242 1035 1314; x_wconf 68' lang='grc' dir='ltr'>ἐφηῖ</span> <span class='ocrx_word' id='word_1_84' title='bbox 1076 1244 1209 1310; x_wconf 86' lang='grc' dir='ltr'>Ἰδὲ,</span> <span class='ocrx_word' id='word_1_85' title='bbox 1242 1246 1401 1313; x_wconf 86' lang='grc' dir='ltr'><strong>κάγὼ</strong></span> <span class='ocrx_word' id='word_1_86' title='bbox 1450 1248 1494 1299; x_wconf 90' lang='grc' dir='ltr'>Τ</span> <span class='ocrx_word' id='word_1_87' title='bbox 1498 1249 1658 1319; x_wconf 87' lang='grc' dir='ltr'>ριάδα</span> <span class='ocrx_word' id='word_1_88' title='bbox 1709 1249 1841 1320; x_wconf 74' lang='grc' dir='ltr'>ἔχω.</span> 
     </span>
    </p>
   </div>
   <div class='ocr_carea' id='block_1_15' title="bbox 252 1334 1842 1411">
    <p class='ocr_par' dir='ltr' id='par_1_15' title="bbox 252 1334 1842 1411">
     <span class='ocr_line' id='line_1_15' title="bbox 252 1334 1842 1411; baseline 0.006 -25"><span class='ocrx_word' id='word_1_89' title='bbox 252 1334 423 1387; x_wconf 80' lang='grc' dir='ltr'>Ὥστε</span> <span class='ocrx_word' id='word_1_90' title='bbox 482 1334 809 1405; x_wconf 79' lang='grc' dir='ltr'>κινηθέντας</span> <span class='ocrx_word' id='word_1_91' title='bbox 869 1337 998 1398; x_wconf 79' lang='grc' dir='ltr'>τοὺς</span> <span class='ocrx_word' id='word_1_92' title='bbox 1054 1337 1174 1391; x_wconf 80' lang='grc' dir='ltr'>ἐκεῖ</span> <span class='ocrx_word' id='word_1_93' title='bbox 1219 1337 1547 1409; x_wconf 83' lang='grc' dir='ltr'>εὑρεθέντας</span> <span class='ocrx_word' id='word_1_94' title='bbox 1573 1381 1588 1406; x_wconf 94' lang='grc'><strong>,</strong></span> <span class='ocrx_word' id='word_1_95' title='bbox 1626 1342 1842 1411; x_wconf 81' lang='grc' dir='ltr'>μέλλειν</span> 
     </span>
    </p>
   </div>
   <div class='ocr_carea' id='block_1_16' title="bbox 253 1424 1843 1500">
    <p class='ocr_par' dir='ltr' id='par_1_16' title="bbox 253 1424 1843 1500">
     <span class='ocr_line' id='line_1_16' title="bbox 253 1424 1843 1500; baseline 0.007 -23"><span class='ocrx_word' id='word_1_96' title='bbox 253 1424 420 1479; x_wconf 79' lang='grc' dir='ltr'>αὐτὸν</span> <span class='ocrx_word' id='word_1_97' title='bbox 456 1425 1045 1497; x_wconf 76' lang='grc' dir='ltr'>διαχειρίζεσθαι,άλλ’</span> <span class='ocrx_word' id='word_1_98' title='bbox 1063 1426 1374 1500; x_wconf 78' lang='grc' dir='ltr'>εἴρχθησαν</span> <span class='ocrx_word' id='word_1_99' title='bbox 1407 1431 1514 1485; x_wconf 83' lang='grc' dir='ltr'>ὑπό</span> <span class='ocrx_word' id='word_1_100' title='bbox 1544 1450 1692 1497; x_wconf 85' lang='grc' dir='ltr'>τινος</span> <span class='ocrx_word' id='word_1_101' title='bbox 1722 1435 1843 1488; x_wconf 70' lang='lat' dir='ltr'><strong>M6-</strong></span> 
     </span>
    </p>
   </div>
   <div class='ocr_carea' id='block_1_17' title="bbox 252 1517 1842 1596">
    <p class='ocr_par' dir='ltr' id='par_1_17' title="bbox 252 1517 1842 1596">
     <span class='ocr_line' id='line_1_17' title="bbox 252 1517 1842 1596; baseline 0.006 -28"><span class='ocrx_word' id='word_1_102' title='bbox 252 1534 410 1586; x_wconf 80' lang='grc' dir='ltr'>γνου,</span> <span class='ocrx_word' id='word_1_103' title='bbox 470 1517 849 1590; x_wconf 80' lang='grc' dir='ltr'>πρεσϐυτέρου</span> <span class='ocrx_word' id='word_1_104' title='bbox 885 1518 997 1572; x_wconf 84' lang='grc' dir='ltr'>τῶν</span> <span class='ocrx_word' id='word_1_105' title='bbox 1043 1519 1242 1588; x_wconf 83' lang='grc' dir='ltr'>Ἀγίων</span> <span class='ocrx_word' id='word_1_106' title='bbox 1283 1522 1622 1577; x_wconf 86' lang='grc' dir='ltr'>Ἀποστόλων</span> <span class='ocrx_word' id='word_1_107' title='bbox 1668 1526 1726 1577; x_wconf 86' lang='grc' dir='ltr'><strong>ἐν</strong></span> <span class='ocrx_word' id='word_1_108' title='bbox 1764 1526 1842 1596; x_wconf 84' lang='grc' dir='ltr'><strong>τῷ</strong></span> 
     </span>
    </p>
   </div>
   <div class='ocr_carea' id='block_1_18' title="bbox 251 1608 1843 1684">
    <p class='ocr_par' dir='ltr' id='par_1_18' title="bbox 251 1608 1843 1684">
     <span class='ocr_line' id='line_1_18' title="bbox 251 1608 1843 1684; baseline 0.008 -25"><span class='ocrx_word' id='word_1_109' title='bbox 251 1609 735 1680; x_wconf 80' lang='grc' dir='ltr'>περιτειχίσματι,</span> <span class='ocrx_word' id='word_1_110' title='bbox 771 1608 1064 1680; x_wconf 81' lang='grc' dir='ltr'>ἀνθρώπου</span> <span class='ocrx_word' id='word_1_111' title='bbox 1096 1612 1435 1684; x_wconf 83' lang='grc' dir='ltr'>θαυμαστοῦ,</span> <span class='ocrx_word' id='word_1_112' title='bbox 1463 1616 1559 1669; x_wconf 70' lang='grc' dir='ltr'>καὶ</span> <span class='ocrx_word' id='word_1_113' title='bbox 1588 1616 1680 1670; x_wconf 88' lang='grc' dir='ltr'><strong>τὸν</strong></span> <span class='ocrx_word' id='word_1_114' title='bbox 1708 1617 1843 1672; x_wconf 82' lang='grc' dir='ltr'>Θεὸν</span> 
     </span>
    </p>
   </div>
   <div class='ocr_carea' id='block_1_19' title="bbox 252 1700 1838 1774">
    <p class='ocr_par' dir='ltr' id='par_1_19' title="bbox 252 1700 1838 1774">
     <span class='ocr_line' id='line_1_19' title="bbox 252 1700 1838 1774; baseline 0.008 -22"><span class='ocrx_word' id='word_1_115' title='bbox 252 1700 675 1771; x_wconf 83' lang='grc' dir='ltr'>θεραπεύοντος,</span> <span class='ocrx_word' id='word_1_116' title='bbox 719 1702 995 1771; x_wconf 84' lang='grc' dir='ltr'>φήσαντος</span> <span class='ocrx_word' id='word_1_117' title='bbox 1046 1704 1185 1774; x_wconf 85' lang='grc' dir='ltr'>πρὸς</span> <span class='ocrx_word' id='word_1_118' title='bbox 1240 1705 1479 1771; x_wconf 79' lang='grc' dir='ltr'>αὐτοὺς,</span> <span class='ocrx_word' id='word_1_119' title='bbox 1509 1707 1586 1772; x_wconf 84' lang='grc' dir='ltr'>ὡς</span> <span class='ocrx_word' id='word_1_120' title='bbox 1624 1709 1725 1762; x_wconf 81' lang='grc' dir='ltr'>οὐκ</span> <span class='ocrx_word' id='word_1_121' title='bbox 1770 1708 1838 1765; x_wconf 78' lang='grc' dir='ltr'>ἂν</span> 
     </span>
    </p>
   </div>
   <div class='ocr_carea' id='block_1_20' title="bbox 248 1792 1837 1872">
    <p class='ocr_par' dir='ltr' id='par_1_20' title="bbox 248 1792 1837 1872">
     <span class='ocr_line' id='line_1_20' title="bbox 248 1792 1837 1872; baseline 0.006 -26"><span class='ocrx_word' id='word_1_122' title='bbox 248 1792 483 1866; x_wconf 79' lang='grc' dir='ltr'>διαλάθῃ</span> <span class='ocrx_word' id='word_1_123' title='bbox 512 1794 604 1845; x_wconf 85' lang='grc' dir='ltr'><strong>τὸν</strong></span> <span class='ocrx_word' id='word_1_124' title='bbox 624 1793 725 1864; x_wconf 83' lang='grc' dir='ltr'>τῆς</span> <span class='ocrx_word' id='word_1_125' title='bbox 763 1796 1106 1867; x_wconf 84' lang='grc' dir='ltr'>παντεφόρου</span> <span class='ocrx_word' id='word_1_126' title='bbox 1137 1796 1294 1867; x_wconf 82' lang='grc' dir='ltr'>δίκης</span> <span class='ocrx_word' id='word_1_127' title='bbox 1334 1798 1633 1871; x_wconf 84' lang='grc' dir='ltr'>ὀφθαλμὸν,</span> <span class='ocrx_word' id='word_1_128' title='bbox 1674 1801 1837 1872; x_wconf 80' lang='grc' dir='ltr'>ἀκρι-</span> 
     </span>
    </p>
   </div>
   <div class='ocr_carea' id='block_1_21' title="bbox 250 1885 1837 1963">
    <p class='ocr_par' dir='ltr' id='par_1_21' title="bbox 250 1885 1837 1963">
     <span class='ocr_line' id='line_1_21' title="bbox 250 1885 1837 1963; baseline 0.005 -25"><span class='ocrx_word' id='word_1_129' title='bbox 250 1886 342 1939; x_wconf 78' lang='grc' dir='ltr'>ϐεῖ</span> <span class='ocrx_word' id='word_1_130' title='bbox 370 1885 514 1957; x_wconf 83' lang='grc' dir='ltr'>λόγῳ</span> <span class='ocrx_word' id='word_1_131' title='bbox 545 1887 847 1955; x_wconf 74' lang='grc' dir='ltr'>γράφοντα.</span> <span class='ocrx_word' id='word_1_132' title='bbox 867 1888 1019 1942; x_wconf 83' lang='grc' dir='ltr'>Αίδοί</span> <span class='ocrx_word' id='word_1_133' title='bbox 1045 1889 1102 1942; x_wconf 84' lang='grc' dir='ltr'>δὲ</span> <span class='ocrx_word' id='word_1_134' title='bbox 1125 1889 1221 1942; x_wconf 89' lang='grc' dir='ltr'><strong>τοῦ</strong></span> <span class='ocrx_word' id='word_1_135' title='bbox 1244 1890 1436 1958; x_wconf 83' lang='grc' dir='ltr'>ἀνδρὸς</span> <span class='ocrx_word' id='word_1_136' title='bbox 1463 1891 1562 1961; x_wconf 83' lang='grc' dir='ltr'>τῆς</span> <span class='ocrx_word' id='word_1_137' title='bbox 1591 1894 1837 1963; x_wconf 83' lang='grc' dir='ltr'>ταραχῆς</span> 
     </span>
    </p>
   </div>
   <div class='ocr_carea' id='block_1_22' title="bbox 252 1976 1835 2053">
    <p class='ocr_par' dir='ltr' id='par_1_22' title="bbox 252 1976 1835 2053">
     <span class='ocr_line' id='line_1_22' title="bbox 252 1976 1835 2053; baseline 0.004 -24"><span class='ocrx_word' id='word_1_138' title='bbox 252 1981 650 2046; x_wconf 78' lang='grc' dir='ltr'>παυσαμένων,</span> <span class='ocrx_word' id='word_1_139' title='bbox 676 1976 937 2049; x_wconf 82' lang='grc' dir='ltr'>ἐξανέστη</span> <span class='ocrx_word' id='word_1_140' title='bbox 964 1980 993 2032; x_wconf 91' lang='lat'><strong>6</strong></span> <span class='ocrx_word' id='word_1_141' title='bbox 1029 1978 1349 2050; x_wconf 83' lang='grc' dir='ltr'>Ὀλύμπιος,</span> <span class='ocrx_word' id='word_1_142' title='bbox 1385 1981 1478 2033; x_wconf 77' lang='grc' dir='ltr'>καὶ</span> <span class='ocrx_word' id='word_1_143' title='bbox 1509 1984 1576 2053; x_wconf 78' lang='grc' dir='ltr'>τῇ</span> <span class='ocrx_word' id='word_1_144' title='bbox 1605 1981 1835 2050; x_wconf 88' lang='grc' dir='ltr'>ἐμϐάσει</span> 
     </span>
    </p>
   </div>
   <div class='ocr_carea' id='block_1_23' title="bbox 246 2069 1835 2147">
    <p class='ocr_par' dir='ltr' id='par_1_23' title="bbox 246 2069 1835 2147">
     <span class='ocr_line' id='line_1_23' title="bbox 246 2069 1835 2147; baseline 0.003 -25"><span class='ocrx_word' id='word_1_145' title='bbox 246 2070 363 2123; x_wconf 79' lang='grc' dir='ltr'><strong>τῶν</strong></span> <span class='ocrx_word' id='word_1_146' title='bbox 405 2070 627 2141; x_wconf 85' lang='grc' dir='ltr'>θερμῶν</span> <span class='ocrx_word' id='word_1_147' title='bbox 671 2070 748 2133; x_wconf 85' lang='grc' dir='ltr'>ὡς</span> <span class='ocrx_word' id='word_1_148' title='bbox 797 2069 918 2134; x_wconf 79' lang='grc' dir='ltr'>ἔθος</span> <span class='ocrx_word' id='word_1_149' title='bbox 975 2073 1345 2144; x_wconf 85' lang='grc' dir='ltr'>χρησάμενος,</span> <span class='ocrx_word' id='word_1_150' title='bbox 1372 2072 1571 2141; x_wconf 80' lang='grc' dir='ltr'>ἔξεισιν</span> <span class='ocrx_word' id='word_1_151' title='bbox 1602 2075 1698 2131; x_wconf 78' lang='grc' dir='ltr'>ἐπὶ</span> <span class='ocrx_word' id='word_1_152' title='bbox 1735 2076 1835 2147; x_wconf 78' lang='grc' dir='ltr'>τὴν</span> 
     </span>
    </p>
   </div>
   <div class='ocr_carea' id='block_1_24' title="bbox 244 2162 1837 2238">
    <p class='ocr_par' dir='ltr' id='par_1_24' title="bbox 244 2162 1837 2238">
     <span class='ocr_line' id='line_1_24' title="bbox 244 2162 1837 2238; baseline 0.005 -24"><span class='ocrx_word' id='word_1_153' title='bbox 244 2163 363 2215; x_wconf 84' lang='grc' dir='ltr'>τῶν</span> <span class='ocrx_word' id='word_1_154' title='bbox 387 2162 610 2233; x_wconf 79' lang='grc' dir='ltr'>ψυχρῶν</span> <span class='ocrx_word' id='word_1_155' title='bbox 654 2163 863 2217; x_wconf 80' lang='grc' dir='ltr'>ὑδάτων</span> <span class='ocrx_word' id='word_1_156' title='bbox 894 2164 1196 2236; x_wconf 80' lang='grc' dir='ltr'>δεξαμενὴν</span> <span class='ocrx_word' id='word_1_157' title='bbox 1219 2206 1235 2231; x_wconf 94' lang='grc'><strong>,</strong></span> <span class='ocrx_word' id='word_1_158' title='bbox 1294 2166 1415 2236; x_wconf 72' lang='grc' dir='ltr'>ἦτις</span> <span class='ocrx_word' id='word_1_159' title='bbox 1454 2166 1724 2238; x_wconf 82' lang='grc' dir='ltr'>λαμϐάνει</span> <span class='ocrx_word' id='word_1_160' title='bbox 1765 2168 1837 2222; x_wconf 73' lang='grc' dir='ltr'><strong>τὰ</strong></span> 
     </span>
    </p>
   </div>
   <div class='ocr_carea' id='block_1_25' title="bbox 248 2256 1835 2330">
    <p class='ocr_par' dir='ltr' id='par_1_25' title="bbox 248 2256 1835 2330">
     <span class='ocr_line' id='line_1_25' title="bbox 248 2256 1835 2330; baseline 0.003 -20"><span class='ocrx_word' id='word_1_161' title='bbox 248 2256 423 2311; x_wconf 75' lang='grc' dir='ltr'>ὕδατα</span> <span class='ocrx_word' id='word_1_162' title='bbox 447 2259 513 2311; x_wconf 89' lang='grc' dir='ltr'><strong>ἐκ</strong></span> <span class='ocrx_word' id='word_1_163' title='bbox 545 2258 729 2328; x_wconf 82' lang='grc' dir='ltr'>πηγῆς</span> <span class='ocrx_word' id='word_1_164' title='bbox 758 2259 1088 2329; x_wconf 87' lang='grc' dir='ltr'>τικτομένης</span> <span class='ocrx_word' id='word_1_165' title='bbox 1116 2260 1283 2330; x_wconf 82' lang='grc' dir='ltr'>μέσον</span> <span class='ocrx_word' id='word_1_166' title='bbox 1301 2260 1396 2314; x_wconf 92' lang='grc' dir='ltr'><strong>τοῦ</strong></span> <span class='ocrx_word' id='word_1_167' title='bbox 1422 2264 1621 2315; x_wconf 90' lang='grc' dir='ltr'>σεπτοῦ</span> <span class='ocrx_word' id='word_1_168' title='bbox 1645 2262 1835 2316; x_wconf 86' lang='grc' dir='ltr'>θυσια-</span> 
     </span>
    </p>
   </div>
   <div class='ocr_carea' id='block_1_26' title="bbox 249 2346 1834 2421">
    <p class='ocr_par' dir='ltr' id='par_1_26' title="bbox 249 2346 1834 2421">
     <span class='ocr_line' id='line_1_26' title="bbox 249 2346 1834 2421; baseline 0.003 -21"><span class='ocrx_word' id='word_1_169' title='bbox 249 2348 478 2419; x_wconf 87' lang='grc' dir='ltr'>στηρίου</span> <span class='ocrx_word' id='word_1_170' title='bbox 505 2346 602 2401; x_wconf 91' lang='grc' dir='ltr'><strong>τοῦ</strong></span> <span class='ocrx_word' id='word_1_171' title='bbox 630 2348 866 2416; x_wconf 77' lang='grc' dir='ltr'>εὐαγοῦς</span> <span class='ocrx_word' id='word_1_172' title='bbox 895 2349 1045 2402; x_wconf 87' lang='grc' dir='ltr'>οῐκου</span> <span class='ocrx_word' id='word_1_173' title='bbox 1082 2348 1178 2402; x_wconf 89' lang='grc' dir='ltr'><strong>τοῦ</strong></span> <span class='ocrx_word' id='word_1_174' title='bbox 1206 2350 1676 2421; x_wconf 86' lang='grc' dir='ltr'>πρωτομάρτυρος</span> <span class='ocrx_word' id='word_1_175' title='bbox 1694 2352 1834 2405; x_wconf 82' lang='grc' dir='ltr'>Στε-</span> 
     </span>
    </p>
   </div>
   <div class='ocr_carea' id='block_1_27' title="bbox 246 2439 1834 2514">
    <p class='ocr_par' dir='ltr' id='par_1_27' title="bbox 246 2439 1834 2514">
     <span class='ocr_line' id='line_1_27' title="bbox 246 2439 1834 2514; baseline 0.003 -23"><span class='ocrx_word' id='word_1_176' title='bbox 246 2439 448 2509; x_wconf 77' lang='grc' dir='ltr'>φάνου,</span> <span class='ocrx_word' id='word_1_177' title='bbox 477 2439 537 2492; x_wconf 79' lang='grc' dir='ltr'>ὃν</span> <span class='ocrx_word' id='word_1_178' title='bbox 564 2440 624 2492; x_wconf 86' lang='grc' dir='ltr'><strong>ἐν</strong></span> <span class='ocrx_word' id='word_1_179' title='bbox 682 2439 932 2503; x_wconf 77' lang='grc' dir='ltr'>παλαιοῖς</span> <span class='ocrx_word' id='word_1_180' title='bbox 980 2440 1223 2506; x_wconf 76' lang='grc' dir='ltr'>ἔκτισεν,</span> <span class='ocrx_word' id='word_1_181' title='bbox 1255 2441 1556 2511; x_wconf 82' lang='grc' dir='ltr'>ἀξιώμασιν</span> <span class='ocrx_word' id='word_1_182' title='bbox 1584 2444 1834 2514; x_wconf 84' lang='grc' dir='ltr'>άρχοντι-</span> 
     </span>
    </p>
   </div>
   <div class='ocr_carea' id='block_1_28' title="bbox 243 2531 1833 2606">
    <p class='ocr_par' dir='ltr' id='par_1_28' title="bbox 243 2531 1833 2606">
     <span class='ocr_line' id='line_1_28' title="bbox 243 2531 1833 2606; baseline 0.003 -21"><span class='ocrx_word' id='word_1_183' title='bbox 243 2533 369 2595; x_wconf 77' lang='grc' dir='ltr'>κοῖς</span> <span class='ocrx_word' id='word_1_184' title='bbox 412 2531 740 2604; x_wconf 87' lang='grc' dir='ltr'>διαλάμψας,</span> <span class='ocrx_word' id='word_1_185' title='bbox 766 2532 1105 2604; x_wconf 79' lang='grc' dir='ltr'>Αύρηλιανός</span> <span class='ocrx_word' id='word_1_186' title='bbox 1124 2549 1139 2563; x_wconf 77' lang='grc' dir='ltr'><strong>ο</strong></span> <span class='ocrx_word' id='word_1_187' title='bbox 1164 2533 1375 2588; x_wconf 83' lang='grc' dir='ltr'>ἐνθένδε</span> <span class='ocrx_word' id='word_1_188' title='bbox 1404 2535 1647 2606; x_wconf 82' lang='grc' dir='ltr'>ἠγοῦμαι</span> <span class='ocrx_word' id='word_1_189' title='bbox 1681 2534 1833 2599; x_wconf 85' lang='grc' dir='ltr'>θείας</span> 
     </span>
    </p>
   </div>
   <div class='ocr_carea' id='block_1_29' title="bbox 241 2619 1831 2700">
    <p class='ocr_par' dir='ltr' id='par_1_29' title="bbox 241 2619 1831 2700">
     <span class='ocr_line' id='line_1_29' title="bbox 241 2619 1831 2700; baseline 0.002 -24"><span class='ocrx_word' id='word_1_190' title='bbox 241 2622 480 2693; x_wconf 79' lang='grc' dir='ltr'>ἐποψίας</span> <span class='ocrx_word' id='word_1_191' title='bbox 522 2624 583 2678; x_wconf 87' lang='grc' dir='ltr'><strong>τὸ</strong></span> <span class='ocrx_word' id='word_1_192' title='bbox 624 2623 769 2695; x_wconf 82' lang='grc' dir='ltr'>ὕδωρ</span> <span class='ocrx_word' id='word_1_193' title='bbox 807 2622 1111 2692; x_wconf 82' lang='grc' dir='ltr'>ἀξιοῦσθαι.</span> <span class='ocrx_word' id='word_1_194' title='bbox 1153 2619 1306 2700; x_wconf 82' lang='grc' dir='ltr'><strong>Ἐνῇ</strong></span> <span class='ocrx_word' id='word_1_195' title='bbox 1351 2625 1597 2689; x_wconf 76' lang='grc' dir='ltr'>καταϐὰς</span> <span class='ocrx_word' id='word_1_196' title='bbox 1638 2625 1831 2682; x_wconf 83' lang='grc' dir='ltr'>θᾶττον</span> 
     </span>
    </p>
   </div>
   <div class='ocr_carea' id='block_1_30' title="bbox 242 2716 1826 2789">
    <p class='ocr_par' dir='ltr' id='par_1_30' title="bbox 242 2716 1826 2789">
     <span class='ocr_line' id='line_1_30' title="bbox 242 2716 1826 2789; baseline 0.003 -21"><span class='ocrx_word' id='word_1_197' title='bbox 242 2716 630 2777; x_wconf 76' lang='grc' dir='ltr'>ἐπαναϐαίνει,</span> <span class='ocrx_word' id='word_1_198' title='bbox 652 2717 1028 2788; x_wconf 7' lang='grc' dir='ltr'>,κραυγάζωνο</span> <span class='ocrx_word' id='word_1_199' title='bbox 1076 2718 1364 2789; x_wconf 79' lang='grc' dir='ltr'>Ἐὶεήσατέ</span> <span class='ocrx_word' id='word_1_200' title='bbox 1418 2736 1509 2789; x_wconf 88' lang='grc' dir='ltr'><strong>με,</strong></span> <span class='ocrx_word' id='word_1_201' title='bbox 1535 2719 1826 2789; x_wconf 81' lang='grc' dir='ltr'>ἐλεήσατεί</span> 
     </span>
    </p>
   </div>
   <div class='ocr_carea' id='block_1_31' title="bbox 241 2807 1827 2880">
    <p class='ocr_par' dir='ltr' id='par_1_31' title="bbox 241 2807 1827 2880">
     <span class='ocr_line' id='line_1_31' title="bbox 241 2807 1827 2880; baseline 0.001 -17"><span class='ocrx_word' id='word_1_202' title='bbox 241 2809 359 2863; x_wconf 78' lang='grc' dir='ltr'><strong>Καὶ</strong></span> <span class='ocrx_word' id='word_1_203' title='bbox 376 2808 591 2879; x_wconf 80' lang='grc' dir='ltr'>κνήθων</span> <span class='ocrx_word' id='word_1_204' title='bbox 612 2807 778 2862; x_wconf 80' lang='grc' dir='ltr'>αὐτοῦ</span> <span class='ocrx_word' id='word_1_205' title='bbox 799 2809 900 2871; x_wconf 85' lang='grc' dir='ltr'>τὰς</span> <span class='ocrx_word' id='word_1_206' title='bbox 926 2809 1156 2880; x_wconf 79' lang='grc' dir='ltr'>σάρκας,</span> <span class='ocrx_word' id='word_1_207' title='bbox 1173 2809 1281 2862; x_wconf 86' lang='grc' dir='ltr'><strong>τῶν</strong></span> <span class='ocrx_word' id='word_1_208' title='bbox 1307 2809 1481 2862; x_wconf 85' lang='grc' dir='ltr'>ὀστῶν</span> <span class='ocrx_word' id='word_1_209' title='bbox 1501 2809 1827 2880; x_wconf 78' lang='grc' dir='ltr'>ἀπεμέριζε.</span> 
     </span>
    </p>
   </div>
   <div class='ocr_carea' id='block_1_32' title="bbox 242 2902 1828 2974">
    <p class='ocr_par' dir='ltr' id='par_1_32' title="bbox 242 2902 1828 2974">
     <span class='ocr_line' id='line_1_32' title="bbox 242 2902 1828 2974; baseline -0.001 -18"><span class='ocrx_word' id='word_1_210' title='bbox 242 2904 454 2966; x_wconf 86' lang='grc' dir='ltr'>Πάντες</span> <span class='ocrx_word' id='word_1_211' title='bbox 476 2903 534 2957; x_wconf 82' lang='grc' dir='ltr'>δὲ</span> <span class='ocrx_word' id='word_1_212' title='bbox 572 2903 703 2974; x_wconf 80' lang='grc' dir='ltr'>περὶ</span> <span class='ocrx_word' id='word_1_213' title='bbox 740 2902 904 2956; x_wconf 80' lang='grc' dir='ltr'>αὑτὸν</span> <span class='ocrx_word' id='word_1_214' title='bbox 945 2902 1266 2972; x_wconf 85' lang='grc' dir='ltr'>γενόμενοι,</span> <span class='ocrx_word' id='word_1_215' title='bbox 1300 2902 1396 2956; x_wconf 68' lang='grc' dir='ltr'><strong>καὶ¹</strong></span> <span class='ocrx_word' id='word_1_216' title='bbox 1426 2903 1828 2973; x_wconf 82' lang='grc' dir='ltr'>κρατήσαντες,</span> 
     </span>
    </p>
   </div>
   <div class='ocr_carea' id='block_1_33' title="bbox 242 2993 1824 3065">
    <p class='ocr_par' dir='ltr' id='par_1_33' title="bbox 242 2993 1824 3065">
     <span class='ocr_line' id='line_1_33' title="bbox 242 2993 1824 3065; baseline -0.001 -15"><span class='ocrx_word' id='word_1_217' title='bbox 242 2996 444 3050; x_wconf 84' lang='grc' dir='ltr'>σινδόνι</span> <span class='ocrx_word' id='word_1_218' title='bbox 493 2995 972 3065; x_wconf 83' lang='grc' dir='ltr'>περιτυλίξαντες,</span> <span class='ocrx_word' id='word_1_219' title='bbox 1004 2994 1293 3049; x_wconf 82' lang='grc' dir='ltr'>ἁνέκλιναν</span> <span class='ocrx_word' id='word_1_220' title='bbox 1348 2993 1824 3065; x_wconf 79' lang='grc' dir='ltr'>ψυχορραγοῦντα.</span> 
     </span>
    </p>
   </div>
   <div class='ocr_carea' id='block_1_34' title="bbox 1945 509 3530 590">
    <p class='ocr_par' dir='ltr' id='par_1_34' title="bbox 1945 509 3530 590">
     <span class='ocr_line' id='line_1_34' title="bbox 1945 509 3530 590; baseline 0.008 -28"><span class='ocrx_word' id='word_1_221' title='bbox 1945 509 2117 573; x_wconf 89' lang='lat' dir='ltr'><strong>mine,</strong></span> <span class='ocrx_word' id='word_1_222' title='bbox 2147 510 2303 579; x_wconf 85' lang='lat' dir='ltr'><strong>juxta</strong></span> <span class='ocrx_word' id='word_1_223' title='bbox 2325 526 2531 581; x_wconf 83' lang='lat' dir='ltr'><strong>equum</strong></span> <span class='ocrx_word' id='word_1_224' title='bbox 2554 514 2965 572; x_wconf 88' lang='lat' dir='ltr'><strong>&#39;atubulatoretn</strong></span> <span class='ocrx_word' id='word_1_225' title='bbox 3006 515 3530 590; x_wconf 74' lang='lat' dir='ltr'><strong>EuthymiiAriaua:</strong></span> 
     </span>
    </p>
   </div>
   <div class='ocr_carea' id='block_1_35' title="bbox 1946 599 3528 675">
    <p class='ocr_par' dir='ltr' id='par_1_35' title="bbox 1946 599 3528 675">
     <span class='ocr_line' id='line_1_35' title="bbox 1946 599 3528 675; baseline 0.009 -21"><span class='ocrx_word' id='word_1_226' title='bbox 1946 599 2205 658; x_wconf 76' lang='lat' dir='ltr'><strong>factionis</strong></span> <span class='ocrx_word' id='word_1_227' title='bbox 2234 604 2487 660; x_wconf 76' lang='lat' dir='ltr'><strong>exarehte</strong></span> <span class='ocrx_word' id='word_1_228' title='bbox 2529 605 2825 662; x_wconf 74' lang='lat' dir='ltr'><strong>subsultim</strong></span> <span class='ocrx_word' id='word_1_229' title='bbox 2857 609 3115 665; x_wconf 86' lang='lat' dir='ltr'><strong>incedere</strong></span> <span class='ocrx_word' id='word_1_230' title='bbox 3144 612 3363 675; x_wconf 90' lang='lat' dir='ltr'><strong>solitus,</strong></span> <span class='ocrx_word' id='word_1_231' title='bbox 3402 628 3528 668; x_wconf 90' lang='lat' dir='ltr'><strong>cum</strong></span> 
     </span>
    </p>
   </div>
   <div class='ocr_carea' id='block_1_36' title="bbox 1944 694 3528 770">
    <p class='ocr_par' dir='ltr' id='par_1_36' title="bbox 1944 694 3528 770">
     <span class='ocr_line' id='line_1_36' title="bbox 1944 694 3528 770; baseline 0.008 -21"><span class='ocrx_word' id='word_1_232' title='bbox 1944 704 2095 749; x_wconf 91' lang='lat' dir='ltr'><strong>esset</strong></span> <span class='ocrx_word' id='word_1_233' title='bbox 2129 694 2185 749; x_wconf 93' lang='lat' dir='ltr'><strong>in</strong></span> <span class='ocrx_word' id='word_1_234' title='bbox 2223 696 2445 752; x_wconf 86' lang='lat' dir='ltr'><strong>lavacro</strong></span> <span class='ocrx_word' id='word_1_235' title='bbox 2470 699 2656 768; x_wconf 81' lang='lat' dir='ltr'><strong>palatii</strong></span> <span class='ocrx_word' id='word_1_236' title='bbox 2693 700 3145 770; x_wconf 86' lang='lat' dir='ltr'><strong>llelenianorum,</strong></span> <span class='ocrx_word' id='word_1_237' title='bbox 3189 704 3245 759; x_wconf 92' lang='lat' dir='ltr'><strong>in</strong></span> <span class='ocrx_word' id='word_1_238' title='bbox 3275 705 3413 760; x_wconf 88' lang='lat' dir='ltr'><strong>cella</strong></span> <span class='ocrx_word' id='word_1_239' title='bbox 3444 715 3528 762; x_wconf 89' lang='lat' dir='ltr'><strong>te-</strong></span> 
     </span>
    </p>
   </div>
   <div class='ocr_carea' id='block_1_37' title="bbox 1948 787 3529 864">
    <p class='ocr_par' dir='ltr' id='par_1_37' title="bbox 1948 787 3529 864">
     <span class='ocr_line' id='line_1_37' title="bbox 1948 787 3529 864; baseline 0.01 -25"><span class='ocrx_word' id='word_1_240' title='bbox 1948 787 2159 856; x_wconf 89' lang='lat' dir='ltr'><strong>pidaria</strong></span> <span class='ocrx_word' id='word_1_241' title='bbox 2192 791 2488 845; x_wconf 87' lang='lat' dir='ltr'><strong>nonnullos</strong></span> <span class='ocrx_word' id='word_1_242' title='bbox 2515 807 2706 846; x_wconf 89' lang='lat' dir='ltr'><strong>eorum</strong></span> <span class='ocrx_word' id='word_1_243' title='bbox 2738 794 2833 864; x_wconf 91' lang='lat' dir='ltr'><strong>qui</strong></span> <span class='ocrx_word' id='word_1_244' title='bbox 2876 794 3229 863; x_wconf 77' lang='lat' dir='ltr'><strong>lavabantur,</strong></span> <span class='ocrx_word' id='word_1_245' title='bbox 3282 801 3529 855; x_wconf 90' lang='lat' dir='ltr'><strong>consub-</strong></span> 
     </span>
    </p>
   </div>
   <div class='ocr_carea' id='block_1_38' title="bbox 1945 880 3530 956">
    <p class='ocr_par' dir='ltr' id='par_1_38' title="bbox 1945 880 3530 956">
     <span class='ocr_line' id='line_1_38' title="bbox 1945 880 3530 956; baseline 0.009 -23"><span class='ocrx_word' id='word_1_246' title='bbox 1945 880 2227 933; x_wconf 73' lang='lat' dir='ltr'><strong>stantialis</strong></span> <span class='ocrx_word' id='word_1_247' title='bbox 2272 880 2431 935; x_wconf 82' lang='lat' dir='ltr'><strong>fidem</strong></span> <span class='ocrx_word' id='word_1_248' title='bbox 2488 885 2834 940; x_wconf 78' lang='lat' dir='ltr'><strong>celebrantes</strong></span> <span class='ocrx_word' id='word_1_249' title='bbox 2885 887 3264 956; x_wconf 87' lang='lat' dir='ltr'><strong>conspicatus,</strong></span> <span class='ocrx_word' id='word_1_250' title='bbox 3304 889 3390 945; x_wconf 90' lang='lat' dir='ltr'><strong>his</strong></span> <span class='ocrx_word' id='word_1_251' title='bbox 3432 907 3530 946; x_wconf 89' lang='lat' dir='ltr'><strong>eos</strong></span> 
     </span>
    </p>
   </div>
   <div class='ocr_carea' id='block_1_39' title="bbox 1946 971 3530 1045">
    <p class='ocr_par' dir='ltr' id='par_1_39' title="bbox 1946 971 3530 1045">
     <span class='ocr_line' id='line_1_39' title="bbox 1946 971 3530 1045; baseline 0.009 -22"><span class='ocrx_word' id='word_1_252' title='bbox 1946 971 2133 1025; x_wconf 82' lang='lat' dir='ltr'><strong>verbis</strong></span> <span class='ocrx_word' id='word_1_253' title='bbox 2185 973 2461 1029; x_wconf 86' lang='lat' dir='ltr'><strong>allocutus</strong></span> <span class='ocrx_word' id='word_1_254' title='bbox 2501 983 2586 1030; x_wconf 88' lang='lat' dir='ltr'><strong>est</strong></span> <span class='ocrx_word' id='word_1_255' title='bbox 2616 994 2629 1029; x_wconf 92' lang='lat'><strong>:</strong></span> <span class='ocrx_word' id='word_1_256' title='bbox 2664 974 2877 1045; x_wconf 87' lang='lat' dir='ltr'><strong>Ecquid</strong></span> <span class='ocrx_word' id='word_1_257' title='bbox 2925 979 3069 1032; x_wconf 88' lang='lat' dir='ltr'><strong>enim</strong></span> <span class='ocrx_word' id='word_1_258' title='bbox 3116 988 3201 1034; x_wconf 92' lang='lat' dir='ltr'><strong>est</strong></span> <span class='ocrx_word' id='word_1_259' title='bbox 3235 981 3530 1038; x_wconf 82' lang='lat' dir='ltr'><strong>Trinitas?</strong></span> 
     </span>
    </p>
   </div>
   <div class='ocr_carea' id='block_1_40' title="bbox 1947 1064 3531 1142">
    <p class='ocr_par' dir='ltr' id='par_1_40' title="bbox 1947 1064 3531 1142">
     <span class='ocr_line' id='line_1_40' title="bbox 1947 1064 3531 1142; baseline 0.009 -30"><span class='ocrx_word' id='word_1_260' title='bbox 1947 1070 2045 1113; x_wconf 81' lang='lat' dir='ltr'><strong>aut</strong></span> <span class='ocrx_word' id='word_1_261' title='bbox 2086 1077 2195 1131; x_wconf 88' lang='lat' dir='ltr'><strong>quo</strong></span> <span class='ocrx_word' id='word_1_262' title='bbox 2227 1064 2280 1116; x_wconf 91' lang='lat' dir='ltr'><strong>in</strong></span> <span class='ocrx_word' id='word_1_263' title='bbox 2312 1064 2520 1134; x_wconf 80' lang='lat' dir='ltr'><strong>pariete</strong></span> <span class='ocrx_word' id='word_1_264' title='bbox 2566 1067 2838 1135; x_wconf 88' lang='lat' dir='ltr'><strong>inscripta</strong></span> <span class='ocrx_word' id='word_1_265' title='bbox 2870 1081 2979 1121; x_wconf 91' lang='lat' dir='ltr'><strong>non</strong></span> <span class='ocrx_word' id='word_1_266' title='bbox 3034 1068 3162 1123; x_wconf 85' lang='lat' dir='ltr'><strong>est?</strong></span> <span class='ocrx_word' id='word_1_267' title='bbox 3215 1069 3531 1142; x_wconf 84' lang='lat' dir='ltr'><strong>Statimque</strong></span> 
     </span>
    </p>
   </div>
   <div class='ocr_carea' id='block_1_41' title="bbox 1948 1154 3529 1235">
    <p class='ocr_par' dir='ltr' id='par_1_41' title="bbox 1948 1154 3529 1235">
     <span class='ocr_line' id='line_1_41' title="bbox 1948 1154 3529 1235; baseline 0.009 -29"><span class='ocrx_word' id='word_1_268' title='bbox 1948 1154 2205 1210; x_wconf 84' lang='lat' dir='ltr'><strong>virilibus</strong></span> <span class='ocrx_word' id='word_1_269' title='bbox 2263 1171 2429 1210; x_wconf 90' lang='lat' dir='ltr'><strong>manu</strong></span> <span class='ocrx_word' id='word_1_270' title='bbox 2487 1157 2894 1227; x_wconf 84' lang='lat' dir='ltr'><strong>apprehensis:</strong></span> <span class='ocrx_word' id='word_1_271' title='bbox 2941 1159 3108 1228; x_wconf 85' lang='lat' dir='ltr'><strong>Ecce,</strong></span> <span class='ocrx_word' id='word_1_272' title='bbox 3168 1163 3366 1233; x_wconf 91' lang='lat' dir='ltr'><strong>inquit,</strong></span> <span class='ocrx_word' id='word_1_273' title='bbox 3424 1180 3529 1235; x_wconf 84' lang='lat' dir='ltr'><strong>ego</strong></span> 
     </span>
    </p>
   </div>
   <div class='ocr_carea' id='block_1_42' title="bbox 1944 1246 3527 1329">
    <p class='ocr_par' dir='ltr' id='par_1_42' title="bbox 1944 1246 3527 1329">
     <span class='ocr_line' id='line_1_42' title="bbox 1944 1246 3527 1329; baseline 0.01 -32"><span class='ocrx_word' id='word_1_274' title='bbox 1944 1259 2167 1315; x_wconf 89' lang='lat' dir='ltr'><strong>quoque</strong></span> <span class='ocrx_word' id='word_1_275' title='bbox 2219 1246 2547 1302; x_wconf 86' lang='lat' dir='ltr'><strong>Trinitatem</strong></span> <span class='ocrx_word' id='word_1_276' title='bbox 2597 1248 2797 1305; x_wconf 87' lang='lat' dir='ltr'><strong>habeo.</strong></span> <span class='ocrx_word' id='word_1_277' title='bbox 2839 1250 2976 1306; x_wconf 91' lang='lat' dir='ltr'><strong>Eam</strong></span> <span class='ocrx_word' id='word_1_278' title='bbox 3036 1253 3107 1308; x_wconf 93' lang='lat' dir='ltr'><strong>ob</strong></span> <span class='ocrx_word' id='word_1_279' title='bbox 3153 1262 3268 1310; x_wconf 80' lang='lat' dir='ltr'><strong>rem</strong></span> <span class='ocrx_word' id='word_1_280' title='bbox 3318 1257 3396 1311; x_wconf 90' lang='lat' dir='ltr'><strong>illi</strong></span> <span class='ocrx_word' id='word_1_281' title='bbox 3432 1260 3527 1329; x_wconf 91' lang='lat' dir='ltr'><strong>qui</strong></span> 
     </span>
    </p>
   </div>
   <div class='ocr_carea' id='block_1_43' title="bbox 1947 1336 3525 1407">
    <p class='ocr_par' dir='ltr' id='par_1_43' title="bbox 1947 1336 3525 1407">
     <span class='ocr_line' id='line_1_43' title="bbox 1947 1336 3525 1407; baseline 0.01 -16"><span class='ocrx_word' id='word_1_282' title='bbox 1947 1336 2178 1392; x_wconf 89' lang='lat' dir='ltr'><strong>aderant</strong></span> <span class='ocrx_word' id='word_1_283' title='bbox 2224 1338 2424 1393; x_wconf 88' lang='lat' dir='ltr'><strong>animis</strong></span> <span class='ocrx_word' id='word_1_284' title='bbox 2462 1339 2764 1407; x_wconf 86' lang='lat' dir='ltr'><strong>concitati,</strong></span> <span class='ocrx_word' id='word_1_285' title='bbox 2812 1357 2939 1397; x_wconf 89' lang='lat' dir='ltr'><strong>eum</strong></span> <span class='ocrx_word' id='word_1_286' title='bbox 2977 1345 3168 1400; x_wconf 86' lang='lat' dir='ltr'><strong>statim</strong></span> <span class='ocrx_word' id='word_1_287' title='bbox 3213 1347 3525 1405; x_wconf 89' lang='lat' dir='ltr'><strong>interfecis-</strong></span> 
     </span>
    </p>
   </div>
   <div class='ocr_carea' id='block_1_44' title="bbox 1944 1430 3526 1513">
    <p class='ocr_par' dir='ltr' id='par_1_44' title="bbox 1944 1430 3526 1513">
     <span class='ocr_line' id='line_1_44' title="bbox 1944 1430 3526 1513; baseline 0.008 -28"><span class='ocrx_word' id='word_1_288' title='bbox 1944 1438 2091 1495; x_wconf 84' lang='lat' dir='ltr'><strong>sent,</strong></span> <span class='ocrx_word' id='word_1_289' title='bbox 2129 1430 2242 1486; x_wconf 90' lang='lat' dir='ltr'><strong>nisi</strong></span> <span class='ocrx_word' id='word_1_290' title='bbox 2268 1445 2365 1486; x_wconf 88' lang='lat' dir='ltr'><strong>eos</strong></span> <span class='ocrx_word' id='word_1_291' title='bbox 2399 1432 2483 1486; x_wconf 83' lang='lat' dir='ltr'><strong>vir</strong></span> <span class='ocrx_word' id='word_1_292' title='bbox 2510 1433 2735 1503; x_wconf 90' lang='lat' dir='ltr'><strong>quidam</strong></span> <span class='ocrx_word' id='word_1_293' title='bbox 2780 1435 3131 1493; x_wconf 85' lang='lat' dir='ltr'><strong>admirabilis</strong></span> <span class='ocrx_word' id='word_1_294' title='bbox 3154 1477 3169 1503; x_wconf 92' lang='lat'><strong>,</strong></span> <span class='ocrx_word' id='word_1_295' title='bbox 3203 1454 3267 1495; x_wconf 89' lang='lat' dir='ltr'><strong>ac</strong></span> <span class='ocrx_word' id='word_1_296' title='bbox 3299 1442 3526 1513; x_wconf 82' lang='lat' dir='ltr'><strong>religio-</strong></span> 
     </span>
    </p>
   </div>
   <div class='ocr_carea' id='block_1_45' title="bbox 1944 1522 3526 1603">
    <p class='ocr_par' dir='ltr' id='par_1_45' title="bbox 1944 1522 3526 1603">
     <span class='ocr_line' id='line_1_45' title="bbox 1944 1522 3526 1603; baseline 0.009 -25"><span class='ocrx_word' id='word_1_297' title='bbox 1944 1536 2042 1578; x_wconf 85' lang='lat' dir='ltr'><strong>sus</strong></span> <span class='ocrx_word' id='word_1_298' title='bbox 2076 1522 2173 1577; x_wconf 91' lang='lat' dir='ltr'><strong>Dei</strong></span> <span class='ocrx_word' id='word_1_299' title='bbox 2192 1523 2393 1588; x_wconf 81' lang='lat' dir='ltr'><strong>cultor,</strong></span> <span class='ocrx_word' id='word_1_300' title='bbox 2420 1522 2651 1595; x_wconf 81' lang='lat' dir='ltr'><strong>Magnus</strong></span> <span class='ocrx_word' id='word_1_301' title='bbox 2680 1527 3526 1603; x_wconf 85' lang='lat' dir='ltr'><strong>nomine,SanctorumAposto-</strong></span> 
     </span>
    </p>
   </div>
   <div class='ocr_carea' id='block_1_46' title="bbox 1945 1611 3526 1696">
    <p class='ocr_par' dir='ltr' id='par_1_46' title="bbox 1945 1611 3526 1696">
     <span class='ocr_line' id='line_1_46' title="bbox 1945 1611 3526 1696; baseline 0.011 -30"><span class='ocrx_word' id='word_1_302' title='bbox 1945 1611 2126 1667; x_wconf 90' lang='lat' dir='ltr'><strong>lorum</strong></span> <span class='ocrx_word' id='word_1_303' title='bbox 2160 1615 2414 1670; x_wconf 74' lang='lat' dir='ltr'><strong>ecclesiae</strong></span> <span class='ocrx_word' id='word_1_304' title='bbox 2446 1615 2589 1670; x_wconf 90' lang='lat' dir='ltr'><strong>intra</strong></span> <span class='ocrx_word' id='word_1_305' title='bbox 2625 1618 2770 1672; x_wconf 90' lang='lat' dir='ltr'><strong>muri</strong></span> <span class='ocrx_word' id='word_1_306' title='bbox 2809 1620 3078 1675; x_wconf 85' lang='lat' dir='ltr'><strong>ambitum</strong></span> <span class='ocrx_word' id='word_1_307' title='bbox 3105 1626 3526 1696; x_wconf 84' lang='lat' dir='ltr'><strong>presbyter,re-</strong></span> 
     </span>
    </p>
   </div>
   <div class='ocr_carea' id='block_1_47' title="bbox 1944 1704 3524 1784">
    <p class='ocr_par' dir='ltr' id='par_1_47' title="bbox 1944 1704 3524 1784">
     <span class='ocr_line' id='line_1_47' title="bbox 1944 1704 3524 1784; baseline 0.009 -26"><span class='ocrx_word' id='word_1_308' title='bbox 1944 1704 2262 1773; x_wconf 86' lang='lat' dir='ltr'><strong>pressisset,</strong></span> <span class='ocrx_word' id='word_1_309' title='bbox 2294 1704 2597 1772; x_wconf 81' lang='lat' dir='ltr'><strong>affirmans,</strong></span> <span class='ocrx_word' id='word_1_310' title='bbox 2623 1708 2675 1762; x_wconf 90' lang='lat' dir='ltr'><strong>id</strong></span> <span class='ocrx_word' id='word_1_311' title='bbox 2704 1708 2940 1778; x_wconf 83' lang='lat' dir='ltr'><strong>justitiae</strong></span> <span class='ocrx_word' id='word_1_312' title='bbox 2971 1721 3172 1767; x_wconf 90' lang='lat' dir='ltr'><strong>cuncta</strong></span> <span class='ocrx_word' id='word_1_313' title='bbox 3215 1719 3524 1784; x_wconf 86' lang='lat' dir='ltr'><strong>spectantis</strong></span> 
     </span>
    </p>
   </div>
   <div class='ocr_carea' id='block_1_48' title="bbox 1939 1795 3525 1876">
    <p class='ocr_par' dir='ltr' id='par_1_48' title="bbox 1939 1795 3525 1876">
     <span class='ocr_line' id='line_1_48' title="bbox 1939 1795 3525 1876; baseline 0.008 -28"><span class='ocrx_word' id='word_1_314' title='bbox 1939 1795 2164 1848; x_wconf 90' lang='lat' dir='ltr'><strong>oculum</strong></span> <span class='ocrx_word' id='word_1_315' title='bbox 2219 1796 2391 1851; x_wconf 88' lang='lat' dir='ltr'><strong>latere</strong></span> <span class='ocrx_word' id='word_1_316' title='bbox 2450 1811 2562 1852; x_wconf 91' lang='lat' dir='ltr'><strong>non</strong></span> <span class='ocrx_word' id='word_1_317' title='bbox 2611 1813 2797 1868; x_wconf 86' lang='lat' dir='ltr'><strong>posse,</strong></span> <span class='ocrx_word' id='word_1_318' title='bbox 2835 1801 2929 1870; x_wconf 89' lang='lat' dir='ltr'><strong>qui</strong></span> <span class='ocrx_word' id='word_1_319' title='bbox 2962 1802 3181 1873; x_wconf 84' lang='lat' dir='ltr'><strong>singula</strong></span> <span class='ocrx_word' id='word_1_320' title='bbox 3228 1805 3525 1876; x_wconf 81' lang='lat' dir='ltr'><strong>diligenter</strong></span> 
     </span>
    </p>
   </div>
   <div class='ocr_carea' id='block_1_49' title="bbox 1940 1884 3523 1960">
    <p class='ocr_par' dir='ltr' id='par_1_49' title="bbox 1940 1884 3523 1960">
     <span class='ocr_line' id='line_1_49' title="bbox 1940 1884 3523 1960; baseline 0.009 -23"><span class='ocrx_word' id='word_1_321' title='bbox 1940 1884 2287 1940; x_wconf 84' lang='lat' dir='ltr'><strong>conscribat.</strong></span> <span class='ocrx_word' id='word_1_322' title='bbox 2345 1884 2482 1940; x_wconf 89' lang='lat' dir='ltr'><strong>Cum</strong></span> <span class='ocrx_word' id='word_1_323' title='bbox 2540 1887 2711 1958; x_wconf 90' lang='lat' dir='ltr'><strong>igitur</strong></span> <span class='ocrx_word' id='word_1_324' title='bbox 2738 1900 2963 1960; x_wconf 89' lang='lat' dir='ltr'><strong>propter</strong></span> <span class='ocrx_word' id='word_1_325' title='bbox 2992 1892 3097 1946; x_wconf 90' lang='lat' dir='ltr'><strong>viri</strong></span> <span class='ocrx_word' id='word_1_326' title='bbox 3157 1897 3523 1952; x_wconf 82' lang='lat' dir='ltr'><strong>reverentiam</strong></span> 
     </span>
    </p>
   </div>
   <div class='ocr_carea' id='block_1_50' title="bbox 1938 1976 3518 2055">
    <p class='ocr_par' dir='ltr' id='par_1_50' title="bbox 1938 1976 3518 2055">
     <span class='ocr_line' id='line_1_50' title="bbox 1938 1976 3518 2055; baseline 0.011 -26"><span class='ocrx_word' id='word_1_327' title='bbox 1938 1976 2100 2031; x_wconf 85' lang='lat' dir='ltr'><strong>turba</strong></span> <span class='ocrx_word' id='word_1_328' title='bbox 2150 1976 2481 2047; x_wconf 88' lang='lat' dir='ltr'><strong>quievisset,</strong></span> <span class='ocrx_word' id='word_1_329' title='bbox 2535 1981 2782 2036; x_wconf 81' lang='lat' dir='ltr'><strong>surrexit</strong></span> <span class='ocrx_word' id='word_1_330' title='bbox 2839 1982 3148 2055; x_wconf 84' lang='lat' dir='ltr'><strong>Olympius,</strong></span> <span class='ocrx_word' id='word_1_331' title='bbox 3181 1994 3235 2042; x_wconf 92' lang='lat' dir='ltr'><strong>et</strong></span> <span class='ocrx_word' id='word_1_332' title='bbox 3270 1987 3518 2046; x_wconf 88' lang='lat' dir='ltr'><strong>thermas</strong></span> 
     </span>
    </p>
   </div>
   <div class='ocr_carea' id='block_1_51' title="bbox 1938 2065 3521 2145">
    <p class='ocr_par' dir='ltr' id='par_1_51' title="bbox 1938 2065 3521 2145">
     <span class='ocr_line' id='line_1_51' title="bbox 1938 2065 3521 2145; baseline 0.009 -25"><span class='ocrx_word' id='word_1_333' title='bbox 1938 2065 2248 2138; x_wconf 85' lang='lat' dir='ltr'><strong>ingressus,</strong></span> <span class='ocrx_word' id='word_1_334' title='bbox 2298 2069 2467 2141; x_wconf 91' lang='lat' dir='ltr'><strong>inque</strong></span> <span class='ocrx_word' id='word_1_335' title='bbox 2514 2072 2679 2144; x_wconf 88' lang='lat' dir='ltr'><strong>aquis</strong></span> <span class='ocrx_word' id='word_1_336' title='bbox 2712 2073 2914 2130; x_wconf 86' lang='lat' dir='ltr'><strong>calidis</strong></span> <span class='ocrx_word' id='word_1_337' title='bbox 2958 2075 3026 2130; x_wconf 91' lang='lat' dir='ltr'><strong>de</strong></span> <span class='ocrx_word' id='word_1_338' title='bbox 3057 2092 3212 2133; x_wconf 90' lang='lat' dir='ltr'><strong>more</strong></span> <span class='ocrx_word' id='word_1_339' title='bbox 3248 2078 3419 2145; x_wconf 89' lang='lat' dir='ltr'><strong>lotus,</strong></span> <span class='ocrx_word' id='word_1_340' title='bbox 3452 2080 3521 2134; x_wconf 93' lang='lat' dir='ltr'><strong>ad</strong></span> 
     </span>
    </p>
   </div>
   <div class='ocr_carea' id='block_1_52' title="bbox 1938 2160 3522 2243">
    <p class='ocr_par' dir='ltr' id='par_1_52' title="bbox 1938 2160 3522 2243">
     <span class='ocr_line' id='line_1_52' title="bbox 1938 2160 3522 2243; baseline 0.009 -30"><span class='ocrx_word' id='word_1_341' title='bbox 1938 2160 2265 2233; x_wconf 84' lang='lat' dir='ltr'><strong>frigidarum</strong></span> <span class='ocrx_word' id='word_1_342' title='bbox 2326 2165 2601 2233; x_wconf 89' lang='lat' dir='ltr'><strong>piscinam</strong></span> <span class='ocrx_word' id='word_1_343' title='bbox 2653 2166 2844 2232; x_wconf 85' lang='lat' dir='ltr'><strong>vadit;</strong></span> <span class='ocrx_word' id='word_1_344' title='bbox 2884 2183 3006 2238; x_wconf 73' lang='lat' dir='ltr'><strong>quae</strong></span> <span class='ocrx_word' id='word_1_345' title='bbox 3062 2170 3287 2239; x_wconf 90' lang='lat' dir='ltr'><strong>quidem</strong></span> <span class='ocrx_word' id='word_1_346' title='bbox 3344 2187 3522 2243; x_wconf 82' lang='lat' dir='ltr'><strong>aquas</strong></span> 
     </span>
    </p>
   </div>
   <div class='ocr_carea' id='block_1_53' title="bbox 1934 2253 3520 2333">
    <p class='ocr_par' dir='ltr' id='par_1_53' title="bbox 1934 2253 3520 2333">
     <span class='ocr_line' id='line_1_53' title="bbox 1934 2253 3520 2333; baseline 0.006 -24"><span class='ocrx_word' id='word_1_347' title='bbox 1934 2253 2164 2323; x_wconf 81' lang='lat' dir='ltr'><strong>excipit.</strong></span> <span class='ocrx_word' id='word_1_348' title='bbox 2198 2270 2230 2310; x_wconf 91' lang='lat' dir='ltr'><strong>e</strong></span> <span class='ocrx_word' id='word_1_349' title='bbox 2260 2255 2442 2311; x_wconf 90' lang='lat' dir='ltr'><strong>medio</strong></span> <span class='ocrx_word' id='word_1_350' title='bbox 2475 2257 2636 2313; x_wconf 89' lang='lat' dir='ltr'><strong>altari</strong></span> <span class='ocrx_word' id='word_1_351' title='bbox 2669 2269 2880 2315; x_wconf 64' lang='lat' dir='ltr'><strong>sancta:</strong></span> <span class='ocrx_word' id='word_1_352' title='bbox 2915 2262 3169 2317; x_wconf 73' lang='lat' dir='ltr'><strong>ecclesia:</strong></span> <span class='ocrx_word' id='word_1_353' title='bbox 3204 2272 3520 2333; x_wconf 91' lang='lat' dir='ltr'><strong>protomar-</strong></span> 
     </span>
    </p>
   </div>
   <div class='ocr_carea' id='block_1_54' title="bbox 1935 2343 3519 2421">
    <p class='ocr_par' dir='ltr' id='par_1_54' title="bbox 1935 2343 3519 2421">
     <span class='ocr_line' id='line_1_54' title="bbox 1935 2343 3519 2421; baseline 0.008 -24"><span class='ocrx_word' id='word_1_354' title='bbox 1935 2344 2075 2415; x_wconf 83' lang='lat' dir='ltr'><strong>tyris</strong></span> <span class='ocrx_word' id='word_1_355' title='bbox 2114 2343 2407 2415; x_wconf 87' lang='lat' dir='ltr'><strong>Stephani,</strong></span> <span class='ocrx_word' id='word_1_356' title='bbox 2439 2346 2570 2402; x_wconf 88' lang='lat' dir='ltr'><strong>olim</strong></span> <span class='ocrx_word' id='word_1_357' title='bbox 2604 2348 2676 2404; x_wconf 91' lang='lat' dir='ltr'><strong>ab</strong></span> <span class='ocrx_word' id='word_1_358' title='bbox 2709 2349 3016 2408; x_wconf 83' lang='lat' dir='ltr'><strong>Aureliano</strong></span> <span class='ocrx_word' id='word_1_359' title='bbox 3054 2352 3404 2421; x_wconf 61' lang='lat' dir='ltr'><strong>praefectura:</strong></span> <span class='ocrx_word' id='word_1_360' title='bbox 3432 2355 3519 2409; x_wconf 83' lang='lat' dir='ltr'><strong>di-</strong></span> 
     </span>
    </p>
   </div>
   <div class='ocr_carea' id='block_1_55' title="bbox 1932 2434 3517 2504">
    <p class='ocr_par' dir='ltr' id='par_1_55' title="bbox 1932 2434 3517 2504">
     <span class='ocr_line' id='line_1_55' title="bbox 1932 2434 3517 2504; baseline 0.008 -16"><span class='ocrx_word' id='word_1_361' title='bbox 1932 2434 2246 2504; x_wconf 82' lang='lat' dir='ltr'><strong>guitatibus</strong></span> <span class='ocrx_word' id='word_1_362' title='bbox 2294 2436 2502 2492; x_wconf 89' lang='lat' dir='ltr'><strong>illustri</strong></span> <span class='ocrx_word' id='word_1_363' title='bbox 2533 2440 2894 2502; x_wconf 64' lang='lat' dir='ltr'><strong>c&#39;onstructze,</strong></span> <span class='ocrx_word' id='word_1_364' title='bbox 2934 2443 3329 2499; x_wconf 87' lang='lat' dir='ltr'><strong>scaturientes.</strong></span> <span class='ocrx_word' id='word_1_365' title='bbox 3372 2444 3517 2500; x_wconf 84' lang='lat' dir='ltr'><strong>Hine</strong></span> 
     </span>
    </p>
   </div>
   <div class='ocr_carea' id='block_1_56' title="bbox 1931 2526 3516 2606">
    <p class='ocr_par' dir='ltr' id='par_1_56' title="bbox 1931 2526 3516 2606">
     <span class='ocr_line' id='line_1_56' title="bbox 1931 2526 3516 2606; baseline 0.005 -25"><span class='ocrx_word' id='word_1_366' title='bbox 1931 2526 2095 2597; x_wconf 81' lang='lat' dir='ltr'><strong>plane</strong></span> <span class='ocrx_word' id='word_1_367' title='bbox 2136 2542 2334 2598; x_wconf 85' lang='lat' dir='ltr'><strong>aquam</strong></span> <span class='ocrx_word' id='word_1_368' title='bbox 2372 2529 2522 2582; x_wconf 88' lang='lat' dir='ltr'><strong>illam</strong></span> <span class='ocrx_word' id='word_1_369' title='bbox 2573 2529 2798 2601; x_wconf 88' lang='lat' dir='ltr'><strong>dignam</strong></span> <span class='ocrx_word' id='word_1_370' title='bbox 2833 2531 3007 2587; x_wconf 86' lang='lat' dir='ltr'><strong>fuisse</strong></span> <span class='ocrx_word' id='word_1_371' title='bbox 3038 2532 3305 2599; x_wconf 87' lang='lat' dir='ltr'><strong>arbitror,</strong></span> <span class='ocrx_word' id='word_1_372' title='bbox 3349 2551 3516 2606; x_wconf 90' lang='lat' dir='ltr'><strong>quam</strong></span> 
     </span>
    </p>
   </div>
   <div class='ocr_carea' id='block_1_57' title="bbox 1932 2619 3513 2691">
    <p class='ocr_par' dir='ltr' id='par_1_57' title="bbox 1932 2619 3513 2691">
     <span class='ocr_line' id='line_1_57' title="bbox 1932 2619 3513 2691; baseline 0.004 -19"><span class='ocrx_word' id='word_1_373' title='bbox 1932 2619 2078 2676; x_wconf 84' lang='lat' dir='ltr'><strong>Deus</strong></span> <span class='ocrx_word' id='word_1_374' title='bbox 2110 2620 2227 2689; x_wconf 88' lang='lat' dir='ltr'><strong>ipse</strong></span> <span class='ocrx_word' id='word_1_375' title='bbox 2257 2628 2558 2691; x_wconf 88' lang='lat' dir='ltr'><strong>spectaret.</strong></span> <span class='ocrx_word' id='word_1_376' title='bbox 2584 2620 2643 2676; x_wconf 87' lang='lat' dir='ltr'><strong>In</strong></span> <span class='ocrx_word' id='word_1_377' title='bbox 2674 2622 2815 2679; x_wconf 85' lang='lat' dir='ltr'><strong>hanc</strong></span> <span class='ocrx_word' id='word_1_378' title='bbox 2836 2623 2928 2678; x_wconf 90' lang='lat' dir='ltr'><strong>ille</strong></span> <span class='ocrx_word' id='word_1_379' title='bbox 2949 2638 3077 2679; x_wconf 91' lang='lat' dir='ltr'><strong>cum</strong></span> <span class='ocrx_word' id='word_1_380' title='bbox 3107 2624 3513 2689; x_wconf 88' lang='lat' dir='ltr'><strong>descendisset,</strong></span> 
     </span>
    </p>
   </div>
   <div class='ocr_carea' id='block_1_58' title="bbox 1931 2710 3513 2785">
    <p class='ocr_par' dir='ltr' id='par_1_58' title="bbox 1931 2710 3513 2785">
     <span class='ocr_line' id='line_1_58' title="bbox 1931 2710 3513 2785; baseline 0.005 -21"><span class='ocrx_word' id='word_1_381' title='bbox 1931 2710 2082 2765; x_wconf 92' lang='lat' dir='ltr'><strong>dicto</strong></span> <span class='ocrx_word' id='word_1_382' title='bbox 2105 2712 2262 2768; x_wconf 92' lang='lat' dir='ltr'><strong>ocius</strong></span> <span class='ocrx_word' id='word_1_383' title='bbox 2295 2712 2581 2778; x_wconf 87' lang='lat' dir='ltr'><strong>remeavit,</strong></span> <span class='ocrx_word' id='word_1_384' title='bbox 2611 2729 2739 2770; x_wconf 91' lang='lat' dir='ltr'><strong>cum</strong></span> <span class='ocrx_word' id='word_1_385' title='bbox 2776 2713 2989 2785; x_wconf 87' lang='lat' dir='ltr'><strong>ejulalu</strong></span> <span class='ocrx_word' id='word_1_386' title='bbox 3021 2716 3313 2771; x_wconf 90' lang='lat' dir='ltr'><strong>clamans:</strong></span> <span class='ocrx_word' id='word_1_387' title='bbox 3345 2716 3513 2772; x_wconf 78' lang='lat' dir='ltr'><strong>Mise-</strong></span> 
     </span>
    </p>
   </div>
   <div class='ocr_carea' id='block_1_59' title="bbox 1931 2803 3513 2867">
    <p class='ocr_par' dir='ltr' id='par_1_59' title="bbox 1931 2803 3513 2867">
     <span class='ocr_line' id='line_1_59' title="bbox 1931 2803 3513 2867; baseline 0.005 -11"><span class='ocrx_word' id='word_1_388' title='bbox 1931 2803 2131 2857; x_wconf 89' lang='lat' dir='ltr'><strong>remini</strong></span> <span class='ocrx_word' id='word_1_389' title='bbox 2172 2805 2302 2867; x_wconf 91' lang='lat' dir='ltr'><strong>mei,</strong></span> <span class='ocrx_word' id='word_1_390' title='bbox 2339 2805 2681 2861; x_wconf 89' lang='lat' dir='ltr'><strong>miseremini</strong></span> <span class='ocrx_word' id='word_1_391' title='bbox 2728 2807 2831 2861; x_wconf 86' lang='lat' dir='ltr'><strong>mei</strong></span> <span class='ocrx_word' id='word_1_392' title='bbox 2859 2808 2873 2861; x_wconf 87' lang='lat' dir='ltr'><strong>l</strong></span> <span class='ocrx_word' id='word_1_393' title='bbox 2905 2806 2971 2861; x_wconf 90' lang='lat' dir='ltr'><strong>Et</strong></span> <span class='ocrx_word' id='word_1_394' title='bbox 3019 2822 3218 2865; x_wconf 87' lang='lat' dir='ltr'><strong>carnes</strong></span> <span class='ocrx_word' id='word_1_395' title='bbox 3248 2823 3382 2864; x_wconf 88' lang='lat' dir='ltr'><strong>suas</strong></span> <span class='ocrx_word' id='word_1_396' title='bbox 3410 2826 3513 2864; x_wconf 92' lang='lat' dir='ltr'><strong>un-</strong></span> 
     </span>
    </p>
   </div>
   <div class='ocr_carea' id='block_1_60' title="bbox 1930 2894 3512 2966">
    <p class='ocr_par' dir='ltr' id='par_1_60' title="bbox 1930 2894 3512 2966">
     <span class='ocr_line' id='line_1_60' title="bbox 1930 2894 3512 2966; baseline 0.008 -19"><span class='ocrx_word' id='word_1_397' title='bbox 1930 2894 2136 2965; x_wconf 88' lang='lat' dir='ltr'><strong>guibus</strong></span> <span class='ocrx_word' id='word_1_398' title='bbox 2187 2895 2471 2966; x_wconf 88' lang='lat' dir='ltr'><strong>scalpens,</strong></span> <span class='ocrx_word' id='word_1_399' title='bbox 2519 2897 2591 2952; x_wconf 89' lang='lat' dir='ltr'><strong>ab</strong></span> <span class='ocrx_word' id='word_1_400' title='bbox 2641 2898 2867 2954; x_wconf 89' lang='lat' dir='ltr'><strong>ossibus</strong></span> <span class='ocrx_word' id='word_1_401' title='bbox 2900 2899 3220 2957; x_wconf 85' lang='lat' dir='ltr'><strong>divellebat.</strong></span> <span class='ocrx_word' id='word_1_402' title='bbox 3254 2900 3412 2959; x_wconf 92' lang='lat' dir='ltr'><strong>Tune</strong></span> <span class='ocrx_word' id='word_1_403' title='bbox 3442 2905 3512 2959; x_wconf 86' lang='lat' dir='ltr'><strong>ad</strong></span> 
     </span>
    </p>
   </div>
   <div class='ocr_carea' id='block_1_61' title="bbox 1930 2984 3513 3059">
    <p class='ocr_par' dir='ltr' id='par_1_61' title="bbox 1930 2984 3513 3059">
     <span class='ocr_line' id='line_1_61' title="bbox 1930 2984 3513 3059; baseline 0.009 -22"><span class='ocrx_word' id='word_1_404' title='bbox 1930 2984 2111 3055; x_wconf 88' lang='lat' dir='ltr'><strong>ipsum</strong></span> <span class='ocrx_word' id='word_1_405' title='bbox 2143 3000 2336 3041; x_wconf 90' lang='lat' dir='ltr'><strong>omnes</strong></span> <span class='ocrx_word' id='word_1_406' title='bbox 2360 3001 2722 3053; x_wconf 87' lang='lat' dir='ltr'><strong>concurrere,</strong></span> <span class='ocrx_word' id='word_1_407' title='bbox 2758 2990 3161 3059; x_wconf 86' lang='lat' dir='ltr'><strong>apprehensum</strong></span> <span class='ocrx_word' id='word_1_408' title='bbox 3210 2992 3380 3050; x_wconf 88' lang='lat' dir='ltr'><strong>linteo</strong></span> <span class='ocrx_word' id='word_1_409' title='bbox 3430 2995 3513 3051; x_wconf 84' lang='lat' dir='ltr'><strong>in-</strong></span> 
     </span>
    </p>
   </div>
   <div class='ocr_carea' id='block_1_62' title="bbox 254 3076 1828 3160">
    <p class='ocr_par' dir='ltr' id='par_1_62' title="bbox 254 3086 1828 3160">
     <span class='ocr_line' id='line_1_62' title="bbox 254 3086 1828 3160; baseline -0.003 -17"><span class='ocrx_word' id='word_1_410' title='bbox 254 3089 590 3160; x_wconf 83' lang='grc' dir='ltr'>Ὲπηρώτων</span> <span class='ocrx_word' id='word_1_411' title='bbox 622 3088 702 3152; x_wconf 87' lang='grc' dir='ltr'><strong>δέ,</strong></span> <span class='ocrx_word' id='word_1_412' title='bbox 729 3088 784 3141; x_wconf 90' lang='grc' dir='ltr'><strong>τί</strong></span> <span class='ocrx_word' id='word_1_413' title='bbox 830 3087 897 3141; x_wconf 80' lang='grc' dir='ltr'>ἂν</span> <span class='ocrx_word' id='word_1_414' title='bbox 944 3087 1031 3159; x_wconf 78' lang='grc' dir='ltr'><strong>εἴη</strong></span> <span class='ocrx_word' id='word_1_415' title='bbox 1090 3086 1153 3140; x_wconf 85' lang='grc' dir='ltr'><strong>τὸ</strong></span> <span class='ocrx_word' id='word_1_416' title='bbox 1203 3086 1439 3160; x_wconf 83' lang='grc' dir='ltr'>συμϐὰν,</span> <span class='ocrx_word' id='word_1_417' title='bbox 1464 3086 1560 3140; x_wconf 88' lang='grc' dir='ltr'><strong>καί</strong></span> <span class='ocrx_word' id='word_1_418' title='bbox 1595 3102 1762 3158; x_wconf 83' lang='grc' dir='ltr'>φησιν</span> <span class='ocrx_word' id='word_1_419' title='bbox 1800 3086 1828 3139; x_wconf 91' lang='grc' dir='ltr'><strong>ό</strong></span> 
     </span>
    </p>
   </div>
   <div class='ocr_carea' id='block_1_63' title="bbox 1931 3076 3513 3160">
    <p class='ocr_par' dir='ltr' id='par_1_63' title="bbox 1933 3076 3513 3150">
     <span class='ocr_line' id='line_1_63' title="bbox 1933 3076 3513 3150; baseline 0.009 -21"><span class='ocrx_word' id='word_1_420' title='bbox 1933 3076 2175 3140; x_wconf 87' lang='lat' dir='ltr'><strong>volvere,</strong></span> <span class='ocrx_word' id='word_1_421' title='bbox 2201 3092 2267 3131; x_wconf 92' lang='lat' dir='ltr'><strong>ac</strong></span> <span class='ocrx_word' id='word_1_422' title='bbox 2298 3093 2412 3148; x_wconf 71' lang='lat' dir='ltr'><strong>pra:</strong></span> <span class='ocrx_word' id='word_1_423' title='bbox 2442 3079 2650 3150; x_wconf 81' lang='lat' dir='ltr'><strong>frigore</strong></span> <span class='ocrx_word' id='word_1_424' title='bbox 2679 3081 3028 3138; x_wconf 85' lang='lat' dir='ltr'><strong>deficientem</strong></span> <span class='ocrx_word' id='word_1_425' title='bbox 3059 3086 3357 3142; x_wconf 85' lang='lat' dir='ltr'><strong>reclinare.</strong></span> <span class='ocrx_word' id='word_1_426' title='bbox 3402 3086 3513 3143; x_wconf 74' lang='grc' dir='ltr'>[ιο-</span> 
     </span>
    </p>
   </div>
   <div class='ocr_carea' id='block_1_64' title="bbox 168 3174 1824 3251">
    <p class='ocr_par' dir='ltr' id='par_1_64' title="bbox 168 3174 1824 3251">
     <span class='ocr_line' id='line_1_64' title="bbox 168 3174 1824 3251; baseline -0.003 -16"><span class='ocrx_word' id='word_1_427' title='bbox 168 3174 171 3177; x_wconf 54' lang='grc'><em>’</em></span> <span class='ocrx_word' id='word_1_428' title='bbox 252 3181 587 3251; x_wconf 85' lang='grc' dir='ltr'>Ὀλύμπιος·</span> <span class='ocrx_word' id='word_1_429' title='bbox 625 3180 830 3251; x_wconf 78' lang='grc' dir='ltr'>’Δνδρα</span> <span class='ocrx_word' id='word_1_430' title='bbox 875 3179 1124 3234; x_wconf 79' lang='grc' dir='ltr'>κατεῖδον</span> <span class='ocrx_word' id='word_1_431' title='bbox 1176 3176 1668 3251; x_wconf 80' lang='grc' dir='ltr'>λευχειμονοῦντα,</span> <span class='ocrx_word' id='word_1_432' title='bbox 1700 3180 1824 3231; x_wconf 81' lang='grc' dir='ltr'>ἐπι-</span> 
     </span>
    </p>
   </div>
   <div class='ocr_carea' id='block_1_65' title="bbox 238 3268 1821 3344">
    <p class='ocr_par' dir='ltr' id='par_1_65' title="bbox 238 3268 1821 3344">
     <span class='ocr_line' id='line_1_65' title="bbox 238 3268 1821 3344; baseline -0.003 -18"><span class='ocrx_word' id='word_1_433' title='bbox 238 3272 413 3326; x_wconf 82' lang='grc' dir='ltr'>ϐάντα</span> <span class='ocrx_word' id='word_1_434' title='bbox 450 3289 541 3343; x_wconf 87' lang='grc' dir='ltr'><strong>μοι</strong></span> <span class='ocrx_word' id='word_1_435' title='bbox 572 3271 716 3325; x_wconf 85' lang='grc' dir='ltr'>κατὰ</span> <span class='ocrx_word' id='word_1_436' title='bbox 758 3271 857 3341; x_wconf 81' lang='grc' dir='ltr'>τῆς</span> <span class='ocrx_word' id='word_1_437' title='bbox 889 3270 1215 3344; x_wconf 88' lang='grc' dir='ltr'>νεροφόρου,</span> <span class='ocrx_word' id='word_1_438' title='bbox 1259 3272 1355 3325; x_wconf 75' lang='grc' dir='ltr'>καὶ</span> <span class='ocrx_word' id='word_1_439' title='bbox 1411 3273 1560 3343; x_wconf 83' lang='grc' dir='ltr'>τρεῖς</span> <span class='ocrx_word' id='word_1_440' title='bbox 1593 3268 1821 3333; x_wconf 70' lang='grc' dir='ltr'>σίκλαςά</span> 
     </span>
    </p>
   </div>
   <div class='ocr_carea' id='block_1_66' title="bbox 238 3360 1826 3434">
    <p class='ocr_par' dir='ltr' id='par_1_66' title="bbox 238 3360 1826 3434">
     <span class='ocr_line' id='line_1_66' title="bbox 238 3360 1826 3434; baseline -0.002 -18"><span class='ocrx_word' id='word_1_441' title='bbox 238 3362 450 3434; x_wconf 86' lang='grc' dir='ltr'>θερμοῦ</span> <span class='ocrx_word' id='word_1_442' title='bbox 503 3362 833 3434; x_wconf 81' lang='grc' dir='ltr'>περιχέαντά</span> <span class='ocrx_word' id='word_1_443' title='bbox 871 3379 983 3432; x_wconf 93' lang='grc' dir='ltr'>μοι,</span> <span class='ocrx_word' id='word_1_444' title='bbox 1013 3364 1107 3421; x_wconf 76' lang='grc' dir='ltr'>καὶ</span> <span class='ocrx_word' id='word_1_445' title='bbox 1160 3361 1392 3431; x_wconf 84' lang='grc' dir='ltr'>λέγοντά</span> <span class='ocrx_word' id='word_1_446' title='bbox 1426 3377 1550 3432; x_wconf 86' lang='grc' dir='ltr'>μοι·</span> <span class='ocrx_word' id='word_1_447' title='bbox 1574 3362 1666 3432; x_wconf 83' lang='grc' dir='ltr'><strong>Μὴ</strong></span> <span class='ocrx_word' id='word_1_448' title='bbox 1698 3360 1826 3415; x_wconf 86' lang='grc' dir='ltr'>δυσ-</span> 
     </span>
    </p>
   </div>
   <div class='ocr_carea' id='block_1_67' title="bbox 238 3451 1825 3524">
    <p class='ocr_par' dir='ltr' id='par_1_67' title="bbox 238 3451 1825 3524">
     <span class='ocr_line' id='line_1_67' title="bbox 238 3451 1825 3524; baseline -0.003 -18"><span class='ocrx_word' id='word_1_449' title='bbox 238 3452 433 3521; x_wconf 80' lang='grc' dir='ltr'>φήμει.</span> <span class='ocrx_word' id='word_1_450' title='bbox 467 3451 738 3514; x_wconf 88' lang='grc' dir='ltr'>Λαϐόντες</span> <span class='ocrx_word' id='word_1_451' title='bbox 769 3451 826 3505; x_wconf 78' lang='grc' dir='ltr'>δὲ</span> <span class='ocrx_word' id='word_1_452' title='bbox 865 3451 1029 3505; x_wconf 84' lang='grc' dir='ltr'>αύτὸν</span> <span class='ocrx_word' id='word_1_453' title='bbox 1059 3452 1262 3524; x_wconf 84' lang='grc' dir='ltr'>φορείῳ</span> <span class='ocrx_word' id='word_1_454' title='bbox 1288 3454 1338 3506; x_wconf 85' lang='grc' dir='ltr'>οἱ</span> <span class='ocrx_word' id='word_1_455' title='bbox 1364 3452 1512 3523; x_wconf 79' lang='grc' dir='ltr'>αὐτῷ</span> <span class='ocrx_word' id='word_1_456' title='bbox 1541 3452 1825 3523; x_wconf 83' lang='grc' dir='ltr'>διαφέρον-</span> 
     </span>
    </p>
   </div>
   <div class='ocr_carea' id='block_1_68' title="bbox 236 3540 1823 3613">
    <p class='ocr_par' dir='ltr' id='par_1_68' title="bbox 236 3540 1823 3613">
     <span class='ocr_line' id='line_1_68' title="bbox 236 3540 1823 3613; baseline 0.001 -20"><span class='ocrx_word' id='word_1_457' title='bbox 236 3556 373 3604; x_wconf 83' lang='grc' dir='ltr'>τες,</span> <span class='ocrx_word' id='word_1_458' title='bbox 407 3540 771 3611; x_wconf 79' lang='grc' dir='ltr'>μετεκόμισαν</span> <span class='ocrx_word' id='word_1_459' title='bbox 829 3542 887 3593; x_wconf 84' lang='grc' dir='ltr'><strong>ἐν</strong></span> <span class='ocrx_word' id='word_1_460' title='bbox 949 3541 1125 3613; x_wconf 84' lang='grc' dir='ltr'>ἐτέρῳ</span> <span class='ocrx_word' id='word_1_461' title='bbox 1180 3540 1391 3611; x_wconf 84' lang='grc' dir='ltr'>λουτρῷ</span> <span class='ocrx_word' id='word_1_462' title='bbox 1442 3542 1823 3612; x_wconf 78' lang='grc' dir='ltr'>προσκειμένῳ</span> 
     </span>
    </p>
   </div>
   <div class='ocr_carea' id='block_1_69' title="bbox 238 3632 1817 3704">
    <p class='ocr_par' dir='ltr' id='par_1_69' title="bbox 238 3632 1817 3704">
     <span class='ocr_line' id='line_1_69' title="bbox 238 3632 1817 3704; baseline 0.001 -19"><span class='ocrx_word' id='word_1_463' title='bbox 238 3634 313 3703; x_wconf 75' lang='grc' dir='ltr'><strong>τῇ</strong></span> <span class='ocrx_word' id='word_1_464' title='bbox 356 3634 466 3686; x_wconf 85' lang='grc' dir='ltr'>τῶν</span> <span class='ocrx_word' id='word_1_465' title='bbox 522 3632 818 3704; x_wconf 83' lang='grc' dir='ltr'>’Δρειανῶν</span> <span class='ocrx_word' id='word_1_466' title='bbox 855 3632 1142 3704; x_wconf 74' lang='grc' dir='ltr'>ἐκκλησίᾳ.</span> <span class='ocrx_word' id='word_1_467' title='bbox 1195 3633 1471 3687; x_wconf 84' lang='grc' dir='ltr'>Θελόντων</span> <span class='ocrx_word' id='word_1_468' title='bbox 1521 3633 1579 3686; x_wconf 84' lang='grc' dir='ltr'><strong>δέ</strong></span> <span class='ocrx_word' id='word_1_469' title='bbox 1633 3633 1817 3687; x_wconf 81' lang='grc' dir='ltr'>αὐτῶν</span> 
     </span>
    </p>
   </div>
   <div class='ocr_carea' id='block_1_70' title="bbox 238 3722 1820 3795">
    <p class='ocr_par' dir='ltr' id='par_1_70' title="bbox 238 3722 1820 3795">
     <span class='ocr_line' id='line_1_70' title="bbox 238 3722 1820 3795; baseline -0.002 -17"><span class='ocrx_word' id='word_1_470' title='bbox 238 3723 565 3789; x_wconf 80' lang='grc' dir='ltr'>ἀποτυλίξαι</span> <span class='ocrx_word' id='word_1_471' title='bbox 595 3723 694 3794; x_wconf 78' lang='grc' dir='ltr'>τὴν</span> <span class='ocrx_word' id='word_1_472' title='bbox 753 3723 972 3778; x_wconf 78' lang='grc' dir='ltr'>σινδόνα</span> <span class='ocrx_word' id='word_1_473' title='bbox 1010 3722 1107 3778; x_wconf 75' lang='grc' dir='ltr'><strong>ἀπ’</strong></span> <span class='ocrx_word' id='word_1_474' title='bbox 1140 3723 1307 3778; x_wconf 83' lang='grc' dir='ltr'>αὐτοῦ</span> <span class='ocrx_word' id='word_1_475' title='bbox 1328 3765 1345 3790; x_wconf 93' lang='grc'><strong>,</strong></span> <span class='ocrx_word' id='word_1_476' title='bbox 1376 3723 1769 3795; x_wconf 81' lang='grc' dir='ltr'>συνεξέπαιρον</span> <span class='ocrx_word' id='word_1_477' title='bbox 1793 3733 1820 3763; x_wconf 77' lang='grc' dir='ltr'><strong>ο</strong></span> 
     </span>
    </p>
   </div>
   <div class='ocr_carea' id='block_1_71' title="bbox 236 3815 1817 3888">
    <p class='ocr_par' dir='ltr' id='par_1_71' title="bbox 236 3815 1817 3888">
     <span class='ocr_line' id='line_1_71' title="bbox 236 3815 1817 3888; baseline -0.001 -17"><span class='ocrx_word' id='word_1_478' title='bbox 236 3817 425 3881; x_wconf 83' lang='grc' dir='ltr'>πάσας</span> <span class='ocrx_word' id='word_1_479' title='bbox 469 3819 568 3881; x_wconf 81' lang='grc' dir='ltr'><strong>τὰς</strong></span> <span class='ocrx_word' id='word_1_480' title='bbox 618 3816 829 3888; x_wconf 80' lang='grc' dir='ltr'>σάρκας</span> <span class='ocrx_word' id='word_1_481' title='bbox 876 3815 1042 3870; x_wconf 85' lang='grc' dir='ltr'>αὑτοῦ</span> <span class='ocrx_word' id='word_1_482' title='bbox 1073 3856 1089 3881; x_wconf 95' lang='grc'><strong>,</strong></span> <span class='ocrx_word' id='word_1_483' title='bbox 1125 3818 1222 3871; x_wconf 79' lang='grc' dir='ltr'>καὶ</span> <span class='ocrx_word' id='word_1_484' title='bbox 1272 3815 1448 3880; x_wconf 77' lang='grc' dir='ltr'>οὓτως</span> <span class='ocrx_word' id='word_1_485' title='bbox 1500 3815 1817 3887; x_wconf 80' lang='grc' dir='ltr'>νεκρωθεὶς,</span> 
     </span>
    </p>
   </div>
   <div class='ocr_carea' id='block_1_72' title="bbox 234 3907 1819 3980">
    <p class='ocr_par' dir='ltr' id='par_1_72' title="bbox 234 3907 1819 3980">
     <span class='ocr_line' id='line_1_72' title="bbox 234 3907 1819 3980; baseline -0.001 -15"><span class='ocrx_word' id='word_1_486' title='bbox 234 3911 489 3965; x_wconf 84' lang='grc' dir='ltr'>ἀπέδωκε</span> <span class='ocrx_word' id='word_1_487' title='bbox 508 3909 569 3962; x_wconf 86' lang='grc' dir='ltr'><strong>τὸ</strong></span> <span class='ocrx_word' id='word_1_488' title='bbox 596 3910 831 3980; x_wconf 88' lang='grc' dir='ltr'>πνεῦμα.</span> <span class='ocrx_word' id='word_1_489' title='bbox 864 3910 1108 3965; x_wconf 79' lang='grc' dir='ltr'>Γνωστὸν</span> <span class='ocrx_word' id='word_1_490' title='bbox 1136 3910 1194 3963; x_wconf 83' lang='grc' dir='ltr'><strong>δέ</strong></span> <span class='ocrx_word' id='word_1_491' title='bbox 1222 3911 1436 3978; x_wconf 82' lang='grc' dir='ltr'>ἐγένετο</span> <span class='ocrx_word' id='word_1_492' title='bbox 1458 3907 1617 3962; x_wconf 87' lang='grc' dir='ltr'>τοῦτο</span> <span class='ocrx_word' id='word_1_493' title='bbox 1632 3909 1819 3978; x_wconf 88' lang='grc' dir='ltr'>σχεδὸν</span> 
     </span>
    </p>
   </div>
   <div class='ocr_carea' id='block_1_73' title="bbox 235 4000 1818 4073">
    <p class='ocr_par' dir='ltr' id='par_1_73' title="bbox 235 4000 1818 4073">
     <span class='ocr_line' id='line_1_73' title="bbox 235 4000 1818 4073; baseline -0.001 -18"><span class='ocrx_word' id='word_1_494' title='bbox 235 4001 360 4055; x_wconf 80' lang='grc' dir='ltr'>καθ’</span> <span class='ocrx_word' id='word_1_495' title='bbox 386 4001 515 4071; x_wconf 80' lang='grc' dir='ltr'>ὅλης</span> <span class='ocrx_word' id='word_1_496' title='bbox 547 4001 648 4071; x_wconf 82' lang='grc' dir='ltr'>τῆς</span> <span class='ocrx_word' id='word_1_497' title='bbox 704 4001 997 4071; x_wconf 87' lang='grc' dir='ltr'>βασιλίδος.</span> <span class='ocrx_word' id='word_1_498' title='bbox 1036 4002 1337 4073; x_wconf 78' lang='grc' dir='ltr'>Ἐφήμιζον</span> <span class='ocrx_word' id='word_1_499' title='bbox 1384 4001 1441 4055; x_wconf 85' lang='grc' dir='ltr'><strong>δέ</strong></span> <span class='ocrx_word' id='word_1_500' title='bbox 1487 4017 1635 4064; x_wconf 89' lang='grc' dir='ltr'>τινες</span> <span class='ocrx_word' id='word_1_501' title='bbox 1686 4000 1818 4072; x_wconf 74' lang='grc' dir='ltr'>περὶ</span> 
     </span>
    </p>
   </div>
   <div class='ocr_carea' id='block_1_74' title="bbox 233 4091 1817 4164">
    <p class='ocr_par' dir='ltr' id='par_1_74' title="bbox 233 4091 1817 4164">
     <span class='ocr_line' id='line_1_74' title="bbox 233 4091 1817 4164; baseline -0.001 -18"><span class='ocrx_word' id='word_1_502' title='bbox 233 4092 333 4146; x_wconf 84' lang='grc' dir='ltr'><strong>τοῦ</strong></span> <span class='ocrx_word' id='word_1_503' title='bbox 364 4091 715 4156; x_wconf 83' lang='grc' dir='ltr'>πεπονθότος,</span> <span class='ocrx_word' id='word_1_504' title='bbox 746 4093 822 4156; x_wconf 83' lang='grc' dir='ltr'>ὡς</span> <span class='ocrx_word' id='word_1_505' title='bbox 853 4093 1065 4164; x_wconf 88' lang='grc' dir='ltr'>χρόνοις</span> <span class='ocrx_word' id='word_1_506' title='bbox 1092 4094 1255 4160; x_wconf 79' lang='grc' dir='ltr'>τισὶν,</span> <span class='ocrx_word' id='word_1_507' title='bbox 1282 4092 1390 4146; x_wconf 84' lang='grc' dir='ltr'>ἀπὸ</span> <span class='ocrx_word' id='word_1_508' title='bbox 1417 4094 1518 4162; x_wconf 86' lang='grc' dir='ltr'>τῆς</span> <span class='ocrx_word' id='word_1_509' title='bbox 1545 4093 1605 4145; x_wconf 86' lang='grc' dir='ltr'><strong>τὸ</strong></span> <span class='ocrx_word' id='word_1_510' title='bbox 1623 4092 1817 4163; x_wconf 87' lang='grc' dir='ltr'>όμοού-</span> 
     </span>
    </p>
   </div>
   <div class='ocr_carea' id='block_1_75' title="bbox 236 4183 1815 4255">
    <p class='ocr_par' dir='ltr' id='par_1_75' title="bbox 236 4183 1815 4255">
     <span class='ocr_line' id='line_1_75' title="bbox 236 4183 1815 4255; baseline -0.001 -18"><span class='ocrx_word' id='word_1_511' title='bbox 236 4201 354 4237; x_wconf 88' lang='grc' dir='ltr'>σιον</span> <span class='ocrx_word' id='word_1_512' title='bbox 398 4183 729 4253; x_wconf 79' lang='grc' dir='ltr'>δοξαζούσης</span> <span class='ocrx_word' id='word_1_513' title='bbox 797 4184 1094 4255; x_wconf 80' lang='grc' dir='ltr'>θρησκείας</span> <span class='ocrx_word' id='word_1_514' title='bbox 1146 4186 1227 4248; x_wconf 85' lang='grc' dir='ltr'><strong>είς</strong></span> <span class='ocrx_word' id='word_1_515' title='bbox 1271 4184 1371 4254; x_wconf 81' lang='grc' dir='ltr'>τὴν</span> <span class='ocrx_word' id='word_1_516' title='bbox 1424 4184 1634 4255; x_wconf 82' lang='grc' dir='ltr'>Ἀρείου</span> <span class='ocrx_word' id='word_1_517' title='bbox 1688 4200 1815 4253; x_wconf 87' lang='grc' dir='ltr'>μετ-</span> 
     </span>
    </p>
   </div>
   <div class='ocr_carea' id='block_1_76' title="bbox 234 4274 1814 4347">
    <p class='ocr_par' dir='ltr' id='par_1_76' title="bbox 234 4274 1814 4347">
     <span class='ocr_line' id='line_1_76' title="bbox 234 4274 1814 4347; baseline 0 -18"><span class='ocrx_word' id='word_1_518' title='bbox 234 4275 571 4329; x_wconf 85' lang='grc' dir='ltr'>εϐαπτίσατο</span> <span class='ocrx_word' id='word_1_519' title='bbox 602 4274 877 4345; x_wconf 88' lang='grc' dir='ltr'>λατρείαν.</span> <span class='ocrx_word' id='word_1_520' title='bbox 926 4276 1141 4347; x_wconf 84' lang='grc' dir='ltr'>Ἐπειδὴ</span> <span class='ocrx_word' id='word_1_521' title='bbox 1173 4276 1230 4329; x_wconf 81' lang='grc' dir='ltr'>δὲ</span> <span class='ocrx_word' id='word_1_522' title='bbox 1261 4278 1324 4329; x_wconf 88' lang='grc' dir='ltr'><strong>τὸ</strong></span> <span class='ocrx_word' id='word_1_523' title='bbox 1352 4275 1696 4347; x_wconf 86' lang='grc' dir='ltr'>συμϐεϐηκὸς</span> <span class='ocrx_word' id='word_1_524' title='bbox 1719 4276 1814 4329; x_wconf 78' lang='grc' dir='ltr'>καὶ</span> 
     </span>
    </p>
   </div>
   <div class='ocr_carea' id='block_1_77' title="bbox 233 4363 1806 4439">
    <p class='ocr_par' dir='ltr' id='par_1_77' title="bbox 233 4363 1806 4439">
     <span class='ocr_line' id='line_1_77' title="bbox 233 4363 1806 4439; baseline -0.001 -17"><span class='ocrx_word' id='word_1_525' title='bbox 233 4370 427 4430; x_wconf 84' lang='grc' dir='ltr'>ἀκοαῖς</span> <span class='ocrx_word' id='word_1_526' title='bbox 482 4366 747 4437; x_wconf 84' lang='grc' dir='ltr'>βασιλέων</span> <span class='ocrx_word' id='word_1_527' title='bbox 786 4366 1157 4436; x_wconf 86' lang='grc' dir='ltr'>ἐπλησίασεν·</span> <span class='ocrx_word' id='word_1_528' title='bbox 1202 4368 1553 4430; x_wconf 82' lang='grc' dir='ltr'>Ἀναστάσιος</span> <span class='ocrx_word' id='word_1_529' title='bbox 1596 4368 1656 4421; x_wconf 83' lang='grc' dir='ltr'>δὲ</span> <span class='ocrx_word' id='word_1_530' title='bbox 1699 4363 1806 4439; x_wconf 78' lang='grc' dir='ltr'><strong>ἦν’</strong></span> 
     </span>
    </p>
   </div>
   <div class='ocr_carea' id='block_1_78' title="bbox 1934 3169 3513 3249">
    <p class='ocr_par' dir='ltr' id='par_1_78' title="bbox 1934 3169 3513 3249">
     <span class='ocr_line' id='line_1_78' title="bbox 1934 3169 3513 3249; baseline 0.008 -28"><span class='ocrx_word' id='word_1_531' title='bbox 1934 3169 2192 3238; x_wconf 88' lang='lat' dir='ltr'><strong>gantibus</strong></span> <span class='ocrx_word' id='word_1_532' title='bbox 2221 3179 2406 3226; x_wconf 92' lang='lat' dir='ltr'><strong>autem</strong></span> <span class='ocrx_word' id='word_1_533' title='bbox 2437 3172 2703 3242; x_wconf 87' lang='lat' dir='ltr'><strong>quidnam</strong></span> <span class='ocrx_word' id='word_1_534' title='bbox 2734 3175 2785 3229; x_wconf 88' lang='lat' dir='ltr'><strong>ei</strong></span> <span class='ocrx_word' id='word_1_535' title='bbox 2820 3176 3172 3246; x_wconf 86' lang='lat' dir='ltr'><strong>contigisset,</strong></span> <span class='ocrx_word' id='word_1_536' title='bbox 3214 3180 3513 3249; x_wconf 89' lang='lat' dir='ltr'><strong>respondet</strong></span> 
     </span>
    </p>
   </div>
   <div class='ocr_carea' id='block_1_79' title="bbox 1933 3256 3514 3330">
    <p class='ocr_par' dir='ltr' id='par_1_79' title="bbox 1933 3256 3514 3330">
     <span class='ocr_line' id='line_1_79' title="bbox 1933 3256 3514 3330; baseline 0.008 -19"><span class='ocrx_word' id='word_1_537' title='bbox 1933 3256 2262 3330; x_wconf 88' lang='lat' dir='ltr'><strong>Olympius:</strong></span> <span class='ocrx_word' id='word_1_538' title='bbox 2300 3259 2594 3317; x_wconf 83' lang='lat' dir='ltr'><strong>Hominem</strong></span> <span class='ocrx_word' id='word_1_539' title='bbox 2647 3264 2904 3321; x_wconf 88' lang='lat' dir='ltr'><strong>candidis</strong></span> <span class='ocrx_word' id='word_1_540' title='bbox 2954 3266 3213 3322; x_wconf 87' lang='lat' dir='ltr'><strong>indutum</strong></span> <span class='ocrx_word' id='word_1_541' title='bbox 3265 3269 3514 3323; x_wconf 86' lang='lat' dir='ltr'><strong>vestibus</strong></span> 
     </span>
    </p>
   </div>
   <div class='ocr_carea' id='block_1_80' title="bbox 1930 3351 3512 3432">
    <p class='ocr_par' dir='ltr' id='par_1_80' title="bbox 1930 3351 3512 3432">
     <span class='ocr_line' id='line_1_80' title="bbox 1930 3351 3512 3432; baseline 0.008 -28"><span class='ocrx_word' id='word_1_542' title='bbox 1930 3351 2068 3417; x_wconf 87' lang='lat' dir='ltr'><strong>vidi,</strong></span> <span class='ocrx_word' id='word_1_543' title='bbox 2103 3355 2197 3423; x_wconf 89' lang='lat' dir='ltr'><strong>qui</strong></span> <span class='ocrx_word' id='word_1_544' title='bbox 2224 3353 2388 3424; x_wconf 82' lang='lat' dir='ltr'><strong>juxta</strong></span> <span class='ocrx_word' id='word_1_545' title='bbox 2438 3354 2656 3410; x_wconf 89' lang='lat' dir='ltr'><strong>labrum</strong></span> <span class='ocrx_word' id='word_1_546' title='bbox 2701 3356 2969 3413; x_wconf 87' lang='lat' dir='ltr'><strong>incedens</strong></span> <span class='ocrx_word' id='word_1_547' title='bbox 2993 3399 3008 3424; x_wconf 87' lang='lat'><strong>,</strong></span> <span class='ocrx_word' id='word_1_548' title='bbox 3044 3367 3155 3414; x_wconf 84' lang='lat' dir='ltr'><strong>tres</strong></span> <span class='ocrx_word' id='word_1_549' title='bbox 3186 3360 3323 3415; x_wconf 89' lang='lat' dir='ltr'><strong>mihi</strong></span> <span class='ocrx_word' id='word_1_550' title='bbox 3355 3377 3512 3432; x_wconf 63' lang='lat' dir='ltr'><strong>aqum</strong></span> 
     </span>
    </p>
   </div>
   <div class='ocr_carea' id='block_1_81' title="bbox 1931 3443 3507 3521">
    <p class='ocr_par' dir='ltr' id='par_1_81' title="bbox 1931 3443 3507 3521">
     <span class='ocr_line' id='line_1_81' title="bbox 1931 3443 3507 3521; baseline 0.008 -25"><span class='ocrx_word' id='word_1_551' title='bbox 1931 3443 2123 3500; x_wconf 72' lang='lat' dir='ltr'><strong>calida:</strong></span> <span class='ocrx_word' id='word_1_552' title='bbox 2145 3446 2347 3502; x_wconf 88' lang='lat' dir='ltr'><strong>situlas</strong></span> <span class='ocrx_word' id='word_1_553' title='bbox 2373 3445 2576 3501; x_wconf 82' lang='lat' dir='ltr'><strong>infudit</strong></span> <span class='ocrx_word' id='word_1_554' title='bbox 2606 3446 2803 3505; x_wconf 91' lang='lat' dir='ltr'><strong>dicens</strong></span> <span class='ocrx_word' id='word_1_555' title='bbox 2833 3467 2849 3505; x_wconf 90' lang='lat'><strong>:</strong></span> <span class='ocrx_word' id='word_1_556' title='bbox 2880 3447 2961 3505; x_wconf 88' lang='lat' dir='ltr'><strong>Ne</strong></span> <span class='ocrx_word' id='word_1_557' title='bbox 2985 3450 3345 3521; x_wconf 88' lang='lat' dir='ltr'><strong>blasphemus</strong></span> <span class='ocrx_word' id='word_1_558' title='bbox 3366 3462 3507 3509; x_wconf 85' lang='lat' dir='ltr'><strong>esto.</strong></span> 
     </span>
    </p>
   </div>
   <div class='ocr_carea' id='block_1_82' title="bbox 1931 3535 3510 3610">
    <p class='ocr_par' dir='ltr' id='par_1_82' title="bbox 1931 3535 3510 3610">
     <span class='ocr_line' id='line_1_82' title="bbox 1931 3535 3510 3610; baseline 0.006 -20"><span class='ocrx_word' id='word_1_559' title='bbox 1931 3535 2073 3591; x_wconf 87' lang='lat' dir='ltr'><strong>Tum</strong></span> <span class='ocrx_word' id='word_1_560' title='bbox 2106 3540 2203 3607; x_wconf 90' lang='lat' dir='ltr'><strong>qui</strong></span> <span class='ocrx_word' id='word_1_561' title='bbox 2235 3538 2310 3593; x_wconf 90' lang='lat' dir='ltr'><strong>illi</strong></span> <span class='ocrx_word' id='word_1_562' title='bbox 2339 3539 2746 3596; x_wconf 87' lang='lat' dir='ltr'><strong>necessitudine</strong></span> <span class='ocrx_word' id='word_1_563' title='bbox 2770 3540 3054 3610; x_wconf 87' lang='lat' dir='ltr'><strong>conjuncti</strong></span> <span class='ocrx_word' id='word_1_564' title='bbox 3088 3553 3273 3609; x_wconf 89' lang='lat' dir='ltr'><strong>erant,</strong></span> <span class='ocrx_word' id='word_1_565' title='bbox 3299 3543 3510 3600; x_wconf 87' lang='lat' dir='ltr'><strong>ferculo</strong></span> 
     </span>
    </p>
   </div>
   <div class='ocr_carea' id='block_1_83' title="bbox 1928 3630 3507 3696">
    <p class='ocr_par' dir='ltr' id='par_1_83' title="bbox 1928 3630 3507 3696">
     <span class='ocr_line' id='line_1_83' title="bbox 1928 3630 3507 3696; baseline 0.005 -13"><span class='ocrx_word' id='word_1_566' title='bbox 1928 3643 2053 3683; x_wconf 86' lang='lat' dir='ltr'><strong>eum</strong></span> <span class='ocrx_word' id='word_1_567' title='bbox 2087 3631 2368 3696; x_wconf 87' lang='lat' dir='ltr'><strong>tollentes,</strong></span> <span class='ocrx_word' id='word_1_568' title='bbox 2390 3632 2444 3684; x_wconf 92' lang='lat' dir='ltr'><strong>in</strong></span> <span class='ocrx_word' id='word_1_569' title='bbox 2477 3630 2631 3685; x_wconf 89' lang='lat' dir='ltr'><strong>aliud</strong></span> <span class='ocrx_word' id='word_1_570' title='bbox 2672 3631 2928 3687; x_wconf 86' lang='lat' dir='ltr'><strong>balneum</strong></span> <span class='ocrx_word' id='word_1_571' title='bbox 2962 3633 3297 3689; x_wconf 78' lang='lat' dir='ltr'><strong>Arianorum</strong></span> <span class='ocrx_word' id='word_1_572' title='bbox 3329 3637 3507 3691; x_wconf 85' lang='lat' dir='ltr'><strong>eccle-</strong></span> 
     </span>
    </p>
   </div>
   <div class='ocr_carea' id='block_1_84' title="bbox 1929 3718 3504 3782">
    <p class='ocr_par' dir='ltr' id='par_1_84' title="bbox 1929 3718 3504 3782">
     <span class='ocr_line' id='line_1_84' title="bbox 1929 3718 3504 3782; baseline 0.005 -10"><span class='ocrx_word' id='word_1_573' title='bbox 1929 3719 2027 3773; x_wconf 75' lang='lat' dir='ltr'><strong>sia:</strong></span> <span class='ocrx_word' id='word_1_574' title='bbox 2055 3718 2302 3773; x_wconf 85' lang='lat' dir='ltr'><strong>vicinum</strong></span> <span class='ocrx_word' id='word_1_575' title='bbox 2331 3718 2700 3774; x_wconf 84' lang='lat' dir='ltr'><strong>transferunt.</strong></span> <span class='ocrx_word' id='word_1_576' title='bbox 2729 3719 2837 3775; x_wconf 90' lang='lat' dir='ltr'><strong>Sed</strong></span> <span class='ocrx_word' id='word_1_577' title='bbox 2864 3735 2990 3775; x_wconf 90' lang='lat' dir='ltr'><strong>cum</strong></span> <span class='ocrx_word' id='word_1_578' title='bbox 3031 3722 3265 3778; x_wconf 90' lang='lat' dir='ltr'><strong>linteum</strong></span> <span class='ocrx_word' id='word_1_579' title='bbox 3298 3726 3504 3782; x_wconf 82' lang='lat' dir='ltr'><strong>vellent</strong></span> 
     </span>
    </p>
   </div>
   <div class='ocr_carea' id='block_1_85' title="bbox 1926 3807 3502 3883">
    <p class='ocr_par' dir='ltr' id='par_1_85' title="bbox 1926 3807 3502 3883">
     <span class='ocr_line' id='line_1_85' title="bbox 1926 3807 3502 3883; baseline 0.005 -19"><span class='ocrx_word' id='word_1_580' title='bbox 1926 3807 2229 3879; x_wconf 82' lang='lat' dir='ltr'><strong>explicare,</strong></span> <span class='ocrx_word' id='word_1_581' title='bbox 2265 3823 2459 3864; x_wconf 90' lang='lat' dir='ltr'><strong>omnes</strong></span> <span class='ocrx_word' id='word_1_582' title='bbox 2480 3808 2600 3878; x_wconf 89' lang='lat' dir='ltr'><strong>ejus</strong></span> <span class='ocrx_word' id='word_1_583' title='bbox 2620 3824 2819 3865; x_wconf 89' lang='lat' dir='ltr'><strong>carnes</strong></span> <span class='ocrx_word' id='word_1_584' title='bbox 2842 3810 3177 3877; x_wconf 88' lang='lat' dir='ltr'><strong>lacerarunt,</strong></span> <span class='ocrx_word' id='word_1_585' title='bbox 3206 3822 3374 3883; x_wconf 90' lang='lat' dir='ltr'><strong>atque</strong></span> <span class='ocrx_word' id='word_1_586' title='bbox 3399 3816 3502 3871; x_wconf 92' lang='lat' dir='ltr'><strong>hoc</strong></span> 
     </span>
    </p>
   </div>
   <div class='ocr_carea' id='block_1_86' title="bbox 1925 3900 3500 3976">
    <p class='ocr_par' dir='ltr' id='par_1_86' title="bbox 1925 3900 3500 3976">
     <span class='ocr_line' id='line_1_86' title="bbox 1925 3900 3500 3976; baseline 0.004 -22"><span class='ocrx_word' id='word_1_587' title='bbox 1925 3902 2092 3955; x_wconf 89' lang='lat' dir='ltr'><strong>modo</strong></span> <span class='ocrx_word' id='word_1_588' title='bbox 2150 3908 2440 3962; x_wconf 88' lang='lat' dir='ltr'><strong>enecatus,</strong></span> <span class='ocrx_word' id='word_1_589' title='bbox 2500 3900 2753 3966; x_wconf 85' lang='lat' dir='ltr'><strong>spiritum</strong></span> <span class='ocrx_word' id='word_1_590' title='bbox 2804 3902 3065 3957; x_wconf 90' lang='lat' dir='ltr'><strong>reddidit.</strong></span> <span class='ocrx_word' id='word_1_591' title='bbox 3120 3904 3226 3972; x_wconf 87' lang='lat' dir='ltr'><strong>Qui</strong></span> <span class='ocrx_word' id='word_1_592' title='bbox 3279 3907 3500 3976; x_wconf 87' lang='lat' dir='ltr'><strong>quidem</strong></span> 
     </span>
    </p>
   </div>
   <div class='ocr_carea' id='block_1_87' title="bbox 1923 3993 3501 4071">
    <p class='ocr_par' dir='ltr' id='par_1_87' title="bbox 1923 3993 3501 4071">
     <span class='ocr_line' id='line_1_87' title="bbox 1923 3993 3501 4071; baseline 0.006 -23"><span class='ocrx_word' id='word_1_593' title='bbox 1923 4004 2155 4048; x_wconf 90' lang='lat' dir='ltr'><strong>eventus</strong></span> <span class='ocrx_word' id='word_1_594' title='bbox 2186 4009 2283 4063; x_wconf 67' lang='lat' dir='ltr'><strong>per</strong></span> <span class='ocrx_word' id='word_1_595' title='bbox 2331 3996 2655 4050; x_wconf 84' lang='lat' dir='ltr'><strong>universum</strong></span> <span class='ocrx_word' id='word_1_596' title='bbox 2690 3993 2804 4051; x_wconf 84' lang='lat' dir='ltr'><strong>fere</strong></span> <span class='ocrx_word' id='word_1_597' title='bbox 2840 3996 3131 4066; x_wconf 85' lang='lat' dir='ltr'><strong>imperium</strong></span> <span class='ocrx_word' id='word_1_598' title='bbox 3180 4000 3501 4071; x_wconf 83' lang='lat' dir='ltr'><strong>divulgatus</strong></span> 
     </span>
    </p>
   </div>
   <div class='ocr_carea' id='block_1_88' title="bbox 1923 4084 3500 4162">
    <p class='ocr_par' dir='ltr' id='par_1_88' title="bbox 1923 4084 3500 4162">
     <span class='ocr_line' id='line_1_88' title="bbox 1923 4084 3500 4162; baseline 0.004 -20"><span class='ocrx_word' id='word_1_599' title='bbox 1923 4096 2028 4142; x_wconf 87' lang='lat' dir='ltr'><strong>est.</strong></span> <span class='ocrx_word' id='word_1_600' title='bbox 2063 4084 2337 4147; x_wconf 84' lang='lat' dir='ltr'><strong>Nonnulli</strong></span> <span class='ocrx_word' id='word_1_601' title='bbox 2358 4084 2607 4141; x_wconf 87' lang='lat' dir='ltr'><strong>ferebant</strong></span> <span class='ocrx_word' id='word_1_602' title='bbox 2636 4084 2972 4159; x_wconf 81' lang='lat' dir='ltr'><strong>Olympium,</strong></span> <span class='ocrx_word' id='word_1_603' title='bbox 3007 4091 3101 4160; x_wconf 91' lang='lat' dir='ltr'><strong>qui</strong></span> <span class='ocrx_word' id='word_1_604' title='bbox 3139 4092 3268 4147; x_wconf 90' lang='lat' dir='ltr'><strong>talia</strong></span> <span class='ocrx_word' id='word_1_605' title='bbox 3299 4108 3500 4162; x_wconf 89' lang='lat' dir='ltr'><strong>passus</strong></span> 
     </span>
    </p>
   </div>
   <div class='ocr_carea' id='block_1_89' title="bbox 1921 4178 3497 4253">
    <p class='ocr_par' dir='ltr' id='par_1_89' title="bbox 1921 4178 3497 4253">
     <span class='ocr_line' id='line_1_89' title="bbox 1921 4178 3497 4253; baseline 0.004 -19"><span class='ocrx_word' id='word_1_606' title='bbox 1921 4187 2027 4242; x_wconf 89' lang='lat' dir='ltr'><strong>est,</strong></span> <span class='ocrx_word' id='word_1_607' title='bbox 2067 4179 2259 4248; x_wconf 88' lang='lat' dir='ltr'><strong>aliquo</strong></span> <span class='ocrx_word' id='word_1_608' title='bbox 2288 4193 2356 4232; x_wconf 83' lang='lat' dir='ltr'><strong>ex</strong></span> <span class='ocrx_word' id='word_1_609' title='bbox 2383 4186 2633 4248; x_wconf 89' lang='lat' dir='ltr'><strong>tempore</strong></span> <span class='ocrx_word' id='word_1_610' title='bbox 2665 4178 2736 4234; x_wconf 88' lang='lat' dir='ltr'><strong>ab</strong></span> <span class='ocrx_word' id='word_1_611' title='bbox 2775 4194 2840 4236; x_wconf 84' lang='lat' dir='ltr'><strong>ea</strong></span> <span class='ocrx_word' id='word_1_612' title='bbox 2884 4181 3172 4252; x_wconf 80' lang='lat' dir='ltr'><strong>religione,</strong></span> <span class='ocrx_word' id='word_1_613' title='bbox 3205 4200 3328 4253; x_wconf 82' lang='lat' dir='ltr'><strong>quae</strong></span> <span class='ocrx_word' id='word_1_614' title='bbox 3360 4200 3497 4240; x_wconf 88' lang='lat' dir='ltr'><strong>eon-</strong></span> 
     </span>
    </p>
   </div>
   <div class='ocr_carea' id='block_1_90' title="bbox 1921 4265 3497 4333">
    <p class='ocr_par' dir='ltr' id='par_1_90' title="bbox 1921 4265 3497 4333">
     <span class='ocr_line' id='line_1_90' title="bbox 1921 4265 3497 4333; baseline 0.002 -10"><span class='ocrx_word' id='word_1_615' title='bbox 1921 4268 2341 4323; x_wconf 84' lang='lat' dir='ltr'><strong>substantialem</strong></span> <span class='ocrx_word' id='word_1_616' title='bbox 2372 4265 2692 4323; x_wconf 88' lang='lat' dir='ltr'><strong>Trinitatem</strong></span> <span class='ocrx_word' id='word_1_617' title='bbox 2718 4269 2982 4333; x_wconf 88' lang='lat' dir='ltr'><strong>celebrat,</strong></span> <span class='ocrx_word' id='word_1_618' title='bbox 3010 4269 3076 4323; x_wconf 84' lang='lat' dir='ltr'><strong>ad</strong></span> <span class='ocrx_word' id='word_1_619' title='bbox 3105 4271 3363 4325; x_wconf 79' lang='lat' dir='ltr'><strong>Arianain</strong></span> <span class='ocrx_word' id='word_1_620' title='bbox 3389 4274 3497 4328; x_wconf 70' lang='lat' dir='ltr'><strong>bae-</strong></span> 
     </span>
    </p>
   </div>
   <div class='ocr_carea' id='block_1_91' title="bbox 1920 4360 3493 4435">
    <p class='ocr_par' dir='ltr' id='par_1_91' title="bbox 1920 4360 3493 4435">
     <span class='ocr_line' id='line_1_91' title="bbox 1920 4360 3493 4435; baseline 0.003 -21"><span class='ocrx_word' id='word_1_621' title='bbox 1920 4360 2082 4415; x_wconf 87' lang='lat' dir='ltr'><strong>resim</strong></span> <span class='ocrx_word' id='word_1_622' title='bbox 2141 4361 2387 4416; x_wconf 89' lang='lat' dir='ltr'><strong>secundo</strong></span> <span class='ocrx_word' id='word_1_623' title='bbox 2446 4360 2783 4431; x_wconf 87' lang='lat' dir='ltr'><strong>baptismate</strong></span> <span class='ocrx_word' id='word_1_624' title='bbox 2817 4362 3129 4417; x_wconf 88' lang='lat' dir='ltr'><strong>transiisse.</strong></span> <span class='ocrx_word' id='word_1_625' title='bbox 3182 4363 3344 4435; x_wconf 82' lang='lat'><strong>377</strong></span> <span class='ocrx_word' id='word_1_626' title='bbox 3390 4365 3493 4423; x_wconf 93' lang='lat' dir='ltr'><strong>Ubi</strong></span> 
     </span>
    </p>
   </div>
   <div class='ocr_carea' id='block_1_92' title="bbox 235 4443 1828 4528">
    <p class='ocr_par' dir='ltr' id='par_1_92' title="bbox 235 4456 1812 4528">
     <span class='ocr_line' id='line_1_92' title="bbox 235 4456 1812 4528; baseline -0.001 -16"><span class='ocrx_word' id='word_1_627' title='bbox 235 4458 539 4527; x_wconf 73' lang='grc' dir='ltr'>ἐπέτρεψεν</span> <span class='ocrx_word' id='word_1_628' title='bbox 557 4456 729 4510; x_wconf 84' lang='grc' dir='ltr'>εἰκόνι</span> <span class='ocrx_word' id='word_1_629' title='bbox 761 4457 1141 4527; x_wconf 83' lang='grc' dir='ltr'>χρωματισθέν</span> <span class='ocrx_word' id='word_1_630' title='bbox 1167 4456 1229 4509; x_wconf 88' lang='grc' dir='ltr'><strong>τὸ</strong></span> <span class='ocrx_word' id='word_1_631' title='bbox 1268 4457 1572 4527; x_wconf 89' lang='grc' dir='ltr'>τεράστιον,</span> <span class='ocrx_word' id='word_1_632' title='bbox 1608 4457 1812 4528; x_wconf 77' lang='grc' dir='ltr'>ὕπερθε</span> 
     </span>
    </p>
   </div>
   <div class='ocr_carea' id='block_1_93' title="bbox 1931 4443 3493 4528">
    <p class='ocr_par' dir='ltr' id='par_1_93' title="bbox 1931 4453 3493 4525">
     <span class='ocr_line' id='line_1_93' title="bbox 1931 4453 3493 4525; baseline 0.003 -18"><span class='ocrx_word' id='word_1_633' title='bbox 1931 4467 2050 4507; x_wconf 71' lang='lat' dir='ltr'><strong>vero</strong></span> <span class='ocrx_word' id='word_1_634' title='bbox 2094 4468 2183 4507; x_wconf 91' lang='lat' dir='ltr'><strong>res</strong></span> <span class='ocrx_word' id='word_1_635' title='bbox 2236 4453 2341 4507; x_wconf 91' lang='lat' dir='ltr'><strong>ista</strong></span> <span class='ocrx_word' id='word_1_636' title='bbox 2394 4453 2459 4508; x_wconf 88' lang='lat' dir='ltr'><strong>ad</strong></span> <span class='ocrx_word' id='word_1_637' title='bbox 2504 4454 2857 4523; x_wconf 77' lang='lat' dir='ltr'><strong>imperatoris</strong></span> <span class='ocrx_word' id='word_1_638' title='bbox 2920 4469 3082 4508; x_wconf 89' lang='lat' dir='ltr'><strong>aures</strong></span> <span class='ocrx_word' id='word_1_639' title='bbox 3126 4458 3375 4523; x_wconf 89' lang='lat' dir='ltr'><strong>pervenit</strong></span> <span class='ocrx_word' id='word_1_640' title='bbox 3421 4458 3493 4525; x_wconf 80' lang='lat' dir='ltr'><strong>(is</strong></span> 
     </span>
    </p>
   </div>
   <div class='ocr_carea' id='block_1_94' title="bbox 231 4550 1815 4622">
    <p class='ocr_par' dir='ltr' id='par_1_94' title="bbox 231 4550 1815 4622">
     <span class='ocr_line' id='line_1_94' title="bbox 231 4550 1815 4622; baseline 0 -19"><span class='ocrx_word' id='word_1_641' title='bbox 231 4550 336 4621; x_wconf 84' lang='grc' dir='ltr'><strong>τῆς</strong></span> <span class='ocrx_word' id='word_1_642' title='bbox 350 4551 648 4622; x_wconf 85' lang='grc' dir='ltr'>νεροφόρου</span> <span class='ocrx_word' id='word_1_643' title='bbox 685 4550 1096 4620; x_wconf 82' lang='grc' dir='ltr'>καταπαγῆναι.</span> <span class='ocrx_word' id='word_1_644' title='bbox 1140 4551 1392 4621; x_wconf 86' lang='grc' dir='ltr'>Ἰωάννης</span> <span class='ocrx_word' id='word_1_645' title='bbox 1423 4550 1482 4604; x_wconf 85' lang='grc' dir='ltr'><strong>δέ</strong></span> <span class='ocrx_word' id='word_1_646' title='bbox 1510 4568 1593 4614; x_wconf 89' lang='grc' dir='ltr'><strong>τις</strong></span> <span class='ocrx_word' id='word_1_647' title='bbox 1630 4550 1815 4606; x_wconf 79' lang='grc' dir='ltr'>διάκο-</span> 
     </span>
    </p>
   </div>
   <div class='ocr_carea' id='block_1_95' title="bbox 232 4640 1817 4712">
    <p class='ocr_par' dir='ltr' id='par_1_95' title="bbox 232 4640 1817 4712">
     <span class='ocr_line' id='line_1_95' title="bbox 232 4640 1817 4712; baseline 0.003 -19"><span class='ocrx_word' id='word_1_648' title='bbox 232 4658 347 4706; x_wconf 90' lang='grc' dir='ltr'>νος,</span> <span class='ocrx_word' id='word_1_649' title='bbox 369 4643 464 4693; x_wconf 76' lang='grc' dir='ltr'>καὶ</span> <span class='ocrx_word' id='word_1_650' title='bbox 495 4641 709 4706; x_wconf 77' lang='grc' dir='ltr'>ἔκδικος</span> <span class='ocrx_word' id='word_1_651' title='bbox 759 4641 860 4711; x_wconf 85' lang='grc' dir='ltr'>τῆς</span> <span class='ocrx_word' id='word_1_652' title='bbox 905 4640 1001 4694; x_wconf 89' lang='grc' dir='ltr'><strong>τοῦ</strong></span> <span class='ocrx_word' id='word_1_653' title='bbox 1044 4641 1436 4711; x_wconf 79' lang='grc' dir='ltr'>προλεχθέντος</span> <span class='ocrx_word' id='word_1_654' title='bbox 1479 4642 1709 4712; x_wconf 85' lang='grc' dir='ltr'>εύαγοῦς</span> <span class='ocrx_word' id='word_1_655' title='bbox 1739 4644 1817 4697; x_wconf 68' lang='lat' dir='ltr'><strong>of-</strong></span> 
     </span>
    </p>
   </div>
   <div class='ocr_carea' id='block_1_96' title="bbox 230 4734 1820 4807">
    <p class='ocr_par' dir='ltr' id='par_1_96' title="bbox 230 4734 1820 4807">
     <span class='ocr_line' id='line_1_96' title="bbox 230 4734 1820 4807; baseline 0.001 -20"><span class='ocrx_word' id='word_1_656' title='bbox 230 4749 332 4787; x_wconf 88' lang='grc' dir='ltr'><strong>κου</strong></span> <span class='ocrx_word' id='word_1_657' title='bbox 378 4735 652 4802; x_wconf 85' lang='grc' dir='ltr'>Στεφάνου</span> <span class='ocrx_word' id='word_1_658' title='bbox 692 4735 789 4788; x_wconf 90' lang='grc' dir='ltr'><strong>τοῦ</strong></span> <span class='ocrx_word' id='word_1_659' title='bbox 819 4734 928 4787; x_wconf 85' lang='grc' dir='ltr'><strong>τῶν</strong></span> <span class='ocrx_word' id='word_1_660' title='bbox 964 4734 1259 4806; x_wconf 88' lang='grc' dir='ltr'>μαρτύρων</span> <span class='ocrx_word' id='word_1_661' title='bbox 1298 4735 1516 4806; x_wconf 82' lang='grc' dir='ltr'>πρώτου</span> <span class='ocrx_word' id='word_1_662' title='bbox 1539 4776 1554 4800; x_wconf 90' lang='grc'><strong>,</strong></span> <span class='ocrx_word' id='word_1_663' title='bbox 1590 4737 1731 4807; x_wconf 75' lang='grc' dir='ltr'>ἀνὴρ</span> <span class='ocrx_word' id='word_1_664' title='bbox 1765 4737 1820 4789; x_wconf 81' lang='grc' dir='ltr'>εἴ</span> 
     </span>
    </p>
   </div>
   <div class='ocr_carea' id='block_1_97' title="bbox 227 4822 1813 4897">
    <p class='ocr_par' dir='ltr' id='par_1_97' title="bbox 227 4822 1813 4897">
     <span class='ocr_line' id='line_1_97' title="bbox 227 4822 1813 4897; baseline 0.003 -21"><span class='ocrx_word' id='word_1_665' title='bbox 227 4839 316 4885; x_wconf 90' lang='grc' dir='ltr'><strong>τις</strong></span> <span class='ocrx_word' id='word_1_666' title='bbox 348 4822 506 4886; x_wconf 80' lang='grc' dir='ltr'>ἄλλος</span> <span class='ocrx_word' id='word_1_667' title='bbox 557 4823 721 4895; x_wconf 76' lang='grc' dir='ltr'>ζῆλον</span> <span class='ocrx_word' id='word_1_668' title='bbox 761 4824 904 4896; x_wconf 82' lang='grc' dir='ltr'>ὑπὲρ</span> <span class='ocrx_word' id='word_1_669' title='bbox 933 4823 1027 4876; x_wconf 87' lang='grc' dir='ltr'><strong>τοῦ</strong></span> <span class='ocrx_word' id='word_1_670' title='bbox 1074 4826 1360 4895; x_wconf 87' lang='grc' dir='ltr'>όμοουσίου</span> <span class='ocrx_word' id='word_1_671' title='bbox 1383 4826 1653 4897; x_wconf 83' lang='grc' dir='ltr'>δόγματος</span> <span class='ocrx_word' id='word_1_672' title='bbox 1681 4828 1813 4881; x_wconf 71' lang='grc' dir='ltr'>ἑκά-υ</span> 
     </span>
    </p>
   </div>
   <div class='ocr_carea' id='block_1_98' title="bbox 229 4912 1808 4988">
    <p class='ocr_par' dir='ltr' id='par_1_98' title="bbox 229 4912 1808 4988">
     <span class='ocr_line' id='line_1_98' title="bbox 229 4912 1808 4988; baseline 0.003 -24"><span class='ocrx_word' id='word_1_673' title='bbox 229 4927 388 4964; x_wconf 85' lang='grc' dir='ltr'>στοτε</span> <span class='ocrx_word' id='word_1_674' title='bbox 418 4912 853 4982; x_wconf 81' lang='grc' dir='ltr'>ἐνδεικνύμενος,</span> <span class='ocrx_word' id='word_1_675' title='bbox 886 4914 981 4967; x_wconf 80' lang='grc' dir='ltr'>καὶ</span> <span class='ocrx_word' id='word_1_676' title='bbox 1016 4915 1177 4977; x_wconf 76' lang='grc' dir='ltr'>αὐτὸς</span> <span class='ocrx_word' id='word_1_677' title='bbox 1223 4915 1393 4967; x_wconf 77' lang='grc' dir='ltr'>εἰκόνι</span> <span class='ocrx_word' id='word_1_678' title='bbox 1438 4917 1808 4988; x_wconf 81' lang='grc' dir='ltr'>κατέγραψεν,</span> 
     </span>
    </p>
   </div>
   <div class='ocr_carea' id='block_1_99' title="bbox 226 5002 1812 5077">
    <p class='ocr_par' dir='ltr' id='par_1_99' title="bbox 226 5002 1812 5077">
     <span class='ocr_line' id='line_1_99' title="bbox 226 5002 1812 5077; baseline 0.003 -21"><span class='ocrx_word' id='word_1_679' title='bbox 226 5002 346 5056; x_wconf 82' lang='grc' dir='ltr'>ἀλλ’</span> <span class='ocrx_word' id='word_1_680' title='bbox 368 5006 466 5073; x_wconf 82' lang='grc' dir='ltr'>οὐχ</span> <span class='ocrx_word' id='word_1_681' title='bbox 499 5005 713 5067; x_wconf 80' lang='grc' dir='ltr'>ἁπλῶς·</span> <span class='ocrx_word' id='word_1_682' title='bbox 741 5005 847 5059; x_wconf 86' lang='grc' dir='ltr'><strong>τῶν</strong></span> <span class='ocrx_word' id='word_1_683' title='bbox 876 5008 985 5075; x_wconf 76' lang='grc' dir='ltr'>γὰρ</span> <span class='ocrx_word' id='word_1_684' title='bbox 1012 5007 1190 5059; x_wconf 85' lang='grc' dir='ltr'>ἐκεῖσε</span> <span class='ocrx_word' id='word_1_685' title='bbox 1222 5007 1530 5077; x_wconf 85' lang='grc' dir='ltr'>λουομένων</span> <span class='ocrx_word' id='word_1_686' title='bbox 1557 5010 1652 5061; x_wconf 77' lang='grc' dir='ltr'>καὶ</span> <span class='ocrx_word' id='word_1_687' title='bbox 1682 5009 1812 5061; x_wconf 88' lang='grc' dir='ltr'>θεα-</span> 
     </span>
    </p>
   </div>
   <div class='ocr_carea' id='block_1_100' title="bbox 226 5096 1811 5169">
    <p class='ocr_par' dir='ltr' id='par_1_100' title="bbox 226 5096 1811 5169">
     <span class='ocr_line' id='line_1_100' title="bbox 226 5096 1811 5169; baseline 0.003 -22"><span class='ocrx_word' id='word_1_688' title='bbox 226 5096 484 5164; x_wconf 77' lang='grc' dir='ltr'>σαμένων</span> <span class='ocrx_word' id='word_1_689' title='bbox 517 5097 757 5167; x_wconf 85' lang='grc' dir='ltr'>ὀνόματα</span> <span class='ocrx_word' id='word_1_690' title='bbox 800 5097 1139 5168; x_wconf 80' lang='grc' dir='ltr'>κατέγραψε,</span> <span class='ocrx_word' id='word_1_691' title='bbox 1168 5098 1264 5151; x_wconf 72' lang='grc' dir='ltr'>καὶ</span> <span class='ocrx_word' id='word_1_692' title='bbox 1294 5097 1422 5151; x_wconf 73' lang='grc' dir='ltr'>ἔνθα</span> <span class='ocrx_word' id='word_1_693' title='bbox 1456 5099 1540 5169; x_wconf 83' lang='grc' dir='ltr'><strong>είη</strong></span> <span class='ocrx_word' id='word_1_694' title='bbox 1581 5098 1811 5162; x_wconf 74' lang='grc' dir='ltr'>ἕκαστος</span> 
     </span>
    </p>
   </div>
   <div class='ocr_carea' id='block_1_101' title="bbox 223 5184 1808 5259">
    <p class='ocr_par' dir='ltr' id='par_1_101' title="bbox 223 5184 1808 5259">
     <span class='ocr_line' id='line_1_101' title="bbox 223 5184 1808 5259; baseline 0.001 -20"><span class='ocrx_word' id='word_1_695' title='bbox 223 5184 416 5249; x_wconf 72' lang='grc' dir='ltr'>οἰκῶν,</span> <span class='ocrx_word' id='word_1_696' title='bbox 451 5186 533 5239; x_wconf 80' lang='grc' dir='ltr'><strong>ἐτι</strong></span> <span class='ocrx_word' id='word_1_697' title='bbox 580 5204 640 5240; x_wconf 91' lang='grc' dir='ltr'><strong>τε</strong></span> <span class='ocrx_word' id='word_1_698' title='bbox 693 5187 788 5240; x_wconf 75' lang='grc' dir='ltr'>καὶ</span> <span class='ocrx_word' id='word_1_699' title='bbox 834 5187 943 5240; x_wconf 84' lang='grc' dir='ltr'>τῶν</span> <span class='ocrx_word' id='word_1_700' title='bbox 992 5188 1105 5250; x_wconf 79' lang='grc' dir='ltr'>τοῖς</span> <span class='ocrx_word' id='word_1_701' title='bbox 1138 5186 1323 5241; x_wconf 79' lang='grc' dir='ltr'>ὕδασιν</span> <span class='ocrx_word' id='word_1_702' title='bbox 1367 5187 1808 5259; x_wconf 81' lang='grc' dir='ltr'>ὑπηρετούντων.</span> 
     </span>
    </p>
   </div>
   <div class='ocr_carea' id='block_1_102' title="bbox 1913 4544 3487 4616">
    <p class='ocr_par' dir='ltr' id='par_1_102' title="bbox 1913 4544 3487 4616">
     <span class='ocr_line' id='line_1_102' title="bbox 1913 4544 3487 4616; baseline 0.003 -18"><span class='ocrx_word' id='word_1_703' title='bbox 1913 4560 2084 4615; x_wconf 88' lang='lat' dir='ltr'><strong>porro</strong></span> <span class='ocrx_word' id='word_1_704' title='bbox 2114 4544 2444 4601; x_wconf 83' lang='lat' dir='ltr'><strong>Anastasius</strong></span> <span class='ocrx_word' id='word_1_705' title='bbox 2472 4546 2633 4615; x_wconf 88' lang='lat' dir='ltr'><strong>erat),</strong></span> <span class='ocrx_word' id='word_1_706' title='bbox 2662 4546 2833 4616; x_wconf 91' lang='lat' dir='ltr'><strong>jussit</strong></span> <span class='ocrx_word' id='word_1_707' title='bbox 2862 4546 3262 4600; x_wconf 87' lang='lat' dir='ltr'><strong>utmiraculum</strong></span> <span class='ocrx_word' id='word_1_708' title='bbox 3293 4549 3487 4603; x_wconf 87' lang='lat' dir='ltr'><strong>colori-</strong></span> 
     </span>
    </p>
   </div>
   <div class='ocr_carea' id='block_1_103' title="bbox 1918 4637 3490 4710">
    <p class='ocr_par' dir='ltr' id='par_1_103' title="bbox 1918 4637 3490 4710">
     <span class='ocr_line' id='line_1_103' title="bbox 1918 4637 3490 4710; baseline 0.002 -18"><span class='ocrx_word' id='word_1_709' title='bbox 1918 4639 2023 4693; x_wconf 91' lang='lat' dir='ltr'><strong>bus</strong></span> <span class='ocrx_word' id='word_1_710' title='bbox 2073 4639 2129 4691; x_wconf 90' lang='lat' dir='ltr'><strong>in</strong></span> <span class='ocrx_word' id='word_1_711' title='bbox 2165 4637 2354 4691; x_wconf 87' lang='lat' dir='ltr'><strong>tabula</strong></span> <span class='ocrx_word' id='word_1_712' title='bbox 2403 4638 2681 4708; x_wconf 90' lang='lat' dir='ltr'><strong>depictum</strong></span> <span class='ocrx_word' id='word_1_713' title='bbox 2722 4638 2780 4693; x_wconf 90' lang='lat' dir='ltr'><strong>in</strong></span> <span class='ocrx_word' id='word_1_714' title='bbox 2832 4639 3103 4708; x_wconf 88' lang='lat' dir='ltr'><strong>superiori</strong></span> <span class='ocrx_word' id='word_1_715' title='bbox 3158 4638 3299 4693; x_wconf 87' lang='lat' dir='ltr'><strong>labri</strong></span> <span class='ocrx_word' id='word_1_716' title='bbox 3337 4653 3490 4710; x_wconf 85' lang='lat' dir='ltr'><strong>parte</strong></span> 
     </span>
    </p>
   </div>
   <div class='ocr_carea' id='block_1_104' title="bbox 1915 4727 3490 4800">
    <p class='ocr_par' dir='ltr' id='par_1_104' title="bbox 1915 4727 3490 4800">
     <span class='ocr_line' id='line_1_104' title="bbox 1915 4727 3490 4800; baseline 0.002 -17"><span class='ocrx_word' id='word_1_717' title='bbox 1915 4728 2249 4800; x_wconf 64' lang='lat' dir='ltr'><strong>adigeretur.</strong></span> <span class='ocrx_word' id='word_1_718' title='bbox 2293 4727 2471 4783; x_wconf 89' lang='lat' dir='ltr'><strong>Porro</strong></span> <span class='ocrx_word' id='word_1_719' title='bbox 2520 4728 2761 4785; x_wconf 82' lang='lat' dir='ltr'><strong>Joannes</strong></span> <span class='ocrx_word' id='word_1_720' title='bbox 2809 4731 3037 4800; x_wconf 88' lang='lat' dir='ltr'><strong>quidam</strong></span> <span class='ocrx_word' id='word_1_721' title='bbox 3083 4730 3377 4794; x_wconf 89' lang='lat' dir='ltr'><strong>diaconus.</strong></span> <span class='ocrx_word' id='word_1_722' title='bbox 3434 4744 3490 4788; x_wconf 89' lang='lat' dir='ltr'><strong>et</strong></span> 
     </span>
    </p>
   </div>
   <div class='ocr_carea' id='block_1_105' title="bbox 1912 4819 3485 4891">
    <p class='ocr_par' dir='ltr' id='par_1_105' title="bbox 1912 4819 3485 4891">
     <span class='ocr_line' id='line_1_105' title="bbox 1912 4819 3485 4891; baseline 0.004 -16"><span class='ocrx_word' id='word_1_723' title='bbox 1912 4830 2118 4876; x_wconf 66' lang='lat' dir='ltr'><strong>sancta:</strong></span> <span class='ocrx_word' id='word_1_724' title='bbox 2163 4819 2313 4873; x_wconf 87' lang='lat' dir='ltr'><strong>illius</strong></span> <span class='ocrx_word' id='word_1_725' title='bbox 2355 4820 2621 4881; x_wconf 84' lang='lat' dir='ltr'><strong>ecclesiae,</strong></span> <span class='ocrx_word' id='word_1_726' title='bbox 2669 4820 2835 4890; x_wconf 88' lang='lat' dir='ltr'><strong>cujus</strong></span> <span class='ocrx_word' id='word_1_727' title='bbox 2893 4836 3060 4891; x_wconf 87' lang='lat' dir='ltr'><strong>supra</strong></span> <span class='ocrx_word' id='word_1_728' title='bbox 3110 4822 3485 4881; x_wconf 88' lang='lat' dir='ltr'><strong>meminimus.</strong></span> 
     </span>
    </p>
   </div>
   <div class='ocr_carea' id='block_1_106' title="bbox 1911 4910 3483 4983">
    <p class='ocr_par' dir='ltr' id='par_1_106' title="bbox 1911 4910 3483 4983">
     <span class='ocr_line' id='line_1_106' title="bbox 1911 4910 3483 4983; baseline 0.002 -16"><span class='ocrx_word' id='word_1_729' title='bbox 1911 4911 2177 4982; x_wconf 89' lang='lat' dir='ltr'><strong>Stephani</strong></span> <span class='ocrx_word' id='word_1_730' title='bbox 2215 4911 2380 4982; x_wconf 91' lang='lat' dir='ltr'><strong>primi</strong></span> <span class='ocrx_word' id='word_1_731' title='bbox 2411 4910 2671 4983; x_wconf 78' lang='lat' dir='ltr'><strong>Martyris</strong></span> <span class='ocrx_word' id='word_1_732' title='bbox 2702 4915 2926 4969; x_wconf 88' lang='lat' dir='ltr'><strong>nomine</strong></span> <span class='ocrx_word' id='word_1_733' title='bbox 2966 4913 3166 4970; x_wconf 71' lang='lat' dir='ltr'><strong>dicata:</strong></span> <span class='ocrx_word' id='word_1_734' title='bbox 3198 4914 3483 4978; x_wconf 85' lang='lat' dir='ltr'><strong>defensor.</strong></span> 
     </span>
    </p>
   </div>
   <div class='ocr_carea' id='block_1_107' title="bbox 1909 5002 3485 5076">
    <p class='ocr_par' dir='ltr' id='par_1_107' title="bbox 1909 5002 3485 5076">
     <span class='ocr_line' id='line_1_107' title="bbox 1909 5002 3485 5076; baseline 0.001 -16"><span class='ocrx_word' id='word_1_735' title='bbox 1909 5005 2014 5069; x_wconf 88' lang='lat' dir='ltr'><strong>vir,</strong></span> <span class='ocrx_word' id='word_1_736' title='bbox 2042 5003 2086 5058; x_wconf 89' lang='lat' dir='ltr'><strong>si</strong></span> <span class='ocrx_word' id='word_1_737' title='bbox 2118 5002 2244 5074; x_wconf 89' lang='lat' dir='ltr'><strong>quis</strong></span> <span class='ocrx_word' id='word_1_738' title='bbox 2267 5002 2427 5068; x_wconf 90' lang='lat' dir='ltr'><strong>alius,</strong></span> <span class='ocrx_word' id='word_1_739' title='bbox 2464 5004 2642 5059; x_wconf 88' lang='lat' dir='ltr'><strong>zelum</strong></span> <span class='ocrx_word' id='word_1_740' title='bbox 2680 5019 2781 5074; x_wconf 91' lang='lat' dir='ltr'><strong>pro</strong></span> <span class='ocrx_word' id='word_1_741' title='bbox 2812 5004 3068 5076; x_wconf 89' lang='lat' dir='ltr'><strong>dogmate</strong></span> <span class='ocrx_word' id='word_1_742' title='bbox 3114 5007 3485 5061; x_wconf 90' lang='lat' dir='ltr'><strong>consubstan-</strong></span> 
     </span>
    </p>
   </div>
   <div class='ocr_carea' id='block_1_108' title="bbox 1909 5094 3488 5168">
    <p class='ocr_par' dir='ltr' id='par_1_108' title="bbox 1909 5094 3488 5168">
     <span class='ocr_line' id='line_1_108' title="bbox 1909 5094 3488 5168; baseline 0.002 -18"><span class='ocrx_word' id='word_1_743' title='bbox 1909 5096 2061 5152; x_wconf 88' lang='lat' dir='ltr'><strong>tialis</strong></span> <span class='ocrx_word' id='word_1_744' title='bbox 2101 5094 2306 5151; x_wconf 91' lang='lat' dir='ltr'><strong>tuendo</strong></span> <span class='ocrx_word' id='word_1_745' title='bbox 2338 5110 2608 5166; x_wconf 87' lang='lat' dir='ltr'><strong>nusquam</strong></span> <span class='ocrx_word' id='word_1_746' title='bbox 2644 5110 2756 5150; x_wconf 91' lang='lat' dir='ltr'><strong>non</strong></span> <span class='ocrx_word' id='word_1_747' title='bbox 2801 5111 3092 5161; x_wconf 83' lang='lat' dir='ltr'><strong>exserens,</strong></span> <span class='ocrx_word' id='word_1_748' title='bbox 3124 5098 3242 5167; x_wconf 91' lang='lat' dir='ltr'><strong>ipse</strong></span> <span class='ocrx_word' id='word_1_749' title='bbox 3268 5113 3488 5168; x_wconf 89' lang='lat' dir='ltr'><strong>quoque</strong></span> 
     </span>
    </p>
   </div>
   <div class='ocr_carea' id='block_1_109' title="bbox 1908 5185 3484 5260">
    <p class='ocr_par' dir='ltr' id='par_1_109' title="bbox 1908 5185 3484 5260">
     <span class='ocr_line' id='line_1_109' title="bbox 1908 5185 3484 5260; baseline -0.001 -18"><span class='ocrx_word' id='word_1_750' title='bbox 1908 5203 2019 5243; x_wconf 90' lang='lat' dir='ltr'><strong>non</strong></span> <span class='ocrx_word' id='word_1_751' title='bbox 2051 5185 2385 5260; x_wconf 86' lang='lat' dir='ltr'><strong>pingendam</strong></span> <span class='ocrx_word' id='word_1_752' title='bbox 2416 5187 2604 5251; x_wconf 88' lang='lat' dir='ltr'><strong>modo,</strong></span> <span class='ocrx_word' id='word_1_753' title='bbox 2632 5187 2729 5243; x_wconf 86' lang='lat' dir='ltr'><strong>sed</strong></span> <span class='ocrx_word' id='word_1_754' title='bbox 2758 5194 2812 5244; x_wconf 90' lang='lat' dir='ltr'><strong>et</strong></span> <span class='ocrx_word' id='word_1_755' title='bbox 2840 5202 3033 5242; x_wconf 90' lang='lat' dir='ltr'><strong>eorum</strong></span> <span class='ocrx_word' id='word_1_756' title='bbox 3061 5189 3155 5259; x_wconf 90' lang='lat' dir='ltr'><strong>qui</strong></span> <span class='ocrx_word' id='word_1_757' title='bbox 3188 5189 3300 5243; x_wconf 91' lang='lat' dir='ltr'><strong>illic</strong></span> <span class='ocrx_word' id='word_1_758' title='bbox 3334 5189 3484 5242; x_wconf 83' lang='lat' dir='ltr'><strong>lava-</strong></span> 
     </span>
    </p>
   </div>
   <div class='ocr_carea' id='block_1_110' title="bbox 1519 5405 2198 5467">
    <p class='ocr_par' dir='ltr' id='par_1_110' title="bbox 1519 5405 2198 5467">
     <span class='ocr_line' id='line_1_110' title="bbox 1519 5405 2198 5467; baseline 0.004 -3"><span class='ocrx_word' id='word_1_759' title='bbox 1519 5405 1756 5465; x_wconf 74' lang='lat' dir='ltr'><strong>VARUE</strong></span> <span class='ocrx_word' id='word_1_760' title='bbox 1789 5405 2198 5467; x_wconf 83' lang='lat' dir='ltr'><strong>LECTIONES.</strong></span> 
     </span>
    </p>
   </div>
   <div class='ocr_carea' id='block_1_111' title="bbox 301 5562 2781 5643">
    <p class='ocr_par' dir='ltr' id='par_1_111' title="bbox 301 5562 2781 5643">
     <span class='ocr_line' id='line_1_111' title="bbox 301 5562 2781 5643; baseline -0.004 -19"><span class='ocrx_word' id='word_1_761' title='bbox 301 5579 327 5610; x_wconf 68' lang='grc' dir='ltr'><strong>θ</strong></span> <span class='ocrx_word' id='word_1_762' title='bbox 361 5569 550 5626; x_wconf 88' lang='lat' dir='ltr'><strong>Billius</strong></span> <span class='ocrx_word' id='word_1_763' title='bbox 575 5568 831 5643; x_wconf 65' lang='lat' dir='ltr'><strong>emendat</strong></span> <span class='ocrx_word' id='word_1_764' title='bbox 884 5566 1121 5643; x_wconf 77' lang='grc' dir='ltr'>καλέσας</span> <span class='ocrx_word' id='word_1_765' title='bbox 1145 5566 1235 5621; x_wconf 85' lang='grc' dir='ltr'><strong>τὸν</strong></span> <span class='ocrx_word' id='word_1_766' title='bbox 1264 5564 1557 5643; x_wconf 43' lang='grc' dir='ltr'>βαδιστήν..</span> <span class='ocrx_word' id='word_1_767' title='bbox 1582 5562 1832 5643; x_wconf 60' lang='lat' dir='ltr'><strong>Yalesius</strong></span> <span class='ocrx_word' id='word_1_768' title='bbox 1864 5580 1995 5643; x_wconf 76' lang='lat' dir='ltr'><strong>vero</strong></span> <span class='ocrx_word' id='word_1_769' title='bbox 2035 5567 2126 5643; x_wconf 49' lang='grc' dir='ltr'>τῷ</span> <span class='ocrx_word' id='word_1_770' title='bbox 2165 5563 2425 5643; x_wconf 70' lang='grc' dir='ltr'>βαδιοτην</span> <span class='ocrx_word' id='word_1_771' title='bbox 2454 5562 2781 5643; x_wconf 51' lang='grc' dir='ltr'>παραχορεύ]</span> 
     </span>
    </p>
   </div>
   <div class='ocr_carea' id='block_1_112' title="bbox 218 5633 2953 5707">
    <p class='ocr_par' dir='ltr' id='par_1_112' title="bbox 218 5633 2953 5707">
     <span class='ocr_line' id='line_1_112' title="bbox 218 5633 2953 5707; baseline -0.003 -12"><span class='ocrx_word' id='word_1_772' title='bbox 218 5640 450 5696; x_wconf 80' lang='lat' dir='ltr'><strong>latorem</strong></span> <span class='ocrx_word' id='word_1_773' title='bbox 482 5639 761 5695; x_wconf 77' lang='lat' dir='ltr'><strong>subsultim</strong></span> <span class='ocrx_word' id='word_1_774' title='bbox 790 5636 1053 5693; x_wconf 77' lang='lat' dir='ltr'><strong>incedens.</strong></span> <span class='ocrx_word' id='word_1_775' title='bbox 1086 5641 1217 5703; x_wconf 64' lang='lat' dir='ltr'><strong>Quae</strong></span> <span class='ocrx_word' id='word_1_776' title='bbox 1266 5633 1727 5695; x_wconf 32' lang='lat' dir='ltr'><strong>verior—videtur</strong></span> <span class='ocrx_word' id='word_1_777' title='bbox 1778 5637 1958 5693; x_wconf 83' lang='lat' dir='ltr'><strong>lectio.</strong></span> <span class='ocrx_word' id='word_1_778' title='bbox 2033 5633 2213 5707; x_wconf 64' lang='grc' dir='ltr'>διες.</span> <span class='ocrx_word' id='word_1_779' title='bbox 2253 5633 2458 5698; x_wconf 84' lang='grc' dir='ltr'>σίτλας.</span> <span class='ocrx_word' id='word_1_780' title='bbox 2500 5633 2695 5689; x_wconf 81' lang='lat' dir='ltr'><strong>Latine</strong></span> <span class='ocrx_word' id='word_1_781' title='bbox 2736 5634 2953 5689; x_wconf 77' lang='lat' dir='ltr'><strong>situ/as.</strong></span> 
     </span>
    </p>
   </div>
   <div class='ocr_carea' id='block_1_113' title="bbox 213 5713 450 5782">
    <p class='ocr_par' dir='ltr' id='par_1_113' title="bbox 213 5713 450 5782">
     <span class='ocr_line' id='line_1_113' title="bbox 213 5713 450 5782; baseline 0.008 -18"><span class='ocrx_word' id='word_1_782' title='bbox 213 5713 328 5782; x_wconf 78' lang='grc' dir='ltr'>επῇ</span> <span class='ocrx_word' id='word_1_783' title='bbox 339 5728 450 5782; x_wconf 87' lang='grc' dir='ltr'>ρον.</span> 
     </span>
    </p>
   </div>
   <div class='ocr_carea' id='block_1_114' title="bbox 2200 5562 3480 5699">
    <p class='ocr_par' dir='ltr' id='par_1_114' title="bbox 2200 5562 3480 5699">
     <span class='ocr_line' id='line_1_114' title="bbox 2200 5562 3480 5687; baseline -0.001 -69"><span class='ocrx_word' id='word_1_784' title='bbox 2200 5563 2425 5635; x_wconf 71' lang='grc' dir='ltr'>αδιοτην</span> <span class='ocrx_word' id='word_1_785' title='bbox 2454 5562 2873 5635; x_wconf 80' lang='grc' dir='ltr'>παραχορεύων,</span> <span class='ocrx_word' id='word_1_786' title='bbox 2886 5563 3049 5631; x_wconf 65' lang='lat' dir='ltr'><strong>juxta</strong></span> <span class='ocrx_word' id='word_1_787' title='bbox 3074 5580 3259 5687; x_wconf 61' lang='grc' dir='ltr'>εὲίιιηηι</span> <span class='ocrx_word' id='word_1_788' title='bbox 3292 5565 3480 5622; x_wconf 80' lang='lat' dir='ltr'><strong>ambu-</strong></span> 
     </span>
     <span class='ocr_line' id='line_1_115' title="bbox 2202 5633 3480 5699; baseline -0.001 -11"><span class='ocrx_word' id='word_1_789' title='bbox 2202 5675 2213 5688; x_wconf 93' lang='lat'><strong>.</strong></span> <span class='ocrx_word' id='word_1_790' title='bbox 2253 5636 2458 5698; x_wconf 87' lang='grc' dir='ltr'>σίτλας.</span> <span class='ocrx_word' id='word_1_791' title='bbox 2500 5633 2695 5689; x_wconf 84' lang='lat' dir='ltr'><strong>Latine</strong></span> <span class='ocrx_word' id='word_1_792' title='bbox 2736 5634 2953 5689; x_wconf 77' lang='lat' dir='ltr'><strong>situ/as.</strong></span> <span class='ocrx_word' id='word_1_793' title='bbox 3031 5647 3053 5674; x_wconf 79' lang='grc' dir='ltr'><strong>ο</strong></span> <span class='ocrx_word' id='word_1_794' title='bbox 3137 5646 3254 5691; x_wconf 87' lang='lat' dir='ltr'><strong>orte</strong></span> <span class='ocrx_word' id='word_1_795' title='bbox 3293 5634 3480 5699; x_wconf 61' lang='lat' dir='ltr'><strong>auvsﬁ‘</strong></span> 
     </span>
    </p>
   </div>
   <div class='ocr_carea' id='block_1_115' title="bbox 3031 5646 3480 5691">
    <p class='ocr_par' dir='ltr' id='par_1_115' title="bbox 3031 5646 3480 5691">
     <span class='ocr_line' id='line_1_116' title="bbox 3031 5646 3480 5691; baseline 0.009 -4"><span class='ocrx_word' id='word_1_796' title='bbox 3031 5647 3053 5674; x_wconf 78' lang='grc' dir='ltr'><strong>ο</strong></span> <span class='ocrx_word' id='word_1_797' title='bbox 3094 5646 3254 5691; x_wconf 78' lang='lat' dir='ltr'><strong>r‘orte</strong></span> <span class='ocrx_word' id='word_1_798' title='bbox 3293 5646 3480 5691; x_wconf 55' lang='grc' dir='ltr'>συνείς</span> 
     </span>
    </p>
   </div>
  </div>
