3936 6174
435 205 563 270 1391
1041 205 1048 212 ⁷
1599 219 1660 277 S.
1701 217 1940 278 JOANN
1951 219 2022 278 IS
2063 219 2493 282 DAMASCENI
3567 224 3715 292 1392

435 326 638 380 bantur
671 326 916 391 nomina,
948 335 1002 383 et
1030 328 1118 382 ubi
1157 328 1404 399 ipsorum
1446 327 1683 398 quisque
1710 330 2003 394 habitaret,

2133 333 2394 406 rlatpttipe:
2425 334 2483 388 δὲ
2530 337 2563 406 ἡ
2613 322 2778 390 είκὼν
2818 337 2944 408 ἄχρι
2971 335 3066 390 τοῦ
3097 336 3367 408 παρόντος
3422 342 3720 410 πεπηγυῖα

433 417 817 472 ascribendum
848 420 1060 474 curavit
1090 438 1103 485 ;
1132 421 1361 492 insuper
1391 431 1446 478 et
1479 422 1698 476 illorum
1723 423 1816 492 qui
1840 436 2013 492 aquas

2133 441 2168 476 :v
2207 425 2284 496 τῷ
2317 426 2532 498 ἐμϐόλῳ
2555 427 2650 482 τοῦ
2683 429 3031 500 τετραστόου,
3055 429 3148 482 τοῦ
3178 430 3443 493 πολλάκις
3471 431 3726 502 εἰρημε-

431 513 850 580 ministrabant,
884 515 1113 571 nomina
1147 518 1410 587 subjecit.
1443 515 1610 587 Atqui
1637 517 1753 571 hazc
1791 517 2012 587 quidem

2133 535 2206 570 μου
2243 519 2556 588 εὑκτηρίου.
2599 518 2818 589 Ἐπειδὴ
2865 521 2924 575 δὲ
2967 519 3045 590 τῷ
3098 520 3342 590 θαύματι
3372 520 3574 592 θαῦμα
3624 523 3730 574 ἑπ-

433 604 616 676 imago
654 605 722 658 ad
754 605 859 660 hoc
889 623 1064 678 usque
1092 615 1310 680 tempus
1344 608 1425 664 rei
1469 617 1637 678 gestae
1663 607 1822 663 (idem
1857 607 2013 672 facit,

2133 610 2483 682 ῑκολούθησεν
2507 654 2521 678 ,
2565 612 2662 683 οὐχ
2711 614 2858 666 ὅσιον
2907 615 3154 685 παριδεῖν
3179 653 3193 677 ,
3219 618 3318 686 τῆς
3365 615 3547 686 αὐτῆς
3581 615 3730 668 ὐπο-

431 695 489 751 in
523 697 760 766 ipsemet
790 698 1020 754 introitu
1049 709 1264 770 quarta:
1296 701 1548 770 porticus
1578 701 1692 770 jam
1734 701 2018 755 multoties

2133 702 2318 765 ὶέσεως
2343 705 2612 772 τυγχάνον
2636 720 2649 734 ο
2679 707 2838 776 ὅπερ,
2884 707 2934 758 εί
2961 707 3058 760 καὶ
3092 705 3186 759 τὸν
3213 706 3465 777 παρόντα
3516 705 3728 776 καιρὸν

434 788 701 843 nominati
737 792 967 845 oratorii
1000 792 1277 861 apposita.
1314 790 1516 846 Verum
1564 789 2016 862 quandoquidem

2133 795 2413 865 5περῆλθε,
2441 796 2624 864 λέγειν
2663 797 2766 851 ούκ
2818 797 3054 868 ὀκνήσω.
3105 797 3458 869 Θεασάμενοι
3508 798 3635 868 γὰρ
3673 797 3727 851 of

438 882 762 936 miraculum
806 883 963 950 illud,
999 884 1326 938 miraculum
1361 884 1504 939 aliud
1529 884 1888 940 subsecutum
1912 892 2016 946 est,

2133 889 2215 958 τῆς
2249 889 2457 960 Ἀρείου
2488 890 2800 962 συμμορίας
2831 889 3236 961 ἐπικρατοῦντα
3269 890 3570 962 θρίαμϐον,
3609 890 3727 944 ἑλι-

439 974 541 1029 boc
563 975 983 1046 praitermittere
1007 975 1163 1032 nefas
1185 985 1355 1044 esset,
1389 978 1591 1048 quippe
1612 992 1739 1032 cum
1771 975 2016 1048 ejusdem

2133 980 2380 1050 πάρησαν
2418 981 2512 1033 τὸν
2541 983 2636 1034 τοῦ
2668 980 2933 1035 παλατίου
2978 980 3296 1035 Ἐλενιανῶν
3319 982 3422 1052 τὴν
3453 980 3729 1052 φροντίδα

440 1067 512 1119 sit
539 1067 867 1136 argumenti.
904 1067 970 1121 Et
1005 1069 1259 1137 quamvis
1289 1077 1451 1124 actate
1484 1068 1762 1124 recentius
1801 1067 1895 1132 sit,
1929 1067 2020 1120 hic

2133 1075 2582 1144 πεπιστευμένον,
2624 1073 2702 1136 ὡς
2744 1073 3044 1145 ὲξάρχοντα
3073 1073 3170 1128 καὶ
3205 1075 3302 1143 τῆς
3343 1073 3444 1126 τοῦ
3485 1073 3730 1144 λουτροῦ

439 1166 622 1214 tamen
658 1158 791 1212 illud
838 1173 1275 1218 commemorare
1314 1177 1423 1217 non
1460 1163 1688 1234 pigebit.
1724 1160 2020 1216 Enimvero

2133 1166 2436 1237 διοικήσεως
2475 1165 2776 1220 καθελόντα
2827 1165 3178 1236 κατακρύψαι
3219 1164 3320 1234 τὴν
3368 1165 3592 1218 εἰκόνα.
3631 1166 3733 1229 Ὃς

441 1267 564 1303 cum
606 1251 679 1304 illi
731 1252 825 1321 qui
867 1252 986 1306 Arii
1041 1253 1292 1323 partibus
1322 1255 1641 1316 studebant,
1677 1252 2016 1322 triumphum

2133 1259 2400 1327 πρόφασιν
2452 1258 2764 1328 εὐμήχανον
2789 1257 3110 1329 εὑράμενος,
3140 1255 3239 1326 τὴν
3267 1257 3334 1310 ἐκ
3361 1256 3477 1310 τῶν
3505 1255 3736 1310 ὑδάτων

443 1360 566 1398 esse
599 1359 897 1413 perennem
926 1356 1240 1410 cernerent,
1275 1345 1418 1416 apud
1455 1361 1578 1400 eum
1623 1345 1713 1400 cui
1761 1344 2020 1400 Ilclenia-

2133 1348 2562 1420 προσγινομένην
2622 1348 2803 1400 νοτίδα
2831 1348 2950 1410 ,ὡς
2998 1346 3324 1401 σκυλθεῖσαν
3373 1345 3477 1416 τὴν
3537 1347 3736 1398 εἰκόνα

444 1452 639 1492 norum
672 1437 858 1506 palatii
897 1451 1032 1491 cura
1064 1438 1361 1493 commissa
1395 1445 1537 1499 erat,
1575 1436 1817 1492 assiduis
1837 1436 2020 1506 preci-

2133 1439 2480 1508 ἀφελόμενος,
2512 1439 2678 1510 φησὶν
2701 1481 2716 1501 ,
2745 1437 2841 1492 ἐπὶ
2884 1437 3170 1509 διορθώσει
3213 1436 3600 1508 κατέκρυψεν.
3623 1433 3736 1490 Ἦν

444 1529 546 1583 bus
587 1538 822 1598 egerunt
847 1567 860 1591 ,
900 1539 960 1584 ut
1009 1537 1274 1600 tanquam
1313 1529 1493 1584 balnei
1544 1527 2018 1583 administrationi

2133 1531 2152 1583 ὃ
2183 1530 2434 1600 βασιλεὺς
2461 1529 2788 1598 ἐγκυκλίους
2826 1528 3124 1599 ἐπιδημίας
3150 1528 3322 1582 τελῶν
3361 1531 3448 1591 είς
3483 1528 3739 1582 ἕκαστον

443 1621 754 1688 prtcfectus,
806 1619 1101 1693 imaginem
1153 1620 1398 1678 auferret
1445 1629 1499 1676 et
1549 1620 1935 1676 absconderet.
1972 1617 2020 1674 Is

2133 1623 2288 1676 τόπον
2315 1621 2612 1691 βασιλικὸν,
2647 1621 3096 1692 παραγενόμενος
3123 1621 3374 1684 κάκεῖσε,
3403 1620 3510 1690 τὴν
3539 1621 3741 1674 εἰκόνα

445 1714 589 1767 facili
646 1722 938 1783 praetextu,
992 1713 1253 1769 nimirum
1287 1728 1555 1784 aquarum
1593 1713 1824 1769 humore
1871 1711 2017 1767 labe-

2133 1716 2417 1786 ἐπεζήτει·
2472 1714 2570 1768 καὶ
2607 1713 2784 1778 οὕτως
2838 1709 2997 1777 αὖθις
3048 1712 3126 1784 τῷ
3171 1713 3344 1784 τοίχῳ
3401 1712 3735 1781 κατεπάγη.

445 1806 635 1861 iactari
669 1807 986 1877 imaginem,
1025 1805 1257 1876 ejusque
1281 1806 1767 1861 conservationem
1810 1803 2021 1860 instau—

2133 1809 2282 1880 [Ιαρᾶ
2313 1808 2480 1872 πόδας
2517 1807 2573 1861 δὲ
2600 1807 2694 1861 τὸν
2727 1805 3057 1877 Εὑτυχιανόν
3079 1821 3094 1835 ⁶
3119 1805 3282 1859 τοῦτο
3313 1805 3425 1876 γὰρ
3453 1799 3526 1875 ἦν
3557 1803 3739 1873 ὕνομα

447 1899 784 1953 rationemve
814 1906 1109 1964 causatus,
1155 1913 1276 1952 eam
1323 1898 1557 1953 sustulit
1601 1907 1657 1954 et
1698 1895 2017 1954 occultavit.

2133 1901 2200 1972 τῷ
2227 1900 2544 1971 διαιταρίῳο
2577 1898 2715 1971 ὀργή
2771 1916 2854 1962 τις
2901 1897 3244 1962 θεοδίκαστος
3298 1895 3737 1969 παραλαϐοῦσα,

450 1987 648 2043 Verum
681 2002 806 2042 cum
855 1989 1160 2059 imperator
1189 1989 1448 2045 universa
1484 1990 1633 2062 regia
1671 1989 1790 2044 loca
1839 1988 2023 2058 perlu-

2133 1995 2215 2046 τὸν
2251 1995 2350 2064 μὲν
2383 1990 2556 2056 δεξιὸν
2592 1989 2874 2062 ὀφθαλμὸν
2905 1989 3228 2063 διαρρεῦσαι
3273 1990 3567 2060 πεποίηκε
3590 2031 3606 2053 ,
3637 2005 3742 2040 κα-

444 2088 666 2145 straret,
695 2079 763 2134 ad
812 2079 959 2135 hunc
995 2095 1216 2151 quoque
1251 2081 1504 2146 veniens,
1539 2080 1830 2150 imaginem
1876 2093 2026 2151 quaa-

433 2173 596 2240 sivit,
633 2188 938 2244 rursusque
970 2171 1292 2243 aﬂigendam
1335 2174 1530 2244 parieti
1554 2173 1834 2244 praecepit.
1855 2171 2025 2227 Porro

446 2265 848 2338 Eutychiaoum
881 2266 979 2336 (ita
1009 2265 1205 2320 mdium
1233 2265 1528 2335 praefectus
1557 2266 1648 2321 ille
1677 2265 1998 2334 vocabatur)

446 2358 629 2412 divina
661 2358 909 2428 quaedam
944 2358 1133 2412 statim
1171 2358 1372 2412 invasit
1390 2357 1720 2429 indignatio,
1746 2367 1803 2412 ut
1834 2357 2024 2412 dexter

447 2453 644 2508 oculus
671 2454 722 2510 ei
761 2452 1061 2517 difﬂueret,
1104 2461 1160 2507 et
1208 2467 1403 2508 caetera
1453 2453 1582 2508 item
1617 2455 1860 2508 membra
1899 2467 2024 2522 pes-

435 2545 589 2601 simo
626 2554 778 2602 motu
817 2555 1218 2616 quaterentur;
1249 2545 1395 2616 quod
1434 2545 1488 2599 in
1522 2560 1692 2600 causa
1727 2543 1833 2599 fuit
1867 2553 1927 2598 ut
1957 2544 2026 2599 ad

447 2653 669 2693 sacrum
713 2638 1046 2702 oratorium,
1081 2637 1134 2691 in
1169 2652 1280 2707 quo
1335 2634 1621 2692 beatorum
1673 2634 2028 2693 Pantaleonis

449 2737 502 2782 et
544 2727 736 2781 Marini
788 2728 1146 2797 reliquiarum
1193 2727 1378 2799 portio
1415 2734 1757 2793 asservatur,
1797 2725 2029 2783 accede.

453 2826 581 2872 retu
608 2817 761 2872 istud
789 2833 953 2888 porro
983 2819 1286 2874 oratorium
1313 2815 1612 2872 IIomonaea
1648 2817 1702 2872 id
1753 2823 1860 2881 est,
1896 2831 2029 2872 cono

450 2910 638 2964 cordia
669 2910 1008 2974 nominatur,
1043 2910 1304 2980 quoniam
1341 2908 1474 2965 illuc
1520 2916 1742 2964 centum
1779 2917 1834 2965 et
1863 2910 2029 2980 quin-

2127 2086 2328 2151 κίστως
2359 2085 2417 2138 δὲ
2473 2085 2569 2137 καὶ
2611 2083 2681 2137 τὰ
2711 2082 2875 2136 λοιπὰ
2923 2083 3280 2153 περισείουσα
3342 2081 3488 2152 μέλη
3510 2122 3528 2145 ,
3558 2095 3740 2152 προσ·

2127 2175 2362 2228 πελάσαι
2397 2173 2783 2246 παρεσκεύασε
2809 2172 2887 2244 τῷ
2918 2173 3104 2242 εὐαγεί
3120 2172 3433 2244 εὐκτηρίῳ,
3463 2171 3613 2224 ἔνθα
3643 2187 3741 2225 πι-

2128 2268 2415 2322 πίστευται
2445 2265 2828 2321 ἀναπαύεσθαι
2883 2266 3047 2337 μέρος
3101 2266 3265 2337 ίερῶν
3307 2263 3592 2334 λειψάνων
3625 2262 3742 2318 τῶν

2129 2358 2432 2413 θεσπεσίων
2477 2356 2872 2422 Παντολέοντος
2921 2357 3018 2410 καὶ
3047 2357 3317 2426 Μαρίνου,
3361 2354 3743 2425 imula-apt.

2129 2470 2220 2506 νου
2272 2450 2367 2504 τοῦ
2413 2450 2604 2516 τόπου,
2637 2448 2929 2519 Ὀμόνοια,
2969 2451 3036 2503 ἐκ
3073 2448 3170 2502 τοῦ
3213 2450 3332 2502 ἐκεῖ
3362 2447 3741 2512 συνελθόντας

2128 2543 2257 2605 τοὺς
2306 2541 2502 2594 ἑκατὸν
2548 2541 2891 2611 πεντήκοντα
2923 2539 3378 2602 ὲπισκόπουςὶπὶ
3431 2539 3739 2593 Θεοδοσίου

2129 2633 2222 2687 τοῦ
2255 2633 2498 2704 μεγάλου
2541 2632 2827 2704 βασιλέως,
2861 2637 3048 2704 κοινήν
3069 2648 3195 2686 τινα
3223 2632 3316 2685 καί
3346 2647 3740 2702 συμπεφωνη-

2135 2727 2304 2798 μένην
2327 2725 2682 2781 διδασκαλίαν
2712 2723 2807 2779 τοῢ
2833 2742 2892 2778 τε
2927 2724 3213 2796 ὁμοουσίου
3245 2725 3345 2794 τῆς
3371 2724 3539 2788 θείας
3571 2724 3740 2794 Τριό-

2130 2819 2218 2882 δος
2249 2817 2608 2890 ποιήσασθαι,
2642 2818 2858 2888 καὶτῆς
2887 2817 3366 2888 ὲνανθρωπήσεως
3395 2816 3462 2870 δὲ
3489 2815 3595 2870 τοῦ
3629 2818 3742 2871 Κυ-

2137 2910 2252 2981 ρίου
2284 2909 2567 2982 τρανῶσαι
2599 2910 2699 2982 τὴν
2728 2911 2794 2964 ὲκ
2831 2909 3112 2980 Παρθένου
3155 2908 3501 2980 πρόσληψιν,
3529 2909 3733 2977 ταύτῃ,

437 3003 714 3074 quaginta
755 3002 1027 3073 episcOpi,
1075 3001 1390 3058 Theodosio
1439 3015 1640 3074 magno
1667 3002 2022 3072 imperatore,

2133 2998 2229 3070 τὴν
2271 2999 2596 3070 ἐπωνυμίαν
2635 2999 3029 3071 τεκτήνασθαι.
3075 2998 3324 3070 Ἡμέρας
3365 2999 3431 3052 δὲ
3464 3000 3606 3071 περί
3641 3017 3738 3054 που

451 3096 869 3160 convenientes,
900 3095 1148 3150 unanimi
1176 3093 1550 3164 concordique
1575 3094 1852 3150 sententia
1885 3092 2030 3150 divi-

453 3203 534 3242 na:
559 3186 842 3241 Trinitatis
889 3185 1523 3242 consubstantialitatem
1556 3194 1937 3250 asseruerunt,
1978 3192 2035 3240 et

452 3279 753 3333 Dominica:
811 3278 1175 3333 humanitatis
1222 3293 1288 3334 ex
1338 3276 1566 3348 Virgine
1608 3277 2032 3348 susceptionem

451 3370 826 3424 declararunt.
857 3368 953 3423 Ille
991 3374 1173 3422 autem
1221 3376 1428 3436 septem
1475 3366 1697 3423 circiter
1734 3367 1854 3424 dies
1915 3367 2032 3423 illic

453 3467 852 3525 commoratus,
884 3474 1006 3515 cum
1038 3458 1176 3514 nihil
1200 3457 1486 3514 levaminis
1514 3459 1818 3530 acciperet,
1864 3459 2031 3532 quin-

458 3554 566 3606 imo
585 3552 873 3608 testiculus
908 3562 1137 3623 uterque
1165 3552 1579 3618 corroderetur,
1609 3564 1769 3610 nocte
1787 3555 2022 3624 quadam

456 3645 640 3700 media
685 3645 1086 3711 subdiaconus,
1121 3646 1206 3699 cui
1251 3661 1349 3716 pro
1383 3661 1484 3702 sua
1531 3647 1654 3702 vice
1687 3647 1800 3702 illic
1830 3662 2031 3718 perno-

452 3735 716 3792 ctandum
747 3745 889 3804 erat,
921 3738 976 3792 in
1008 3739 1220 3793 somnis
1252 3738 1402 3794 videt
1426 3747 1700 3794 astantem
1737 3739 2029 3810 quemdam

455 3844 666 3900 regem,
727 3829 824 3901 qui
886 3839 1151 3900 aegrotum
1219 3846 1382 3885 manu
1460 3831 1736 3898 indicans,
1797 3833 2027 3888 aiebat:

455 3925 641 3987 Quare
668 3923 812 3978 hunc
839 3924 1146 3994 excepisti?
1167 3923 1370 3995 Ecquis
1399 3941 1525 3981 eum
1560 3927 1706 3982 istuc
1754 3927 1984 3981 adduxit
2008 3927 2031 3980 7

458 4015 555 4070 llic
585 4031 645 4072 se
673 4016 1011 4085 illisjunxit,
1053 4018 1146 4086 qui
1180 4017 1250 4073 de
1298 4033 1384 4074 me
1427 4021 1665 4089 pessime
1702 4020 2028 4090 loquuntur.

456 4115 562 4165 .ste
585 4115 672 4162 est
701 4108 795 4178 qui
832 4109 1034 4178 patrati
1067 4109 1315 4165 miraculi
1367 4111 1660 4167 abscondit
1708 4112 2024 4181 imaginem.

455 4200 702 4254 Clericus
733 4199 921 4269 itaque
961 4216 1220 4270 surgens,
1256 4203 1402 4271 quod
1453 4202 1509 4256 in
1558 4203 1746 4272 quiete
1778 4202 2026 4267 vidisset,

456 4293 674 4358 recitat,
715 4291 829 4348 fieri
856 4307 1020 4363 posse
1069 4307 1280 4361 negans
1308 4302 1370 4348 ut
1402 4295 1490 4348 ille
1517 4295 1586 4349 ah
1615 4295 1717 4350 hac
1746 4296 1906 4365 plaga
1935 4311 2026 4348 sa-

455 4392 640 4441 netur.
680 4383 952 4440 Creterum
998 4384 1400 4456 Eutychianus,
1433 4400 1530 4440 ccu
1568 4385 1621 4439 vi
1656 4385 1912 4440 dolorum
1970 4387 2026 4440 in

455 4490 706 4530 somnum
747 4486 904 4530 actus
931 4483 1101 4539 esset,
1138 4475 1540 4530 adolescentem
1583 4475 1874 4544 quemdam
1931 4492 2029 4530 eu-

404 4554 409 4559 .
454 4575 720 4634 nucltum,
749 4569 981 4641 fulgenti
1020 4577 1170 4625 veste
1199 4569 1452 4623 indutum
1484 4569 1656 4635 videt,
1691 4569 1776 4624 his
1805 4584 1864 4624 se
1907 4584 2030 4624 ver-

453 4665 536 4718 bis
555 4664 922 4734 alloquentem
949 4681 963 4716 :
991 4662 1132 4730 Quid
1163 4662 1521 4718 babes?Cum
1557 4663 1648 4716 ille
1689 4662 2024 4731 reposuisset

454 4772 512 4809 se
545 4755 669 4809 tabe
706 4755 906 4825 perire,
945 4769 1045 4809 nec
1076 4754 1243 4808 ullum
1277 4753 1578 4808 remedium
1605 4754 1876 4817 invenire,
1901 4768 2026 4808 eum

454 4845 665 4899 audivit
686 4846 959 4900 dicentem
985 4862 998 4900 ι
1024 4843 1199 4900 Nemo
1222 4845 1321 4898 tibi
1355 4841 1535 4914 potest
1558 4845 1818 4914 opitulari
1848 4863 1862 4900 :
1887 4861 2028 4916 quo-

456 4939 602 4992 niam
632 4953 726 4994 rex
773 4937 934 4994 valde
981 4937 1082 4993 tibi
1127 4938 1407 4992 irascitur.
1442 4937 1582 4991 Tum
1613 4954 1755 5008 aeger
1779 4955 1793 4993 :
1821 4938 2026 5004 Quem-

455 5029 1158 5101 nam,inﬁt,inlerpellaho,
1184 5039 1277 5084 aut
1299 5029 1433 5098 quid
1471 5030 1667 5100 agam?
1707 5030 1810 5084 Hic
1844 5045 1976 5086 vero
2012 5050 2028 5086 :

456 5124 514 5177 Si
555 5124 661 5187 vis,
701 5123 906 5194 inquit,
949 5125 1198 5178 levamen
1229 5123 1502 5188 obtinere,
1554 5125 1619 5175 ad
1665 5123 1834 5194 318
1866 5121 2030 5178 Hele-

454 5214 745 5270 nianorum
811 5214 1032 5269 balneas
1095 5213 1430 5282 quantocius
1481 5228 1667 5282 perge,
1737 5223 1793 5269 et
1857 5229 2028 5285 prope

454 5305 632 5362 adusti
679 5306 866 5360 Ariani
921 5305 1211 5375 imaginem
1265 5304 1513 5373 quiesce.
1571 5303 1694 5358 Mox
1755 5315 2024 5379 evperge-

2060 4337 2108 4393 D

2138 3091 2280 3146 ἑπτὰ
2301 3091 2868 3165 προσκαρτεροῦντος,
2887 3090 2985 3144 καὶ
3003 3089 3249 3154 ὀνοῦντος
3269 3090 3460 3156 οὐδὲν,
3478 3092 3628 3145 ἀλλά
3650 3095 3738 3147 καὶ

2134 3183 2550 3256 διαϐρωθέντων
2607 3183 2758 3256 αὐτῷ
2808 3185 2904 3238 καὶ
2957 3185 3066 3238 τῶν
3130 3183 3371 3255 διδύμων
3403 3224 3420 3246 ,
3463 3187 3735 3255 μεσούσης

2139 3281 2266 3351 μιᾶς
2297 3279 2408 3332 τῶν
2446 3279 2682 3344 νυκτῶν,
2713 3281 2742 3332 6
2771 3277 2950 3349 λαχὼν
2985 3278 3338 3342 ὑποδιάκονος
3386 3278 3504 3348 τὴν
3531 3279 3733 3333 smmi-

2135 3391 2252 3446 χιον
2287 3373 2456 3445 ἔχειν,
2489 3375 2596 3446 ὁρᾷ
2652 3373 2768 3426 κατ’
2811 3372 2945 3444 ὄναρ
3005 3371 3230 3442 βασιλέα
3278 3371 3409 3425 τινὰ
3469 3372 3568 3424 τὸν
3623 3373 3732 3424 tuo

2135 3467 2364 3532 στάντα,
2396 3466 2491 3520 καὶ
2516 3466 2662 3536 χειρί⁵
2690 3463 3082 3518 ὑποδεικνύντα
3109 3464 3200 3517 τὸν
3227 3463 3476 3534 ἀσθενῆ,
3512 3464 3695 3534 λέγειν
3715 3479 3728 3494 ’

2136 3559 2260 3623 Πῶς
2305 3557 2552 3624 ύπεδέξω
2603 3557 2833 3622 τοῦτον;
2863 3556 2960 3618 Τίς
3006 3554 3064 3608 δὲ
3097 3556 3126 3607 6
3170 3554 3418 3608 ἐνταῦθα
3465 3558 3726 3625 direxti»;

2133 3645 2308 3714 Οὗτος
2335 3652 2364 3705 6
2414 3649 2553 3720 μετὰ
2584 3648 2694 3702 τῶν
2751 3649 2830 3711 είς
2877 3647 2977 3718 ἐμὲ
3005 3646 3450 3718 δυσφημούντων
3477 3666 3726 3721 συμφρα-

2136 3742 2388 3814 ξάμενος.
2431 3735 2650 3805 Οὗτοςό
2679 3738 3035 3812 κατακρύψας
3079 3739 3179 3809 τὴν
3227 3739 3428 3794 εἰκόνα
3464 3741 3566 3794 τοῦ
3608 3741 3726 3797 θαύ-

2137 3851 2324 3906 ματος.
2363 3832 2665 3896 Διαναστάς
2685 3831 2742 3887 δὲ
2768 3833 2797 3886 ὁ
2817 3831 3097 3901 κληρικδς,
3125 3831 3186 3884 τὸ
3204 3830 3372 3899 ὀφθὲν
3400 3833 3724 3905 διηγήσατο,

2135 3928 2332 3998 φήσας,
2366 3925 2474 3979 τῶν
2519 3923 2800 3978 ἀδυνάτων
2825 3923 3117 3993 τυγχάνειν
3153 3923 3372 3992 ἰαθῆναι
3403 3925 3609 3980 τοῦτον
3636 3930 3723 3998 τῆς

2137 4020 2424 4090 μάστιγος.
2459 4019 2538 4089 Τῇ
2581 4017 2638 4072 δὲ
2672 4018 2810 4090 αὐτῇ
2864 4018 3042 4081 νυκτὶ,
3068 4019 3096 4071 6
3124 4017 3473 4087 Εὑτυχιανδς
3497 4062 3514 4086 ,
3541 4021 3723 4092 ῶσπερ

2133 4113 2214 4175 εἰς
2244 4111 2411 4166 ὕπνον
2441 4113 2505 4164 ὲκ
2534 4109 2643 4163 τῶν
2675 4110 2880 4164 ὀδυνῶν
2907 4109 3196 4180 ὑπαχθεὶς,
3222 4113 3327 4182 ὁρᾷ
3349 4129 3485 4168 τινα
3509 4115 3726 4170 νεανίαν

2132 4202 2386 4274 εὐνοῦχον
2406 4202 2560 4273 παρὰ
2583 4203 2600 4241 ί
2617 4203 2858 4274 λάμπρῳ
2878 4204 3272 4274 ἠμφιεσμένον,
3297 4206 3544 4276 λέγοντα
3561 4191 3749 4281 datin,

2135 4293 2200 4346 Τί
2227 4293 2400 4363 ἐχεις;
2444 4293 2533 4356 Ὡς
2564 4291 2644 4354 δὲ,
2687 4292 3060 4362 Ἀποθνήσκω,
3093 4293 3220 4364 ἔφη,
3246 4300 3727 4369 κατατηκόμενος,

2137 4386 2230 4439 καὶ
2264 4385 2560 4456 θεραπείας
2610 4385 2686 4456 μὴ
2729 4385 3013 4455 τυγχάνων
3035 4425 3051 4450 ,
3083 4387 3251 4457 ῆκουε
3311 4387 3620 4456 λέγοντοςο
3646 4392 3726 4454 Ὠς

2135 4478 2309 4542 ούδείς
2331 4495 2414 4532 σοι
2447 4476 2670 4533 δύναται
2700 4477 2966 4548 βοηθῆσαι
2987 4491 3001 4506 ⁸
3031 4478 3062 4530 6
3092 4479 3201 4550 γὰρ
3243 4478 3511 4548 βασιλεὺς
3537 4483 3725 4549 δειὼ

2134 4571 2416 4642 ὀργίζεται
2465 4570 2609 4624 κατὰ
2653 4569 2769 4624 σοῦ.
2831 4568 3132 4622 Ἡντιὸόλει
3186 4564 3363 4635 οὗτος,
3402 4573 3508 4626 καί
3559 4589 3722 4646 nar

2137 4662 2258 4715 τίνα
2313 4662 2520 4732 κινήσω
2542 4701 2558 4726 ,
2587 4660 2624 4731 ἢ
2655 4659 2708 4712 τί
2740 4660 2989 4730 ποιήσω;
3019 4661 3049 4715 6
3078 4659 3134 4713 δέ
3187 4677 3355 4731 φησιν
3393 4677 3412 4692 ·
3445 4663 3514 4716 Et
3556 4663 3722 4729 θέλεις

2132 4753 2412 4824 ἀνεθῆναι,
2440 4753 2596 4809 ἄπιθι
2625 4753 2904 4824 συντόμως
2929 4753 2986 4805 ὲν
3011 4752 3087 4824 τῷ
3122 4754 3331 4824 λουτρῷ
3367 4755 3717 4819 Ἑλενιανῶν,

2133 4849 2228 4902 καὶ
2267 4846 2498 4916 ἐγγύθεν
2541 4847 2640 4917 τῆς
2687 4846 2895 4911 εἰκόνος
2942 4846 3038 4900 τοῦ
3085 4847 3385 4912 καυθέντος
3436 4851 3718 4923 Ἀρειανοῦ

2133 4937 2500 5008 ἁναπαύθητι.
2543 4938 2808 5009 Παραυτὰ
2835 4937 2892 4990 δὲ
2923 4937 3228 5002 διυπνίσας,
3253 4939 3350 4992 ἕνα
3396 4940 3515 4994 τῶν
3547 4944 3716 5017 ὑπηρ-

2132 5031 2394 5085 ετούντων
2428 5030 2648 5100 ἐφώνει.
2694 5029 3104 5102 Ἐξεπλάγησαν
3127 5030 3206 5084 δέ·
3237 5031 3412 5101 τριῶν
3439 5035 3562 5104 γὰρ
3593 5037 3716 5103 ipso

2135 5124 2244 5195 ρῶν
2278 5122 2378 5192 ἤδη
2415 5123 2823 5194 παρελθουσῶν,
2854 5123 3070 5195 άφωνίᾳ
3091 5124 3389 5194 συνείχετο.
3444 5129 3564 5182 Καί
3595 5145 3712 5198 φησι

2133 5216 2268 5288 πρὸς
2299 5215 2499 5280 αὐτοὺς
2525 5254 2540 5278 ,
2572 5216 2808 5284 ἀπάγειν
2844 5213 3006 5268 αὑτὸν
3029 5254 3043 5278 ,
3073 5217 3216 5270 κατὰ
3254 5218 3317 5270 τὸ
3366 5222 3711 5291 προσταχθὲν

2134 5305 2530 5360 διεκελεύσατο.
2576 5305 2794 5368 Φθάσας
2829 5303 2888 5358 δὲ
2935 5305 3029 5358 τὸν
3071 5305 3236 5359 τόπον
3280 5309 3377 5361 καὶ
3435 5310 3581 5381 πρὸς
3625 5311 3710 5380 τὴν

1755 5483 1986 5540 νΑιιιλΕ
2023 5481 2432 5541 LECTIONES.

530 5580 549 5618 ι
582 5579 1149 5652 Valesiuslegendum
1178 5586 1336 5652 putat
1358 5579 1722 5652 παραγαύδει.
1754 5577 2098 5652 Paragaudis
2135 5581 2282 5635 enim
2326 5596 2502 5652 genus
2542 5581 2856 5637 vestimenti
2899 5589 3019 5638 erat
3065 5579 3231 5652 cujus
3279 5583 3498 5642 Chron.
3561 5587 3694 5642 Ala

447 5651 727 5702 meminit.
760 5649 894 5702 Vide
925 5649 1240 5704 Casauboni
1274 5649 1535 5704 notas’ad
1563 5651 1809 5704 Trebell.
1844 5649 2089 5705 Pollion.

191 5995 454 6071 Δ
