3936 6174
263 315 400 380 I393
1349 314 1447 380 DE
1481 311 1947 377 IMAGINIBUS
1988 312 2274 374 ORATIO
2315 311 2428 374 III.
3380 308 3510 373 1391i

254 427 443 483 εἰκόνα
477 425 682 493 τεθεὶς,
712 425 944 491 ἐξέπνει.
973 427 1085 500 Τὴν
1120 429 1228 501 γὰρ
1269 432 1378 485 ἀπὸ
1427 431 1679 502 σώματος
1728 429 1837 483 διά-

1953 430 2118 484 iactus
2173 427 2286 491 ille,
2343 427 2726 481 ministrorum
2773 424 3086 496 quempiam
3139 425 3398 481 accersit.
3451 424 3516 481 lli

257 537 446 577 στασιν
471 521 573 591 τῆς
605 520 804 591 ψυχῆς,
824 520 1138 589 ἐλευθερίαν
1176 526 1414 589 ἀνέσεως
1439 527 1467 578 ὁ
1492 525 1678 595 ὀφθεὶς
1704 525 1836 593 ἁγο-

1953 527 2124 575 ιιιῑειιι
2160 518 2570 588 obstupescere,
2603 516 2731 586 quia
2777 519 2889 585 jam
2931 516 3171 571 triduum
3221 517 3339 572 sine
3383 531 3519 572 voce

257 609 436 682 ρεύων
465 609 785 681 ὴλήθευσεν.
831 628 852 663 ι

1953 619 2153 684 egerat.
2189 611 2259 666 At
2307 611 2398 664 ille
2445 625 2527 674 se,
2577 616 2639 662 ut
2699 609 2880 665 fuerat
2935 609 3285 678 imperatum,
3350 609 3518 677 jussit

256 704 562 773 asportari.
582 701 692 758 Sed
717 703 814 758 ubi
838 703 908 759 ad
936 705 1119 761 locum
1153 709 1324 772 venit,
1353 710 1513 778 juxta
1545 709 1839 780 imaginem
1882 706 2097 778 positus
2127 705 2450 775 exspiravit.
2482 702 2618 757 Nam
2653 704 2750 773 qui
2777 703 2927 758 visus
2959 700 3157 770 fuerat,
3230 701 3426 757 animae
3487 716 3518 755 a

255 810 490 867 corpore
519 794 948 865 sejunctiunem,
978 813 1078 868 per
1109 800 1287 855 morbi
1328 801 1722 856 relaxatioueui
1756 802 1896 855 citra
1931 799 2284 854 mendacium
2315 795 2674 868 signiﬁcaret.
2723 813 2740 846 ι

261 888 372 944 Τοῦ
406 888 582 958 ἁγίου
635 889 1062 960 Ἀναστασίου,
1100 893 1208 947 τοῦ
1257 893 1430 963 ἁγίου
1466 895 1644 963 ὄρους
1671 891 1836 950 Σινᾶ.

329 997 349 1030 ε
400 977 534 1032 Ἀπὸ
563 980 849 1051 τεσσάρων
891 981 1086 1051 μιλίων
1114 983 1431 1055 Δαμασκοῦ,
1468 983 1666 1055 χώριόν
1691 987 1842 1038 ἐστιν

2155 890 2344 946 Sancti
2372 889 2644 943 Anastasii
2675 903 2706 941 a
2739 896 2921 940 sancto
2953 894 3125 939 monte
3155 883 3303 938 Sina.

2017 999 2037 1035 ι
2077 982 2324 1050 Quatuor
2361 981 2633 1036 miliiariis
2657 979 2924 1035 Damasco
2962 979 3174 1033 viculus
3209 979 3394 1043 distat,
3424 977 3516 1046 qui

254 1070 647 1141 ἐπιλεγόμενον
669 1074 970 1144 Καρσάτας
991 1085 1009 1104 '
1039 1078 1098 1130 ἐν
1127 1069 1172 1145 ᾧ
1208 1077 1397 1148 χωρίῳ
1417 1078 1544 1141 ναός
1589 1079 1707 1131 ἐστι
1742 1076 1840 1132 τοῦ

1953 1072 2197 1128 Barsatas
2219 1072 2554 1137 nominantur,
2573 1073 2628 1125 in
2646 1081 2755 1141 quo
2772 1070 3028 1140 templum
3051 1078 3135 1125 est
3151 1068 3325 1142 sancti
3341 1065 3520 1123 'l‘hco-

255 1163 414 1232 ἁγίου
441 1165 740 1237 Θεοδώρου.
789 1168 877 1220 Ἐν
909 1165 1084 1238 τούτῳ
1113 1167 1193 1238 τῷ
1229 1168 1343 1239 ναῷ
1361 1169 1709 1233 ἐἰσελθόντες
1736 1170 1839 1222 Σα-

259 1255 488 1328 ρακηνοὶ
532 1254 884 1329 κατῴκησαν,
914 1258 1096 1312 πάντα
1130 1258 1302 1329 ῥύπον
1348 1260 1444 1312 καὶ
1489 1259 1838 1329 ἀκαθαρσίαν

257 1347 324 1402 ἐκ
377 1350 653 1417 γυναικῶν
704 1350 803 1404 κα)⁵
849 1351 1058 1404 παίδων
1087 1351 1182 1404 καὶ
1225 1349 1434 1419 ἀλόγων
1487 1351 1834 1420 ποιήσαντες.

271 1439 360 1492 Ἑν
392 1440 493 1509 μιᾷ
522 1435 622 1493 οὖν
655 1439 763 1494 τῶν
787 1441 1013 1512 ἡμερῶν
1042 1439 1423 1511 καθεζομένων
1453 1439 1714 1494 πλειόνων
1735 1441 1835 1494 αὐ·-

258 1527 389 1593 τῶν,
415 1529 511 1584 καὶ
543 1532 1042 1602 συντυγχανόνιτων,
1073 1531 1296 1603 ερῤιψεν
1321 1527 1402 1595 εἷς
1432 1531 1491 1598 ἐξ
1534 1531 1715 1585 αὐτῶν
1741 1548 1836 1585 σα-

257 1621 418 1688 τίταν
461 1622 603 1675 κατὰ
649 1623 751 1693 τῆς
802 1621 1011 1686 εἰκόνος
1060 1621 1154 1675 τοῦ
1195 1621 1352 1690 ἁγίου
1395 1620 1672 1692 Θεοδώρου
1694 1661 1707 1684 ,
1743 1621 1838 1674 καὶ

1939 1164 2080 1219 dori.
2117 1163 2272 1230 Quod
2307 1177 2431 1217 cum
2469 1163 2700 1232 ingressi
2741 1171 2930 1217 essent
2976 1161 3233 1215 Saraceni
3257 1201 3271 1222 ,
3317 1161 3517 1214 ibidem

1941 1263 2356 1318 commorautes,
2373 1264 2481 1308 tam
2497 1253 2828 1309 feminarum
2849 1264 2898 1308 et
2923 1267 3236 1323 puerorum,
3253 1267 3410 1322 quam
3433 1253 3489 1322 ju
3502 1281 3520 1293 -

1942 1355 2247 1399 mentorum
2282 1345 2539 1400 sordibus
2565 1351 2620 1400 et
2645 1344 3008 1399 immunditiis
3042 1345 3216 1398 locum
3248 1360 3518 1414 conspur-

1940 1445 2154 1492 carunt.
2189 1438 2432 1505 Quadam
2475 1439 2644 1508 igitur
2675 1439 2782 1502 die,
2813 1439 3002 1495 multis
3026 1453 3214 1492 eorum
3253 1453 3359 1491 una
3390 1455 3521 1493 con-

1943 1530 2258 1585 sidentibus
2308 1538 2362 1584 et
2413 1529 2936 1596 confab’ulantibus,
2989 1546 3132 1585 unus
3179 1530 3430 1600 sagittam
3465 1531 3520 1584 iu

1943 1619 2122 1674 sancti
2178 1617 2454 1673 Theodori
2507 1619 2802 1688 imaginem
2859 1618 3168 1682 contorsit,
3202 1617 3366 1687 cujus
3421 1617 3526 1670 huc

257 1713 524 1781 ἔκρουσεν
563 1715 644 1778 εις
682 1714 776 1767 τὸν
827 1715 1002 1778 δεξιὸν
1058 1709 1208 1784 ὦμον
1243 1713 1410 1766 αὐτοῦ
1442 1754 1456 1779 ,
1488 1713 1584 1767 καὶ
1637 1712 1840 1776 εὐθέως

1953 1725 2158 1764 merum
2223 1710 2480 1765 dextrum
2553 1709 2874 1780 perforavit.
2931 1709 3242 1780 Statimque
3295 1709 3522 1778 sanguis

257 1769 484 1872 EEiMsv
510 1769 672 1875 αἷμα,
697 1804 791 1856 καὶ
844 1769 1121 1874 κατῆλθεν.
1141 1802 1247 1865 ἕως
1283 1769 1455 1856 κάτω,
1483 1803 1581 1871 τῆς
1611 1769 1836 1866 εἰκόνος,

1953 1802 2281 1868 scaturiens,
2313 1802 2379 1856 ad
2428 1803 2593 1856 imam
2626 1811 2834 1873 partem
2864 1801 3105 1867 decidit,
3144 1801 3360 1857 cunctis
3391 1816 3523 1870 pro-

259 1898 482 1951 πάντων
512 1895 861 1968 θεωρούντων
888 1897 950 1950 τὸ
998 1896 1291 1967 γενόμενον
1323 1897 1548 1965 σημεῖον
1569 1935 1581 1957 ,
1617 1893 1710 1947 καὶ
1741 1893 1842 1963 τὴν

1953 1893 2152 1964 digium
2202 1895 2306 1950 hoc
2331 1893 2482 1965 quod
2530 1895 2831 1960 acciderat,
2867 1895 3238 1965 sagittariique
3287 1895 3518 1948 humero

259 1989 492 2058 σαγίταν
529 1990 892 2062 πεπηγμένην
921 1990 1002 2052 είς
1032 1989 1125 2042 τὸν
1143 1982 1293 2057 ὦμον
1320 1987 1414 2040 τοῦ
1448 1987 1626 2054 ἁγίου,
1657 1986 1752 2038 καὶ
1781 1985 1842 2038 τὸ

1953 1985 2126 2041 sancti
2179 1985 2404 2040 inﬁxam
2437 1996 2490 2042 et
2531 1999 2786 2042 cruorem
2841 1995 3156 2040 manantem
3209 1970 3526 2040 contuenti-

257 2075 402 2152 αἷμα
425 2081 846 2152 κατερχόμενον.
875 2081 982 2135 Καὶ
1009 2080 1116 2152 μὴν
1143 2081 1369 2151 σημεῖον
1393 2075 1632 2132 τοιοῦτον
1662 2077 1844 2146 παρὰ»

255 2169 412 2237 δοξον
448 2170 742 2241 γενόμενον
775 2169 1108 2242 θεασάμενοι
1130 2209 1146 2234 ,
1176 2168 1277 2222 οὐκ
1327 2163 1493 2238 ἦλθον
1526 2168 1608 2230 είς
1659 2168 1845 2220 συναί-

259 2261 477 2334 σθησιν.
536 2263 614 2316 Οὐ
666 2263 993 2334 μετενόησεν
1020 2262 1048 2314 ὁ
1089 2260 1188 2334 τὴν
1238 2260 1470 2329 σαγίταν
1514 2258 1677 2330 ῥίψας
1700 2275 1714 2290 ο
1743 2259 1846 2312 οὐκ

260 2351 528 2424 ἐτάραξεν
554 2353 750 2408 ἑαυτὸν
767 2347 848 2417 εἷς
880 2355 940 2420 ἐξ
961 2352 1142 2408 αὐτῶν
1162 2368 1175 2381 ·
1211 2352 1313 2406 οὐκ
1357 2349 1716 2421 ἀνεχώρησαν
1745 2349 1844 2403 τοῦ

259 2445 423 2500 ναοῦο
447 2446 548 2500 οὐκ
580 2445 891 2499 ἐπαύσαντο
946 2442 1248 2516 ρυποῦντες
1278 2444 1444 2498 αὐτόν
1466 2458 1481 2473 ο
1518 2443 1615 2495 καὶ
1660 2441 1842 2513 μέντοι

259 2549 330 2605 γε
365 2535 466 2608 τὴν
510 2534 746 2606 ἐσχάτην
793 2535 1000 2589 ἔδωκαν
1044 2534 1340 2605 τιμωρίαν.
1375 2532 1843 2604 Είκοσιτεσσάρων

261 2627 379 2701 γὰρ
415 2627 579 2682 οἴκων
606 2625 966 2698 ὑπαρχόντων
999 2628 1056 2694 ἐξ
1090 2627 1273 2681 αὐτῶν
1294 2626 1406 2680 τῶν
1441 2624 1843 2679 κατοικούντων

261 2721 327 2774 ὲν
366 2718 444 2791 τῷ
491 2719 626 2790 ναῷ,
659 2719 810 2782 ἐντὸς
842 2718 1040 2786 ὀλίγων
1079 2717 1302 2788 ἡμερῶν
1361 2715 1603 2779 ἅπαντες
1659 2715 1846 2786 πικρῷ

259 2810 482 2883 θανάτῳ
524 2809 948 2882 ἐξηλείφθησαν,
984 2808 1212 2880 μηδενὸς
1243 2809 1450 2862 τούτων
1487 2807 1844 2876 τελευτήσαν-

259 2918 358 2967 τος
386 2903 444 2957 ἐν
469 2901 547 2974 τῷ
576 2901 725 2973 αὐτῷ
750 2901 964 2972 χωρίῳ,
997 2902 1046 2954 ει
1077 2900 1152 2971 μὴ
1181 2899 1365 2954 αὐτῶν
1391 2898 1502 2951 τῶν
1531 2897 1845 2951 κατοικούν-

259 3013 375 3051 των
408 2998 465 3051 ἐν
487 2995 564 3067 τῷ
598 2994 714 3065 ναῷ
753 2997 809 3049 ἐν
835 2997 954 3058 ταῖς
997 2993 1190 3056 αὐταῖς
1219 2992 1480 3062 ἡμέραις.
1521 2987 1669 3061 Αὕτη
1695 2985 1842 3073 οὖν]

1944 2076 2068 2133 bus.
2101 2073 2214 2132 Nec
2249 2085 2432 2132 tamen
2465 2077 2736 2148 inopinati
2775 2077 3147 2147 stupendique
3193 2075 3328 2131 adeo
3379 2076 3523 2145 signi

1944 2177 1999 2225 et
2049 2168 2306 2224 miraculi
2376 2170 2718 2240 spectatione
2776 2168 3146 2240 resipuerunt.
3195 2166 3313 2223 Non
3369 2167 3522 2221 illum

1947 2261 2204 2332 pumituit
2232 2262 2326 2332 qui
2373 2263 2630 2334 sagittam
2674 2260 2905 2331 jecerat.
2952 2259 3152 2315 Nullus
3185 2274 3374 2316 eorum
3415 2270 3523 2312 ιι·ιέ

1946 2353 2089 2408 ritus
2134 2351 2268 2408 luit.
2300 2353 2377 2406 Ex
2426 2352 2630 2422 templo
2657 2366 2767 2406 non
2798 2359 3184 2417 recesserunt,
3222 2367 3321 2406 nec
3360 2352 3428 2405 ab
3458 2365 3529 2404 co

1945 2441 2286 2498 sordidando
2333 2444 2612 2499 ullatenus
2658 2443 3076 2498 abstinuerunt.
3131 2442 3287 2498 Unde
3337 2453 3522 2498 extro-

1945 2549 2063 2591 mas
2090 2535 2357 2591 scelerum
2379 2551 2605 2592 suorum
2637 2551 2829 2606 poenas
2861 2537 3090 2592 ultrices
3121 2537 3526 2592 luerunt.Cum—

1942 2626 2089 2681 enim
2119 2627 2311 2698 viginti
2347 2635 2581 2698 quatuor
2605 2633 2792 2685 essent
2819 2643 3006 2684 eorum
3041 2628 3283 2695 familiae,
3317 2643 3439 2698 quae
3468 2630 3521 2682 in

1946 2717 2205 2788 templum
2263 2719 2654 2789 divertebant,
2713 2721 2857 2776 intra
2905 2722 3022 2778 dies
3073 2736 3280 2793 paucos
3325 2721 3528 2778 act-riis

1945 2819 2120 2864 morte
2149 2825 2340 2868 omnes
2376 2815 2704 2884 consumpti
2743 2821 2913 2869 sunt:
2947 2827 3069 2868 cum
3104 2815 3289 2868 nullus
3321 2813 3427 2867 hoc
3467 2815 3519 2866 in

1945 2900 2152 2971 oppido
2200 2902 2512 2968 interierit,
2551 2914 2750 2974 praeter
2799 2907 2923 2962 illos
2952 2907 3046 2976 qui
3083 2906 3136 2960 in
3171 2906 3372 2976 templo
3405 2921 3522 2960 mo-

1955 2991 2059 3046 rati
2092 2991 2332 3047 fuerant.
2367 2992 2491 3048 llznc
2525 2995 2693 3065 igitur
2714 2995 2893 3067 imago
2924 3013 3045 3068 qua:
3073 2997 3274 3067 sagitta
3305 3000 3525 3052 conlixa

258 3087 429 3143 sbtth
458 3087 493 3158 ἡ
529 3085 844 3152 τοξευθεῖσα
899 3085 980 3138 ἐτι
1032 3085 1302 3154 πάρεστιν
1352 3081 1551 3153 ἔχουσα
1598 3082 1696 3134 καὶ
1741 3079 1842 3151 τὴν

1953 3081 2085 3149 fuit,
2117 3084 2299 3140 adhuc
2354 3093 2644 3156 superest,
2694 3101 2758 3143 ac
2810 3090 3009 3145 vulnus
3063 3091 3276 3162 sagitta:
3307 3099 3360 3146 et
3389 3106 3519 3145 san—

259 3180 480 3253 πληγὴν
511 3181 616 3251 τῆς
666 3179 935 3248 σαγίτας,
969 3178 1062 3232 καὶ
1104 3176 1194 3229 τὸν
1221 3174 1391 3229 τύπον
1434 3172 1528 3226 τοῦ
1589 3172 1840 3242 αἵματος.

259 3272 455 3327 Πολλοὶ
499 3271 557 3326 δὲ
601 3270 739 3336 ζῶσι
793 3271 902 3324 τῶν
954 3268 1342 3340 θεασαμένων,
1377 3264 1472 3320 καὶ
1510 3263 1846 3336 εὑρεθέντων

254 3365 384 3418 τότε
407 3404 422 3428 ,
449 3365 538 3419 ὅτε
561 3363 624 3416 τὸ
647 3360 949 3432 παράδοξον
991 3358 1152 3414 τοῦτο
1197 3359 1409 3428 γέγονε.
1441 3357 1612 3428 Κάγὼ
1642 3358 1699 3411 δέ
1726 3401 1740 3423 ,
1771 3357 1846 3423 ὡς

254 3456 602 3528 Θεασάμενος
653 3455 753 3526 τὴν
810 3453 975 3507 αὑτοῦ
1015 3453 1222 3518 εἰκόνα,
1271 3452 1368 3506 καὶ
1424 3451 1792 3522 θεασάμενος,
1818 3449 1846 3503 ὅ

259 3547 584 3618 ἐθεασάμην
612 3543 846 3616 ἔγραψα.
879 3564 897 3596 ι

272 3640 375 3692 Ἐκ
413 3634 1052 3726 τοῦηβιορητοῦὶιξχιου
1095 3633 1544 3726 ΣυμεῶνοςὲξΟῦ
1584 3638 1842 3726 gavisa:-

337 3707 554 3777 ουρτοῦ
630 3705 741 3776 (5⁸5)
771 3745 784 3769 ,
852 3702 1140 3787 ἐεῆῖησις
1179 3702 1520 3772 ἡἈρκαδίου
1582 3702 1846 3772 ἀρχιεπι-

324 3778 861 3904 Ἔξὲῗὲἓέύπρου,
891 3779 1086 3846 θαυμα
1115 3774 1448 3828 ἑκατοστὸν
1495 3772 1849 3843 τριακοστὸν

380 3865 639 3916 ευτερον.

351 3961 371 3994 r
410 3938 614 4008 Συνέϐη
650 3937 709 3992 δὲ
737 3941 798 3992 ἐν
820 3940 943 3998 ταῖς
970 3936 1208 4007 ἡμέραις
1231 3935 1470 3998 ἐκείναις
1489 3973 1505 3999 ,
1535 3933 1706 4006 ἄνδρα
1728 3934 1849 3988 τινὰ

257 4031 529 4099 ἀγοραῖον
556 4028 656 4097 τῆς
685 4026 900 4089 πόλεως
944 4022 1276 4094 Ἀντιοχείας
1311 4027 1508 4094 συνοχῇ
1538 4024 1682 4094 δεινῇ
1723 4039 1852 4076 κατ-

258 4121 491 4193 έχεσθαι
517 4119 624 4174 ὑπὸ
656 4117 908 4188 δαίμονος
956 4113 1227 4187 πονηροῦ,
1259 4114 1358 4168 καὶ
1390 4113 1846 4183 στενοχωρεῖσθαι

255 4214 363 4268 ἐπὶ
386 4212 647 4284 χρόνους,
669 4209 813 4263 ὥστε
863 4205 1301 4276 καταπνίγεσθαι
1335 4205 1499 4260 αὐτὸν
1533 4205 1625 4258 ὑπ’
1659 4203 1844 4270 αὑτοῦ,

263 4301 656 4373 σφιγγομένων
705 4299 814 4352 τῶν
869 4296 1110 4350 πνοῐκῶν
1163 4295 1330 4350 αὐτοῦ
1351 4311 1365 4326 ·
1394 4288 1548 4359 οὗτος
1607 4293 1847 4349 ἀνελθὼν

262 4395 410 4468 πρὸς
435 4394 529 4449 τὸν
557 4393 775 4462 Ἅγιον,
803 4389 900 4444 καὶ
919 4387 1096 4460 τυχὼν
1129 4389 1323 4452 ἰάσεως
1348 4390 1471 4452 ταῖς
1511 4386 1682 4442 αὑτοῦ
1710 4405 1846 4457 πρε-

259 4487 496 4550 σϐείαις,
531 4485 624 4539 καὶ
663 4481 954 4554 γενόμενος
988 4481 1063 4545 ὡς
1111 4480 1278 4552 μηδὲν
1315 4479 1603 4544 πεπονθὼς
1652 4480 1846 4545 κακὸν,

1948 3175 2130 3246 guinis
2159 3175 2388 3248 vestigia
2437 3187 2749 3234 conservat.
2782 3179 2936 3236 Multi
2968 3189 3149 3236 autem
3194 3197 3383 3236 eorum
3427 3176 3524 3250 qui

1954 3279 2066 3320 rem
2099 3265 2394 3333 viderunt,
2430 3283 2606 3339 eoque
2656 3279 2904 3342 tempore
2940 3271 3272 3338 adfuerunt,
3301 3273 3530 3344 quando

1949 3355 2279 3413 miraculum
2331 3359 2479 3416 istud
2525 3363 2788 3433 contigit,
2826 3365 2880 3420 in
2939 3366 3080 3421 vivis
3120 3367 3282 3423 hodie
3325 3381 3524 3436 supcr-

1948 3447 2107 3503 stites
2146 3457 2295 3511 sunt.
2350 3451 2494 3518 Quin
2540 3468 2643 3523 ego
2677 3453 2796 3525 ipse
2846 3457 3140 3528 imaginem
3171 3457 3319 3522 vidi,
3367 3468 3423 3512 et
3466 3475 3530 3512 re

1947 3539 2294 3595 considerata
2314 3579 2330 3606 ,
2365 3542 2505 3598 hanc
2537 3544 2596 3599 in
2629 3547 2854 3616 scriptis
2886 3550 3074 3603 retuli.
3109 3569 3125 3600 ι

1949 3629 2031 3684 Ea:
2072 3632 2403 3714 vitansancti
2437 3632 2736 3714 S’ufneonis
2778 3639 3177 3714 miraculorum
3210 3641 3473 3714 eiectans
3503 3679 3524 3702 τ

2016 3703 2283 3825 pgraiige
2310 3703 2529 3756 Arcadii
2588 3706 2963 3774 archiepiscopi
3018 3709 3178 3778 Cypri
3218 3703 3523 3774 {miracu-

2111 3789 2129 3823 ι
2289 3810 2302 3824 .

2023 3946 2042 3978 ι
2070 3925 2312 3996 Contigit
2327 3933 2507 3983 autem
2539 3927 2648 3983 illis
2672 3928 3062 3994 diebus,utvir
3089 3931 3311 4001 quidam
3335 3933 3524 3988 Antio-

1948 4019 2084 4074 chiae
2125 4019 2364 4075 civitatis
2404 4027 2682 4074 mercator
2724 4035 2931 4092 angore
2972 4025 3123 4093 gravi
3170 4024 3238 4077 ab
3273 4024 3524 4094 improbo

1949 4112 2199 4167 daemone
2257 4121 2550 4166 vexaretur
2585 4152 2600 4178 ,
2633 4127 2811 4182 eoque
2860 4126 2956 4184 per
3017 4116 3223 4170 multos
3275 4115 3392 4171 dies
3435 4131 3523 4170 ar-

1947 4211 2191 4258 ctaretur
2209 4244 2224 4268 ,
2247 4203 2320 4260 ita
2345 4212 2406 4258 ut
2425 4203 2726 4261 interclusa
2750 4206 3114 4276 respiratione
3137 4208 3518 4264 suﬂ‘ocarctur.

1949 4297 2001 4353 is
2041 4296 2319 4367 profectus
2363 4297 2429 4354 ad
2473 4298 2734 4354 Sanctum
2760 4340 2773 4366 ,
2806 4300 3039 4370 ejusque
3073 4303 3327 4372 precibus
3368 4304 3520 4359 sani-

1951 4398 2116 4444 tatem
2153 4399 2461 4454 assecutus,
2497 4399 2558 4444 ut
2605 4390 2741 4446 nihil
2784 4392 3020 4447 subinde
3052 4393 3179 4447 mali
3216 4401 3515 4464 pateretur,

1948 4496 2071 4537 cum
2101 4481 2323 4537 domum
2351 4482 2607 4538 rediisset
2629 4523 2643 4547 ,
2678 4483 2733 4538 in
2785 4486 2924 4554 grati
2970 4484 3137 4538 animi
3191 4499 3520 4541 monumen-

257 4580 366 4635 καὶ
400 4576 712 4632 ἐπανελθὼν
730 4578 811 4639 εἰς
836 4575 929 4629 τὸν
964 4574 1097 4628 ἴδιον
1129 4569 1281 4628 οἷκον
1301 4615 1317 4640 ,
1341 4575 1464 4627 κατ’
1495 4573 1842 4645 εὐχαριστίαν

1953 4582 2061 4628 tum
2085 4613 2099 4637 ,
2133 4573 2189 4627 in
2231 4574 2454 4644 publico
2493 4576 2908 4646 conspicuoque
2942 4577 3181 4632 civitatis
3223 4578 3381 4642 loco,
3424 4594 3521 4633 su-

258 4674 570 4744 ἁνέστησεν
607 4670 756 4742 αὐτῷ
787 4668 972 4723 εἰκόνα
999 4669 1060 4723 ἐν
1076 4667 1324 4738 δημοσίῳ
1353 4667 1450 4720 καὶ
1486 4668 1720 4737 ἐμφανεῖ
1749 4667 1842 4737 τῆς

1953 4680 2045 4734 pra
2099 4664 2330 4720 udicium
2376 4681 2494 4721 suae
2529 4666 2754 4734 januam
2798 4669 3086 4739 imaginem
3153 4671 3273 4739 ejus
3320 4673 3517 4726 erexit.

262 4763 480 4829 πόλεως
538 4763 712 4834 τόπῳ,
747 4760 932 4815 ἐπάνω
963 4759 1072 4813 τῶν
1120 4759 1302 4832 θυρῶν
1343 4759 1439 4814 τοῦ
1481 4757 1842 4829 ἐργαστηρίου

1953 4753 2102 4810 Hanc
2165 4755 2464 4810 inﬁdelium
2535 4758 2758 4827 quidam
2831 4761 3164 4830 conspicati,
3222 4760 3521 4815 luminibus

257 4856 457 4912 αὐτοῦ.
503 4855 724 4918 Ἰδόντες
748 4853 805 4906 δὲ
832 4853 1006 4922 αὑτήν
1032 4869 1180 4915 τινες
1218 4852 1330 4905 τῶν
1381 4851 1648 4917 ἀπίστων,
1670 4850 1842 4915 οὕτως

1953 4846 2191 4916 velisque
2241 4846 2470 4903 honoris
2521 4861 2654 4920 ergo
2703 4848 3052 4914 decoratam,
3109 4853 3298 4921 repleti
3363 4854 3518 4914 zelo,

259 4949 506 5020 ἐντίμως
567 4947 706 5020 μετὰ
760 4945 958 5016 φώτων
995 4945 1090 4998 καὶ
1121 4944 1301 5015 βήλων
1329 4942 1716 5013 δοξαζομένην,
1755 4944 1842 4998 καὶ

1953 4937 2157 4994 similes
2185 4938 2271 4993 sui
2300 4938 2544 4996 nefarios
2571 4941 2822 4998 homines
2849 4944 3236 5009 concitarunt,
3275 4952 3332 5000 ut
3360 4943 3548 4999 turba'

260 5040 600 5111 πλησθέντες
634 5037 822 5108 ζήλου,
851 5036 1224 5106 συνετάραξαν
1259 5037 1388 5098 τοὺς
1418 5033 1636 5105 ὁμοίους
1668 5033 1842 5088 αὐτῶν

1953 5029 2282 5084 conveniens
2335 5031 2674 5087 tumultuose
2734 5035 3156 5090 succlamaverit
3197 5054 3210 5090 :
3255 5034 3295 5088 Ε
3341 5035 3523 5090 medio

256 5133 539 5195 ἀτάκτους
594 5130 916 5201 ἀνθρώπως
937 5169 952 5194 ,
988 5127 1128 5180 ὥστε
1182 5127 1460 5180 συνελθεῖν
1506 5124 1712 5194 πλῆθος
1755 5125 1842 5177 καὶ

1953 5121 2180 5176 tollatur
2228 5123 2320 5178 ille
2367 5124 2460 5193 qui
2509 5125 2624 5180 haec
2679 5124 2841 5190 fecit,
2883 5137 2936 5180 et
2978 5127 3158 5198 imago
3205 5127 3519 5195 deiiciatur.

1786 5299 2009 5360 NOTAE.

347 5421 458 5498 (3.5)
495 5421 1086 5498 Toﬁﬂavpatovproﬁ
1107 5459 1120 5481 ,
1155 5422 1536 5498 miraculorum
1565 5419 1844 5498 eﬂi'ctoris.
1954 5435 2124 5476 monte
2147 5423 2464 5498 Thaumasto
2485 5439 2500 5475 :
2521 5425 2619 5498 qui
2638 5422 3002 5498 nempe_juxta
3016 5425 3360 5498 Antiochiam
3379 5438 3520 5494 erat,

269 5490 584 5568 Lectionum
609 5493 750 5568 hanc
775 5491 1090 5568 mutandam
1114 5490 1471 5568 unoncensuin,
1492 5497 1712 5568 propter
1734 5490 1848 5568 haec
1953 5504 2006 5568 et
2045 5510 2213 5568 supra
2240 5510 2399 5568 quem
2434 5490 2793 5568 iu_column_a
2827 5490 3065 5568 Symeon
3086 5496 3340 5568 ﬁaxrjatv
3385 5490 3516 5568 egit,

273 5499 584 5550 Lectionum
610 5499 750 5547 hanc
775 5499 1090 5545 mutandam
1114 5503 1460 5568 IIOILCCIISUJ,
1492 5499 1712 5568 propter
1735 5499 1848 5542 haec
1953 5504 2006 5547 ct
2045 5510 2207 5562 supra
2240 5510 2399 5563 quem
2434 5499 2486 5546 in
2540 5499 2793 5548 columna
2827 5499 3065 5568 Symeon
3108 5499 3340 5567 ἄσκησιν
3385 5514 3412 5552 e
3474 5511 3516 5562 t,

273 5566 608 5641 verbaqua:
663 5563 1102 5641 subsequuntur,
1137 5559 1322 5641 θαυμα
1358 5557 1501 5641 ρλβ’..
1533 5560 1849 5641 miraculum
1953 5563 2170 5641 iustine
2196 5565 2448 5641 juuiurc,
2484 5563 2704 5641 Tiberio
2749 5563 2790 5618 Il
2827 5573 2882 5620 et
2904 5564 3176 5641 ⁸ῌιιιινὶιὶί)
3219 5566 3387 5641 impp.
3418 5499 3524 5625 ξῦν

274 5625 616 5688 centesimum
661 5625 984 5685 tricesimum
1035 5625 1483 5682 secundnntfsed
1518 5639 1624 5683 act.
1649 5629 1682 5681 ι
1708 5646 1837 5696 syn-

1122 5633 1341 5708 nmrt‘um.
1378 5633 1483 5682 Sed
1500 5639 1624 5708 ~ac‘t.
1649 5633 1682 5681 4
1708 5646 1837 5696 syn-

1953 5634 2086 5689 lesis
2127 5634 2318 5704 lii-agr.
2357 5635 2447 5688 lib.
2476 5651 2524 5690 vr
2556 5633 2721 5702 Ilist.,
2747 5651 2868 5706 cap.
2900 5635 2989 5689 Ἡ.

274 5703 369 5760 odi
423 5720 495 5759 vn
535 5703 1006 5774 cognominatur:
1046 5698 1149 5750 Τοῦ
1201 5698 1527 5767 Θαυμαστοῦ
1578 5699 1758 5769 ὄρους,
1809 5717 1843 5751 a
