  <div class='ocr_page' id='page_1' title='image "/cluster/home/n/w/nwhite01/storage/ocr_20150623/94/hvd.32044073502098/707.png"; bbox 0 0 3928 6196; ppageno 0'>
   <div class='ocr_carea' id='block_1_1' title="bbox 396 241 532 305">
    <p class='ocr_par' dir='ltr' id='par_1_1' title="bbox 396 241 532 305">
     <span class='ocr_line' id='line_1_1' title="bbox 396 241 532 305; baseline -0.007 0"><span class='ocrx_word' id='word_1_1' title='bbox 396 241 532 305; x_wconf 71' lang='lat'><strong>“03</strong></span> 
     </span>
    </p>
   </div>
   <div class='ocr_carea' id='block_1_2' title="bbox 469 357 715 414">
    <p class='ocr_par' dir='ltr' id='par_1_2' title="bbox 469 357 715 414">
     <span class='ocr_line' id='line_1_2' title="bbox 469 357 715 414; baseline -0.008 -1"><span class='ocrx_word' id='word_1_2' title='bbox 469 359 552 414; x_wconf 69' lang='lat' dir='ltr'><strong>Ea:</strong></span> <span class='ocrx_word' id='word_1_3' title='bbox 579 357 715 413; x_wconf 82' lang='lat' dir='ltr'><strong>libro</strong></span> 
     </span>
    </p>
   </div>
   <div class='ocr_carea' id='block_1_3' title="bbox 819 423 1516 480">
    <p class='ocr_par' dir='ltr' id='par_1_3' title="bbox 819 423 1516 480">
     <span class='ocr_line' id='line_1_3' title="bbox 819 423 1516 480; baseline -0.001 0"><span class='ocrx_word' id='word_1_4' title='bbox 819 426 1006 480; x_wconf 80' lang='lat' dir='ltr'><strong>mentis</strong></span> <span class='ocrx_word' id='word_1_5' title='bbox 1032 424 1100 477; x_wconf 84' lang='lat' dir='ltr'><strong>ad</strong></span> <span class='ocrx_word' id='word_1_6' title='bbox 1127 423 1516 479; x_wconf 69' lang='lat' dir='ltr'><strong>Alexandrum.</strong></span> 
     </span>
    </p>
   </div>
   <div class='ocr_carea' id='block_1_4' title="bbox 474 576 1962 655">
    <p class='ocr_par' dir='ltr' id='par_1_4' title="bbox 474 576 1962 655">
     <span class='ocr_line' id='line_1_4' title="bbox 474 576 1962 655; baseline -0.005 -16"><span class='ocrx_word' id='word_1_7' title='bbox 474 605 494 639; x_wconf 72' lang='grc' dir='ltr'><strong>ι</strong></span> <span class='ocrx_word' id='word_1_8' title='bbox 512 587 702 655; x_wconf 88' lang='lat' dir='ltr'><strong>ltaque</strong></span> <span class='ocrx_word' id='word_1_9' title='bbox 719 597 829 638; x_wconf 92' lang='lat' dir='ltr'><strong>non</strong></span> <span class='ocrx_word' id='word_1_10' title='bbox 847 596 909 637; x_wconf 89' lang='lat' dir='ltr'><strong>ea</strong></span> <span class='ocrx_word' id='word_1_11' title='bbox 932 579 1279 638; x_wconf 88' lang='lat' dir='ltr'><strong>solummodo</strong></span> <span class='ocrx_word' id='word_1_12' title='bbox 1294 576 1482 634; x_wconf 91' lang='lat' dir='ltr'><strong>laudat</strong></span> <span class='ocrx_word' id='word_1_13' title='bbox 1501 593 1624 649; x_wconf 87' lang='lat' dir='ltr'><strong>quae</strong></span> <span class='ocrx_word' id='word_1_14' title='bbox 1645 578 1789 632; x_wconf 89' lang='lat' dir='ltr'><strong>bona</strong></span> <span class='ocrx_word' id='word_1_15' title='bbox 1812 584 1962 642; x_wconf 89' lang='lat' dir='ltr'><strong>sunt,</strong></span> 
     </span>
    </p>
   </div>
   <div class='ocr_carea' id='block_1_5' title="bbox 398 668 2027 747">
    <p class='ocr_par' dir='ltr' id='par_1_5' title="bbox 398 668 2027 747">
     <span class='ocr_line' id='line_1_5' title="bbox 398 668 2027 747; baseline -0.007 -13"><span class='ocrx_word' id='word_1_16' title='bbox 398 677 495 735; x_wconf 87' lang='lat' dir='ltr'><strong>sed</strong></span> <span class='ocrx_word' id='word_1_17' title='bbox 517 678 634 747; x_wconf 89' lang='lat' dir='ltr'><strong>ipse</strong></span> <span class='ocrx_word' id='word_1_18' title='bbox 651 687 866 745; x_wconf 90' lang='lat' dir='ltr'><strong>quoque</strong></span> <span class='ocrx_word' id='word_1_19' title='bbox 887 675 1064 728; x_wconf 89' lang='lat' dir='ltr'><strong>bonus</strong></span> <span class='ocrx_word' id='word_1_20' title='bbox 1085 686 1207 726; x_wconf 88' lang='lat' dir='ltr'><strong>esse</strong></span> <span class='ocrx_word' id='word_1_21' title='bbox 1229 670 1515 724; x_wconf 72' lang='lat' dir='ltr'><strong>adnititur.</strong></span> <span class='ocrx_word' id='word_1_22' title='bbox 1537 668 1717 738; x_wconf 81' lang='lat' dir='ltr'><strong>Atque</strong></span> <span class='ocrx_word' id='word_1_23' title='bbox 1736 684 1801 723; x_wconf 79' lang='lat' dir='ltr'><strong>ex</strong></span> <span class='ocrx_word' id='word_1_24' title='bbox 1821 668 1966 723; x_wconf 89' lang='lat' dir='ltr'><strong>bono</strong></span> <span class='ocrx_word' id='word_1_25' title='bbox 2012 678 2027 695; x_wconf 52' lang='grc' dir='ltr'><strong>ν’</strong></span> 
     </span>
    </p>
   </div>
   <div class='ocr_carea' id='block_1_6' title="bbox 401 758 1975 836">
    <p class='ocr_par' dir='ltr' id='par_1_6' title="bbox 401 758 1975 836">
     <span class='ocr_line' id='line_1_6' title="bbox 401 758 1975 836; baseline -0.006 -15"><span class='ocrx_word' id='word_1_26' title='bbox 401 768 653 836; x_wconf 77' lang='lat' dir='ltr'><strong>ﬁdelique</strong></span> <span class='ocrx_word' id='word_1_27' title='bbox 675 780 834 822; x_wconf 84' lang='lat' dir='ltr'><strong>servo</strong></span> <span class='ocrx_word' id='word_1_28' title='bbox 860 779 954 834; x_wconf 89' lang='lat' dir='ltr'><strong>per</strong></span> <span class='ocrx_word' id='word_1_29' title='bbox 982 762 1305 817; x_wconf 85' lang='lat' dir='ltr'><strong>charitatem</strong></span> <span class='ocrx_word' id='word_1_30' title='bbox 1336 758 1550 813; x_wconf 89' lang='lat' dir='ltr'><strong>amicus</strong></span> <span class='ocrx_word' id='word_1_31' title='bbox 1573 758 1775 822; x_wconf 83' lang='lat' dir='ltr'><strong>evadit,</strong></span> <span class='ocrx_word' id='word_1_32' title='bbox 1805 774 1975 828; x_wconf 12' lang='lat' dir='ltr'><strong>prop»,</strong></span> 
     </span>
    </p>
   </div>
   <div class='ocr_carea' id='block_1_7' title="bbox 400 847 1970 921">
    <p class='ocr_par' dir='ltr' id='par_1_7' title="bbox 400 847 1970 921">
     <span class='ocr_line' id='line_1_7' title="bbox 400 847 1970 921; baseline -0.003 -14"><span class='ocrx_word' id='word_1_33' title='bbox 400 862 483 909; x_wconf 86' lang='lat' dir='ltr'><strong>ter</strong></span> <span class='ocrx_word' id='word_1_34' title='bbox 506 854 722 908; x_wconf 85' lang='lat' dir='ltr'><strong>habitus</strong></span> <span class='ocrx_word' id='word_1_35' title='bbox 745 851 1137 921; x_wconf 77' lang='lat' dir='ltr'><strong>perfectionem</strong></span> <span class='ocrx_word' id='word_1_36' title='bbox 1162 863 1326 918; x_wconf 89' lang='lat' dir='ltr'><strong>quam</strong></span> <span class='ocrx_word' id='word_1_37' title='bbox 1349 862 1413 902; x_wconf 82' lang='lat' dir='ltr'><strong>ex</strong></span> <span class='ocrx_word' id='word_1_38' title='bbox 1441 862 1564 901; x_wconf 85' lang='lat' dir='ltr'><strong>vera</strong></span> <span class='ocrx_word' id='word_1_39' title='bbox 1600 847 1890 917; x_wconf 85' lang='lat' dir='ltr'><strong>disciplina</strong></span> <span class='ocrx_word' id='word_1_40' title='bbox 1913 855 1970 903; x_wconf 84' lang='lat' dir='ltr'><strong>et</strong></span> 
     </span>
    </p>
   </div>
   <div class='ocr_carea' id='block_1_8' title="bbox 400 940 1970 1011">
    <p class='ocr_par' dir='ltr' id='par_1_8' title="bbox 400 940 1970 1011">
     <span class='ocr_line' id='line_1_8' title="bbox 400 940 1970 1011; baseline -0.004 -12"><span class='ocrx_word' id='word_1_41' title='bbox 400 945 790 999; x_wconf 80' lang='lat' dir='ltr'><strong>exercitatione</strong></span> <span class='ocrx_word' id='word_1_42' title='bbox 822 940 1097 1011; x_wconf 79' lang='lat' dir='ltr'><strong>frequenti</strong></span> <span class='ocrx_word' id='word_1_43' title='bbox 1130 941 1345 995; x_wconf 89' lang='lat' dir='ltr'><strong>sincere</strong></span> <span class='ocrx_word' id='word_1_44' title='bbox 1373 940 1770 1008; x_wconf 83' lang='lat' dir='ltr'><strong>consequitur;</strong></span> <span class='ocrx_word' id='word_1_45' title='bbox 1804 940 1875 992; x_wconf 90' lang='lat' dir='ltr'><strong>ita</strong></span> <span class='ocrx_word' id='word_1_46' title='bbox 1910 947 1970 993; x_wconf 90' lang='lat' dir='ltr'><strong>ut</strong></span> 
     </span>
    </p>
   </div>
   <div class='ocr_carea' id='block_1_9' title="bbox 403 1030 1971 1100">
    <p class='ocr_par' dir='ltr' id='par_1_9' title="bbox 403 1030 1971 1100">
     <span class='ocr_line' id='line_1_9' title="bbox 403 1030 1971 1100; baseline -0.004 -9"><span class='ocrx_word' id='word_1_47' title='bbox 403 1037 535 1091; x_wconf 85' lang='lat' dir='ltr'><strong>nihil</strong></span> <span class='ocrx_word' id='word_1_48' title='bbox 592 1051 696 1087; x_wconf 82' lang='grc' dir='ltr'><strong>ιιοη</strong></span> <span class='ocrx_word' id='word_1_49' title='bbox 746 1040 984 1095; x_wconf 81' lang='lat' dir='ltr'><strong>moveat,</strong></span> <span class='ocrx_word' id='word_1_50' title='bbox 1046 1045 1154 1099; x_wconf 88' lang='lat' dir='ltr'><strong>quo</strong></span> <span class='ocrx_word' id='word_1_51' title='bbox 1192 1030 1479 1099; x_wconf 86' lang='lat' dir='ltr'><strong>perveniat</strong></span> <span class='ocrx_word' id='word_1_52' title='bbox 1536 1032 1605 1084; x_wconf 90' lang='lat' dir='ltr'><strong>ad</strong></span> <span class='ocrx_word' id='word_1_53' title='bbox 1637 1030 1971 1100; x_wconf 75' lang='lat' dir='ltr'><strong>cognitionis</strong></span> 
     </span>
    </p>
   </div>
   <div class='ocr_carea' id='block_1_10' title="bbox 404 1122 1972 1196">
    <p class='ocr_par' dir='ltr' id='par_1_10' title="bbox 404 1122 1972 1196">
     <span class='ocr_line' id='line_1_10' title="bbox 404 1122 1972 1196; baseline -0.003 -13"><span class='ocrx_word' id='word_1_54' title='bbox 404 1129 703 1196; x_wconf 73' lang='lat' dir='ltr'><strong>fastigium.</strong></span> <span class='ocrx_word' id='word_1_55' title='bbox 740 1125 877 1178; x_wconf 88' lang='lat' dir='ltr'><strong>Tum</strong></span> <span class='ocrx_word' id='word_1_56' title='bbox 912 1123 1242 1179; x_wconf 82' lang='lat' dir='ltr'><strong>exornandis</strong></span> <span class='ocrx_word' id='word_1_57' title='bbox 1270 1124 1514 1178; x_wconf 89' lang='lat' dir='ltr'><strong>moribus</strong></span> <span class='ocrx_word' id='word_1_58' title='bbox 1542 1122 1830 1187; x_wconf 86' lang='lat' dir='ltr'><strong>incumbit,</strong></span> <span class='ocrx_word' id='word_1_59' title='bbox 1858 1123 1972 1179; x_wconf 90' lang='lat' dir='ltr'><strong>oris</strong></span> 
     </span>
    </p>
   </div>
   <div class='ocr_carea' id='block_1_11' title="bbox 404 1214 1971 1290">
    <p class='ocr_par' dir='ltr' id='par_1_11' title="bbox 404 1214 1971 1290">
     <span class='ocr_line' id='line_1_11' title="bbox 404 1214 1971 1290; baseline -0.004 -15"><span class='ocrx_word' id='word_1_60' title='bbox 404 1229 615 1290; x_wconf 86' lang='lat' dir='ltr'><strong>gestum</strong></span> <span class='ocrx_word' id='word_1_61' title='bbox 653 1217 963 1286; x_wconf 91' lang='lat' dir='ltr'><strong>componit,</strong></span> <span class='ocrx_word' id='word_1_62' title='bbox 1008 1217 1301 1287; x_wconf 87' lang='lat' dir='ltr'><strong>omniaque</strong></span> <span class='ocrx_word' id='word_1_63' title='bbox 1344 1216 1436 1270; x_wconf 91' lang='lat' dir='ltr'><strong>illa</strong></span> <span class='ocrx_word' id='word_1_64' title='bbox 1490 1230 1613 1285; x_wconf 79' lang='lat' dir='ltr'><strong>qua:</strong></span> <span class='ocrx_word' id='word_1_65' title='bbox 1658 1214 1971 1285; x_wconf 84' lang='lat' dir='ltr'><strong>gnosticum</strong></span> 
     </span>
    </p>
   </div>
   <div class='ocr_carea' id='block_1_12' title="bbox 404 1305 1973 1374">
    <p class='ocr_par' dir='ltr' id='par_1_12' title="bbox 404 1305 1973 1374">
     <span class='ocr_line' id='line_1_12' title="bbox 404 1305 1973 1374; baseline -0.004 -7"><span class='ocrx_word' id='word_1_66' title='bbox 404 1326 595 1367; x_wconf 82' lang='lat' dir='ltr'><strong>verum</strong></span> <span class='ocrx_word' id='word_1_67' title='bbox 649 1308 865 1371; x_wconf 87' lang='lat' dir='ltr'><strong>decent,</strong></span> <span class='ocrx_word' id='word_1_68' title='bbox 898 1316 1225 1362; x_wconf 86' lang='lat' dir='ltr'><strong>ornamenta</strong></span> <span class='ocrx_word' id='word_1_69' title='bbox 1254 1314 1308 1362; x_wconf 89' lang='lat' dir='ltr'><strong>et</strong></span> <span class='ocrx_word' id='word_1_70' title='bbox 1337 1306 1495 1361; x_wconf 85' lang='lat' dir='ltr'><strong>dotes</strong></span> <span class='ocrx_word' id='word_1_71' title='bbox 1537 1314 1825 1374; x_wconf 79' lang='lat' dir='ltr'><strong>Comparat</strong></span> <span class='ocrx_word' id='word_1_72' title='bbox 1847 1323 1863 1372; x_wconf 86' lang='lat'><strong>;</strong></span> <span class='ocrx_word' id='word_1_73' title='bbox 1888 1305 1973 1360; x_wconf 85' lang='lat' dir='ltr'><strong>id-</strong></span> 
     </span>
    </p>
   </div>
   <div class='ocr_carea' id='block_1_13' title="bbox 406 1396 1975 1473">
    <p class='ocr_par' dir='ltr' id='par_1_13' title="bbox 406 1396 1975 1473">
     <span class='ocr_line' id='line_1_13' title="bbox 406 1396 1975 1473; baseline -0.003 -18"><span class='ocrx_word' id='word_1_74' title='bbox 406 1417 514 1473; x_wconf 88' lang='lat' dir='ltr'><strong>que</strong></span> <span class='ocrx_word' id='word_1_75' title='bbox 585 1399 1129 1470; x_wconf 81' lang='lat' dir='ltr'><strong>speciosissimarum</strong></span> <span class='ocrx_word' id='word_1_76' title='bbox 1183 1398 1483 1468; x_wconf 76' lang='lat' dir='ltr'><strong>imaginum</strong></span> <span class='ocrx_word' id='word_1_77' title='bbox 1529 1396 1755 1451; x_wconf 90' lang='lat' dir='ltr'><strong>assidua</strong></span> <span class='ocrx_word' id='word_1_78' title='bbox 1789 1398 1975 1468; x_wconf 85' lang='lat' dir='ltr'><strong>inspe-</strong></span> 
     </span>
    </p>
   </div>
   <div class='ocr_carea' id='block_1_14' title="bbox 408 1488 1978 1561">
    <p class='ocr_par' dir='ltr' id='par_1_14' title="bbox 408 1488 1978 1561">
     <span class='ocr_line' id='line_1_14' title="bbox 408 1488 1978 1561; baseline -0.003 -13"><span class='ocrx_word' id='word_1_79' title='bbox 408 1496 625 1554; x_wconf 87' lang='lat' dir='ltr'><strong>ctione,</strong></span> <span class='ocrx_word' id='word_1_80' title='bbox 691 1501 820 1561; x_wconf 88' lang='lat' dir='ltr'><strong>puta</strong></span> <span class='ocrx_word' id='word_1_81' title='bbox 881 1491 1242 1558; x_wconf 88' lang='lat' dir='ltr'><strong>plurimorum</strong></span> <span class='ocrx_word' id='word_1_82' title='bbox 1310 1490 1527 1544; x_wconf 89' lang='lat' dir='ltr'><strong>illorum</strong></span> <span class='ocrx_word' id='word_1_83' title='bbox 1586 1488 1679 1559; x_wconf 90' lang='lat' dir='ltr'><strong>qui</strong></span> <span class='ocrx_word' id='word_1_84' title='bbox 1730 1497 1860 1543; x_wconf 88' lang='lat' dir='ltr'><strong>ante</strong></span> <span class='ocrx_word' id='word_1_85' title='bbox 1915 1504 1978 1544; x_wconf 86' lang='lat' dir='ltr'><strong>se</strong></span> 
     </span>
    </p>
   </div>
   <div class='ocr_carea' id='block_1_15' title="bbox 411 1579 1979 1655">
    <p class='ocr_par' dir='ltr' id='par_1_15' title="bbox 411 1579 1979 1655">
     <span class='ocr_line' id='line_1_15' title="bbox 411 1579 1979 1655; baseline -0.002 -19"><span class='ocrx_word' id='word_1_86' title='bbox 411 1584 638 1655; x_wconf 86' lang='lat' dir='ltr'><strong>perfecti</strong></span> <span class='ocrx_word' id='word_1_87' title='bbox 668 1583 909 1638; x_wconf 88' lang='lat' dir='ltr'><strong>fuerunt.</strong></span> <span class='ocrx_word' id='word_1_88' title='bbox 940 1581 1313 1644; x_wconf 86' lang='lat' dir='ltr'><strong>Patriarchas,</strong></span> <span class='ocrx_word' id='word_1_89' title='bbox 1345 1580 1659 1649; x_wconf 85' lang='lat' dir='ltr'><strong>complures</strong></span> <span class='ocrx_word' id='word_1_90' title='bbox 1692 1579 1819 1635; x_wconf 88' lang='lat' dir='ltr'><strong>item</strong></span> <span class='ocrx_word' id='word_1_91' title='bbox 1846 1594 1979 1649; x_wconf 84' lang='lat' dir='ltr'><strong>pro-</strong></span> 
     </span>
    </p>
   </div>
   <div class='ocr_carea' id='block_1_16' title="bbox 414 1667 1978 1742">
    <p class='ocr_par' dir='ltr' id='par_1_16' title="bbox 414 1667 1978 1742">
     <span class='ocr_line' id='line_1_16' title="bbox 414 1667 1978 1742; baseline -0.001 -17"><span class='ocrx_word' id='word_1_92' title='bbox 414 1674 625 1742; x_wconf 87' lang='lat' dir='ltr'><strong>pltetas,</strong></span> <span class='ocrx_word' id='word_1_93' title='bbox 644 1671 1187 1740; x_wconf 82' lang='lat' dir='ltr'><strong>innumerabilesque</strong></span> <span class='ocrx_word' id='word_1_94' title='bbox 1212 1670 1435 1740; x_wconf 79' lang='lat' dir='ltr'><strong>angelos</strong></span> <span class='ocrx_word' id='word_1_95' title='bbox 1464 1669 1816 1735; x_wconf 85' lang='lat' dir='ltr'><strong>considerat;</strong></span> <span class='ocrx_word' id='word_1_96' title='bbox 1845 1667 1978 1738; x_wconf 90' lang='lat' dir='ltr'><strong>quin</strong></span> 
     </span>
    </p>
   </div>
   <div class='ocr_carea' id='block_1_17' title="bbox 410 1760 1977 1832">
    <p class='ocr_par' dir='ltr' id='par_1_17' title="bbox 410 1760 1977 1832">
     <span class='ocr_line' id='line_1_17' title="bbox 410 1760 1977 1832; baseline -0.002 -15"><span class='ocrx_word' id='word_1_97' title='bbox 410 1772 466 1818; x_wconf 90' lang='lat' dir='ltr'><strong>et</strong></span> <span class='ocrx_word' id='word_1_98' title='bbox 497 1764 649 1817; x_wconf 90' lang='lat' dir='ltr'><strong>illum</strong></span> <span class='ocrx_word' id='word_1_99' title='bbox 683 1762 860 1831; x_wconf 90' lang='lat' dir='ltr'><strong>ipsum</strong></span> <span class='ocrx_word' id='word_1_100' title='bbox 885 1763 979 1832; x_wconf 90' lang='lat' dir='ltr'><strong>qui</strong></span> <span class='ocrx_word' id='word_1_101' title='bbox 1019 1777 1188 1831; x_wconf 86' lang='lat' dir='ltr'><strong>super</strong></span> <span class='ocrx_word' id='word_1_102' title='bbox 1209 1760 1396 1816; x_wconf 89' lang='lat' dir='ltr'><strong>omnia</strong></span> <span class='ocrx_word' id='word_1_103' title='bbox 1429 1760 1691 1816; x_wconf 88' lang='lat' dir='ltr'><strong>Dominus</strong></span> <span class='ocrx_word' id='word_1_104' title='bbox 1717 1767 1822 1826; x_wconf 83' lang='lat' dir='ltr'><strong>est,</strong></span> <span class='ocrx_word' id='word_1_105' title='bbox 1848 1760 1977 1830; x_wconf 88' lang='lat' dir='ltr'><strong>qui-</strong></span> 
     </span>
    </p>
   </div>
   <div class='ocr_carea' id='block_1_18' title="bbox 411 1848 1977 1924">
    <p class='ocr_par' dir='ltr' id='par_1_18' title="bbox 411 1848 1977 1924">
     <span class='ocr_line' id='line_1_18' title="bbox 411 1848 1977 1924; baseline -0.002 -17"><span class='ocrx_word' id='word_1_106' title='bbox 411 1868 521 1924; x_wconf 91' lang='lat' dir='ltr'><strong>que</strong></span> <span class='ocrx_word' id='word_1_107' title='bbox 544 1852 730 1908; x_wconf 86' lang='lat' dir='ltr'><strong>docuit</strong></span> <span class='ocrx_word' id='word_1_108' title='bbox 768 1860 822 1908; x_wconf 91' lang='lat' dir='ltr'><strong>et</strong></span> <span class='ocrx_word' id='word_1_109' title='bbox 848 1853 1071 1922; x_wconf 90' lang='lat' dir='ltr'><strong>planum</strong></span> <span class='ocrx_word' id='word_1_110' title='bbox 1106 1848 1262 1912; x_wconf 89' lang='lat' dir='ltr'><strong>fecit,</strong></span> <span class='ocrx_word' id='word_1_111' title='bbox 1293 1849 1630 1917; x_wconf 89' lang='lat' dir='ltr'><strong>impossibile</strong></span> <span class='ocrx_word' id='word_1_112' title='bbox 1657 1851 1977 1919; x_wconf 86' lang='lat' dir='ltr'><strong>neutiquam</strong></span> 
     </span>
    </p>
   </div>
   <div class='ocr_carea' id='block_1_19' title="bbox 414 1939 1980 2013">
    <p class='ocr_par' dir='ltr' id='par_1_19' title="bbox 414 1939 1980 2013">
     <span class='ocr_line' id='line_1_19' title="bbox 414 1939 1980 2013; baseline -0.001 -14"><span class='ocrx_word' id='word_1_113' title='bbox 414 1959 559 2007; x_wconf 89' lang='lat' dir='ltr'><strong>esse,</strong></span> <span class='ocrx_word' id='word_1_114' title='bbox 596 1944 728 2013; x_wconf 91' lang='lat' dir='ltr'><strong>quin</strong></span> <span class='ocrx_word' id='word_1_115' title='bbox 755 1943 945 1998; x_wconf 90' lang='lat' dir='ltr'><strong>eadem</strong></span> <span class='ocrx_word' id='word_1_116' title='bbox 996 1957 1120 1996; x_wconf 92' lang='lat' dir='ltr'><strong>cum</strong></span> <span class='ocrx_word' id='word_1_117' title='bbox 1160 1940 1593 1998; x_wconf 88' lang='lat' dir='ltr'><strong>celsitudinibus</strong></span> <span class='ocrx_word' id='word_1_118' title='bbox 1624 1941 1738 1997; x_wconf 84' lang='lat' dir='ltr'><strong>illis</strong></span> <span class='ocrx_word' id='word_1_119' title='bbox 1760 1939 1980 1997; x_wconf 80' lang='lat' dir='ltr'><strong>vivendi</strong></span> 
     </span>
    </p>
   </div>
   <div class='ocr_carea' id='block_1_20' title="bbox 415 2048 1134 2103">
    <p class='ocr_par' dir='ltr' id='par_1_20' title="bbox 415 2048 1134 2103">
     <span class='ocr_line' id='line_1_20' title="bbox 415 2048 1134 2103; baseline -0.003 -17"><span class='ocrx_word' id='word_1_120' title='bbox 415 2048 664 2088; x_wconf 87' lang='lat' dir='ltr'><strong>normam</strong></span> <span class='ocrx_word' id='word_1_121' title='bbox 689 2048 1070 2103; x_wconf 69' lang='lat' dir='ltr'><strong>assequamur.</strong></span> <span class='ocrx_word' id='word_1_122' title='bbox 1114 2050 1134 2084; x_wconf 70' lang='grc' dir='ltr'><strong>Ι</strong></span> 
     </span>
    </p>
   </div>
   <div class='ocr_carea' id='block_1_21' title="bbox 586 2121 1755 2195">
    <p class='ocr_par' dir='ltr' id='par_1_21' title="bbox 586 2121 1755 2195">
     <span class='ocr_line' id='line_1_21' title="bbox 586 2121 1755 2195; baseline 0.002 -18"><span class='ocrx_word' id='word_1_123' title='bbox 586 2121 814 2177; x_wconf 68' lang='grc' dir='ltr'><strong>ιδαηοιὶ</strong></span> <span class='ocrx_word' id='word_1_124' title='bbox 852 2123 1115 2179; x_wconf 84' lang='lat' dir='ltr'><strong>Theodori</strong></span> <span class='ocrx_word' id='word_1_125' title='bbox 1144 2125 1374 2195; x_wconf 76' lang='lat' dir='ltr'><strong>episcopi</strong></span> <span class='ocrx_word' id='word_1_126' title='bbox 1424 2122 1755 2191; x_wconf 77' lang='lat' dir='ltr'><strong>Pentapolis.</strong></span> 
     </span>
    </p>
   </div>
   <div class='ocr_carea' id='block_1_22' title="bbox 494 2209 1985 2284">
    <p class='ocr_par' dir='ltr' id='par_1_22' title="bbox 494 2209 1985 2284">
     <span class='ocr_line' id='line_1_22' title="bbox 494 2209 1985 2284; baseline 0.001 -21"><span class='ocrx_word' id='word_1_127' title='bbox 494 2229 514 2263; x_wconf 74' lang='grc' dir='ltr'><strong>α</strong></span> <span class='ocrx_word' id='word_1_128' title='bbox 553 2209 793 2266; x_wconf 74' lang='lat' dir='ltr'><strong>Rursum</strong></span> <span class='ocrx_word' id='word_1_129' title='bbox 822 2211 903 2266; x_wconf 80' lang='lat' dir='ltr'><strong>vir</strong></span> <span class='ocrx_word' id='word_1_130' title='bbox 939 2212 1161 2284; x_wconf 91' lang='lat' dir='ltr'><strong>quidam</strong></span> <span class='ocrx_word' id='word_1_131' title='bbox 1193 2222 1394 2268; x_wconf 81' lang='lat' dir='ltr'><strong>eratex</strong></span> <span class='ocrx_word' id='word_1_132' title='bbox 1426 2212 1667 2281; x_wconf 85' lang='lat' dir='ltr'><strong>regionis</strong></span> <span class='ocrx_word' id='word_1_133' title='bbox 1701 2210 1850 2266; x_wconf 88' lang='lat' dir='ltr'><strong>illius</strong></span> <span class='ocrx_word' id='word_1_134' title='bbox 1874 2210 1985 2281; x_wconf 89' lang='lat' dir='ltr'><strong>pri-</strong></span> 
     </span>
    </p>
   </div>
   <div class='ocr_carea' id='block_1_23' title="bbox 416 2303 1983 2374">
    <p class='ocr_par' dir='ltr' id='par_1_23' title="bbox 416 2303 1983 2374">
     <span class='ocr_line' id='line_1_23' title="bbox 416 2303 1983 2374; baseline -0.001 -17"><span class='ocrx_word' id='word_1_135' title='bbox 416 2303 687 2369; x_wconf 89' lang='lat' dir='ltr'><strong>moribus,</strong></span> <span class='ocrx_word' id='word_1_136' title='bbox 714 2305 939 2359; x_wconf 90' lang='lat' dir='ltr'><strong>nomine</strong></span> <span class='ocrx_word' id='word_1_137' title='bbox 974 2304 1138 2370; x_wconf 87' lang='lat' dir='ltr'><strong>Dion,</strong></span> <span class='ocrx_word' id='word_1_138' title='bbox 1163 2306 1258 2374; x_wconf 90' lang='lat' dir='ltr'><strong>qui</strong></span> <span class='ocrx_word' id='word_1_139' title='bbox 1293 2304 1482 2360; x_wconf 88' lang='lat' dir='ltr'><strong>multis</strong></span> <span class='ocrx_word' id='word_1_140' title='bbox 1527 2303 1775 2359; x_wconf 88' lang='lat' dir='ltr'><strong>donariis</strong></span> <span class='ocrx_word' id='word_1_141' title='bbox 1807 2303 1983 2359; x_wconf 87' lang='lat' dir='ltr'><strong>sancti</strong></span> 
     </span>
    </p>
   </div>
   <div class='ocr_carea' id='block_1_24' title="bbox 417 2393 1985 2465">
    <p class='ocr_par' dir='ltr' id='par_1_24' title="bbox 417 2393 1985 2465">
     <span class='ocr_line' id='line_1_24' title="bbox 417 2393 1985 2465; baseline 0.001 -18"><span class='ocrx_word' id='word_1_142' title='bbox 417 2393 678 2464; x_wconf 86' lang='lat' dir='ltr'><strong>martyris</strong></span> <span class='ocrx_word' id='word_1_143' title='bbox 704 2394 969 2463; x_wconf 87' lang='lat' dir='ltr'><strong>templum</strong></span> <span class='ocrx_word' id='word_1_144' title='bbox 1003 2402 1390 2462; x_wconf 80' lang='lat' dir='ltr'><strong>exornaverat,</strong></span> <span class='ocrx_word' id='word_1_145' title='bbox 1423 2396 1656 2465; x_wconf 84' lang='lat' dir='ltr'><strong>ejusque</strong></span> <span class='ocrx_word' id='word_1_146' title='bbox 1684 2395 1861 2449; x_wconf 89' lang='lat' dir='ltr'><strong>altare</strong></span> <span class='ocrx_word' id='word_1_147' title='bbox 1883 2408 1985 2448; x_wconf 86' lang='lat' dir='ltr'><strong>ar-</strong></span> 
     </span>
    </p>
   </div>
   <div class='ocr_carea' id='block_1_25' title="bbox 415 2483 1985 2555">
    <p class='ocr_par' dir='ltr' id='par_1_25' title="bbox 415 2483 1985 2555">
     <span class='ocr_line' id='line_1_25' title="bbox 415 2483 1985 2555; baseline 0 -17"><span class='ocrx_word' id='word_1_148' title='bbox 415 2489 580 2555; x_wconf 88' lang='lat' dir='ltr'><strong>gento</strong></span> <span class='ocrx_word' id='word_1_149' title='bbox 612 2484 894 2539; x_wconf 80' lang='lat' dir='ltr'><strong>vestierat.</strong></span> <span class='ocrx_word' id='word_1_150' title='bbox 930 2483 1087 2540; x_wconf 90' lang='lat' dir='ltr'><strong>Unus</strong></span> <span class='ocrx_word' id='word_1_151' title='bbox 1116 2494 1298 2540; x_wconf 86' lang='lat' dir='ltr'><strong>autem</strong></span> <span class='ocrx_word' id='word_1_152' title='bbox 1348 2500 1416 2540; x_wconf 82' lang='lat' dir='ltr'><strong>ex</strong></span> <span class='ocrx_word' id='word_1_153' title='bbox 1447 2485 1623 2540; x_wconf 74' lang='lat' dir='ltr'><strong>servis</strong></span> <span class='ocrx_word' id='word_1_154' title='bbox 1648 2484 1847 2554; x_wconf 86' lang='lat' dir='ltr'><strong>ipsius,</strong></span> <span class='ocrx_word' id='word_1_155' title='bbox 1875 2500 1985 2539; x_wconf 89' lang='lat' dir='ltr'><strong>non</strong></span> 
     </span>
    </p>
   </div>
   <div class='ocr_carea' id='block_1_26' title="bbox 416 2573 1985 2646">
    <p class='ocr_par' dir='ltr' id='par_1_26' title="bbox 416 2573 1985 2646">
     <span class='ocr_line' id='line_1_26' title="bbox 416 2573 1985 2646; baseline 0 -17"><span class='ocrx_word' id='word_1_156' title='bbox 416 2574 671 2644; x_wconf 76' lang='lat' dir='ltr'><strong>exiguam</strong></span> <span class='ocrx_word' id='word_1_157' title='bbox 728 2575 977 2645; x_wconf 64' lang='lat' dir='ltr'><strong>pecuniae</strong></span> <span class='ocrx_word' id='word_1_158' title='bbox 1023 2590 1297 2631; x_wconf 90' lang='lat' dir='ltr'><strong>summam</strong></span> <span class='ocrx_word' id='word_1_159' title='bbox 1356 2574 1685 2639; x_wconf 72' lang='lat' dir='ltr'><strong>sun‘uratus,</strong></span> <span class='ocrx_word' id='word_1_160' title='bbox 1750 2573 1985 2646; x_wconf 86' lang='lat' dir='ltr'><strong>aufugit.</strong></span> 
     </span>
    </p>
   </div>
   <div class='ocr_carea' id='block_1_27' title="bbox 1572 232 2467 301">
    <p class='ocr_par' dir='ltr' id='par_1_27' title="bbox 1572 232 2467 301">
     <span class='ocr_line' id='line_1_27' title="bbox 1572 232 2467 301; baseline -0.002 -2"><span class='ocrx_word' id='word_1_161' title='bbox 1572 238 1635 299; x_wconf 90' lang='lat' dir='ltr'><strong>S.</strong></span> <span class='ocrx_word' id='word_1_162' title='bbox 1670 232 1996 301; x_wconf 78' lang='lat' dir='ltr'><strong>IOANNIS</strong></span> <span class='ocrx_word' id='word_1_163' title='bbox 2032 234 2467 300; x_wconf 84' lang='lat' dir='ltr'><strong>DAMASCENI</strong></span> 
     </span>
    </p>
   </div>
   <div class='ocr_carea' id='block_1_28' title="bbox 749 344 2181 423">
    <p class='ocr_par' dir='ltr' id='par_1_28' title="bbox 749 344 2181 423">
     <span class='ocr_line' id='line_1_28' title="bbox 749 344 2181 423; baseline -0.001 -14"><span class='ocrx_word' id='word_1_164' title='bbox 749 354 971 423; x_wconf 75' lang='lat' dir='ltr'><strong>septimo</strong></span> <span class='ocrx_word' id='word_1_165' title='bbox 1017 353 1439 410; x_wconf 77' lang='lat' dir='ltr'><strong>Stromateorum</strong></span> <span class='ocrx_word' id='word_1_166' title='bbox 1472 356 1815 410; x_wconf 67' lang='lat' dir='ltr'><strong>vetustissimi</strong></span> <span class='ocrx_word' id='word_1_167' title='bbox 1841 355 1961 411; x_wconf 83' lang='lat' dir='ltr'><strong>Cte-</strong></span> <span class='ocrx_word' id='word_1_168' title='bbox 1989 360 2036 416; x_wconf 77' lang='grc' dir='ltr'><strong>Α</strong></span> <span class='ocrx_word' id='word_1_169' title='bbox 2069 344 2181 407; x_wconf 85' lang='grc' dir='ltr'><strong>Τοῦ</strong></span> 
     </span>
    </p>
   </div>
   <div class='ocr_carea' id='block_1_29' title="bbox 3518 228 3651 294">
    <p class='ocr_par' dir='ltr' id='par_1_29' title="bbox 3518 228 3651 294">
     <span class='ocr_line' id='line_1_29' title="bbox 3518 228 3651 294; baseline 0.008 -1"><span class='ocrx_word' id='word_1_170' title='bbox 3518 228 3651 294; x_wconf 68' lang='lat' dir='ltr'><strong>HM</strong></span> 
     </span>
    </p>
   </div>
   <div class='ocr_carea' id='block_1_30' title="bbox 2241 346 3656 423">
    <p class='ocr_par' dir='ltr' id='par_1_30' title="bbox 2241 346 3656 423">
     <span class='ocr_line' id='line_1_30' title="bbox 2241 346 3656 423; baseline -0.006 -17"><span class='ocrx_word' id='word_1_171' title='bbox 2241 351 2637 423; x_wconf 75' lang='grc' dir='ltr'><strong>ἀρχαιοτάτού</strong></span> <span class='ocrx_word' id='word_1_172' title='bbox 2688 350 3085 423; x_wconf 67' lang='grc' dir='ltr'><strong>Κλήμεντος,</strong></span> <span class='ocrx_word' id='word_1_173' title='bbox 3113 420 3122 423; x_wconf 92' lang='lat'>_</span> <span class='ocrx_word' id='word_1_174' title='bbox 3157 347 3311 423; x_wconf 74' lang='grc' dir='ltr'><strong>πρὸς</strong></span> <span class='ocrx_word' id='word_1_175' title='bbox 3373 346 3656 423; x_wconf 51' lang='grc' dir='ltr'><strong>Ἀλέξαν-</strong></span> 
     </span>
    </p>
   </div>
   <div class='ocr_carea' id='block_1_31' title="bbox 2133 419 3657 548">
    <p class='ocr_par' dir='ltr' id='par_1_31' title="bbox 2133 419 3657 548">
     <span class='ocr_line' id='line_1_31' title="bbox 2133 419 3657 547; baseline -0.005 -70"><span class='ocrx_word' id='word_1_176' title='bbox 2133 419 2429 547; x_wconf 52' lang='grc' dir='ltr'><strong>δςοιίσίϐ),</strong></span> <span class='ocrx_word' id='word_1_177' title='bbox 2445 422 2514 476; x_wconf 81' lang='grc' dir='ltr'><strong>ἐκ</strong></span> <span class='ocrx_word' id='word_1_178' title='bbox 2540 421 2649 476; x_wconf 84' lang='grc' dir='ltr'><strong>τοῦ</strong></span> <span class='ocrx_word' id='word_1_179' title='bbox 2673 419 2921 491; x_wconf 73' lang='grc' dir='ltr'><strong>ἑϐδόμου</strong></span> <span class='ocrx_word' id='word_1_180' title='bbox 2946 420 3198 487; x_wconf 62' lang='grc' dir='ltr'><strong>βιϐλίου</strong></span> <span class='ocrx_word' id='word_1_181' title='bbox 3228 419 3351 472; x_wconf 73' lang='grc' dir='ltr'><strong>τῶν</strong></span> <span class='ocrx_word' id='word_1_182' title='bbox 3380 420 3657 485; x_wconf 78' lang='grc' dir='ltr'><strong>Στρωμα-</strong></span> 
     </span>
     <span class='ocr_line' id='line_1_32' title="bbox 2136 510 2303 548; baseline 0.006 -2"><span class='ocrx_word' id='word_1_183' title='bbox 2136 511 2168 546; x_wconf 83' lang='grc' dir='ltr'><strong>τ</strong></span> <span class='ocrx_word' id='word_1_184' title='bbox 2202 510 2303 548; x_wconf 75' lang='grc' dir='ltr'><strong>ων.</strong></span> 
     </span>
    </p>
   </div>
   <div class='ocr_carea' id='block_1_32' title="bbox 2141 577 3660 652">
    <p class='ocr_par' dir='ltr' id='par_1_32' title="bbox 2141 577 3660 652">
     <span class='ocr_line' id='line_1_33' title="bbox 2141 577 3660 652; baseline -0.008 -12"><span class='ocrx_word' id='word_1_185' title='bbox 2141 603 2159 634; x_wconf 69' lang='grc' dir='ltr'>α</span> <span class='ocrx_word' id='word_1_186' title='bbox 2190 582 2421 652; x_wconf 79' lang='grc' dir='ltr'><strong>Οὐκοῦν,</strong></span> <span class='ocrx_word' id='word_1_187' title='bbox 2459 584 2520 637; x_wconf 77' lang='grc' dir='ltr'><strong>οὐ</strong></span> <span class='ocrx_word' id='word_1_188' title='bbox 2570 585 2733 652; x_wconf 85' lang='grc' dir='ltr'><strong>μόνος</strong></span> <span class='ocrx_word' id='word_1_189' title='bbox 2775 581 2991 635; x_wconf 70' lang='grc' dir='ltr'><strong>ἐπαινεῖ</strong></span> <span class='ocrx_word' id='word_1_190' title='bbox 3015 579 3085 633; x_wconf 77' lang='grc' dir='ltr'><strong>τὰ</strong></span> <span class='ocrx_word' id='word_1_191' title='bbox 3126 578 3287 641; x_wconf 82' lang='grc' dir='ltr'><strong>καλὰ,</strong></span> <span class='ocrx_word' id='word_1_192' title='bbox 3314 577 3463 632; x_wconf 82' lang='grc' dir='ltr'><strong>ἀλλά</strong></span> <span class='ocrx_word' id='word_1_193' title='bbox 3494 577 3660 639; x_wconf 70' lang='grc' dir='ltr'><strong>αὐτὸς</strong></span> 
     </span>
    </p>
   </div>
   <div class='ocr_carea' id='block_1_33' title="bbox 2070 668 3661 747">
    <p class='ocr_par' dir='ltr' id='par_1_33' title="bbox 2070 668 3661 747">
     <span class='ocr_line' id='line_1_34' title="bbox 2070 668 3661 747; baseline -0.008 -16"><span class='ocrx_word' id='word_1_194' title='bbox 2070 676 2315 747; x_wconf 80' lang='grc' dir='ltr'><strong>βιάζεται</strong></span> <span class='ocrx_word' id='word_1_195' title='bbox 2348 674 2443 729; x_wconf 81' lang='grc' dir='ltr'><strong>τοῦ</strong></span> <span class='ocrx_word' id='word_1_196' title='bbox 2478 670 2620 729; x_wconf 72' lang='grc' dir='ltr'><strong>εἶναι</strong></span> <span class='ocrx_word' id='word_1_197' title='bbox 2654 672 2838 737; x_wconf 81' lang='grc' dir='ltr'><strong>καλὸς,</strong></span> <span class='ocrx_word' id='word_1_198' title='bbox 2870 675 2935 727; x_wconf 84' lang='grc' dir='ltr'><strong>ὲκ</strong></span> <span class='ocrx_word' id='word_1_199' title='bbox 2964 671 3062 725; x_wconf 81' lang='grc' dir='ltr'><strong>τοῦ</strong></span> <span class='ocrx_word' id='word_1_200' title='bbox 3087 672 3289 741; x_wconf 80' lang='grc' dir='ltr'><strong>ἀγαθοῦ</strong></span> <span class='ocrx_word' id='word_1_201' title='bbox 3325 671 3431 724; x_wconf 71' lang='grc' dir='ltr'><strong>καὶ</strong></span> <span class='ocrx_word' id='word_1_202' title='bbox 3463 668 3661 721; x_wconf 72' lang='grc' dir='ltr'><strong>πιστοῦ</strong></span> 
     </span>
    </p>
   </div>
   <div class='ocr_carea' id='block_1_34' title="bbox 2067 759 3665 837">
    <p class='ocr_par' dir='ltr' id='par_1_34' title="bbox 2067 759 3665 837">
     <span class='ocr_line' id='line_1_35' title="bbox 2067 759 3665 837; baseline -0.007 -16"><span class='ocrx_word' id='word_1_203' title='bbox 2067 768 2258 821; x_wconf 84' lang='grc' dir='ltr'><strong>δούλου</strong></span> <span class='ocrx_word' id='word_1_204' title='bbox 2291 766 2638 837; x_wconf 74' lang='grc' dir='ltr'><strong>μεταϐαίνων</strong></span> <span class='ocrx_word' id='word_1_205' title='bbox 2665 764 2733 817; x_wconf 87' lang='grc' dir='ltr'><strong>δι’</strong></span> <span class='ocrx_word' id='word_1_206' title='bbox 2766 764 2989 832; x_wconf 81' lang='grc' dir='ltr'><strong>ἀγάπης</strong></span> <span class='ocrx_word' id='word_1_207' title='bbox 3029 763 3110 827; x_wconf 83' lang='grc' dir='ltr'><strong>είς</strong></span> <span class='ocrx_word' id='word_1_208' title='bbox 3141 763 3310 831; x_wconf 82' lang='grc' dir='ltr'><strong>φίλον,</strong></span> <span class='ocrx_word' id='word_1_209' title='bbox 3336 761 3436 813; x_wconf 76' lang='grc' dir='ltr'><strong>διὰ</strong></span> <span class='ocrx_word' id='word_1_210' title='bbox 3478 759 3546 812; x_wconf 82' lang='grc' dir='ltr'><strong>τὸ</strong></span> <span class='ocrx_word' id='word_1_211' title='bbox 3572 760 3665 811; x_wconf 76' lang='grc' dir='ltr'><strong>τέο</strong></span> 
     </span>
    </p>
   </div>
   <div class='ocr_carea' id='block_1_35' title="bbox 2067 849 3650 928">
    <p class='ocr_par' dir='ltr' id='par_1_35' title="bbox 2067 849 3650 928">
     <span class='ocr_line' id='line_1_36' title="bbox 2067 849 3650 928; baseline -0.008 -15"><span class='ocrx_word' id='word_1_212' title='bbox 2067 859 2208 913; x_wconf 90' lang='grc' dir='ltr'><strong>λειον</strong></span> <span class='ocrx_word' id='word_1_213' title='bbox 2250 859 2349 928; x_wconf 80' lang='grc' dir='ltr'><strong>τῆς</strong></span> <span class='ocrx_word' id='word_1_214' title='bbox 2387 857 2573 923; x_wconf 74' lang='grc' dir='ltr'><strong>ἕξεως,</strong></span> <span class='ocrx_word' id='word_1_215' title='bbox 2614 856 2644 908; x_wconf 84' lang='grc' dir='ltr'><strong>ὃ</strong></span> <span class='ocrx_word' id='word_1_216' title='bbox 2688 855 2753 908; x_wconf 80' lang='grc' dir='ltr'><strong>ὲκ</strong></span> <span class='ocrx_word' id='word_1_217' title='bbox 2800 854 3092 924; x_wconf 86' lang='grc' dir='ltr'><strong>μαθήσεως</strong></span> <span class='ocrx_word' id='word_1_218' title='bbox 3125 851 3355 922; x_wconf 78' lang='grc' dir='ltr'><strong>ἀληθοῦς</strong></span> <span class='ocrx_word' id='word_1_219' title='bbox 3393 849 3495 902; x_wconf 79' lang='grc' dir='ltr'><strong>καὶ</strong></span> <span class='ocrx_word' id='word_1_220' title='bbox 3540 866 3650 901; x_wconf 71' lang='grc' dir='ltr'><strong>συνι</strong></span> 
     </span>
    </p>
   </div>
   <div class='ocr_carea' id='block_1_36' title="bbox 2071 935 3662 1020">
    <p class='ocr_par' dir='ltr' id='par_1_36' title="bbox 2071 935 3662 1020">
     <span class='ocr_line' id='line_1_37' title="bbox 2071 935 3662 1020; baseline -0.008 -16"><span class='ocrx_word' id='word_1_221' title='bbox 2071 951 2359 1020; x_wconf 83' lang='grc' dir='ltr'><strong>ἀσκήσεως</strong></span> <span class='ocrx_word' id='word_1_222' title='bbox 2401 948 2604 1015; x_wconf 79' lang='grc' dir='ltr'><strong>πολλῆς</strong></span> <span class='ocrx_word' id='word_1_223' title='bbox 2644 944 2903 1015; x_wconf 82' lang='grc' dir='ltr'>καθαρῶς</span> <span class='ocrx_word' id='word_1_224' title='bbox 2928 945 3215 1015; x_wconf 72' lang='grc' dir='ltr'><strong>ἐκτήσατο.</strong></span> <span class='ocrx_word' id='word_1_225' title='bbox 3240 943 3330 1005; x_wconf 83' lang='grc' dir='ltr'><strong>Ὦς</strong></span> <span class='ocrx_word' id='word_1_226' title='bbox 3356 940 3429 994; x_wconf 74' lang='grc' dir='ltr'><strong>ἂν</strong></span> <span class='ocrx_word' id='word_1_227' title='bbox 3450 935 3551 994; x_wconf 77' lang='grc' dir='ltr'><strong>οὖν</strong></span> <span class='ocrx_word' id='word_1_228' title='bbox 3577 940 3662 992; x_wconf 75' lang='grc' dir='ltr'><strong>ἐπ’</strong></span> 
     </span>
    </p>
   </div>
   <div class='ocr_carea' id='block_1_37' title="bbox 2071 1034 3661 1112">
    <p class='ocr_par' dir='ltr' id='par_1_37' title="bbox 2071 1034 3661 1112">
     <span class='ocr_line' id='line_1_38' title="bbox 2071 1034 3661 1112; baseline -0.007 -18"><span class='ocrx_word' id='word_1_229' title='bbox 2071 1040 2239 1112; x_wconf 78' lang='grc' dir='ltr'><strong>ἄκρον</strong></span> <span class='ocrx_word' id='word_1_230' title='bbox 2270 1039 2525 1107; x_wconf 84' lang='grc' dir='ltr'><strong>γνώσεως</strong></span> <span class='ocrx_word' id='word_1_231' title='bbox 2571 1038 2703 1108; x_wconf 81' lang='grc' dir='ltr'><strong>ἥκῃ,</strong></span> <span class='ocrx_word' id='word_1_232' title='bbox 2742 1035 3060 1105; x_wconf 83' lang='grc' dir='ltr'><strong>βιαζόμενος</strong></span> <span class='ocrx_word' id='word_1_233' title='bbox 3083 1034 3164 1105; x_wconf 83' lang='grc' dir='ltr'><strong>τῷ</strong></span> <span class='ocrx_word' id='word_1_234' title='bbox 3190 1035 3336 1106; x_wconf 80' lang='grc' dir='ltr'><strong>ήθει,</strong></span> <span class='ocrx_word' id='word_1_235' title='bbox 3377 1034 3479 1086; x_wconf 76' lang='grc' dir='ltr'><strong>καὶ</strong></span> <span class='ocrx_word' id='word_1_236' title='bbox 3503 1047 3661 1085; x_wconf 69' lang='grc' dir='ltr'><strong>κεκο-</strong></span> 
     </span>
    </p>
   </div>
   <div class='ocr_carea' id='block_1_38' title="bbox 2074 1122 3662 1199">
    <p class='ocr_par' dir='ltr' id='par_1_38' title="bbox 2074 1122 3662 1199">
     <span class='ocr_line' id='line_1_39' title="bbox 2074 1122 3662 1199; baseline -0.006 -17"><span class='ocrx_word' id='word_1_237' title='bbox 2074 1127 2374 1199; x_wconf 85' lang='grc' dir='ltr'><strong>σμημένος,</strong></span> <span class='ocrx_word' id='word_1_238' title='bbox 2395 1126 2473 1197; x_wconf 85' lang='grc' dir='ltr'><strong>τῷ</strong></span> <span class='ocrx_word' id='word_1_239' title='bbox 2500 1126 2745 1197; x_wconf 87' lang='grc' dir='ltr'><strong>σχήματι</strong></span> <span class='ocrx_word' id='word_1_240' title='bbox 2776 1124 3239 1193; x_wconf 76' lang='grc' dir='ltr'><strong>κατεσταλμένος,</strong></span> <span class='ocrx_word' id='word_1_241' title='bbox 3263 1122 3452 1175; x_wconf 83' lang='grc' dir='ltr'><strong>πάντα</strong></span> <span class='ocrx_word' id='word_1_242' title='bbox 3478 1123 3662 1173; x_wconf 72' lang='grc' dir='ltr'><strong>ἐκεῖνα</strong></span> 
     </span>
    </p>
   </div>
   <div class='ocr_carea' id='block_1_39' title="bbox 2073 1208 3663 1290">
    <p class='ocr_par' dir='ltr' id='par_1_39' title="bbox 2073 1208 3663 1290">
     <span class='ocr_line' id='line_1_40' title="bbox 2073 1208 3663 1290; baseline -0.008 -17"><span class='ocrx_word' id='word_1_243' title='bbox 2073 1219 2233 1290; x_wconf 75' lang='grc' dir='ltr'><strong>ἔχων,</strong></span> <span class='ocrx_word' id='word_1_244' title='bbox 2259 1218 2359 1272; x_wconf 84' lang='grc' dir='ltr'><strong>ὅσα</strong></span> <span class='ocrx_word' id='word_1_245' title='bbox 2402 1214 2852 1285; x_wconf 73' lang='grc' dir='ltr'><strong>πλεονεκτήματα</strong></span> <span class='ocrx_word' id='word_1_246' title='bbox 2897 1215 3015 1267; x_wconf 72' lang='grc' dir='ltr'><strong>ἐστι</strong></span> <span class='ocrx_word' id='word_1_247' title='bbox 3059 1211 3155 1265; x_wconf 78' lang='grc' dir='ltr'><strong>τοῦ</strong></span> <span class='ocrx_word' id='word_1_248' title='bbox 3201 1209 3344 1264; x_wconf 87' lang='grc' dir='ltr'><strong>κατά</strong></span> <span class='ocrx_word' id='word_1_249' title='bbox 3396 1208 3663 1279; x_wconf 71' lang='grc' dir='ltr'><strong>ἀλήθειαν</strong></span> 
     </span>
    </p>
   </div>
   <div class='ocr_carea' id='block_1_40' title="bbox 2074 1298 3661 1381">
    <p class='ocr_par' dir='ltr' id='par_1_40' title="bbox 2074 1298 3661 1381">
     <span class='ocr_line' id='line_1_41' title="bbox 2074 1298 3661 1381; baseline -0.009 -17"><span class='ocrx_word' id='word_1_250' title='bbox 2074 1307 2408 1381; x_wconf 82' lang='grc' dir='ltr'><strong>γνωστικοῦ,</strong></span> <span class='ocrx_word' id='word_1_251' title='bbox 2435 1308 2515 1371; x_wconf 82' lang='grc' dir='ltr'><strong>είς</strong></span> <span class='ocrx_word' id='word_1_252' title='bbox 2539 1306 2640 1369; x_wconf 82' lang='grc' dir='ltr'><strong>τὰς</strong></span> <span class='ocrx_word' id='word_1_253' title='bbox 2668 1305 2884 1367; x_wconf 80' lang='grc' dir='ltr'><strong>εἰκόνας</strong></span> <span class='ocrx_word' id='word_1_254' title='bbox 2923 1301 3143 1372; x_wconf 77' lang='grc' dir='ltr'><strong>ἀφορῶν</strong></span> <span class='ocrx_word' id='word_1_255' title='bbox 3167 1301 3265 1365; x_wconf 87' lang='grc' dir='ltr'><strong>τάς</strong></span> <span class='ocrx_word' id='word_1_256' title='bbox 3295 1301 3501 1364; x_wconf 76' lang='grc' dir='ltr'><strong>καλὰς,</strong></span> <span class='ocrx_word' id='word_1_257' title='bbox 3535 1298 3661 1351; x_wconf 83' lang='grc' dir='ltr'><strong>πολ-</strong></span> 
     </span>
    </p>
   </div>
   <div class='ocr_carea' id='block_1_41' title="bbox 2075 1393 3663 1474">
    <p class='ocr_par' dir='ltr' id='par_1_41' title="bbox 2075 1393 3663 1474">
     <span class='ocr_line' id='line_1_42' title="bbox 2075 1393 3663 1474; baseline -0.01 -15"><span class='ocrx_word' id='word_1_258' title='bbox 2075 1406 2201 1469; x_wconf 81' lang='grc' dir='ltr'><strong>λοὺς</strong></span> <span class='ocrx_word' id='word_1_259' title='bbox 2244 1402 2343 1474; x_wconf 85' lang='grc' dir='ltr'><strong>μὲν</strong></span> <span class='ocrx_word' id='word_1_260' title='bbox 2385 1402 2514 1465; x_wconf 80' lang='grc' dir='ltr'><strong>τοὺς</strong></span> <span class='ocrx_word' id='word_1_261' title='bbox 2559 1397 2995 1469; x_wconf 86' lang='grc' dir='ltr'><strong>κατωρθωκότας</strong></span> <span class='ocrx_word' id='word_1_262' title='bbox 3022 1396 3129 1466; x_wconf 82' lang='grc' dir='ltr'><strong>πρὸ</strong></span> <span class='ocrx_word' id='word_1_263' title='bbox 3169 1393 3339 1449; x_wconf 78' lang='grc' dir='ltr'><strong>αὑτοῦ</strong></span> <span class='ocrx_word' id='word_1_264' title='bbox 3388 1395 3663 1463; x_wconf 79' lang='grc' dir='ltr'><strong>πατριάρ-</strong></span> 
     </span>
    </p>
   </div>
   <div class='ocr_carea' id='block_1_42' title="bbox 2076 1487 3667 1569">
    <p class='ocr_par' dir='ltr' id='par_1_42' title="bbox 2076 1487 3667 1569">
     <span class='ocr_line' id='line_1_43' title="bbox 2076 1487 3667 1569; baseline -0.009 -19"><span class='ocrx_word' id='word_1_265' title='bbox 2076 1514 2198 1569; x_wconf 87' lang='grc' dir='ltr'><strong>χας,</strong></span> <span class='ocrx_word' id='word_1_266' title='bbox 2226 1494 2581 1566; x_wconf 77' lang='grc' dir='ltr'><strong>παμπόλλους</strong></span> <span class='ocrx_word' id='word_1_267' title='bbox 2627 1492 2685 1546; x_wconf 80' lang='grc' dir='ltr'><strong>δὲ</strong></span> <span class='ocrx_word' id='word_1_268' title='bbox 2728 1491 3034 1561; x_wconf 82' lang='grc' dir='ltr'><strong>προφήτας,</strong></span> <span class='ocrx_word' id='word_1_269' title='bbox 3082 1488 3346 1556; x_wconf 79' lang='grc' dir='ltr'><strong>ἀπείρους</strong></span> <span class='ocrx_word' id='word_1_270' title='bbox 3398 1487 3462 1539; x_wconf 82' lang='grc' dir='ltr'><strong>δὲ</strong></span> <span class='ocrx_word' id='word_1_271' title='bbox 3510 1487 3667 1546; x_wconf 74' lang='grc' dir='ltr'><strong>ὅσους</strong></span> 
     </span>
    </p>
   </div>
   <div class='ocr_carea' id='block_1_43' title="bbox 2078 1573 3669 1659">
    <p class='ocr_par' dir='ltr' id='par_1_43' title="bbox 2078 1573 3669 1659">
     <span class='ocr_line' id='line_1_44' title="bbox 2078 1573 3669 1659; baseline -0.011 -18"><span class='ocrx_word' id='word_1_272' title='bbox 2078 1590 2209 1659; x_wconf 84' lang='grc' dir='ltr'><strong>ήμῖν</strong></span> <span class='ocrx_word' id='word_1_273' title='bbox 2252 1583 2473 1656; x_wconf 80' lang='grc' dir='ltr'><strong>ἀριθμῷ</strong></span> <span class='ocrx_word' id='word_1_274' title='bbox 2515 1581 2862 1651; x_wconf 78' lang='grc' dir='ltr'><strong>λογιζόμενος</strong></span> <span class='ocrx_word' id='word_1_275' title='bbox 2913 1577 3178 1646; x_wconf 81' lang='grc' dir='ltr'><strong>ἀγγέλους</strong></span> <span class='ocrx_word' id='word_1_276' title='bbox 3204 1616 3219 1639; x_wconf 91' lang='grc'><strong>,</strong></span> <span class='ocrx_word' id='word_1_277' title='bbox 3274 1576 3371 1629; x_wconf 78' lang='grc' dir='ltr'><strong>καὶ</strong></span> <span class='ocrx_word' id='word_1_278' title='bbox 3426 1574 3524 1627; x_wconf 80' lang='grc' dir='ltr'><strong>τὸν</strong></span> <span class='ocrx_word' id='word_1_279' title='bbox 3578 1573 3669 1625; x_wconf 72' lang='grc' dir='ltr'><strong>ἐπὶ</strong></span> 
     </span>
    </p>
   </div>
   <div class='ocr_carea' id='block_1_44' title="bbox 2010 1663 3670 1752">
    <p class='ocr_par' dir='ltr' id='par_1_44' title="bbox 2010 1663 3670 1752">
     <span class='ocr_line' id='line_1_45' title="bbox 2010 1663 3670 1752; baseline -0.011 -20"><span class='ocrx_word' id='word_1_280' title='bbox 2010 1696 2052 1752; x_wconf 74' lang='grc' dir='ltr'>Β</span> <span class='ocrx_word' id='word_1_281' title='bbox 2084 1679 2218 1733; x_wconf 84' lang='grc' dir='ltr'><strong>πᾶσι</strong></span> <span class='ocrx_word' id='word_1_282' title='bbox 2250 1676 2476 1746; x_wconf 82' lang='grc' dir='ltr'><strong>Κύριον,</strong></span> <span class='ocrx_word' id='word_1_283' title='bbox 2504 1673 2598 1727; x_wconf 84' lang='grc' dir='ltr'><strong>τόν</strong></span> <span class='ocrx_word' id='word_1_284' title='bbox 2637 1670 2927 1735; x_wconf 81' lang='grc' dir='ltr'><strong>διδάξαντα</strong></span> <span class='ocrx_word' id='word_1_285' title='bbox 2958 1668 3052 1721; x_wconf 77' lang='grc' dir='ltr'><strong>καὶ</strong></span> <span class='ocrx_word' id='word_1_286' title='bbox 3087 1668 3553 1737; x_wconf 85' lang='grc' dir='ltr'><strong>παραστήσαντα,</strong></span> <span class='ocrx_word' id='word_1_287' title='bbox 3582 1663 3670 1715; x_wconf 87' lang='grc' dir='ltr'><strong>δυ-</strong></span> 
     </span>
    </p>
   </div>
   <div class='ocr_carea' id='block_1_45' title="bbox 2079 1754 3667 1834">
    <p class='ocr_par' dir='ltr' id='par_1_45' title="bbox 2079 1754 3667 1834">
     <span class='ocr_line' id='line_1_46' title="bbox 2079 1754 3667 1834; baseline -0.01 -11"><span class='ocrx_word' id='word_1_288' title='bbox 2079 1768 2238 1823; x_wconf 87' lang='grc' dir='ltr'><strong>νατὸν</strong></span> <span class='ocrx_word' id='word_1_289' title='bbox 2306 1761 2449 1821; x_wconf 71' lang='grc' dir='ltr'><strong>εῖναι</strong></span> <span class='ocrx_word' id='word_1_290' title='bbox 2512 1763 2624 1818; x_wconf 84' lang='grc' dir='ltr'><strong>τῶν</strong></span> <span class='ocrx_word' id='word_1_291' title='bbox 2686 1759 3003 1834; x_wconf 76' lang='grc' dir='ltr'><strong>κορυφαίων</strong></span> <span class='ocrx_word' id='word_1_292' title='bbox 3060 1758 3285 1813; x_wconf 77' lang='grc' dir='ltr'><strong>ἐκείνων</strong></span> <span class='ocrx_word' id='word_1_293' title='bbox 3349 1754 3667 1826; x_wconf 81' lang='grc' dir='ltr'><strong>κτήσασθαι</strong></span> 
     </span>
    </p>
   </div>
   <div class='ocr_carea' id='block_1_46' title="bbox 2081 1860 2266 1932">
    <p class='ocr_par' dir='ltr' id='par_1_46' title="bbox 2081 1860 2266 1932">
     <span class='ocr_line' id='line_1_47' title="bbox 2081 1860 2266 1932; baseline -0.005 -19"><span class='ocrx_word' id='word_1_294' title='bbox 2081 1860 2215 1932; x_wconf 87' lang='grc' dir='ltr'><strong>βίον.</strong></span> <span class='ocrx_word' id='word_1_295' title='bbox 2246 1877 2266 1912; x_wconf 74' lang='grc' dir='ltr'><strong><em>ι</em></strong></span> 
     </span>
    </p>
   </div>
   <div class='ocr_carea' id='block_1_47' title="bbox 2123 2117 3631 2192">
    <p class='ocr_par' dir='ltr' id='par_1_47' title="bbox 2123 2117 3631 2192">
     <span class='ocr_line' id='line_1_48' title="bbox 2123 2117 3631 2192; baseline -0.007 -14"><span class='ocrx_word' id='word_1_296' title='bbox 2123 2120 2236 2179; x_wconf 82' lang='grc' dir='ltr'><strong>Τοῦ</strong></span> <span class='ocrx_word' id='word_1_297' title='bbox 2268 2121 2444 2192; x_wconf 78' lang='grc' dir='ltr'><strong>ἁγίου</strong></span> <span class='ocrx_word' id='word_1_298' title='bbox 2479 2121 2783 2191; x_wconf 64' lang='grc' dir='ltr'><strong>Θεοδᾶῳου</strong></span> <span class='ocrx_word' id='word_1_299' title='bbox 2806 2120 3146 2175; x_wconf 74' lang='grc' dir='ltr'><strong>ἐπισκόπου</strong></span> <span class='ocrx_word' id='word_1_300' title='bbox 3175 2117 3631 2179; x_wconf 56' lang='lat' dir='ltr'><strong>[Immolet-ac.</strong></span> 
     </span>
    </p>
   </div>
   <div class='ocr_carea' id='block_1_48' title="bbox 2164 2207 3672 2287">
    <p class='ocr_par' dir='ltr' id='par_1_48' title="bbox 2164 2207 3672 2287">
     <span class='ocr_line' id='line_1_49' title="bbox 2164 2207 3672 2287; baseline -0.006 -20"><span class='ocrx_word' id='word_1_301' title='bbox 2164 2233 2184 2267; x_wconf 75' lang='grc' dir='ltr'><strong>ι</strong></span> <span class='ocrx_word' id='word_1_302' title='bbox 2212 2215 2383 2270; x_wconf 86' lang='grc' dir='ltr'><strong>Πάλιν</strong></span> <span class='ocrx_word' id='word_1_303' title='bbox 2422 2232 2508 2280; x_wconf 87' lang='grc' dir='ltr'><strong>τις</strong></span> <span class='ocrx_word' id='word_1_304' title='bbox 2538 2215 2700 2287; x_wconf 84' lang='grc' dir='ltr'><strong>ἀνὴρ,</strong></span> <span class='ocrx_word' id='word_1_305' title='bbox 2748 2214 2858 2269; x_wconf 85' lang='grc' dir='ltr'><strong>τῶν</strong></span> <span class='ocrx_word' id='word_1_306' title='bbox 2904 2212 3138 2285; x_wconf 83' lang='grc' dir='ltr'><strong>πρώτων</strong></span> <span class='ocrx_word' id='word_1_307' title='bbox 3166 2211 3268 2281; x_wconf 83' lang='grc' dir='ltr'><strong>τῆς</strong></span> <span class='ocrx_word' id='word_1_308' title='bbox 3296 2210 3483 2280; x_wconf 82' lang='grc' dir='ltr'><strong>χώρας</strong></span> <span class='ocrx_word' id='word_1_309' title='bbox 3516 2207 3672 2260; x_wconf 76' lang='grc' dir='ltr'><strong>ὲκεί-</strong></span> 
     </span>
    </p>
   </div>
   <div class='ocr_carea' id='block_1_49' title="bbox 2083 2298 3671 2378">
    <p class='ocr_par' dir='ltr' id='par_1_49' title="bbox 2083 2298 3671 2378">
     <span class='ocr_line' id='line_1_50' title="bbox 2083 2298 3671 2378; baseline -0.008 -14"><span class='ocrx_word' id='word_1_310' title='bbox 2083 2325 2205 2377; x_wconf 85' lang='grc' dir='ltr'><strong>νης,</strong></span> <span class='ocrx_word' id='word_1_311' title='bbox 2237 2309 2375 2362; x_wconf 87' lang='grc' dir='ltr'><strong>Δίων</strong></span> <span class='ocrx_word' id='word_1_312' title='bbox 2407 2306 2667 2378; x_wconf 78' lang='grc' dir='ltr'><strong>τοῦνομα,</strong></span> <span class='ocrx_word' id='word_1_313' title='bbox 2711 2306 2772 2371; x_wconf 78' lang='grc' dir='ltr'><strong>ὃς</strong></span> <span class='ocrx_word' id='word_1_314' title='bbox 2820 2305 3039 2368; x_wconf 81' lang='grc' dir='ltr'><strong>πολλοῖς</strong></span> <span class='ocrx_word' id='word_1_315' title='bbox 3083 2301 3386 2373; x_wconf 81' lang='grc' dir='ltr'><strong>ἀναθέμασι</strong></span> <span class='ocrx_word' id='word_1_316' title='bbox 3431 2298 3671 2353; x_wconf 74' lang='grc' dir='ltr'><strong>κατεκό-</strong></span> 
     </span>
    </p>
   </div>
   <div class='ocr_carea' id='block_1_50' title="bbox 2087 2390 3669 2467">
    <p class='ocr_par' dir='ltr' id='par_1_50' title="bbox 2087 2390 3669 2467">
     <span class='ocr_line' id='line_1_51' title="bbox 2087 2390 3669 2467; baseline -0.007 -15"><span class='ocrx_word' id='word_1_317' title='bbox 2087 2415 2267 2467; x_wconf 84' lang='grc' dir='ltr'><strong>σμησε</strong></span> <span class='ocrx_word' id='word_1_318' title='bbox 2314 2398 2409 2451; x_wconf 82' lang='grc' dir='ltr'><strong>τὸν</strong></span> <span class='ocrx_word' id='word_1_319' title='bbox 2454 2398 2584 2451; x_wconf 81' lang='grc' dir='ltr'><strong>ναὸν</strong></span> <span class='ocrx_word' id='word_1_320' title='bbox 2616 2397 2710 2451; x_wconf 81' lang='grc' dir='ltr'><strong>τοῦ</strong></span> <span class='ocrx_word' id='word_1_321' title='bbox 2734 2397 2894 2466; x_wconf 88' lang='grc' dir='ltr'><strong>ἀγίου</strong></span> <span class='ocrx_word' id='word_1_322' title='bbox 2930 2396 3229 2466; x_wconf 84' lang='grc' dir='ltr'><strong>μάρτυρος,</strong></span> <span class='ocrx_word' id='word_1_323' title='bbox 3259 2392 3356 2446; x_wconf 75' lang='grc' dir='ltr'><strong>καὶ</strong></span> <span class='ocrx_word' id='word_1_324' title='bbox 3382 2391 3447 2444; x_wconf 75' lang='grc' dir='ltr'><strong>τὸ</strong></span> <span class='ocrx_word' id='word_1_325' title='bbox 3474 2390 3669 2443; x_wconf 80' lang='grc' dir='ltr'><strong>θυσια-</strong></span> 
     </span>
    </p>
   </div>
   <div class='ocr_carea' id='block_1_51' title="bbox 2086 2481 3668 2564">
    <p class='ocr_par' dir='ltr' id='par_1_51' title="bbox 2086 2481 3668 2564">
     <span class='ocr_line' id='line_1_52' title="bbox 2086 2481 3668 2564; baseline -0.009 -18"><span class='ocrx_word' id='word_1_326' title='bbox 2086 2494 2307 2564; x_wconf 82' lang='grc' dir='ltr'><strong>στήριον</strong></span> <span class='ocrx_word' id='word_1_327' title='bbox 2349 2491 2517 2545; x_wconf 80' lang='grc' dir='ltr'><strong>αὐτοῦ</strong></span> <span class='ocrx_word' id='word_1_328' title='bbox 2562 2489 2961 2561; x_wconf 82' lang='grc' dir='ltr'><strong>ἀργυρένδυτον</strong></span> <span class='ocrx_word' id='word_1_329' title='bbox 3006 2488 3243 2558; x_wconf 77' lang='grc' dir='ltr'><strong>ἐποίησε.</strong></span> <span class='ocrx_word' id='word_1_330' title='bbox 3279 2482 3395 2538; x_wconf 85' lang='grc' dir='ltr'><strong>Καί</strong></span> <span class='ocrx_word' id='word_1_331' title='bbox 3437 2499 3528 2545; x_wconf 86' lang='grc' dir='ltr'><strong>τις</strong></span> <span class='ocrx_word' id='word_1_332' title='bbox 3564 2481 3668 2533; x_wconf 72' lang='grc' dir='ltr'><strong>τῶν</strong></span> 
     </span>
    </p>
   </div>
   <div class='ocr_carea' id='block_1_52' title="bbox 2084 2571 3669 2650">
    <p class='ocr_par' dir='ltr' id='par_1_52' title="bbox 2084 2571 3669 2650">
     <span class='ocr_line' id='line_1_53' title="bbox 2084 2571 3669 2650; baseline -0.009 -13"><span class='ocrx_word' id='word_1_333' title='bbox 2084 2582 2311 2637; x_wconf 73' lang='grc' dir='ltr'><strong>οἰκετῶν</strong></span> <span class='ocrx_word' id='word_1_334' title='bbox 2359 2580 2547 2647; x_wconf 78' lang='grc' dir='ltr'><strong>αὑτοῦ,</strong></span> <span class='ocrx_word' id='word_1_335' title='bbox 2598 2581 2803 2650; x_wconf 78' lang='grc' dir='ltr'><strong>κλέψας</strong></span> <span class='ocrx_word' id='word_1_336' title='bbox 2852 2578 2911 2645; x_wconf 77' lang='grc' dir='ltr'>ἐξ</span> <span class='ocrx_word' id='word_1_337' title='bbox 2954 2577 3122 2631; x_wconf 78' lang='grc' dir='ltr'><strong>αὑτοῦ</strong></span> <span class='ocrx_word' id='word_1_338' title='bbox 3166 2576 3425 2647; x_wconf 85' lang='grc' dir='ltr'><strong>χρήματα</strong></span> <span class='ocrx_word' id='word_1_339' title='bbox 3475 2571 3669 2631; x_wconf 74' lang='grc' dir='ltr'><strong>πολλὰ,</strong></span> 
     </span>
    </p>
   </div>
   <div class='ocr_carea' id='block_1_53' title="bbox 418 2663 1989 2745">
    <p class='ocr_par' dir='ltr' id='par_1_53' title="bbox 418 2663 1988 2735">
     <span class='ocr_line' id='line_1_54' title="bbox 418 2663 1988 2735; baseline 0.001 -17"><span class='ocrx_word' id='word_1_340' title='bbox 418 2663 556 2719; x_wconf 89' lang='lat' dir='ltr'><strong>Dion</strong></span> <span class='ocrx_word' id='word_1_341' title='bbox 594 2679 725 2720; x_wconf 80' lang='lat' dir='ltr'><strong>vero</strong></span> <span class='ocrx_word' id='word_1_342' title='bbox 772 2679 900 2720; x_wconf 91' lang='lat' dir='ltr'><strong>eum</strong></span> <span class='ocrx_word' id='word_1_343' title='bbox 951 2666 1240 2720; x_wconf 87' lang='lat' dir='ltr'><strong>insecutus</strong></span> <span class='ocrx_word' id='word_1_344' title='bbox 1296 2680 1408 2721; x_wconf 88' lang='lat' dir='ltr'><strong>non</strong></span> <span class='ocrx_word' id='word_1_345' title='bbox 1438 2672 1548 2731; x_wconf 89' lang='lat' dir='ltr'><strong>est,</strong></span> <span class='ocrx_word' id='word_1_346' title='bbox 1603 2663 1700 2719; x_wconf 87' lang='lat' dir='ltr'><strong>sed</strong></span> <span class='ocrx_word' id='word_1_347' title='bbox 1726 2664 1793 2719; x_wconf 89' lang='lat' dir='ltr'><strong>ad</strong></span> <span class='ocrx_word' id='word_1_348' title='bbox 1826 2663 1988 2735; x_wconf 79' lang='lat'><strong>383</strong></span> 
     </span>
    </p>
   </div>
   <div class='ocr_carea' id='block_1_54' title="bbox 2097 2663 3668 2745">
    <p class='ocr_par' dir='ltr' id='par_1_54' title="bbox 2097 2664 3668 2745">
     <span class='ocr_line' id='line_1_55' title="bbox 2097 2664 3668 2745; baseline -0.008 -17"><span class='ocrx_word' id='word_1_349' title='bbox 2097 2674 2318 2745; x_wconf 64' lang='grc' dir='ltr'><strong>ἀπέδρα.</strong></span> <span class='ocrx_word' id='word_1_350' title='bbox 2334 2672 2394 2726; x_wconf 88' lang='lat'><strong>&#39;0</strong></span> <span class='ocrx_word' id='word_1_351' title='bbox 2421 2672 2479 2727; x_wconf 81' lang='grc' dir='ltr'><strong>δὲ</strong></span> <span class='ocrx_word' id='word_1_352' title='bbox 2511 2673 2671 2738; x_wconf 88' lang='grc' dir='ltr'><strong>Δίων,</strong></span> <span class='ocrx_word' id='word_1_353' title='bbox 2700 2673 2763 2726; x_wconf 82' lang='grc' dir='ltr'><strong>οὐ</strong></span> <span class='ocrx_word' id='word_1_354' title='bbox 2786 2669 3111 2737; x_wconf 78' lang='grc' dir='ltr'><strong>κατεδίωξεν</strong></span> <span class='ocrx_word' id='word_1_355' title='bbox 3135 2668 3308 2721; x_wconf 85' lang='grc' dir='ltr'><strong>ὀπίσω</strong></span> <span class='ocrx_word' id='word_1_356' title='bbox 3335 2664 3530 2728; x_wconf 73' lang='grc' dir='ltr'><strong>αὐτοῦ,</strong></span> <span class='ocrx_word' id='word_1_357' title='bbox 3556 2664 3668 2717; x_wconf 82' lang='grc' dir='ltr'><strong>ἀλλ’</strong></span> 
     </span>
    </p>
   </div>
   <div class='ocr_carea' id='block_1_55' title="bbox 418 2746 1989 2836">
    <p class='ocr_par' dir='ltr' id='par_1_55' title="bbox 418 2754 1989 2826">
     <span class='ocr_line' id='line_1_56' title="bbox 418 2754 1989 2826; baseline -0.001 -17"><span class='ocrx_word' id='word_1_358' title='bbox 418 2754 715 2826; x_wconf 86' lang='lat' dir='ltr'><strong>imaginem</strong></span> <span class='ocrx_word' id='word_1_359' title='bbox 741 2770 998 2826; x_wconf 86' lang='lat' dir='ltr'><strong>pergens,</strong></span> <span class='ocrx_word' id='word_1_360' title='bbox 1034 2756 1293 2826; x_wconf 83' lang='lat' dir='ltr'><strong>imaginis</strong></span> <span class='ocrx_word' id='word_1_361' title='bbox 1324 2756 1476 2811; x_wconf 89' lang='lat' dir='ltr'><strong>illius</strong></span> <span class='ocrx_word' id='word_1_362' title='bbox 1509 2755 1738 2826; x_wconf 81' lang='lat' dir='ltr'><strong>ﬁguram</strong></span> <span class='ocrx_word' id='word_1_363' title='bbox 1770 2768 1989 2810; x_wconf 89' lang='lat' dir='ltr'><strong>ceream</strong></span> 
     </span>
    </p>
   </div>
   <div class='ocr_carea' id='block_1_56' title="bbox 2097 2746 3671 2836">
    <p class='ocr_par' dir='ltr' id='par_1_56' title="bbox 2097 2746 3671 2836">
     <span class='ocr_line' id='line_1_57' title="bbox 2097 2746 3671 2836; baseline -0.006 -18"><span class='ocrx_word' id='word_1_364' title='bbox 2097 2765 2168 2826; x_wconf 85' lang='grc' dir='ltr'><strong>είς</strong></span> <span class='ocrx_word' id='word_1_365' title='bbox 2212 2764 2311 2836; x_wconf 80' lang='grc' dir='ltr'><strong>τὴν</strong></span> <span class='ocrx_word' id='word_1_366' title='bbox 2361 2763 2457 2817; x_wconf 80' lang='grc' dir='ltr'><strong>τοῦ</strong></span> <span class='ocrx_word' id='word_1_367' title='bbox 2500 2764 2777 2835; x_wconf 79' lang='grc' dir='ltr'><strong>μάρτυρος</strong></span> <span class='ocrx_word' id='word_1_368' title='bbox 2822 2762 3009 2816; x_wconf 85' lang='grc' dir='ltr'><strong>είκόνα</strong></span> <span class='ocrx_word' id='word_1_369' title='bbox 3059 2746 3333 2825; x_wconf 63' lang='grc' dir='ltr'><strong>ἀπελθᾶω,</strong></span> <span class='ocrx_word' id='word_1_370' title='bbox 3370 2756 3535 2829; x_wconf 80' lang='grc' dir='ltr'><strong>κηρῷ</strong></span> <span class='ocrx_word' id='word_1_371' title='bbox 3580 2756 3671 2808; x_wconf 78' lang='grc' dir='ltr'><strong>τὸν</strong></span> 
     </span>
    </p>
   </div>
   <div class='ocr_carea' id='block_1_57' title="bbox 418 2844 1989 2925">
    <p class='ocr_par' dir='ltr' id='par_1_57' title="bbox 418 2844 1989 2916">
     <span class='ocr_line' id='line_1_58' title="bbox 418 2844 1989 2916; baseline -0.003 -15"><span class='ocrx_word' id='word_1_372' title='bbox 418 2844 647 2910; x_wconf 76' lang='lat' dir='ltr'><strong>eﬂinxit,</strong></span> <span class='ocrx_word' id='word_1_373' title='bbox 678 2860 897 2916; x_wconf 88' lang='lat' dir='ltr'><strong>quaque</strong></span> <span class='ocrx_word' id='word_1_374' title='bbox 935 2846 991 2900; x_wconf 92' lang='lat' dir='ltr'><strong>in</strong></span> <span class='ocrx_word' id='word_1_375' title='bbox 1025 2854 1276 2901; x_wconf 83' lang='lat' dir='ltr'><strong>sanctum</strong></span> <span class='ocrx_word' id='word_1_376' title='bbox 1302 2851 1596 2915; x_wconf 79' lang='lat' dir='ltr'><strong>martyrem</strong></span> <span class='ocrx_word' id='word_1_377' title='bbox 1622 2844 1819 2899; x_wconf 83' lang='lat' dir='ltr'><strong>fiducia</strong></span> <span class='ocrx_word' id='word_1_378' title='bbox 1849 2851 1989 2909; x_wconf 90' lang='lat' dir='ltr'><strong>erat,</strong></span> 
     </span>
    </p>
   </div>
   <div class='ocr_carea' id='block_1_58' title="bbox 2097 2844 3674 2925">
    <p class='ocr_par' dir='ltr' id='par_1_58' title="bbox 2097 2846 3674 2925">
     <span class='ocr_line' id='line_1_59' title="bbox 2097 2846 3674 2925; baseline -0.007 -15"><span class='ocrx_word' id='word_1_379' title='bbox 2097 2856 2256 2910; x_wconf 79' lang='grc' dir='ltr'><strong>τύπον</strong></span> <span class='ocrx_word' id='word_1_380' title='bbox 2276 2855 2377 2925; x_wconf 84' lang='grc' dir='ltr'><strong>τῆς</strong></span> <span class='ocrx_word' id='word_1_381' title='bbox 2400 2855 2605 2919; x_wconf 77' lang='grc' dir='ltr'><strong>εἰκόνος</strong></span> <span class='ocrx_word' id='word_1_382' title='bbox 2629 2854 2794 2909; x_wconf 83' lang='grc' dir='ltr'><strong>αὑτοῦ</strong></span> <span class='ocrx_word' id='word_1_383' title='bbox 2829 2853 3068 2924; x_wconf 82' lang='grc' dir='ltr'><strong>ἀνέμαξε</strong></span> <span class='ocrx_word' id='word_1_384' title='bbox 3087 2893 3103 2918; x_wconf 92' lang='grc'><strong>,</strong></span> <span class='ocrx_word' id='word_1_385' title='bbox 3135 2852 3232 2905; x_wconf 74' lang='grc' dir='ltr'><strong>καὶ</strong></span> <span class='ocrx_word' id='word_1_386' title='bbox 3260 2852 3328 2919; x_wconf 77' lang='grc' dir='ltr'><strong>τῇ</strong></span> <span class='ocrx_word' id='word_1_387' title='bbox 3360 2850 3551 2902; x_wconf 85' lang='grc' dir='ltr'><strong>πίστει</strong></span> <span class='ocrx_word' id='word_1_388' title='bbox 3582 2846 3674 2900; x_wconf 77' lang='grc' dir='ltr'><strong>τοῦ</strong></span> 
     </span>
    </p>
   </div>
   <div class='ocr_carea' id='block_1_59' title="bbox 420 2933 1989 3017">
    <p class='ocr_par' dir='ltr' id='par_1_59' title="bbox 420 2933 1989 3005">
     <span class='ocr_line' id='line_1_60' title="bbox 420 2933 1989 3005; baseline -0.003 -14"><span class='ocrx_word' id='word_1_389' title='bbox 420 2936 620 2992; x_wconf 86' lang='lat' dir='ltr'><strong>domus</strong></span> <span class='ocrx_word' id='word_1_390' title='bbox 648 2951 762 2992; x_wconf 75' lang='lat' dir='ltr'><strong>sua:</strong></span> <span class='ocrx_word' id='word_1_391' title='bbox 799 2936 977 2991; x_wconf 90' lang='lat' dir='ltr'><strong>limini</strong></span> <span class='ocrx_word' id='word_1_392' title='bbox 1015 2950 1134 2991; x_wconf 90' lang='lat' dir='ltr'><strong>eam</strong></span> <span class='ocrx_word' id='word_1_393' title='bbox 1160 2936 1438 3005; x_wconf 86' lang='lat' dir='ltr'><strong>apposuit.</strong></span> <span class='ocrx_word' id='word_1_394' title='bbox 1461 2933 1771 3005; x_wconf 86' lang='lat' dir='ltr'><strong>Statimque</strong></span> <span class='ocrx_word' id='word_1_395' title='bbox 1797 2947 1989 2989; x_wconf 80' lang='lat' dir='ltr'><strong>servus</strong></span> 
     </span>
    </p>
   </div>
   <div class='ocr_carea' id='block_1_60' title="bbox 2097 2933 3676 3017">
    <p class='ocr_par' dir='ltr' id='par_1_60' title="bbox 2097 2936 3676 3017">
     <span class='ocr_line' id='line_1_61' title="bbox 2097 2936 3676 3017; baseline -0.007 -15"><span class='ocrx_word' id='word_1_396' title='bbox 2097 2947 2246 3017; x_wconf 71' lang='grc' dir='ltr'><strong>ἁγίου</strong></span> <span class='ocrx_word' id='word_1_397' title='bbox 2290 2947 2566 3017; x_wconf 84' lang='grc' dir='ltr'><strong>μάρτυρος</strong></span> <span class='ocrx_word' id='word_1_398' title='bbox 2596 2947 2655 2999; x_wconf 85' lang='grc' dir='ltr'><strong>ὲν</strong></span> <span class='ocrx_word' id='word_1_399' title='bbox 2694 2946 2774 3015; x_wconf 83' lang='grc' dir='ltr'><strong>τῷ</strong></span> <span class='ocrx_word' id='word_1_400' title='bbox 2819 2944 3055 2998; x_wconf 85' lang='grc' dir='ltr'><strong>πυλεῶνι</strong></span> <span class='ocrx_word' id='word_1_401' title='bbox 3088 2944 3153 2996; x_wconf 81' lang='grc' dir='ltr'><strong>ὲκ</strong></span> <span class='ocrx_word' id='word_1_402' title='bbox 3186 2941 3281 2994; x_wconf 80' lang='grc' dir='ltr'><strong>τοῦ</strong></span> <span class='ocrx_word' id='word_1_403' title='bbox 3311 2941 3463 2994; x_wconf 80' lang='grc' dir='ltr'><strong>οῐκου</strong></span> <span class='ocrx_word' id='word_1_404' title='bbox 3508 2936 3676 2992; x_wconf 72' lang='grc' dir='ltr'><strong>αὑτοῦ</strong></span> 
     </span>
    </p>
   </div>
   <div class='ocr_carea' id='block_1_61' title="bbox 420 3023 1989 3108">
    <p class='ocr_par' dir='ltr' id='par_1_61' title="bbox 420 3023 1987 3098">
     <span class='ocr_line' id='line_1_62' title="bbox 420 3023 1987 3098; baseline -0.002 -16"><span class='ocrx_word' id='word_1_405' title='bbox 420 3028 580 3097; x_wconf 83' lang='lat' dir='ltr'><strong>quasi</strong></span> <span class='ocrx_word' id='word_1_406' title='bbox 613 3043 645 3082; x_wconf 94' lang='lat' dir='ltr'><strong>a</strong></span> <span class='ocrx_word' id='word_1_407' title='bbox 677 3028 935 3098; x_wconf 84' lang='lat' dir='ltr'><strong>quopiam</strong></span> <span class='ocrx_word' id='word_1_408' title='bbox 990 3027 1385 3097; x_wconf 85' lang='lat' dir='ltr'><strong>impelleretur,</strong></span> <span class='ocrx_word' id='word_1_409' title='bbox 1436 3026 1503 3080; x_wconf 89' lang='lat' dir='ltr'><strong>ad</strong></span> <span class='ocrx_word' id='word_1_410' title='bbox 1527 3041 1588 3080; x_wconf 90' lang='lat' dir='ltr'><strong>se</strong></span> <span class='ocrx_word' id='word_1_411' title='bbox 1638 3025 1877 3087; x_wconf 89' lang='lat' dir='ltr'><strong>rediens,</strong></span> <span class='ocrx_word' id='word_1_412' title='bbox 1920 3023 1987 3079; x_wconf 90' lang='lat' dir='ltr'><strong>ad</strong></span> 
     </span>
    </p>
   </div>
   <div class='ocr_carea' id='block_1_62' title="bbox 2097 3023 3677 3108">
    <p class='ocr_par' dir='ltr' id='par_1_62' title="bbox 2097 3029 3677 3108">
     <span class='ocr_line' id='line_1_63' title="bbox 2097 3029 3677 3108; baseline -0.007 -17"><span class='ocrx_word' id='word_1_413' title='bbox 2097 3036 2341 3108; x_wconf 67' lang='grc' dir='ltr'><strong>ὲνέπηξε.</strong></span> <span class='ocrx_word' id='word_1_414' title='bbox 2371 3037 2479 3089; x_wconf 73' lang='grc' dir='ltr'><strong>Καὶ</strong></span> <span class='ocrx_word' id='word_1_415' title='bbox 2523 3033 2704 3101; x_wconf 57' lang='grc' dir='ltr'><strong>θεὶςλὶ,</strong></span> <span class='ocrx_word' id='word_1_416' title='bbox 2734 3036 2762 3087; x_wconf 91' lang='lat'><strong>0</strong></span> <span class='ocrx_word' id='word_1_417' title='bbox 2802 3037 2929 3098; x_wconf 83' lang='grc' dir='ltr'><strong>παῖς</strong></span> <span class='ocrx_word' id='word_1_418' title='bbox 2977 3035 3170 3088; x_wconf 76' lang='grc' dir='ltr'><strong>ἑαυτὸν</strong></span> <span class='ocrx_word' id='word_1_419' title='bbox 3214 3032 3557 3101; x_wconf 75' lang='grc' dir='ltr'><strong>ἐπέστρεφεν</strong></span> <span class='ocrx_word' id='word_1_420' title='bbox 3603 3029 3677 3089; x_wconf 81' lang='grc' dir='ltr'><strong>ὡς</strong></span> 
     </span>
    </p>
   </div>
   <div class='ocr_carea' id='block_1_63' title="bbox 424 3117 1991 3189">
    <p class='ocr_par' dir='ltr' id='par_1_63' title="bbox 424 3117 1991 3189">
     <span class='ocr_line' id='line_1_64' title="bbox 424 3117 1991 3189; baseline -0.002 -17"><span class='ocrx_word' id='word_1_421' title='bbox 424 3120 618 3173; x_wconf 88' lang='lat' dir='ltr'><strong>herum</strong></span> <span class='ocrx_word' id='word_1_422' title='bbox 678 3134 841 3174; x_wconf 89' lang='lat' dir='ltr'><strong>suum</strong></span> <span class='ocrx_word' id='word_1_423' title='bbox 892 3134 1179 3189; x_wconf 85' lang='lat' dir='ltr'><strong>regressus</strong></span> <span class='ocrx_word' id='word_1_424' title='bbox 1228 3129 1347 3185; x_wconf 88' lang='lat' dir='ltr'><strong>est;</strong></span> <span class='ocrx_word' id='word_1_425' title='bbox 1379 3120 1511 3188; x_wconf 90' lang='lat' dir='ltr'><strong>quin</strong></span> <span class='ocrx_word' id='word_1_426' title='bbox 1563 3132 1663 3172; x_wconf 89' lang='lat' dir='ltr'><strong>nec</strong></span> <span class='ocrx_word' id='word_1_427' title='bbox 1689 3117 1991 3187; x_wconf 88' lang='lat' dir='ltr'><strong>quidquam</strong></span> 
     </span>
    </p>
   </div>
   <div class='ocr_carea' id='block_1_64' title="bbox 421 3208 1991 3281">
    <p class='ocr_par' dir='ltr' id='par_1_64' title="bbox 421 3208 1991 3281">
     <span class='ocr_line' id='line_1_65' title="bbox 421 3208 1991 3281; baseline -0.003 -16"><span class='ocrx_word' id='word_1_428' title='bbox 421 3224 612 3265; x_wconf 86' lang='lat' dir='ltr'><strong>eorum</strong></span> <span class='ocrx_word' id='word_1_429' title='bbox 635 3225 757 3279; x_wconf 65' lang='lat' dir='ltr'><strong>qua:</strong></span> <span class='ocrx_word' id='word_1_430' title='bbox 782 3211 1161 3281; x_wconf 86' lang='lat' dir='ltr'><strong>subripuerat,</strong></span> <span class='ocrx_word' id='word_1_431' title='bbox 1180 3209 1380 3265; x_wconf 82' lang='lat' dir='ltr'><strong>defuit.</strong></span> <span class='ocrx_word' id='word_1_432' title='bbox 1407 3210 1520 3265; x_wconf 86' lang='lat' dir='ltr'><strong>Hoc</strong></span> <span class='ocrx_word' id='word_1_433' title='bbox 1551 3223 1673 3265; x_wconf 89' lang='lat' dir='ltr'><strong>cum</strong></span> <span class='ocrx_word' id='word_1_434' title='bbox 1702 3208 1848 3278; x_wconf 91' lang='lat' dir='ltr'><strong>apud</strong></span> <span class='ocrx_word' id='word_1_435' title='bbox 1871 3224 1991 3263; x_wconf 92' lang='lat' dir='ltr'><strong>om-</strong></span> 
     </span>
    </p>
   </div>
   <div class='ocr_carea' id='block_1_65' title="bbox 426 3298 1994 3371">
    <p class='ocr_par' dir='ltr' id='par_1_65' title="bbox 426 3298 1994 3371">
     <span class='ocr_line' id='line_1_66' title="bbox 426 3298 1994 3371; baseline -0.001 -17"><span class='ocrx_word' id='word_1_436' title='bbox 426 3316 525 3356; x_wconf 86' lang='lat' dir='ltr'><strong>nes</strong></span> <span class='ocrx_word' id='word_1_437' title='bbox 548 3300 899 3364; x_wconf 87' lang='lat' dir='ltr'><strong>innotuisset,</strong></span> <span class='ocrx_word' id='word_1_438' title='bbox 927 3316 1102 3371; x_wconf 88' lang='lat' dir='ltr'><strong>usque</strong></span> <span class='ocrx_word' id='word_1_439' title='bbox 1125 3301 1181 3354; x_wconf 92' lang='lat' dir='ltr'><strong>in</strong></span> <span class='ocrx_word' id='word_1_440' title='bbox 1210 3302 1349 3357; x_wconf 89' lang='lat' dir='ltr'><strong>diem</strong></span> <span class='ocrx_word' id='word_1_441' title='bbox 1373 3300 1693 3356; x_wconf 86' lang='lat' dir='ltr'><strong>hodiernum</strong></span> <span class='ocrx_word' id='word_1_442' title='bbox 1718 3298 1860 3354; x_wconf 90' lang='lat' dir='ltr'><strong>idem</strong></span> <span class='ocrx_word' id='word_1_443' title='bbox 1890 3300 1994 3353; x_wconf 82' lang='lat' dir='ltr'><strong>ob-</strong></span> 
     </span>
    </p>
   </div>
   <div class='ocr_carea' id='block_1_66' title="bbox 425 3388 1997 3459">
    <p class='ocr_par' dir='ltr' id='par_1_66' title="bbox 425 3388 1997 3459">
     <span class='ocr_line' id='line_1_67' title="bbox 425 3388 1997 3459; baseline 0 -16"><span class='ocrx_word' id='word_1_444' title='bbox 425 3397 649 3445; x_wconf 78' lang='lat' dir='ltr'><strong>servant</strong></span> <span class='ocrx_word' id='word_1_445' title='bbox 682 3389 919 3459; x_wconf 86' lang='lat' dir='ltr'><strong>regionis</strong></span> <span class='ocrx_word' id='word_1_446' title='bbox 951 3390 1115 3447; x_wconf 83' lang='lat' dir='ltr'><strong>istius</strong></span> <span class='ocrx_word' id='word_1_447' title='bbox 1162 3390 1359 3445; x_wconf 85' lang='lat' dir='ltr'><strong>incolae</strong></span> <span class='ocrx_word' id='word_1_448' title='bbox 1389 3398 1583 3445; x_wconf 86' lang='lat' dir='ltr'><strong>contra</strong></span> <span class='ocrx_word' id='word_1_449' title='bbox 1629 3404 1818 3444; x_wconf 83' lang='lat' dir='ltr'><strong>servos</strong></span> <span class='ocrx_word' id='word_1_450' title='bbox 1848 3388 1997 3458; x_wconf 86' lang='lat' dir='ltr'><strong>fugi-</strong></span> 
     </span>
    </p>
   </div>
   <div class='ocr_carea' id='block_1_67' title="bbox 427 3482 642 3534">
    <p class='ocr_par' dir='ltr' id='par_1_67' title="bbox 427 3482 642 3534">
     <span class='ocr_line' id='line_1_68' title="bbox 427 3482 642 3534; baseline -0.009 -1"><span class='ocrx_word' id='word_1_451' title='bbox 427 3482 592 3534; x_wconf 82' lang='lat' dir='ltr'><strong>tivos.</strong></span> <span class='ocrx_word' id='word_1_452' title='bbox 619 3496 642 3531; x_wconf 74' lang='grc' dir='ltr'><strong>ι</strong></span> 
     </span>
    </p>
   </div>
   <div class='ocr_carea' id='block_1_68' title="bbox 500 3567 2000 3695">
    <p class='ocr_par' dir='ltr' id='par_1_68' title="bbox 500 3567 2000 3695">
     <span class='ocr_line' id='line_1_69' title="bbox 500 3567 2000 3695; baseline -0.001 -69"><span class='ocrx_word' id='word_1_453' title='bbox 500 3567 684 3626; x_wconf 80' lang='lat' dir='ltr'><strong>Sancti</strong></span> <span class='ocrx_word' id='word_1_454' title='bbox 734 3570 1015 3626; x_wconf 71' lang='lat' dir='ltr'><strong>Athanasii</strong></span> <span class='ocrx_word' id='word_1_455' title='bbox 1047 3568 1498 3695; x_wconf 48' lang='lat' dir='ltr'><strong>Agxandrini,”</strong></span> <span class='ocrx_word' id='word_1_456' title='bbox 1526 3569 1660 3625; x_wconf 76' lang='lat' dir='ltr'><strong>libro</strong></span> <span class='ocrx_word' id='word_1_457' title='bbox 1685 3585 1749 3631; x_wconf 85' lang='lat' dir='ltr'><strong>ul</strong></span> <span class='ocrx_word' id='word_1_458' title='bbox 1798 3570 2000 3627; x_wconf 82' lang='lat' dir='ltr'><strong>Contra</strong></span> 
     </span>
     <span class='ocr_line' id='line_1_70' title="bbox 1147 3656 1352 3695; baseline 0.005 -1"><span class='ocrx_word' id='word_1_459' title='bbox 1147 3656 1352 3695; x_wconf 76' lang='lat' dir='ltr'><strong>nanos.</strong></span> 
     </span>
    </p>
   </div>
   <div class='ocr_carea' id='block_1_69' title="bbox 1147 3656 1352 3696">
    <p class='ocr_par' dir='ltr' id='par_1_69' title="bbox 1147 3656 1352 3696">
     <span class='ocr_line' id='line_1_71' title="bbox 1147 3656 1352 3696; baseline 0.01 -2"><span class='ocrx_word' id='word_1_460' title='bbox 1147 3656 1352 3696; x_wconf 72' lang='grc' dir='ltr'><strong>ηαηοε.</strong></span> 
     </span>
    </p>
   </div>
   <div class='ocr_carea' id='block_1_70' title="bbox 504 3732 1996 3805">
    <p class='ocr_par' dir='ltr' id='par_1_70' title="bbox 504 3732 1996 3805">
     <span class='ocr_line' id='line_1_72' title="bbox 504 3732 1996 3805; baseline 0.003 -19"><span class='ocrx_word' id='word_1_461' title='bbox 504 3753 523 3786; x_wconf 76' lang='lat' dir='ltr'><strong>c</strong></span> <span class='ocrx_word' id='word_1_462' title='bbox 558 3735 624 3789; x_wconf 84' lang='lat' dir='ltr'><strong>At</strong></span> <span class='ocrx_word' id='word_1_463' title='bbox 646 3749 775 3790; x_wconf 83' lang='lat' dir='ltr'><strong>vero</strong></span> <span class='ocrx_word' id='word_1_464' title='bbox 809 3732 1008 3802; x_wconf 83' lang='lat' dir='ltr'><strong>Filius,</strong></span> <span class='ocrx_word' id='word_1_465' title='bbox 1038 3734 1169 3805; x_wconf 87' lang='lat' dir='ltr'><strong>quia</strong></span> <span class='ocrx_word' id='word_1_466' title='bbox 1196 3733 1523 3789; x_wconf 67' lang='lat' dir='ltr'><strong>substantiae</strong></span> <span class='ocrx_word' id='word_1_467' title='bbox 1553 3732 1734 3790; x_wconf 80' lang='lat' dir='ltr'><strong>Patris</strong></span> <span class='ocrx_word' id='word_1_468' title='bbox 1769 3749 1996 3805; x_wconf 87' lang='lat' dir='ltr'><strong>germen</strong></span> 
     </span>
    </p>
   </div>
   <div class='ocr_carea' id='block_1_71' title="bbox 432 3825 2001 3896">
    <p class='ocr_par' dir='ltr' id='par_1_71' title="bbox 432 3825 2001 3896">
     <span class='ocr_line' id='line_1_73' title="bbox 432 3825 2001 3896; baseline 0 -17"><span class='ocrx_word' id='word_1_469' title='bbox 432 3826 715 3896; x_wconf 85' lang='lat' dir='ltr'><strong>proprium</strong></span> <span class='ocrx_word' id='word_1_470' title='bbox 746 3832 853 3891; x_wconf 87' lang='lat' dir='ltr'><strong>est,</strong></span> <span class='ocrx_word' id='word_1_471' title='bbox 884 3832 1257 3881; x_wconf 83' lang='lat' dir='ltr'><strong>consentanea</strong></span> <span class='ocrx_word' id='word_1_472' title='bbox 1292 3825 1454 3895; x_wconf 88' lang='lat' dir='ltr'><strong>plane</strong></span> <span class='ocrx_word' id='word_1_473' title='bbox 1502 3826 1738 3890; x_wconf 89' lang='lat' dir='ltr'><strong>ratione,</strong></span> <span class='ocrx_word' id='word_1_474' title='bbox 1776 3841 1840 3880; x_wconf 90' lang='lat' dir='ltr'><strong>ea</strong></span> <span class='ocrx_word' id='word_1_475' title='bbox 1878 3841 2001 3896; x_wconf 73' lang='lat' dir='ltr'><strong>qua:</strong></span> 
     </span>
    </p>
   </div>
   <div class='ocr_carea' id='block_1_72' title="bbox 432 3915 2001 3988">
    <p class='ocr_par' dir='ltr' id='par_1_72' title="bbox 432 3915 2001 3988">
     <span class='ocr_line' id='line_1_74' title="bbox 432 3915 2001 3988; baseline 0.003 -19"><span class='ocrx_word' id='word_1_476' title='bbox 432 3915 611 3971; x_wconf 80' lang='lat' dir='ltr'><strong>Patris</strong></span> <span class='ocrx_word' id='word_1_477' title='bbox 669 3924 819 3981; x_wconf 87' lang='lat' dir='ltr'><strong>sunt,</strong></span> <span class='ocrx_word' id='word_1_478' title='bbox 869 3932 971 3973; x_wconf 87' lang='lat' dir='ltr'><strong>sua</strong></span> <span class='ocrx_word' id='word_1_479' title='bbox 1026 3932 1153 3972; x_wconf 87' lang='lat' dir='ltr'><strong>esse</strong></span> <span class='ocrx_word' id='word_1_480' title='bbox 1201 3916 1361 3972; x_wconf 92' lang='lat' dir='ltr'><strong>dicit.</strong></span> <span class='ocrx_word' id='word_1_481' title='bbox 1390 3917 1572 3983; x_wconf 84' lang='lat' dir='ltr'><strong>Quare</strong></span> <span class='ocrx_word' id='word_1_482' title='bbox 1595 3933 1718 3973; x_wconf 91' lang='lat' dir='ltr'><strong>cum</strong></span> <span class='ocrx_word' id='word_1_483' title='bbox 1745 3917 2001 3988; x_wconf 72' lang='lat' dir='ltr'><strong>pmfatus</strong></span> 
     </span>
    </p>
   </div>
   <div class='ocr_carea' id='block_1_73' title="bbox 432 4005 2001 4077">
    <p class='ocr_par' dir='ltr' id='par_1_73' title="bbox 432 4005 2001 4077">
     <span class='ocr_line' id='line_1_75' title="bbox 432 4005 2001 4077; baseline 0.001 -16"><span class='ocrx_word' id='word_1_484' title='bbox 432 4007 630 4063; x_wconf 87' lang='lat' dir='ltr'><strong>fuisset</strong></span> <span class='ocrx_word' id='word_1_485' title='bbox 658 4026 670 4062; x_wconf 91' lang='lat'><strong>:</strong></span> <span class='ocrx_word' id='word_1_486' title='bbox 700 4005 810 4077; x_wconf 86' lang='lat' dir='ltr'><strong>Ego</strong></span> <span class='ocrx_word' id='word_1_487' title='bbox 864 4015 913 4062; x_wconf 88' lang='lat' dir='ltr'><strong>et</strong></span> <span class='ocrx_word' id='word_1_488' title='bbox 961 4005 1125 4061; x_wconf 85' lang='lat' dir='ltr'><strong>Pater</strong></span> <span class='ocrx_word' id='word_1_489' title='bbox 1171 4022 1334 4059; x_wconf 84' lang='lat' dir='ltr'><strong>unum</strong></span> <span class='ocrx_word' id='word_1_490' title='bbox 1380 4024 1562 4062; x_wconf 73' lang='lat' dir='ltr'><strong>sumus</strong></span> <span class='ocrx_word' id='word_1_491' title='bbox 1580 4008 1648 4075; x_wconf 77' lang='lat'><strong>“,</strong></span> <span class='ocrx_word' id='word_1_492' title='bbox 1687 4008 1815 4077; x_wconf 85' lang='lat' dir='ltr'><strong>jure</strong></span> <span class='ocrx_word' id='word_1_493' title='bbox 1846 4017 1900 4064; x_wconf 89' lang='lat' dir='ltr'><strong>et</strong></span> <span class='ocrx_word' id='word_1_494' title='bbox 1933 4024 2001 4063; x_wconf 78' lang='lat' dir='ltr'><strong>ex</strong></span> 
     </span>
    </p>
   </div>
   <div class='ocr_carea' id='block_1_74' title="bbox 430 4098 2003 4172">
    <p class='ocr_par' dir='ltr' id='par_1_74' title="bbox 430 4098 2003 4172">
     <span class='ocr_line' id='line_1_76' title="bbox 430 4098 2003 4172; baseline 0.002 -19"><span class='ocrx_word' id='word_1_495' title='bbox 430 4100 791 4170; x_wconf 88' lang='lat' dir='ltr'><strong>consequenti</strong></span> <span class='ocrx_word' id='word_1_496' title='bbox 849 4100 1084 4170; x_wconf 83' lang='lat' dir='ltr'><strong>subjecit</strong></span> <span class='ocrx_word' id='word_1_497' title='bbox 1116 4117 1135 4156; x_wconf 92' lang='lat'><strong><em>:</em></strong></span> <span class='ocrx_word' id='word_1_498' title='bbox 1173 4098 1243 4154; x_wconf 86' lang='lat' dir='ltr'><strong>Ut</strong></span> <span class='ocrx_word' id='word_1_499' title='bbox 1270 4101 1454 4155; x_wconf 72' lang='lat' dir='ltr'><strong>sciatis</strong></span> <span class='ocrx_word' id='word_1_500' title='bbox 1503 4104 1630 4172; x_wconf 85' lang='lat' dir='ltr'><strong>quia</strong></span> <span class='ocrx_word' id='word_1_501' title='bbox 1672 4118 1763 4172; x_wconf 85' lang='lat' dir='ltr'><strong>ego</strong></span> <span class='ocrx_word' id='word_1_502' title='bbox 1795 4118 1914 4156; x_wconf 75' lang='lat' dir='ltr'><strong>sum</strong></span> <span class='ocrx_word' id='word_1_503' title='bbox 1947 4104 2003 4156; x_wconf 80' lang='lat' dir='ltr'><strong>in</strong></span> 
     </span>
    </p>
   </div>
   <div class='ocr_carea' id='block_1_75' title="bbox 437 4192 1998 4257">
    <p class='ocr_par' dir='ltr' id='par_1_75' title="bbox 437 4192 1998 4257">
     <span class='ocr_line' id='line_1_77' title="bbox 437 4192 1998 4257; baseline 0.003 -10"><span class='ocrx_word' id='word_1_504' title='bbox 437 4193 618 4257; x_wconf 73' lang='lat' dir='ltr'><strong>Patre,</strong></span> <span class='ocrx_word' id='word_1_505' title='bbox 645 4203 695 4248; x_wconf 85' lang='lat' dir='ltr'><strong>et</strong></span> <span class='ocrx_word' id='word_1_506' title='bbox 724 4192 883 4247; x_wconf 86' lang='lat' dir='ltr'><strong>Pater</strong></span> <span class='ocrx_word' id='word_1_507' title='bbox 916 4194 971 4247; x_wconf 85' lang='lat' dir='ltr'><strong>in</strong></span> <span class='ocrx_word' id='word_1_508' title='bbox 1000 4209 1080 4247; x_wconf 88' lang='lat' dir='ltr'><strong>me</strong></span> <span class='ocrx_word' id='word_1_509' title='bbox 1108 4201 1186 4248; x_wconf 80' lang='lat' dir='ltr'><strong>est</strong></span> <span class='ocrx_word' id='word_1_510' title='bbox 1212 4194 1276 4249; x_wconf 81' lang='lat'><strong>°’.</strong></span> <span class='ocrx_word' id='word_1_511' title='bbox 1314 4194 1506 4250; x_wconf 89' lang='lat' dir='ltr'><strong>Itidem</strong></span> <span class='ocrx_word' id='word_1_512' title='bbox 1558 4202 1687 4250; x_wconf 87' lang='lat' dir='ltr'><strong>ante</strong></span> <span class='ocrx_word' id='word_1_513' title='bbox 1735 4195 1947 4249; x_wconf 80' lang='lat' dir='ltr'><strong>dixerat</strong></span> <span class='ocrx_word' id='word_1_514' title='bbox 1983 4213 1998 4251; x_wconf 85' lang='lat'>:</span> 
     </span>
    </p>
   </div>
   <div class='ocr_carea' id='block_1_76' title="bbox 2094 3119 3677 3195">
    <p class='ocr_par' dir='ltr' id='par_1_76' title="bbox 2094 3119 3677 3195">
     <span class='ocr_line' id='line_1_78' title="bbox 2094 3119 3677 3195; baseline -0.006 -14"><span class='ocrx_word' id='word_1_515' title='bbox 2094 3128 2199 3181; x_wconf 82' lang='grc' dir='ltr'><strong>ὑπό</strong></span> <span class='ocrx_word' id='word_1_516' title='bbox 2243 3144 2386 3190; x_wconf 86' lang='grc' dir='ltr'><strong>τινος</strong></span> <span class='ocrx_word' id='word_1_517' title='bbox 2420 3124 2795 3195; x_wconf 69' lang='grc' dir='ltr'><strong>ἐλαυνόμενος,</strong></span> <span class='ocrx_word' id='word_1_518' title='bbox 2825 3124 2919 3178; x_wconf 78' lang='grc' dir='ltr'><strong>καὶ</strong></span> <span class='ocrx_word' id='word_1_519' title='bbox 2952 3119 3082 3193; x_wconf 78' lang='grc' dir='ltr'><strong>ἦλθε</strong></span> <span class='ocrx_word' id='word_1_520' title='bbox 3114 3123 3251 3193; x_wconf 81' lang='grc' dir='ltr'><strong>πρὸς</strong></span> <span class='ocrx_word' id='word_1_521' title='bbox 3292 3122 3385 3173; x_wconf 84' lang='grc' dir='ltr'><strong>τὸν</strong></span> <span class='ocrx_word' id='word_1_522' title='bbox 3427 3120 3563 3172; x_wconf 74' lang='grc' dir='ltr'><strong>ἴδιον</strong></span> <span class='ocrx_word' id='word_1_523' title='bbox 3591 3119 3677 3171; x_wconf 83' lang='grc' dir='ltr'><strong>δε-</strong></span> 
     </span>
    </p>
   </div>
   <div class='ocr_carea' id='block_1_77' title="bbox 2096 3203 3677 3288">
    <p class='ocr_par' dir='ltr' id='par_1_77' title="bbox 2096 3203 3677 3288">
     <span class='ocr_line' id='line_1_79' title="bbox 2096 3203 3677 3288; baseline -0.006 -18"><span class='ocrx_word' id='word_1_524' title='bbox 2096 3217 2321 3287; x_wconf 84' lang='grc' dir='ltr'><strong>σπότην,</strong></span> <span class='ocrx_word' id='word_1_525' title='bbox 2354 3216 2522 3288; x_wconf 78' lang='grc' dir='ltr'><strong>μηδὲν</strong></span> <span class='ocrx_word' id='word_1_526' title='bbox 2570 3215 2629 3280; x_wconf 78' lang='grc' dir='ltr'><strong>ἐξ</strong></span> <span class='ocrx_word' id='word_1_527' title='bbox 2672 3208 2748 3268; x_wconf 81' lang='grc' dir='ltr'><strong>ὧν</strong></span> <span class='ocrx_word' id='word_1_528' title='bbox 2793 3213 3031 3268; x_wconf 79' lang='grc' dir='ltr'><strong>έσύλωσε</strong></span> <span class='ocrx_word' id='word_1_529' title='bbox 3063 3212 3353 3274; x_wconf 83' lang='grc' dir='ltr'><strong>σπανίσας.</strong></span> <span class='ocrx_word' id='word_1_530' title='bbox 3382 3209 3560 3261; x_wconf 76' lang='grc' dir='ltr'><strong>Τοῦτο</strong></span> <span class='ocrx_word' id='word_1_531' title='bbox 3585 3203 3677 3261; x_wconf 71' lang='grc' dir='ltr'><strong>οὖν</strong></span> 
     </span>
    </p>
   </div>
   <div class='ocr_carea' id='block_1_78' title="bbox 2096 3300 3676 3377">
    <p class='ocr_par' dir='ltr' id='par_1_78' title="bbox 2096 3300 3676 3377">
     <span class='ocr_line' id='line_1_80' title="bbox 2096 3300 3676 3377; baseline -0.007 -15"><span class='ocrx_word' id='word_1_532' title='bbox 2096 3308 2296 3371; x_wconf 79' lang='grc' dir='ltr'><strong>πάντες</strong></span> <span class='ocrx_word' id='word_1_533' title='bbox 2346 3306 2632 3377; x_wconf 83' lang='grc' dir='ltr'><strong>μαθόντες,</strong></span> <span class='ocrx_word' id='word_1_534' title='bbox 2689 3306 2795 3371; x_wconf 73' lang='grc' dir='ltr'><strong>ἕως</strong></span> <span class='ocrx_word' id='word_1_535' title='bbox 2848 3305 2949 3375; x_wconf 77' lang='grc' dir='ltr'><strong>τῆς</strong></span> <span class='ocrx_word' id='word_1_536' title='bbox 3004 3306 3246 3374; x_wconf 78' lang='grc' dir='ltr'><strong>σήμερον</strong></span> <span class='ocrx_word' id='word_1_537' title='bbox 3292 3300 3516 3372; x_wconf 78' lang='grc' dir='ltr'><strong>ἡμέρας</strong></span> <span class='ocrx_word' id='word_1_538' title='bbox 3564 3300 3676 3359; x_wconf 76' lang='grc' dir='ltr'><strong>τοῖς</strong></span> 
     </span>
    </p>
   </div>
   <div class='ocr_carea' id='block_1_79' title="bbox 2096 3388 3678 3471">
    <p class='ocr_par' dir='ltr' id='par_1_79' title="bbox 2096 3388 3678 3471">
     <span class='ocr_line' id='line_1_81' title="bbox 2096 3388 3678 3471; baseline -0.008 -17"><span class='ocrx_word' id='word_1_539' title='bbox 2096 3397 2583 3471; x_wconf 79' lang='grc' dir='ltr'><strong>ἀποδιδράσκουσιν</strong></span> <span class='ocrx_word' id='word_1_540' title='bbox 2639 3394 2985 3451; x_wconf 73' lang='grc' dir='ltr'><strong>ἐπιτελοῦσιν</strong></span> <span class='ocrx_word' id='word_1_541' title='bbox 3028 3397 3078 3447; x_wconf 79' lang='grc' dir='ltr'><strong>οἱ</strong></span> <span class='ocrx_word' id='word_1_542' title='bbox 3136 3394 3236 3465; x_wconf 78' lang='grc' dir='ltr'><strong>τῆς</strong></span> <span class='ocrx_word' id='word_1_543' title='bbox 3286 3390 3477 3464; x_wconf 83' lang='grc' dir='ltr'><strong>χώρας</strong></span> <span class='ocrx_word' id='word_1_544' title='bbox 3525 3388 3678 3442; x_wconf 77' lang='grc' dir='ltr'><strong>ὲκεί-</strong></span> 
     </span>
    </p>
   </div>
   <div class='ocr_carea' id='block_1_80' title="bbox 2096 3509 2264 3561">
    <p class='ocr_par' dir='ltr' id='par_1_80' title="bbox 2096 3509 2264 3561">
     <span class='ocr_line' id='line_1_82' title="bbox 2096 3509 2264 3561; baseline 0 -17"><span class='ocrx_word' id='word_1_545' title='bbox 2096 3509 2216 3561; x_wconf 87' lang='grc' dir='ltr'><strong>νης.</strong></span> <span class='ocrx_word' id='word_1_546' title='bbox 2246 3509 2264 3543; x_wconf 72' lang='grc' dir='ltr'><strong>ι</strong></span> 
     </span>
    </p>
   </div>
   <div class='ocr_carea' id='block_1_81' title="bbox 2102 3573 3679 3652">
    <p class='ocr_par' dir='ltr' id='par_1_81' title="bbox 2102 3573 3679 3652">
     <span class='ocr_line' id='line_1_83' title="bbox 2102 3573 3679 3652; baseline -0.008 -14"><span class='ocrx_word' id='word_1_547' title='bbox 2102 3582 2214 3637; x_wconf 82' lang='grc' dir='ltr'><strong>Τοῦ</strong></span> <span class='ocrx_word' id='word_1_548' title='bbox 2234 3581 2404 3652; x_wconf 79' lang='grc' dir='ltr'><strong>ἁγίου</strong></span> <span class='ocrx_word' id='word_1_549' title='bbox 2439 3580 2812 3652; x_wconf 48' lang='grc' dir='ltr'><strong>Ἀθανασίου-</strong></span> <span class='ocrx_word' id='word_1_550' title='bbox 2828 3578 3301 3652; x_wconf 50' lang='grc' dir='ltr'><strong>Ἀᾆεξιζνδρείᾳᾳ</strong></span> <span class='ocrx_word' id='word_1_551' title='bbox 3336 3576 3407 3629; x_wconf 78' lang='grc' dir='ltr'><strong>ἐκ</strong></span> <span class='ocrx_word' id='word_1_552' title='bbox 3432 3573 3537 3628; x_wconf 79' lang='grc' dir='ltr'><strong>τοῦ</strong></span> <span class='ocrx_word' id='word_1_553' title='bbox 3560 3575 3679 3627; x_wconf 82' lang='lat' dir='ltr'><strong>Ka-</strong></span> 
     </span>
    </p>
   </div>
   <div class='ocr_carea' id='block_1_82' title="bbox 2429 3647 3364 3718">
    <p class='ocr_par' dir='ltr' id='par_1_82' title="bbox 2429 3647 3364 3718">
     <span class='ocr_line' id='line_1_84' title="bbox 2429 3647 3364 3718; baseline -0.006 -14"><span class='ocrx_word' id='word_1_554' title='bbox 2429 3650 2504 3704; x_wconf 84' lang='grc' dir='ltr'><strong>τὰ</strong></span> <span class='ocrx_word' id='word_1_555' title='bbox 2546 3647 2859 3718; x_wconf 78' lang='grc' dir='ltr'><strong>Ἀρειανῶν</strong></span> <span class='ocrx_word' id='word_1_556' title='bbox 2871 3648 3113 3713; x_wconf 75' lang='grc' dir='ltr'><strong>βιϐλίου</strong></span> <span class='ocrx_word' id='word_1_557' title='bbox 3144 3649 3364 3716; x_wconf 83' lang='grc' dir='ltr'><strong>τρίτου.</strong></span> 
     </span>
    </p>
   </div>
   <div class='ocr_carea' id='block_1_83' title="bbox 2176 3738 3680 3813">
    <p class='ocr_par' dir='ltr' id='par_1_83' title="bbox 2176 3738 3680 3813">
     <span class='ocr_line' id='line_1_85' title="bbox 2176 3738 3680 3813; baseline -0.002 -18"><span class='ocrx_word' id='word_1_558' title='bbox 2176 3762 2195 3795; x_wconf 76' lang='grc' dir='ltr'><strong>ι</strong></span> <span class='ocrx_word' id='word_1_559' title='bbox 2216 3743 2330 3813; x_wconf 84' lang='grc' dir='ltr'><strong>Τῆς</strong></span> <span class='ocrx_word' id='word_1_560' title='bbox 2347 3742 2404 3796; x_wconf 79' lang='grc' dir='ltr'><strong>δὲ</strong></span> <span class='ocrx_word' id='word_1_561' title='bbox 2424 3741 2610 3804; x_wconf 81' lang='grc' dir='ltr'><strong>οὐσίας</strong></span> <span class='ocrx_word' id='word_1_562' title='bbox 2625 3740 2720 3793; x_wconf 80' lang='grc' dir='ltr'><strong>τοῦ</strong></span> <span class='ocrx_word' id='word_1_563' title='bbox 2740 3739 2955 3809; x_wconf 82' lang='grc' dir='ltr'><strong>Πατρδς</strong></span> <span class='ocrx_word' id='word_1_564' title='bbox 2981 3739 3109 3792; x_wconf 74' lang='grc' dir='ltr'><strong>ἴδιον</strong></span> <span class='ocrx_word' id='word_1_565' title='bbox 3125 3739 3200 3791; x_wconf 79' lang='grc' dir='ltr'><strong>ὢν</strong></span> <span class='ocrx_word' id='word_1_566' title='bbox 3216 3739 3465 3808; x_wconf 74' lang='grc' dir='ltr'><strong>γέννημα.</strong></span> <span class='ocrx_word' id='word_1_567' title='bbox 3484 3740 3514 3792; x_wconf 87' lang='lat'><strong>0</strong></span> <span class='ocrx_word' id='word_1_568' title='bbox 3532 3738 3680 3801; x_wconf 68' lang='grc' dir='ltr'><strong>Υἱὸς,</strong></span> 
     </span>
    </p>
   </div>
   <div class='ocr_carea' id='block_1_84' title="bbox 2100 3823 3683 3898">
    <p class='ocr_par' dir='ltr' id='par_1_84' title="bbox 2100 3823 3683 3898">
     <span class='ocr_line' id='line_1_86' title="bbox 2100 3823 3683 3898; baseline -0.005 -13"><span class='ocrx_word' id='word_1_569' title='bbox 2100 3832 2324 3893; x_wconf 75' lang='grc' dir='ltr'><strong>εἰκότως</strong></span> <span class='ocrx_word' id='word_1_570' title='bbox 2347 3830 2442 3885; x_wconf 61' lang='grc' dir='ltr'><strong>καὶ⁵</strong></span> <span class='ocrx_word' id='word_1_571' title='bbox 2472 3830 2541 3883; x_wconf 77' lang='grc' dir='ltr'><strong>τὰ</strong></span> <span class='ocrx_word' id='word_1_572' title='bbox 2560 3829 2653 3884; x_wconf 81' lang='grc' dir='ltr'><strong>τοῦ</strong></span> <span class='ocrx_word' id='word_1_573' title='bbox 2686 3827 2900 3898; x_wconf 67' lang='grc' dir='ltr'><strong>Πατρός</strong></span> <span class='ocrx_word' id='word_1_574' title='bbox 2923 3827 3070 3894; x_wconf 80' lang='grc' dir='ltr'><strong>λέγει</strong></span> <span class='ocrx_word' id='word_1_575' title='bbox 3096 3828 3290 3881; x_wconf 77' lang='grc' dir='ltr'><strong>ἑαυτοῦ</strong></span> <span class='ocrx_word' id='word_1_576' title='bbox 3320 3823 3493 3881; x_wconf 76' lang='grc' dir='ltr'><strong>εἶναι.</strong></span> <span class='ocrx_word' id='word_1_577' title='bbox 3522 3830 3683 3882; x_wconf 81' lang='grc' dir='ltr'><strong>Ὅθεν</strong></span> 
     </span>
    </p>
   </div>
   <div class='ocr_carea' id='block_1_85' title="bbox 2100 3918 3690 3991">
    <p class='ocr_par' dir='ltr' id='par_1_85' title="bbox 2100 3918 3690 3991">
     <span class='ocr_line' id='line_1_87' title="bbox 2100 3918 3690 3991; baseline -0.001 -16"><span class='ocrx_word' id='word_1_578' title='bbox 2100 3922 2419 3991; x_wconf 84' lang='grc' dir='ltr'><strong>πρεπόντως</strong></span> <span class='ocrx_word' id='word_1_579' title='bbox 2455 3920 2548 3974; x_wconf 77' lang='grc' dir='ltr'><strong>καὶ</strong></span> <span class='ocrx_word' id='word_1_580' title='bbox 2576 3918 2914 3983; x_wconf 80' lang='grc' dir='ltr'><strong>ἀκολούθως,</strong></span> <span class='ocrx_word' id='word_1_581' title='bbox 2948 3918 3027 3989; x_wconf 83' lang='grc' dir='ltr'><strong>τῷ</strong></span> <span class='ocrx_word' id='word_1_582' title='bbox 3068 3919 3281 3987; x_wconf 80' lang='grc' dir='ltr'><strong>λέγειν,</strong></span> <span class='ocrx_word' id='word_1_583' title='bbox 3325 3919 3475 3989; x_wconf 79' lang='grc' dir='ltr'><strong>Ἐγὼ</strong></span> <span class='ocrx_word' id='word_1_584' title='bbox 3517 3921 3616 3973; x_wconf 72' lang='grc' dir='ltr'><strong>καί</strong></span> <span class='ocrx_word' id='word_1_585' title='bbox 3655 3921 3690 3973; x_wconf 84' lang='grc' dir='ltr'><em>ὁ</em></span> 
     </span>
    </p>
   </div>
   <div class='ocr_carea' id='block_1_86' title="bbox 2100 4006 3689 4079">
    <p class='ocr_par' dir='ltr' id='par_1_86' title="bbox 2100 4006 3689 4079">
     <span class='ocr_line' id='line_1_88' title="bbox 2100 4006 3689 4079; baseline -0.002 -14"><span class='ocrx_word' id='word_1_586' title='bbox 2100 4010 2304 4079; x_wconf 81' lang='grc' dir='ltr'><strong>Πατὴρ</strong></span> <span class='ocrx_word' id='word_1_587' title='bbox 2332 4010 2402 4064; x_wconf 75' lang='grc' dir='ltr'><strong>ἓν</strong></span> <span class='ocrx_word' id='word_1_588' title='bbox 2435 4010 2641 4079; x_wconf 84' lang='grc' dir='ltr'><strong>ἐσμεν,</strong></span> <span class='ocrx_word' id='word_1_589' title='bbox 2680 4011 2986 4079; x_wconf 68' lang='grc' dir='ltr'><strong>ἐπήγαγεν·</strong></span> <span class='ocrx_word' id='word_1_590' title='bbox 3023 4008 3150 4062; x_wconf 72' lang='grc' dir='ltr'><strong>Ἵνα</strong></span> <span class='ocrx_word' id='word_1_591' title='bbox 3196 4006 3417 4076; x_wconf 73' lang='grc' dir='ltr'><strong>γνῶτε,</strong></span> <span class='ocrx_word' id='word_1_592' title='bbox 3441 4007 3535 4063; x_wconf 84' lang='grc' dir='ltr'><strong>ὅτι</strong></span> <span class='ocrx_word' id='word_1_593' title='bbox 3572 4009 3689 4078; x_wconf 74' lang='grc' dir='ltr'><strong>ἐγὼ</strong></span> 
     </span>
    </p>
   </div>
   <div class='ocr_carea' id='block_1_87' title="bbox 2100 4101 3690 4174">
    <p class='ocr_par' dir='ltr' id='par_1_87' title="bbox 2100 4101 3690 4174">
     <span class='ocr_line' id='line_1_89' title="bbox 2100 4101 3690 4174; baseline -0.001 -15"><span class='ocrx_word' id='word_1_594' title='bbox 2100 4105 2171 4159; x_wconf 81' lang='grc' dir='ltr'><strong>ἐν</strong></span> <span class='ocrx_word' id='word_1_595' title='bbox 2200 4104 2279 4170; x_wconf 87' lang='grc' dir='ltr'><strong>τῷ</strong></span> <span class='ocrx_word' id='word_1_596' title='bbox 2315 4103 2497 4174; x_wconf 80' lang='grc' dir='ltr'><strong>Πατρί</strong></span> <span class='ocrx_word' id='word_1_597' title='bbox 2529 4104 2626 4157; x_wconf 79' lang='grc' dir='ltr'><strong>καί</strong></span> <span class='ocrx_word' id='word_1_598' title='bbox 2654 4104 2687 4157; x_wconf 85' lang='grc' dir='ltr'><strong>ό</strong></span> <span class='ocrx_word' id='word_1_599' title='bbox 2718 4101 2917 4171; x_wconf 81' lang='grc' dir='ltr'><strong>Πατὴρ</strong></span> <span class='ocrx_word' id='word_1_600' title='bbox 2947 4103 3019 4156; x_wconf 81' lang='grc' dir='ltr'><strong>ἐν</strong></span> <span class='ocrx_word' id='word_1_601' title='bbox 3043 4103 3193 4172; x_wconf 80' lang='grc' dir='ltr'><strong>ἐμοί.</strong></span> <span class='ocrx_word' id='word_1_602' title='bbox 3228 4102 3404 4156; x_wconf 78' lang='grc' dir='ltr'><strong>Τοῦτο</strong></span> <span class='ocrx_word' id='word_1_603' title='bbox 3434 4105 3495 4157; x_wconf 77' lang='grc' dir='ltr'><strong>δὲ</strong></span> <span class='ocrx_word' id='word_1_604' title='bbox 3527 4106 3690 4159; x_wconf 71' lang='grc' dir='ltr'><strong>πάλιν</strong></span> 
     </span>
    </p>
   </div>
   <div class='ocr_carea' id='block_1_88' title="bbox 2102 4193 3691 4266">
    <p class='ocr_par' dir='ltr' id='par_1_88' title="bbox 2102 4193 3691 4266">
     <span class='ocr_line' id='line_1_90' title="bbox 2102 4193 3691 4266; baseline 0 -17"><span class='ocrx_word' id='word_1_605' title='bbox 2102 4196 2433 4266; x_wconf 85' lang='grc' dir='ltr'><strong>προείρηκεν</strong></span> <span class='ocrx_word' id='word_1_606' title='bbox 2451 4210 2467 4225; x_wconf 72' lang='grc' dir='ltr'><strong>ο</strong></span> <span class='ocrx_word' id='word_1_607' title='bbox 2494 4195 2575 4248; x_wconf 83' lang='grc' dir='ltr'><strong>ὅτι</strong></span> <span class='ocrx_word' id='word_1_608' title='bbox 2617 4193 2670 4246; x_wconf 84' lang='grc' dir='ltr'>Ὀ</span> <span class='ocrx_word' id='word_1_609' title='bbox 2693 4193 2966 4261; x_wconf 81' lang='grc' dir='ltr'><strong>ἑωρακὼς</strong></span> <span class='ocrx_word' id='word_1_610' title='bbox 2994 4193 3098 4262; x_wconf 81' lang='grc' dir='ltr'><strong>ἐμὲ</strong></span> <span class='ocrx_word' id='word_1_611' title='bbox 3124 4194 3347 4262; x_wconf 78' lang='grc' dir='ltr'><strong>ἑώρακε</strong></span> <span class='ocrx_word' id='word_1_612' title='bbox 3373 4195 3483 4247; x_wconf 83' lang='grc' dir='ltr'><strong>τὸν</strong></span> <span class='ocrx_word' id='word_1_613' title='bbox 3508 4196 3691 4249; x_wconf 80' lang='grc' dir='ltr'><strong>Πατέ-</strong></span> 
     </span>
    </p>
   </div>
   <div class='ocr_carea' id='block_1_89' title="bbox 433 4278 1989 4356">
    <p class='ocr_par' dir='ltr' id='par_1_89' title="bbox 433 4283 1989 4355">
     <span class='ocr_line' id='line_1_91' title="bbox 433 4283 1989 4355; baseline 0.001 -17"><span class='ocrx_word' id='word_1_614' title='bbox 433 4285 541 4352; x_wconf 79' lang='lat' dir='ltr'><strong>Qui</strong></span> <span class='ocrx_word' id='word_1_615' title='bbox 596 4285 723 4339; x_wconf 81' lang='lat' dir='ltr'><strong>vidit</strong></span> <span class='ocrx_word' id='word_1_616' title='bbox 783 4294 883 4351; x_wconf 83' lang='lat' dir='ltr'><strong>me,</strong></span> <span class='ocrx_word' id='word_1_617' title='bbox 915 4284 1045 4339; x_wconf 82' lang='lat' dir='ltr'><strong>vidit</strong></span> <span class='ocrx_word' id='word_1_618' title='bbox 1075 4294 1125 4338; x_wconf 87' lang='lat' dir='ltr'><strong>et</strong></span> <span class='ocrx_word' id='word_1_619' title='bbox 1166 4283 1386 4339; x_wconf 85' lang='lat' dir='ltr'><strong>Patrem</strong></span> <span class='ocrx_word' id='word_1_620' title='bbox 1406 4285 1477 4339; x_wconf 82' lang='lat'><strong>&#39;°.</strong></span> <span class='ocrx_word' id='word_1_621' title='bbox 1516 4285 1697 4355; x_wconf 79' lang='lat' dir='ltr'><strong>Atque</strong></span> <span class='ocrx_word' id='word_1_622' title='bbox 1735 4285 1989 4339; x_wconf 69' lang='lat' dir='ltr'><strong>horumce</strong></span> 
     </span>
    </p>
   </div>
   <div class='ocr_carea' id='block_1_90' title="bbox 2097 4278 3689 4356">
    <p class='ocr_par' dir='ltr' id='par_1_90' title="bbox 2097 4278 3689 4356">
     <span class='ocr_line' id='line_1_92' title="bbox 2097 4278 3689 4356; baseline 0 -16"><span class='ocrx_word' id='word_1_623' title='bbox 2097 4302 2199 4354; x_wconf 86' lang='lat' dir='ltr'><strong>pa.</strong></span> <span class='ocrx_word' id='word_1_624' title='bbox 2229 4286 2338 4338; x_wconf 81' lang='lat' dir='ltr'><strong>Kal.</strong></span> <span class='ocrx_word' id='word_1_625' title='bbox 2358 4285 2504 4337; x_wconf 77' lang='grc' dir='ltr'><strong>ἐστιν</strong></span> <span class='ocrx_word' id='word_1_626' title='bbox 2528 4279 2609 4348; x_wconf 78' lang='grc' dir='ltr'><strong>εἷς</strong></span> <span class='ocrx_word' id='word_1_627' title='bbox 2638 4284 2734 4337; x_wconf 79' lang='grc' dir='ltr'><strong>καὶ</strong></span> <span class='ocrx_word' id='word_1_628' title='bbox 2751 4278 2906 4348; x_wconf 78' lang='grc' dir='ltr'><strong>οὗτος</strong></span> <span class='ocrx_word' id='word_1_629' title='bbox 2936 4285 3059 4347; x_wconf 82' lang='grc' dir='ltr'><strong>νοῦς</strong></span> <span class='ocrx_word' id='word_1_630' title='bbox 3084 4285 3142 4337; x_wconf 83' lang='grc' dir='ltr'><strong>ὲν</strong></span> <span class='ocrx_word' id='word_1_631' title='bbox 3169 4286 3280 4347; x_wconf 84' lang='grc' dir='ltr'><strong>τοῖς</strong></span> <span class='ocrx_word' id='word_1_632' title='bbox 3298 4286 3451 4355; x_wconf 78' lang='grc' dir='ltr'><strong>τρισὶ</strong></span> <span class='ocrx_word' id='word_1_633' title='bbox 3480 4288 3689 4356; x_wconf 77' lang='grc' dir='ltr'><strong>ρητοὶς.</strong></span> 
     </span>
    </p>
   </div>
   <div class='ocr_carea' id='block_1_91' title="bbox 436 4358 1989 4446">
    <p class='ocr_par' dir='ltr' id='par_1_91' title="bbox 436 4373 1989 4446">
     <span class='ocr_line' id='line_1_93' title="bbox 436 4373 1989 4446; baseline 0.001 -18"><span class='ocrx_word' id='word_1_634' title='bbox 436 4376 600 4429; x_wconf 84' lang='lat' dir='ltr'><strong>trium</strong></span> <span class='ocrx_word' id='word_1_635' title='bbox 634 4377 878 4430; x_wconf 88' lang='lat' dir='ltr'><strong>locorum</strong></span> <span class='ocrx_word' id='word_1_636' title='bbox 907 4390 1051 4430; x_wconf 85' lang='lat' dir='ltr'><strong>unus</strong></span> <span class='ocrx_word' id='word_1_637' title='bbox 1076 4373 1329 4445; x_wconf 90' lang='lat' dir='ltr'><strong>idemque</strong></span> <span class='ocrx_word' id='word_1_638' title='bbox 1370 4390 1570 4432; x_wconf 87' lang='lat' dir='ltr'><strong>sensus</strong></span> <span class='ocrx_word' id='word_1_639' title='bbox 1594 4386 1696 4432; x_wconf 89' lang='lat' dir='ltr'><strong>est.</strong></span> <span class='ocrx_word' id='word_1_640' title='bbox 1725 4375 1860 4431; x_wconf 86' lang='lat' dir='ltr'><strong>Nam</strong></span> <span class='ocrx_word' id='word_1_641' title='bbox 1910 4382 1989 4446; x_wconf 85' lang='lat' dir='ltr'><strong>qu</strong></span> 
     </span>
    </p>
   </div>
   <div class='ocr_carea' id='block_1_92' title="bbox 2097 4358 3690 4446">
    <p class='ocr_par' dir='ltr' id='par_1_92' title="bbox 2120 4372 3690 4446">
     <span class='ocr_line' id='line_1_94' title="bbox 2120 4372 3690 4446; baseline -0.001 -17"><span class='ocrx_word' id='word_1_642' title='bbox 2120 4376 2178 4429; x_wconf 89' lang='grc' dir='ltr'>Ὀ</span> <span class='ocrx_word' id='word_1_643' title='bbox 2210 4373 2315 4446; x_wconf 83' lang='grc' dir='ltr'><strong>γὰρ</strong></span> <span class='ocrx_word' id='word_1_644' title='bbox 2332 4373 2502 4438; x_wconf 66' lang='grc' dir='ltr'><strong>οὕτως</strong></span> <span class='ocrx_word' id='word_1_645' title='bbox 2539 4372 2811 4441; x_wconf 78' lang='grc' dir='ltr'><strong>ἐγνωκὼς,</strong></span> <span class='ocrx_word' id='word_1_646' title='bbox 2845 4374 2925 4425; x_wconf 83' lang='grc' dir='ltr'><strong>ὅτι</strong></span> <span class='ocrx_word' id='word_1_647' title='bbox 2951 4372 3011 4425; x_wconf 76' lang='grc' dir='ltr'><strong>ἓν</strong></span> <span class='ocrx_word' id='word_1_648' title='bbox 3035 4374 3171 4425; x_wconf 84' lang='grc' dir='ltr'><strong>είσιν</strong></span> <span class='ocrx_word' id='word_1_649' title='bbox 3191 4372 3364 4436; x_wconf 78' lang='grc' dir='ltr'><strong>όΥίὸς</strong></span> <span class='ocrx_word' id='word_1_650' title='bbox 3397 4375 3493 4426; x_wconf 72' lang='grc' dir='ltr'><strong>καὶ</strong></span> <span class='ocrx_word' id='word_1_651' title='bbox 3522 4376 3554 4426; x_wconf 90' lang='lat'><strong>0</strong></span> <span class='ocrx_word' id='word_1_652' title='bbox 3582 4378 3690 4428; x_wconf 82' lang='grc' dir='ltr'><strong>Πα-</strong></span> 
     </span>
    </p>
   </div>
   <div class='ocr_carea' id='block_1_93' title="bbox 437 4468 2004 4534">
    <p class='ocr_par' dir='ltr' id='par_1_93' title="bbox 437 4468 2004 4534">
     <span class='ocr_line' id='line_1_95' title="bbox 437 4468 2004 4534; baseline 0.001 -11"><span class='ocrx_word' id='word_1_653' title='bbox 437 4470 656 4525; x_wconf 85' lang='lat' dir='ltr'><strong>noverit</strong></span> <span class='ocrx_word' id='word_1_654' title='bbox 685 4469 887 4525; x_wconf 85' lang='lat' dir='ltr'><strong>Filium</strong></span> <span class='ocrx_word' id='word_1_655' title='bbox 923 4476 976 4525; x_wconf 87' lang='lat' dir='ltr'><strong>et</strong></span> <span class='ocrx_word' id='word_1_656' title='bbox 1006 4468 1225 4523; x_wconf 87' lang='lat' dir='ltr'><strong>Patrem</strong></span> <span class='ocrx_word' id='word_1_657' title='bbox 1258 4484 1426 4523; x_wconf 88' lang='lat' dir='ltr'><strong>unum</strong></span> <span class='ocrx_word' id='word_1_658' title='bbox 1479 4484 1627 4534; x_wconf 88' lang='lat' dir='ltr'><strong>esse,</strong></span> <span class='ocrx_word' id='word_1_659' title='bbox 1664 4470 1711 4526; x_wconf 91' lang='lat' dir='ltr'><strong>is</strong></span> <span class='ocrx_word' id='word_1_660' title='bbox 1740 4470 1891 4525; x_wconf 80' lang='lat' dir='ltr'><strong>novit</strong></span> <span class='ocrx_word' id='word_1_661' title='bbox 1917 4470 2004 4525; x_wconf 85' lang='lat' dir='ltr'><strong>Fi-</strong></span> 
     </span>
    </p>
   </div>
   <div class='ocr_carea' id='block_1_94' title="bbox 438 4555 2003 4623">
    <p class='ocr_par' dir='ltr' id='par_1_94' title="bbox 438 4555 2003 4623">
     <span class='ocr_line' id='line_1_96' title="bbox 438 4555 2003 4623; baseline 0.003 -12"><span class='ocrx_word' id='word_1_662' title='bbox 438 4559 571 4614; x_wconf 90' lang='lat' dir='ltr'><strong>lium</strong></span> <span class='ocrx_word' id='word_1_663' title='bbox 599 4558 654 4614; x_wconf 88' lang='lat' dir='ltr'><strong>in</strong></span> <span class='ocrx_word' id='word_1_664' title='bbox 705 4556 872 4613; x_wconf 87' lang='lat' dir='ltr'><strong>Patre</strong></span> <span class='ocrx_word' id='word_1_665' title='bbox 899 4573 1044 4623; x_wconf 88' lang='lat' dir='ltr'><strong>esse,</strong></span> <span class='ocrx_word' id='word_1_666' title='bbox 1073 4564 1129 4613; x_wconf 89' lang='lat' dir='ltr'><strong>et</strong></span> <span class='ocrx_word' id='word_1_667' title='bbox 1154 4555 1373 4612; x_wconf 90' lang='lat' dir='ltr'><strong>Patrem</strong></span> <span class='ocrx_word' id='word_1_668' title='bbox 1421 4557 1476 4612; x_wconf 92' lang='lat' dir='ltr'><strong>in</strong></span> <span class='ocrx_word' id='word_1_669' title='bbox 1516 4556 1684 4613; x_wconf 87' lang='lat' dir='ltr'><strong>Filio.</strong></span> <span class='ocrx_word' id='word_1_670' title='bbox 1710 4557 1844 4614; x_wconf 82' lang='lat' dir='ltr'><strong>Nam</strong></span> <span class='ocrx_word' id='word_1_671' title='bbox 1878 4558 2003 4615; x_wconf 88' lang='lat' dir='ltr'><strong>Filii</strong></span> 
     </span>
    </p>
   </div>
   <div class='ocr_carea' id='block_1_95' title="bbox 435 4647 2007 4721">
    <p class='ocr_par' dir='ltr' id='par_1_95' title="bbox 435 4647 2007 4721">
     <span class='ocr_line' id='line_1_97' title="bbox 435 4647 2007 4721; baseline 0.001 -17"><span class='ocrx_word' id='word_1_672' title='bbox 435 4649 702 4706; x_wconf 80' lang='lat' dir='ltr'><strong>divinitas</strong></span> <span class='ocrx_word' id='word_1_673' title='bbox 770 4647 951 4705; x_wconf 87' lang='lat' dir='ltr'><strong>Patris</strong></span> <span class='ocrx_word' id='word_1_674' title='bbox 1000 4655 1106 4714; x_wconf 88' lang='lat' dir='ltr'><strong>est,</strong></span> <span class='ocrx_word' id='word_1_675' title='bbox 1149 4660 1344 4721; x_wconf 88' lang='lat' dir='ltr'><strong>estque</strong></span> <span class='ocrx_word' id='word_1_676' title='bbox 1386 4650 1443 4705; x_wconf 90' lang='lat' dir='ltr'><strong>in</strong></span> <span class='ocrx_word' id='word_1_677' title='bbox 1477 4649 1637 4706; x_wconf 84' lang='lat' dir='ltr'><strong>Filio.</strong></span> <span class='ocrx_word' id='word_1_678' title='bbox 1679 4650 1747 4705; x_wconf 86' lang='lat' dir='ltr'><strong>Et</strong></span> <span class='ocrx_word' id='word_1_679' title='bbox 1776 4651 1869 4721; x_wconf 90' lang='lat' dir='ltr'><strong>qui</strong></span> <span class='ocrx_word' id='word_1_680' title='bbox 1901 4652 2007 4706; x_wconf 90' lang='lat' dir='ltr'><strong>hoc</strong></span> 
     </span>
    </p>
   </div>
   <div class='ocr_carea' id='block_1_96' title="bbox 437 4740 2013 4813">
    <p class='ocr_par' dir='ltr' id='par_1_96' title="bbox 437 4740 2013 4813">
     <span class='ocr_line' id='line_1_98' title="bbox 437 4740 2013 4813; baseline 0.001 -19"><span class='ocrx_word' id='word_1_681' title='bbox 437 4740 693 4796; x_wconf 81' lang='lat' dir='ltr'><strong>distincte</strong></span> <span class='ocrx_word' id='word_1_682' title='bbox 719 4740 987 4811; x_wconf 85' lang='lat' dir='ltr'><strong>percepit,</strong></span> <span class='ocrx_word' id='word_1_683' title='bbox 1022 4740 1068 4795; x_wconf 89' lang='lat' dir='ltr'><strong>is</strong></span> <span class='ocrx_word' id='word_1_684' title='bbox 1100 4743 1385 4812; x_wconf 86' lang='lat' dir='ltr'><strong>cognoscit</strong></span> <span class='ocrx_word' id='word_1_685' title='bbox 1414 4757 1540 4798; x_wconf 89' lang='lat' dir='ltr'><strong>eum</strong></span> <span class='ocrx_word' id='word_1_686' title='bbox 1573 4743 1668 4813; x_wconf 90' lang='lat' dir='ltr'><strong>qui</strong></span> <span class='ocrx_word' id='word_1_687' title='bbox 1695 4742 1893 4798; x_wconf 85' lang='lat' dir='ltr'><strong>Filium</strong></span> <span class='ocrx_word' id='word_1_688' title='bbox 1929 4743 2013 4797; x_wconf 81' lang='lat' dir='ltr'><strong>vi-</strong></span> 
     </span>
    </p>
   </div>
   <div class='ocr_carea' id='block_1_97' title="bbox 438 4830 2012 4905">
    <p class='ocr_par' dir='ltr' id='par_1_97' title="bbox 438 4830 2012 4905">
     <span class='ocr_line' id='line_1_99' title="bbox 438 4830 2012 4905; baseline 0.003 -20"><span class='ocrx_word' id='word_1_689' title='bbox 438 4831 543 4895; x_wconf 89' lang='lat' dir='ltr'><strong>dit,</strong></span> <span class='ocrx_word' id='word_1_690' title='bbox 575 4830 795 4886; x_wconf 87' lang='lat' dir='ltr'><strong>Patrem</strong></span> <span class='ocrx_word' id='word_1_691' title='bbox 849 4846 1069 4902; x_wconf 87' lang='lat' dir='ltr'><strong>quoque</strong></span> <span class='ocrx_word' id='word_1_692' title='bbox 1106 4834 1334 4889; x_wconf 82' lang='lat' dir='ltr'><strong>vidisse.</strong></span> <span class='ocrx_word' id='word_1_693' title='bbox 1378 4832 1439 4889; x_wconf 90' lang='lat' dir='ltr'><strong>ln</strong></span> <span class='ocrx_word' id='word_1_694' title='bbox 1469 4833 1613 4889; x_wconf 89' lang='lat' dir='ltr'><strong>Filio</strong></span> <span class='ocrx_word' id='word_1_695' title='bbox 1636 4834 1839 4905; x_wconf 86' lang='lat' dir='ltr'><strong>quippe</strong></span> <span class='ocrx_word' id='word_1_696' title='bbox 1872 4834 2012 4889; x_wconf 83' lang='lat' dir='ltr'><strong>divi-</strong></span> 
     </span>
    </p>
   </div>
   <div class='ocr_carea' id='block_1_98' title="bbox 442 4922 2012 4994">
    <p class='ocr_par' dir='ltr' id='par_1_98' title="bbox 442 4922 2012 4994">
     <span class='ocr_line' id='line_1_100' title="bbox 442 4922 2012 4994; baseline -0.001 -17"><span class='ocrx_word' id='word_1_697' title='bbox 442 4924 586 4978; x_wconf 82' lang='lat' dir='ltr'><strong>nitas</strong></span> <span class='ocrx_word' id='word_1_698' title='bbox 621 4922 801 4977; x_wconf 86' lang='lat' dir='ltr'><strong>Patris</strong></span> <span class='ocrx_word' id='word_1_699' title='bbox 830 4923 1167 4992; x_wconf 83' lang='lat' dir='ltr'><strong>agnoscitur.</strong></span> <span class='ocrx_word' id='word_1_700' title='bbox 1220 4922 1378 4990; x_wconf 85' lang='lat' dir='ltr'><strong>Quod</strong></span> <span class='ocrx_word' id='word_1_701' title='bbox 1418 4923 1642 4994; x_wconf 89' lang='lat' dir='ltr'><strong>quidem</strong></span> <span class='ocrx_word' id='word_1_702' title='bbox 1679 4923 1844 4994; x_wconf 61' lang='grc' dir='ltr'><strong>νοεῖτε</strong></span> <span class='ocrx_word' id='word_1_703' title='bbox 1872 4923 2012 4977; x_wconf 86' lang='lat' dir='ltr'><strong>ima-</strong></span> 
     </span>
    </p>
   </div>
   <div class='ocr_carea' id='block_1_99' title="bbox 442 5014 2012 5088">
    <p class='ocr_par' dir='ltr' id='par_1_99' title="bbox 442 5014 2012 5088">
     <span class='ocr_line' id='line_1_101' title="bbox 442 5014 2012 5088; baseline 0.003 -21"><span class='ocrx_word' id='word_1_704' title='bbox 442 5014 587 5083; x_wconf 85' lang='lat' dir='ltr'><strong>ginis</strong></span> <span class='ocrx_word' id='word_1_705' title='bbox 623 5014 875 5083; x_wconf 82' lang='lat' dir='ltr'><strong>exemplo</strong></span> <span class='ocrx_word' id='word_1_706' title='bbox 927 5017 1246 5072; x_wconf 87' lang='lat' dir='ltr'><strong>accuratius</strong></span> <span class='ocrx_word' id='word_1_707' title='bbox 1272 5016 1506 5088; x_wconf 82' lang='lat' dir='ltr'><strong>intelligi</strong></span> <span class='ocrx_word' id='word_1_708' title='bbox 1538 5023 1740 5087; x_wconf 87' lang='lat' dir='ltr'><strong>potest.</strong></span> <span class='ocrx_word' id='word_1_709' title='bbox 1781 5016 1917 5072; x_wconf 90' lang='lat' dir='ltr'><strong>Nam</strong></span> <span class='ocrx_word' id='word_1_710' title='bbox 1956 5018 2012 5072; x_wconf 91' lang='lat' dir='ltr'><strong>in</strong></span> 
     </span>
    </p>
   </div>
   <div class='ocr_carea' id='block_1_100' title="bbox 513 5126 1886 5198">
    <p class='ocr_par' dir='ltr' id='par_1_100' title="bbox 513 5126 1886 5198">
     <span class='ocr_line' id='line_1_102' title="bbox 513 5126 1886 5198; baseline -0.002 -16"><span class='ocrx_word' id='word_1_711' title='bbox 513 5126 732 5183; x_wconf 70' lang='lat' dir='ltr'><strong>“Joan.</strong></span> <span class='ocrx_word' id='word_1_712' title='bbox 770 5126 937 5194; x_wconf 78' lang='lat' dir='ltr'><strong>x,50.</strong></span> <span class='ocrx_word' id='word_1_713' title='bbox 1013 5130 1058 5161; x_wconf 80' lang='lat'><strong>&quot;</strong></span> <span class='ocrx_word' id='word_1_714' title='bbox 1088 5127 1246 5186; x_wconf 77' lang='lat' dir='ltr'><strong>Joan.</strong></span> <span class='ocrx_word' id='word_1_715' title='bbox 1277 5147 1391 5198; x_wconf 78' lang='lat' dir='ltr'><strong>xlv,</strong></span> <span class='ocrx_word' id='word_1_716' title='bbox 1427 5130 1512 5185; x_wconf 82' lang='lat' dir='ltr'><strong>ll.</strong></span> <span class='ocrx_word' id='word_1_717' title='bbox 1589 5130 1634 5162; x_wconf 84' lang='lat'><strong>&#39;°</strong></span> <span class='ocrx_word' id='word_1_718' title='bbox 1662 5128 1794 5184; x_wconf 89' lang='lat' dir='ltr'><strong>ibid.</strong></span> <span class='ocrx_word' id='word_1_719' title='bbox 1834 5129 1886 5183; x_wconf 89' lang='lat'><strong>9.</strong></span> 
     </span>
    </p>
   </div>
   <div class='ocr_carea' id='block_1_101' title="bbox 2109 4460 3689 4536">
    <p class='ocr_par' dir='ltr' id='par_1_101' title="bbox 2109 4460 3689 4536">
     <span class='ocr_line' id='line_1_103' title="bbox 2109 4460 3689 4536; baseline 0.001 -20"><span class='ocrx_word' id='word_1_720' title='bbox 2109 4465 2234 4536; x_wconf 79' lang='grc' dir='ltr'><strong>τὴρ,</strong></span> <span class='ocrx_word' id='word_1_721' title='bbox 2274 4460 2414 4518; x_wconf 75' lang='grc' dir='ltr'><strong>οἶδεν</strong></span> <span class='ocrx_word' id='word_1_722' title='bbox 2444 4464 2525 4518; x_wconf 82' lang='grc' dir='ltr'><strong>ὅτι</strong></span> <span class='ocrx_word' id='word_1_723' title='bbox 2545 4464 2706 4526; x_wconf 83' lang='grc' dir='ltr'><strong>αὐτὸς</strong></span> <span class='ocrx_word' id='word_1_724' title='bbox 2728 4465 2786 4516; x_wconf 80' lang='grc' dir='ltr'><strong>ὲν</strong></span> <span class='ocrx_word' id='word_1_725' title='bbox 2808 4463 2885 4533; x_wconf 84' lang='grc' dir='ltr'><strong>τῷ</strong></span> <span class='ocrx_word' id='word_1_726' title='bbox 2905 4462 3081 4534; x_wconf 88' lang='grc' dir='ltr'><strong>Πατρί</strong></span> <span class='ocrx_word' id='word_1_727' title='bbox 3112 4465 3279 4529; x_wconf 76' lang='grc' dir='ltr'><strong>ἐστιν,</strong></span> <span class='ocrx_word' id='word_1_728' title='bbox 3305 4466 3405 4517; x_wconf 75' lang='grc' dir='ltr'><strong>καὶ</strong></span> <span class='ocrx_word' id='word_1_729' title='bbox 3440 4468 3470 4519; x_wconf 89' lang='lat'><strong>0</strong></span> <span class='ocrx_word' id='word_1_730' title='bbox 3495 4466 3689 4536; x_wconf 75' lang='grc' dir='ltr'><strong>Πατὴρ</strong></span> 
     </span>
    </p>
   </div>
   <div class='ocr_carea' id='block_1_102' title="bbox 2111 4552 3697 4647">
    <p class='ocr_par' dir='ltr' id='par_1_102' title="bbox 2111 4552 3697 4647">
     <span class='ocr_line' id='line_1_104' title="bbox 2111 4552 3697 4647; baseline 0 -39"><span class='ocrx_word' id='word_1_731' title='bbox 2111 4558 2170 4609; x_wconf 83' lang='grc' dir='ltr'><strong>ὲν</strong></span> <span class='ocrx_word' id='word_1_732' title='bbox 2186 4553 2262 4625; x_wconf 81' lang='grc' dir='ltr'><strong>τῷ</strong></span> <span class='ocrx_word' id='word_1_733' title='bbox 2298 4554 2433 4625; x_wconf 80' lang='grc' dir='ltr'><strong>Υίῷ’</strong></span> <span class='ocrx_word' id='word_1_734' title='bbox 2458 4556 2493 4626; x_wconf 86' lang='grc' dir='ltr'><strong>ἡ</strong></span> <span class='ocrx_word' id='word_1_735' title='bbox 2521 4554 2631 4647; x_wconf 71' lang='grc' dir='ltr'><strong>γὰρ</strong></span> <span class='ocrx_word' id='word_1_736' title='bbox 2656 4552 2787 4607; x_wconf 81' lang='grc' dir='ltr'><strong>Υἱοῦ</strong></span> <span class='ocrx_word' id='word_1_737' title='bbox 2810 4552 3019 4623; x_wconf 83' lang='grc' dir='ltr'><strong>θεότης,</strong></span> <span class='ocrx_word' id='word_1_738' title='bbox 3047 4553 3141 4607; x_wconf 82' lang='grc' dir='ltr'><strong>τοῦ</strong></span> <span class='ocrx_word' id='word_1_739' title='bbox 3178 4553 3392 4625; x_wconf 88' lang='grc' dir='ltr'><strong>Πατρός</strong></span> <span class='ocrx_word' id='word_1_740' title='bbox 3426 4556 3570 4617; x_wconf 77' lang='grc' dir='ltr'><strong>ἐστι,</strong></span> <span class='ocrx_word' id='word_1_741' title='bbox 3604 4555 3697 4608; x_wconf 70' lang='grc' dir='ltr'><strong>καὶ</strong></span> 
     </span>
    </p>
   </div>
   <div class='ocr_carea' id='block_1_103' title="bbox 2112 4645 3695 4718">
    <p class='ocr_par' dir='ltr' id='par_1_103' title="bbox 2112 4645 3695 4718">
     <span class='ocr_line' id='line_1_105' title="bbox 2112 4645 3695 4718; baseline -0.001 -17"><span class='ocrx_word' id='word_1_742' title='bbox 2112 4648 2248 4718; x_wconf 80' lang='grc' dir='ltr'><strong>αὐτὴ</strong></span> <span class='ocrx_word' id='word_1_743' title='bbox 2282 4650 2341 4702; x_wconf 70' lang='grc' dir='ltr'><strong>ὲν</strong></span> <span class='ocrx_word' id='word_1_744' title='bbox 2368 4646 2444 4718; x_wconf 80' lang='grc' dir='ltr'><strong>τῷ</strong></span> <span class='ocrx_word' id='word_1_745' title='bbox 2487 4645 2752 4717; x_wconf 65' lang='grc' dir='ltr'><strong>Υἱῷὶστι.</strong></span> <span class='ocrx_word' id='word_1_746' title='bbox 2782 4646 2893 4700; x_wconf 73' lang='grc' dir='ltr'><strong>Καὶ</strong></span> <span class='ocrx_word' id='word_1_747' title='bbox 2920 4646 3121 4700; x_wconf 84' lang='grc' dir='ltr'><strong>ὁτοῠτο</strong></span> <span class='ocrx_word' id='word_1_748' title='bbox 3141 4645 3198 4699; x_wconf 82' lang='grc' dir='ltr'><strong>δὲ</strong></span> <span class='ocrx_word' id='word_1_749' title='bbox 3223 4646 3556 4700; x_wconf 77' lang='grc' dir='ltr'><strong>καταλαϐὼν</strong></span> <span class='ocrx_word' id='word_1_750' title='bbox 3576 4650 3695 4702; x_wconf 72' lang='grc' dir='ltr'><strong>ὲπξο</strong></span> 
     </span>
    </p>
   </div>
   <div class='ocr_carea' id='block_1_104' title="bbox 2114 4735 3696 4808">
    <p class='ocr_par' dir='ltr' id='par_1_104' title="bbox 2114 4735 3696 4808">
     <span class='ocr_line' id='line_1_106' title="bbox 2114 4735 3696 4808; baseline -0.002 -15"><span class='ocrx_word' id='word_1_751' title='bbox 2114 4756 2327 4805; x_wconf 89' lang='grc' dir='ltr'><strong>σταται,</strong></span> <span class='ocrx_word' id='word_1_752' title='bbox 2358 4739 2441 4792; x_wconf 83' lang='grc' dir='ltr'><strong>ὃτι</strong></span> <span class='ocrx_word' id='word_1_753' title='bbox 2466 4739 2494 4791; x_wconf 92' lang='lat'><strong>0</strong></span> <span class='ocrx_word' id='word_1_754' title='bbox 2515 4736 2773 4808; x_wconf 75' lang='grc' dir='ltr'><strong>ἑωρακὼς</strong></span> <span class='ocrx_word' id='word_1_755' title='bbox 2799 4736 2890 4790; x_wconf 86' lang='grc' dir='ltr'><strong>τὸν</strong></span> <span class='ocrx_word' id='word_1_756' title='bbox 2907 4736 3053 4801; x_wconf 79' lang='grc' dir='ltr'><strong>Υἱὸν,</strong></span> <span class='ocrx_word' id='word_1_757' title='bbox 3082 4735 3293 4807; x_wconf 78' lang='grc' dir='ltr'><strong>ἑώρακε</strong></span> <span class='ocrx_word' id='word_1_758' title='bbox 3320 4737 3416 4791; x_wconf 77' lang='grc' dir='ltr'><strong>τὸν</strong></span> <span class='ocrx_word' id='word_1_759' title='bbox 3438 4738 3663 4807; x_wconf 82' lang='grc' dir='ltr'><strong>Πατέρα</strong></span> <span class='ocrx_word' id='word_1_760' title='bbox 3679 4755 3696 4769; x_wconf 87' lang='grc'><strong>·</strong></span> 
     </span>
    </p>
   </div>
   <div class='ocr_carea' id='block_1_105' title="bbox 2113 4828 3692 4902">
    <p class='ocr_par' dir='ltr' id='par_1_105' title="bbox 2113 4828 3692 4902">
     <span class='ocr_line' id='line_1_107' title="bbox 2113 4828 3692 4902; baseline -0.001 -16"><span class='ocrx_word' id='word_1_761' title='bbox 2113 4835 2172 4887; x_wconf 82' lang='grc' dir='ltr'><strong>ὲν</strong></span> <span class='ocrx_word' id='word_1_762' title='bbox 2199 4833 2309 4902; x_wconf 84' lang='grc' dir='ltr'><strong>γὰρ</strong></span> <span class='ocrx_word' id='word_1_763' title='bbox 2344 4831 2422 4902; x_wconf 85' lang='grc' dir='ltr'><strong>τῷ</strong></span> <span class='ocrx_word' id='word_1_764' title='bbox 2475 4831 2590 4902; x_wconf 82' lang='grc' dir='ltr'><strong>Υἱῷ</strong></span> <span class='ocrx_word' id='word_1_765' title='bbox 2633 4832 2666 4901; x_wconf 85' lang='grc' dir='ltr'><strong>ή</strong></span> <span class='ocrx_word' id='word_1_766' title='bbox 2707 4829 2801 4883; x_wconf 81' lang='grc' dir='ltr'><strong>τοῦ</strong></span> <span class='ocrx_word' id='word_1_767' title='bbox 2864 4829 3077 4899; x_wconf 70' lang='grc' dir='ltr'><strong>Πατρὸς</strong></span> <span class='ocrx_word' id='word_1_768' title='bbox 3137 4828 3329 4900; x_wconf 85' lang='grc' dir='ltr'><strong>θεότης</strong></span> <span class='ocrx_word' id='word_1_769' title='bbox 3378 4829 3692 4902; x_wconf 79' lang='grc' dir='ltr'><strong>θεωρεῖται.</strong></span> 
     </span>
    </p>
   </div>
   <div class='ocr_carea' id='block_1_106' title="bbox 2113 4922 3695 4993">
    <p class='ocr_par' dir='ltr' id='par_1_106' title="bbox 2113 4922 3695 4993">
     <span class='ocr_line' id='line_1_108' title="bbox 2113 4922 3695 4993; baseline -0.001 -15"><span class='ocrx_word' id='word_1_770' title='bbox 2113 4924 2285 4978; x_wconf 81' lang='grc' dir='ltr'><strong>Τοῦτο</strong></span> <span class='ocrx_word' id='word_1_771' title='bbox 2312 4924 2369 4977; x_wconf 80' lang='grc' dir='ltr'><strong>δὲ</strong></span> <span class='ocrx_word' id='word_1_772' title='bbox 2416 4924 2510 4977; x_wconf 73' lang='grc' dir='ltr'><strong>καὶ</strong></span> <span class='ocrx_word' id='word_1_773' title='bbox 2539 4923 2646 4976; x_wconf 82' lang='grc' dir='ltr'><strong>ἀπὸ</strong></span> <span class='ocrx_word' id='word_1_774' title='bbox 2667 4922 2761 4975; x_wconf 81' lang='grc' dir='ltr'><strong>τοῦ</strong></span> <span class='ocrx_word' id='word_1_775' title='bbox 2818 4923 3260 4993; x_wconf 78' lang='grc' dir='ltr'><strong>παραδείγματος</strong></span> <span class='ocrx_word' id='word_1_776' title='bbox 3316 4922 3421 4991; x_wconf 76' lang='grc' dir='ltr'><strong>τῆς</strong></span> <span class='ocrx_word' id='word_1_777' title='bbox 3484 4924 3695 4986; x_wconf 75' lang='grc' dir='ltr'><strong>εἰκόνος</strong></span> 
     </span>
    </p>
   </div>
   <div class='ocr_carea' id='block_1_107' title="bbox 2098 5009 3688 5093">
    <p class='ocr_par' dir='ltr' id='par_1_107' title="bbox 2098 5009 3688 5093">
     <span class='ocr_line' id='line_1_109' title="bbox 2098 5009 3688 5093; baseline 0 -28"><span class='ocrx_word' id='word_1_778' title='bbox 2098 5011 2208 5093; x_wconf 70' lang='grc' dir='ltr'><strong>⁹τοῦ</strong></span> <span class='ocrx_word' id='word_1_779' title='bbox 2225 5011 2508 5082; x_wconf 88' lang='grc' dir='ltr'><strong>βασιλέως,</strong></span> <span class='ocrx_word' id='word_1_780' title='bbox 2525 5009 2954 5081; x_wconf 86' lang='grc' dir='ltr'><strong>προσεχέστερόν</strong></span> <span class='ocrx_word' id='word_1_781' title='bbox 2983 5027 3066 5073; x_wconf 81' lang='grc' dir='ltr'><strong>τις</strong></span> <span class='ocrx_word' id='word_1_782' title='bbox 3084 5009 3420 5080; x_wconf 80' lang='grc' dir='ltr'><strong>κατανοῆσαι</strong></span> <span class='ocrx_word' id='word_1_783' title='bbox 3440 5009 3688 5065; x_wconf 80' lang='grc' dir='ltr'><strong>δύναται.</strong></span> 
     </span>
    </p>
   </div>
   <div class='ocr_carea' id='block_1_108' title="bbox 1719 5214 2392 5275">
    <p class='ocr_par' dir='ltr' id='par_1_108' title="bbox 1719 5214 2392 5275">
     <span class='ocr_line' id='line_1_110' title="bbox 1719 5214 2392 5275; baseline -0.007 0"><span class='ocrx_word' id='word_1_784' title='bbox 1719 5219 1951 5275; x_wconf 72' lang='grc' dir='ltr'><strong>νΑΠΙιλΕ</strong></span> <span class='ocrx_word' id='word_1_785' title='bbox 1990 5214 2392 5273; x_wconf 79' lang='lat' dir='ltr'><strong>LECTIONES.</strong></span> 
     </span>
    </p>
   </div>
   <div class='ocr_carea' id='block_1_109' title="bbox 526 5286 1069 5360">
    <p class='ocr_par' dir='ltr' id='par_1_109' title="bbox 526 5286 1069 5360">
     <span class='ocr_line' id='line_1_111' title="bbox 526 5286 1069 5360; baseline 0.004 -17"><span class='ocrx_word' id='word_1_786' title='bbox 526 5286 541 5327; x_wconf 80' lang='grc'><strong>¹</strong></span> <span class='ocrx_word' id='word_1_787' title='bbox 576 5287 738 5360; x_wconf 83' lang='lat' dir='ltr'><strong>Lege,</strong></span> <span class='ocrx_word' id='word_1_788' title='bbox 773 5290 868 5344; x_wconf 70' lang='lat' dir='ltr'><strong>xui</strong></span> <span class='ocrx_word' id='word_1_789' title='bbox 893 5290 1069 5354; x_wconf 77' lang='grc' dir='ltr'><strong>αὖθις.</strong></span> 
     </span>
    </p>
   </div>
   <div class='ocr_carea' id='block_1_110' title="bbox 1959 5374 2187 5432">
    <p class='ocr_par' dir='ltr' id='par_1_110' title="bbox 1959 5374 2187 5432">
     <span class='ocr_line' id='line_1_112' title="bbox 1959 5374 2187 5432; baseline 0 -3"><span class='ocrx_word' id='word_1_790' title='bbox 1959 5374 2187 5432; x_wconf 63' lang='grc' dir='ltr'><strong>ΝΟΤΛΕ.</strong></span> 
     </span>
    </p>
   </div>
   <div class='ocr_carea' id='block_1_111' title="bbox 525 5472 2013 5549">
    <p class='ocr_par' dir='ltr' id='par_1_111' title="bbox 525 5472 2013 5549">
     <span class='ocr_line' id='line_1_113' title="bbox 525 5472 2013 5549; baseline -0.003 -18"><span class='ocrx_word' id='word_1_791' title='bbox 525 5472 636 5549; x_wconf 78' lang='grc'><strong>(56)</strong></span> <span class='ocrx_word' id='word_1_792' title='bbox 677 5478 833 5547; x_wconf 86' lang='grc' dir='ltr'><strong>Πρὸς</strong></span> <span class='ocrx_word' id='word_1_793' title='bbox 863 5476 1282 5549; x_wconf 58' lang='grc' dir='ltr'><strong>Ἀλέξανδρον.</strong></span> <span class='ocrx_word' id='word_1_794' title='bbox 1319 5474 1462 5549; x_wconf 83' lang='lat' dir='ltr'><strong>sane</strong></span> <span class='ocrx_word' id='word_1_795' title='bbox 1482 5472 1739 5549; x_wconf 67' lang='lat' dir='ltr'><strong>Clemens</strong></span> <span class='ocrx_word' id='word_1_796' title='bbox 1776 5472 2013 5549; x_wconf 76' lang='lat' dir='ltr'><strong>Alexan-</strong></span> 
     </span>
    </p>
   </div>
   <div class='ocr_carea' id='block_1_112' title="bbox 454 5543 2010 5617">
    <p class='ocr_par' dir='ltr' id='par_1_112' title="bbox 454 5543 2010 5617">
     <span class='ocr_line' id='line_1_114' title="bbox 454 5543 2010 5617; baseline -0.003 -14"><span class='ocrx_word' id='word_1_797' title='bbox 454 5543 649 5617; x_wconf 75' lang='lat' dir='ltr'><strong>drinus</strong></span> <span class='ocrx_word' id='word_1_798' title='bbox 677 5543 988 5603; x_wconf 78' lang='lat' dir='ltr'><strong>Alexandro</strong></span> <span class='ocrx_word' id='word_1_799' title='bbox 1014 5543 1507 5617; x_wconf 76' lang='lat' dir='ltr'><strong>Hierusolymitano</strong></span> <span class='ocrx_word' id='word_1_800' title='bbox 1524 5545 1801 5617; x_wconf 71' lang='lat' dir='ltr'><strong>Cononem</strong></span> <span class='ocrx_word' id='word_1_801' title='bbox 1831 5543 2010 5617; x_wconf 52' lang='lat' dir='ltr'><strong>ccclef</strong></span> 
     </span>
    </p>
   </div>
   <div class='ocr_carea' id='block_1_113' title="bbox 456 5612 2011 5685">
    <p class='ocr_par' dir='ltr' id='par_1_113' title="bbox 456 5612 2011 5685">
     <span class='ocr_line' id='line_1_115' title="bbox 456 5612 2011 5685; baseline -0.005 -10"><span class='ocrx_word' id='word_1_802' title='bbox 456 5616 741 5675; x_wconf 72' lang='lat' dir='ltr'><strong>siasticum</strong></span> <span class='ocrx_word' id='word_1_803' title='bbox 791 5626 983 5674; x_wconf 80' lang='lat' dir='ltr'><strong>contra</strong></span> <span class='ocrx_word' id='word_1_804' title='bbox 1014 5612 1367 5673; x_wconf 77' lang='lat' dir='ltr'><strong>Judaizatiles</strong></span> <span class='ocrx_word' id='word_1_805' title='bbox 1415 5615 1750 5685; x_wconf 83' lang='lat' dir='ltr'><strong>nuncupavit</strong></span> <span class='ocrx_word' id='word_1_806' title='bbox 1781 5612 2011 5684; x_wconf 83' lang='lat' dir='ltr'><strong>:quidni</strong></span> 
     </span>
    </p>
   </div>
   <div class='ocr_carea' id='block_1_114' title="bbox 2119 5468 3688 5544">
    <p class='ocr_par' dir='ltr' id='par_1_114' title="bbox 2119 5468 3688 5544">
     <span class='ocr_line' id='line_1_116' title="bbox 2119 5468 3688 5544; baseline 0.003 -20"><span class='ocrx_word' id='word_1_807' title='bbox 2119 5471 2289 5544; x_wconf 84' lang='lat' dir='ltr'><strong>libros</strong></span> <span class='ocrx_word' id='word_1_808' title='bbox 2318 5470 2486 5544; x_wconf 65' lang='lat' dir='ltr'><strong>etiam</strong></span> <span class='ocrx_word' id='word_1_809' title='bbox 2545 5468 3048 5544; x_wconf 72' lang='lat' dir='ltr'><strong>Strontatei?_Nam</strong></span> <span class='ocrx_word' id='word_1_810' title='bbox 3126 5471 3462 5544; x_wconf 83' lang='lat' dir='ltr'><strong>principium</strong></span> <span class='ocrx_word' id='word_1_811' title='bbox 3496 5474 3688 5529; x_wconf 80' lang='lat' dir='ltr'><strong>borum</strong></span> 
     </span>
    </p>
   </div>
   <div class='ocr_carea' id='block_1_115' title="bbox 2192 5540 3687 5667">
    <p class='ocr_par' dir='ltr' id='par_1_115' title="bbox 2192 5540 3687 5667">
     <span class='ocr_line' id='line_1_117' title="bbox 2192 5540 3687 5667; baseline 0.004 -74"><span class='ocrx_word' id='word_1_812' title='bbox 2192 5542 2299 5594; x_wconf 87' lang='lat' dir='ltr'><strong>riit.</strong></span> <span class='ocrx_word' id='word_1_813' title='bbox 2340 5541 2556 5667; x_wconf 42' lang='lat' dir='ltr'><strong>Aliorkui</strong></span> <span class='ocrx_word' id='word_1_814' title='bbox 2587 5542 2995 5597; x_wconf 88' lang='lat' dir='ltr'><strong>emendandum</strong></span> <span class='ocrx_word' id='word_1_815' title='bbox 3022 5540 3163 5623; x_wconf 68' lang='lat' dir='ltr'><strong>foret</strong></span> <span class='ocrx_word' id='word_1_816' title='bbox 3190 5540 3515 5621; x_wconf 69' lang='grc' dir='ltr'><strong>Κλήμεντος</strong></span> <span class='ocrx_word' id='word_1_817' title='bbox 3538 5545 3687 5599; x_wconf 61' lang='lat'><strong>1).:-</strong></span> 
     </span>
     <span class='ocr_line' id='line_1_118' title="bbox 2192 5610 3160 5667; baseline 0.003 -3"><span class='ocrx_word' id='word_1_818' title='bbox 2192 5610 2432 5667; x_wconf 76' lang='grc' dir='ltr'><strong>νδρείαςο</strong></span> <span class='ocrx_word' id='word_1_819' title='bbox 2518 5612 2753 5667; x_wconf 73' lang='lat' dir='ltr'><strong>(ementis</strong></span> <span class='ocrx_word' id='word_1_820' title='bbox 2790 5611 3160 5667; x_wconf 70' lang='lat' dir='ltr'><strong>Alexandrini.</strong></span> 
     </span>
    </p>
   </div>
   <div class='ocr_carea' id='block_1_116' title="bbox 2151 5610 3160 5682">
    <p class='ocr_par' dir='ltr' id='par_1_116' title="bbox 2151 5610 3160 5682">
     <span class='ocr_line' id='line_1_119' title="bbox 2151 5610 3160 5682; baseline 0.005 -19"><span class='ocrx_word' id='word_1_821' title='bbox 2151 5610 2432 5682; x_wconf 76' lang='grc' dir='ltr'><strong>ανδρείαςο</strong></span> <span class='ocrx_word' id='word_1_822' title='bbox 2471 5610 2753 5667; x_wconf 71' lang='lat' dir='ltr'><strong>Clementis</strong></span> <span class='ocrx_word' id='word_1_823' title='bbox 2790 5611 3160 5669; x_wconf 71' lang='lat' dir='ltr'><strong>Alexandrini.</strong></span> 
     </span>
    </p>
   </div>
  </div>
