3936 6174
346 233 485 299 M15

1431 235 1531 299 DE
1565 230 2037 299 IMAGINIBUS
2072 238 2352 300 ORATIO
2388 238 2503 301 III.

3455 223 3597 292 1406

355 351 443 404 Ἐν
476 350 590 421 γὰρ
642 352 711 421 τῇ
754 349 921 404 εἰκόνι
965 348 1059 402 τοῦ
1109 347 1391 419 βασιλέως,
1453 351 1517 405 τὸ
1553 345 1692 414 εἶδος
1741 348 1835 403 καὶ
1882 350 1919 420 ἠ

2047 352 2260 422 magine
2283 352 2500 423 species
2516 356 2571 404 et
2602 346 2891 403 lormaest
2913 342 3288 417 imperatoris,
3321 348 3377 398 et
3410 340 3465 395 in
3491 355 3596 392 nn-

347 442 532 513 μορφή
568 441 685 495 ἐστι
714 459 729 473 ·
766 443 862 495 καὶ
887 443 945 496 ὲν
970 441 1048 511 τῷ
1087 440 1298 511 βασιλεῖ
1326 442 1402 505 δὲ,
1435 441 1500 496 τὸ
1543 443 1603 497 ὲν
1636 443 1702 513 τῇ
1749 440 1921 495 εἰκόνι

346 528 485 595 εἶδός
523 534 692 587 ἐστιν.
748 531 1193 603 Ἀπαράλλακτός
1232 533 1379 585 ἐστιν
1410 534 1467 586 ὲν
1494 535 1561 604 τῇ
1626 532 1792 586 εἰκόνι
1826 530 1919 586 τοῦ

344 623 612 691 βασιλέως
636 625 669 693 ἡ
712 624 987 693 ὁμοιότης,
1036 622 1113 687 ὡς
1146 624 1238 677 τὸν
1295 624 1508 693 ὁρῶντα
1556 623 1655 695 τὴν
1713 624 1920 687 εἰκόνα,

343 715 479 785 όρᾷν
504 715 596 767 τὸν
644 713 865 783 βασιλέα
895 719 953 771 ιν
981 718 1143 788 αὐτῇ,
1161 716 1256 770 καὶ
1280 714 1371 769 τὸν
1394 715 1557 769 πάλιν
1585 715 1796 785 ὁρῶντα
1829 715 1921 770 τὸν

349 805 597 875 βασιλέα,
633 807 1019 875 ἐπιγινώσκειν
1071 810 1155 862 ὅτι
1210 801 1366 871 οὗτός
1395 809 1542 861 ἐστιν
1573 808 1604 862 6
1630 808 1689 860 ὲν
1718 809 1786 878 τῇ
1842 807 1922 860 εἰ·

344 898 485 950 κόνι.
527 894 816 951 Ἐκδὲτοῦ
849 899 924 970 μὴ
968 899 1299 954 διαλλάττειν
1335 899 1435 970 τὴν
1479 898 1796 969 ὁμοιότητα,
1843 897 1923 970 τῷ

346 992 555 1046 θέλοντι
587 992 726 1062 μετὰ
751 993 850 1063 τὴν
885 993 1069 1048 εἰκόνα
1088 994 1180 1069 τὸν
1204 992 1429 1063 βασιλέα
1453 992 1751 1063 θεωρῆσαι,
1779 992 1923 1046 είποι

346 1084 412 1135 ἂν
442 1082 617 1153 τούτῳ
636 1085 669 1153 ἡ
705 1082 891 1136 εἰκών⁶
938 1084 1077 1153 Ἐγὼ
1106 1084 1201 1138 καὶ
1225 1085 1253 1136 6
1278 1082 1530 1153 βασιλεὺς
1564 1082 1623 1136 ἓν
1646 1082 1698 1135 τί
1731 1084 1923 1152 ἐσμεν.

362 1173 503 1242 Ἐγὼ
538 1174 648 1244 γὰρ
684 1174 742 1228 ὲν
772 1175 965 1246 ἐκείνῳ
1004 1175 1143 1244 εἰμὶ,
1180 1176 1434 1238 κάκεῖνος
1468 1175 1526 1225 ὲν
1563 1174 1685 1243 ἐμοί
1714 1190 1729 1205 ο
1778 1172 1874 1227 καὶ
1897 1173 1926 1227 6

347 1263 483 1335 ὁρᾷς
532 1265 590 1317 ὲν
614 1264 759 1335 ἐμοὶ,
789 1264 948 1318 τοῦτο
981 1267 1039 1318 ὲν
1072 1265 1265 1335 ἐκείνῳ
1309 1266 1550 1337 βλέπεις,
1580 1266 1674 1319 καὶ
1694 1265 1722 1318 ὂ
1753 1265 1924 1336 ἐώρα-

350 1370 455 1417 κας
486 1355 546 1408 ὲν
577 1354 792 1422 ἐκείνῳ,
818 1355 1037 1426 βλέπεις
1065 1355 1221 1410 τοῦτο
1252 1358 1311 1410 ὲν
1354 1356 1476 1427 ἐμοί
1514 1371 1528 1386 ⁶
1558 1358 1587 1410 ό
1622 1356 1732 1428 γὰρ
1760 1374 1927 1428 προσ-

349 1442 529 1497 κυνῶν
550 1443 651 1513 τὴν
677 1444 885 1509 εἰκόνα,
917 1447 977 1498 ὲν
995 1446 1131 1516 αὐτῇ
1155 1449 1453 1517 προσκυνεῖ
1466 1446 1556 1500 τὸν
1574 1446 1819 1517 βασιλέα.
1861 1447 1928 1500 Ἠ

346 1531 454 1606 γὰρ
500 1534 709 1589 ἐκείνου
756 1534 937 1606 μορφὴ
979 1535 1075 1596 καὶ
1122 1536 1183 1590 τὸ
1231 1533 1371 1601 είδος
1426 1536 1613 1607 αςιτοῦ,
1672 1537 1825 1591 ἐστὶν
1892 1537 1925 1606 ἡ

346 1621 536 1679 εἰκών.
576 1643 596 1677 ι

524 1714 635 1769 Τοῦ
662 1714 872 1782 αὐτοῦ,
913 1716 1064 1784 πρὸς
1112 1716 1423 1786 Ἀντίοχον
1468 1716 1749 1786 ἄρχοντα.

425 1824 445 1859 ι
484 1805 551 1860 τί
577 1822 710 1876 φασι
734 1807 871 1877 πρὸς
897 1807 1074 1860 ταῦτα
1100 1808 1149 1860 οἰ
1173 1808 1663 1879 ἀποστρεφόμενοι,
1685 1809 1780 1861 καὶ
1808 1808 1926 1863 ἔπι-

347 1915 377 1950 τ
388 1897 638 1968 ρέποντες
655 1896 733 1967 μὴ
749 1900 1074 1968 προσκυνεῖν
1086 1898 1210 1961 τοὺς
1236 1899 1586 1969 χαρακτῆρας
1602 1899 1710 1951 τῶν
1728 1898 1924 1968 ἁγίων,

348 1986 546 2051 οἵτινες
583 1987 651 2041 δι’
681 1988 990 2059 ὑπόμνησιν
1019 1989 1149 2059 παρ’
1185 1988 1341 2059 ἡμῶν
1365 1989 1749 2056 ὲκτυποῦνται;
1795 2007 1814 2041 ι

369 2080 716 2153 ’Διέϐροσίου
758 2079 1098 2153 ἐπισκόπου
1140 2080 1529 2153 Μεδιολᾴνωτς
1560 2082 1665 2153 (37
1701 2083 1742 2151 ),
1764 2081 1926 2153 ,πρὸς

425 2148 756 2220 Γρατιανρν
805 2148 913 2220 τὸν
938 2148 1220 2220 βασιλέα,
1265 2150 1401 2218 ,περί
1456 2148 1577 2220 τῆς(
1620 2148 1927 2220 ἔνο-ἀρνίου

423 2217 764 2288 οἰκονομίας
789 2218 895 2272 τοῦ
925 2219 1074 2273 Θεοῦ
1110 2221 1327 2288 Λόγου.

431 2327 454 2365 ι
488 2309 621 2373 Θεὸς
650 2310 758 2380 πρὸ
782 2310 883 2380 τῆς
910 2311 1137 2381 σαρκὸς,
1170 2312 1265 2364 καὶ
1292 2311 1423 2375 Θεὸς
1453 2313 1512 2366 ὲν
1537 2313 1722 2384 σαρκί.
1767 2312 1928 2366 Ἀλλά

358 2398 543 2465 φόϐος,
587 2399 742 2469 φησι,
775 2399 849 2470 μὴ
906 2399 1000 2453 δύο
1032 2401 1353 2471 ἡγεμονικὰ,
1404 2401 1437 2471 ἢ
1496 2403 1687 2472 σοφίαν
1750 2402 1934 2474 διττὴν

358 2491 725 2561 ἀπονέμοντες
779 2492 1020 2561 Χριστῷ,
1080 2493 1324 2563 μερίζειν
1384 2493 1624 2564 δόξωμεν
1673 2494 1930 2565 Χριστόν.

359 2577 509 2652 Ἀρα
541 2578 652 2646 οὖν,
691 2582 764 2653 μὴ
790 2583 953 2636 ὁπότε
984 2584 1080 2638 καὶ
1102 2584 1202 2654 τὴν
1228 2584 1460 2656 Θεότητα
1511 2585 1676 2639 αὑτοῦ
1707 2586 1802 2639 καὶ
1834 2584 1933 2656 τὴν

364 2672 539 2743 σάρκα
566 2672 1002 2744 προσκυνοῦμεν,
1034 2673 1330 2743 μερίζομεν
1358 2674 1451 2729 τὸν
1472 2676 1710 2747 Χριστόν
1738 2692 1754 2741 ;
1780 2676 1813 2745 ἢ
1844 2676 1934 2728 ὅτε

361 2768 420 2818 ὲν
438 2764 515 2837 τῷ
533 2766 704 2835 αὐτῷ,
733 2764 828 2817 καὶ
852 2763 949 2835 τὴν
976 2764 1070 2817 τοῦ
1104 2765 1240 2819 Θεοῦ
1272 2765 1459 2819 εἰκόνα
1496 2766 1594 2820 καὶ
1634 2768 1727 2819 τὸν
1767 2784 1933 2820 σταυ-

363 2852 456 2927 ρὸν
515 2852 952 2926 προσκυνοῦμεν,
1012 2850 1327 2926 διαιροῦμεν
1393 2855 1601 2922 αὑτόνς
1665 2856 1758 2928 Μὴ
1842 2859 1936 2926 γέ-

359 2943 599 2997 νοιτοωί
647 2960 667 2994 ι

2023 452 2276 513 peratore
2307 443 2521 514 species
2550 439 2830 511 imaginis.
2869 436 3229 493 Dissentanea
3266 434 3322 488 in
3358 432 3625 500 imagine.

2024 549 2131 588 non
2166 541 2252 589 est
2290 533 2640 604 imperatoris
2675 527 3028 594 similitudo;
3062 527 3136 580 ita
3174 534 3233 580 ut
3263 524 3357 595 qui
3415 522 3625 577 videat-

2022 625 2338 695 imaginem,
2392 626 2449 677 in
2475 623 2594 692 ipsa
2624 635 2847 692 quoque
2878 620 3265 689 imperatorem
3295 612 3556 683 inspiciat
3582 629 3596 664 :

2023 729 2083 774 ct
2128 729 2373 777 rursum,
2429 714 2522 784 qui
2575 712 2959 781 imperatorem
3008 708 3214 769 rideat,
3256 706 3404 759 hunc
3443 704 3596 757 illum

2020 820 2145 864 esse
2187 801 2458 870 intelligat
2512 800 2605 869 qui
2662 797 2717 851 in
2770 796 3005 866 imagine
3059 796 3132 848 sit
3176 806 3493 863 expressus.
3524 787 3598 840 Ex

2024 906 2134 960 quo
2183 900 2369 946 autem
2400 906 2510 945 non
2541 888 2727 945 differt
2774 887 3106 950 similitudo,
3141 885 3342 940 exhinc
3367 895 3601 949 conspe-

2024 987 2111 1035 cta
2143 980 2406 1050 imagine,
2436 978 2644 1034 volenti
2700 978 3092 1046 imperatorem
3122 976 3303 1045 ipsum
3358 971 3597 1035 intueri,

2025 1074 2205 1145 imago
2240 1075 2430 1145 utique
2461 1074 2665 1129 dixerit
2692 1088 2706 1125 :
2734 1072 2848 1143 Ego
2892 1081 2944 1126 et
2975 1073 3273 1141 imperator
3302 1082 3473 1123 unum
3510 1082 3603 1121 su-

2030 1181 2177 1222 mus.
2239 1167 2353 1237 Ego
2406 1167 2609 1235 quippe
2641 1164 2698 1219 in
2736 1164 2831 1219 illo
2879 1178 3026 1227 sum,
3058 1170 3116 1216 et
3148 1161 3241 1216 ille
3270 1162 3326 1214 in
3376 1174 3466 1214 me
3500 1177 3515 1213 :
3546 1165 3603 1212 et

2027 1254 2174 1324 quod
2215 1254 2274 1309 in
2330 1270 2418 1310 me
2461 1256 2642 1322 vides,
2687 1254 2792 1309 hoc
2819 1254 2961 1309 idem
2995 1254 3049 1307 in
3076 1266 3144 1307 eo
3199 1250 3499 1322 perspicis;
3549 1256 3605 1303 et

2027 1345 2175 1415 quod
2238 1346 2296 1401 in
2352 1345 2449 1401 illo
2509 1344 2885 1416 perspexeris,
2930 1343 2985 1398 id
3018 1343 3075 1398 in
3129 1358 3215 1397 me
3246 1341 3475 1397 cernis:
3507 1340 3603 1408 qui

2028 1439 2174 1492 enim
2229 1435 2423 1491 adorat
2476 1436 2793 1508 imaginem,
2833 1436 2925 1490 ille
2964 1434 3357 1504 imperatorem
3388 1431 3601 1487 adorat.

2030 1527 2162 1585 Nam
2193 1529 2373 1598 imago
2396 1536 2481 1584 est
2511 1528 2688 1582 forma
2719 1534 2775 1582 et
2807 1526 3022 1597 species
3045 1524 3222 1580 illius.
3262 1541 3282 1577 ι

2240 1724 2518 1794 Ejusdem,
2554 1723 2622 1778 ad
2652 1723 2965 1778 Antiochum
2989 1722 3297 1793 praefectum
3325 1720 3395 1776 ".

2103 1834 2123 1867 ι
2146 1814 2291 1882 Quid
2325 1815 2392 1871 ad
2417 1816 2531 1872 haec
2556 1817 2633 1870 illi
2661 1816 2754 1887 qui
2772 1823 3093 1872 sanctorum
3121 1813 3322 1883 liguras
3341 1822 3604 1863 aversan-

2029 1912 2117 1961 tur
2166 1907 2589 1975 adorandasque
2644 1917 2868 1978 negant,
2930 1919 3051 1975 quae
3102 1903 3156 1957 in
3203 1900 3605 1956 monimentum

2029 1997 2171 2067 apud
2204 2013 2307 2054 nos
2335 1997 2709 2069 efﬁnguntur?
2737 2017 2756 2050 ι

2031 2091 2295 2146 Ambrosii
2341 2091 2565 2159 episcopi
2588 2088 2998 2159 Mediolanensis
3057 2085 3127 2159 at!
3162 2082 3476 2159 Gratianum
3503 2079 3607 2132 im-

2213 2152 2528 2230 peratorem,
2560 2161 2623 2213 de
2674 2158 3039 2212 incarnatione
3078 2154 3227 2209 Verbi
3256 2152 3449 2207 divini.

2107 2332 2127 2366 ι
2162 2312 2306 2370 Deus
2344 2322 2470 2370 ante
2498 2328 2767 2381 carnem;
2799 2312 2946 2367 Deus
2995 2311 3048 2365 in
3075 2323 3335 2363 carne....
3379 2304 3487 2359 Sed
3522 2316 3610 2357 ve-

2032 2404 2292 2469 rendum,
2350 2404 2560 2475 inquis,
2616 2420 2685 2459 ne
2714 2403 2762 2459 si
2794 2402 2938 2458 duos
2995 2396 3335 2470 principales
3380 2406 3604 2455 sensus,

2032 2501 2128 2547 aut
2188 2494 2465 2565 geminam
2501 2494 2832 2563 sapientiam
2857 2490 3085 2546 Christo
3108 2488 3428 2548 tribuimus,
3447 2481 3610 2539 Chri-

2034 2592 2178 2638 stum
2209 2581 2539 2638 dividamus.
2572 2580 2846 2651 Numquid
2886 2596 3011 2635 cum
3037 2588 3093 2634 et
3123 2576 3461 2633 divinitatem
3489 2572 3612 2641 ejus

2034 2672 2329 2728 adoramus
2354 2680 2410 2728 et
2445 2688 2693 2737 carnem,
2744 2671 3026 2727 Christum
3057 2664 3401 2723 dividimus?
3435 2661 3611 2717 Num-

2035 2761 2165 2832 quid
2213 2776 2337 2818 cum
2380 2762 2435 2816 in
2467 2777 2536 2817 eo
2562 2762 2859 2831 imaginem
2887 2760 2978 2814 Dei
3011 2770 3343 2826 crucemque
3375 2765 3612 2809 venera-

2038 2869 2179 2917 mur,
2209 2851 2511 2909 dividimus
2541 2868 2665 2907 eum
2690 2852 2713 2905 ?
2736 2850 2933 2906 Absit!
2972 2868 2994 2903 ι

359 3034 663 3100 Κυρίλλου
709 3033 1078 3107 πατριάρχου
1137 3034 1593 3107 Ἰεροονολύμων,
1641 3037 1754 3107 τῆς
1821 3038 1930 3093 δω-

2111 3029 2304 3099 Cyrilli
2360 3029 2850 3107 Hierosolymorum
2896 3027 3251 3107 patriarchae,
3296 3043 3363 3083 ea:
3401 3022 3607 3082 duode-

806 3102 1061 3170 δεκάτης
1091 3102 1500 3173 κατηχήσεως.

436 3208 457 3245 ι
486 3192 551 3245 Εἰ
573 3190 751 3245 τοίνυν
774 3191 955 3261 ζητεῖς
970 3192 1066 3261 τῆς
1084 3193 1319 3263 Χριστοῦ
1344 3195 1643 3265 παρουσίας
1665 3196 1725 3251 τὸ
1739 3197 1931 3265 αῖτιον,

361 3283 637 3353 ἀνάδραμε
679 3282 773 3335 ἐπὶ
818 3282 879 3336 τὸ
916 3282 1132 3355 πρῶτον
1174 3283 1284 3337 τῶν
1310 3286 1545 3357 Γραφῶν
1574 3286 1799 3358 βιϐλίον.
1845 3289 1936 3343 Ἐν

360 3374 421 3439 ἒξ
455 3372 688 3445 ἡμέραις
713 3372 966 3443 ἐποίησεν
992 3375 1019 3426 6
1049 3372 1182 3437 Θεὸς
1209 3375 1301 3431 τὸν
1328 3376 1553 3450 κόσμον,
1606 3377 1722 3431 ἀλλ’
1762 3380 1792 3432 6
1845 3378 1937 3433 κό-

364 3480 517 3533 σμος,
542 3460 630 3515 διὰ
648 3462 738 3515 τὸν
763 3462 1047 3534 ἄνθρωπον
1073 3480 1086 3494 ⁸
1113 3464 1261 3534 ἥλιος
1286 3464 1384 3534 μὲν
1399 3465 1508 3537 γὰρ
1524 3466 1926 3539 λαμπρότατος,

362 3555 555 3624 αὐγαῖς
585 3553 947 3622 ἀποστίλῦων,
971 3554 1108 3608 ἀλλὰ
1142 3554 1229 3608 διὰ
1261 3555 1353 3608 τὸν
1378 3557 1688 3628 ἄνθρωπον,
1728 3561 1933 3631 φαμὲν,

365 3647 598 3715 ἐγένετο.
627 3648 739 3701 Καὶ
766 3647 946 3701 πάντα
975 3646 1043 3699 τὰ
1078 3645 1193 3711 ζῶα
1235 3647 1323 3701 διὰ
1364 3647 1426 3701 τὸ
1478 3648 1748 3704 δουλεύειν
1805 3653 1938 3722 ἡμῖν

366 3736 637 3807 κατέστηο
683 3735 905 3806 βοτάναι
944 3736 1039 3788 καὶ
1088 3734 1319 3806 δένδρα.
1382 3735 1471 3789 διὰ
1514 3737 1614 3808 τὴν
1666 3738 1938 3810 ἡμετέραν

362 3828 687 3885 ἀπόλαυσιν.
728 3827 985 3897 Ἐκτίσθη
1013 3827 1190 3880 πάντα
1206 3827 1345 3880 καλὰ
1370 3827 1439 3882 τὰ
1458 3828 1937 3901 δημιουργήματα,

363 3923 480 3977 ἀλλ’
513 3922 672 3977 οὐδὲν
695 3921 901 3975 τούτων
926 3919 1089 3973 εἰκὼν
1113 3917 1209 3973 τοῦ
1240 3918 1399 3983 Θεοῦ,
1437 3919 1598 3988 μόνος
1638 3920 1694 3973 δὲ
1726 3920 1937 3992 ἀνθρω-

365 4031 487 4075 πος.
527 4013 719 4074 Ἤλιος
750 4010 1133 4081 προστάγματι
1184 4009 1351 4080 μόνῳ,
1382 4009 1478 4064 ἄνθ
1489 4027 1667 4081 ρωπος
1695 4011 1752 4065 δὲ
1782 4012 1939 4084 χερσὶ

364 4103 535 4167 θείαις
561 4102 808 4171 ἐπλάσθη
840 4117 855 4133 ο
888 4120 906 4153 ι
946 4100 1296 4171 Ποιήσωμεν
1316 4100 1426 4172 γὰρ
1459 4100 1772 4170 ἄνθρωπον
1809 4100 1939 4157 κατ’

363 4196 569 4249 εἰκόνα
589 4191 903 4262 ἡμετέραν,
943 4192 1041 4247 καί
1073 4191 1202 4247 καθ’
1270 4190 1559 4259 ὁμοίωσιν
1584 4209 1600 4224 ο
1640 4192 1803 4247 εἰκὼν
1850 4192 1939 4258 ξυ-

366 4282 484 4355 λίνη
530 4284 772 4351 ἐπιγείου
826 4283 1090 4355 βασιλέως
1137 4284 1385 4355 τιμᾶται,
1419 4283 1571 4353 πόσῳ
1620 4301 1685 4353 γε
1736 4285 1939 4355 μᾶλλον

366 4376 533 4429 εἰκὼν
556 4376 748 4443 λογικὴ
778 4375 951 4442 Θεοῦ;
990 4393 1011 4427 ι

374 4466 483 4522 Τοῦ
509 4468 683 4538 ἁγίου
713 4467 1035 4538 Βασιλείου
1061 4464 1210 4533 πρὸς
1238 4464 1351 4538 τὸν
1372 4466 1543 4538 ἄτιον
1581 4468 1939 4533 Φλαϐιανὸν,

790 4536 925 4604 περί
955 4535 1067 4605 τῆς
1095 4536 1537 4604 Σαμαρείτιδος.

443 4644 466 4680 ι
519 4629 607 4684 Ἐν
630 4628 782 4699 τόπῳ
809 4624 948 4681 εἰναι
985 4628 1084 4699 τὴν
1109 4628 1480 4699 προσκύνησιν
1521 4630 1587 4682 ὲκ
1614 4628 1716 4700 τῆς
1767 4631 1941 4700 ἐγχω-

371 4716 490 4789 ρίου
524 4718 813 4791 συνηθείας
841 4717 1220 4790 ὴπατημὲνην,
1251 4720 1280 4771 ό
1304 4718 1504 4791 Κύριος
1526 4718 1680 4793 ἡμῶν
1720 4719 1940 4789 μεταδι-

370 4809 605 4865 δάσκων·
636 4810 739 4865 Ἑν
753 4812 1044 4881 πνεύματι
1062 4810 1159 4865 καὶ
1173 4810 1422 4879 ἀληθείᾳ
1434 4809 1530 4864 δεῖ
1544 4811 1934 4879 προσκυνεῖν,

371 4902 559 4971 φησὶν,
588 4902 781 4957 ἑαυτὸν
806 4902 980 4971 λέγων
1007 4901 1208 4973 δηλαδὴ
1245 4901 1343 4972 τὴν
1399 4901 1677 4972 ἀλήθειαν.
1729 4902 1939 4974 Ὥσπερ

372 4994 430 5045 ὲν
458 4991 535 5064 τῷ
566 4993 683 5065 Υἱῷ
736 4996 1063 5066 προσκυνεῖν
1106 4993 1339 5063 λέγομεν
1387 4992 1478 5047 τὸν
1514 4991 1751 5063 Πατέρα,
1772 4991 1847 5058 ὡς
1877 4994 1937 5047 ἐν

2604 3101 2742 3155 cima
2775 3099 3052 3154 ratechesi.

2108 3191 2165 3246 Si
2217 3206 2348 3263 ergo
2396 3191 2667 3248 adventus
2719 3189 2923 3247 Christi
2982 3204 3209 3246 causam
3257 3187 3487 3259 quaeris,
3541 3185 3614 3242 ad

2034 3280 2202 3354 384
2225 3282 2464 3353 primum
2510 3282 2813 3351 Scriptum
2859 3281 3064 3337 librum
3094 3294 3341 3336 recurre.
3369 3277 3476 3334 Sex
3498 3276 3615 3334 die-

2037 3390 2157 3428 rum
2221 3373 2401 3442 spatio
2459 3373 2727 3427 mundum
2786 3373 2997 3428 creavit
3038 3372 3305 3428 Deuszat
3371 3369 3618 3426 mundus

2037 3476 2258 3537 pr0pter
2280 3467 2558 3521 hominem
2593 3466 2771 3522 factus
2806 3475 2910 3522 est.
2941 3465 3236 3520 Enimvero
3294 3464 3377 3521 sol
3433 3464 3615 3534 splen-

2037 3559 2380 3624 didissimus,
2402 3558 2680 3626 radiisque
2706 3558 2943 3628 fulgens,
2972 3565 3029 3611 ut
3059 3558 3224 3613 modo
3258 3540 3607 3619 dicebamus.

2038 3649 2275 3703 hominis
2311 3662 2477 3703 causa
2507 3647 2684 3703 factus
2708 3656 2811 3703 cst.
2855 3646 3052 3702 Omnia
3087 3663 3308 3717 quoque
3343 3647 3606 3700 animan-

2042 3747 2112 3799 tia
2136 3745 2344 3799 idcirco
2376 3742 2602 3798 condita
2633 3750 2785 3808 sunt,
2815 3750 2876 3796 ut
2922 3743 3166 3796 serviant
3193 3741 3383 3804 nobis;
3410 3739 3615 3811 grami-

2040 3854 2106 3891 na
2159 3838 2285 3892 item
2320 3846 2375 3892 et
2397 3835 2651 3900 arbores,
2693 3844 2756 3889 ut
2781 3833 2892 3889 illis
2916 3832 3188 3888 fruamur.
3224 3831 3489 3888 Universa
3515 3830 3610 3887 Dei

2038 3944 2201 4000 opera
2226 3929 2372 3983 bona
2398 3927 2553 3983 valde
2574 3936 2726 3989 sunt,
2768 3925 2864 3981 sed
2902 3926 3113 3981 nullum
3139 3940 3355 3990 eorum,
3382 3924 3608 3992 dempto

2041 4018 2288 4084 homine,
2348 4017 2527 4088 imago
2571 4017 2664 4070 Dei
2694 4024 2799 4071 est.
2836 4014 2930 4070 Sol
2980 4014 3239 4070 mandato
3266 4014 3407 4077 solo,
3454 4013 3617 4065 homo

2040 4125 2171 4165 vero
2199 4108 2294 4164 Dei
2324 4109 2580 4166 manibus
2617 4108 2887 4163 formatus
2914 4106 3039 4163 fuit.
3063 4103 3617 4164 Aitenim":Faciao

2041 4210 2156 4248 mas
2177 4192 2439 4247 hominem
2465 4193 2535 4246 ad
2559 4193 2841 4262 imaginem
2857 4200 2907 4246 et
2926 4190 3329 4247 similitudinem
3350 4200 3615 4244 nostram.

2044 4283 2398 4355 imperatoris
2444 4291 2650 4339 terreni
2679 4283 2970 4353 imaginem
3006 4282 3239 4352 ligneam
3266 4292 3615 4345 veneramur,

1977 4351 2018 4405 θ
2046 4351 2255 4449 quanto
2287 4376 2489 4448 potiori
2514 4376 2639 4445 jure
2672 4351 2994 4429 rationalem
3021 4372 3315 4443 imaginem
3347 4370 3441 4426 Dei
3467 4370 3492 4424 ἰ
3522 4389 3543 4422 ο

2109 4470 2297 4527 Sancti
2329 4469 2527 4524 Basilii
2553 4469 2623 4522 ad
2683 4479 2925 4523 sanctum
2983 4464 3322 4529 Flavianum,
3343 4463 3408 4517 de
3429 4461 3618 4517 Sama-

2600 4539 2781 4592 ritana
2811 4536 3050 4591 muliere.

2116 4648 2134 4681 ι
2172 4628 2408 4684 Gentilis
2456 4644 2570 4684 suae
2625 4626 3049 4683 consuetudinis
3106 4638 3300 4680 errore
3346 4622 3403 4676 in
3465 4626 3618 4675 certo

2036 4721 2157 4775 loco
2216 4721 2591 4775 adorationem
2649 4720 2848 4774 debere
2906 4717 3021 4773 tieri
3057 4715 3395 4777 credentem,
3436 4710 3620 4765 Domi-

2044 4829 2149 4868 nus
2194 4821 2384 4867 noster
2428 4812 2646 4866 erudit:
2682 4811 2921 4876 Oportet,
2990 4808 3193 4878 inquit,
3255 4807 3313 4860 in
3344 4804 3536 4874 spiritu
3567 4809 3619 4855 ,ιι

2044 4903 2261 4958 ueritate
2286 4902 2605 4971 adorare";
2641 4911 2699 4956 ut
2732 4902 2971 4972 seipsum
3026 4900 3311 4963 nimirum,
3346 4898 3439 4967 qui
3468 4895 3621 4950 veri-

2057 5006 2144 5052 tas
2163 5003 2270 5063 est,
2300 4996 2589 5055 indicaret.
2634 4994 3105 5065 Quemadmodum
3132 4994 3195 5051 in
3229 4991 3370 5049 Filio
3396 4989 3621 5045 Patrem

454 5127 499 5159 τι
535 5124 743 5193 Quaest.
769 5127 959 5189 39.ubi
992 5141 1180 5199 supra.
1254 5127 1300 5158 "
1326 5125 1464 5183 Gen.
1496 5138 1537 5192 ι,
1568 5125 1659 5180 26.
1734 5124 1776 5158 "
1807 5122 1965 5183 Joan.
2008 5141 2081 5194 Iv,
2106 5128 2197 5185 24.

1652 5238 1891 5294 VARIE
1944 5240 2346 5304 LECTlONES.

448 5351 491 5378 ⁸·
525 5343 711 5413 Deest,
741 5341 911 5403 Absit,
952 5337 1025 5410 μὴ
1067 5337 1298 5406 γένοιτο,
1347 5334 1492 5406 apud
1526 5334 1895 5391 Ambrosium.

1871 5454 2104 5513 NOTAE.

452 5555 563 5627 (37)
590 5548 867 5610 Ambrosii
902 5552 1095 5607 Latina
1125 5518 1404 5627 describo,
1425 5550 1837 5627 _ex_ejusjibro
1874 5548 1953 5604 De
1968 5548 2362 5627 incarnationis
2405 5546 2695 5605 Dominica:
2721 5558 3071 5619 sacramento,
3106 5562 3223 5620 cap.
3266 5548 3321 5615 7,
3364 5565 3419 5605 ιι.
3454 5549 3525 5606 2t}
3558 5556 3625 5605 et

390 5619 478 5682 ἴε.
502 5619 605 5693 ρἰιί
643 5627 787 5681 liber
828 5634 1072 5694 tempore
1103 5622 1301 5693 synodi
1342 5619 1627 5692 Ephesin“
1670 5621 1859 5677 “arce
1887 5619 2134 5676 redditus
2160 5619 2357 5674 fuerat.
