3936 6174
399 35 718 75 almutacrls
747 35 1014 71 mammis
1040 35 1379 86 supplicant.
1414 35 1574 67 ausu.
1611 35 1820 80 Itaque,
1850 35 1911 63 ut
1940 35 1985 62 tu

2099 35 2348 66 ειυωηυιι,
2381 35 2841 76 Λυιιυνιιυυμδυῑιο
2869 35 2961 79 ηιη
2985 35 3082 62 υυν
3112 35 3327 78 γενυιτυ
3538 35 3709 65 τουτο

400 125 505 165 nos
534 109 974 164 committamus.
1000 107 1136 162 Nam
1166 104 1435 178 quidquid
1463 111 1633 174 agunt
1664 100 1985 161 Christiani.

2098 97 2297 150 ποιεῖν.
2331 95 2412 151 Τά
2438 97 2549 169 γάρ
2590 98 2701 152 τῶν
2750 100 3094 171 Χριστιανῶν
3135 103 3321 165 πιστίς
3357 104 3511 167 ἔστι,
3547 100 3657 156 καῖ
3679 105 3711 155 ὁ

408 201 517 255 ﬁde
547 207 833 269 pensatur,
863 207 919 253 et
942 195 1106 261 Deus,
1142 196 1237 266 qui
1269 192 1503 250 mendax
1534 206 1644 245 non
1672 198 1782 253 est,
1812 188 1985 243 virtu-

2098 187 2340 261 ἀψευδὴς
2376 189 2535 261 ἡμῶν
2568 190 2702 255 Θεδς
2745 193 2965 263 ἐνεργεῖ
3002 194 3105 257 τὰς
3142 196 3426 265 δυνάμεις.
3462 195 3551 249 Οὐ
3594 196 3711 265 γὰρ

397 301 486 348 tes
531 296 820 360 operatur.
872 287 993 343 Non
1020 287 1170 343 enim
1221 286 1277 339 in
1328 282 1661 357 quibusdam
1713 279 1985 336 coloribus

2098 279 2354 351 χροῖδίοις
2376 288 2425 344 η,
2458 280 2599 335 ἀλλά
2625 282 2683 335 ὲν
2713 283 3023 354 ὑπομνήσει
3051 285 3145 339 τοῦ
3177 287 3483 340 ἀντιτύπου
3516 286 3710 357 γρὰμο

397 396 706 445 moramur.
735 379 854 445 sed,
887 379 1055 435 veluti
1092 376 1366 447 contingit
1398 375 1456 430 in
1498 372 1985 443 repraasentatione

2100 390 2293 443 ματος,
2324 372 2564 445 δρῶντες
2586 374 2677 428 τὸν
2705 375 2939 446 ἀόρατον
2963 377 3053 431 διά
3091 379 3191 449 τῆς
3223 380 3527 449 ὁρωμένης
3566 394 3708 447 γρα-

399 475 617 540 Ιίιιετιε,
641 489 750 545 qua
780 472 926 528 aliud
965 470 1341 541 signiﬁcatur,
1378 468 1533 523 illum
1561 466 1655 537 qui
1694 465 1985 522 invisibilis

2093 464 2222 535 φῆς,
2263 465 2340 529 ὡς
2378 466 2626 537 παρόντα
2679 467 2996 540 δοξάζομεν,
3029 471 3129 540 οὐχ
3169 470 3246 533 ὡς
3289 469 3366 541 μὴ
3410 470 3541 523 ὄντι
3588 469 3706 539 Θεῷ

397 575 505 633 est,
537 566 594 619 in
632 565 851 636 pictura
884 561 1317 630 conspicientes,
1352 568 1617 627 tanquam
1660 562 1985 626 praesentem

2092 555 2448 622 πιστεύοντες
2469 574 2483 589 ·
2516 557 2632 612 ἀλλ’
2657 559 2733 623 ὡς
2769 560 2883 614 om
2910 558 3150 631 ἀληθῶς,
3180 559 3305 614 οῦτε
3342 563 3463 625 τοῖς
3494 560 3702 629 ἁγίοις,

399 658 718 714 laudamus.
744 655 859 710 Nec
887 653 937 708 ei
971 653 1275 716 credimus,
1313 650 1410 719 qui
1446 649 1591 706 Deus
1626 662 1737 702 non
1771 646 1866 713 sit,
1896 646 1985 702 sed

2091 650 2168 715 ὡς
2201 650 2278 723 μὴ
2325 647 2502 716 οὖσιν,
2528 651 2645 706 ἀλλ’
2670 652 2746 717 ὡς
2774 649 2913 717 οὖσι,
2944 656 3037 708 καὶ
3068 654 3206 720 ζῶσι
3235 653 3393 724 παρά
3430 653 3519 724 τῷ
3559 652 3701 723 Θεῷ.

399 749 498 819 qui
526 762 656 803 vere
697 745 934 801 exsistat
978 742 1120 798 Dens
1150 760 1164 797 :
1200 756 1384 812 neque
1434 740 1562 796 item
1616 740 1850 805 sanctis,
1898 739 1985 809 qui

2091 741 2186 794 καὶ
2230 741 2339 794 τῶν
2389 743 2719 813 πνευμάτων
2752 743 2956 808 αὐτῶν,
2990 745 3161 813 ἀγίων
3191 745 3362 798 ὄντων
3398 747 3503 798 καὶ
3534 744 3705 797 δυνα-

400 842 581 897 sancti
616 854 727 894 non
758 838 892 901 sint,
928 835 1025 892 sed
1053 836 1147 905 qui
1179 835 1319 889 tales
1365 833 1528 903 plane
1559 833 1691 899 sint,
1717 838 1771 886 et
1806 834 1985 886 vivant

2095 850 2188 903 μει
2213 832 2352 887 Θεοῦ
2386 832 2731 905 βοηθούντων
2766 839 2879 901 τοῖς
2926 836 3119 901 ἀξίοις,
3154 837 3231 901 ὡς
3260 837 3559 908 δεομένοις
3601 837 3705 889 αύο

399 933 545 1004 apud
579 932 777 998 Deum;
810 943 939 984 cum
972 928 1141 982 etiam
1190 925 1421 996 spiritus
1451 939 1641 979 eorum
1676 924 1745 979 ob
1783 925 1990 980 sancti-
2090 924 2221 979 τῶν.
2248 942 2268 976 ι

399 1029 568 1076 tatem
603 1035 787 1088 suam,
820 1033 929 1090 qua
959 1017 1140 1073 divina
1188 1016 1394 1071 virtute
1436 1015 1663 1087 pollent,
1722 1015 1837 1073 illis
1887 1018 1981 1088 qui
2023 1018 2177 1091 digni
2208 1026 2341 1075 sunt
2365 1016 2728 1089 opitulentur,
2764 1027 2952 1089 utpote
3014 1020 3110 1091 qui
3150 1022 3400 1094 ipsorum
3477 1021 3705 1077 auxilio

400 1115 696 1187 indigeant.
741 1132 762 1167 ι

406 1206 684 1263 Anastasii
738 1204 1119 1273 archiepiscopi
1172 1202 1508 1274 Antiochsni,
1554 1200 1627 1274 σά
1677 1201 1985 1274 Symconem

2106 1200 2512 1274 Ἀναστᾳσίρυ
2537 1200 3044 1274 ,ἀρχιεπιιῖκόπου
3095 1201 3486 1274 Ἀντιίὲκείίὲςν
3543 1205 3704 1270 πρὸς

663 1270 965 1345 episcopum
995 1270 1338 1339 Bostrorum,
1370 1272 1445 1327 De
1468 1270 1737 1330 Sabbato;

2165 1270 2413 1342 Συμεὼν
2440 1271 2784 1326 ἐπίσκοπον
2809 1271 3116 1341 Βόστρων,
3143 1270 3289 1340 Περὶ
3318 1272 3434 1327 τοῦ
3463 1275 3705 1328 Σαϐϐά-

2160 1360 2291 1398 του.

2168 1453 2188 1487 ι
2219 1435 2430 1505 Ὥσπερ
2458 1432 2591 1504 γὰρ,
2623 1432 2856 1496 ἀπόντος
2888 1438 2991 1502 μὲν
3020 1431 3302 1502 βασιλέως,
3328 1435 3365 1507 ἡ
3399 1434 3581 1489 εἰκὼν
3605 1437 3700 1489 αύο

2087 1524 2186 1578 τοῦ
2233 1526 2670 1596 προσκυνεῖται,
2726 1524 2998 1594 παρόντος
3043 1522 3123 1590 δὲ,
3184 1524 3373 1580 λοιπὸν
3428 1530 3699 1598 περιττὸν

2087 1615 2462 1671 καταλιπόντα
2493 1616 2587 1668 τὸν
2614 1615 2978 1687 πρωτότυπον
3007 1619 3338 1686 προσκυνεῖν
3365 1620 3438 1688 τῇ
3466 1618 3657 1671 εἰκόνι
3678 1635 3694 1647 ο

2085 1709 2148 1761 ού
2188 1708 2317 1779 μὴν,
2359 1708 2487 1761 ἐπεὶ
2519 1709 2582 1762 οὐ
2624 1710 3015 1779 προσκυνεῖται
3044 1708 3135 1763 διὰ
3172 1710 3232 1761 τὸ
3266 1712 3540 1780 παρεῖναι
3580 1712 3697 1771 τὸν,

2083 1798 2153 1853 δι’
2173 1800 2233 1854 ὃν
2260 1802 2675 1869 προσκυνεῖται,
2698 1799 3067 1869 ἀτιμάζεσθαι
3088 1799 3259 1871 αὐτὴν
3284 1801 3364 1854 δεῖ
3388 1818 3403 1831 ·
3432 1802 3699 1856 τοιοῦτόν

2082 1909 2138 1946 τι
2162 1892 2368 1964 νομίζω
2403 1892 2680 1964 συμϐῆναι
2712 1891 2844 1963 περὶ
2872 1891 2972 1962 τὴν
3001 1890 3099 1945 τοῦ
3139 1891 3311 1964 νόμου
3342 1893 3525 1957 σκιάν,
3555 1895 3701 1964 ἦτοι

2082 1984 2146 2039 τὸ
2175 1986 2412 2056 γράμμα
2456 1986 2662 2055 (σκιὰν
2720 1984 2829 2055 γὰρ
2873 1983 3036 2036 αὑτὸν
3060 1984 3273 2038 καλεῖὸ
3308 1985 3697 2057 ’Δπόπολος).

2097 2074 2214 2145 Ἐφ’
2240 2076 2364 2130 ὅσον
2388 2075 2498 2147 γὰρ
2542 2074 2867 2146 ὲταμιεύετο
2912 2074 3004 2128 τὸν
3035 2074 3233 2145 καιρὸν
3273 2075 3375 2146 τῆς
3415 2076 3697 2147 ἀληθείας

2082 2170 2117 2240 ἡ
2141 2168 2323 2241 χάρις,
2349 2167 2477 2232 τοὺς
2502 2167 2707 2232 τύπους
2737 2167 3003 2239 προεῖπον
3026 2174 3053 2202 °
3075 2169 3126 2220 οί
3150 2167 3310 2237 ἅγιοι,
3334 2166 3693 2239 θεωροῦντες

2080 2263 2158 2326 ὡς
2192 2263 2251 2314 ὲν
2285 2260 2537 2331 ἐσόπτρῳ
2565 2259 2664 2331 τὴν
2702 2258 3304 2331 ἀλήθειαν.,Ἐλθούσης
3329 2260 3388 2312 δὲ
3419 2260 3533 2332 τῆς
3555 2262 3693 2335 ἀλη.

2080 2352 2255 2417 θείας,
2285 2352 2387 2422 ζῇν
2411 2353 2509 2421 μὲν
2540 2351 2684 2404 κατά
2716 2351 2843 2415 τοὺς
2866 2349 3072 2414 τύπους
3101 2351 3202 2404 οὐκ
3244 2350 3509 2421 ἐνόμιζον
3549 2348 3696 2408 εἶναι

2081 2444 2268 2508 καλὸν,
2313 2442 2408 2496 καὶ
2452 2441 2664 2505 τούτοις
2706 2440 3022 2496 ἀκολουθεῖν
3067 2441 3171 2495 ἔτι.
3219 2442 3536 2511 Παρόντων
3582 2444 3696 2515 γὰρ

2084 2531 2193 2586 τῶν
2227 2530 2594 2603 πραγμάτων,
2628 2528 2891 2599 παρέλκει
2914 2529 3102 2584 λοιπὸν
3121 2530 3149 2581 ὁ
3169 2529 3342 2594 τύπος
3371 2530 3473 2584 τοῦ
3511 2533 3698 2603 πράγ-

2091 2636 2280 2691 ματος.
2311 2619 2454 2691 Πλὴν
2484 2620 2580 2673 καὶ
2614 2616 2787 2682 οὕτως
2817 2618 2919 2673 οὐκ
2943 2617 3243 2690 ἠτίμαζον,
3281 2619 3413 2672 οὐδὲ
3455 2622 3695 2690 παρεῖλ-

2090 2729 2208 2777 κον,
2237 2710 2354 2766 ἀλλ’
2383 2710 2588 2781 ὲτίμων
2614 2711 2705 2763 τὸν
2737 2710 2929 2774 τύπον,
2964 2712 3058 2764 καὶ
3081 2713 3207 2775 τοὺς
3231 2712 3546 2783 ἀτιμάζειν
3571 2714 3694 2766 ἔπιε

2087 2804 2424 2875 χειροῦντας,
2463 2802 2684 2865 ἀσεϐεῖς
2708 2802 2948 2873 ἔκρινον,
2986 2802 3082 2856 καὶ
3112 2802 3348 2857 θανάτου
3388 2803 3487 2858 διὰ
3518 2804 3688 2860 κολά-

2089 2912 2227 2958 σεως
2255 2895 2459 2964 πικρᾶς
2487 2892 2693 2958 ἀξίους.
2724 2912 2743 2946 ι

479 1486 497 1519 ι
520 1465 993 1533 Quemadmodum
1019 1467 1163 1522 enim
1191 1467 1412 1523 absente
1438 1468 1792 1540 imperatore,
1815 1468 1990 1540 ipsius

403 1563 589 1631 imago
619 1560 909 1625 adoratur,
950 1568 1220 1630 praesente
1258 1574 1387 1614 vero
1418 1561 1718 1617 absurdum
1754 1577 1987 1633 prorsus

398 1660 507 1717 est,
553 1651 855 1721 exemplari
882 1651 1224 1721 posthabito,
1252 1651 1546 1723 imaginem
1582 1652 1853 1719 adorare;
1887 1667 1988 1708 nec

398 1754 606 1809 tamen,
659 1758 727 1799 eo
772 1743 922 1813 quod
973 1744 1063 1799 ille
1108 1758 1355 1814 praesens
1406 1744 1497 1808 sit,
1556 1752 1781 1815 propter
1824 1760 1987 1815 quem

399 1836 584 1906 imago
620 1836 845 1899 colitur,
896 1836 1106 1890 idcirco
1149 1835 1449 1905 imaginem
1495 1836 1668 1905 ipsam
1712 1836 1867 1889 nihili
1901 1835 1986 1890 l‘a-

399 1940 526 1982 cere
552 1934 993 1980 consentaneum
1041 1924 1228 1979 fuerit.
1258 1923 1390 1980 Tale
1414 1925 1546 1995 quid
1580 1927 1831 1981 evenisse
1861 1939 1987 1979 reor

398 2014 551 2070 circa
583 2016 718 2084 legis
753 2015 1005 2068 umbram
1052 2015 1170 2068 sive
1206 2012 1447 2069 litteram
1496 2015 1664 2086 (hanc
1688 2017 1834 2070 enim
1864 2032 1984 2068 nnt-

401 2106 552 2159 bram
585 2106 833 2159 nominat
869 2105 1214 2176 Apostolus).
1258 2105 1516 2172 Quandiu
1547 2107 1696 2161 enim
1729 2106 1982 2163 veritatis

398 2196 579 2266 gratia
622 2191 1087 2258 abscondebatur,
1135 2194 1341 2264 ﬁguras
1393 2193 1571 2248 sancti
1618 2194 1981 2263 promebant;

397 2287 601 2357 quippe
633 2285 729 2356 qui
763 2284 1049 2339 veritatem
1078 2294 1341 2355 tanquam
1388 2285 1446 2340 in
1476 2285 1706 2355 speculo
1735 2294 1985 2340 contem-

397 2380 715 2451 plabantnr.
747 2377 846 2432 Ast
871 2376 963 2431 ubi
987 2376 1191 2432 veritas
1218 2376 1449 2447 prodiit.
1478 2391 1695 2446 aequum
1730 2391 1837 2430 non
1860 2390 1984 2431 esse

397 2476 755 2533 censuerunt,
793 2476 857 2521 ut
883 2468 1191 2523 secundum
1229 2468 1434 2538 ﬁguras
1470 2469 1803 2531 viveremus,
1840 2482 1982 2537 quas

398 2562 663 2631 deinceps
689 2575 1067 2630 sequeremur.
1106 2558 1309 2613 Rerum
1339 2560 1486 2614 enim
1509 2561 1864 2629 praesentium
1888 2573 1983 2613 su—
2007 2570 2053 2630 α

397 2666 752 2723 ρετνοεεηεεε
779 2661 908 2706 sunt
944 2650 1156 2721 ﬁgurae.
1188 2649 1298 2704 Nec
1340 2658 1525 2704 tamen
1589 2648 1795 2720 ﬁguras
1823 2649 1985 2704 inbo-

397 2749 553 2798 neste
606 2743 938 2805 habuerunt,
990 2752 1087 2795 aut
1135 2749 1613 2811 contempserunt,
1646 2744 1778 2811 quin
1816 2743 1989 2797 Itono-

395 2841 591 2889 rarunt
608 2833 815 2902 potius,
840 2842 893 2887 et
921 2833 1151 2904 eos,qui
1171 2834 1527 2888 contumeliis
1556 2835 1707 2904 ipsas
1734 2848 1987 2904 asperge-

396 2923 550 2988 bant,
599 2921 798 2991 impios
849 2937 973 2977 esse
1022 2924 1375 2992 iudicarunt,
1424 2933 1480 2978 et
1525 2923 1739 2979 acerba:
1781 2924 1985 2979 mortis

370 3038 377 3046 ί
400 3012 679 3083 supplicio
705 3012 925 3081 dignos.
970 3032 989 3065 ι

750 3100 1031 3171 Ejusdem,
1065 3119 1132 3159 cx
1163 3107 1408 3160 oratione
1439 3105 1617 3161 tertia.

2478 3088 2588 3143 Τοῦ
2616 3089 2825 3155 αὐτοῦ,
2858 3089 3045 3158 λόγου
3077 3090 3306 3158 τρίτου.

477 3214 495 3247 ι
537 3193 698 3249 Velut
723 3193 770 3248 si
794 3193 921 3264 quis
947 3204 1169 3265 propter
1211 3196 1476 3251 honorem
1511 3200 1607 3266 qui
1631 3197 1984 3254 debetnrim-

2162 3196 2183 3232 ι
2209 3179 2423 3250 Ὠσπερ
2460 3178 2526 3233 ἂν
2556 3182 2608 3233 εί
2635 3198 2721 3244 τις
2769 3182 2956 3237 εἰκόνα
2990 3179 3279 3251 βασιλέως,
3308 3181 3407 3236 διὰ
3434 3184 3500 3237 τὸ
3547 3186 3688 3238 καθ-

396 3284 665 3357 peratori,
688 3283 807 3351 ejus
834 3284 1024 3340 adoret
1054 3286 1377 3357 imaginem,
1409 3288 1714 3358 quamlibet
1744 3305 1812 3345 ex
1851 3305 1980 3347 cera

2090 3272 2219 3342 ῆκον
2262 3275 2363 3343 τῆς
2416 3273 2546 3341 περὶ
2574 3272 2666 3326 τὸν
2715 3273 2943 3343 βασιλέα
2971 3278 3274 3345 προσκυνεῖ
3304 3276 3499 3347 τιμῆς,
3526 3276 3687 3329 οὐδὲν

396 3381 453 3430 et
486 3373 774 3429 coloribus
803 3382 1172 3429 constantem.
1224 3394 1243 3428 ι

2090 3361 2273 3429 οὖσαν,
2304 3364 2337 3436 ἢ
2376 3366 2545 3436 κηρὸν
2580 3366 2675 3419 καὶ
2707 3367 2997 3437 χρώματα.
3033 3386 3051 3419 ι

398 3464 587 3521 Sancti
645 3475 697 3519 et
767 3466 1070 3538 (acumenici
1150 3467 1364 3521 concilii
1421 3469 1595 3538 quinti
1669 3470 1983 3527 anathema-

2090 3456 2207 3525 Τῆς
2236 3457 2411 3526 ἁγίας
2447 3458 2545 3509 καὶ
2587 3458 3011 3538 ρίκουιιενικῆς
3056 3459 3337 3538 πέμπτης
3377 3462 3677 3525 συνόδου,

906 3537 1090 3589 tismus
1124 3528 1483 3592 duodecima}.
2567 3528 3046 3597 ἀναθεματισμὸς
3077 3530 3175 3594 ιβ’.

476 3644 497 3679 ι
538 3624 596 3680 Si
640 3626 766 3698 quis
811 3627 1041 3697 impium
1084 3626 1435 3683 Theodorum
1492 3630 1981 3702 Mopsuestiensem

2161 3637 2180 3670 ι
2211 3618 2278 3671 El’
2298 3634 2384 3680 τις
2424 3618 2791 3672 ἀντιποιεῖται
2831 3610 3112 3691 Θεοδώρου
3150 3618 3247 3673 τοῦ
3295 3622 3546 3687 ἀσεϐοῦς
3584 3623 3679 3690 τῆς

406 3716 701 3782 defendat,
744 3718 839 3790 qui
874 3720 1012 3773 dicit
1060 3720 1228 3776 alium
1258 3736 1380 3779 esse
1411 3722 1584 3779 Deum
1614 3723 1853 3781 Verbum
1882 3765 1897 3792 ,
1928 3734 1984 3783 et

2090 3710 2467 3779 Μοψουστείας
2494 3710 2590 3763 τοῦ
2620 3712 2896 3774 εἰπόντος,
2938 3712 3099 3766 ἄλλον
3120 3708 3259 3767 εἶναι
3286 3714 3383 3767 τὸν
3410 3715 3557 3768 Θεὸν
3578 3716 3679 3769 Λό-

398 3808 570 3864 alinm
604 3825 725 3865 esse
763 3809 1070 3879 Christum,
1104 3813 1437 3870 animalibus
1469 3816 1977 3885 perturbationibus

2090 3820 2199 3872 γον,
2225 3804 2320 3856 καὶ
2354 3802 2513 3856 ἀλλον
2537 3802 2631 3855 τὸν
2660 3804 2918 3875 Χριστὸν,
2944 3805 3052 3858 ὑπὸ
3080 3806 3271 3860 παθῶν
3293 3806 3559 3878 ψυχικῶν
3586 3811 3679 3862 καὶ

402 3908 458 3953 et
486 3902 670 3955 carnis
711 3902 1108 3971 cupiditatibus
1140 3904 1463 3971 obnoxium,
1494 3914 1546 3961 et
1588 3923 1655 3962 ex
1682 3909 1973 3964 deteriori-

2090 3893 2190 3946 τῶν
2244 3895 2344 3964 τῆς
2379 3894 2581 3966 σαρκὸς
2628 3895 2938 3966 ἐπιθυμιῶν
2967 3898 3371 3970 ἐνοχλούμενον,
3416 3902 3517 3954 καὶ
3572 3902 3678 3955 τῶν

397 3989 501 4045 bus
532 3991 797 4060 paulatim
852 4008 1230 4065 progressum,
1282 4004 1341 4050 ut
1394 3998 1673 4052 actionum
1725 4000 1970 4067 profectu

2090 3985 2343 4055 χειρόνων
2367 3986 2509 4039 κατά
2556 3986 2752 4057 μικρὸν
2804 3988 3194 4060 χωριζόμενον,
3249 3992 3346 4043 καὶ
3388 3991 3577 4055 οὕτως
3614 3994 3678 4047 ἐκ

396 4081 593 4137 melior
645 4082 846 4149 factus,
893 4094 946 4139 ct
994 4088 1065 4142 ob
1102 4089 1580 4145 conversationem
1632 4090 1970 4161 inculpatam

2090 4078 2369 4147 προκοπῆς
2428 4076 2609 4149 ἔργων
2666 4078 3063 4147 βελτιωθέντα,
3119 4083 3213 4135 καὶ
3270 4083 3337 4134 ὲκ
3380 4083 3677 4146 πολιτείας

397 4173 815 4239 statuminatus,
858 4184 1118 4247 tanquam
1155 4193 1328 4248 purus
1376 4178 1538 4235 homo
1568 4180 1873 4251 baptizatus
1895 4182 1970 4237 sit

2090 4164 2312 4235 ἀμώμου
2352 4176 2380 4216 P
2416 4166 2780 4230 καταστάντα,
2818 4167 2894 4231 ὼς
2940 4168 3098 4238 ψιλὸν
3141 4168 3433 4239 ἄνθρωπον
3466 4171 3673 4240 βαπτι-

397 4264 452 4315 in
488 4264 709 4320 nomine
736 4264 920 4327 Patris
951 4276 1004 4323 et
1035 4266 1163 4323 Filii
1210 4278 1263 4323 et
1303 4267 1543 4339 Spiritus
1582 4272 1779 4338 sancti,
1813 4286 1972 4328 acce-

2090 4257 2296 4326 πθῆναι,
2338 4260 2417 4321 εἰς
2449 4258 2620 4329 ὄνομα
2658 4259 2752 4312 τοῦ
2782 4261 3019 4330 Πατρὸς,
3051 4262 3144 4314 καὶ
3178 4260 3329 4325 Υίοῦ,
3369 4264 3471 4315 καὶ
3506 4265 3669 4330 ἁγίου

396 4364 600 4424 ptaque
651 4373 747 4427 per
806 4361 1141 4431 baptismum
1212 4360 1447 4433 Spiritus
1505 4365 1683 4419 sancti
1746 4365 1969 4435 gratia,

2090 4350 2426 4421 Πνεύματος,
2463 4351 2559 4405 καὶ
2595 4352 2685 4404 διὰ
2709 4351 2804 4403 τοῦ
2836 4353 3214 4423 βαπτίσματος
3244 4354 3340 4423 τὴν
3368 4355 3543 4425 χάριν
3573 4358 3671 4409 τοῦ

395 4444 691 4515 adoptione
734 4447 901 4504 fuerit
945 4453 1247 4523 dignatus;
1302 4467 1521 4508 necnon
1574 4455 1738 4523 regia!
1800 4456 1974 4512 instar

2090 4441 2237 4509 Ξγίου
2270 4442 2587 4511 Πνεύματος
2617 4443 2870 4505 λαϐόντα,
2906 4445 3002 4497 καὶ
3034 4445 3305 4508 υἱοθεσίας
3334 4445 3671 4515 ἀξιωθῆναι.

394 4532 669 4605 imaginis,
726 4546 987 4611 tanquam
1030 4542 1122 4596 Dei
1171 4558 1462 4613 personam
1516 4552 1799 4615 gerentem
1843 4560 1969 4600 eum

2090 4533 2175 4587 ml
2218 4533 2358 4587 κατά
2412 4533 2632 4605 ἰσότητα
2668 4535 2951 4606 βασιλικῆς
2984 4537 3216 4601 εἰκόνος,
3257 4540 3337 4600 είς
3364 4538 3671 4608 πρόσωπον

394 4622 612 4680 adorari
638 4646 651 4683 :
682 4630 969 4685 anathema
988 4632 1111 4687 sit.)

2090 4624 2174 4679 τοῦ
2196 4623 2332 4677 Θεοῦ
2368 4626 2546 4692 Λόγου
2577 4627 3024 4696 προσκυνεῖσθαι,
3050 4628 3300 4699 ἀνάθεμα
3329 4628 3499 4683 ἔστω.
3532 4659 3558 4681 ο

2834 4792 2863 4810 κ

474 4798 518 4834 ⁷³
539 4801 700 4860 Hebr.
733 4822 791 4872 χ,
823 4807 873 4861 1.

1706 4944 1940 5001 ἾΑΒΙΕ
1974 4942 2374 5001 LECTIONES.

500 5032 530 5060 Ι
567 5023 883 5060 Ῐνοηοηιῖηιη
945 5036 1097 5060 nulla!
1167 5028 1361 5060 ηςιις...
1464 5034 1575 5060 ..-2-
1636 5052 1667 5060 ..
