3928 6196
247 255 369 323 m3

1320 255 1416 319 DE
1447 258 1909 319 IMAGINIBUS
1943 260 2224 323 ORATIO
2265 265 2358 325 III

3340 276 3474 341 1414

243 368 548 453 θερδὼεου,
578 368 1033 453 mammas,
1078 369 1778 453 ἔωνσῖαντινοτιπέλεως

1906 372 2183 453 Theodori
2239 377 2655 453 histmiograplti
2698 380 3331 453 _Co_nstantinooolitani,
3406 408 3473 448 ιτ

298 440 360 492 ἐκ
383 436 495 508 τῆς
523 436 1039 505 ὲκκλησιαστικῆς
1078 438 1386 507 Ἱστορίας,
1413 440 1549 508 περὶ
1570 443 1797 499 Terra-

297 508 424 561 δίου
454 506 927 576 ἀρχιεπισκόπου
958 506 1676 577 Κωνσταντινουπὸλεως.

306 619 322 651 ι
348 599 555 670 Ἕτερα
601 598 656 651 δὲ
705 597 869 651 αὐτοῦ
929 599 1355 671 παραθήσομαι,
1402 600 1796 672 καταπλήξεως

241 690 401 761 μεστά
420 705 433 719 ⁸
461 687 755 759 ζωγράφος
778 705 884 753 τις,
914 689 1012 761 τὴν
1037 690 1224 745 εἰκόνα
1251 692 1345 746 τοῦ
1369 692 1640 745 Δεσπότου
1661 693 1798 762 Χρι-

237 780 348 834 στοῦ
382 780 633 849 γράφων,
666 779 743 832 τὼ
776 783 925 851 χεῖρε
960 780 1262 849 ἀπέψυκτο.
1297 783 1407 836 Καὶ
1451 783 1670 853 ἐλέγετο
1717 782 1795 848 ὡς

235 871 328 925 ὑπὸ
348 870 608 941 Ἐλληνός
637 886 783 933 τινος
813 873 874 924 τὸ
906 871 1069 943 ἔργον
1115 873 1379 942 ἐπιταγὲν
1416 874 1518 944 τῆς
1563 875 1791 941 εἰκόνος,

234 963 286 1015 ἑν
310 961 384 1033 τῷ
417 960 770 1031 προσχήματι
819 960 915 1014 τοῦ
945 962 1211 1030 ὀνόματος
1257 960 1353 1015 τοῦ
1396 962 1671 1033 Σωτῆρος,
1704 982 1794 1033 γε-

233 1052 524 1124 γράφηκεν,
556 1051 614 1117 ἐξ
658 1052 917 1121 ἑκατέρου
954 1052 1056 1116 τὰς
1097 1054 1292 1125 τρίχας
1318 1055 1412 1108 ἐπὶ
1444 1057 1685 1129 κεφαλῆς
1716 1057 1795 1110 δι-

234 1143 462 1205 εστώσας
484 1141 561 1205 ὡς
597 1141 672 1213 μὴ
704 1141 773 1194 τὰ
802 1141 955 1211 ὄψεις
994 1142 1387 1197 καλύπτεσθαι.
1417 1145 1659 1217 Τοιούτῳ
1683 1146 1795 1219 γὰρ

237 1237 458 1304 σχήματι
493 1233 764 1302 Ἐλλήνων
792 1234 983 1297 παῖδες
1004 1235 1095 1287 τὸν
1121 1234 1218 1288 Δία
1243 1235 1534 1305 γράφουσι,
1568 1237 1705 1309 πρὸς
1733 1238 1794 1291 τὸ

148 1354 153 1357 <
230 1329 342 1390 τοὺς
374 1325 616 1398 ὁρῶντας
644 1324 910 1395 νομίζειν,
937 1326 1016 1397 τῷ
1039 1327 1253 1398 Σωτῆρι
1281 1328 1380 1398 τὴν
1418 1328 1791 1400 προσκύνησιν

230 1418 589 1488 ἀπονέμεσθαι
613 1416 748 1489 (42).
777 1435 796 1469 ι

233 1507 332 1561 Τοῦ
355 1474 505 1560 ἀόϐᾶ
527 1474 820 1573 Μαξίμου,
846 1506 941 1558 καὶ
969 1505 1294 1560 Θεοδοσίου
1312 1474 1669 1572 ἐπισκόπου,
1690 1508 1789 1561 καὶ

296 1574 408 1629 τῶν
452 1577 795 1645 ἀρχόντων,
832 1573 950 1629 τῶν
982 1577 1457 1631 ἀποσταλέντων
1488 1577 1649 1647 παρὰ
1679 1578 1788 1632 τοῦ

282 1647 605 1712 βασιλέως.

1974 444 2604 531 ζ’]ιειοηνὶαᾼεεειεεςρὶιὶέα
2629 489 2643 514 ,
2674 450 2738 504 de
2776 450 3047 508 Gennadio
3076 444 3472 531 archiepiscopo

1975 512 2593 588 Constantinopolitano.

1973 625 1993 659 (
2041 607 2136 664 His
2177 610 2283 664 alia
2328 611 2595 681 stupenda
2637 626 2865 681 prorsus
2910 613 2978 669 de
3015 631 3081 671 eo
3126 620 3469 677 subnectam.

1894 698 2057 771 387
2089 698 2293 757 Pictori
2333 694 2573 768 cuidam,
2608 705 2700 774 qui
2742 703 2943 760 Christi
2976 704 3189 762 Domini
3222 713 3472 780 pinxerat
3494 710 3507 729 ⁸

1894 790 2207 861 imaginem,
2242 807 2434 846 manus
2461 793 2635 847 ambae
2661 802 3015 848 exaruerunt.
3051 794 3347 854 Ferebatur
3371 819 3469 858 au-

1894 888 2001 935 tem
2045 880 2268 949 gentilis
2312 881 2616 952 cujuspiam
2670 882 2911 940 hominis
2952 884 3111 955 jussu
3159 886 3263 943 hoc
3297 906 3468 960 opus,

1895 971 1999 1027 sub
2031 972 2271 1027 nominis
2308 971 2618 1029 Salvatoris
2665 975 2847 1043 specie
2883 976 2955 1029 ita
2991 978 3255 1046 pinxisse,
3286 992 3346 1036 ut
3374 999 3470 1038 ca-

1894 1063 2042 1133 pillis
2065 1078 2132 1118 ex
2165 1074 2395 1134 utraque
2427 1065 2544 1120 oris
2582 1074 2739 1136 parte
2768 1066 3049 1133 discretis,
3084 1069 3253 1127 facies
3291 1074 3467 1129 nulla-

1895 1163 2056 1211 tenus
2079 1163 2350 1227 tegeretur
2379 1157 2463 1226 (ea
2497 1158 2690 1227 utique
2721 1157 2894 1212 forma
2925 1176 3027 1229 qua
3061 1166 3250 1235 pagani
3276 1166 3465 1222 Jovem

1893 1248 2171 1316 pingunt),
2207 1257 2266 1300 ut
2311 1247 2380 1301 ab
2408 1247 2479 1302 iis
2515 1248 2611 1317 qui
2647 1248 2825 1318 ipsum
2858 1252 3105 1307 viderent
3128 1293 3142 1317 ,
3195 1255 3464 1312 Salvatori

1892 1338 2265 1391 adorationem
2296 1337 2493 1393 oﬂ‘erre
2519 1339 2949 1395 existimaretur.
2987 1361 3004 1394 ι

1892 1489 2122 1545 Maximi
2156 1490 2386 1565 abbatis.
2407 1500 2468 1565 et
2507 1490 2789 1548 Theodosii
2817 1495 3049 1562 episcopi
3078 1512 3138 1549 ac
3165 1474 3458 1565 procerum,

2168 1562 2259 1632 qui
2288 1561 2353 1614 ab
2399 1563 2719 1632 imperatore
2759 1561 2910 1619 missi
2939 1561 3178 1634 Inerant.

297 1757 312 1789 t
352 1738 411 1791 Ὀ
440 1738 585 1801 ὅσιος
608 1736 859 1808 Μάξιμος
887 1732 1073 1791 εἶπενο
1106 1756 1124 1790 ι
1162 1737 1335 1792 Ἐπὰν
1364 1738 1421 1791 δὲ
1445 1738 1591 1804 ἔδοξε
1612 1739 1782 1793 ταῦτα

1964 1730 1983 1763 ι
2032 1712 2273 1767 Sanctus
2297 1712 2570 1769 Maximus
2596 1714 2738 1769 dixit
2782 1734 2796 1770 :
2842 1734 2860 1766 ι
2907 1716 3142 1782 Quando
3186 1717 3302 1772 base
3344 1718 3460 1773 fieri

232 1848 252 1883 ι
287 1829 559 1899 γενέσθαι,
584 1828 811 1893 ἔκϐασις
842 1827 1052 1897 γένοιτο
1082 1828 1190 1883 τῶν
1224 1830 1513 1897 δοξάντων,
1535 1830 1632 1884 καὶ
1654 1832 1787 1885 ὅπου

229 1940 247 1973 ι
284 1920 528 1974 κελεύετε
556 1960 572 1985 ,
613 1919 894 1973 ἀκολουθῶ
937 1922 1088 1991 ἡμῖν.
1115 1941 1133 1973 ι
1168 1922 1279 1974 Καὶ
1314 1922 1405 1973 ἐπὶ
1452 1920 1666 1985 τούτοις
1698 1923 1791 1975 ἀν-

224 2013 449 2083 έστησαν
468 2011 688 2078 πάντες,
706 2012 799 2064 καὶ
824 2011 962 2082 μετὰ
981 2011 1234 2083 δακρύων
1259 2012 1454 2066 ἔϐαλον
1477 2013 1787 2085 μετάνοιαν,

225 2103 314 2155 καὶ
344 2101 478 2173 εὐχὴ
512 2102 703 2171 γέγονε
724 2120 737 2134 ·
771 2104 867 2157 καὶ
911 2102 1141 2166 ἕκαστος
1179 2102 1362 2158 αὐτῶν
1405 2105 1474 2159 τά
1507 2104 1639 2174 ἆγια
1685 2106 1789 2159 Εὑ-

225 2192 470 2261 αγγέλια,
501 2193 597 2245 καὶ
623 2192 715 2245 τὸν
736 2192 916 2263 τίμιον
947 2192 1205 2264 σταυρὸν,
1238 2198 1334 2248 καὶ
1359 2195 1459 2266 τὴν
1481 2198 1667 2251 εἰκόνα
1691 2197 1785 2251 τοῦ

227 2283 471 2354 Σωτῆρος
517 2282 674 2354 ἡμῶν
721 2283 897 2352 Ἰησοῦ
940 2284 1211 2356 Χριστοῦ,
1249 2286 1476 2355 καὶτῆς
1521 2288 1788 2358 τεκούσης

224 2374 379 2427 αὐτὸν
413 2375 573 2443 ἁγίας
600 2374 887 2438 Θεοτόκου,
928 2377 1248 2447 ἠσπάσαντο
1269 2418 1285 2445 ,
1350 2378 1658 2445 τεθεικότες
1691 2382 1787 2436 καὶ

216 2460 311 2524 τὰς
339 2465 525 2532 χεῖρας
550 2464 641 2516 ἐπὶ
680 2462 967 2533 βεϐαιώσει
989 2465 1099 2519 τῶν
1123 2464 1486 2536 λαληθέντων.
1525 2487 1545 2520 ι

220 2637 333 2715 Τοῦ
374 2640 553 2715 Δἁγίου
606 2642 981 2715 Σωφρονίου,
1026 2643 1094 2696 ἐκ
1142 2644 1264 2698 τῶν
1305 2645 1623 2715 θαυμάτων
1666 2646 1787 2701 τῶν

285 2711 467 2781 (ir/cor
492 2713 809 2781 μαρτύρων
828 2714 1025 2779 Κύρου
1064 2715 1161 2765 καὶ
1192 2711 1494 2777 Ἰωάννου,
1517 2719 1604 2781 εὶς
1643 2719 1783 2771 Θεό-

281 2780 471 2846 δωρον
498 2781 606 2832 τὸν
632 2780 1042 2835 ὐποὸιάκονον
1070 2782 1529 2852 ποδαγριοῦντα.

284 2886 301 2918 ι
336 2866 599 2937 Λέξωμεν
626 2869 684 2920 δὲ
708 2868 894 2921 λοιπὸν
915 2870 1008 2922 καὶ
1039 2870 1138 2941 τὴν
1177 2872 1348 2942 ρῶσιν
1377 2873 1472 2925 τοῦ
1504 2874 1779 2944 σώματος,

205 2960 274 3014 δι’
320 2960 521 3029 ὀλίγων
569 2960 662 3014 τὸν
716 2960 873 3029 λόγον
927 2961 1266 3033 ποιούμενοι.
1296 2964 1433 3017 Μετ’
1487 2965 1674 3035 ὀλίγας
1722 2968 1781 3021 δὲ

1896 1827 1914 1861 ι
1954 1810 2281 1864 conclusum
2346 1820 2451 1872 est,
2508 1824 2699 1865 eorum
2751 1825 2875 1880 quae
2934 1812 3048 1865 visa
3106 1822 3261 1871 sunt,
3328 1812 3462 1866 faxit

1896 1920 1915 1953 ι
1956 1901 2098 1956 Deus
2127 1911 2184 1955 ut
2218 1903 2506 1973 contingat
2532 1905 2716 1957 exitus
2743 1922 2756 1958 :
2782 1905 3081 1974 statimque
3125 1920 3463 1975 quocunque

1894 2013 1913 2047 ι
1949 1994 2183 2064 jubetis,
2211 2009 2434 2065 sequor.
2476 2013 2495 2047 ›
2535 1994 2779 2050 Posthac
2820 2011 3019 2052 omnes
3057 2005 3459 2063 surrexerunt,

1888 2086 2201 2158 positisque
2247 2088 2486 2159 genibus
2539 2097 2882 2153 oraverunt,
2925 2099 3230 2159 sanctaque
3277 2089 3461 2144 Evan-

1886 2179 2049 2249 gelia,
2087 2180 2394 2250 pretiosam
2422 2194 2672 2246 crucem,
2708 2188 2762 2235 et
2792 2179 2923 2236 Jesu
2957 2182 3166 2237 Christi
3202 2182 3460 2237 Salvato-

1887 2270 1985 2334 ris,
2015 2277 2225 2324 sanctae
2259 2284 2482 2340 quoque
2515 2268 2613 2324 Dei
2645 2268 2966 2334 Genitricis,
3003 2287 3124 2341 qua:
3155 2273 3341 2343 ipsum
3367 2288 3456 2344 pe-

1886 2359 2051 2430 perit,
2087 2360 2388 2429 imaginem
2442 2359 2649 2430 singuli
2679 2359 2991 2416 deosculati
3028 2374 3179 2428 sunt,
3216 2364 3460 2419 admotis

1886 2454 2170 2517 manibus,
2198 2468 2298 2523 pro
2333 2452 2579 2518 illorum,
2607 2468 2732 2523 quae
2765 2454 3083 2510 interlocuti
3114 2464 3298 2522 erant,
3324 2471 3455 2512 cono

1885 2550 2221 2605 tinnatione.
2259 2569 2277 2602 ι

1882 2641 2068 2696 Sancti
2095 2642 2395 2707 Sophronii.
2424 2642 2497 2697 Dc
2521 2643 2793 2696 miraculis
2818 2652 3124 2697 sanctorum
3160 2650 3456 2707 martyrum

1952 2711 2080 2832 Piri
2110 2725 2157 2765 et
2184 2712 2448 2777 Joannis;
2478 2714 2541 2766 de
2572 2713 2846 2767 Theodoro
2873 2712 3196 2767 subdiacono
3220 2711 3456 2782 podagra

1974 2799 2005 2834 α
2044 2794 2247 2835 orante.

1956 2890 1976 2924 ι
2017 2871 2280 2943 Deinceps
2308 2882 2519 2936 autem,
2550 2887 2658 2941 qua
2694 2856 2909 2925 ratione
2934 2870 3199 2925 valetudo
3231 2870 3454 2941 corpori

1882 2977 2147 3019 concessa
2190 2964 2397 3027 fuerit,
2457 2964 2701 3018 dicimus
2748 2962 2965 3031 paucis.
3019 2962 3247 3032 Aliquot
3298 2961 3456 3017 hisce

204 3052 409 3115 ταύτας
432 3053 535 3115 τὰς
565 3052 777 3123 ἡμέρας
807 3052 1088 3119 ἐκάθευδε,
1108 3052 1204 3107 καὶ
1230 3054 1395 3108 πάλιν
1425 3058 1780 3128 παρεστῶτας

1891 3054 2179 3110 transactis
2199 3054 2419 3116 diebus.
2448 3067 2576 3107 cum
2612 3052 2703 3105 ille
2733 3052 3026 3117 dormiret,
3057 3059 3305 3106 astantes
3333 3065 3457 3105 rur-

205 3143 390 3214 βλέπει
429 3143 559 3208 τοὺς
606 3144 913 3216 μάρτυρας,
955 3144 1053 3199 καὶ
1093 3146 1403 3201 συνοδεύειν
1432 3148 1613 3215 αὐτοῖς
1654 3152 1777 3203 ἑπι-

202 3236 516 3300 τάττοντας.
558 3235 619 3289 Ὀ
645 3235 703 3289 δὲ
755 3235 908 3305 σφίσι
940 3236 1350 3311 προθυμότερον
1380 3240 1586 3296 εἵπετο.
1624 3242 1777 3314 "nos:

201 3328 312 3399 γὰρ
340 3327 442 3380 οὐκ
467 3326 696 3397 ἀκερδὲς
724 3327 787 3378 τδ
824 3326 937 3389 τοῖς
963 3327 1139 3396 ἁγίοις
1171 3329 1518 3384 συνέπεσθαι.
1563 3332 1778 3386 Ἐλθόν-

195 3436 292 3483 τες
326 3417 421 3471 οὖν
445 3419 524 3481 εἰς
550 3418 677 3471 ναὸν
709 3415 1002 3489 Ἑλλήνων,
1029 3418 1107 3489 τῷ
1138 3419 1235 3489 μὲν
1268 3420 1395 3474 εῖδει
1427 3421 1660 3492 φοϐερὸν
1684 3423 1776 3477 καὶ

200 3509 622 3581 ὑπέρλαμπρον,
657 3508 736 3580 τῷ
772 3509 833 3562 δὲ
869 3508 993 3580 ὕψει
1034 3510 1144 3563 τῶν
1183 3512 1438 3582 οὐρανῶν
1466 3514 1645 3568 αὐτῶν
1676 3515 1775 3583 ἑφ-

199 3601 539 3671 απτόμενον’
592 3602 687 3653 καὶ
742 3600 875 3653 εῐσω
930 3599 1122 3654 τούτου
1165 3602 1483 3674 γενόμενοι,
1513 3605 1777 3675 μεγίστην

197 3694 390 3746 εἰκόνα
448 3692 544 3744 καὶ
602 3690 911 3761 θαυμασίαν
961 3691 1302 3763 ἐϐλέπομεν,
1345 3696 1512 3763 μέσον
1553 3696 1632 3759 δὲ,
1684 3698 1776 3749 τὸν

193 3774 477 3853 Δεσπότην
506 3784 739 3855 Χριστὸν
775 3784 1160 3854 γεγραμμένον
1191 3784 1480 3855 χρώμασιν
1523 3786 1775 3857 ἔχουσαν,

191 3874 295 3945 τὴν
326 3874 624 3929 Δέσποιναν
644 3874 906 3929 Θεοτόκον
934 3877 1104 3930 εύώνυ
1113 3893 1231 3946 μον,
1256 3877 1350 3930 καὶ
1375 3876 1569 3944 δεξιὸν,
1598 3880 1778 3933 Ἰωάν-

191 3986 294 4040 νην
326 3968 418 4022 τὸν
449 3967 789 4040 Βαπτιστὴν,
818 3968 908 4021 τὸν
940 3970 1003 4021 ὲκ
1031 3967 1239 4031 κοιλίας
1274 3970 1641 4038 σκιρτήμασιν
1673 3960 1775 4024 αδύ-

185 4061 283 4114 τὸν
330 4060 785 4131 προμηνύσαντα,
820 4061 966 4124 ἐπεὶ,
1008 4060 1103 4112 καὶ
1133 4059 1308 4113 λαλῶν
1351 4060 1498 4113 ἔνδον
1536 4060 1634 4126 ὢν,
1674 4063 1776 4116 οὐκ

184 4152 429 4219 ἠκούετο
447 4170 459 4182 ·
480 4148 572 4205 καί
596 4169 746 4214 τινας
774 4151 869 4204 τοῦ
892 4151 999 4206 τῶν
1020 4151 1336 4206 ἀποστόλων
1358 4153 1455 4206 καὶ
1481 4154 1775 4223 προφητῶν

182 4242 412 4305 ἐνδόξου
442 4240 627 4312 χοροῦ,
657 4242 870 4312 καὶτῆς
899 4241 1243 4312 μαρτυρικῆς
1275 4242 1622 4313 όμηγύρεως,
1654 4243 1772 4315 μεθ’

178 4327 261 4386 ὧν
287 4334 561 4402 ἐτύγχανε
606 4333 788 4404 Κύρος
841 4334 939 4386 καὶ
973 4334 1227 4402 Ἰωάννης
1274 4335 1322 4385 οἰ
1372 4334 1668 4405 μάρτυρες,
1721 4336 1770 4387 οἱ

179 4423 299 4494 πρὸ
354 4423 456 4491 τῆς
509 4422 718 4486 εἰκόνος
760 4423 1061 4492 ἱστάμενοι,
1105 4422 1183 4481 τῶ
1215 4424 1463 4496 Δεσπότῃ
1507 4425 1769 4493 προσέπι-
1804 4404 1845 4458 D

176 4531 353 4579 πτον,
373 4513 574 4582 γόνατα
616 4513 979 4584 κάμπτοντες,
1012 4515 1106 4567 καὶ
1138 4514 1237 4576 τὰς
1265 4514 1508 4582 κεφαλὰς
1544 4515 1624 4578 εἰς
1650 4516 1770 4568 ἔδα-

175 4622 287 4673 φος
338 4602 654 4667 τύπτοντες,
703 4605 797 4655 καὶ
847 4606 975 4675 περὶ
1027 4603 1127 4673 τῆς
1183 4604 1278 4657 τοῦ
1306 4604 1429 4656 νέου
1475 4604 1769 4676 θεραπείας

175 4694 613 4766 πρεσϐεύοντες.
657 4693 843 4747 Ταῦτα
868 4695 923 4747 δὲ
946 4691 1015 4764 ἦν
1043 4697 1113 4748 τά
1136 4697 1234 4766 τῆς
1264 4696 1560 4767 πρεσϐείας
1592 4698 1767 4770 ῥήμα-

170 4804 279 4841 τα’
318 4786 606 4839 «Δέσποτα
640 4786 1012 4856 φιλάνθρωπε,
1051 4787 1294 4851 κελεύεις
1321 4787 1501 4857 δῶμεν
1532 4790 1628 4845 καὶ
1646 4789 1769 4842 τού-

164 4896 259 4949 τῳ
286 4876 395 4949 τὴν
432 4876 605 4931 ῐασινο
645 4899 663 4929 ›
705 4879 767 4930 Ut
797 4877 873 4942 δὲ,
916 4877 1175 4941 πολλάκις
1205 4881 1284 4941 εἰς
1326 4878 1430 4948 γῆν
1461 4881 1771 4951 προσκυνή-

1882 3160 2002 3200 sum
2031 3152 2301 3216 martyres
2336 3143 2506 3208 videt,
2534 3142 2631 3213 qui
2663 3142 2770 3198 sibi
2804 3150 2863 3196 ut
2912 3152 3240 3211 sequeretur
3276 3143 3452 3213 impe-

1881 3236 2105 3291 rabant.
2160 3236 2257 3290 Ille
2312 3249 2442 3289 vero
2508 3242 2706 3305 sponte
2781 3234 3140 3305 sequebatur.
3209 3232 3454 3288 Noverat

1880 3331 2026 3386 enim
2062 3338 2329 3401 quantum
2366 3329 2505 3383 lucri
2533 3338 2760 3383 sanctos
2798 3325 3116 3381 comitando
3160 3332 3450 3395 perceptu-

1880 3438 1976 3477 rus
2004 3429 2177 3477 esset.
2212 3419 2501 3490 Templum
2525 3433 2656 3487 ergo
2679 3419 2993 3490 gentilium,
3021 3420 3204 3487 specie
3228 3417 3449 3487 quidem

1878 3510 2334 3579 augustissimum
2368 3508 3028 3578 splendidissimumque,
3067 3508 3448 3576 magnitudine

1877 3617 2009 3656 vero
2040 3601 2108 3655 ad
2138 3602 2310 3656 caelos
2358 3602 2704 3670 pertingens,
2734 3601 3001 3654 adeuntes
3037 3609 3091 3652 et
3139 3599 3449 3669 ingredien-

1878 3700 1982 3753 tes,
2025 3705 2308 3761 proceram
2339 3700 2395 3743 et
2426 3691 2810 3743 admirabilem
2842 3690 3211 3742 cernebamus
3252 3688 3451 3757 imagi-

1876 3796 2027 3843 nem,
2096 3794 2219 3849 qua:
2273 3778 2517 3831 medium
2580 3778 2801 3847 quidem
2838 3776 3125 3831 Christum
3171 3777 3450 3833 coloribus

1877 3870 2244 3926 deformatum
2273 3868 2599 3933 exhiberet;
2629 3867 3017 3922 sinistrorsum
3047 3879 3227 3921 autem
3261 3866 3449 3923 Domi-

1877 3978 2002 4016 nam
2044 3960 2136 4015 Dei
2176 3959 2552 4027 Genitricem;
2604 3959 2960 4013 dextrorsum
2996 3974 3126 4014 vero
3174 3958 3448 4015 Joannem

1876 4054 2211 4124 Baptistam,
2242 4049 2338 4121 qui
2390 4051 2445 4105 in
2502 4059 2661 4105 utero
2711 4052 2908 4105 matris
2939 4051 3227 4106 exsultans
3264 4053 3447 4121 ipsum

1876 4144 2240 4207 indicaverat,
2267 4155 2394 4194 cum
2434 4156 2535 4193 vox
2574 4139 2750 4209 ipsius
2778 4141 2931 4194 intus
2963 4140 3241 4210 loquentis
3274 4156 3448 4195 exau-

1875 4237 1981 4292 diri
2031 4251 2141 4289 non
2194 4241 2382 4304 posset
2412 4251 2425 4287 :
2460 4233 2760 4287 nonnullos
2801 4241 3067 4301 praeterea
3108 4248 3172 4287 ex
3206 4232 3447 4303 glorioso

1878 4334 2255 4404 apostolorum
2317 4338 2371 4385 et
2412 4330 2803 4399 prophetarum
2852 4328 3023 4383 choro
3052 4367 3066 4389 ,
3120 4344 3331 4384 net-non
3380 4345 3447 4383 ex

1875 4434 2019 4481 coetu
2047 4432 2372 4489 martyrum,
2401 4421 2545 4475 inter
2572 4434 2713 4490 quos
2735 4427 2897 4474 erant
2925 4419 3103 4491 Cyrus
3125 4429 3179 4475 et
3206 4419 3447 4475 Joannes

1877 4525 2174 4586 martyres.
2213 4513 2279 4569 Hi
2310 4528 2497 4569 coram
2530 4513 2768 4582 imagine
2798 4521 3069 4575 astantes,
3100 4512 3255 4568 ﬂexis
3285 4514 3446 4583 geni-

1875 4606 2003 4668 bus,
2037 4606 2088 4659 in
2125 4604 2320 4660 faciem
2364 4618 2555 4658 coram
2610 4602 2842 4659 Domino
2875 4605 3027 4658 humi
3063 4605 3447 4674 prociderunt.

1876 4713 1977 4768 pro
2004 4697 2222 4764 juvenis
2245 4695 2563 4750 valetudine
2605 4695 3008 4764 supplicantes.
3045 4696 3102 4748 In
3138 4696 3253 4751 haec
3282 4711 3447 4765 porro

1875 4789 2043 4842 verba
2076 4786 2358 4842 orabant:
2405 4804 2424 4837 ι
2457 4785 2905 4841 Clementissime
2946 4784 3199 4851 Domine,
3242 4788 3443 4839 annuis

1884 4888 1943 4934 ut
1995 4880 2123 4933 huic
2181 4893 2399 4949 quoque
2457 4877 2750 4932 sanitatem
2794 4876 3130 4948 largiamur?
3168 4898 3186 4931 ι
3217 4878 3287 4934 At
3315 4894 3443 4933 cum

1706 5075 1937 5133 ΝΟΤᾹΞ.

278 5167 380 5245 φ)
401 5165 786 5245 Farrationem
813 5167 956 5224 hanc
990 5168 1256 5245 integram
1290 5169 1446 5245 habet
1478 5168 1607 5245 cod.
1638 5169 1769 5245 Reg.

1891 5173 2012 5245 παρ’
2058 5170 2202 5224 αύτὰ
2243 5170 2341 5240 τῆς
2367 5171 2572 5245 ,ἰάσεως
2604 5170 2837 5245 ⁸ξτυχεν·
2878 5170 3230 5245 Cum_ren‘us
3272 5175 3445 5245 crispa

154 5238 355 5300 2951,
398 5238 491 5311 fol.
523 5238 920 5311 2647additque
949 5260 962 5295 :
1005 5239 1078 5291 Τὸ
1104 5240 1161 5293 δὲ
1178 5238 1556 5311 ,ἀληθέστερον
1587 5238 1768 5309 ὑπάρ-

1891 5238 2146 5311 densaque
2172 5238 2319 5295 como
2351 5242 2530 5309 fuerit.
2590 5238 2852 5295 ﬂoccum
2901 5242 3225 5310 contigisset,
3271 5238 3445 5299 dival-

151 5325 299 5385 χειν
366 5307 523 5385 ούλὸν
559 5310 665 5385 ⁸καί
722 5307 1056 5385 πολύτριχα·
1097 5308 1293 5385 τούτου
1324 5307 1644 5385 γενομένου,
1675 5307 1769 5385 καὶ

1891 5307 2101 5381 tutaque
2132 5329 2321 5385 causa,
2351 5307 2413 5364 ob
2448 5312 2725 5385 inﬂictamr
2751 5314 2986 5385 plagam,
3021 5307 3204 5385 statim
3236 5317 3302 5366 ad
3334 5320 3444 5385 epi-

146 5377 277 5448 τῆς
323 5377 509 5450 αἰτίας
556 5377 1040 5450 θριαμϐευθείσης,
1089 5380 1194 5431 ὑπὸ
1238 5378 1338 5447 τῆς
1380 5380 1627 5448 ἀνάγκης
1671 5379 1767 5432 τοῦ

1891 5377 2091 5449 scopam
2123 5383 2431 5435 necessitate
2471 5377 2729 5449 compulsi
2752 5377 2919 5435 illum
2961 5382 3315 5445 adduxerunt,
3361 5377 3475 5438 ro-'

148 5448 474 5517 γεγονότος
499 5448 711 5524 πάθους
743 5448 1255 5524 συντόμωςῆγαγον
1283 5450 1443 5524 αὑτὸν
1477 5450 1614 5524 πρὸς
1647 5451 1767 5524 trti-

1891 5448 2056 5516 yantes
2085 5462 2155 5524 rut
2186 5453 2437 5524 'precions
2484 5448 2593 5506 suis
2626 5454 2919 5524 calamitati
2964 5454 3276 5507 mederetur.
3340 5456 3444 5520 Qui

150 5534 417 5594 στεοπον,
456 5517 758 5594 αἰτοῦντες,
996 5517 1094 5590 τὴν
1147 5517 1434 5594 συμφορὰν
1477 5517 1661 5594 λῦπαι.
1705 5520 1765 5594 _'O

1891 5539 1960 5575 eos
2002 5523 2091 5592 qui
2121 5517 2293 5594 sec'ttm
2319 5522 2543 5576 aderant
2582 5523 2802 5591 fundere
2841 5539 3012 5590 preces
3058 5525 3273 5593 jnbcns,
3320 5517 3437 5594 post

144 5590 289 5650 τοῖς
341 5587 591 5666 συνοῦσιν
632 5587 1427 5666 ἐπιτρέψας-προσεύξασθαι,
1475 5590 1608 5666 μετὰ
1664 5590 1766 5666 τὴν

1891 5587 2166 5666 irationem
2213 5587 2615 5666 Evangeliorum
2650 5587 2878 5649 codicem
2914 5595 2957 5646 ei
2999 5587 3267 5666 imposuit.
3295 5587 3436 5651 mox-

148 5658 504 5728 προσευχὴν
545 5657 814 5730 ἐπέθηκεν
840 5658 989 5727 αὐτῷ
1017 5657 1084 5712 τά
1132 5659 1253 5712 θεῖα
1300 5659 1632 5727 Εὐαγγέλια,
1669 5657 1764 5714 καὶ

1891 5678 1969 5729 yue
1995 5663 2157 5717 saluti
2180 5657 2457 5718 restitutus
2484 5666 2605 5734 fuit.
