3936 6174
440 33 459 65 ι
503 29 572 69 ne
599 11 951 82 despondeas
1004 8 1273 62 animum.
1313 5 1452 61 Nam
1499 21 1628 76 erga
1675 16 1726 60 tc
1761 19 2011 75 prorsus,

2123 29 2140 61 ι
2179 10 2316 80 πρὸς
2345 12 2552 72 πάντας
2575 9 2993 81 χρηστεύεται.)
3011 10 3123 62 Kal
3150 9 3562 72 διαναστάντες
3591 11 3709 65 ὡσεὶ

442 125 460 159 ι
503 107 585 161 uti
613 121 742 176 erga
771 116 964 158 omnes
994 115 1055 156 se
1087 101 1383 171 benignum
1433 99 1721 170 praebebit.
1763 117 1781 150 ι
1827 96 2015 166 itaque

2135 99 2316 172 ιικρὸν
2349 98 2648 170 ἡμιὼριον,
2695 100 2795 152 xal
2841 99 3007 154 πάλιν
3058 98 3418 164 ἀπελθόντες,
3477 99 3706 154 idiom

436 199 596 270 quasi
657 194 951 252 semihorae
989 192 1180 262 elapso
1235 191 1439 261 spatio,
1478 200 1775 260 surgentes
1815 191 2013 243 iterum

2135 196 2228 247 {al
2254 194 2414 247 πάλιν
2443 195 2738 263 ἄπρακτοι,
2765 192 2954 262 φησὶν,
2978 191 3404 261 ἀνακάμπτουσι
3439 193 3710 261 κατηφεῖς

436 292 745 348 redierunt,
778 285 1352 356 supplicaveruntque
1380 323 1395 347 ,
1428 281 1524 336 sed
1561 297 1782 336 rursum
1816 288 2016 336 mmsto

2135 284 2214 337 tal
2233 283 2517 354 ὀλίγωροι,
2550 284 2625 347 ὠς
2649 283 2710 336 τὸ
2734 273 3002 354 πρότερον
3023 282 3119 336 τοῦ
3151 284 3429 337 Δεσπότου
3469 284 3524 336 Χ
3533 283 3717 354 pta-tui.

436 382 761 452 dejectoque
807 376 988 442 vultu,
1034 383 1092 428 ut
1141 381 1304 436 ante,
1353 387 1415 426 re
1449 371 1656 426 infecta
1708 371 2013 434 redierunt,

437 475 674 530 Domino
715 482 1066 539 nequaquam
1112 466 1486 532 concedente;
1532 465 1884 535 regressique
1922 471 2015 517 ea-

437 566 562 622 dem
595 562 762 634 388
794 559 1139 615 renuntiant.
1179 555 1365 611 Tertio
1392 569 1521 610 vero
1553 554 1972 626 proﬁciscentes
1998 569 2014 606 :

443 677 462 710 ι
506 656 681 716 Βοηο,
723 650 1003 721 inquiunt,
1045 649 1234 702 animo
1283 655 1426 703 esto.
1482 647 1643 701 Modo
1692 647 1840 702 enim
1887 661 2018 716 gras-

441 766 462 801 ι
499 749 632 802 tiam
684 741 1144 812 impetrabimus;
1198 739 1296 794 sed
1342 747 1396 792 tu
1431 753 1678 808 quoque,
1721 737 1866 793 sicut
1917 752 2020 793 nos

441 857 462 891 ι
501 837 868 908 deprecantes
897 832 1106 897 cernis,
1139 830 1433 886 nobiscum
1484 830 1670 884 itidem
1700 828 2018 899 procidens,

439 950 461 983 ι
505 928 804 984 Dominum
833 923 1069 994 supplex
1108 924 1323 978 invoca.
1368 941 1386 974 ι
1429 921 1622 976 Tertio
1665 921 1908 990 denique
1954 920 2018 975 ad

438 1018 738 1090 imaginem
801 1012 1154 1079 accedentes,
1210 1012 1402 1069 eodem
1464 1013 1652 1067 habitu
1713 1011 2022 1082 iisdemque

437 1110 625 1165 verbis
656 1114 985 1162 oraverunt.
1016 1105 1265 1174 Cumque
1295 1102 1391 1157 diu
1425 1103 1837 1174 supplicassenl
1863 1143 1877 1166 ,
1917 1102 2021 1156 hu-

438 1201 626 1270 mique
657 1199 921 1270 prostrati
944 1199 1049 1252 hoc
1080 1195 1432 1252 solummodo
1465 1195 1790 1260 clamarent,
1815 1215 1832 1246 ι
1862 1193 2020 1258 lube,

437 1292 694 1356 Domine,
728 1309 748 1344 ι
788 1290 1050 1347 Christus
1076 1289 1300 1344 tandem
1331 1289 1692 1344 miseratione
1735 1296 1922 1343 motus
1956 1304 2023 1343 ex

439 1384 684 1455 imagine
717 1383 862 1438 dixit
901 1401 916 1438 :
969 1399 989 1434 ι
1036 1381 1104 1435 Et
1143 1379 1248 1451 ipsi
1284 1395 1508 1452 quoque
1540 1379 1786 1434 tribuite.
1827 1398 1846 1432 ι
1882 1377 2021 1432 Tum

439 1484 714 1547 martyres
775 1488 807 1528 a
867 1481 1014 1529 terra
1081 1480 1412 1544 surgentes,
1478 1471 1722 1542 primum
1795 1469 2021 1542 quidem

439 1562 666 1618 Christo
693 1561 900 1634 gratias
931 1571 1187 1634 egerunt,
1225 1561 1382 1632 quod
1400 1562 1837 1632 postulationem
1867 1575 2022 1617 suam

438 1653 844 1711 exaudivisset.
894 1673 914 1707 ι

440 1765 630 1823 Sancti
665 1767 939 1821 Anastasii
967 1783 1000 1820 a
1043 1775 1226 1821 sancto
1279 1764 1464 1820 Monte
1512 1765 1666 1830 Sina,
1719 1766 1776 1819 in
1830 1780 2024 1822 novam

656 1837 994 1892 Dominicam
1027 1847 1077 1891 et
1111 1837 1165 1890 in
1200 1837 1459 1894 Thomam
1491 1836 1817 1906 apostolum.

519 1989 673 2061 “Qui
696 1989 986 2045 Christum
1019 1989 1075 2044 in
1111 2005 1277 2046 sarne
1309 1990 1746 2056 contuebantur,
1782 1989 2025 2061 prophe-

440 2090 556 2139 tam
586 2084 739 2138 illum
771 2097 894 2139 esse
922 2083 1318 2138 existimabant
1342 2102 1356 2139 :
1385 2097 1488 2140 nos
1517 2091 1705 2139 autem
1727 2083 1820 2154 qui
1846 2083 2024 2154 ipsum

442 2187 554 2229 nou
585 2173 878 2238 videmus,
913 2187 1041 2226 mox
1072 2187 1102 2226 a
1133 2174 1346 2229 teneris
1383 2173 1669 2244 unguibus
1700 2172 1863 2245 pueri
1894 2172 2029 2227 ado-

441 2265 850 2335 lescentulique
885 2264 1084 2328 Deum,
1118 2264 1437 2329 Dominum,
1479 2266 1943 2334 omnipotentem,
1972 2271 2029 2319 et

443 2357 770 2410 saeculorum
802 2355 1636 2426 effectorem,splendoremque
1655 2356 1836 2410 Patris
1871 2371 2027 2410 eum-

441 2453 566 2505 dem
595 2465 720 2504 esse
748 2451 1097 2506 conﬁtemur.
1130 2451 1222 2506 Sic
1247 2453 1396 2507 enim
1443 2453 1738 2522 Evangelia
1765 2468 1890 2507 cum
1925 2453 2028 2510 ﬁde

443 2541 850 2605 auscultamus,
884 2557 949 2597 ac
977 2543 1023 2598 si
1057 2544 1358 2613 ipsummet
1387 2543 1674 2600 Christum
1703 2545 2022 2616 loquentem

443 2645 824 2686 cerneremus.
874 2629 1295 2686 Immaculatam
1351 2632 1480 2688 item
1530 2633 1787 2702 corporis
1847 2632 2024 2702 ipsius

444 2721 807 2791 margaritam
837 2728 1145 2785 sumentes,
1199 2722 1351 2776 illum
1387 2723 1570 2792 ipsum
1601 2723 1885 2778 Christum
1922 2735 2026 2776 nos

442 2821 666 2884 gestare
695 2813 1103 2868 existimamus.
1139 2811 1286 2880 Quin
1318 2813 1484 2867 etiam
1529 2813 1576 2868 si
1626 2813 1875 2868 divinam
1904 2812 2026 2883 ejus

445 2903 660 2974 pictura
691 2902 1080 2956 tantummodo
1115 2901 1483 2958 deformatam
1521 2901 1753 2972 eﬂigiem
1804 2903 2026 2972 conspi-

443 2995 679 3058 ciamus,
711 3001 976 3064 tanquam
1010 2995 1124 3064 ipse
1161 3009 1261 3050 nos
1295 3010 1325 3049 e
1356 2995 1505 3049 caelo
1532 2996 1840 3058 intueatur,
1876 2993 2025 3047 arbi-

444 3093 684 3148 tramur,
707 3091 871 3154 atque
899 3083 1260 3153 procidentes
1305 3086 1625 3138 adoramus.
1657 3082 1851 3153 Magna
1876 3095 2025 3138 nunc

443 3186 528 3231 est
562 3177 696 3232 ﬁdes
730 3175 966 3231 Christi.
1008 3194 1027 3228 ι

448 3290 536 3346 Ea:
610 3289 727 3344 Vita
796 3291 971 3344 sancti
1035 3290 1241 3344 abbatis
1297 3289 1580 3354 Danielis,
1643 3287 1722 3343 De

1118 3360 1373 3429 (apicida.

523 3468 546 3504 ι
579 3451 736 3506 Tunc
764 3466 1003 3507 nimrens
1033 3453 1123 3506 ille
1167 3453 1454 3515 discessit,
1499 3467 1672 3521 seque
1703 3465 1892 3505 coram
1929 3451 2020 3505 llei

445 3545 752 3600 Genitricis
789 3545 1028 3614 imagine
1061 3551 1444 3614 prosternens,
1472 3557 1596 3598 cum
1635 3543 1845 3613 eiulatu
1876 3542 2023 3598 dicc-

447 3639 542 3694 bat
592 3655 606 3691 :
666 3637 918 3703 Domine,
986 3635 1138 3708 quod
1189 3636 1406 3691 homini
1454 3635 1548 3692 isti
1600 3636 1896 3708 spOpondi,
1937 3635 2022 3689 fac

447 3731 680 3785 solvam.
729 3750 748 3782 ι
1872 3723 1874 3726 ’

729 3823 814 3876 Em
855 3823 974 3877 Vita
998 3834 1197 3877 sancta:
1224 3819 1420 3876 Maria:
1448 3819 1738 3892 λΕέῙυριὲαε.

520 3931 542 3964 ‹
577 3913 714 3968 Cum
753 3915 919 3985 igitur
951 3917 1214 3984 lugerem,
1241 3929 1412 3984 supra
1444 3913 1627 3967 locum
1659 3913 1712 3966 in
1745 3927 1856 3980 quo
1890 3923 2022 3965 con-

447 4005 699 4060 ititeram
727 4044 742 4068 ,
777 4013 986 4060 sancta:
1024 4006 1115 4060 Dei
1159 4005 1460 4059 Gcnitricis
1513 4003 1808 4074 imaginem
1851 4003 2021 4056 collo-

445 4105 629 4149 catam
678 4099 1000 4168 conspicio,
1046 4099 1249 4166 hisque
1281 4113 1401 4152 eam
1437 4097 1709 4164 compello
1741 4096 2024 4150 sermoni-

449 4191 635 4243 huszc
678 4189 846 4260 Virgo
879 4190 973 4246 Dei
1026 4190 1302 4255 Genitrix,
1356 4188 1611 4249 Domina,
1663 4201 1787 4256 quae
1851 4185 2022 4241 Deum

452 4298 472 4334 ι
518 4278 752 4334 Verbum
802 4283 856 4335 in
910 4296 1075 4336 carne
1114 4281 1410 4350 peperi/sti,
1452 4277 1568 4331 scio
1597 4278 1870 4347 equidem,
1909 4279 2025 4332 scio

1797 3287 2023 3359 Eulogio

2058 3372 2110 3434 υ

2121 381 2196 452 μὴ
2227 378 2603 437 κελεύσαντος.
2654 375 2769 429 Kal
2797 372 2976 428 ταῦτά
3021 389 3112 444 μοι
3139 372 3301 427 πάλιν
3345 372 3622 436 ἐλθόντες
3651 375 3721 426 εἰ·

2121 471 2372 542 ρήκασιν.
2406 467 2480 520 Τὸ
2505 465 2690 535 τρίτον
2711 464 2770 518 δὲ
2800 462 3178 534 πορευόμενοι·
3215 481 3235 512 ι
3265 461 3509 533 Θάρρει,
3540 460 3722 528 λέγου-

2124 579 2143 612 ι
2179 576 2292 614 σιν·
2319 557 2415 614 νῦν
2441 557 2553 628 γὰρ
2580 557 2682 626 τὴν
2712 556 2873 625 χάριν
2905 554 3126 618 πάντως
3156 552 3559 623 λαμϐάνομεν·
3589 552 3724 604 ἀλλὰ

2127 672 2146 704 ι
2180 653 2276 706 καὶ
2308 653 2396 715 σὺ,
2430 649 2621 718 ὥσπερ
2661 649 2809 718 ἡμᾶς
2836 647 2971 718 ὁρᾷς
3018 644 3390 708 ἱκετεύοντας,
3432 644 3551 696 σὺν
3593 645 3724 714 ἡμῖν

2049 702 2094 757 Β
2528 702 2812 809 Asia-1:311};
2845 702 3083 795 ιιιέτευε.
3126 755 3146 790 ι
3178 735 3291 790 Kal
3515 702 3726 806 ἐίο

2125 837 2260 891 κόνα
2286 835 2346 888 τὸ
2370 833 2556 906 τρίτον
2594 832 2883 902 γενόμενοι
2923 832 3040 892 τοῖς
3085 828 3430 900 προλαϐοῦσι
3494 830 3723 898 τρόποις

2122 928 2365 1003 ἐχρῶντο
2389 927 2484 979 καὶ
2523 925 2758 996 ῥήμασι.
2789 922 2901 976 Kal
2930 922 3006 986 ὡς
3045 921 3196 991 ὥραν
3236 919 3450 990 πολλὴν
3494 920 3723 989 ἐδεήθη-

2124 1039 2253 1085 σαν,
2287 1021 2383 1073 καὶ
2417 1019 2567 1073 κάτω
2598 1017 2863 1091 κείμενοι,
2897 1014 2978 1079 τὸ,
3015 1032 3034 1065 ι
3072 1013 3354 1080 Κελεύεις,
3385 1013 3674 1072 Δέσποτα,
3700 1031 3718 1065 ι

2127 1115 2287 1186 μόνον
2317 1097 2622 1182 ἀνέίιραζον
2645 1149 2660 1172 ,
2684 1109 2806 1162 τότε
2839 1109 2868 1161 ό
2893 1106 3129 1178 Χριστὸς
3161 1104 3635 1176 σπλαγχνισθεὶς,
3653 1105 3726 1169 ὡς

2123 1205 2447 1276 οἰκτίρμων,
2483 1220 2502 1254 ι
2546 1201 2657 1254 Kal
2708 1199 2829 1252 δότε
2887 1194 3056 1267 αὐτῷ,
3093 1214 3114 1249 ι
3155 1195 3295 1268 πρὸς
3347 1196 3454 1266 τῆς
3510 1196 3728 1258 εἰκόνος

2125 1295 2526 1365 ἀπεφθέγξατο.
2560 1291 2672 1346 Kal
2694 1288 2940 1361 χαμόθεν
2967 1287 3300 1350 ἀναστάντες
3317 1288 3370 1341 οε
3402 1287 3730 1357 μάρτυρες,

2125 1388 2341 1460 πρῶτον
2367 1387 2468 1458 μὲν
2499 1384 2868 1456 ηὐχαρίστουν
2897 1380 3127 1452 Χριστῷ
3155 1381 3237 1453 τῷ
3271 1379 3389 1452 Θεῷ
3412 1379 3622 1454 ἡμῶν,
3650 1378 3729 1440 ὥς

2123 1480 2222 1550 τῆς
2247 1478 2488 1552 δεήσεως
2521 1476 2703 1535 αὐτῶν
2731 1471 3126 1532 ὲπακούσαντι.
3166 1491 3186 1524 ι

2131 1773 2244 1829 Τοῦ
2265 1771 2437 1842 ἁγίου
2459 1768 2864 1842 ’ᾼναᾳτασὶου
2889 1765 2996 1819 τοῦ
3022 1765 3198 1842 dflth
3221 1763 3408 1842 ὅρους
3434 1760 3622 1842 Σμνᾶ,
3639 1762 3726 1842 εις

2197 1834 2324 1910 thr.
2351 1839 2574 1908 καινὴν
2600 1836 2932 1907 Κυριακὴν,
2965 1836 3065 1890 καὶ
3102 1837 3190 1902 εις
3222 1834 3332 1888 τὸν
3363 1834 3728 1888 ἀπόστολον

2200 1910 2432 1982 Θωμᾶν.

2204 2024 2222 2056 ι
2261 2006 2324 2057 Οἱ
2359 2000 2666 2074 ἑωρακότες
2697 1997 2934 2072 Χριστὸν
2967 1999 3024 2051 ὲν
3068 1996 3254 2067 σαρκὶ,
3300 1995 3384 2059 ὡς
3423 1995 3727 2065 προφήτην

2129 2095 2290 2152 αὐτὸν
2340 2092 2522 2165 εἶχον·
2571 2092 2621 2146 οἱ
2665 2091 2740 2163 μὴ
2789 2088 3101 2163 ἑωρακότες
3143 2089 3350 2158 ἡμεῖς,
3401 2085 3643 2149 εύθέως,
3677 2084 3725 2145 ἐξ

2130 2187 2357 2244 ἁπαλῶν
2383 2187 2612 2256 ὀνύχων,
2648 2183 2856 2249 παῖδες,
2900 2182 2997 2236 καὶ
3031 2178 3334 2243 νεανίσκοι,
3356 2177 3504 2232 Θεὸν
3539 2177 3719 2239 αὐτὸν,

2129 2279 2508 2351 ὲξουσιαστὴν,
2555 2278 2651 2332 καὶ
2687 2273 3132 2346 παντοκράτορα,
3183 2273 3282 2325 καὶ
3333 2269 3456 2323 τῶν
3516 2270 3725 2324 αἰώνων

2129 2371 2382 2445 ποιητὴν,
2409 2370 2755 2439 ἀπαύγασμα
2787 2367 2884 2421 τοῦ
2924 2365 3142 2437 Πατρὺς
3183 2361 3606 2434 ὁμολογοῦμεν.
3643 2361 3723 2421 Ὠς

2126 2462 2236 2532 γὰρ
2269 2461 2432 2514 αὐτὸν
2463 2461 2672 2512 ἐκεῖνον
2713 2457 3001 2529 βλέποντες
3031 2453 3271 2525 Χριστὸν
3299 2452 3611 2513 λαλοῦντα,
3641 2449 3720 2504 οῦ-

2125 2571 2235 2613 τως
2263 2552 2371 2605 τῶν
2403 2548 2568 2604 αὑτοῦ
2589 2547 2939 2618 Εὑαγγελίων
2971 2545 3107 2617 μετὰ
3138 2545 3380 2608 πίστεως
3406 2543 3720 2614 ἀκούομεν·

2127 2642 2222 2695 καὶ
2265 2641 2357 2693 τὸν
2389 2640 2658 2711 ἄχραντον
2711 2636 3059 2708 μαργαρίτην
3111 2635 3206 2688 τοῦ
3248 2634 3424 2690 αὐτοῦ
3466 2633 3724 2702 σώματος

2127 2733 2434 2803 δεχόμενοι,
2473 2731 2641 2784 αὐτὸν
2665 2731 2875 2783 ἐκεῖνον
2906 2728 3201 2799 βαστάζειν
3227 2728 3323 2780 τὸν
3355 2725 3608 2795 Χριστὸν
3639 2741 3721 2778 νο-

2131 2823 2379 2897 μίζομεν.
2412 2822 2532 2877 Κᾶν
2557 2822 2718 2893 μόνον
2752 2819 2919 2874 αὑτοῦ
2959 2820 3101 2876 θεῖον
3136 2817 3474 2890 χαρακτῆρα
3510 2818 3718 2884 timeo

2127 2915 2382 2985 νισμὲνον
2430 2914 2652 2983 ῐδωμεν,
2707 2910 2784 2975 ὡς
2821 2909 2882 2976 ἐξ
2932 2909 3164 2983 οὐρανοῦ
3208 2911 3344 2981 ἡμῖν
3399 2907 3720 2973 ἀτενίζοντα

2128 3007 2449 3078 νομίζομεν,
2499 3002 2943 3073 προσκυνοῦμεν,
3002 3001 3457 3072 προσπίπτομεν.
3489 2999 3716 3068 Μεγάλη

2126 3096 2224 3152 νῦν
2255 3099 2288 3166 ἠ
2316 3097 2500 3159 πίστις
2531 3093 2627 3147 τοῦ
2654 3091 2915 3164 Χριστοῦ.
2943 3111 2961 3144 ι

2140 3299 2242 3351 Ἐκ
2281 3293 2388 3350 τοῦ
2423 3293 2570 3359 βίου
2608 3291 2718 3346 τοῦ
2758 3290 2910 3346 ἀδεᾶ
2950 3288 3198 3359 Δανιὴλ,
3227 3289 3370 3357 Περὶ
3416 3289 3723 3357 Eadm-(ou

2698 3363 2806 3417 τοῦ
2851 3362 3139 3432 λατόμου.

2205 3481 2223 3513 ι
2258 3459 2395 3513 Τότε
2445 3457 2795 3530 ὀλιγωρήσας
2842 3452 3090 3524 ἀπῆλθε,
3139 3453 3234 3505 καὶ
3291 3451 3465 3524 ῥίψας
3520 3453 3722 3507 ἑαυτὸν

2126 3548 2437 3622 ἔμπροσθεν
2459 3547 2560 3618 τῆς
2583 3546 2794 3608 εἰκόνος
2822 3545 2922 3614 τῆς
2949 3544 3239 3604 Θεοτόκου,
3262 3542 3405 3613 μετὰ
3431 3543 3725 3614 κλαυθμοῦ

2126 3643 2281 3710 ἔλεγε
2303 3657 2318 3672 ⁸
2353 3638 2551 3709 Κύριε,
2582 3637 2744 3692 λύσον
2772 3638 2871 3706 τὴν
2903 3635 3106 3706 ἐγγύην
3133 3635 3226 3688 τοῦ
3264 3633 3574 3706 ἀνθρώπου

2127 3752 2221 3788 του
2251 3733 2345 3786 ἀπ’
2376 3729 2530 3802 ἐμοῦ.
2564 3748 2584 3783 ι

2311 3823 2411 3878 Ἐκ
2441 3821 2548 3876 τοῦ
2582 3821 2730 3886 βίου
2771 3821 3002 3889 Μαρίας
3039 3821 3152 3888 τῆς
3179 3822 3541 3892 Αἰγυπτίας.

2201 3935 2220 3968 ι
2252 3915 2533 3968 κλαίουσα
2573 3914 2788 3976 τοίνυν,
2823 3913 2935 3983 ὁρῶ
2969 3913 3152 3966 ἐπάνω
3200 3911 3296 3965 τοῦ
3346 3913 3528 3967 τόπου
3593 3917 3656 3968 ὲν
3682 3909 3724 3985 ᾧ

2127 4005 2388 4075 ἱστάμην,
2426 4002 2524 4074 τὴν
2570 4002 2756 4055 εἰκόνα
2789 4003 2888 4069 τῆς
2927 4001 3089 4070 ἁγίας
3118 4001 3384 4054 Θεοτόκου
3439 4004 3719 4066 ἑστῶσαν,

2126 4098 2219 4150 καί
2245 4114 2388 4168 φημι
2415 4095 2552 4166 πρὸς
2580 4094 2754 4163 αὑτήν
2775 4108 2788 4122 ⁸
2824 4111 2842 4143 ‹
2869 4092 3135 4162 Παρθένε,
3159 4091 3390 4145 Θεοτόκε
3417 4094 3720 4156 Δέσποινα.

2131 4210 2150 4240 ε
2185 4191 2218 4259 ἡ
2261 4188 2353 4241 τὸν
2398 4185 2534 4240 Θεὸν
2577 4187 2751 4254 Λόγον
2793 4185 2931 4238 κατὰ
2981 4183 3159 4255 σάρκα
3195 4185 3553 4252 γεννήσασα,
3607 4183 3722 4240 οἶδα

2136 4303 2150 4331 ι
2192 4281 2311 4351 μὲν,
2356 4277 2497 4342 οἶδα,
2529 4279 2608 4342 ὡς
2642 4279 2742 4331 οὐκ
2790 4278 2940 4331 ἔστιν
2981 4276 3278 4346 εὐπρεπὲς,
3307 4275 3436 4330 οὐδὲ
3468 4277 3718 4344 εὔλογον,

2551 4383 2750 4394 .-.-.-Ᾱ....
2809 4383 2909 4394 -;...
2950 4383 3087 4394 ᾳὶιειιδ
3132 4383 3459 4394 -αδηα-Δι-Αιι
3507 4383 3616 4394 -ᾱ.-ι
