3928 6196
292 319 428 388 1417

1381 317 1479 380 DE
1518 317 1980 380 IMAGINIBUS
2013 315 2114 378 OB
2130 315 2297 376 ATIO
2335 313 2449 375 ΙΙῐ.

3397 311 3531 376 1418

293 451 314 486 ι
353 437 419 488 ὲκ
447 430 542 486 σοῦ
565 431 779 504 τεχθεὶς
811 433 966 500 Θεὸς,
991 433 1301 504 ἄνθρωπος,
1330 432 1478 496 ὅπως
1501 432 1708 504 καλέσῃ
1731 429 1855 495 τοὺς

1967 448 1986 482 ι
2026 431 2251 500 'puritas
2297 443 2387 484 me
2447 435 2709 496 tanquam
2769 421 3165 485 exsecrabilem
3220 437 3534 486 aversetur.

293 540 314 576 ι
353 523 715 594 ἁμαρτωλοὺς
737 524 818 586 εἰς
846 523 1158 592 μετάνοιαν,
1191 522 1460 594 βοήθησόν
1484 539 1595 593 μοι,
1621 525 1686 592 τῇ
1722 522 1859 592 μόνῃ

294 631 315 666 r
353 613 428 684 μὴ
455 611 654 684 ἐχούσῃ
682 613 804 667 τινὰ
827 612 1102 684 βοήθειαν.
1134 613 1417 679 Ἐπῐταξον
1447 613 1615 683 κάμοὶ
1643 629 1859 681 συγχω-

293 719 315 756 t
353 702 589 775 ρηθῆναι
624 704 724 773 τὴν
767 707 1008 760 εἴσοδον⁹
1050 707 1124 777 μὴ
1176 708 1448 776 στερήσῃς
1499 722 1564 773 με
1603 705 1664 757 τὸ
1706 704 1861 769 ξύλον

294 812 315 846 t
357 796 504 860 ἰδεῖν,
535 797 594 848 ἐν
621 788 666 864 ᾧ
697 797 840 851 κατὰ
871 798 1049 870 σάρκα
1089 797 1415 868 προσεπάγη
1455 799 1483 850 ὁ
1507 796 1636 859 Θεὸς
1665 797 1857 864 Λόγος.

295 906 314 941 ι
349 888 408 942 ὃν
433 889 758 960 ἐγέννησας·
793 888 851 953 δς
879 890 939 942 τὸ
974 885 1117 956 αἷμα
1137 889 1199 942 τὸ
1234 888 1364 941 ῐδιον
1397 890 1539 960 ὑπὲρ
1567 888 1702 960 ἐμοῦ
1731 888 1862 942 ἑδω-

295 997 314 1031 r
351 995 446 1034 κεν
467 979 806 1048 ἀντίλυτρον.
845 980 1149 1046 Ἐπίταξον,
1174 973 1219 1034 ὦ
1249 980 1534 1045 Δέσποινα,
1561 981 1728 1050 κάμοὶ
1761 981 1860 1050 τὴν

291 1086 312 1123 ι
347 1069 518 1140 θύραν
552 1068 866 1140 ἀνοιχθῆναι
896 1061 994 1138 τῆς
1037 1068 1189 1132 θείας
1215 1051 1309 1122 τοῦ
1343 1068 1577 1140 σταυροῦ
1621 1086 1858 1136 προσκυ-

293 1179 310 1212 r
347 1160 577 1230 νήσεως.
616 1159 726 1212 Καί
758 1175 817 1212 σε
857 1159 1050 1229 διδωμι
1093 1159 1170 1223 τῷ
1215 1160 1280 1213 ὲκ
1313 1159 1407 1212 σοῦ
1450 1159 1696 1230 τεχθέντι
1741 1160 1860 1230 Θεῷ

290 1269 310 1303 ι
348 1249 628 1320 ἐγγυητὴν
661 1247 978 1320 ἀξιόχρεων,
1004 1250 1080 1314 ὡς
1105 1250 1292 1303 οὐκέτι
1315 1250 1415 1321 τὴν
1447 1252 1629 1321 σάρκα
1656 1251 1860 1322 ταύτην

290 1360 310 1393 ι
349 1340 622 1412 ἔξυσρξσω
662 1341 729 1393 δι’
777 1341 1009 1412 αἰσχρᾶς
1054 1341 1375 1412 οἱασδήποτε
1435 1342 1660 1412 μίξεως.
1719 1342 1859 1396 Ἀλλ’

290 1452 311 1485 r
347 1434 511 1504 ὴνικα
540 1432 602 1485 τὸ
632 1433 788 1497 ξύλον
821 1433 914 1486 τοῦ
954 1433 1187 1505 σταυροῦ
1221 1434 1315 1487 τοῦ
1350 1434 1481 1486 Υἱοῦ
1514 1451 1608 1488 σου
1651 1434 1860 1488 θεάσω-

291 1541 310 1574 r
349 1541 468 1594 μαι,
499 1523 690 1593 κόσμῳ
728 1524 820 1576 καὶ
845 1527 960 1587 τοῖς
984 1527 1040 1576 ὲν
1069 1525 1259 1595 κόσμῳ
1294 1527 1458 1580 πᾶσιν
1499 1524 1702 1591 εὐθέως
1726 1529 1860 1581 ἀπο-

289 1635 307 1668 (
343 1616 642 1686 τάσσομαι,
691 1617 787 1670 καὶ
833 1617 1034 1670 αὐτίκα
1073 1617 1390 1688 ἐξέρχομαι,
1437 1618 1572 1672 ὅπου
1624 1620 1690 1672 ἂν
1719 1620 1857 1690 αὐτὴ

288 1727 308 1760 ι
345 1707 422 1771 ὡς
467 1707 746 1779 ἐγγυητὴς
784 1707 982 1778 ύπόθῃ,
1026 1709 1120 1761 καὶ
1174 1708 1446 1780 ὁδηγήσῃς
1478 1726 1566 1779 με.
1611 1729 1629 1761 ι
1672 1709 1858 1764 Ταῦτα

1967 538 1986 572 ι
2033 521 2258 584 Verum,
2293 519 2516 589 quando
2545 516 2711 582 Deus,
2749 519 2843 589 qui
2877 534 3098 574 carnem
3132 535 3199 575 ex
3240 530 3292 576 te
3340 537 3537 576 susce-

1967 630 1985 663 ι
2033 613 2137 681 pit,
2178 611 2386 666 idcirco
2419 611 2599 666 l'actus
2651 620 2735 666 est
2786 611 2983 674 homo,
3019 620 3076 664 ut
3107 620 3428 681 peccatores
3463 611 3529 666 ad

1968 721 1987 754 ι
2035 705 2421 774 pmnitentiam
2452 711 2698 768 vocaret,
2734 701 2935 771 adjuva
2979 717 3086 766 me,
3143 719 3352 773 quaeso,
3410 718 3533 774 quae

1967 813 1987 846 ι
2031 797 2148 850 sola
2169 810 2313 862 sum,
2336 795 2488 850 aliud
2515 804 2713 865 praeter
2737 802 2790 849 te
2813 795 3129 865 praesidium
3155 808 3264 849 non
3299 797 3527 851 habens.

1967 908 1985 940 ι
2034 888 2198 952 J-ube,
2233 898 2292 944 ut
2319 888 2448 943 mihi
2478 903 2704 959 quoque
2738 889 3026 959 ingressus
3060 896 3278 958 pateat;
3309 903 3412 943 nec
3445 904 3533 945 me

1966 998 1987 1033 ι
2031 989 2333 1050 conspectu
2369 981 2556 1050 prives
2593 980 2726 1050 ligni
2759 980 2930 1041 illius.
2969 980 3025 1036 in
3064 995 3174 1050 quo
3226 979 3530 1035 secundum

1966 1089 1984 1121 ι
2029 1084 2254 1125 carnem
2288 1069 2479 1125 alIixus
2509 1076 2594 1124 cst
2624 1067 2770 1124 Deus
2802 1067 3070 1135 Verbum,
3101 1085 3264 1138 quem
3289 1078 3346 1122 tu
3375 1084 3536 1138 pepe-

1966 1183 1984 1213 ε
2033 1162 2174 1229 risti,
2213 1161 2422 1232 quique
2449 1161 2735 1233 preprium
2774 1161 3171 1230 sanguinemin
3200 1161 3566 1228 redemptio-1

1965 1275 1984 1308 ι
2028 1259 2114 1312 nis
2147 1273 2281 1312 mete
2319 1259 2555 1326 pretium
2593 1254 2763 1310 dedit.
2797 1254 2969 1319 Jube,
3016 1253 3268 1318 Domina,
3305 1264 3361 1306 ut
3398 1253 3534 1307 mihi

1966 1366 1984 1399 ι
2028 1349 2257 1418 perinde
2293 1349 2358 1402 ad
2388 1348 2586 1402 divinae
2616 1347 2802 1401 erucis
2832 1346 3217 1401 adorationem
3262 1345 3409 1400 fores
3439 1359 3535 1414 pa-

1965 1457 1983 1490 ‹
2033 1448 2206 1494 tcant.
2238 1438 2495 1509 Teipsam
2537 1439 2645 1492 Deo
2673 1453 2736 1492 ex
2774 1447 2825 1492 te
2853 1437 3061 1507 genito,
3099 1446 3149 1491 te
3190 1437 3243 1489 in
3281 1436 3531 1504 locuple-

1966 1547 1984 1581 ι
2030 1529 2304 1584 tissimam
2361 1527 2598 1598 praedem
2649 1526 2834 1592 trado,
2878 1542 2964 1582 me
3013 1526 3278 1595 deinceps
3310 1539 3531 1578 carnem

1965 1639 1984 1672 ι
2031 1619 2176 1674 hanc
2220 1618 2376 1674 nullo
2426 1634 2659 1688 prorsus
2697 1620 2912 1688 impuro
2943 1619 3091 1671 coitu
3124 1632 3365 1687 unquam
3412 1632 3530 1669 ma-

1965 1729 1985 1763 ι
2031 1712 2364 1766 culaturam.
2403 1710 2662 1777 Quiuimo
2704 1711 2794 1765 ubi
2829 1710 3016 1765 crucis
3050 1707 3173 1764 Filii
3208 1709 3286 1761 tui
3324 1709 3528 1777 lignum

280 1773 661 1864 εἰποῦσα-,καὶ
697 1773 889 1870 ὥσπερ
917 1773 1039 1852 τινὰ
1089 1773 1489 1869 πληροςρορίανί
1513 1800 1755 1854 λαϐοῦσα
1795 1800 1855 1854 τὸ

1963 1823 1982 1856 ι
2030 1817 2403 1872 conspexero,
2452 1803 2659 1857 mundo
2706 1803 2894 1859 statim
2941 1811 2994 1856 et
3025 1801 3286 1856 omnibus
3319 1816 3442 1869 qua:
3475 1801 3528 1854 in

284 1889 382 1958 τῆς
411 1889 646 1953 πίστεως
677 1889 944 1960 ἔμπυρον,
966 1891 1033 1960 τῇ
1061 1889 1434 1961 εὐσπλαγχνίᾳ
1463 1892 1564 1961 τῆς
1590 1890 1854 1944 Θεοτόκου

283 1977 627 2050 θαρῤήσασα,
661 1979 795 2032 κινῶ
830 1980 1080 2050 ἐμαυτὴν
1111 1979 1168 2046 ἐξ
1212 1980 1421 2032 ἐκείνου
1452 1980 1546 2032 τοῦ
1575 1981 1762 2045 τόπου,
1798 1982 1856 2033 ὲν

280 2063 328 2138 ᾧ
358 2069 572 2124 ἑστῶσα
606 2071 906 2142 ἐποιούμην
929 2070 1027 2140 τὴν
1056 2071 1262 2142 δέησιν,
1290 2071 1382 2124 καὶ
1408 2070 1638 2142 ἔρχομαι
1670 2071 1852 2136 πάλιν,

281 2164 380 2216 καὶ
415 2165 530 2227 τοῖς
565 2161 829 2216 εἰσιοῦσιν
882 2163 1126 2234 ἐμαυτὴν
1160 2163 1518 2234 ὲγκατέμιξα.
1573 2164 1686 2216 Καὶ
1727 2165 1857 2217 οὐκ-

283 2254 364 2308 έτι
389 2249 685 2326 ἦνόώθῶν
747 2272 838 2326 με,
876 2255 969 2310 καὶ
1009 2256 1439 2327 ἀντωθούμενος,
1470 2257 1564 2310 καὶ
1605 2256 1780 2320 οὐδεὶς
1826 2257 1854 2308 ὁ

282 2345 508 2398 κωλύων
534 2345 626 2399 τοῦ
649 2345 874 2417 πλησίον
895 2348 1145 2416 γενέσθαι
1168 2365 1234 2418 με
1257 2347 1355 2418 τῆς
1379 2347 1569 2420 θύρας,
1596 2348 1664 2402 δι’
1683 2345 1749 2420 ἦς
1775 2351 1855 2413 εις

281 2437 374 2490 τὸν
408 2431 554 2490 οἷκον
575 2437 846 2510 εἰσῄεσαν.
880 2438 1109 2492 Ἔλαϐεν
1132 2438 1225 2492 οῦν
1259 2456 1328 2509 με
1347 2439 1513 2510 φρίκη
1541 2441 1632 2492 καὶ
1659 2439 1854 2493 ἔκστα-

284 2539 372 2591 σις
389 2529 482 2582 καὶ
511 2528 604 2598 ὅλη
633 2528 700 2582 δι’
719 2527 840 2582 ὅλου
867 2529 1328 2600 ὲκλονούμην,κα¹ι
1358 2530 1856 2602 ἕτρεμον.Ῥίψασα

281 2619 466 2672 τοίνυν
503 2618 748 2690 ἐμαυτὴν
792 2620 885 2672 ἐπὶ
922 2619 1022 2690 τῆς
1052 2619 1174 2688 γῆς,
1226 2619 1321 2674 καὶ
1372 2620 1431 2672 τὸ
1481 2621 1635 2690 ἅγιον
1679 2622 1857 2675 ἐκεῖνο

281 2712 711 2782 προσκυνήσασα
751 2707 976 2780 ἔδαφος,
1025 2708 1246 2779 ἔτρεχον
1284 2709 1536 2773 ἐξιοῦσα,
1574 2713 1667 2765 καὶ
1722 2712 1855 2783 πρὸς

279 2802 380 2872 τὴν
427 2800 848 2872 ὲγγυησαμένην
883 2801 1140 2869 γενέσθαι
1189 2802 1588 2867 σπουδάζουσα.
1625 2805 1854 2873 Γίνομαι

280 2893 463 2949 τοίνυν
495 2896 552 2947 ὲν
580 2893 772 2964 ἐκείνῳ
793 2892 870 2963 τῷ
904 2893 1078 2963 τόπῳ,
1106 2895 1163 2945 ὲν
1189 2888 1232 2961 ᾧ
1265 2894 1366 2964 τῆς
1386 2894 1591 2964 ἐγγύης
1617 2897 1856 2966 ἐπεγρά-

281 3006 358 3060 φη
408 2987 792 3058 χειρόγραφον,
829 2986 924 3040 καὶ
966 2986 1092 3054 γόνυ
1133 2987 1364 3040 κλίνασα
1409 2987 1718 3056 ἔμπροσθεν
1759 2989 1857 3058 τῆς

293 3077 687 3149 Ἀειπαρθένου
734 3077 825 3130 καὶ
852 3076 1137 3142 Θεοτόκου,
1159 3076 1370 3139 τούτοις
1394 3077 1715 3148 ἐχρησάμην
1742 3078 1856 3139 τοῖς

282 3170 559 3242 ῥήμασιν·
596 3189 615 3220 ‹
645 3170 720 3222 Σὺ
771 3169 892 3239 μὲν,
927 3168 1191 3238 φιλάγαθε
1224 3168 1517 3234 Δέσποινα,
1550 3169 1610 3221 τὸ
1639 3169 1729 3221 σὸν
1768 3167 1856 3220 ἐπ’

287 3280 307 3313 ι
348 3263 475 3332 ἐμοὶ
513 3261 760 3327 ἐνεδείξω
793 3262 1199 3332 φιλάνθρωπον,
1246 3263 1310 3315 σὺ
1361 3262 1458 3332 τῆς
1493 3261 1717 3326 ἀναξίας
1757 3261 1855 3314 οῦκ

287 3373 306 3406 ι
343 3354 616 3420 ὲόδελύξω
645 3354 743 3424 τὴν
771 3354 974 3424 δέησιν.
1008 3348 1165 3405 Εἶδον
1190 3352 1370 3418 δόξαν,
1399 3352 1467 3422 ἠν
1501 3351 1728 3415 δικαίως
1756 3352 1856 3422 οὐχ

292 3466 310 3498 ι
349 3447 566 3517 ὁρῶμεν
596 3449 645 3499 οἱ
671 3447 869 3500 ἄσωτοι
890 3461 904 3475 ⁸
935 3444 1060 3509 δόξα
1091 3444 1169 3515 τῷ
1197 3443 1336 3514 Θεῷ,
1358 3443 1436 3510 τῷ
1468 3444 1555 3498 διὰ
1585 3443 1680 3497 σοῦ
1705 3444 1856 3512 δεχο-

287 3555 307 3590 t
349 3539 494 3606 μένῳ
510 3537 615 3589 τῶν
637 3536 976 3608 ἁμαρτωλῶν
998 3536 1095 3606 τὴν
1117 3535 1433 3606 μετάνοιαν·
1462 3556 1479 3587 ι
1507 3536 1601 3589 καὶ
1621 3537 1687 3588 τὰ
1703 3534 1852 3603 ἑξῆς.

1961 1913 1981 1948 ι
2029 1895 2234 1950 mundo
2267 1902 2400 1950 sunt
2443 1895 2793 1960 renuntiabo,
2831 1895 3084 1964 nihilque
3116 1904 3354 1961 morata,
3398 1895 3530 1948 illuc

1963 2005 1981 2038 ι
2025 1985 2371 2056 proﬁciscar,
2426 2002 2536 2056 quo
2590 1994 2647 2040 tu
2701 1987 2840 2056 ipsa,
2884 2001 3048 2056 quam
3091 1986 3146 2040 in
3203 2002 3526 2057 sponsorem

1961 2093 1980 2127 ι
2027 2089 2208 2141 sumo,
2241 2076 2506 2147 iusseris,
2543 2085 2708 2148 atquc
2735 2079 2981 2134 duxeris.
3025 2097 3045 2132 ι
3079 2077 3174 2134 llis
3201 2080 3526 2148 pronuntia-

1959 2167 2050 2232 tis,
2084 2182 2151 2223 ex
2182 2167 2306 2224 ﬁdei
2331 2167 2530 2223 ardore
2556 2169 2760 2224 certior
2787 2169 3191 2239 quodammodo
3217 2170 3450 2236 reddita,
3475 2179 3530 2225 et

1957 2257 2013 2311 in
2048 2257 2146 2314 Dei
2196 2258 2494 2316 Genitricis
2532 2247 2824 2317 clementia
2875 2263 3035 2317 iidem
3076 2279 3308 2334 ponens,
3358 2279 3423 2316 cx
3468 2279 3532 2320 eo

1954 2349 2076 2404 loco
2104 2351 2156 2405 in
2181 2367 2291 2422 quo
2313 2361 2566 2407 steteram
2602 2360 2934 2422 precataqne
2961 2353 3190 2420 fueram,
3221 2352 3530 2425 discedens,

1957 2441 2026 2497 iis
2056 2442 2148 2512 qui
2181 2443 2628 2516 ingrediebantur
2656 2445 2822 2516 389
2851 2461 2937 2500 me
2961 2461 3179 2501 rursum
3209 2444 3396 2515 jungo,
3434 2463 3532 2500 nec

1955 2531 2217 2604 deinceps
2247 2535 2534 2604 quisquam
2571 2535 2670 2589 fuit
2693 2539 2785 2608 qui
2817 2553 2900 2592 me
2931 2538 3237 2607 repelleret,
3256 2539 3415 2592 etcui
3446 2553 3533 2592 rc-

1956 2625 2180 2694 pelleuti
2215 2625 2556 2682 resisterem.
2585 2625 2782 2684 Nullus
2811 2645 3036 2700 prorsus
3061 2630 3156 2698 qui
3198 2645 3282 2682 me
3315 2629 3532 2685 foribus

1958 2723 2194 2780 arceret,
2243 2732 2340 2786 per
2385 2732 2524 2788 quas
2572 2718 2626 2772 in
2675 2720 2846 2775 sedem
2890 2733 3107 2773 sacram
3146 2720 3328 2773 aditus
3389 2729 3530 2774 erat.

1959 2804 2168 2862 Horror
2194 2809 2377 2862 statim
2413 2816 2466 2863 et
2506 2818 2703 2880 stupor
2751 2826 2836 2864 me
2871 2810 3105 2876 invadit,
3137 2819 3364 2882 totoque
3403 2830 3531 2868 cor-

1958 2900 2345 2968 pore‘quatior
2381 2909 2435 2953 et
2469 2899 2881 2954 contremisco:
2918 2917 3158 2971 cumque
3210 2903 3361 2958 humi
3400 2921 3527 2974 pro-

1959 2994 2154 3051 Strata,
2196 2995 2446 3040 sanctum
2482 2987 2618 3040 illud
2663 2987 2844 3040 solum
2874 2987 3221 3051 adorassem,
3249 2992 3527 3061 egredior,

1883 3115 1927 3171 α
1959 3092 2240 3147 cursuque
2275 3078 2340 3132 ad
2374 3093 2494 3132 eam
2532 3093 2654 3152 qua;
2689 3093 2785 3147 pro
2833 3095 2918 3132 me
2969 3082 3366 3149 Spoponderat,
3404 3100 3532 3156 pro-

1958 3184 2116 3239 pero,
2156 3177 2321 3239 atque
2350 3169 2402 3223 in
2437 3185 2502 3223 eo
2532 3170 2654 3223 loco
2683 3171 3020 3235 consistens,
3058 3171 3111 3225 in
3146 3189 3250 3242 quo
3280 3179 3531 3244 sponsio-

1959 3263 2048 3318 nis
2075 3261 2505 3331 chirographum
2547 3270 2837 3315 exaratum
2889 3271 3029 3323 erat,
3079 3265 3312 3334 genibus
3345 3283 3530 3320 coram

1965 3352 2057 3409 Dei
2096 3351 2394 3408 Genitricis
2444 3352 2684 3422 imagine
2732 3353 2952 3422 positis,
3003 3355 3092 3410 hic
3143 3357 3292 3408 illam
3349 3359 3534 3411 verbis

1957 3443 2271 3513 compello:
2321 3460 2338 3494 ι
2379 3441 2462 3496 Tu
2513 3442 2758 3512 quidem,
2820 3445 3216 3500 amabilissima
3277 3447 3532 3518 bonaque

1965 3555 1984 3587 ‹
2031 3533 2289 3600 Domina,
2328 3541 2478 3588 tuam
2521 3549 2647 3604 erga
2681 3550 2766 3590 me
2806 3536 3208 3591 humanitatem
3249 3554 3534 3592 common-

291 3648 311 3682 ‹
355 3631 542 3686 strasti
575 3641 666 3687 :tu
695 3632 934 3699 indigum
959 3645 1151 3700 preces
1185 3632 1506 3699 neutiquam
1533 3629 1849 3698 despexisti.
1893 3626 2134 3682 Gloriam
2178 3627 2330 3679 illam
2379 3625 2513 3688 vidi,
2563 3626 2728 3692 cujus
2764 3635 3066 3695 conspectu
3117 3643 3220 3680 nos
3268 3630 3530 3698 impudici

291 3745 311 3778 ι
353 3725 504 3796 digni
570 3741 679 3778 non
711 3737 955 3778 eramus.
1021 3720 1107 3774 Sit
1147 3721 1256 3774 Deo
1319 3706 1514 3788 gloria,
1573 3720 1665 3787 qui
1703 3726 2056 3788 peccatorum
2089 3713 2471 3783 pmnitentiam
2513 3728 2607 3780 per
2644 3721 2696 3766 te
2732 3714 2993 3780 suscipit,
3040 3731 3059 3763 ι
3091 3722 3197 3766 etc.

508 3815 738 3869 Ἐκιτοῦ
759 3815 904 3878 ,βίου
929 3812 1033 3882 τῆς
1059 3814 1230 3882 ἁγίας
1271 3811 1636 3877 Εὐπραξίας.

357 3924 376 3957 ι
411 3905 570 3973 Λέγει
599 3907 632 3976 ἡ
662 3905 908 3967 διάκονος
940 3903 1018 3973 τῷ
1043 3903 1314 3971 κορασίῳ·
1348 3919 1366 3949 ι
1413 3899 1654 3966 ”Υπαγε,
1689 3897 1850 3967 κυρία

286 4015 303 4046 ι
347 4012 473 4066 μου,
510 3997 588 4056 εἰς
611 3993 700 4048 τὸν
729 3989 876 4047 οἶκόν
933 4008 1045 4054 σου,
1085 3992 1164 4044 δτι
1189 3991 1250 4042 ού
1292 3989 1518 4043 δύνασαι
1548 3982 1648 4040 ὧδε
1674 4002 1851 4053 παρα-

284 4108 305 4142 ι
344 4091 548 4159 μεῖναι.
629 4086 763 4140 Οὐδὲ
816 4085 925 4154 γὰρ
986 4084 1207 4138 δύναταί
1268 4100 1352 4144 τις
1405 4074 1506 4135 ὧδε
1582 4079 1853 4150 παραμεῖ-

283 4197 304 4231 ι
345 4196 454 4242 ναι,
498 4178 590 4230 ἐὰν
657 4177 730 4246 μὴ
781 4174 1105 4244 συντάξηται
1170 4173 1249 4241 τῷ
1316 4171 1554 4243 Χριστῷ.
1610 4189 1632 4220 ι
1691 4170 1854 4237 Λέγει

279 4271 416 4341 αὐτῇ
460 4270 519 4324 τὸ
566 4269 855 4340 κοράσιον·
909 4285 927 4318 ι
970 4267 1078 4320 Ποῦ
1132 4269 1279 4319 ἐστιν
1335 4269 1364 4318 ὁ
1406 4264 1678 4335 Χριστός;
1710 4283 1730 4312 ι
1790 4263 1853 4314 Ἦ

278 4363 526 4425 διάκονος
555 4362 824 4428 ἐπέδειξεν
855 4361 992 4431 αὐτῇ
1024 4360 1114 4415 τὸν
1150 4359 1478 4412 Δεσποτικὸν
1504 4357 1855 4428 χαρακτῆρα,

2339 3801 2421 3855 Ea:
2459 3802 2576 3856 Vita
2599 3811 2795 3855 sancire
2832 3801 3136 3870 Eupraxia'.

2037 3915 2054 3948 ι
2101 3894 2419 3949 Diaconissa
2445 3908 2572 3948 vero
2599 3893 2666 3947 ad
2697 3894 2931 3962 puellam
2963 3894 3037 3946 ait
3069 3912 3082 3946 :
3121 3914 3139 3945 ι
3169 3895 3272 3948 Abi
3303 3895 3528 3953 domum

1964 4007 1985 4041 ι
2030 3997 2214 4051 tuam,
2260 3987 2478 4040 domina
2537 4000 2696 4052 mea;
2747 4001 2924 4054 neque
2985 3988 3128 4040 enim
3177 3987 3263 4039 hic
3311 4003 3533 4044 manere

1966 4099 1984 4133 ι
2031 4087 2206 4150 potes.
2264 4078 2413 4133 Nulli
2469 4077 2669 4148 quippe
2731 4079 3241 4154 isticeommorari
3299 4081 3380 4135 l'as
3419 4093 3528 4148 est,

1962 4191 1982 4224 ι
2027 4171 2139 4226 nisi
2166 4170 2388 4224 Christo
2422 4168 2774 4237 adjungatur.
2809 4188 2824 4220 ι
2857 4169 3042 4223 Puella
3083 4180 3264 4223 autem
3296 4189 3310 4226 :
3344 4192 3363 4225 ι
3399 4171 3530 4228 Ubi-
3613 4204 3623 4213 -

1961 4279 1981 4313 ι
2025 4276 2177 4325 nam,
2226 4260 2426 4330 inquit,
2459 4259 2714 4313 Christus
2745 4261 2869 4314 est?
2907 4279 2925 4311 ι
2976 4259 3230 4314 Ostendit
3261 4264 3355 4315 illa
3391 4263 3532 4318 ima-

1962 4371 1981 4404 ι
2029 4352 2210 4422 ginem
2233 4351 2474 4417 Christi;
2501 4350 2565 4403 ad
2590 4366 2753 4418 quam
2779 4351 2956 4418 puclla
2981 4367 3246 4405 conversa
3272 4371 3284 4406 :
3319 4371 3335 4403 ε
3371 4353 3526 4420 Vere,

280 4456 377 4509 καὶ
405 4456 728 4523 στραφεῖσα,
777 4453 923 4520 λέγει
965 4454 1027 4521 τῇ
1062 4451 1324 4520 διακόνῳ·
1362 4469 1379 4500 ι
1420 4449 1661 4520 Ἀληθῶς
1697 4450 1854 4516 κάγὼ

1963 4461 1983 4495 ι
2031 4442 2234 4512 inquit,
2270 4457 2371 4512 ego
2400 4457 2622 4512 quoque
2650 4441 2872 4496 Christo
2919 4442 3240 4511 conjungor,
3281 4459 3380 4497 nec
3411 4461 3529 4498 am-

287 4565 306 4597 ι
349 4546 424 4615 τῷ
455 4545 672 4615 Χριστῷ
729 4543 1118 4610 συντάσσομαι.
1166 4541 1258 4593 καὶ
1310 4540 1493 4593 οὐκέτι
1541 4539 1852 4609 ἀπέρχομαι

284 4656 305 4689 ι
347 4636 486 4707 μετὰ
501 4636 598 4705 τῆς
627 4636 822 4705 κυρίας
847 4651 968 4703 μου.
1009 4635 1145 4686 »Καὶ
1191 4631 1352 4686 πάλιν
1376 4632 1656 4684 ἀναστᾶσα
1683 4631 1716 4700 ἡ
1749 4628 1852 4681 EO-

279 4726 508 4798 πραξία,
571 4726 663 4778 καὶ
710 4723 948 4777 λαϐοῦσα
989 4723 1085 4794 τὴν
1138 4721 1414 4792 θυγατέρα
1457 4721 1677 4789 ἑαυτῆς,
1709 4736 1852 4788 παρ-

277 4840 298 4874 ι
312 4822 601 4891 στησενεῐς
614 4820 705 4872 τὸν
731 4817 1058 4871 Δεσποτικὸν
1085 4815 1430 4886 χαρακτῆρα,
1457 4813 1550 4865 καὶ
1569 4812 1854 4866 ὲκτείνασα

277 4913 377 4977 τὰς
397 4915 585 4983 χεῖρας
601 4912 771 4981 αὐτῆς
794 4911 873 4973 εἰς
895 4910 985 4962 τὸν
1008 4909 1256 4978 οὐρανὸν,
1284 4907 1476 4976 ἐϐόησε
1497 4905 1634 4974 μετὰ
1654 4902 1856 4957 κλαυθ-

281 5003 388 5074 μοῦ
404 5003 424 5034 ὀ
454 5004 656 5074 «Κύριε
674 5001 846 5072 Ἰησοῦ
883 5001 928 5052 Χ
937 4999 1106 5070 ριστὲ,
1132 4997 1213 5050 σοὶ
1232 4995 1453 5067 μελήσει
1469 4996 1597 5065 περὶ
1612 4994 1705 5046 τοῦ
1725 5010 1853 5046 παι-

285 5115 303 5148 r
346 5095 482 5160 δίου,
517 5096 600 5148 ὃτι
625 5093 684 5146 σὲ
714 5093 1002 5161 ἐπόθησεν,
1033 5089 1126 5142 καὶ
1163 5089 1244 5140 σοὶ
1272 5086 1543 5156 παρέθετο
1563 5085 1782 5153 ἑαυτήν.
1829 5104 1848 5135 ι

281 5183 397 5253 Τῆς
413 5136 586 5252 ἁγίας
603 5183 779 5253 ἕκτης
799 5135 1065 5253 σύν·όέου
1094 5180 1204 5253 (ιᾷ)
1235 5176 1344 5245 τῆς
1356 5135 1469 5228 rem
1508 5135 1852 5253 ’ζουστίνια-

439 5244 579 5316 κοῦ,
613 5244 882 5320 περὶτῆς
899 5251 1070 5319 ἁγίας
1103 5244 1377 5317 πέμπτης
1399 5244 1686 5298 συνόδου.

353 5363 372 5397 ι
408 5346 506 5398 Ἐν
543 5363 655 5397 τισι
691 5344 798 5397 τῶν
853 5343 1066 5396 σεπτῶν
1115 5340 1338 5394 εἰκόνων
1389 5337 1628 5406 γραφαῖς
1661 5334 1855 5405 Ἀμνὸς

273 5436 526 5507 δακτύλῳ
552 5435 646 5489 τοῦ
680 5436 987 5506 προδρόμου
1035 5430 1385 5501 δεικνύμενος
1424 5427 1851 5497 ἐγχαράττεται,

1963 4551 1982 4585 ι
2029 4534 2177 4604 plius
2207 4548 2330 4588 cum
2365 4534 2585 4586 domina
2614 4548 2729 4586 mea
2763 4532 3064 4585 discedam.
3110 4553 3126 4582 ι
3179 4531 3531 4604 Rursumque

1958 4639 2298 4695 consurgens
2356 4623 2652 4692 Eupraxia,
2702 4625 2978 4692 liliumque
3021 4637 3174 4677 suam
3227 4627 3532 4694 apprehen-

1959 4715 2118 4780 dens,
2152 4713 2451 4768 Dominicaa
2483 4729 2602 4768 eam
2649 4713 2893 4768 admovit
2952 4714 3194 4783 imagini.
3244 4717 3530 4774 manibus-

1961 4823 2069 4877 que
2115 4805 2182 4860 ad
2216 4805 2417 4860 caelum
2460 4805 2717 4866 sublatis,
2765 4819 2890 4857 cum
2950 4805 3211 4875 lacrymis
3257 4808 3532 4864 exclama-

1959 4898 2079 4950 vit:
2121 4916 2139 4947 ι
2181 4896 2406 4950 Domine
2451 4894 2582 4950 Jesu
2634 4895 2871 4960 Christe,
2909 4897 3100 4965 puellae
3148 4898 3309 4968 hujus
3341 4915 3530 4954 curam

1967 5007 1984 5039 ι
2035 4988 2254 5052 habeto,
2300 4988 2430 5057 quia
2471 4994 2522 5041 te
2553 4987 2894 5056 concupivit,
2925 5003 2988 5040 ac
3021 4988 3258 5056 seipsam
3299 4989 3395 5042 tibi
3438 4991 3529 5046 de-

1966 5099 1987 5131 ι
2031 5079 2188 5133 didit.
2228 5098 2246 5129 ι

2030 5171 2245 5226 Sancta:
2275 5171 2466 5242 synodi
2492 5169 2806 5290 quinisbexm:
2849 5167 2944 5221 sub
2974 5166 3290 5223 Iustiniano
3324 5170 3462 5224 rele-

2690 5249 2840 5290 ναίω.

2690 5249 2840 5292 rata'.

1971 5335 1974 5338 ’
2037 5351 2056 5384 ι
2105 5331 2162 5385 ln
2201 5331 2534 5401 quibusdam
2579 5329 2975 5384 venerabilium
3014 5331 3312 5402 imaginum
3348 5331 3532 5402 pictu-

1962 5425 2040 5478 ris
2068 5425 2255 5494 Aguus
2283 5423 2455 5492 digito
2493 5423 2854 5492 praecursoris
2888 5433 3231 5480 monstratus
3281 5425 3531 5496 depingi—

1751 5541 1794 5595 Ν
1801 5541 1976 5596 OT/E.

341 5647 459 5719 (43)
492 5650 588 5700 Ἐκ
625 5644 732 5719 τῆς
758 5643 931 5719 ἁγίας
959 5641 1137 5719 ἕκτης
1191 5637 1482 5719 συνᾴδοιῇ
1515 5634 1626 5719 llic.
1651 5635 1844 5719 titulus

276 5704 566 5789 mdltiplici
600 5704 732 5769 vitio
765 5704 996 5774 laborat,
1034 5704 1126 5780 qui
1173 5711 1253 5764 sic
1315 5704 1699 5775 intelligendus
1745 5714 1849 5772 cst,

560 5811 828 5868 I’A'rnOL.
862 5809 976 5866 Gn.
1006 5804 1210 5865 XCIV.

1954 5641 2012 5688 ut
2049 5648 2174 5687 cum
2233 5629 2426 5687 Latine
2475 5633 2709 5689 reddidi.
2764 5631 2900 5687 Nam
2937 5649 3115 5690 canon
3171 5636 3275 5687 iste
3310 5639 3526 5700 octoge-

1963 5706 2136 5758 simus
2159 5702 2434 5759 secundus
2469 5713 2574 5772 cst,
2602 5720 2708 5758 non
2736 5704 2958 5774 quintze.
2989 5722 3084 5761 nec
3116 5712 3280 5760 sexta:
3314 5701 3528 5774 synodi,

3120 5797 3202 5858 1ιὸ
