3936 6174
1493 23 1606 39 ἰι-υ
1653 23 1806 38 "ulli-
1841 23 1895 39 Ill
1925 23 1982 40 ιν

405 23 543 44 "'""
604 23 772 32 “’”¹“““⁸’“
827 23 1076 49 "D“""'!

400 70 701 125 discrimen
749 70 1036 133 habentes,
1070 74 1177 125 nisi
1219 73 1272 125 in
1306 86 1372 126 eo
1409 72 1561 142 quod
1601 73 1706 128 alia
1740 75 1982 146 ingenita

399 172 506 228 est,
539 163 644 216 alia
680 163 883 233 genita,
925 169 980 216 et
1032 162 1137 215 alia
1175 165 1428 232 proredit
1459 185 1471 220 :
1504 164 1726 220 Patrem
1761 169 1979 237 ingeni-

400 264 515 309 tum
563 269 664 308 nec
714 265 1058 324 generatum,
1109 255 1308 308 Filiqu
1367 259 1638 326 genitum,
1713 275 1811 313 nec
1865 261 1978 314 ulto

400 359 560 418 pacto
582 347 920 417 ingenitum,
951 345 1218 415 Spiritum
1269 356 1522 401 sanctum
1562 349 1974 425 procedentem,

397 442 495 510 qui
538 454 640 494 nec
673 454 867 503 causa,
928 453 1028 492 nec
1058 439 1280 506 genitus
1312 447 1414 492 est.
1465 438 1597 493 Nam
1633 439 1850 495 Patrem
1891 441 1978 496 sui

1113 23 1172 51 ..λ
1190 23 1439 50 rem--.”

396 548 622 589 causam
673 539 726 587 et
773 530 977 584 fontem
1029 531 1214 594 habet,
1281 538 1470 600 utpote
1518 535 1611 602 qui
1645 547 1712 587 ex
1752 548 1817 587 eo
1848 548 1978 604 pro-

307 669 312 672 .
397 628 667 696 greditur,

759 639 868 677 non
925 623 1302 692 generationis
1357 623 1542 684 modo,
1595 624 1690 678 sed
1746 637 1972 691 proces-

393 717 590 783 sionis,
640 724 699 768 ut
754 729 895 767 unus
926 711 1088 767 Pater
1128 713 1220 776 sit,
1267 728 1410 766 unus
1449 711 1640 778 Filius,
1679 729 1822 768 unus
1856 713 1974 783 Spi-

356 838 368 878 χ
393 811 535 863 ritus
567 815 812 862 sanctus.
851 804 1018 858 Deum
1043 803 1344 873 perfectum
1375 801 1614 866 Patrem,
1647 803 1816 859 Deum
1851 819 1973 874 per-

362 883 598 957 ;fectum
652 899 876 962 Filium,
947 897 1107 952 deum
1153 895 1459 966 perfectum
1512 896 1777 966 Spiritum
1842 913 1973 952 san-

394 1005 569 1058 ctum,
600 1008 708 1047 non
744 990 910 1053 duos,
945 1005 1126 1059 neque
1174 997 1286 1044 tres
1345 989 1504 1054 Deos,
1552 990 1646 1043 sed
1691 989 1794 1043 tria
1852 991 1969 1044 haec

2083 23 2162 60 ’σῳ
2189 23 2472 62 υιιεννιμιμ
2517 23 2608 46 λιιι.
2658 23 2892 63 χεννιρψ
2923 23 3017 46 λιιι
3054 23 3401 66 εποιυρευιψν
3442 23 3678 68 “ita”,

2084 83 2398 152 ἀγέννητον,
2435 85 2529 137 xai.
2587 85 2647 136 οὐ
2673 85 2934 155 γεννητόν
2958 102 2974 116 ο
3002 86 3130 138 Υίὸν
3158 88 3418 156 γεννητὸν
3445 89 3552 142 καὶ
3575 92 3686 140 ei:

2083 167 2376 237 ἀγέννητον
2403 188 2412 200 ο
2467 171 2690 242 Πνεῦμα
2721 172 2874 239 ἅγιον
2904 175 3254 244 ἑκπορευτὸν.
3292 178 3381 228 καὶ
3419 178 3555 230 οὗτε
3587 179 3684 230 αῖς

2081 273 2216 317 τιον,
2241 256 2366 311 οὔτε
2422 261 2741 332 ἀγέννητον.
2799 264 2952 332 Ἔχει
2992 265 3100 333 γὰρ
3143 265 3322 319 αἰτίαν
3351 270 3446 321 καὶ
3483 270 3684 340 πηγὴν

2079 345 2172 398 τὸν
2203 347 2439 418 Πατέρα,
2475 350 2532 414 ἐξ
2571 351 2734 404 αὑτοῦ
2789 353 3210 424 προερχόμενον,
3260 358 3319 409 οὐ
3364 359 3682 427 γεννητῷς,

2080 436 2194 489 ἀλλ’
2228 439 2571 508 ἑκπορευτῶς
2597 459 2609 471 ’
2672 442 2759 494 ἵνα
2801 445 2883 513 εἴη
2935 439 3015 505 εἷς
3054 445 3267 516 Πατὴρ,
3304 441 3383 510 εἷς
3423 447 3579 511 Υἱὸς,
3619 450 3684 500 ἓν

2080 527 2304 600 Πνεῦμα
2333 530 2487 598 ἆγιον
2508 548 2521 560 ·
2555 532 2689 585 Θεὸν
2719 534 2809 586 τὸν
2870 536 3090 606 Πατέρα
3135 537 3369 604 τέλειον,
3403 540 3548 592 Θεὸν
3583 541 3681 592 τὸν

2079 619 2208 672 Υἰὸν
2232 620 2458 686 τέλειον,
2481 622 2613 676 Θεὸν
2631 624 2694 678 τὸ
2729 625 2952 696 Πνεῦμα
2984 628 3046 679 τὸ
3075 629 3328 696 ἅγιον,οὐ
3358 631 3453 683 δύο
3485 631 3677 697 θεοὺς,

2076 710 2197 764 οὐδὲ
2228 714 2397 782 τρεῖς,
2423 712 2652 768 ἀλλ’ἒνα
2695 716 2765 768 τά
2798 719 2926 788 τρία
2955 718 3110 772 Θεόν.
3165 720 3305 773 Οὔτε
3330 722 3443 791 γὰρ
3487 727 3683 795 χρόνῳ

2074 803 2354 872 τέμνεται,
2388 803 2450 858 οὔ
2480 806 2687 877 τρόπῳ,
2724 808 2784 860 οὐ
2829 809 3059 880 δυνάμει
3096 813 3403 882 μερίζεται,
3459 815 3586 866 ἀλλ’
3619 818 3684 867 ὲν

2075 891 2324 962 ἀλλήλοις
2351 894 2449 966 τὴν
2481 898 2857 970 περιχώρησιν
2917 900 3102 972 ἔχουσι
3136 903 3258 973 δίχα
3290 905 3482 976 πάσης
3542 924 3679 960 συν-

2075 984 2306 1057 αλοιφῆς
2337 988 2432 1042 καὶ
2459 990 2798 1060 συγχύσεως.
2833 994 3106 1064 Δυνάμεις
3144 997 3252 1068 γάρ
3290 999 3399 1050 είσι
3425 998 3531 1051 τοῦ
3564 1000 3682 1052 Πα-

392 1087 565 1142 Deum
593 1101 784 1138 unum.
837 1082 1026 1151 Neque
1068 1081 1216 1136 enim
1255 1091 1498 1150 tempore
1540 1080 1835 1146 scinditur,
1863 1096 1964 1136 non

2076 1077 2203 1148 τρὸς
2229 1079 2258 1130 6
2290 1079 2461 1146 Λόγος
2493 1081 2588 1132 καὶ
2614 1080 2673 1132 τὸ
2693 1081 2849 1150 ἅγιον
2867 1083 3114 1153 Πνεῦμα,
3149 1085 3228 1138 διὸ
3260 1087 3354 1138 καὶ
3386 1081 3471 1148 εἷς
3499 1087 3642 1151 Θεὸς
3664 1107 3678 1117 ·

395 1181 550 1245 loco,
599 1194 709 1232 non
759 1177 962 1230 virtute
1019 1173 1286 1228 dividitur
1326 1191 1338 1226 :
1381 1173 1474 1227 sed
1527 1173 1580 1225 in
1627 1187 1686 1226 se
1737 1173 1971 1226 invicem

393 1269 981 1327 cireumincessiouem
1003 1265 1228 1328 habent,
1245 1266 1380 1319 citra
1407 1265 1758 1319 coalitioncm
1777 1272 1830 1320 et
1847 1278 1974 1319 con-

393 1365 688 1419 fusionem.
743 1359 926 1413 Patris
987 1357 1194 1428 quippe
1248 1358 1486 1412 virtutes
1532 1364 1660 1411 sunt
1691 1354 1865 1411 Filius
1917 1364 1972 1412 ct

393 1455 644 1525 Spiritus
693 1461 944 1511 sanctus,
992 1448 1351 1519 quamobrem
1400 1455 1455 1502 et
1504 1461 1648 1501 unus
1688 1445 1832 1501 Deus
1862 1455 1966 1501 est.

391 1544 512 1600 Etsi
564 1555 696 1598 vero
750 1540 986 1594 virtutes
1029 1544 1179 1599 sunt,
1222 1551 1328 1590 non
1377 1543 1558 1588 tamen
1599 1549 1719 1603 quae
1747 1533 1970 1586 minime

392 1635 721 1692 subsistant.
770 1631 1122 1700 Unaquaeque
1155 1629 1298 1683 enim
1355 1626 1600 1696 perfecta
1651 1625 1968 1695 hypostasis

391 1733 498 1790 est,
530 1740 600 1779 ne
630 1729 829 1778 natura
871 1721 1060 1775 divina
1111 1717 1417 1784 composita
1456 1716 1529 1771 sit
1558 1730 1624 1770 ex
1646 1715 1889 1769 essentia
1915 1724 1969 1769 et

390 1816 692 1889 potenliis:
734 1818 1069 1882 quapropter
1121 1823 1466 1877 unaquaeque
1508 1820 1741 1877 persona
1767 1821 1966 1860 secun-

390 1911 522 1966 dum
557 1923 616 1964 se
645 1905 998 1961 considerata
1036 1900 1180 1956 Deus
1237 1898 1516 1970 perfectus
1571 1905 1676 1960 est,
1724 1896 1960 1966 perfecta

388 2001 727 2074 hypostasis.
788 1996 946 2051 Unus
1000 2002 1185 2049 autem
1239 1992 1405 2058 Deus,
1451 1993 1555 2045 tria
1604 1991 1717 2044 hrec
1776 2006 1960 2044 secum

389 2102 584 2150 mutuo
644 2102 697 2148 et
748 2091 802 2146 in
853 2106 913 2145 se
965 2089 1204 2142 invicem
1264 2086 1560 2141 intellecta.
1620 2085 1798 2154 Atque
1859 2083 1963 2137 hoc

388 2187 569 2243 modis
602 2182 860 2239 omnibus
891 2179 1172 2251 singulare
1211 2185 1317 2240 est,
1353 2192 1428 2252 ae_
1449 2175 1559 2231 Deo
1616 2174 1963 2232 solummodo

387 2276 670 2332 convenit.
717 2272 876 2328 Unus
925 2285 1058 2342 ergo
1112 2269 1259 2324 Deus
1291 2276 1376 2322 est
1427 2267 1584 2322 Pater
1613 2274 1667 2320 et
1700 2264 1874 2320 Filius
1912 2273 1967 2319 et

389 2369 629 2440 Spiritus
697 2371 940 2419 sanctus.
1011 2361 1166 2418 Unus
1217 2359 1345 2414 οωιί
1375 2367 1430 2414 et
1478 2365 1640 2413 terrae
1687 2355 1960 2420 conditor,

2077 1169 2192 1222 ἀλλ’
2217 1170 2266 1222 εἰ
2291 1169 2389 1222 καὶ
2412 1171 2690 1242 δυνάμεις,
2719 1175 2820 1227 οὐκ
2845 1174 3230 1229 ἀνυπόστατοι.
3287 1177 3541 1245 Ἐκὰστη
3563 1181 3682 1247 γὰρ

2073 1262 2254 1314 τελεία
2278 1262 2598 1326 ὑπόστασις,
2656 1265 2745 1318 ἵνα
2772 1267 2846 1336 μὴ
2872 1265 3129 1329 σύνθετος
3153 1267 3213 1332 ἐξ
3243 1269 3438 1332 οὐσίας
3481 1272 3518 1339 ἡ
3551 1270 3682 1323 θεία

2074 1350 2236 1420 φύσις
2257 1353 2344 1423 εῑη
2374 1356 2464 1406 καὶ
2490 1355 2792 1425 δυνάμεων,
2847 1357 2914 1410 δι’
2943 1352 3006 1411 οῦ
3039 1359 3272 1410 ἑκάστου
3310 1359 3438 1412 καθ’
3471 1362 3681 1414 ἑαυτὸν

2073 1442 2450 1515 θεωρούμενον
2501 1458 2527 1487 ι
2585 1448 2790 1512 τέλειος
2835 1449 2987 1513 Θεὸς,
3018 1449 3200 1502 τελεία
3226 1452 3559 1519 ὑπόστασις,
3595 1450 3678 1518 εἷς

2069 1531 2214 1584 δὲτὰ
2245 1533 2370 1601 τρία
2391 1533 2523 1598 Θεὸς
2579 1537 2676 1589 σὺν
2709 1536 2961 1606 ἀλλήλοις
2991 1538 3083 1590 καὶ
3119 1541 3177 1590 ὲν
3222 1539 3479 1609 ἀλλήλοις
3518 1543 3682 1592 wet)-

2074 1640 2232 1694 μενα.
2267 1626 2370 1679 Καὶ
2401 1626 2550 1692 ξένον
2599 1628 2757 1682 τοῦτο
2803 1630 3143 1695 παντάπασι,
3198 1632 3293 1685 καὶ
3340 1632 3499 1701 μόνον
3539 1632 3678 1702 Θεῷ

2070 1716 2300 1786 πρέπον.
2339 1712 2434 1781 Εἷς
2457 1719 2640 1772 τοίνυν
2673 1719 2806 1784 Θεὸς
2826 1722 2853 1772 6
2882 1721 3092 1792 Πατὴρ,
3121 1723 3215 1775 καὶ
3233 1725 3260 1774 6
3300 1723 3446 1783 Υἱὸς,
3473 1723 3580 1775 καὶ
3604 1723 3680 1776 τὸ

2073 1803 2295 1873 Πνεῦμα
2319 1805 2378 1858 τὸ
2399 1806 2584 1874 ἅγιονο
2616 1802 2697 1871 εἷς
2739 1809 2976 1882 Ποιητὴς
3017 1810 3252 1882 οὐρανοῦ
3282 1813 3376 1864 καὶ
3405 1813 3507 1879 τῆς
3535 1813 3671 1882 γῆς.

2073 1897 2165 1949 καὶ
2192 1897 2370 1968 πάσης
2399 1900 2649 1967 κτίσεως,
2695 1903 2900 1973 ὁρατῆς
2929 1921 2988 1956 τε
3021 1904 3118 1957 καὶ
3176 1905 3428 1976 ἀοράτου,
3465 1905 3540 1957 ὲκ
3569 1906 3673 1958 τοῦ

2077 1987 2150 2056 μὴ
2184 1987 2335 2050 ὸντος
2366 1990 2443 2051 εἰς
2476 1989 2535 2041 τὸ
2569 1987 2706 2044 εἶναι
2742 1993 3086 2064 παραγαγὼν
3112 1994 3180 2047 τὰ
3213 1993 3540 2063 σύμπαντα,
3563 1996 3676 2048 οὐκ

2072 2079 2137 2129 ὲκ
2168 2080 2646 2152 προϋποκειμένης
2710 2081 2865 2153 ὕλης.
2921 2079 3016 2148 Εἷς
3065 2084 3217 2150 Θεὸς,
3269 2086 3360 2138 καὶ
3403 2085 3515 2155 μία
3557 2085 3678 2137 τῶν

2072 2169 2328 2224 ἁπάντων
2389 2170 2551 2242 ἀρχὴ,
2604 2174 2697 2226 καὶ
2731 2175 2792 2228 οὐ
2819 2173 2947 2228 δύοο
2998 2176 3095 2246 μία
3130 2175 3332 2247 Θεότης
3360 2177 3672 2251 ὑπέρθεος.

2073 2262 2172 2331 μία
2205 2263 2529 2334 ὑπερούσιος
2566 2267 2744 2333 οὐσία,
2779 2267 3125 2338 ὑπεράγαθος
3181 2268 3485 2338 ἀγαθότης.

2070 2353 2233 2422 λαγος
2294 2357 2488 2421 οὐσίας
2565 2358 2797 2429 ἀπείρου
2859 2359 2955 2413 καὶ
3019 2360 3444 2431 ἀπεριορίστου,
3511 2362 3672 2415 αἰτία

3565 2285 3670 2322 πε-

385 2430 680 2528 omnisque
708 2456 784 2511 rei
814 2465 1037 2518 creatas,
1069 2464 1182 2506 tum
1205 2449 1466 2510 visibilis,
1493 2457 1607 2502 tum
1641 2443 1960 2509 invisibilis,

2070 2444 2288 2499 πάντων
2313 2446 2423 2500 τῶν
2463 2448 2702 2516 ἀγαθῶν,
2733 2450 3057 2514 οὑσιωποιὸς
3099 2430 3354 2522 δύναμις,
3393 2453 3666 2521 ἄναρχος,

386 2549 482 2620 qui
525 2563 592 2603 ex
642 2545 814 2600 nihilo
845 2546 1029 2599 omnia
1085 2540 1350 2610 produxit
1402 2545 1459 2592 ut
1496 2544 1706 2601 essent,
1754 2551 1863 2596 non
1893 2551 1960 2590 ex

386 2645 516 2694 ante
551 2638 801 2706 subjecta
852 2635 1104 2688 materia.
1139 2632 1296 2687 Unus
1331 2630 1499 2693 Deus,
1525 2642 1802 2698 unumque
1836 2627 1959 2682 uni-

382 2741 672 2782 versorum
707 2724 1056 2793 principium,
1116 2735 1226 2775 una
1279 2719 1465 2774 Deitas
1528 2731 1696 2786 super
1739 2731 1958 2771 omnem

2068 2536 2393 2608 ἀνώλεθρος,
2447 2540 2698 2606 αἰώνιος,
2740 2543 2836 2595 καὶ
2899 2541 3333 2614 άπερίγραπτος.
3399 2543 3669 2596 Ἀένναον

2069 2625 2182 2694 φῶς
2203 2627 2520 2697 τριφεγγὲς,
2551 2630 3004 2701 τρισυπόστατον,
3036 2630 3421 2702 ἀκαταληψίας
3471 2639 3668 2704 γνόςῳ

2065 2717 2502 2790 καλυπτόμενον.

385 2817 751 2879 divinitatem,
787 2813 1030 2869 essentia
1064 2826 1174 2866 una
1202 2824 1606 2880 supraomuem
1666 2807 1990 2875 essentiam,
2065 2809 2285 2866 bonitas
2349 2813 2498 2868 omni
2561 2813 2806 2870 bonitate
2875 2813 3153 2884 superior,
3219 2814 3451 2870 inﬁnita:
3528 2819 3663 2872 nul-

385 2913 562 2980 lisque
623 2907 890 2962 limitibus
952 2905 1256 2960 terminata:
1299 2903 1558 2960 essentiae
1597 2917 1661 2958 ac
1687 2902 2018 2958 substantiae
2057 2905 2317 2976 pelagus,
2370 2907 2642 2964 bonorum
2709 2908 2956 2964 omnium
3009 2923 3201 2973 causa,
3269 2910 3449 2965 virtus
3527 2913 3667 2966 sub.

383 3003 716 3059 stantiarum
763 2999 1036 3065 eﬂectrix,
1107 2998 1227 3053 sine
1283 2996 1582 3068 principio,
1635 2995 1772 3050 nulli
1844 2995 2095 3051 interitui
2152 2999 2414 3066 obnoxia,
2467 3001 2801 3071 sempiterna
2865 3009 2920 3056 et
2987 3001 3141 3056 nulla
3196 3009 3354 3072 parte
3410 3002 3667 3056 circum-

383 3097 611 3168 scripta.
667 3093 783 3148 Lux
842 3092 1098 3164 perennis
1157 3091 1368 3162 triplici
1424 3091 1741 3162 splendore,
1811 3100 1965 3147 terna
1999 3090 2310 3162 hypostasi,
2364 3095 3048 3166 incomprehensibilitatis
3110 3095 3346 3166 caligine
3424 3096 3662 3154 abstru-

383 3204 444 3244 sa
477 3196 533 3244 et
563 3186 800 3242 occulta.

451 3281 508 3336 2.
541 3280 770 3349 Insuper
799 3277 966 3333 credo
1000 3276 1347 3350 unigenitum
1382 3275 1581 3332 Filium
1629 3283 1684 3331 et
1715 3274 1960 3331 Verbum

2134 3274 2200 3346 β’.
2241 3275 2362 3328 Ἔτι
2395 3273 2657 3340 πιστεύω,
2683 3275 2765 3328 ὅτι
2793 3276 2822 3328 ὁ
2853 3273 3148 3345 μονογενὴς
3173 3272 3302 3337 Υἱὸς
3336 3274 3439 3326 καὶ
3481 3275 3662 3343 Λόγος

384 3373 504 3439 Dei,
533 3372 628 3442 qui
659 3381 786 3425 ante
830 3369 1030 3425 saecula
1075 3370 1311 3435 exstitit,
1361 3369 1458 3438 qui
1514 3369 1814 3432 increatus,
1863 3366 1960 3436 qui

383 3463 848 3523 consubtantialis
896 3471 983 3518 est
1040 3460 1185 3516 Patri
1231 3470 1288 3516 et
1327 3459 1558 3532 Spiritui
1609 3469 1826 3521 sancto,
1863 3458 1960 3529 qui

383 3571 531 3611 unus
563 3565 648 3610 est
680 3570 747 3609 ex
777 3559 970 3608 sancta
1002 3549 1297 3616 Trinitate,
1330 3550 1544 3606 inﬁnita
1575 3564 1678 3605 sua
1709 3549 1959 3604 bonitate

381 3657 551 3717 atque
582 3644 942 3700 inenarrabili
984 3645 1348 3708 humanitate,
1383 3641 1725 3711 beneplacito
1753 3639 1955 3707 Patris,

329 3805 336 3810 l
379 3735 544 3807 392
577 3734 932 3789 incarnatum
977 3748 1100 3788 esse
1133 3731 1340 3802 absque
1387 3731 1594 3785 semine
1648 3728 1716 3783 de
1748 3727 1955 3798 Spiritu

380 3837 598 3893 sancto,
624 3835 681 3881 et
704 3841 773 3882 ex
805 3824 974 3878 Maria
999 3830 1191 3880 sancta
1226 3828 1599 3892 perpetuaque
1638 3817 1869 3890 Virgine
1901 3828 1955 3874 et

2059 3366 2154 3420 τοῦ
2181 3365 2343 3433 Θεοῦ,
2374 3367 2777 3436 ὁπροαιώνιος,
2808 3369 2836 3419 6
2861 3367 3134 3430 ἄκτιστος,
3176 3367 3204 3418 6
3244 3366 3558 3435 ὀμοούσιος
3586 3367 3664 3437 τῷ

2059 3455 2259 3527 Πατρὶ,
2291 3455 2384 3508 xai.
2417 3455 2491 3526 τῷ
2527 3455 2666 3527 ἁγίῳ
2698 3455 3000 3528 Πνεύματι,
3031 3459 3058 3509 6
3084 3451 3163 3519 εἷς
3178 3457 3274 3528 τῆς
3292 3458 3461 3524 ἁγίας
3487 3459 3662 3529 Τριά-

2056 3547 2168 3611 δος,
2206 3546 2420 3617 ἀπείρῳ
2474 3547 2792 3618 ἀγαθὸτητι,
2848 3547 2943 3600 καὶ
2997 3548 3188 3618 άφάτῳ
3230 3548 3662 3622 φιλανθρωπία,

2062 3635 2282 3707 εὐδοκία
2309 3635 2401 3689 τοῦ
2425 3637 2658 3708 Πατρὸς,
2694 3637 2984 3708 ὲσαρκώθη
3009 3637 3262 3706 ἁσπὸρως
3292 3639 3358 3688 ἐκ
3386 3639 3666 3709 Πνεῦμαο

2063 3744 2153 3792 τος
2178 3728 2356 3795 ἁγίου,
2405 3729 2498 3782 καὶ
2531 3730 2752 3800 Μαρίας
2789 3728 2889 3799 τῆς
2920 3729 3081 3796 άγίας
3123 3729 3532 3798 Ἀειπαρθένου
3568 3733 3671 3783 καὶ

2061 3819 2349 3886 Θεοτόκου,
2379 3820 2464 3873 ἐπ’
2499 3821 2742 3890 ἐσχάτων
2765 3821 2872 3873 τῶν
2906 3821 3114 3892 χρόνων
3153 3820 3220 3873 δι’
3240 3822 3394 3891 ἡμᾶς
3425 3823 3531 3875 καὶ
3559 3825 3672 3892 τὴν

380 3892 634 3987 Deipara,
671 3916 726 3970 in
755 3914 1056 3987 postremis
1106 3911 1468 3982 temporibus,
1519 3917 1743 3980 propter
1775 3924 1876 3963 nos
1899 3921 1952 3962 et

2069 3910 2334 3982 ἡμετέραν
2372 3911 2666 3981 σωτηρίαν,
2727 3911 2915 3982 μείνας
2959 3911 2988 3964 ὃ
3024 3906 3115 3982 ἦν,
3157 3910 3288 3973 θεὸς
3310 3909 3532 3975 τέλειος
3563 3916 3670 3966 11i-

377 4022 601 4082 propter
643 4020 887 4066 nostram
943 4008 1203 4071 salutem,
1255 4019 1386 4060 cum
1421 4009 1670 4057 maneret
1721 4001 1775 4055 id
1809 4001 1956 4072 quod

375 4112 520 4171 erat,
549 4103 693 4160 Deus
723 4101 1007 4173 perfectus
1047 4109 1103 4156 et
1128 4095 1627 4154 consubstantialis
1674 4093 1827 4148 Patri
1872 4093 1957 4148 fa-

378 4203 530 4250 ctum
571 4211 696 4251 esse
729 4195 785 4249 id
819 4193 966 4264 quod
994 4208 1108 4248 non
1139 4198 1282 4257 erat,
1308 4188 1618 4260 perfectum
1651 4187 1954 4251 hominem,

377 4301 503 4343 cum
540 4285 724 4349 Matri,
770 4293 888 4339 tum
918 4283 1080 4339 nobis
1126 4279 1700 4348 consubstantialem,
1726 4291 1952 4332 carnem

377 4375 679 4430 animatam
732 4377 915 4429 anima
963 4374 1198 4428 rationis
1254 4380 1309 4427 et
1342 4370 1723 4440 intelligentia:
1784 4368 1952 4438 parti-

375 4467 516 4535 cipe.
553 4466 842 4536 Unumque
869 4467 1009 4521 adeo
1041 4480 1166 4522 esse
1197 4462 1507 4527 Christum,
1550 4477 1722 4515 unum
1763 4459 1948 4514 Domi-

376 4575 534 4623 num,
565 4576 733 4614 unum
765 4560 966 4614 Filium
997 4558 1089 4613 Dei
1119 4566 1175 4614 et
1206 4557 1469 4620 hominis,
1506 4555 1602 4625 qui
1637 4554 1780 4609 idem
1829 4553 1950 4623 ipse

2058 4001 2136 4071 τῷ
2187 4002 2364 4073 Πατρὶ
2413 4002 2717 4076 ὁμοούσιος,
2769 4002 3062 4073 γενόμενος
3091 4002 3118 4055 ὃ
3153 4003 3251 4054 οὐκ
3298 3999 3395 4072 ἦν,
3438 4004 3670 4070 τέλειος

2058 4093 2462 4165 ἄνθρωποςητῇ
2486 4094 2669 4165 Μητρὶ
2701 4095 2794 4148 καὶ
2819 4096 2950 4165 ἡμῖν
2982 4094 3284 4165 ὁμοούσιος,
3320 4095 3467 4165 σὰρξ
3525 4098 3670 4165 ἐψυ-

2057 4159 2277 4256 χωμένη
2305 4159 2664 4255 ψυὲᾖλογικῇ
2708 4187 2800 4239 καὶ
2833 4159 3028 4257 νοερᾷξ
3055 4186 3163 4238 Καὶ
3198 4186 3348 4238 ἔστιν
3388 4159 3474 4250 εἷς
3515 4159 3671 4258 Χρι-

2058 4276 2201 4340 στὸς,
2258 4271 2338 4339 εἷς
2385 4279 2610 4347 Κύριος,
2639 4272 2718 4340 εἷς
2766 4278 2891 4341 Υἱὸς
2915 4275 3051 4331 Θεοῦ
3087 4278 3182 4330 καὶ
3215 4277 3518 4348 ἄνθρωπος
3545 4281 3596 4343 δ,
3633 4285 3666 4333 ὁ

2053 4366 2216 4428 αὐτὸς
2236 4364 2372 4428 Θεὸς
2387 4365 2590 4428 τέλειος
2611 4367 2704 4418 καὶ
2721 4365 2816 4418 ἄνθ
2825 4383 3006 4436 ρωπος
3023 4365 3247 4429 τέλειος,
3267 4367 3367 4435 μία
3399 4367 3667 4419 ὑπόστα-

2057 4473 2140 4517 σις
2177 4455 2431 4519 σύνθετος
2457 4458 2520 4509 ὲκ
2548 4456 2803 4524 θεότητος
2838 4458 2932 4510 καὶ
2974 4457 3420 4527 ἀνθρωπότητος,
3454 4459 3526 4509 ὲκ
3558 4460 3668 4511 δύο

2053 4546 2289 4616 φύσεων,
2313 4547 2406 4600 καὶ
2435 4543 2531 4600 δύο
2564 4546 2754 4617 φύσεις
2808 4550 2835 4600 6
2875 4549 3034 4611 αὐτὸς
3073 4551 3168 4602 καὶ
3211 4551 3269 4602 ὲν
3289 4549 3418 4601 δυσὶ
3445 4551 3663 4617 φύσεσι

2055 4639 2138 4664 --Ἰ
2154 4637 2256 4664 -l...
2271 4655 2292 4664 ι
2320 4637 2444 4664 ι..-.ι
2457 4653 2540 4664 ο...
2555 4656 2575 4664 ρ

2599 4639 2736 4664 ..α-ὲ.
2761 4639 2851 4664 ρὶ-.
2886 4640 3084 4664 ι.-ι.--..
3119 4639 3398 4664 --.ζ-.-..--
3431 4641 3542 4664 2---
3591 4659 3660 4664 --
