3928 6196
325 323 460 388 1425

1375 325 1471 384 DE
1514 325 1756 384 RECTA
1797 321 2220 385 SENTENTIA
2257 325 2508 386 LIBER.

3425 338 3444 398 1
3456 339 3561 404 426

321 435 608 505 ἀσώματον
653 434 925 503 γέννησιν,
975 433 1102 494 Υἱὸς
1153 434 1442 507 ἀνθρώπου
1473 439 1504 491 6
1537 438 1698 500 αὑτὸς
1752 437 1888 492 κατὰ

1995 455 2059 495 ex
2093 441 2307 496 naturis
2339 443 2577 509 duabus,
2620 449 2673 496 et
2723 441 2847 497 duce
2897 453 3108 502 naturae
3143 448 3258 518 ipse
3311 448 3477 517 idem,
3506 462 3558 507 et

320 527 418 598 τὴν
452 526 540 579 ἐπ’
571 527 812 595 ἐσχάτων
869 533 1135 596 σωτήριον
1182 528 1457 599 σάρκωσίν
1501 547 1559 582 τε
1595 531 1689 585 καὶ
1720 531 1889 600 πρόσ-

320 615 480 686 ληψιν
500 632 515 648 ⁸
548 617 778 687 ἀμήτωρ
802 615 864 668 τὸ
889 617 1104 686 πρῶτον
1124 620 1188 670 ὲκ
1209 620 1440 691 Πατρὸς,
1465 621 1540 684 ὡς
1572 621 1726 685 Θεὸς,
1748 621 1893 675 ἁπά-

321 725 433 778 τωρ
463 708 527 760 τὸ
561 707 812 776 δεύτερον
837 709 865 760 6
898 709 1062 772 αὑτὸς
1091 710 1165 772 ὼς
1199 711 1484 781 ἄνθρωπος
1531 715 1594 766 ὲκ
1626 714 1850 784 Μητρός
1873 731 1889 747 ο

322 799 412 854 δύο
441 799 632 868 φύσεις
675 800 772 853 καὶ
821 801 918 871 μία
962 802 1279 866 ὑπόστασις.
1311 805 1371 858 Ei
1402 805 1511 875 γάρ
1543 805 1635 858 δύο
1664 807 1894 859 ὑποστά-

326 909 458 958 σεις,
477 893 576 963 οὐχ
601 887 684 957 εἷς
711 894 861 958 Υἱὸς,
896 895 1032 950 ἀλλὰ
1063 897 1157 950 καὶ
1194 899 1413 968 τετράδι
1445 897 1800 970 λατρεύομεν.
1829 899 1891 952 ΕΞ

323 983 430 1056 γάρ
464 985 628 1055 ἑτέρα
652 986 950 1052 ὑπόστασις
976 989 1072 1042 τοῦ
1108 990 1429 1058 μονογενοῦς
1453 990 1582 1044 Υίοῦ
1605 991 1700 1044 τοῦ
1731 992 1888 1059 Θεοῦ,

325 1075 416 1128 καὶ
457 1075 620 1147 ἑτέρα
671 1078 766 1131 τοῦ
820 1079 950 1132 Υίοῦ
983 1081 1084 1149 τῆς
1135 1080 1435 1152 Παρθένου,
1469 1083 1626 1144 ἄλλος
1658 1083 1772 1146 υίὸς
1801 1083 1892 1136 καὶ

324 1166 504 1230 ᾶὶλος,
549 1169 642 1222 καὶ
697 1170 795 1239 οὑχ
840 1166 921 1234 εἷς
966 1172 1111 1235 Υἱὸς,
1148 1172 1286 1226 ἀλλὰ
1330 1175 1424 1226 καὶ
1449 1174 1543 1227 δύο
1574 1191 1587 1205 ο
1643 1173 1737 1228 δύο
1782 1174 1892 1244 γὰρ

245 1249 251 1252 ’
325 1258 650 1322 ὑποστάσεις
683 1255 762 1324 εἷς
789 1261 910 1326 Υίὸς
931 1263 1031 1315 οὑκ
1062 1263 1128 1316 ἂν
1161 1259 1292 1318 εἷεν.
1325 1265 1436 1317 Καὶ
1471 1265 1655 1330 πάλιν,
1683 1267 1731 1318 εί
1757 1265 1892 1334 ἄλλη

325 1349 620 1414 ὑπόστασις
647 1350 742 1403 τοῦ
771 1353 1107 1422 μονογενοῦς“
1134 1355 1264 1408 Υίοῦ
1304 1356 1398 1408 τοῦ
1437 1356 1594 1419 Θεοῦ,
1631 1357 1725 1409 καὶ¹
1756 1356 1890 1428 άλλη

325 1441 416 1494 τοῦ
441 1443 540 1512 τῆς
565 1443 864 1513 Παρθένου.
898 1445 932 1516 ἢ
979 1445 1188 1517 ὲξὼσθη
1242 1448 1270 1499 6
1310 1447 1604 1518 μονογενὴς
1645 1447 1771 1510 Υἱὸς
1796 1447 1892 1500 τοῦ

325 1533 459 1586 Θεοῦ
493 1535 586 1586 καὶ
608 1536 934 1607 ἀντεισήχθη
963 1538 992 1590 6
1039 1538 1136 1607 τῆς
1161 1538 1459 1608 Παρθένου.
1482 1539 1515 1608 ἢ
1537 1541 1734 1610 τετρὰς
1761 1539 1892 1593 κάθ-

323 1642 452 1695 ηται
505 1627 596 1680 ἐπὶ
638 1625 730 1680 τοῦ
781 1627 991 1698 θρόνου,
1029 1633 1122 1683 καὶ
1167 1631 1381 1702 τετράδι
1414 1632 1748 1703 λατρεύομεν
1795 1633 1889 1686 τοῦ

1991 536 2047 590 in
2077 534 2296 590 duabus
2330 537 2544 590 naturis
2578 534 2861 606 perfectis,
2905 553 3028 608 quae
3063 542 3285 612 propria
3331 559 3428 597 sua
3465 543 3559 597 ha—

1994 625 2123 682 bent
2157 625 2461 680 secundum
2505 637 2904 697 congruentem
2935 630 3153 699 utrique
3181 632 3557 690 definitionem

1991 724 2046 772 et
2077 719 2397 772 rationem:
2454 715 2552 772 Dei
2605 717 2807 772 Filium
2871 727 3096 790 propter
3153 723 3565 794 incorporalem-

1992 822 2149 861 suam
2190 818 2243 862 et
2272 807 2488 863 saeculis
2527 809 2862 864 anteriorem
2899 811 3315 880 generationem
3352 831 3416 869 ex
3454 817 3560 868 l’a-

1994 907 2102 964 tre,
2129 893 2382 955 eumdem
2414 907 2468 956 et
2497 898 2704 954 Filium
2736 901 2976 958 hominis
3009 915 3234 975 propter
3262 907 3557 963 salutarem

1992 990 2175 1045 carnis
2205 997 2529 1060 naturasque
2562 1000 2764 1046 nostra:
2811 995 3276 1062 assumptiouem,
3314 1012 3433 1066 quae
3460 1013 3562 1051 no-

1991 1079 2240 1135 vissimis
2287 1081 2630 1150 temporibus
2685 1079 2830 1136 facta
2889 1090 3008 1135 est:
3066 1082 3304 1150 primum
3338 1084 3560 1153 quidem

1991 1168 2112 1224 sine
2135 1177 2312 1224 matre
2338 1185 2407 1226 ex
2437 1168 2594 1226 Patre
2625 1178 2889 1240 tanquam
2909 1169 3098 1237 Deum,
3148 1173 3402 1228 eumdem
3429 1187 3563 1227 vero

1993 1262 2115 1318 sine
2148 1270 2304 1332 patre
2350 1277 2414 1318 ex
2444 1263 2624 1318 Matre
2668 1270 2934 1333 tanquam
2981 1263 3259 1318 hominem
3288 1283 3302 1330 ;
3333 1273 3563 1320 naturas

1993 1353 2154 1421 duas,
2192 1354 2541 1425 hypostasim
2592 1368 2780 1408 unam.
2819 1352 2955 1408 Nam
3000 1355 3046 1409 si
3086 1356 3206 1409 dum
3236 1355 3564 1425 hypostases

1991 1453 2201 1509 essent,
2232 1459 2343 1500 non
2372 1460 2516 1500 unus
2551 1443 2697 1500 ﬁlius
2725 1452 2901 1510 esset,
2950 1446 3084 1515 quin
3118 1447 3303 1515 potius
3335 1456 3564 1516 quater-

1992 1537 2224 1592 nitatem
2254 1536 2543 1607 religionis
2575 1536 2854 1605 obsequio
2902 1538 3235 1593 coleremus.
3268 1537 3483 1594 Etenim
3517 1539 3562 1593 si

1993 1628 2101 1682 alia
2137 1637 2222 1683 est
2252 1628 2524 1697 unigeniti
2558 1628 2681 1683 Filii
2707 1627 2804 1683 Dei
2831 1628 3172 1700 hypostasis,
3212 1636 3268 1682 et
3301 1629 3393 1682 lilii
3436 1629 3563 1684 Vir-

325 1717 481 1780 Θεοῦ,
507 1721 699 1791 Πατρὶ,
741 1722 834 1774 καὶ
869 1722 1004 1792 Υἱῷ,
1035 1724 1127 1777 καὶ
1159 1725 1298 1795 ἁγίῳ
1328 1726 1626 1796 Πνεύματι,
1666 1729 1761 1780 καὶ
1776 1727 1888 1798 Υἱῷ

1995 1721 2142 1791 ginis
2172 1721 2304 1787 alia,
2340 1730 2435 1776 aut
2472 1721 2792 1792 unigenitus
2816 1720 2912 1777 Dei
2942 1719 3117 1776 Filius
3152 1721 3409 1777 exsulare
3443 1722 3565 1789 jus-

324 1808 420 1876 τῆς
454 1809 748 1879 Παρθένου.
787 1811 947 1864 Ἀλλὰ
996 1813 1069 1881 μὴ
1123 1813 1207 1881 εἴη
1263 1813 1423 1866 τοῦτο
1464 1817 1680 1883 φρονεῖν
1719 1817 1886 1886 ἡμᾶς,

323 1897 458 1952 ἀλλὰ
489 1901 617 1970 μίαν
642 1901 733 1953 τοῦ
763 1901 898 1955 Θεοῦ
934 1903 1130 1971 Λόγου,
1154 1903 1246 1956 τοῦ
1269 1905 1592 1973 μονογενοῦς
1621 1906 1751 1960 Υίοῦ
1793 1908 1889 1961 τοῦ

323 1993 456 2046 Θεοῦ
503 1996 638 2062 μετὰ
670 1994 768 2064 τῆς
818 1997 1020 2065 σαρκὸς
1067 1997 1232 2050 αὑτοῦ
1281 1997 1536 2051 σύνθετον
1591 2000 1892 2055 ὑπόστασιν

323 2087 388 2140 ὲκ
423 2086 517 2140 δύο
551 2087 787 2156 φύσεων,
813 2089 908 2142 καὶ
938 2090 996 2142 ὲν
1023 2088 1142 2142 δυσὶ
1190 2089 1422 2154 τελείαις
1467 2095 1585 2156 ταῖς
1627 2091 1888 2162 φύσεσιν·

322 2181 435 2234 ἀλλ’
481 2181 830 2252 ἀδιαιρέτοις,
874 2182 1222 2252 ἀσυγχύτοις,
1258 2184 1380 2237 καθ’
1408 2186 1700 2240 ὑπόστασιν
1743 2187 1894 2240 ἀδια-

325 2274 580 2336 σπάστως
598 2275 926 2345 ἠνωμέναις.
977 2277 1050 2329 Οὐ
1084 2275 1226 2344 λέγω
1266 2277 1390 2348 μίαν
1420 2279 1581 2346 φύσιν
1613 2279 1890 2346 σύνθετον,

322 2366 498 2437 ἵναμὴ
524 2368 790 2439 ἑτεροφυῇ
840 2362 948 2421 καὶ,¹
983 2369 1320 2437 ἑτεροούσιον
1373 2370 1467 2423 τοῦ
1530 2372 1744 2441 Πατρὸς
1797 2372 1890 2426 τὸν

323 2455 451 2510 Υίὸν
479 2457 883 2528 βλασφημήσθη
916 2469 962 2510 ο.
1009 2457 1210 2527 ’Δπλῆς
1237 2460 1364 2530 γὰρ,
1403 2460 1499 2514 καὶ
1537 2463 1597 2514 οὑ
1630 2462 1889 2517 συνθέτου

323 2546 536 2613 φύσεως
554 2549 582 2600 6
606 2550 793 2620 Πατήρ
813 2565 825 2578 ·
847 2549 982 2603 ἀλλὰ
995 2549 1136 2617 λέγω
1149 2551 1442 2605 ὑπόστασιν
1467 2552 1592 2622 μίαν
1610 2553 1888 2621 σύνθετον,

325 2638 412 2691 ἵνα
446 2639 578 2707 μηδὲ
604 2639 811 2708 γυμνὸν
849 2641 988 2693 εἴπω
1025 2641 1180 2702 Θεὸν,
1213 2641 1348 2711 μηδὲ
1389 2641 1676 2712 ἄνθρωπον
1705 2643 1885 2713 ψιλὸν,

325 2730 457 2800 μηδὲ
469 2731 737 2799 τετάρτην
753 2732 817 2799 τῇ
841 2730 1028 2800 Τριάδι
1044 2731 1452 2800 παρεισενέγκω
1473 2732 1790 2786 ὑπόστασιν.
1827 2734 1910 2786 Et.

321 2819 648 2889 γὰρτέλειός
669 2821 815 2872 ἐστιν
831 2821 888 2870 ὲν
903 2819 1134 2896 θεότητι,
1153 2820 1356 2882 τέλειος
1381 2822 1436 2872 ὲν
1454 2821 1834 2892 ἀνθρωπότητι
1862 2823 1890 2875 6

321 2912 482 2977 αὑτὸς
532 2913 669 2983 μετὰ
701 2913 798 2983 τὴν
835 2913 1046 2966 ἕνωσιν.
1082 2914 1194 2982 Πρὸ
1215 2913 1320 2985 γὰρ
1342 2913 1442 2981 τῆς
1459 2913 1703 2976 ἐνώσεως
1729 2915 1891 2968 παντὶ

319 3003 496 3069 δῆλον,
526 3003 606 3055 ὅτι
644 3003 701 3054 ὲν
735 3003 834 3072 μιᾷ
874 3001 977 3070 ’τῆς
1014 3003 1264 3073 θεότητος
1313 3003 1470 3071 φύσει
1491 3000 1560 3073 ἦν
1584 3006 1611 3056 6
1639 3001 1768 3066 Υἱὸς
1797 3007 1888 3057 τοῦ

1995 1829 2093 1869 sus
2120 1822 2226 1880 est,
2253 1821 2418 1884 atque
2445 1814 2500 1868 in
2531 1813 2652 1882 ejus
2691 1814 2871 1868 locum
2900 1813 3236 1883 subrogatus
3269 1812 3412 1867 illius
3442 1812 3565 1866 Viro

1993 1903 2159 1973 ginis,
2186 1910 2283 1957 aut
2311 1902 2658 1974 quaternitas
2690 1903 2745 1957 in
2787 1904 2992 1956 throno
3027 1903 3204 1967 sedet,
3236 1911 3290 1957 et
3330 1901 3564 1970 proinde

1993 1995 2421 2063 quaternitatem
2445 1992 2703 2050 Numinis
2726 1993 2984 2057 colimus,
3019 1991 3238 2047 Patrem
3272 2002 3326 2046 et
3359 1991 3560 2045 Filium

1992 2095 2049 2140 et
2084 2084 2352 2156 Spiritum
2401 2093 2679 2151 sanctum,
2709 2093 2765 2142 et
2804 2083 3002 2139 Filium
3055 2083 3318 2154 Virginis.
3359 2081 3560 2137 Verum

1993 2177 2157 2243 absit,
2219 2184 2280 2233 ut
2332 2178 2410 2233 ita
2465 2171 2797 2242 sentiamus,
2841 2177 2940 2232 sed
2994 2190 3160 2231 unam
3207 2173 3564 2245 agnoscimus

1994 2268 2086 2324 Dei
2129 2267 2318 2332 Verbi,
2356 2270 2624 2340 unigeniti
2683 2269 2808 2324 Filii
2860 2269 2954 2325 Dei
2998 2283 3122 2324 cum
3184 2282 3353 2322 carne
3388 2266 3565 2337 ipsius

1991 2360 2336 2432 bypostasim
2364 2362 2735 2432 compositam
2775 2376 2842 2416 ex
2871 2360 3086 2416 naturis
3120 2360 3362 2422 duabus,
3393 2359 3564 2427 inque

1991 2454 2210 2510 duabus
2256 2455 2523 2526 perfectis
2579 2455 2822 2520 naturis,
2876 2453 3155 2510 distinctis
3201 2463 3408 2517 tamen,
3461 2451 3566 2505 mi-

1991 2548 2141 2604 nime
2187 2548 2462 2612 confusis,
2509 2548 2785 2604 lndivulse
2836 2548 3004 2602 unitis
3051 2547 3357 2602 secundum
3392 2544 3564 2612 hypo-

1993 2640 2214 2696 stasim.
2245 2641 2365 2696 Non
2425 2655 2591 2694 unam
2628 2647 2885 2695 naturam
2917 2637 3283 2707 compositam
3311 2635 3460 2698 dico,
3493 2648 3567 2687 ne

1991 2733 2165 2788 tilium
2198 2733 2384 2787 Patris
2419 2733 2650 2787 alterius
2696 2740 2910 2785 natura;
2951 2737 3004 2783 et
3036 2726 3364 2784 substantia:
3396 2725 3566 2794 impie

1991 2825 2364 2894 pronuntiem.
2403 2825 2568 2878 Pater
2609 2823 2880 2892 siquidem
2921 2819 3196 2887 simplicis
3227 2831 3330 2870 nec
3364 2815 3564 2870 ullate-

1992 2934 2097 2972 nus
2123 2919 2447 2988 compositae
2474 2926 2686 2971 natura;
2730 2923 2831 2969 est.
2884 2912 2989 2968 Sed
3021 2909 3364 2982 hypostasim
3396 2920 3562 2961 unam

1993 3008 2357 3077 compositam
2411 3006 2644 3070 atlirmo,
2685 3012 2747 3058 ut
2794 3019 2862 3058 ne
2907 3002 3080 3057 Deum
3113 3000 3320 3054 nudum
3356 2996 3562 3061 dicam,

319 3092 474 3159 Θεοῦ,
493 3093 587 3146 καὶ
601 3093 760 3161 μόνον
785 3092 914 3154 Θεὸς
932 3093 1144 3163 ὑπῆρχε
1179 3094 1320 3148 καθὰ
1349 3095 1441 3147 καὶ
1467 3096 1496 3147 ό
1515 3096 1704 3166 Πατὴρ
1719 3095 1888 3150 καὶτὸ

1996 3113 2174 3168 neque
2207 3112 2419 3175 merum
2451 3097 2753 3162 hominem,
2795 3109 2897 3150 nec
2922 3093 2976 3148 in
3008 3091 3284 3147 Trinitate
3310 3096 3564 3160 quartam

320 3183 547 3253 Πνεῦμα
562 3182 623 3235 τὸ
647 3183 819 3250 ἆγιον.
855 3183 1017 3238 Ὅθεν
1043 3185 1100 3237 δὲ
1125 3183 1190 3238 δι’
1223 3184 1428 3252 ἄφατον
1453 3185 1764 3256 ἀγαθότητα
1791 3189 1892 3261 τὴν

291 3277 474 3347 ,ἡμῶν
503 3275 868 3346 προσελάϐετο
885 3275 1066 3344 φύσιν,
1096 3277 1190 3329 καὶ
1218 3277 1400 3347 ήνώθη
1423 3279 1554 3348 ἡμῖν
1573 3280 1889 3350 γενόμενος,

317 3369 466 3420 ἐστὶν
489 3365 516 3404 δ
547 3369 604 3420 ὲν
639 3367 852 3437 θεότητι
873 3368 1080 3430 τέλειος
1127 3367 1414 3438 ἄνθρωπος
1444 3369 1562 3422 καθ’
1593 3373 1891 3444 ὁμοιότητα

318 3458 477 3528 ἡμῶν
506 3459 671 3528 χωρὶς
698 3459 992 3528 ἁμαρτίας,
1025 3457 1148 3510 τότε
1188 3459 1377 3530 ὡράθη
1410 3462 1466 3512 ὲν
1495 3461 1615 3515 δυσὶ
1639 3461 1887 3531 φύσεσιν.

321 3548 382 3602 Et
413 3549 524 3619 γὰρ
541 3549 744 3613 τέλειός
781 3551 926 3602 ἐστιν
983 3551 1041 3601 ὲν
1093 3549 1308 3620 θεότητι
1365 3551 1502 3621 μετὰ
1543 3554 1642 3622 τὴν
1672 3555 1886 3620 ἕνωσιν,

317 3643 412 3694 καὶ
455 3641 662 3705 τέλειος
714 3645 772 3694 ἐν
809 3641 1190 3713 ἁνθρωπότητι
1237 3644 1265 3695 6
1314 3643 1493 3707 αὑτὸς,
1560 3645 1776 3708 πάντως
1830 3647 1889 3700 έν

314 3736 467 3788 δυσὶν
489 3735 642 3788 ἔσται
681 3735 914 3796 τελείαις
959 3736 1079 3796 ταῖς
1123 3731 1356 3801 φύσεσιο
1406 3733 1598 3803 θεότης
1641 3735 1751 3804 γὰρ
1792 3735 1888 3788 καὶ

315 3828 698 3898 ἀνθρωπότης,
723 3826 814 3879 δύο
840 3826 1052 3895 φύσεις,
1097 3825 1191 3878 καὶ
1233 3825 1294 3877 οὑ
1336 3824 1453 3895 μία.
1495 3826 1629 3878 Οὐδὲ
1668 3827 1773 3897 γὰρ
1825 3826 1888 3880 τὸ

315 3921 535 3975 κτιστὸν
565 3921 659 3974 καὶ
691 3920 750 3970 τὸ
777 3919 1028 3973 ἄκτιστον
1064 3920 1162 3988 μία
1193 3917 1382 3987 φύσις·
1416 3919 1538 3971 οὐδὲ
1557 3919 1617 3971 τὸ
1646 3919 1888 3990 παθητὸν

310 4009 501 4064 καὶτὸ
543 4009 753 4072 ἀπαθὲς
814 4010 910 4079 μία
945 4009 1128 4078 φύσις.
1173 4011 1234 4062 Εἰ
1290 4009 1400 4079 γὰρ
1439 4011 1535 4080 μία
1589 4009 1751 4078 φύσις
1790 4012 1888 4082 τῆς

311 4101 570 4171 θεότητος
599 4100 692 4153 τοῦ
724 4100 960 4168 Χριστοῦ
1018 4101 1114 4176 καὶ
1150 4101 1244 4170 τῆς
1275 4101 1694 4171 ἀνθρωπότητος
1723 4104 1885 4156 αὑτοῦ

311 4187 594 4254 σύνθετος,
653 4189 852 4242 ἔπαθεν
893 4189 948 4242 δὲ
983 4191 1010 4242 6
1041 4190 1291 4260 Χριστὸς,
1343 4193 1374 4260 ἡ
1405 4191 1502 4261 μία
1528 4192 1694 4246 αὑτοῦ
1726 4194 1887 4261 φύσις

309 4280 543 4344 ἔπαθεν,
591 4283 871 4335 τουτέστιν
925 4283 957 4352 ἠ
997 4283 1350 4354 άνθρωπότης
1382 4283 1571 4338 αὑτοῦ.
1603 4285 1667 4337 Εἰ
1698 4285 1754 4337 δὲ
1793 4285 1886 4339 δύο

307 4375 564 4444 φήσομεν
595 4374 694 4438 τὰς
726 4374 820 4428 τοῦ
875 4374 1114 4446 Χριστοῦ
1144 4375 1356 4443 φύσεις,
1395 4376 1524 4446 μίαν
1554 4375 1761 4446 ἀπαθῆ,
1790 4375 1886 4429 καὶ

311 4471 448 4540 μίαν
473 4468 745 4538 παθητὴν,
779 4468 976 4536 πάσχει
1007 4479 1029 4506 θ
1057 4467 1118 4519 τὸ
1142 4465 1386 4535 παθητὸν
1410 4466 1592 4534 φύσει,
1617 4465 1710 4517 καὶ
1738 4466 1885 4518 άπα-

307 4564 406 4627 θὲς
440 4562 589 4630 μένει
614 4562 675 4614 τὸ
707 4561 936 4624 ἀπαθές.
993 4559 1116 4622 Πῶς
1163 4559 1220 4612 δὲ
1256 4559 1347 4611 καὶ
1381 4560 1511 4628 μιᾶς
1541 4559 1756 4626 φύσεως
1785 4556 1880 4622 ὣν,

306 4655 432 4708 ἐστι
462 4653 540 4722 τῷ
583 4654 752 4724 Πατρὶ
808 4651 1130 4722 όμοούσιοςς
1183 4648 1319 4701 Οὐδὲ
1347 4647 1452 4716 γὰρ
1495 4650 1522 4700 6
1573 4646 1758 4717 Πατὴρ
1792 4645 1887 4699 καὶ

307 4749 475 4816 ἡμεῖς
512 4745 810 4815 ὁμοούσιοι,
835 4742 958 4796 οὔτε
1009 4743 1038 4794 6
1079 4742 1289 4812 Πατὴρ,
1331 4739 1455 4793 οὔτε
1485 4741 1646 4810 ἡμεῖς
1680 4741 1743 4793 ἐκ
1766 4739 1885 4792 θεό-

302 4853 474 4907 τητος
501 4837 596 4889 καὶ
623 4834 1042 4904 ἀνθρωπότητος
1059 4833 1302 4886 σύνθετοι
1323 4848 1336 4862 °
1359 4833 1654 4887 ὑπόστασιν
1670 4833 1726 4885 δέ
1745 4851 1886 4903 φημι

306 4929 572 4982 σύνθετον
604 4928 753 4998 μίαν.
779 4927 854 4980 Οὑ
877 4926 985 4998 γάρ
1007 4926 1246 4995 ὑπῆρξεν
1291 4928 1324 4994 ἡ
1363 4925 1605 4995 ἔμψυχος
1627 4927 1763 4996 σὰρξ
1789 4928 1883 4980 τοῦ

302 5021 523 5092 Κυρίου
586 5019 708 5074 καθ’
756 5017 974 5090 ἑαυτὴν,
1025 5017 1146 5070 οὐδὲ
1181 5017 1316 5070 ίδίαν
1364 5017 1520 5088 ἔσχεν
1564 5019 1880 5083 ὑπόστασιν,

301 5113 432 5166 οὑδὲ
480 5111 705 5179 ἐγένετο
757 5110 879 5163 καθ’
931 5110 1128 5166 ἑαυτὸν
1165 5110 1194 5161 6
1238 5109 1406 5174 δεῖνα,
1438 5109 1573 5162 ἀλλὰ
1608 5109 1702 5162 τοῦ
1747 5111 1883 5163 Θεοῦ

300 5206 488 5273 Λόγου
510 5204 722 5273 γέγονε,
749 5204 843 5256 καὶ
876 5202 1038 5255 αὑτὸν
1077 5199 1233 5271 ἔσχεν
1269 5201 1588 5254 ὑπόστασιν.
1637 5202 1728 5255 Διὸ
1763 5204 1886 5273 ὁμο-

300 5295 455 5365 λογῶ
485 5297 580 5348 καὶ⁵
606 5295 857 5365 κηρύττω
914 5293 1011 5364 νῷ,
1069 5292 1165 5345 καὶ
1226 5294 1444 5361 καρδίᾳ,
1491 5292 1584 5344 καὶ
1631 5294 1882 5364 στόματι,

301 5385 522 5456 κυρίως
578 5386 671 5438 καὶ
723 5385 937 5455 άληθῶς
965 5385 1225 5436 Θεοτόκον
1269 5383 1366 5452 τὴν
1401 5383 1562 5450 ἁγίαν
1606 5384 1883 5455 Παρθένον

301 5479 551 5551 Μαρίαν,
602 5478 679 5541 ὡς
725 5477 941 5546 ἀληθῶς
987 5476 1078 5530 τὸν
1126 5474 1453 5544 προαιώνιον
1481 5475 1570 5527 καὶ
1618 5483 1884 5552 μονογενῆ

1994 3191 2340 3263 bypostasim
2395 3189 2714 3258 subjiciam.
2767 3185 2841 3242 Ut
2875 3185 3022 3242 enim
3076 3183 3356 3255 perfectus
3397 3180 3566 3236 estin

1994 3284 2221 3344 deitate,
2253 3283 2333 3336 sic
2374 3280 2518 3336 idem
2550 3281 2667 3349 ipse
2718 3277 2996 3348 perfectus
3028 3284 3114 3331 est
3141 3277 3197 3329 in
3223 3273 3570 3328 humanitate

1993 3385 2118 3445 post
2156 3372 2490 3427 unitionem.
2524 3370 2658 3423 Nam
2705 3376 2832 3424 ante
2865 3367 3171 3422 unitionem
3218 3363 3424 3418 nemini
3461 3359 3566 3415 du-

1990 3467 2144 3522 bium
2173 3472 2286 3530 est,
2318 3462 2448 3532 quin
2487 3461 2581 3517 Dei
2633 3459 2808 3516 Filius
2851 3461 2907 3514 in
2955 3471 3064 3512 una
3101 3455 3326 3512 deitatis
3365 3462 3564 3507 natura
3601 3519 3608 3528 ⁴

1990 3570 2160 3627 esset,
2197 3560 2491 3628 solumque
2535 3558 2680 3612 Deus
2715 3557 3031 3620 exsisteret,
3079 3553 3248 3608 veluti
3295 3552 3456 3605 Pater
3511 3557 3566 3604 et

1993 3653 2234 3722 Spiritus
2283 3659 2537 3706 sanctus.
2591 3650 2887 3718 Postquam
2924 3658 3106 3702 autem
3154 3661 3271 3725 pro.
3301 3639 3564 3699 ineffabili

1988 3761 2086 3800 sua
2114 3745 2361 3798 bonitate
2411 3751 2667 3796 naturam
2722 3747 2966 3794 nostram
3009 3724 3337 3806 assumpsit,
3369 3735 3562 3789 nobis-

1989 3854 2094 3908 que
2125 3836 2418 3905 copulatus
2462 3841 2565 3898 est,
2617 3841 2676 3886 ut
2729 3828 3194 3900 quemadmodum
3237 3836 3321 3883 est
3361 3829 3414 3881 in
3446 3828 3563 3881 dei-

1990 3936 2104 3984 tate
2136 3927 2441 3997 perfectus,
2478 3925 2643 3978 homo
2679 3938 2904 3993 quoque
2948 3920 3125 3974 factus
3157 3921 3229 3975 sit
3262 3919 3328 3973 ad
3363 3919 3562 3974 simili-

1989 4023 2234 4076 tudinem
2295 4027 2542 4073 nostram
2596 4016 2716 4070 sine
2774 4023 3022 4085 peccato,
3071 4021 3204 4068 tunc
3245 4013 3298 4066 in
3347 4012 3561 4067 duabus

1987 4110 2203 4166 naturis
2229 4107 2506 4178 apparuit.
2560 4105 2771 4159 Etenim
2817 4103 2863 4160 si
2894 4103 3172 4172 perfectus
3207 4111 3292 4156 est
3331 4101 3385 4155 in
3440 4101 3561 4154 dei.

1989 4213 2100 4259 tate
2153 4211 2281 4272 post
2322 4201 2654 4260 unitionem,
2692 4195 2948 4265 idemque
2996 4195 3115 4265 ipse
3155 4192 3438 4264 perfectus
3477 4200 3562 4246 est

1988 4297 2044 4352 in
2075 4294 2443 4355 humanitate,
2495 4289 2723 4344 omnino
2753 4288 2808 4341 in
2837 4287 3055 4341 duabus
3091 4285 3366 4355 perfectis
3401 4295 3562 4338 natu-

1990 4389 2069 4444 ris
2093 4387 2218 4442 erit.
2254 4383 2436 4440 Deitas
2461 4379 2734 4450 siquidem
2770 4387 2823 4431 et
2854 4377 3175 4431 humanitas
3205 4373 3326 4429 duae
3353 4383 3562 4427 naturae

1993 4487 2142 4540 sunt,
2181 4492 2289 4529 non
2339 4489 2470 4528 una.
2526 4472 2664 4524 Nam
2709 4467 2854 4539 quod
2907 4473 3153 4521 creatum
3204 4472 3289 4519 est
3321 4472 3377 4518 et
3414 4462 3560 4531 quod

1994 4572 2330 4634 increatum,
2376 4579 2484 4620 una
2526 4570 2722 4617 natura
2778 4565 3052 4613 nonest:
3110 4570 3291 4624 neque
3341 4569 3558 4606 rursum

1991 4659 2142 4731 quod
2177 4657 2285 4727 pati
2349 4661 2554 4724 potest,
2597 4651 2856 4722 quodque
2904 4647 3132 4718 patibile
3166 4660 3274 4700 non
3305 4652 3414 4707 est,
3450 4658 3560 4696 una

1993 4757 2077 4804 est
2101 4756 2322 4802 natura.
2378 4743 2667 4796 Enimvero
2698 4742 2742 4796 si
2773 4755 2878 4793 una
2908 4747 3106 4792 natura
3137 4736 3443 4804 composita
3477 4739 3560 4788 est

1994 4840 2217 4895 deitatis
2251 4835 2455 4891 Christi
2484 4843 2539 4889 et
2563 4831 2923 4887 humanitatis
2950 4831 3146 4899 ipsius,
3175 4827 3400 4882 aliunde
3434 4840 3560 4880 vero

1991 4931 2249 4987 Christus
2287 4941 2488 4996 passus
2517 4934 2621 4988 est,
2673 4938 2782 4978 una
2818 4924 2939 4992 ejus
2990 4931 3189 4976 natura
3230 4934 3392 4990 passa
3428 4917 3558 4981 erit,

1992 5023 2098 5077 hoc
2131 5028 2214 5075 est
2239 5013 2817 5087 ejuslmmanitas.Sin
2841 5022 3023 5068 autem
3055 5013 3197 5066 duas
3221 5008 3428 5063 Christi
3463 5022 3558 5060 na—

1993 5124 2148 5169 turas
2201 5110 2528 5174 dixerimus,
2589 5123 2752 5162 unam
2801 5106 3024 5160 minime
3063 5104 3342 5175 patibilem
3379 5109 3432 5156 et
3466 5117 3559 5168 pa-

1991 5206 2197 5261 tibilem
2260 5204 2506 5267 alteram,
2565 5201 2771 5270 patitur
2824 5200 2876 5252 id
2933 5197 3080 5267 quod
3115 5203 3310 5264 suapte
3361 5201 3556 5246 natura

1993 5297 2104 5368 pati
2164 5302 2352 5348 natum
2406 5299 2512 5356 est,
2574 5299 2627 5344 et
2678 5290 3018 5360 impossibile
3067 5287 3226 5358 393
3268 5293 3452 5339 manet
3503 5283 3554 5336 id

1991 5387 2137 5459 quod
2201 5394 2286 5441 est
2342 5383 2702 5452 impassihile.
2754 5383 2988 5447 Quinam
3060 5396 3188 5435 vero
3250 5379 3441 5442 etiam,
3509 5375 3552 5430 si

1994 5481 2160 5536 unius
2191 5486 2401 5532 naturae
2429 5484 2534 5540 est,
2593 5475 3089 5530 consubstantialis
3133 5481 3218 5529 est
3252 5470 3423 5525 Patri.
3457 5467 3554 5522 Pa-

1628 5611 1866 5668 νΑΠΙᾹΞ
1905 5612 2306 5668 LECTIONES.

386 5748 598 5820 rcho,
637 5745 1040 5818 βλασφημήσω.
1119 5743 1142 5782 d
1171 5741 1548 5815 ιρευ,ῶσπερ
1590 5754 1681 5800 aut
1737 5744 1923 5820 simile
1940 5743 2242 5817 quidpiam.
2324 5753 2346 5782 ⁸
2372 5741 2549 5812 Addo,
2593 5741 2707 5808 πῶς
