3928 6196
322 275 461 340 Ῑίὲξθ
1386 273 1484 333 DE
1523 270 1764 332 RECTA
1807 266 2233 330 SENTENTIA
2273 263 2527 327 LIBER.
3449 255 3585 322 1430

316 388 471 450 θείας
508 383 789 458 ἐνεργείας
822 383 881 437 τὸ
910 385 1041 456 όρᾷν
1074 384 1405 453 σωματικοῖς
1431 380 1755 452 ὀφθαλμοῖς,
1802 377 1897 432 καὶ

2019 391 2184 446 isque
2236 375 2306 430 ad
2358 381 2613 429 mortem.
2654 371 2770 426 Non
2811 372 2955 427 enim
2999 373 3075 428 uti
3116 372 3274 426 Deus
3313 369 3585 424 obediens

311 476 599 536 ἀναπνεῖν,
626 479 968 548 περιπατεῖν,
1006 476 1100 530 καὶ
1123 478 1313 546 χεῖρας
1348 475 1632 528 ἐκτείνειν.

2019 466 2192 523 laetus
2228 476 2312 522 est
2345 485 2359 521 ε
2422 466 2552 536 quia
2583 464 2926 531 obedientia,
2969 475 3278 535 spontanea
3303 461 3586 530 liberaque

315 570 554 640 propriae
585 569 888 625 voluntatis
915 568 1191 638 subjectio
1225 575 1312 624 est
1342 564 1614 621 voluntati
1638 560 1870 616 alterius
1901 575 1914 611 :
1953 558 2141 614 divina
2167 565 2350 614 autem
2397 557 2561 630 395
2593 559 2873 622 voluntas,
2928 571 3029 611 nec
3062 571 3242 619 serva,
3309 567 3413 608 nec
3483 553 3586 606 ob-

317 675 558 730 sequens
599 668 703 714 est.
762 658 948 729 Neque
979 660 1145 713 etiam
1193 659 1395 713 divina:
1443 652 1744 710 voluntatis
1793 657 1897 713 est,
1939 647 2126 703 cibum
2193 656 2249 704 et
2308 656 2500 718 potum
2530 654 2583 703 et
2610 661 2864 703 somnum
2897 653 3175 716 appetere,
3206 644 3342 699 velle
3391 642 3588 730 latere,

318 729 421 805 nec
460 766 662 820 posse;
695 751 1147 820 quandoquidem
1185 749 1444 804 voluntas
1487 743 1670 800 divina
1719 739 2074 809 omnipotens
2102 745 2187 794 est
2239 755 2252 791 :
2297 753 2476 808 neque
2508 735 2848 807 operationis
2879 733 3083 790 divina:
3152 743 3237 787 est
3295 729 3585 802 corporeis

316 841 496 898 oculis
555 856 805 905 cernere,
877 840 1176 911 respirare,
1246 839 1554 900 ambulare,
1613 843 1668 890 et
1701 843 1900 887 manus
1937 828 2261 884 extendere.

386 934 450 988 δ’.
477 932 577 986 Διά
597 931 758 985 τοῦτο
778 931 962 996 καθὼς
993 931 1087 985 δύο
1129 929 1292 984 αὑτοῦ
1329 929 1428 994 τάς
1473 927 1665 997 φύσεις
1709 921 1902 993 ὁμολο-

315 1025 547 1097 γοῦμεν,
579 1025 744 1079 αὑτοῦ
773 1025 1244 1097 συνομολογοῦμεν
1279 1025 1371 1078 καὶ
1407 1023 1477 1076 τὰ.
1505 1020 1709 1091 φυσικὰ
1745 1017 1903 1087 θελή-

319 1135 489 1188 ματα,
520 1118 612 1171 καὶ¹
647 1117 742 1171 δύο
769 1117 870 1179 τὰς
899 1118 1136 1187 φυσικὰς
1165 1116 1443 1187 ἐνεργείας
1477 1112 1568 1166 τοῦ
1598 1111 1764 1166 αὑτοῦ
1784 1109 1903 1174 ἐνὸς

316 1207 581 1278 Χριστοῦ,
614 1209 712 1278 τῆς
741 1209 869 1278 μιᾶς
899 1208 993 1262 τοῦ
1029 1207 1162 1260 Υίοῦ
1201 1206 1294 1260 τοῦ
1318 1205 1454 1259 Θεοῦ
1496 1206 1592 1258 καὶ
1637 1203 1729 1257 τοῦ
1770 1200 1903 1254 Υἱοῦ

315 1297 415 1352 τοῦ
447 1297 736 1370 ἀνθρώπου
776 1298 1031 1352 συνθέτου
1062 1299 1444 1360 ὑποστάσεως·
1477 1297 1574 1350 ἕνα
1597 1296 1654 1349 δὲ
1692 1295 1786 1348 καὶ
1812 1293 1904 1346 τὸν

319 1392 486 1445 αὶτὸν
518 1391 740 1444 θέλοντα
773 1391 1019 1460 φυσικῶς
1052 1391 1120 1444 τὰ
1141 1391 1260 1444 θεῖα
1311 1391 1403 1444 καὶ
1445 1388 1512 1442 τὰ
1545 1385 1863 1457 ἀνθρώπινα
1887 1403 1901 1417 °

319 1483 390 1535 τὰ
425 1481 565 1546 θεῖσι,
590 1482 710 1553 θείᾳ
740 1482 978 1553 θελήσει,
1012 1483 1081 1536 τὰ
1110 1481 1448 1552 ἀνθρώπινα,
1475 1478 1790 1550 ἀνθρωπίνῃ
1815 1478 1907 1530 θε-

320 1575 499 1642 λήσει.
531 1575 648 1628 Μία
676 1575 785 1646 γὰρ
815 1576 1112 1638 ὑπόστασις
1131 1573 1206 1628 ὢν
1236 1576 1264 1627 6
1288 1574 1522 1645 Χριστὸς
1549 1571 1641 1625 δύο
1671 1570 1907 1640 φύσεων,

323 1666 476 1730 θείας
508 1684 566 1719 τε
596 1667 691 1720 καὶ
721 1667 1088 1738 ἀνθρωπίνης,
1116 1667 1290 1721 ταῦτα
1320 1666 1498 1729 θείως,
1549 1665 1778 1717 κάκεῖνα
1817 1664 1911 1716 ἀν-

2080 919 2133 973 4.
2176 917 2524 988 Quapropter
2564 917 2710 973 sicut
2763 917 2902 973 duas
2932 915 3053 990 ejus
3097 924 3326 970 naturas
3357 913 3589 969 conﬁte-

2010 1027 2156 1076 mur,
2194 1011 2336 1067 duas
2367 1011 2534 1066 simul
2576 1009 2814 1067 fatemur
2852 1018 2965 1063 tum
3014 1008 3326 1062 voluntates
3364 1012 3586 1061 natura-

2011 1099 2112 1162 les,
2164 1106 2278 1152 tum
2337 1099 2690 1170 operationes
2763 1097 3046 1153 naturales
3124 1095 3371 1168 ejusdem
3427 1095 3591 1150 unius

2011 1189 2238 1256 Christi,
2296 1191 2463 1246 unius
2513 1189 2837 1261 composita:
2871 1189 3188 1260 hypostasis
3235 1188 3364 1244 Filii
3400 1188 3494 1244 Dei
3538 1196 3592 1244 et

2013 1281 2107 1337 lilii
2139 1282 2413 1348 hominis;
2453 1299 2648 1348 unum,
2686 1283 2932 1352 inquam,
2979 1289 3033 1336 et
3078 1281 3334 1337 eumdem
3366 1291 3591 1336 natura-

2011 1375 2140 1430 liter
2182 1375 2453 1430 volentem
2486 1390 2609 1446 qua:
2649 1374 2861 1436 divina,
2891 1388 3120 1444 quaeque
3148 1374 3392 1428 humana
3423 1381 3591 1429 sunt:

2010 1466 2198 1521 divina
2241 1468 2501 1538 quidem,
2551 1466 2738 1522 divina
2788 1466 3100 1532 voluntate,
3143 1466 3382 1520 humana
3435 1479 3589 1530 vero,

2010 1558 2299 1614 voluntate
2349 1561 2609 1613 humana.
2664 1557 2801 1613 Cum
2853 1559 3001 1614 enim
3042 1557 3302 1612 Christus
3356 1556 3430 1612 sit
3483 1570 3590 1610 una

2013 1650 2334 1722 hypostasis
2377 1652 2611 1706 duarum
2658 1659 3010 1716 naturarum,
3061 1649 3262 1704 divinae
3295 1649 3508 1705 scilicet
3539 1656 3594 1702 et

324 1755 612 1824 θρωπίνως
645 1758 676 1808 ὅ
702 1731 865 1819 αὐτος
910 1731 1090 1826 ήθελε,
1115 1757 1233 1810 ’καὶ
1281 1757 1504 1826 ἐνήργει
1541 1754 1608 1807 τὰ
1642 1753 1780 1816 θεῖα,
1815 1753 1910 1805 καὶ

2019 1739 2292 1806 humanae,
2322 1741 2438 1794 hac
2469 1739 2661 1794 divino
2694 1754 2868 1802 more.
2918 1747 2972 1793 et
3029 1738 3122 1793 illa
3174 1738 3417 1792 humano
3448 1735 3593 1790 idem

326 1844 690 1912 θεανδρικῶς
712 1846 780 1899 τὰ
799 1845 1134 1916 ἀνθρώπινα.
1160 1847 1222 1900 Εἰ
1239 1847 1346 1918 γὰρ
1375 1847 1468 1900 καὶ
1493 1845 1566 1908 ὼς
1587 1843 1722 1907 Θεὸς
1751 1842 1910 1914 ήθελε

325 1938 394 1990 τὰ
443 1937 581 2000 θεῖα,
617 1939 710 1990 καὶ
742 1937 819 2001 ὠς
865 1937 1246 2008 ἅνθρωποςτά
1296 1935 1636 2010 ἀνθρώπινα,
1683 1935 1912 1990 ἀλλὀὒν

325 2025 451 2078 οὔτε
479 2027 554 2089 ὼς
587 2027 718 2091 Θεὸς
751 2029 956 2099 γυμνὸς
986 2029 1146 2100 ήθελε
1173 2031 1241 2082 τὰ
1279 2029 1416 2094 θεῖα,
1449 2028 1573 2083 οὔτε
1597 2029 1672 2094 ὡς
1700 2028 1912 2099 ἀνθρω-

327 2117 598 2196 πος-ψιλὸς
615 2119 683 2170 τά
707 2119 1042 2190 ἀνθρώπινα,
1063 2120 1200 2173 ἀλλὰ
1225 2120 1357 2184 Θεὸς
1381 2119 1912 2188 ἁνδρισθείςβουτ-

328 2208 478 2261 ἐστιν
510 2211 957 2282 ὲνανθρωπήσας,
992 2216 1196 2284 φυσικῇ
1219 2213 1340 2285 θείᾳ
1382 2213 1600 2284 θελήσει
1635 2213 1729 2266 καὶ¹
1761 2215 1914 2286 ἐνερ-

327 2302 478 2372 γείᾳ,
508 2302 583 2365 ὡς
612 2302 745 2364 Θεὸς
769 2305 863 2356 καὶ
891 2305 1173 2376 ἄνθρωπος
1195 2307 1222 2358 6
1240 2305 1423 2371 αὑτὸς,
1448 2304 1607 2376 ήθελε
1639 2305 1732 2359 καὶ
1754 2307 1915 2378 ἐνήρ-

327 2411 417 2460 γει
463 2395 528 2447 τὰ
566 2397 705 2462 θεῖα,
770 2398 863 2450 καὶ
917 2401 1121 2469 φυσικῇ
1178 2399 1496 2472 ἀνθρωπίνῃ
1545 2398 1767 2468 θελήσει
1816 2400 1913 2453 καὶ

329 2487 603 2560 ἐνεργείᾳ,
637 2488 712 2552 ὡς
751 2488 882 2552 Θεὸς
915 2491 1006 2543 καὶ
1037 2489 1322 2561 ἅνθρωπος
1353 2491 1380 2543 6
1411 2490 1594 2558 αὑτὸς,
1625 2490 1784 2562 ἤθελε
1819 2493 1913 2546 καὶ

329 2581 547 2651 ἐνήργει
579 2581 647 2634 τὰ
675 2581 1018 2653 ἀνθρώπινα,
1041 2583 1301 2652 πεφυκὼς
1338 2583 1512 2636 θέλειν
1554 2585 1648 2638 καὶ
1670 2587 1914 2656 ἐνεργεῖν

328 2671 406 2734 ὡς
444 2671 728 2744 ἄνθρωπος
759 2673 828 2725 τὰ
856 2673 1192 2744 ἀνθρώπινα.
1236 2675 1392 2728 Θέλει
1423 2675 1532 2747 γὰρ
1576 2679 1671 2731 καὶ
1700 2678 1918 2750 ἐνεργεῖ

325 2763 596 2831 ἑκατέρας
637 2763 852 2830 φύσεως
895 2763 963 2816 τὰ
1009 2764 1117 2817 ἴδια
1159 2765 1296 2834 μετὰ
1324 2765 1426 2835 τῆς
1465 2767 1694 2838 θατέρου
1725 2786 1916 2823 κοινω-

323 2857 465 2920 νίας,
500 2855 598 2925 τῆς
636 2856 734 2924 μὲν
770 2856 1025 2925 θεότητος
1068 2859 1430 2925 αὐτεξουσίως
1481 2861 1577 2914 καὶ
1618 2863 1914 2929 παντεξου-

322 2946 462 3008 oio;
484 2947 573 2999 διὰ
601 2948 696 3014 τῆς
738 2947 1157 3019 ἀνθρωπότητος
1197 2951 1362 3004 αὑτοῦ
1413 2953 1741 3022 ἐνεργούσης
1765 2970 1779 2984 ο
1817 2955 1916 3024 τῆς

2015 1833 2131 1902 ipse
2158 1833 2375 1888 volebat
2407 1833 2732 1904 agebatque,
2783 1846 2847 1886 ac
2876 1830 3198 1895 theandrice,
3246 1845 3344 1886 seu
3381 1831 3586 1886 divino-

2015 1927 2257 1981 humane
2301 1927 2565 1981 humana.
2611 1924 2856 1981 Tametsi
2906 1926 3052 1981 enim
3106 1925 3184 1979 uti
3222 1923 3369 1982 Deus
3408 1925 3594 1981 divina

2012 2021 2252 2088 volebat,
2302 2029 2358 2076 et
2413 2032 2471 2076 ut
2521 2021 2685 2076 homo
2716 2022 2980 2084 humana,
3024 2028 3263 2076 attamen
3309 2036 3420 2076 non
3471 2029 3596 2076 tan-

2015 2128 2176 2182 quam
2220 2113 2368 2169 nude
2395 2113 2540 2170 Deus
2569 2112 2756 2169 divina
2789 2114 3033 2180 volebat,
3078 2129 3258 2184 neque
3305 2121 3366 2169 ut
3406 2129 3594 2170 merus

2014 2205 2202 2271 homo,
2240 2205 2510 2272 humana;
2541 2206 2637 2262 sed
2675 2220 2804 2261 cum
2845 2205 3012 2272 Deus,
3051 2217 3112 2262 ut
3140 2207 3216 2262 ita
3259 2208 3461 2274 dicam,
3521 2208 3596 2264 vi-

2015 2299 2256 2369 rlﬁcatus
2295 2306 2465 2365 esset,
2512 2299 2618 2355 hoc
2667 2306 2772 2365 est,
2812 2299 2977 2356 homo
3018 2299 3220 2365 factus,
3275 2299 3461 2356 divina
3493 2316 3594 2355 vo-

2015 2393 2231 2448 luntate
2273 2403 2329 2449 et
2383 2393 2711 2463 operatione
2788 2400 3053 2462 tanquam
3121 2390 3266 2446 Deus
3321 2399 3376 2447 et
3429 2391 3596 2449 homo

2015 2485 2158 2540 idem
2199 2486 2318 2556 ipse
2364 2487 2610 2550 volebat,
2662 2483 3047 2553 efficiebatque
3093 2483 3300 2549 divina,
3331 2499 3398 2540 ac
3427 2493 3596 2539 natu-

2016 2578 2118 2630 rali
2149 2577 2391 2631 humana
2421 2578 2708 2632 voluntate
2740 2585 2795 2631 et
2825 2575 3153 2646 operatione
3185 2577 3456 2642 naturali,
3493 2592 3594 2632 ceu

2017 2669 2163 2724 Deus
2190 2679 2244 2724 et
2292 2670 2478 2735 homo,
2523 2669 2664 2724 idem
2713 2669 2830 2738 ipse
2877 2667 3097 2721 volebat
3150 2667 3598 2738 operabaturque

2018 2762 2280 2827 humana,
2315 2777 2381 2817 eo
2409 2763 2557 2831 quod
2599 2769 2863 2830 tanquam
2911 2759 3083 2814 homo
3134 2767 3334 2813 natura
3359 2775 3596 2831 'compa-

2016 2863 2173 2910 ratus
2227 2863 2370 2918 erat,
2420 2861 2483 2909 ut
2515 2855 2760 2908 humana
2800 2851 2961 2907 vellet
3005 2860 3059 2906 et
3092 2863 3434 2922 operaretur.
3469 2850 3600 2908 Vult

2018 2946 2291 3015 siquidem
2322 2945 2343 2977 ³
2373 2952 2428 3000 et
2467 2945 2582 3015 agit
2615 2959 2743 3014 quae
2789 2942 3084 3013 utriusque
3113 2952 3326 2998 natura:
3373 2946 3597 3016 propria

323 3040 382 3091 δὲ
417 3037 838 3110 ἀνθρωπότητος
868 3041 1235 3107 αὐτεξουσίως
1283 3043 1378 3096 καὶ
1431 3045 1575 3098 κατὰ
1621 3046 1801 3100 πάντα
1839 3046 1912 3118 τῷ

2019 3046 2303 3094 suntcum
2351 3037 2581 3093 alterius
2629 3036 3064 3092 communione:
3103 3035 3316 3091 Deitate
3373 3037 3596 3107 quidem

326 3132 458 3202 θείῳ
479 3131 644 3184 αὐτοῦ
672 3132 940 3203 θελήματι
970 3136 995 3174 Β
1018 3135 1112 3187 καὶ
1145 3135 1322 3189 ταῦτα
1362 3135 1625 3207 θελούσης
1669 3137 1704 3192 ἃ
1740 3138 1916 3192 θέλειν

326 3221 498 3292 αὑτὴν
545 3223 581 3293 ή
617 3222 738 3276 θεία
786 3223 1007 3294 θέλησις
1041 3224 1209 3288 θέλει,
1263 3227 1351 3281 διὰ
1392 3229 1452 3280 τὸ
1503 3229 1790 3298 μοναδικὸν
1817 3230 1918 3302 τῆς

329 3315 703 3378 ὑποστάσεως.
762 3317 884 3368 Ὀτι
917 3317 974 3370 δὲ
1011 3313 1091 3380 εἷς
1119 3321 1269 3371 ἐστιν
1319 3321 1346 3372 6
1389 3322 1624 3392 Χριστὸς
1677 3324 1773 3376 καὶ
1817 3323 1916 3392 μία

328 3405 623 3469 ὑπόστασις
649 3406 830 3476 δῆλον.
867 3409 1077 3480 Ἑρωτᾷ
1119 3410 1228 3482 γὰρ
1273 3412 1433 3476 αὑτός
1456 3425 1470 3440 ⁸
1514 3432 1530 3464 ι
1565 3413 1701 3468 Τίνα
1733 3431 1799 3484 με
1830 3415 1916 3469 λέο

328 3511 516 3560 γουσιν
543 3495 590 3547 οί
633 3495 728 3550 ἀνθ
739 3514 911 3566 ρωποι
951 3493 1090 3553 είναι
1118 3500 1210 3552 τὸν
1238 3502 1365 3554 Υἱὸν
1393 3501 1489 3554 τοῦ
1521 3503 1846 3572 ἀνθρώπους
1891 3524 1908 3558 ι

329 3585 442 3638 Καί
471 3603 635 3654 φασιν
664 3589 711 3640 οἱ
746 3589 1022 3659 μαθηταί·
1049 3607 1067 3641 ι
1095 3590 1159 3645 Οί
1193 3592 1292 3661 μὲν
1319 3594 1572 3664 Ἰωάννην
1600 3597 1688 3648 τὸν
1713 3595 1912 3650 Βαπτι-

331 3681 486 3749 στὴν,
518 3681 666 3735 ἄλλοι
712 3682 770 3735 δὲ
806 3681 1019 3746 Ῐίίλίαν,
1054 3684 1234 3755 ἕτεροι
1287 3684 1344 3738 δὲ
1390 3685 1662 3756 Ἰερεμίαν
1688 3725 1702 3750 ,
1743 3687 1776 3757 ἢ
1817 3687 1915 3740 ἕνα

329 3769 438 3823 τῶν
492 3771 804 3843 προφητῶν.
866 3773 1053 3844 Ὑμεῖς
1098 3774 1176 3838 δὲ,
1234 3774 1354 3827 τίνα
1399 3792 1465 3846 με
1519 3776 1706 3844 λέγετε
1738 3773 1913 3843 εἷναι;

343 3861 686 3933 Ἀποκριθεὶς
738 3863 796 3916 δὲ
846 3867 873 3917 6
907 3865 1112 3937 Πέτρος
1158 3861 1311 3918 εἷπε·
1347 3865 1419 3920 Σὺ
1465 3861 1516 3918 εἴ
1544 3866 1572 3917 6
1623 3867 1914 3937 Χριστὸςό

333 3953 460 4017 Υἱὸς
483 3955 578 4008 τοῦ
605 3955 738 4008 Θεοῦ
780 3955 874 4009 τοῦ
916 3955 1138 4021 ζῶντος.
1193 3975 1211 4009 ι
1247 3957 1376 4011 Υίὸν
1408 3956 1698 4028 ἀνθρώπου
1749 3958 1914 4012 αὑτὸν

327 4046 702 4119 ὡμολόγησεν,
745 4051 774 4102 6
821 4049 1021 4121 Πέτρος
1061 4049 1186 4106 Υίὸν
1227 4049 1361 4102 Θεοῦ
1408 4050 1793 4121 ἀνηγόρευσεν,
1835 4051 1915 4106 διὸ

331 4140 430 4193 καὶ
467 4140 665 4210 ήκουσε
691 4159 704 4173 ο
751 4161 770 4193 ι
797 4143 1083 4213 Μακάριος
1115 4130 1186 4207 εἴ,
1227 4142 1410 4213 Σίμων
1461 4143 1789 4216 Βαρ-Ἰωνᾶ,
1828 4147 1914 4199 ὅτι

335 4229 472 4300 σὰρξ
498 4230 594 4283 καὶ
624 4227 763 4302 αἷμα
785 4233 884 4286 οὑκ
913 4233 1232 4304 ἀπεκάλυψέ
1255 4251 1359 4301 σοι,
1391 4235 1505 4288 ἀλλ’
1538 4235 1566 4287 6
1597 4237 1784 4308 Πατήρ
1811 4256 1912 4309 μου

331 4324 360 4375 6
391 4325 446 4375 ἐν
471 4323 741 4394 ούρανοῖς.
778 4326 850 4378 Σὺ
894 4322 940 4378 εί
991 4327 1220 4398 Πέτρος,
1263 4346 1282 4380 ι
1321 4329 1416 4382 καὶ
1459 4328 1553 4382 ἐπὶ
1580 4331 1785 4400 ταύτην
1813 4331 1913 4404 τὴν

2019 3131 2194 3187 libera
2241 3131 2720 3201 omnipotentique
2747 3137 3022 3200 potestate
3059 3145 3156 3200 per
3190 3130 3596 3185 humanitatem
3643 3197 3656 3204 ἦ

2018 3233 2317 3297 operante,
2359 3225 2707 3280 humanitate
2755 3233 2937 3279 autem
2983 3223 3158 3279 libere
3186 3231 3241 3277 et
3286 3239 3382 3293 per
3413 3225 3622 3279 omnia-

2018 3319 2218 3375 divinae
2247 3319 2370 3388 ejus
2404 3317 2681 3373 voluntati
2712 3317 3124 3373 obsecundante
3171 3323 3225 3370 ct
3251 3330 3315 3370 ea
3357 3315 3598 3377 volente.

2016 3425 2140 3482 quae
2172 3410 2364 3466 divina
2411 3409 2674 3464 voluntas
2707 3423 2825 3465 eam
2860 3407 3003 3464 velle
3051 3408 3168 3462 vult
3220 3417 3450 3477 propter
3479 3408 3601 3460 uni-

2016 3509 2184 3559 tatem
2237 3515 2514 3572 personas.
2558 3498 2716 3566 Quod
2757 3509 2940 3554 autem
2995 3499 3254 3555 Christus
3303 3514 3446 3554 unus
3489 3507 3599 3561 est,

2017 3608 2242 3664 unaque
2274 3608 2513 3661 persona
2556 3601 2611 3647 et
2661 3591 3010 3662 bypostasis,
3069 3589 3429 3644 manifestum
3489 3598 3594 3644 est.

2018 3686 2136 3756 Ipse
2173 3687 2446 3756 siquidem
2483 3687 2791 3754 interrogat
2829 3701 2842 3738 :
2879 3701 2899 3734 ι
2951 3682 3122 3748 Quem
3161 3699 3246 3737 me
3276 3683 3470 3736 dicunt
3500 3682 3602 3734 ho-

2018 3779 2194 3832 mines
2240 3792 2365 3832 esse
2395 3777 2594 3831 Filium
2640 3775 2918 3830 hominis?
2950 3793 2967 3826 ι
3009 3770 3550 3844 aitmtquediscipnli
3583 3793 3596 3824 ε

2025 3890 2043 3922 ι
2102 3869 2207 3923 Alii
2261 3868 2484 3937 quidem
2524 3866 2796 3922 Joannem
2866 3864 3206 3935 Baptistam,
3257 3863 3351 3918 alii
3413 3875 3596 3918 autem

2017 3961 2214 4024 Eliam,
2257 3961 2349 4015 alii
2395 3975 2528 4015 vero
2573 3958 2893 4024 Jeremiam,
2925 3965 3022 4012 aut
3053 3972 3224 4012 unum
3259 3972 3323 4011 ex
3359 3957 3600 4027 prophe-

2017 4053 2112 4109 tis.
2145 4050 2258 4108 Vos
2286 4059 2468 4106 autem
2497 4064 2660 4120 quem
2697 4064 2784 4105 me
2825 4063 2949 4104 esse
2975 4047 3208 4104 dicitis?
3237 4047 3598 4118 Respondeas

2018 4152 2200 4198 autem
2248 4142 2449 4198 Petrus
2514 4141 2694 4197 dixit:
2731 4138 2815 4194 Tu
2857 4155 2917 4196 es
2961 4139 3221 4194 Christus
3275 4137 3452 4194 Filius
3503 4138 3598 4194 Dei

2015 4237 2125 4292 vivi
2153 4237 2196 4291 ⁵.
2247 4253 2266 4289 ι
2333 4233 2466 4292 Sese
2515 4231 2714 4288 Filium
2765 4232 3010 4288 hominis
3064 4247 3188 4287 csse
3243 4229 3430 4287 fassus
3489 4239 3598 4296 est,

2018 4330 2203 4400 ipsum
2235 4327 2430 4383 Petrus
2464 4325 2561 4381 Dei
2598 4323 2800 4380 Filium
2844 4323 3130 4381 salutavit.
3181 4322 3396 4378 ldcirco
3430 4323 3598 4377 etiam

333 4414 538 4486 πέτραν
569 4419 606 4487 ή
645 4417 942 4487 Ἐκκλησία
961 4419 1302 4489 ἐστήρικται,
1335 4440 1352 4472 ι
1383 4421 1477 4474 καὶ
1511 4423 1677 4476 πύλαι
1707 4424 1858 4495 ᾅδου,
1889 4445 1908 4479 ι

2020 4423 2270 4479 audivit:
2307 4439 2328 4473 ‹
2369 4421 2570 4476 Beatus
2619 4435 2701 4484 es,
2737 4418 2929 4474 Simon
2981 4417 3240 4487 Barjona,
3294 4418 3424 4489 quia
3469 4429 3601 4472 caro

334 4505 627 4576 αίρετικῶν
654 4508 920 4578 στόματα,
959 4528 976 4560 ι
1008 4510 1069 4562 οὑ
1101 4513 1525 4582 κατισχύσουσιν
1556 4513 1746 4584 αὐτῆς.
1784 4535 1802 4568 ι

2021 4527 2076 4573 et
2114 4515 2346 4584 sanguis
2385 4527 2496 4568 non
2532 4510 2800 4566 revelavit
2836 4510 2962 4574 tibi,
2997 4510 3093 4564 sed
3129 4507 3293 4563 Pater
3325 4523 3478 4562 meus
3503 4506 3612 4577 qui

331 4599 507 4651 estin
550 4600 728 4654 cadis.
771 4598 852 4653 Tu
893 4615 953 4655 es
991 4598 1208 4667 Petrus,
1262 4621 1280 4654 ι
1323 4610 1377 4657 et
1425 4618 1594 4674 super
1648 4605 1792 4661 hanc
1853 4621 2062 4680 petram
2116 4605 2368 4662 Ecclesia
2425 4603 2654 4658 ﬁrmiter
2746 4601 3016 4657 aedificata
3071 4608 3176 4666 est,
3245 4620 3264 4653 ι
3301 4607 3356 4656 et
3425 4609 3599 4671 portae

333 4690 520 4754 inferi,
556 4710 572 4742 ι
619 4707 719 4746 ora
752 4693 940 4762 utique
973 4693 1384 4761 haereticorum,
1438 4714 1456 4747 ι
1491 4711 1601 4751 non
1644 4701 2017 4768 prmvalebunt
2044 4701 2310 4755 adversus
2343 4711 2462 4751 eam
2481 4696 2523 4749 ⁵.
2557 4714 2576 4746 ι

405 4790 467 4837 ε’.
501 4783 622 4836 Ἔτι
674 4785 924 4854 ὁμολογῶ
959 4786 1050 4838 τὸν
1105 4785 1400 4858 Τρισάγιον
1439 4789 1607 4860 ὑμνον
1638 4789 1735 4855 τὰς
1763 4796 1914 4866 τρεῖς

330 4875 656 4938 ὑποστάσεις
688 4877 788 4947 τῆς
845 4876 1097 4948 θεότητος
1146 4880 1454 4949 σημαίνειν,
1508 4883 1601 4935 καὶ
1645 4884 1743 4954 τὴν
1785 4884 1915 4954 μίαν

329 4967 518 5021 οὐσίαν
568 4969 660 5021 καὶ
687 4969 1006 5040 κυριότητα.
1052 4969 1144 5022 Διὸ
1176 4971 1296 5024 οὑδὲ
1335 4972 1434 5044 τὴν
1475 4974 1793 5046 προσθήκην
1817 4975 1912 5029 τοῦ

334 5060 730 5131 ματαιόφρονος
756 5061 964 5133 Πέτρου
994 5062 1090 5116 τοῦ
1121 5065 1390 5134 -Κναφὲως
1412 5067 1813 5138 παραδέχομαι.
1841 5071 1912 5124 ’Ἡ

331 5150 442 5222 γὰρ
473 5153 540 5222 τῇ
574 5152 762 5224 Τριάδι
797 5154 858 5207 τὸ
886 5155 986 5226 τῆς
1008 5154 1366 5226 σταυρώσεως
1417 5159 1686 5228 προσάγει
1717 5161 1909 5229 πάθος,

329 5241 364 5311 ἢ
395 5243 654 5314 τέταρτον
681 5247 747 5318 τῇ
777 5247 966 5318 Τριάδι
997 5250 1327 5321 παρεισάγει
1360 5250 1672 5320 πρόσωπον.

435 5443 456 5477 ⁸
484 5442 613 5513 Leo,
676 5444 852 5516 Epist.
895 5447 963 5504 ad
990 5447 1145 5506 Flav.
1261 5461 1282 5481 ‘
1331 5449 1530 5507 Matth.
1587 5466 1702 5519 xvn,
1744 5451 1930 5517 l5-l6,

2095 4791 2150 4846 5.
2184 4789 2456 4844 Praeterea
2499 4787 2770 4842 confiteor
2803 4785 3116 4858 Trisagium
3149 4787 3412 4858 hymnum
3448 4787 3598 4844 desi-

2021 4898 2191 4956 gnare
2227 4891 2339 4937 tres
2387 4879 2611 4936 deitatis
2655 4883 2999 4949 hypostases,
3030 4895 3304 4949 unamque
3335 4880 3596 4934 substan-

2022 4976 2178 5039 tiam,
2211 4983 2265 5029 et
2297 4988 2466 5027 unum
2518 4972 2887 5027 dominatum.
2931 4971 3297 5036 Quamobrem
3329 4970 3598 5038 adjectioe

2021 5080 2148 5119 nem
2210 5064 2388 5120 insani
2440 5062 2588 5116 illius
2628 5061 3048 5117 PelriFullonis
3100 5076 3446 5131 nequaquam
3497 5059 3598 5116 ad-

2022 5155 2203 5210 mitto.
2233 5156 2340 5208 Aut
2383 5153 2530 5208 enim
2561 5152 2822 5207 Trinitati
2872 5151 3248 5207 cruc’ilixionis
3280 5151 3595 5220 passionem

2020 5246 2251 5318 allingit,
2295 5254 2391 5300 aut
2422 5253 2677 5318 quartam
2727 5244 2985 5301 Triuitati
3037 5258 3328 5316 personam
3365 5243 3598 5315 profana

2019 5340 2232 5394 inserit.

2033 5455 2054 5486 υ
2082 5450 2216 5508 ibid.
2252 5447 2463 5517 17,18.

1583 5604 1822 5661 VAllUE
1866 5603 2273 5663 LECTIONES.

406 5694 430 5731 ⁸
459 5694 620 5751 Deest
651 5696 878 5768 aliquid.
