3928 6196
420 231 548 297 1431
1580 237 1640 299 s.
1680 236 2000 325 JOANNIS
2037 238 2471 305 DAMASCENI
3474 262 3594 331 1m

487 351 542 405 ο.
581 348 836 406 Detestor
870 364 1093 420 quoque
1119 350 1370 421 Origenis
1402 362 1756 425 nugamenta,
1786 370 1991 425 praeex-
2022 368 2038 414 Δ

2045 357 2071 413 ι
2170 364 2245 423 ς’.
2292 359 2697 433 ’Δποόάλλομαι
2720 362 2779 417 δὲ
2802 363 2985 420 καὶτὰ
3010 367 3301 440 Ὠριγὲνους
3329 372 3596 447 ληρήματα,

416 440 725 498 sistentiam
824 443 1156 508 animarum,
1245 445 1588 516 stultamque
1674 447 1967 502 earumden

2093 447 2195 516 τήν
2247 465 2307 501 τε
2366 448 2476 502 τῶν
2514 449 2702 522 ψυχῶν
2758 453 3089 526 προΰπαρξιν
3113 497 3128 522 ,
3166 459 3256 514 καὶ
3302 440 3410 534 τὴν.
3441 440 3601 537 άλογον

413 531 961 603 transmigrationem
996 541 1049 587 et
1098 540 1477 602 portentosam
1530 551 1712 591 rerum
1767 537 1964 593 restitu

2097 539 2544 610 μετεμψύχωσιγ,
2596 543 2691 596 καὶ
2745 543 2847 614 τὴν
2886 546 3146 620 τερατώδη
3192 531 3599 615 ἀποκατάστασιν,

413 624 641 680 tionem.
700 622 778 679 Ita
834 626 1039 690 sentio,
1100 634 1155 681 et
1210 641 1340 680 vere
1406 624 1696 692 conﬁteor,
1755 642 1960 699 cumqn

2094 631 2279 685 Ταῦτα
2310 634 2512 705 φρονῶ,
2537 636 2632 688 καὶ
2658 634 2827 700 ὅντως
2860 636 3120 707 ὁμολογῶ,
3150 641 3240 696 καὶ
3271 644 3398 712 μετὰ
3438 647 3603 720 ταύτης

411 717 517 772 hac
547 717 654 773 ﬁde
683 725 869 774 astare
911 718 1037 775 volo
1069 719 1354 775 tremendo
1388 719 1599 776 Christi
1631 720 1918 775 tribunali.

2090 723 2191 795 τῆς
2240 723 2478 787 πίστεως
2529 723 2762 795 εὔχομαι
2814 726 3157 797 παραστῆναι
3199 726 3272 799 τῷ
3314 732 3505 804 φρικτῷ
3530 717 3603 788 τοῦ

2090 813 2329 885 Χριστοῦ
2353 812 2578 886 βήματι.

482 894 537 951 7.
574 894 806 966 Insuper
835 905 1062 955 sanctas
1114 913 1207 954 sex
1264 900 1515 971 synodos
1568 899 1819 972 recipio:
1873 900 1993 956 Pri-

2162 906 2228 969 ζ’.
2280 907 2519 976 Δέχομαι
2564 906 2621 959 δὲ
2661 905 2761 970 τὰς
2807 907 2969 975 ἁγίας
3020 907 3077 975 ἐξ
3112 909 3375 974 συνόδους.
3401 913 3601 987 πρώτην,

411 1000 558 1042 mam
618 996 988 1045 trecentorum
1050 990 1359 1047 octodecim
1427 990 1651 1049 Patrum
1720 994 1956 1050 adversa

2087 997 2189 1068 τὴν
2223 997 2282 1050 ἐν
2313 997 2521 1069 Νικαίᾳ
2547 996 2792 1070 τῶ·ν”τιη’
2818 999 2989 1068 ἁγίων
3014 999 3265 1072 Πατέρων
3288 1004 3602 1076 κατὰἊρείου

411 1076 576 1150 395
617 1078 809 1135 Arium
861 1078 1184 1137 Tritheitam
1230 1082 1591 1138 celebratam.
1650 1084 1960 1141 Secundam

2087 1087 2183 1147 τοῦ
2213 1088 2523 1160 Τριθεττου.
2558 1089 2852 1161 Δευτέραν,
2883 1091 2978 1144 καὶ
3006 1089 3104 1162 τὴν
3144 1093 3199 1145 ὲν
3221 1092 3602 1151 Κωνσταντινου-

412 1169 891 1243 Constantinopoli
922 1182 1147 1229 centum
1174 1176 1579 1247 quinquaginta
1609 1175 1830 1231 Patrum
1856 1192 1962 1233 con

2133 1181 2245 1234 όλει
2266 1181 2374 1235 τῶν
2401 1187 2499 1253 ρν’,
2531 1182 2675 1235 κατὰ
2703 1183 3038 1237 Μακεδονίου
3065 1183 3159 1237 τοῦ
3184 1188 3601 1258 πνευματομάχου.
3678 1182 3682 1187 ’

412 1268 499 1317 tra
525 1260 904 1319 Macedonium
953 1264 1196 1338 Spiritus
1234 1268 1412 1323 sancti
1450 1269 1692 1324 hostem.
1722 1267 1961 1325 Tertiam

2089 1276 2317 1347 Τρίτην,
2355 1276 2448 1328 καὶ
2474 1275 2574 1345 τὴν
2600 1277 2657 1327 ὲν
2707 1275 2920 1347 Ἐφέσῳ
2952 1275 3015 1329 τὸ
3042 1275 3317 1347 πρότερον,
3344 1278 3442 1333 τῶν
3459 1278 3604 1334 διακο-

408 1368 533 1425 quas
592 1354 872 1426 Ephesina
926 1357 1110 1431 prima
1169 1368 1273 1423 est,
1339 1360 1708 1416 ducentorum
1763 1360 1959 1419 Pan-un

2089 1368 2244 1433 σίων,
2274 1369 2416 1422 κατὰ
2446 1367 2743 1439 Νεστορίου
2770 1367 2865 1421 τοῦ
2900 1366 3173 1438 διαιρέτου
3196 1368 3289 1441 τῆς
3308 1370 3513 1441 Χριστοῦ
3532 1371 3603 1425 τοῦ

410 1455 603 1503 contra
659 1446 978 1505 Nestorium
1030 1451 1198 1507 unius
1251 1452 1460 1508 Christi
1516 1455 1610 1509 Dei
1670 1455 1961 1529 hypostasi;

2086 1462 2223 1516 Θεοῦ
2248 1462 2624 1528 ὑποστάσεως,
2653 1462 2750 1515 καὶ
2786 1460 3268 1532 ἀνθρωπολάτρου,
3290 1460 3377 1515 καὶ
3400 1462 3605 1533 τετραδὸ-

409 1536 737 1607 divisorem,
801 1541 1219 1609 hominicolam,
1282 1546 1677 1615 quaternitatis
1744 1557 1959 1604 asserto

2088 1570 2304 1623 φρονος,
2335 1554 2427 1606 καὶ
2462 1551 2764 1623 δυσμενοῦς
2788 1551 2889 1623 τῆς
2914 1552 3134 1625 ἀληθῶς
3154 1552 3418 1608 Θεοτόκου.
3440 1555 3604 1626 Τετάρ-

407 1645 552 1698 rem,
589 1648 655 1688 ac
699 1633 961 1690 infestum
998 1635 1091 1691 Dei
1136 1635 1427 1693 Cenitrici.
1482 1637 1767 1707 Quartam,
1811 1641 1958 1696 Chal

2053 1706 2057 1715 δ
2086 1660 2206 1715 την,
2239 1643 2334 1696 καὶ
2363 1643 2464 1713 τὴν
2506 1642 2564 1696 ἐν
2600 1642 2906 1713 Χαλκηδόνι
2932 1641 3044 1695 τῶν
3066 1642 3165 1713 XN,
3205 1642 3337 1697 κατὰ
3371 1642 3604 1714 Εὐτυχέως

407 1723 782 1781 eedonensem
858 1734 1245 1783 sexcentarum
1304 1729 1525 1800 triginta
1593 1730 1818 1787 Patrum
1886 1734 1958 1787 ad

2051 1704 2058 1749 ἶ
2088 1737 2182 1790 καὶ
2209 1735 2504 1804 Διοσκόρου
2530 1734 2639 1787 τῶν
2684 1733 3093 1807 Θεοπασχιτῶν.
3130 1735 3237 1788 Καὶ
3259 1733 3351 1806 τὴν
3376 1734 3602 1805 πέμπτην,

404 1832 605 1874 versus
653 1817 953 1892 Eutychem
1011 1830 1067 1876 et
1125 1820 1457 1877 Dioscorum
1528 1821 1955 1897 Theopaschitas

2080 1830 2180 1901 τὴν
2209 1832 2269 1883 ἐν
2301 1827 2875 1883 Κωνσταντινουπόλει
2896 1828 3011 1881 τῶν
3041 1826 3149 1899 ρξδ⁹
3183 1827 3343 1895 ἁγίων
3371 1828 3601 1899 Πατέρων.

406 1904 688 1973 Quintam,
764 1908 1443 1980 Constantinopolitanam
1518 1920 1739 1967 centum
1829 1928 1957 1968 sexa

2080 1922 2222 1976 κατὰ
2262 1921 2574 1991 Ὠριγένους
2615 1917 2711 1974 τοῦ
2761 1917 3105 1990 ληρήσαντος
3136 1917 3399 1989 γέροντος*
3423 1917 3501 1969 καὶ
3527 1914 3603 1985 τὴν

405 1998 557 2068 ginta
588 2009 829 2069 quatuor
857 2009 1182 2055 sanctorum
1224 1999 1452 2055 Patrum
1489 2003 1757 2058 adversus
1795 2001 1956 2076 Orige

2077 2013 2262 2079 ἕκτην,
2293 2011 2404 2066 τῶν
2437 2009 2582 2075 σπθν,
2617 2010 2674 2062 ἐν
2709 2010 2776 2079 τῇ
2812 2008 3052 2079 μεγίστῃ
3101 2003 3602 2060 Κωνσταντινουπόλει

404 2103 531 2144 nem
567 2105 833 2161 nugacem
888 2107 1098 2148 senem.
1143 2092 1362 2148 Sextam
1416 2094 1676 2165 denique,
1709 2096 1952 2153 ducenta

2088 2104 2401 2175 ἁγιωτάτην
2427 2101 2522 2157 καὶ
2553 2100 2980 2172 ὁρθοδοξοτάτην
3006 2098 3221 2153 σύνοδον
3249 2098 3374 2153 κατὰ
3401 2096 3600 2166 Σεργίου.

404 2193 526 2233 rum
568 2182 852 2252 octoginta
904 2197 1100 2239 novem
1157 2184 1381 2242 Patrum
1437 2191 1850 2247 sanctissimam
1890 2208 1955 2249 re

2088 2198 2184 2251 καὶ
2217 2193 2421 2265 Κύρου,
2465 2194 2560 2247 καὶ
2611 2189 2855 2255 Παύλου,
2888 2191 2991 2244 καὶ
3029 2190 3259 2261 Πέτρου,
3300 2188 3383 2242 καὶ
3406 2187 3597 2258 Πύρρου,

395 2271 770 2344 ctissimmque
789 2276 1061 2332 doctrina:
1086 2281 1358 2349 synodum
1381 2282 1437 2337 in
1462 2284 1808 2354 amplissima
1838 2288 1946 2344 urb

2087 2290 2184 2343 καὶ
2201 2285 2511 2358 Μακαρίου,
2529 2285 2627 2339 καὶ
2648 2283 2925 2353 Στεφάνου
2952 2282 3049 2337 τοῦ
3082 2281 3242 2336 αὐτοῦ
3268 2278 3475 2352 μαθητοῦ
3497 2295 3598 2346 συγ-

402 2363 1018 2437 Constantinopolitana
1063 2372 1392 2428 celebratam
1424 2376 1693 2434 adversus
1720 2377 1953 2451 Sergiun

2087 2379 2482 2452 κροτηθεῖσαν·
2531 2376 2627 2431 καὶ
2658 2375 2836 2429 πάντα
2886 2373 2959 2427 τά
3013 2373 3108 2426 ὑπ’
3151 2372 3320 2426 αὐτῶν
3355 2369 3599 2441 ὁρισθέντα,

400 2465 452 2508 et
477 2453 775 2527 Cyrum.et
824 2457 1053 2514 Paulum
1100 2471 1155 2517 et
1205 2461 1427 2519 Petrum
1487 2476 1541 2522 et
1600 2468 1868 2541 Pyrrhum
1925 2488 1951 2528 e

2086 2473 2300 2543 στέργω
2333 2469 2429 2525 καλ⁵
2454 2466 2840 2540 ἁσμενίζομαι,
2868 2466 3171 2536 δεκάμμενος
3204 2464 3390 2526 πάντας
3416 2461 3492 2524 οὓς
3515 2458 3604 2513 ἑδέ-

402 2544 705 2603 Macarium
733 2557 787 2606 et
817 2549 1157 2621 Stephanum
1182 2555 1304 2625 ejus
1328 2557 1661 2630 discipulum
1694 2572 1939 2619 coactam

2085 2568 2278 2633 ξαντο,
2338 2570 2434 2619 καὶ
2468 2562 2909 2632 ἁποΰαλλόμενος
2960 2561 3072 2614 καὶ
3109 2557 3479 2630 ἁναθεματίζων
3503 2553 3603 2607 πάν-

400 2644 456 2691 et
484 2639 672 2693 omnia
705 2655 826 2709 quae
857 2642 928 2697 ab
962 2644 1044 2699 eis
1100 2645 1325 2709 deﬁnita
1366 2657 1500 2704 sunt
1551 2652 1878 2723 amplector,
1913 2656 1950 2711 li

2076 2677 2175 2723 τας
2199 2658 2292 2722 οῦς
2312 2656 2666 2719 ἀπεϐάλοντο,
2698 2654 2794 2709 καὶ
2824 2654 3022 2724 πᾶσα-δ
3053 2652 3282 2724 αἵρεσιν,
3301 2649 3389 2703 ἀπὸ
3406 2646 3603 2717 Σίμωνος

399 2729 647 2803 bensque
670 2735 918 2807 suscipio
946 2751 1139 2794 omnes
1188 2755 1330 2810 quos
1376 2721 1763 2813 susceperunt,
1801 2756 1855 2801 et
1884 2749 1950 2804 de

2075 2721 2170 2805 τοῦ
2208 2752 2401 2819 Μάγου
2451 2748 2616 2818 μέχρι
2670 2746 2779 2799 τῶν
2835 2721 2930 2798 νῦδ
3008 2721 3324 2815 κινηθεισῶν
3364 2738 3477 2794 κατὰ
3515 2738 3598 2808 τῆς

397 2826 576 2876 testor
619 2830 677 2879 et
728 2825 1142 2884 anathematizo
1184 2844 1379 2887 omnes
1434 2848 1574 2903 quos
1625 2836 1948 2906 abiecerunt

1921 2849 1974 2909 ιι,
2077 2844 2239 2913 ἁγίας
2267 2842 2361 2895 τοῦ
2388 2835 2629 2911 Χριστοῦ
2663 2838 2761 2890 καὶ
2777 2835 2914 2890 Θεοῦ
2951 2837 2982 2905 ἡ
3008 2834 3127 2905 μῶν
3165 2832 3472 2903 Ἐκκλησίας.

396 2910 638 2985 itemque
671 2916 925 2975 haeresim
984 2936 1205 2978 omnem
1236 2940 1268 2978 a
1311 2924 1536 2983 Simone
1592 2927 1750 3000 Mago
1805 2950 1981 3007 usque
2019 2910 2211 2993 adeas
2239 2951 2361 3006 quae
2396 2910 2546 2989 nunc
2605 2931 2860 2988 excitatae
2934 2938 3082 2985 sunt
3122 2929 3367 2984 adversus
3408 2928 3604 2980 sanctam

396 3000 601 3063 Christi
627 3006 835 3082 Deique
862 3014 1038 3070 nostri
1071 3015 1398 3073 Ecclesiam.

467 3101 523 3158 8.
557 3100 623 3158 Et
663 3100 791 3175 juro
831 3121 929 3177 per
980 3118 1254 3178 sanctam,
1305 3116 2018 3192 consubstantialemque,t

2148 3124 2218 3190 η’.
2254 3115 2364 3169 Καὶ
2389 3114 2597 3184 ὄμνυμι
2623 3111 2766 3165 κατὰ
2796 3110 2895 3180 τῆς
2931 3109 3111 3177 ἁγίας
3151 3109 3243 3161 καὶ
3261 3097 3606 3207 ὁμοουσίου.καὶ

374 3201 453 3249 “et
486 3194 823 3259 adorandam
869 3196 1220 3269 Trinitatem.
1272 3206 1483 3278 absque
1536 3213 1687 3267 omni
1743 3212 1873 3268 dolo
1920 3237 1925 3262 ‹

2078 3205 2462 3283 προσκυνητῗκ
2513 3202 2766 3275 Τριάδος,
2821 3200 3040 3264 παντὸς
3092 3199 3241 3253 δόλου
3289 3194 3457 3269 χωρὶς,
3493 3194 3605 3283 οὕτω

398 3284 618 3383 fraude,
661 3302 748 3383 me
791 3289 866 3344 ita
913 3293 1140 3361 sentire,
1192 3312 1293 3352 nec
1326 3298 1475 3354 aliud
1512 3302 1795 3377 quidpiam
1829 3319 1941 3375 pra:

2078 3281 2314 3375 φρονεῖν,
2344 3299 2440 3352 καὶ
2473 3295 2640 3368 μηδὲν
2671 3293 2858 3365 ἕτερον
2895 3292 3061 3383 παρά
3081 3290 3252 3383 ταῦτα
3276 3286 3515 3383 δέχεσθαι,
3532 3281 3603 3334 καὶ

397 3385 486 3433 ter
519 3376 610 3433 illa
643 3377 955 3447 admittere,
986 3398 1088 3440 nec
1145 3401 1230 3443 me
1262 3376 1803 3449 communicaturum
1849 3410 1948 3450 cun

2081 3393 2154 3464 μὴ
2200 3390 2478 3444 κοινωνεῖν
2525 3382 2864 3465 ἑτεροπίστῳ
2917 3381 3102 3447 οὓτως
3160 3380 3233 3452 μὴ
3288 3376 3594 3465 ὁμολογοῦντι,

400 3466 597 3535 altero,
653 3471 744 3539 qui
803 3469 966 3526 ﬁdem
1024 3474 1167 3532 hanc
1200 3492 1311 3532 non
1357 3479 1709 3546 conﬁteatur,
1745 3498 1809 3538 ac
1836 3499 1947 3554 prae

2075 3461 2368 3554 ἐξαιρέτως
2398 3480 2510 3540 τοῖς
2535 3461 2885 3546 Μαρωνίταις
2906 3489 2920 3503 ·
2952 3475 3097 3544 μήτε
3111 3469 3366 3569 *δέχεσθαι
3392 3461 3596 3569 κληριιιὸν

400 3559 590 3614 sertim
623 3574 750 3616 cum
801 3560 1109 3631 Maronitis,
1142 3581 1321 3638 neque
1348 3584 1435 3629 me
1479 3579 1828 3642 recepturum
1865 3574 1949 3630 cle

2074 3574 2304 3642 δίγαμον
2332 3570 2410 3632 εἰς
2454 3567 2739 3638 ίερατεῖον,
2772 3562 2909 3634 ἥείς
2946 3563 3073 3616 οἵαν
3107 3561 3304 3632 δήποτε
3348 3559 3598 3659 ἐγχείρησιν

398 3652 576 3707 ricum
608 3653 882 3725 bigamum
936 3655 1004 3711 ad
1041 3659 1436 3727 sacerdotium,
1465 3671 1560 3718 aut
1600 3664 1949 3737 quodcunqm

2081 3660 2369 3734 Πατρικῶς
2401 3655 2770 3731 ἁρμόζουσαν.
2808 3652 3257 3709 Ὑποτάσσεσθαι
3283 3652 3345 3721 τῇ
3379 3648 3597 3717 ἁγιωτάτῃ

398 3759 604 3799 munus
635 3746 781 3816 quod
813 3747 1005 3805 Patres
1033 3749 1245 3807 deceat.
1283 3750 1555 3810 Praeterea
1587 3771 1672 3812 me
1697 3757 1949 3814 subditur]

2078 3758 2342 3829 καθολικῇ
2372 3755 2467 3809 καὶ
2498 3750 2831 3822 ἀποστολικῇ
2868 3749 3176 3822 Ἐκκλησία
3195 3748 3292 3817 τῆς
3320 3739 3599 3845 etiam“?

395 3832 519 3891 fore
551 3845 758 3893 sancta:
795 3839 1082 3897 catholica:
1117 3852 1172 3898 et
1200 3844 1521 3914 apostolica:
1562 3846 1828 3906 Ecclesia
1862 3867 1946 3907 me

2077 3851 2234 3924 ἡμῶν
2272 3828 2664 3921 μητροπόλεως
2708 3841 3034 3915 Δαμασκοῦ,
3079 3843 3174 3898 καὶ
3216 3843 3272 3896 ἐν
3315 3828 3605 3938 πᾶσιαπείθεζ

397 3928 633 4000 tropolis
694 3930 1071 3989 dilectissimze
1118 3934 1343 3992 Christo
1368 3937 1645 4004 Damasci,
1699 3950 1864 4013 atque
1919 3943 1948 3999 Il

2080 3945 2203 3999 σθαι
2238 3942 2333 3997 καὶ
2382 3938 2681 3994 ὑπακούειν
2710 3939 2777 4008 τῇ
2834 3938 2900 4007 σῇ
2942 3935 3248 4006 ἁγιωσύνῃ,
3282 3928 3490 4030 καὶτοῖς
3514 3936 3590 3994 μετ

396 4022 658 4082 omnibus
712 4024 1106 4081 obsecuturum
1158 4028 1625 4100 obediturumque
1675 4042 1782 4089 tua:
1847 4051 1947 4091 san

2078 4037 2249 4108 αὐτὴν
2297 4033 2395 4104 τῆς
2449 4030 2763 4098 ἁγιωτάτης
2828 4026 3168 4098 Ἐκκλησίας
3221 4022 3607 4119 etpost-sistit)?»

396 4116 600 4185 ctitati,
630 4126 685 4174 et
716 4118 829 4174 illis
865 4118 958 4188 qui
994 4128 1120 4191 post
1152 4136 1275 4177 eam
1307 4124 1676 4180 sanctissimae
1727 4125 1947 4197 ejusden

2078 4130 2174 4182 καὶ
2206 4105 2286 4199 μὴ
2315 4122 2568 4196 δέχεσθαί
2591 4137 2716 4175 τινα
2736 4120 2847 4174 τῶν
2881 4118 3209 4190 Μανιχαίων
3238 4115 3337 4168 τῶν
3364 4105 3607 4199 ἐκϐληθέν-

396 4206 663 4266 Ecclesiae
694 4211 961 4282 praesules
991 4224 1174 4281 erunt,
1222 4230 1404 4286 neque
1436 4194 1787 4289 recepturum
1834 4220 1947 4276 citr;

2075 4238 2184 4277 των
2350 4194 2448 4289 τῆς
2480 4215 2579 4287 σῆς
2612 4212 2953 4306 ἁγιωσύνηῇ
2991 4210 3145 4283 παρὰ
3186 4201 3518 4306 Tethyi-luxui.

396 4304 709 4360 sanctitatis
737 4312 845 4360 tuae
878 4306 1212 4362 sententiam
1260 4316 1316 4362 et
1344 4307 1684 4377 jussionem,
1732 4309 1947 4381 aliquen

2077 4314 2260 4365 λευσιν
2288 4310 2387 4380 τῆς
2429 4308 2527 4376 σῆς
2567 4304 2878 4374 ἁγιότητος.
2916 4302 3168 4374 Στοιχεῖν
3190 4301 3245 4355 δὲ
3282 4299 3369 4394 καὶ
3393 4297 3608 4394 ἐμμένειν

395 4403 428 4445 e
450 4386 769 4447 Maniehaais
801 4408 942 4465 quos
985 4403 1077 4451 tua
1150 4397 1419 4453 sanctitas
1454 4401 1868 4471 proscripserit.
1896 4403 1939 4456 A

2080 4406 2192 4467 τοῖς
2226 4400 2401 4471 ἁγίοις
2456 4398 2645 4452 κανόσι
2701 4395 2813 4450 τῶν
2869 4394 3048 4463 ἁγίων
3081 4389 3403 4448 ἀποστόλων,
3450 4386 3542 4436 τῶν
3566 4393 3609 4431 τε

394 4482 620 4538 tandem
654 4482 1041 4543 observantem
1093 4502 1179 4543 me
1211 4486 1332 4544 fore
1363 4504 1651 4545 sacrorum
1695 4507 1945 4549 eanonur

2083 4464 2254 4566 ἁγίων
2276 4464 2542 4555 συνόδων,
2574 4492 2669 4544 καὶ
2707 4488 2804 4543 τοῦ
2839 4488 3001 4557 ἁγίου
3048 4486 3141 4540 καὶ
3175 4471 3610 4577 θεοφάντοροςΛΒαΣ

399 4585 722 4633 sanctorum
779 4579 1183 4649 apostolorum,
1228 4588 1664 4653 sanctarumque
1730 4584 1946 4655 synodo

2086 4563 2286 4641 σιλείου
2309 4602 2322 4615 ·
2361 4581 2533 4637 ταῦτα
2559 4581 2736 4635 πάντα
2768 4577 2990 4649 φυλάξω
3021 4576 3245 4651 θαρρῶν
3275 4574 3378 4636 τοῖς
3400 4566 3484 4674 τοῦ
3504 4563 3609 4674 Θεον

397 4682 545 4732 rum,
574 4675 631 4724 et
677 4668 857 4725 sancti
892 4684 1188 4741 rerumque
1234 4652 1943 4731 divinarumienuntiatori

2084 4677 2313 4746 άφάτοις
2358 4674 2663 4746 οίκτιρμοῖς
2704 4671 2799 4726 καὶ
2842 4671 2963 4734 ταῖς
3002 4668 3300 4740 ὑμετέραις
3329 4660 3515 4762 εὐχαῖς,
3540 4652 3610 4762 καί

396 4758 614 4826 Basilii,
668 4761 848 4833 iisque
879 4761 1112 4819 ﬁrmiter
1151 4762 1521 4820 adhaesuram.
1576 4767 1738 4822 Istaec
1794 4768 1943 4823 omni

2089 4765 2229 4837 μετὰ
2262 4762 2467 4833 ταύτης
2486 4762 2583 4833 τῆς
2615 4760 2852 4822 πίστεως
2895 4759 3319 4831 παραστήσομαι
3343 4746 3609 4848 τῷ-βήματξ

400 4851 737 4919 custodiam,
769 4851 1022 4907 ﬁduciam
1066 4851 1275 4910 habens
1313 4855 1367 4908 iu
1403 4855 1780 4926 inexplicabili
1811 4857 1950 4915 mise

2085 4857 2180 4911 τοῦ
2215 4854 2473 4929 Χριστοῦ,
2501 4854 2598 4909 καὶ
2618 4853 2763 4924 τύχω
2793 4850 2892 4920 τῆς
2912 4849 3081 4903 αὐτοῦ
3105 4841 3453 4942 σωτηρίας-τη
3480 4848 3609 4939 aurae

399 4941 645 4999 ricordia
700 4944 821 5010 Dei,
880 4954 933 4999 et
987 4946 1044 5001 in
1106 4945 1309 5003 vest’ris
1344 4945 1713 5015 orationibus,
1742 4964 1945 5020 cumqu

2087 4952 2289 5022 χάριτι.
2332 4944 2491 5016 Αὑτῷ
2524 4947 2559 5016 ἡ
2591 4941 2719 5008 δόξα
2751 4942 2844 4996 καὶ
2874 4941 2934 4995 τὸ
2966 4940 3171 5011 κράτος
3205 4937 3299 5037 σὺν
3327 4930 3401 5037 si}:
3429 4929 3610 5037 dydPXftj

401 5032 509 5090 ﬁde
544 5033 651 5090 hac
687 5035 879 5091 astabo
923 5036 1188 5093 tribunali
1228 5034 1462 5106 Christi,
1527 5052 1625 5109 per
1665 5038 1828 5108 cuius
1851 5054 1947 5110 gra

2084 5020 2262 5111 Πατρὶ
2280 5038 2375 5093 καὶ
2398 5037 2474 5108 τῷ
2502 5035 2640 5107 ἁγὲῳ
2655 5035 2953 5104 Πνεύματι,
2969 5031 3066 5085 νῦν
3084 5030 3177 5085 καὶ
3201 5026 3307 5091 ἀεὶ,
3325 5022 3409 5077 καὶ
3429 5020 3498 5079 είς
3512 5020 3608 5070 τοὺς

403 5124 533 5179 tiam
569 5125 805 5182 salmem
838 5126 961 5199 ejus
996 5142 1117 5183 sum
1149 5137 1572 5186 consecuturus.
1634 5127 1740 5201 Ipsi
1799 5131 1954 5201 glori:

1375 5137 1572 5186 Iturus.
1634 5127 1740 5201 Ipsi
1799 5131 1973 5201 gloria
2086 5133 2290 5195 αἰῶνας
2322 5129 2430 5184 τῶν
2463 5128 2694 5183 αἰώνων.
2735 5125 2926 5196 Ἀμήν.

402 5219 458 5267 et
490 5214 779 5286 imperium
811 5232 937 5273 cum
982 5217 1149 5276 Patre
1179 5219 1273 5290 qui
1304 5221 1425 5276 sine
1474 5221 1747 5293 principio
1774 5228 1877 5288 est,
1908 5228 1961 5277 et
2001 5220 2207 5293 Spiritu
2240 5230 2459 5283 sancto,
2496 5235 2639 5274 nunc
2686 5227 2741 5274 et
2776 5232 2991 5290 semper
3052 5223 3107 5270 et
3179 5213 3233 5267 in
3288 5204 3468 5263 saecula
3527 5209 3609 5249 εκ*

403 5310 677 5370 culorum.
711 5308 904 5368 Amen.
