3928 6196
408 328 545 390 1435
1598 311 1659 370 S.
1700 304 2019 368 JOANNIS
2056 304 2490 365 DAMASCENI
3544 288 3673 356 M36

405 438 3675 503 W—w

1213 603 1717 694 ΙΩΑΝΝΟΥ
1806 600 2147 689 ΑΙῚΟΥ
2250 595 2812 689 ΜΟΝΑΧΟΥ

1547 471 1926 482 ————————

1796 873 1933 928 ΔΑΜ
1943 869 2183 927 ΑΣΚΗΝ
2187 869 2278 923 ΟΥ

621 1039 873 1101 ΤΟΜΟΣ,
906 1037 999 1090 ΩΣ
1034 1039 1134 1090 ΕΚ
1182 1033 1587 1089 ΠΡΟΣΩΠΟΥ
1630 1029 1913 1084 ΠΕΤΡΟΥ
1942 1027 2073 1083 ΤΟΥ
2115 1023 2523 1081 ΑΓΙΩΤΑΤΟΥ
2562 1019 3008 1076 ΕΠΙΣΚΟΠΟΥ
3044 1011 3468 1078 ΔΑΜΑΣΚΟΥ,

1113 1189 1267 1258 Πρὸς
1300 1189 1407 1242 τὸν
1425 1187 1768 1242 ἐπίσκοπον
1789 1184 1973 1253 δῆθεν
2010 1181 2117 1238 τοῦ
2153 1178 2410 1251 Δαραίας
2450 1176 2558 1233 τόν
2590 1173 2963 1242 Ἰακωϐίτην.

1247 1509 1661 1601 SANCTI
1717 1507 2232 1600 JOANNIS
2285 1503 2837 1597 MONACHI

1861 1700 1948 1754 DA
1959 1697 2259 1755 MASCENI

574 1869 966 1942 LlBELLUS,
1043 1868 1291 1930 VELUT
1345 1868 1446 1926 EX
1514 1863 1863 1924 PERSONA
1907 1863 2139 1923 PETRI
2211 1859 2695 1923 SANCTISSIMI
2770 1860 3114 1922 EPISCOPI
3180 1860 3525 1922 DAMASCI

1475 2037 1558 2080 AD
1593 2036 1941 2080 EPISCOPUM
1987 2033 2228 2078 DAREE
2255 2033 2621 2078 JACOBITAM.

486 2339 646 2409 397
678 2338 726 2392 l.
748 2335 1087 2406 Sapientium
1102 2335 1323 2404 sapiens
1337 2342 1419 2389 est
1439 2333 1993 2404 pronuntiatum,nec
2024 2336 2069 2393 Α

2165 2328 2234 2385 α’.
2266 2328 2403 2383 Οὐδὲ
2437 2329 2497 2382 τὸ
2526 2327 2713 2391 καλὸν,
2747 2328 2835 2380 ὅτε
2869 2326 2946 2399 μὴ
2987 2326 3170 2391 καλῶς
3215 2328 3473 2399 γένηται·
3499 2331 3701 2400 σοφῶν

416 2426 622 2485 bonum
659 2443 784 2483 esse
814 2428 1017 2481 bonum
1042 2468 1056 2491 ,
1093 2426 1197 2479 nisi
1229 2434 1374 2480 recte
1407 2433 1650 2495 geratur.
1681 2423 1796 2479 [Ioc
1827 2424 1991 2477 etiam

2112 2426 2256 2495 Βῆσις
2285 2424 2424 2493 σοφή
2458 2422 2543 2485 τίς
2563 2423 2701 2473 ἐστι.
2729 2420 3015 2491 Μαρτυρεῖ
3044 2421 3102 2474 δὲ
3137 2423 3234 2475 καὶ
3263 2425 3377 2485 τοῖς
3410 2418 3702 2495 Έὸραίων

416 2518 486 2574 de
549 2518 793 2573 llebrteis
845 2525 1080 2572 testatur
1133 2515 1352 2569 divinus
1405 2515 1706 2585 Apostolus
1758 2514 1809 2577 ⁸,
1847 2511 1994 2582 quod

2112 2515 2284 2567 παισὶν
2304 2517 2331 2567 ό
2362 2513 2504 2576 θεῖος
2521 2510 2864 2575 Ἀπόσιτολος1
2881 2511 2957 2574 ὡς
2982 2510 3143 2584 ζῆλον
3170 2513 3271 2584 μὲν
3292 2513 3430 2567 Θεοῦ
3452 2513 3696 2586 ἔχουσιν,

420 2610 597 2664 zelum
658 2607 880 2678 quidem
938 2605 1035 2661 Dei
1078 2606 1352 2669 habeam,
1383 2605 1479 2660 sed
1535 2620 1644 2659 non
1691 2604 1994 2659 secundum

2112 2605 2213 2657 Ξιλλ⁹
2244 2605 2311 2658 οὐ
2330 2605 2450 2658 κατ’
2491 2604 2791 2673 ἐπίγνωσιν
2812 2619 2825 2633 °
2867 2603 2968 2657 οὐκ
2997 2606 3056 2657 ἐν
3089 2605 3297 2677 ἐπαίνῳ
3323 2606 3425 2675 τὴν
3476 2624 3698 2678 μαρτυ-

417 2701 710 2758 scientiam
762 2717 776 2754 :
835 2698 979 2769 quod
1042 2696 1419 2751 testimonium
1475 2697 1699 2751 minime
1761 2697 1879 2749 vult
1940 2695 1995 2750 in

2112 2696 2223 2765 ρίαν
2260 2696 2451 2761 τιθεὶς,
2490 2695 2627 2750 ἀλλὰ
2657 2695 2830 2767 δήπου
2870 2696 3241 2767 μεμφόμενος.
3270 2697 3445 2751 Καλὸν
3473 2700 3505 2751 ὁ
3527 2698 3701 2769 ζῆλος

418 2794 638 2847 laudem
670 2807 862 2845 eorum
915 2790 1149 2852 cedere,
1182 2790 1276 2845 sed
1330 2789 1513 2859 potius
1552 2788 1606 2842 in
1640 2788 1994 2857 vituperium.

2112 2792 2198 2862 τῆς
2226 2791 2533 2856 εὐσεϐείας,
2553 2790 2666 2844 ἀλλ’
2690 2790 2884 2862 ἀγάπῃ
2911 2792 3391 2862 συγκεκραμένος.
3408 2792 3705 2862 Στυγητδν

420 2885 604 2940 Bonus
640 2892 723 2939 est
758 2883 1041 2952 religionis
1077 2882 1264 2948 zelus,
1298 2881 1393 2937 sed
1426 2880 1520 2949 qui
1560 2879 1827 2934 charitate
1860 2886 1999 2934 tem-

420 2986 655 3047 peratus
701 2975 792 3032 sit.
862 2972 1117 3043 Nequitia
1154 2989 1244 3028 res
1289 2973 1483 3027 odiosa
1543 2978 1679 3026 est:
1716 2970 1812 3040 qui
1870 2984 2002 3025 vero

422 3068 567 3124 illam
608 3068 882 3131 admittat,
928 3064 1414 3122 commiseratione
1451 3064 1613 3134 plane
1651 3061 1854 3135 dignus
1897 3069 2000 3118 est.

2098 2884 2132 2951 ἡ
2157 2882 2344 2946 κακία,
2377 2881 2492 2935 ἀλλ’
2528 2881 2711 2945 ἐλέους
2735 2883 2764 2934 ὁ
2796 2884 3003 2954 ταύτην
3020 2882 3308 2953 δεχόμενος
3332 2884 3522 2947 ἄξιοςο
3564 2884 3706 2955 μισῶ

2100 2973 2200 3044 τὴν
2228 2973 2522 3043 σηπεδόνα,
2546 2973 2608 3027 τὸ
2638 2973 2799 3044 μέλος
2827 2974 2883 3027 δὲ
2911 2975 3180 3044 περιέπω,
3208 2975 3317 3038 ἕως
3332 2975 3495 3029 οὔπω
3522 2976 3705 3030 τέλεον

2103 3067 2406 3138 ἄχρηστονσ
2446 3068 2541 3121 καὶ
2571 3067 2750 3121 πάντα
2783 3067 2881 3138 μὲν
2905 3068 2970 3139 δὴ
2998 3068 3182 3121 κάλων
3207 3068 3378 3133 κινῶ,
3415 3068 3484 3122 τὸ
3522 3069 3592 3139 δὴ
3618 3069 3707 3122 λε-

422 3159 632 3215 Tabum
676 3159 990 3224 abominor;
1050 3167 1106 3212 at
1146 3157 1453 3215 membrum
1519 3155 1712 3219 foveo,
1758 3153 1999 3225 quandiu

2112 3159 2358 3229 γόμενον,
2384 3158 2481 3212 καὶ
2510 3159 2706 3229 τέχνην
2735 3158 3007 3229 ἀνιχνεύω
3034 3160 3276 3222 ἃπασαν,
3323 3160 3426 3213 καὶ
3450 3159 3707 3226 ἀλεξίκα-

422 3267 531 3307 non
559 3252 752 3306 inutile
785 3267 1014 3321 prorsus
1047 3265 1147 3304 nec
1188 3250 1436 3303 vitiatum
1489 3255 1594 3303 est.
1638 3246 2004 3313 Quamobrem

2112 3266 2202 3303 κον
2253 3248 2586 3318 μηχανῶμαι
2639 3249 2976 3319 φάρμακον,
3034 3250 3130 3301 καὶ
3190 3248 3326 3303 Θεὸν
3385 3249 3707 3320 ὲπιὸοῶμαι

426 3344 653 3408 funem,
707 3351 765 3396 ut
833 3345 1028 3404 aiunt,
1080 3357 1297 3395 onmem
1353 3356 1580 3403 moveo,
1638 3339 1842 3392 nullam
1897 3354 2006 3394 non

2112 3340 2416 3410 συνέριθον,
2478 3339 2620 3393 αἰδοῖ
2662 3341 2759 3393 καὶ
2802 3339 2951 3410 πόθῳ
2983 3339 3078 3393 τοῦ
3114 3340 3397 3409 ὁμοφύλου
3458 3342 3562 3395 καὶ
3610 3341 3705 3411 τῆς

428 3441 602 3488 artem
648 3434 993 3504 pervestigo,
1033 3431 1335 3486 remedium
1381 3430 1603 3485 salubre
1653 3430 1869 3490 molior,
1914 3429 2011 3482 ad-

2112 3432 2429 3503 ὁμωνυμίας
2460 3431 2809 3502 βαλλόμενος,
2844 3432 2940 3486 καλ⁸
2970 3432 3063 3484 τὸν
3083 3430 3318 3499 θύραθεν
3344 3431 3549 3502 μῶμον
3571 3433 3703 3486 ἀπο-

431 3527 670 3595 jutorem
721 3523 894 3577 Deum
928 3525 1163 3587 invoco,
1192 3532 1246 3576 et
1290 3536 1399 3591 qua
1449 3522 1793 3584 reverentia,
1834 3534 2011 3590 quove

2113 3522 2414 3594 σειόμενος.
2449 3522 2508 3575 Εἰ
2535 3523 2632 3593 μὲν
2654 3519 2748 3576 οὖν
2771 3522 2945 3576 πείσω
2971 3523 3068 3594 τὴν
3096 3524 3306 3591 ὑγείαν,
3341 3524 3420 3593 τῷ
3450 3524 3706 3579 δεδωκότι

430 3633 620 3674 amore
657 3625 856 3688 tangor
908 3631 1039 3685 erga
1085 3630 1211 3669 eum
1273 3614 1364 3682 qui
1422 3622 1535 3667 tum
1600 3614 1851 3683 generis,
1894 3621 2009 3667 tum
2048 3682 2077 3688 λ

2113 3614 2272 3686 χάρις
2300 3614 2398 3683 τῆς
2436 3614 2622 3682 ὑγείας
2641 3629 2657 3643 ’
2690 3614 2739 3666 εἰ
2765 3613 2821 3667 δὲ
2874 3614 2945 3686 μὴ
2982 3614 3157 3667 πείσω
3182 3631 3197 3645 ·
3246 3614 3580 3678 ἰατταταιὰξ
3604 3614 3706 3667 τῶν

433 3708 669 3763 nominis
710 3705 955 3776 ejusdem
994 3719 1207 3758 mecum
1257 3718 1490 3759 consors
1538 3713 1652 3769 est,
1701 3704 2007 3772 subjectum
2045 3682 2084 3736 Β

2114 3682 2514 3775 ἦαέιῶνῐγτομῇ
2563 3706 2625 3758 τὸ
2682 3682 3020 3776 ποθούμενον
3074 3706 3462 3778 παραδίδωμι·
3528 3706 3708 3774 ἀλγῶν

432 3799 781 3855 extrinsecus
811 3796 1003 3850 vitium
1039 3796 1259 3864 abigere
1309 3795 1602 3879 contendo.
1650 3794 1707 3848 Si
1741 3794 1909 3863 igitur
1942 3793 2009 3846 ad

2116 3797 2235 3867 μὲν,
2264 3795 2379 3849 ἀλλ’
2419 3798 2569 3867 ὅμως
2601 3798 2881 3865 ὲκδίδωμι,
2918 3797 3139 3865 φεύγων
3170 3800 3270 3866 τὴν
3294 3800 3618 3864 συνουσίαν,
3639 3797 3708 3860 ὡς

431 3891 719 3944 sanitatem
755 3902 1090 3943 revocavere
1114 3925 1128 3949 ,
1159 3893 1341 3955 grates
1393 3884 1682 3940 reddendae
1726 3885 1803 3939 illi
1826 3893 2014 3958 erunt,

432 3984 522 4051 qui
570 3981 710 4035 hanc
741 3978 1113 4034 concesserit:
1144 3979 1230 4031 sin
1259 3992 1406 4043 vero,
1430 3977 1566 4047 proli
1597 3978 2004 4031 calamitatem!

433 4075 734 4129 secandum
784 4072 940 4126 trado
997 4072 1048 4124 id
1097 4071 1241 4140 quod
1306 4074 1463 4125 unice
1527 4070 1866 4141 diligebam:
1902 4086 2008 4124 non

432 4164 646 4233 quidem
706 4162 825 4216 siue
880 4176 1148 4227 maerore;
1220 4168 1460 4213 attamen
1521 4161 1715 4223 trado,
1777 4174 2009 4214 consur-

434 4257 568 4310 tium
609 4254 755 4308 illius
791 4253 1038 4321 fugiens,
1068 4268 1138 4305 ne
1167 4252 1368 4304 malum
1396 4251 1728 4319 depascatur
1757 4252 2007 4312 ulterius,

432 4344 735 4413 majorique
768 4358 998 4396 numero
1030 4342 1241 4395 vitiosae
1266 4350 1451 4409 partes
1496 4351 1818 4408 augescant.
1844 4340 2009 4408 Atqui

434 4454 539 4493 non
570 4451 853 4506 aspergam
879 4435 1161 4497 convitiis,
1189 4434 1283 4488 sed
1314 4432 1697 4501 gemebundus
1726 4449 1848 4487 cum
1879 4448 2010 4503 prov

434 4529 595 4598 pheta
637 4527 787 4598 fugio
828 4544 840 4579 :
872 4546 890 4578 ι
934 4526 1264 4580 Curavimus
1295 4523 1660 4594 Babylonem,
1687 4524 1884 4594 inquit,
1914 4539 2014 4580 nec

432 4631 621 4674 sanata
652 4627 737 4674 est
766 4621 810 4672 ¹.
832 4638 849 4669 ι
870 4616 1040 4687 Cujus
1075 4630 1298 4672 causam
1323 4616 1468 4671 hanc
1497 4615 1800 4686 subiungit,
1829 4636 1848 4668 ι
1872 4615 2012 4682 Quia

430 4714 659 4770 noluit.»
689 4711 1046 4765 Voluntarius
1070 4708 1293 4763 morbus
1315 4716 1421 4774 est,
1449 4716 1510 4762 ut
1538 4715 1593 4764 et
1627 4708 1856 4765 remedii
1888 4725 2013 4766 sus-

430 4805 630 4874 ceptio.
679 4804 802 4858 llzec
852 4818 937 4857 me
991 4801 1057 4856 ad
1110 4798 1459 4856 scribendum
1498 4799 1867 4870 impulerunt,
1903 4815 2013 4854 non

430 4893 802 4949 contendendi
836 4892 1029 4955 libido,
1075 4906 1183 4945 non
1219 4889 1544 4953 invidentia,
1567 4903 1677 4943 non
1713 4890 2013 4960 argutatio,

430 5003 539 5041 non
594 4984 849 5039 vincendi
904 4982 1268 5048 desiderium,
1316 4998 1424 5037 non
1453 4982 1850 5037 ostentationis
1898 4990 2015 5038 stu-

2113 3887 2178 3940 ἂν
2213 3888 2286 3956 μὴ
2310 3886 2662 3959 διανεμηθείη
2692 3888 2751 3941 τὸ
2783 3888 2976 3948 κακὸν.
3003 3888 3080 3950 ὡς
3104 3888 3327 3941 πλείονα
3360 3889 3625 3956 γενέσθαι
3647 3888 3709 3942 τὰ

2112 3976 2475 4048 ἁχρειούμενα
2497 4017 2511 4041 ,
2546 3979 2642 4031 καὶ
2676 3979 2815 4048 μετᾶ
2844 3978 2940 4032 τοῦ
2968 3979 3251 4049 προφήτου
3277 3981 3383 4032 οὐκ
3429 3980 3709 4056 ἐπιτωθά-

2112 4068 2241 4129 ζων,
2273 4069 2388 4120 ἀλλ’
2410 4068 2735 4139 ὀδυρόμενος
2777 4068 3072 4138 φεύγομαι.
3111 4089 3129 4120 ι
3184 4070 3591 4141 Ἰατρεὺσαμεν
3619 4071 3710 4140 τὴν

2113 4159 2429 4223 Βαϐυλῶνα,
2464 4161 2557 4213 καὶ
2585 4161 2686 4213 οὐκ
2720 4160 2865 4229 ἰάθη.
2910 4180 2929 4213 ι
2969 4162 3079 4214 Καὶ
3098 4161 3198 4231 τὴν
3220 4163 3403 4215 αἰτίαν
3435 4176 3463 4203 ³
3756 4162 3765 4177 ’

2118 4270 2135 4302 ι
2180 4252 2294 4304 Οὔκ
2318 4251 2605 4321 ἠθέλησεν.
2643 4270 2659 4301 ο
2695 4253 2876 4315 Αὺθὰς
2906 4254 2940 4323 ἦ
2970 4270 3030 4305 τε
3078 4253 3232 4313 νόσος
3284 4254 3381 4305 καὶ
3409 4256 3519 4323 τῆς
3555 4256 3712 4324 05.91-

2112 4337 2338 4413 πείαςὴ
2370 4344 2582 4412 εἰσδοχή
2607 4360 2621 4373 ·
2656 4344 2830 4397 ταῦτὰ
2870 4361 2934 4413 με
2977 4344 3114 4414 πρὸς
3144 4345 3205 4396 τὸ
3222 4345 3465 4415 γράφειν
3496 4347 3713 4417 παρώρς

2116 4452 2310 4505 μησεν.
2351 4434 2465 4486 Οὐκ
2512 4434 2647 4504 ἔρις,
2688 4435 2751 4487 οὐ
2802 4434 2983 4502 ζῆλος,
3017 4435 3119 4486 οὐκ
3176 4435 3422 4503 ἔλεγχος,
3462 4437 3531 4488 οὐ
3563 4438 3711 4504 νίκης

2113 4527 2319 4596 ἔφεσις,
2355 4527 2455 4579 οὐκ
2483 4528 2795 4592 ἐπιδείξεως
2822 4527 3047 4598 τρόπος,
3073 4529 3135 4580 οὖ
3179 4528 3339 4591 μίσος
3362 4544 3378 4557 ’
3411 4529 3541 4582 ἀλλ’
3567 4530 3712 4590 ἕλεος

2114 4624 2179 4673 ὲκ
2206 4620 2371 4672 πόθου
2417 4618 2564 4671 θείου
2597 4619 2692 4670 καὶ
2732 4616 2828 4671 τοῦ
2862 4618 3094 4689 πλησίου
3128 4620 3476 4690 ὁρμώμενος.
3523 4639 3543 4670 ι
3592 4619 3711 4672 Ἐὰν

2114 4711 2225 4782 γὰρ
2257 4710 2572 4782 ὑποστείλῃ,
2621 4711 2804 4779 φησὶν,
2862 4712 2966 4765 οὐκ
3005 4712 3218 4765 εὐδοκεῖ
3254 4713 3313 4764 ὲν
3346 4712 3431 4764 σοὶ
3487 4714 3522 4782 ἡ
3568 4712 3709 4781 ψυχή

2119 4821 2242 4876 μου.
2271 4822 2288 4854 ι
2310 4803 2403 4868 Εἰς
2422 4803 2581 4857 τοῦτο
2609 4803 2718 4874 γὰρ
2749 4804 2897 4872 ἡμᾶς
2921 4804 2949 4855 ὁ
2978 4803 3109 4867 Θεὸς
3136 4803 3310 4868 ἔθετο,
3345 4804 3705 4873 παρακαλεῖν,

2115 4895 2408 4957 νουθετεῖν,
2430 4893 2802 4965 ἐπιστρέφειν,
2835 4894 3167 4965 φιλοκαλεῖν,
3192 4896 3487 4958 σκάπτειν,
3506 4895 3708 4965 κόπρον

2121 4985 2482 5057 περιτιθέναι,
2509 4985 2836 5056 θεραπεύειν
2863 4985 2964 5058 τὴν
2999 4986 3279 5056 ἁμαρτίαν
3309 4986 3358 5038 δ.
3403 4985 3710 5056 ’Δκαρτιίαν

430 5077 606 5142 dium,
637 5092 742 5129 non
775 5075 1016 5146 denique
1043 5074 1218 5128 ullum
1264 5073 1477 5137 odium,
1511 5073 1607 5129 sed
1649 5073 2009 5129 commisera-
2035 5065 2078 5121 ο

2112 5077 2167 5131 δὲ
2206 5077 2300 5130 καὶ
2328 5076 2428 5148 τὴν
2454 5076 2840 5148 κακοκαρπίαν
2865 5078 3067 5148 φαμὲν,
3088 5077 3277 5149 ὥσπερ
3293 5078 3511 5148 ἄφωνον
3542 5093 3706 5147 τραγο

429 5170 528 5235 tio,
562 5183 684 5239 qum
736 5184 801 5222 ex
856 5165 951 5221 Dei
1007 5166 1360 5236 proximique
1393 5166 1690 5221 dilectione
1737 5166 2008 5221 nascitur.

429 5258 589 5325 Nam,
632 5278 650 5310 ε
689 5258 745 5314 Si
800 5267 855 5315 te
904 5258 1268 5322 subtraxeris,
1322 5258 1501 5327 inquit
1541 5258 1860 5328 Scriptura,
1902 5271 2013 5311 non

431 5350 674 5419 placebis
708 5349 903 5404 animae
937 5364 1071 5404 mea:
1105 5350 1145 5403 ³.
1192 5368 1210 5402 ι
1248 5349 1329 5404 Ad
1364 5350 1468 5403 hoc
1499 5349 1645 5403 enim
1676 5363 1706 5402 a
1738 5347 1848 5403 Deo
1878 5361 2015 5401 con-

2115 5169 2272 5240 ῳδὸν,
2327 5169 2418 5222 τὸν
2447 5170 2786 5238 κακόφωνον.
2821 5190 2837 5220 ι
2879 5170 3020 5225 Οὐαὶ
3049 5174 3159 5243 γάρ
3188 5188 3278 5241 μοι
3314 5171 3412 5224 ἐὰν
3441 5171 3518 5242 μὴ
3541 5171 3705 5237 £641-

2118 5256 2446 5326 γελίζωμαι,
2487 5276 2507 5310 ι
2544 5258 2640 5311 καὶ
2669 5260 2716 5312 εί
2753 5260 3038 5330 κατορύξαι
3065 5260 3128 5312 τὸ
3160 5261 3439 5328 τάλαντον,
3485 5260 3705 5329 ἀχρεῖος

2121 5348 2218 5401 xa‘.
2249 5349 2492 5422 πονηρίης
2523 5348 2612 5403 διὰ
2634 5350 2724 5402 τὸν
2755 5349 2913 5404 όκνον
2941 5352 3245 5422 γινόμενος,
3274 5350 3704 5421 ἀποπεμφθήσο-
3783 5381 3794 5390 -

507 5484 523 5515 ⁸
562 5483 720 5541 Rom.
757 5501 795 5554 ι,
821 5484 878 5540 2.
956 5487 976 5517 '
1008 5456 1212 5543 Je‘rcm.
1239 5502 1314 5555 LI,
1346 5485 1402 5541 9.
1477 5487 1498 5518 ⁸
1522 5484 1707 5541 Habac
1750 5502 1811 5552 ιι,
1840 5485 2003 5540 ιεεο.
2044 5482 2209 5539 LXX.

1748 5603 1981 5660 VAR'IE
2022 5602 2434 5659 LECTIONES.

513 5724 540 5755 ι
576 5711 740 5772 Dccst
766 5716 973 5786 aliquid
1000 5733 1015 5782 ;
1043 5717 1184 5788 lego,
1215 5714 1605 5790 προστίθησιν’
1634 5714 1733 5770 ὅτι.
1768 5713 1857 5768 Sic
1891 5715 2087 5775 Arabs.
2168 5716 2195 5757 b
2233 5713 2399 5786 Lege,
2453 5689 2756 5788 ἀδιαρτιίαν,
2789 5712 2901 5769 sine
2923 5712 3123 5785 fructu.
