3928 6196
314 319 447 388 1437
1566 340 1860 400 CONTRA

2006 342 2322 402 IOBITAS.
3426 337 3557 406 1438

314 458 412 510 μαι
439 442 539 512 τῆς
569 446 746 514 χαρᾶς
768 446 864 498 τοῦ
885 447 1091 519 Κυρίου
1119 466 1241 520 μου.
1264 451 1500 518 Δέξασθε
1527 455 1702 507 τοίνυν
1733 456 1865 524 λόγοι

2006 455 2165 510 ειῑιυιὶ
2195 471 2422 516 smnus,
2459 462 2518 506 ut
2552 452 2853 518 fodiantus,
2891 462 2948 508 ut
2983 462 3197 510 stercus
3245 451 3557 520 circumpo-

312 531 516 598 ἰάσεως
561 537 629 606 τῇ
679 537 995 607 Πνεύματος
1031 543 1398 612 κρατούμενον
1437 545 1640 614 χάριτιξ
1695 545 1770 608 ὡς
1822 545 1863 598 διε

2007 562 2215 608 tamus,
2255 555 2313 599 ut
2355 545 2625 600 sterilitati
2656 544 2987 598 medeamur.
3015 545 3182 598 Porro
3213 543 3558 598 sterilitatem

309 623 448 693 ήσθῇ
488 625 638 694 μὲνό
678 627 827 692 Θεὸς,
883 633 1136 685 κοινωνὸν
1180 633 1236 686 δὲ
1275 635 1374 704 τῆς
1408 636 1745 706 εὐφροσύνης
1790 637 1856 707 τὴ

2011 636 2248 698 licimus,
2286 651 2457 706 ipsam
2489 652 2707 705 quoque
2739 636 3003 689 malorum
3037 649 3262 704 operum
3299 646 3562 702 procrea-

322 713 648 785 Ἐκκλησίαν
680 722 942 790 ποιήσητε
970 731 1016 774 ο.
1045 723 1191 774 Μίαν
1227 723 1283 775 δὲ
1314 727 1518 795 ταύτην
1546 725 1873 796 ἐπουρανὶωὶ

2017 725 2226 787 ioncm;
2265 723 2727 793 quemadmodum
2767 721 3047 794 tragcedus
3088 729 3274 775 mutus
3310 727 3559 779 vocatur,

308 803 406 856 καὶ
433 807 688 874 ἐπιγείων
720 811 748 862 ὁ
778 811 1006 880 σταυρὸς
1034 810 1128 863 τοῦ
1168 811 1372 882 Κυρίου
1410 813 1724 882 εἰργάσατο.

2012 813 2150 882 :ujus
2186 829 2289 867 vox
2323 814 2568 868 insuavis
2611 821 2714 867 est.
2751 830 2769 862 α
2806 811 2900 866 Va:
2932 811 3064 865 mihi
3103 811 3148 864 si
3192 827 3298 864 non
3329 823 3563 876 evange-

312 897 550 949 lizavero
579 901 620 953 ⁵.
666 919 684 951 ι
729 900 784 954 Si
829 903 1036 961 talento
1067 904 1309 968 defosso,
1344 919 1537 960 servus
1569 903 1782 958 inutilis
1829 910 1885 958 et
1958 919 2197 974 nequam
2265 905 2494 969 el'liciar,
2523 904 2786 959 exsulabo
2819 904 3009 974 procul
3045 919 3074 956 a
3114 902 3312 971 gaudio
3351 897 3563 952 Domini

313 988 442 1040 mei.
481 987 762 1059 Suscipite
812 1009 943 1064 ergo
984 994 1270 1048 medicinae
1321 1009 1630 1050 sermonem
1657 1033 1672 1058 ,
1708 994 1881 1064 gratia
1922 991 2160 1062 Spiritus
2211 996 2630 1058 conﬁrmatum,
2665 1009 2775 1064 quo
2845 994 2990 1048 Deus
3053 993 3274 1062 quidem
3327 990 3566 1043 oblecte-

315 1087 426 1134 tur.
469 1079 770 1150 gaudiique
797 1084 919 1151 ejus
954 1092 1267 1139 consortem
1307 1084 1610 1141 Ecclesiam
1650 1084 1888 1141 faciatis.
1928 1081 2083 1140 Hanc
2116 1101 2248 1142 vero
2285 1101 2422 1142 crux
2464 1086 2671 1142 Christi
2717 1099 2842 1140 esse
2927 1099 3090 1138 unam
3141 1080 3433 1152 przestitit,
3500 1092 3566 1131 ex

313 1170 636 1225 caelestibus
663 1174 1011 1244 terrenisque
1042 1183 1411 1230 constantem.

385 1262 452 1331 β’.
496 1264 712 1335 Ἐπειδὴ
730 1268 860 1335 περὶ
884 1269 1125 1336 φύσεῳς
1149 1272 1176 1322 ὁ
1202 1269 1422 1340 σύμπας
1451 1274 1585 1341 ἡμῖν
1616 1271 1772 1340 λόγος
1803 1287 1897 1323 κε-

2071 1267 2129 1320 2.
2173 1265 2406 1332 Quando
2462 1273 2578 1320 toto
2624 1264 2782 1318 nobis
2832 1262 2936 1317 hoc
2988 1275 3240 1318 sermone
3273 1258 3568 1314 dicendum

315 1355 604 1426 κρότηται,
639 1357 796 1411 τοῦτο
849 1376 1028 1429 φαμεν
1079 1361 1153 1424 ὡς
1209 1363 1302 1415 ἐπὶ
1338 1361 1438 1433 μὲν
1471 1363 1571 1432 τῆς
1611 1362 1770 1431 ἁγίας
1803 1379 1866 1414 κα

2021 1367 2090 1414 3st
2123 1357 2188 1411 de
2219 1366 2435 1423 natura,
2457 1357 2560 1412 hoc
2595 1355 2908 1426 prmfamur,
2941 1354 2993 1407 in
3029 1361 3219 1409 sancta
3246 1360 3299 1406 et
3331 1349 3572 1405 consub-

316 1445 643 1516 ὑπερουσίου
669 1447 939 1519 θεότητος,
962 1451 1080 1521 ἤτοι
1099 1451 1200 1521 τῆς
1221 1453 1557 1523 μοναρχικῆς
1581 1453 1675 1506 καὶ
1697 1454 1864 1522 ὁμοου

2021 1449 2247 1506 stantiali
2283 1449 2524 1514 Deitate,
2559 1448 2660 1501 hoc
2702 1455 2786 1501 est
2819 1447 2874 1499 in
2909 1445 3074 1497 unius
3098 1441 3311 1520 imperii
3356 1448 3410 1495 et
3440 1439 3572 1494 sub-

317 1535 435 1588 σίου
474 1538 723 1607 Τριάδος,
758 1541 978 1611 ’Ἄρειος
1012 1543 1110 1610 μὲν
1140 1544 1232 1596 καὶ
1264 1545 1550 1614 Εὑνόμιος,
1583 1545 1675 1597 καὶ
1708 1545 1740 1614 ἡ
1770 1542 1865 1596 τού

2018 1539 2218 1593 ιῑοηῑίεο
2269 1537 2578 1601 Trinitate,
2605 1535 2797 1590 Arium
2846 1534 3070 1604 quidem
3098 1541 3152 1587 et
3206 1531 3569 1593 Eunomium,

313 1645 424 1680 των
452 1629 734 1693 πολύοεος,
764 1633 857 1684 καὶ
881 1633 1032 1685 οὐδὲν
1056 1629 1218 1704 ἦττον
1236 1636 1392 1699 ἄθεος
1415 1637 1715 1708 συμμορία,
1734 1639 1864 1707 ,τρεῖ

2025 1645 2301 1699 torumque
2323 1629 2725 1700 pulytheorum,
2757 1643 2849 1692 seu
2873 1628 3054 1697 potius
3075 1627 3356 1680 atheorum
3383 1623 3576 1676 factio-

313 1718 502 1783 οὐσίας
531 1720 834 1788 ἀναφανδδν
856 1700 1264 1794 ὲφληνάςρησαν,
1293 1729 1414 1790 ταῖς
1445 1700 1862 1799 arcessisset-7i}

2019 1736 2120 1776 tem
2166 1721 2333 1791 398
2359 1729 2471 1776 tres
2505 1719 2842 1775 substantias
2872 1717 3153 1788 propalam
3189 1713 3570 1784 ineptientium

313 1814 484 1884 φύσιν
519 1817 1010 1886 συνδιατέμνοντες.
1042 1818 1228 1881 κακῶς
1253 1819 1488 1886 εἰδότες,
1531 1820 1628 1872 καὶ
1663 1822 1729 1888 τῇ
1766 1818 1864 1872 ὑπο

2020 1827 2145 1867 nore
2188 1811 2478 1874 statuisse,
2531 1810 2707 1864 divisa
2749 1825 2873 1864 eum
2921 1806 3312 1880 hypbstasibus
3351 1811 3571 1866 natura,

316 1906 504 1962 στάσει
533 1906 732 1960 ταυτὸν
777 1907 878 1978 τὴν
909 1907 1074 1977 φύσιν
1121 1909 1429 1980 νοήσαντες.
1485 1908 1769 1973 Σαϐελλιος
1819 1907 1864 1978 (1

2021 1916 2118 1955 um
2151 1901 2293 1956 male
2322 1901 2734 1969 linteiligerent,
2787 1899 3081 1969 animoque
3135 1897 3240 1953 sibi
3271 1896 3572 1966 (ingerent,

1993 2001 2248 2048 naturam
2295 1993 2439 2048 idem
2485 2008 2610 2048 esse
2664 2002 2825 2062 atque
2859 1990 3222 2063 hypostasim.
3271 1985 3574 2043 Sabellium

313 2100 445 2140 vero
492 2085 816 2141 Africanum
884 2087 1222 2159 hypostasim
1264 2079 1429 2140 unam
1461 2086 1631 2142 stulte
1660 2085 2006 2148 asseruisse,
2040 2092 2496 2158 contractamque
2536 2083 2930 2153 conjunctione
2969 2082 3208 2153 pessima
3245 2079 3574 2134 Trinitatem

314 2177 652 2241 conludisse,
684 2178 750 2231 ad
781 2181 1041 2233 tuendam
1079 2178 1407 2234 substantiae
1432 2178 1703 2234 unitatem
1741 2179 1796 2232 in
1832 2177 2121 2248 hypostasi
2154 2177 2339 2231 unica.
2377 2176 2538 2244 Quod
2572 2191 2702 2232 vero
2736 2178 2803 2231 ad
2847 2175 3324 2246 dispensationem
3366 2172 3577 2228 saluta-

315 2281 432 2320 rem
476 2269 595 2336 (seu
627 2267 1094 2340 incarnationem)
1124 2276 1338 2338 spectat
1366 2267 1690 2333 Salvatoris,
1718 2268 1813 2338 qui
1847 2268 1902 2321 in
1926 2266 2205 2322 Trinitate
2227 2266 2467 2323 Verbum
2504 2267 2600 2323 Dei
2641 2275 2748 2333 est,
2781 2267 2960 2322 Filius
2989 2267 3191 2321 unicus
3216 2262 3418 2329 Patris,
3449 2277 3576 2334 pes-

315 2359 492 2414 simus
549 2361 1069 2432 perditissimusque
1127 2362 1443 2430 Nestorius,
1476 2364 1919 2434 anthropolatra,
1967 2363 2372 2434 Diodorusque,
2409 2371 2462 2419 et
2498 2363 2825 2418 Theodorus
2864 2363 3162 2432 episcopus
3194 2359 3570 2430 Mopsuestia,

315 2455 547 2511 rebelles
573 2474 788 2528 quoque
824 2459 1067 2525 fuerunt,
1099 2460 1418 2516 confitendo
1448 2461 1592 2516 duas
1629 2468 1885 2526 naturas,
1917 2459 2329 2531 dividendoque
2361 2460 2728 2532 hypostasim,
2759 2461 2837 2514 ita
2879 2467 2938 2512 ut
2981 2474 3051 2514 ex
3085 2472 3276 2512 eorum
3311 2455 3574 2524 opinione

314 2547 442 2603 dua:
473 2566 720 2619 personae
749 2563 939 2609 essent
974 2556 1276 2609 secundum
1309 2571 1598 2610 numerum
1626 2564 1971 2610 naturarum.
2003 2555 2322 2612 Diviserunt
2348 2556 2518 2627 igitur
2545 2556 2838 2610 Dominum
2864 2570 3031 2609 unum
3056 2552 3241 2610 Jesum
3267 2550 3574 2616 Christum,

316 2642 567 2710 duosque
595 2644 1027 2709 constituerunt,
1059 2661 1123 2698 ac
1151 2645 1484 2715 hypostases
1509 2647 1686 2712 duas;
1717 2661 1780 2701 eo
1805 2647 1952 2716 quod
1985 2647 2374 2702 existimarent
2410 2646 2752 2718 hypostasim
2799 2655 2853 2700 et
2883 2656 3139 2699 naturam
3181 2657 3351 2696 unum
3396 2641 3576 2709 quod-

315 2731 446 2786 dam
475 2746 620 2788 esse.
652 2735 722 2786 At
754 2735 1057 2791 Dioscorus
1085 2746 1139 2790 et
1175 2738 1437 2800 Severus,
1465 2746 1518 2791 et
1545 2747 1879 2792 sectatorum
1913 2740 2202 2807 utriusque
2244 2740 2405 2792 turba
2449 2740 2762 2808 multiceps,
2799 2753 2964 2792 unam
2997 2752 3218 2805 quoque
3249 2745 3301 2789 et
3336 2735 3441 2805 ipsi
3471 2736 3574 2806 hy-

314 2824 588 2892 postasim
624 2836 1004 2890 asse-ruerunt,
1040 2842 1204 2880 unam
1234 2827 1399 2880 simul
1431 2843 1552 2882 esse
1584 2837 1833 2881 naturam
1865 2827 2220 2893 definientes,
2245 2830 2377 2899 quia
2407 2831 2733 2884 nesciebant
2773 2829 2907 2898 quid
2936 2827 3210 2892 dicerent,
3241 2841 3342 2880 nec
3372 2826 3577 2881 intelli-

316 2912 527 2981 gebant
558 2929 680 2982 qua:
721 2915 1078 2971 allirmarent.
1107 2916 1334 2970 Morbus
1374 2931 1528 2981 vero,
1569 2931 1664 2971 seu
1690 2932 1868 2982 error,
1896 2919 2098 2972 mentis
2125 2932 2319 2973 eorum
2345 2919 2401 2972 in
2434 2933 2500 2973 eo
2534 2918 2657 2981 fuit,
2687 2918 2833 2987 quod
2865 2926 3118 2971 naturam
3144 2924 3198 2972 et
3230 2915 3574 2987 hypostasim

314 3023 490 3062 unum
527 3019 580 3063 ct
612 3008 750 3063 idem
775 3027 898 3066 esse
921 3012 1340 3067 existimabant.
1371 3011 1476 3066 Sed
1501 3028 1599 3067 nec
1635 3013 1747 3068 illic
1776 3014 2172 3070 substiterunt.
2207 3014 2474 3068 Dixerunt
2509 3015 2655 3069 enim
2687 3017 2740 3068 in
2774 3014 3054 3068 Trinitate
3093 3022 3284 3067 sancta
3319 3024 3430 3067 trcs
3457 3025 3579 3066 esse

317 3112 551 3159 naturas
583 3103 1024 3174 subStantiasque
1063 3107 1446 3178 particulares,
1498 3115 1554 3162 et
1593 3109 1886 3163 scientiam
1947 3109 2304 3164 notionemve
2349 3125 2516 3164 unam
2571 3124 2942 3166 communem.
2979 3108 3132 3163 Nihil
3167 3117 3347 3164 tamen
3389 3107 3574 3177 solidi,

317 3195 463 3266 quod
503 3195 570 3249 ad
608 3211 723 3250 rem
758 3198 1196 3252 confirmandam
1232 3206 1420 3267 aptum
1453 3207 1644 3254 natum
1681 3203 1773 3263 sit,
1810 3201 2144 3258 habuerunt.

391 3286 446 3341 5.
468 3286 740 3341 Caeterum
785 3288 1068 3357 religionis
1096 3288 1419 3344 orthodoxae
1447 3298 1502 3344 et
1529 3292 1789 3347 veritatis
1820 3308 2104 3362 praecones
2143 3294 2198 3348 in
2235 3293 2331 3347 tali
2380 3293 2655 3348 sententia
2701 3308 2811 3347 non
2865 3292 3124 3360 fuerunt;
3172 3307 3360 3348 verum
3401 3289 3578 3360 legem

318 3380 564 3436 divinam
597 3382 796 3445 secuti,
830 3397 1172 3452 cursumque
1204 3383 1272 3438 ad
1301 3385 1526 3441 caeleste
1556 3386 1738 3442 lumen
1763 3388 2087 3459 dirigentes,
2117 3397 2270 3444 recta
2303 3389 2726 3444 ambulaverunt
2758 3405 2854 3459 per
2881 3389 3025 3443 viam
3057 3388 3286 3458 regiam,
3312 3401 3434 3456 quae
3464 3400 3581 3440 me-

320 3469 415 3524 dia
481 3479 588 3535 est,
619 3488 726 3526 non
764 3473 1112 3530 declinantes
1143 3475 1210 3530 ad
1238 3477 1544 3542 sinistram,
1580 3479 1856 3549 superbiae
1887 3489 1943 3534 et
1977 3481 2324 3552 ignorantiae,
2347 3495 2527 3550 neque
2557 3481 2622 3536 ad
2649 3481 2924 3547 dextram,
2959 3478 3376 3550 imaginationis
3408 3477 3582 3547 phan-

320 3564 555 3625 tasticae.
597 3563 785 3634 Neque
809 3567 1050 3636 ineptias
1081 3569 1384 3625 contrariis
1416 3571 1643 3642 ineptiis
1671 3573 1968 3627 emendare
2001 3573 2248 3644 aggressi
2285 3581 2452 3639 sunt;
2481 3573 2576 3628 sed
2605 3573 2672 3627 ad
2697 3572 3044 3643 propositum
3083 3571 3243 3624 linem
3273 3571 3414 3622 inter
3439 3567 3582 3620 mala

320 3660 566 3708 extrema
589 3664 984 3724 pervenerunt,
1024 3658 1382 3713 continentes
1424 3675 1484 3714 se
1510 3659 1656 3713 intra
1693 3660 1900 3714 limites
1939 3660 2216 3725 veritatis,
2251 3662 2327 3714 ita
2360 3669 2420 3715 ut
2447 3661 2512 3715 ad
2545 3671 2796 3716 neutram
2830 3667 3044 3728 partem
3073 3657 3395 3712 inclinando
3424 3657 3493 3710 ab
3516 3670 3581 3709 ea

319 3742 696 3802 deﬂecterent.
729 3751 922 3818 itaque
955 3749 1197 3806 confessi
1233 3757 1364 3804 sunt
1385 3751 1756 3806 substantiam
1788 3766 1951 3804 unam
1986 3751 2042 3805 in
2073 3750 2368 3816 Trinitate,
2402 3760 2459 3806 ct
2491 3759 2605 3806 tres
2634 3751 2964 3821 hypostases
2991 3748 3243 3818 ejusdem
3278 3760 3583 3817 agnoscen-

320 3841 431 3898 tes,
469 3835 706 3892 libenter
738 3837 1200 3907 przedicaverunt.
1233 3839 1481 3896 Rursum
1533 3855 1668 3894 vero
1711 3848 2056 3910 agnoverunt
2089 3841 2510 3897 distinctionem
2555 3841 2706 3896 illam
2743 3841 2801 3895 in
2834 3839 3102 3911 mysterio
3148 3837 3580 3892 incarnationis.

320 3929 785 3996 quemadmodum
825 3929 1127 4003 Gregorius
1161 3922 1476 4004 Theologus
1506 3934 1583 3988 ait
1609 3933 1653 3997 ⁸,
1687 3941 1914 3988 naturas
1945 3932 2110 3998 duas,
2137 3942 2192 3989 et
2227 3933 2574 3989 substantias
2601 3932 2763 3999 duas,
2791 3939 2846 3988 et
2876 3931 3215 4004 hypostasim
3251 3943 3439 3992 unam,
3478 3942 3584 3981 nae

321 4027 622 4091 turamque
647 4031 702 4077 et
737 4023 1111 4079 substantiam
1154 4025 1344 4081 eadem
1383 4025 1714 4082 deﬁnitione
1759 4025 2031 4095 complexi
2075 4033 2206 4080 sunt
2239 4042 2253 4079 :
2293 4039 2586 4091 personam
2622 4039 2842 4094 quoque
2890 4033 2944 4080 et
2993 4021 3343 4094 hypostasim
3389 4019 3581 4074 eodem

321 4113 490 4168 modo
524 4115 891 4182 deﬁnierunt;
922 4117 1128 4188 quippe
1159 4118 1254 4188 qui
1290 4127 1560 4173 noverant
1589 4117 1955 4173 dill‘crentiam
1983 4132 2107 4188 quae
2138 4125 2225 4172 est
2246 4116 2393 4171 inter
2413 4127 2690 4179 naturam,
2736 4131 2834 4171 seu
2874 4112 3276 4178 substantiam,
3306 4118 3362 4167 et
3403 4111 3579 4182 hypo-

322 4205 545 4268 Stasim,
579 4207 695 4262 sive
731 4222 1052 4277 personam,
1089 4209 1362 4278 ejusmodi
1397 4225 1519 4265 esse
1552 4224 1617 4265 ac
1652 4208 2067 4264 distinctionem
2096 4223 2217 4279 quae
2241 4216 2326 4263 est
2365 4208 2508 4262 inter
2537 4194 2833 4262 commune
2861 4213 2915 4261 et
2957 4204 3263 4276 singulare.

395 4321 449 4375 4.
482 4321 666 4390 Primo
692 4323 860 4394 igitur
889 4325 1051 4380 nobis
1077 4325 1466 4396 inquirendum
1497 4333 1582 4382 est
1605 4326 1673 4381 de
1706 4335 1901 4381 natura
1930 4334 1985 4380 et
2016 4324 2324 4396 hypostasi,
2353 4330 2411 4376 ut
2441 4322 2595 4377 vocis
2627 4322 2919 4390 utriusque
2953 4319 3416 4391 significationem
3452 4331 3581 4388 per-

322 4420 568 4480 spectam
599 4415 900 4470 habeamus
929 4435 942 4470 :
977 4416 1180 4471 deinde
1211 4425 1554 4487 compertum
1599 4418 1761 4471 nobis
1795 4418 1919 4480 erit,
1951 4431 2018 4470 an
2050 4416 2187 4469 duas
2232 4416 2285 4469 in
2317 4414 2538 4469 Christo
2577 4421 2807 4467 naturas
2849 4427 3098 4468 asserere
3138 4412 3463 4475 debeamus,
3497 4410 3582 4464 vel

322 4506 571 4558 unicam.
602 4505 852 4560 Postulat
879 4507 1028 4560 enim
1060 4508 1302 4561 instituti
1336 4509 1501 4573 ratio,
1534 4516 1594 4560 ut
1619 4507 1754 4560 illud
1784 4506 2101 4560 deﬁniatur.
2133 4504 2319 4575 Neque
2348 4521 2478 4559 πονο
2513 4505 2803 4559 veritatem
2833 4503 3178 4558 contentioni
3211 4518 3579 4572 exponemus,

323 4595 422 4651 sed
458 4597 638 4651 amice
667 4613 788 4651 eam
817 4597 1297 4668 investigabimus,
1329 4615 1453 4653 cum
1489 4600 1747 4654 veritatis
1775 4614 1836 4653 ea
1869 4606 2065 4652 natura
2103 4599 2195 4663 sit,
2229 4607 2286 4652 ut
2316 4597 2606 4652 manifesta
2639 4597 2720 4650 illi
2759 4595 2874 4659 ﬁat,
2909 4598 3002 4665 qui
3037 4595 3186 4648 illam
3221 4609 3284 4648 ea
3310 4591 3585 4648 sollicitu-

323 4688 458 4744 dine
507 4691 800 4759 perquirit,
848 4707 1012 4761 quam
1046 4691 1334 4762 Scriptura
1370 4699 1452 4749 sic
1480 4694 1802 4765 eloquitur:
1835 4712 1853 4745 ι

2033 4675 2352 4762 ’θ’ρίηίιυοιο
2381 4692 2450 4746 ad
2483 4707 2590 4754 me,
2624 4699 2678 4768 et
2709 4705 2810 4760 ego
2845 4689 3104 4743 accedam
3145 4688 3210 4742 ad
3253 4703 3354 4742 vos
3382 4688 3422 4740 °.
3459 4706 3478 4739 ι
3519 4687 3584 4740 Et

324 4779 455 4832 alibi
489 4799 502 4835 :
539 4800 558 4832 ι
599 4779 695 4835 Ubi
729 4782 839 4836 duo
873 4783 958 4836 vel
999 4791 1112 4838 tres
1149 4786 1469 4855 congregati
1499 4785 1706 4840 fuerint
1735 4785 1788 4843 in
1825 4784 2054 4839 nomine
2082 4799 2225 4847 meo,
2256 4798 2356 4852 ego
2385 4784 2439 4838 in
2469 4783 2648 4837 medio
2678 4783 2897 4836 illorum
2934 4796 3060 4835 sum
3085 4781 3126 4834 ".
3165 4799 3182 4831 ι
3215 4779 3415 4834 lterum
3448 4795 3586 4848 quo-

324 4891 434 4945 que
479 4873 658 4929 dicit:
700 4895 718 4927 ι
756 4877 972 4942 Pelitis,
1013 4887 1068 4933 et
1099 4894 1208 4932 non
1242 4880 1522 4949 accipitis,
1571 4895 1639 4936 eo
1688 4881 1838 4950 quod
1885 4896 1994 4934 non
2048 4880 2196 4934 sicut
2225 4887 2440 4947 oportet
2482 4876 2688 4948 petatis
2715 4875 2760 4929 ⁸.
2808 4866 2836 4926 ι’
2861 4875 2928 4927 Et
2959 4893 2972 4929 :
3015 4894 3032 4926 ε
3069 4873 3206 4928 Cum
3243 4873 3310 4928 sit
3341 4873 3394 4926 in
3427 4873 3584 4927 vobis

323 4969 482 5026 zelus
508 4978 562 5022 et
590 4971 872 5023 contentio
905 4977 958 5024 et
983 4969 1300 5034 discidium,
1336 4987 1403 5025 an
1437 4971 1706 5042 ignoratis
1745 4971 1890 5042 quod
1921 4970 2174 5024 carnales
2197 4968 2351 5032 estis,
2385 4975 2439 5022 et
2467 4964 2772 5022 secundum
2799 4980 3029 5020 carnem
3057 4963 3354 5018 ambulatis
3380 4962 3440 5015 ’?
3469 4982 3487 5015 ι
3517 4961 3584 5017 Et

325 5061 456 5116 item
488 5078 500 5114 :
536 5078 554 5112 ‹
601 5059 720 5113 Νοη
755 5062 983 5130 potestis
1013 5062 1238 5117 credere
1273 5062 1328 5116 in
1359 5077 1468 5127 me,
1508 5063 1600 5133 qui
1627 5063 1857 5133 gloriam
1895 5060 2180 5115 hominum
2209 5057 2460 5130 qumritis
2494 5057 2560 5110 ίο.
2599 5074 2618 5106 ›

325 5201 422 5326 ut
453 5199 467 5251 l
495 5199 887 5326 agr-1%“
919 5197 1128 5323 ἐξῆρε.
1164 5199 1308 5270 epist
1345 5201 1412 5255 ad
1451 5199 1674 5256 Cledon.
1754 5201 1774 5232 '
1813 5199 1978 5254 Zach.
2020 5216 2054 5262 l,
2086 5201 2141 5260 ὅ.
2217 5199 2237 5230 ⁷
2269 5196 2458 5251 Matth.
2489 5209 2644 5258 xvm,
2677 5193 2770 5248 20.
2843 5193 3102 5257 ‘Jac.1v,
3139 5193 3190 5248 5.
3265 5188 3470 5246 'Joan.
3523 5205 3580 5257 ν,

1624 5375 1860 5430 νΑῐίῐιιΕ
1903 5373 2315 5430 ιΕατεοΝΕδ.

416 5491 439 5520 ε
470 5478 669 5543 Arabs,
700 5468 771 5530 et
799 5492 904 5529 una
944 5475 1038 5544 ﬁat
1066 5472 1303 5526 Ecclesia
1337 5474 1387 5526 in
1425 5473 1618 5543 gaudio
1653 5473 2055 5525 communionis.

1859 5587 2089 5641 ΝΟΤᾸΞ.

403 5685 480 5755 (Ι)
520 5683 619 5739 llic
656 5684 825 5738 multa
864 5682 1068 5737 desunt
1106 5681 1161 5736 in
1210 5680 1474 5738 Vaticano
1509 5680 1716 5743 codice,
1773 5693 1893 5751 qua:
1932 5679 2180 5750 suppleta
2214 5684 2342 5733 sunt
2375 5693 2442 5731 ex
2473 5675 2834 5731 translatione
2863 5673 3125 5731 Arabica.
