3962 6202
495 263 633 328 1439

1681 270 1741 330 S.
1781 269 2102 332 JOANNIS
2137 273 2570 335 DAMASCENI

3541 284 3644 350 1440

566 378 619 428 Si.
656 375 774 429 .lani
811 377 979 443 igitur
1009 370 1280 432 orationis
1311 386 1512 432 nostrte
1539 380 1877 450 principium
1917 384 2154 440 ducetur
2181 385 2249 439 ab
2280 386 2370 441 his
2414 388 2592 441 sancti
2632 387 2823 442 Basilii
2852 389 3043 455 verbis,
3090 407 3206 460 qua:
3243 396 3440 464 scripsit
3461 401 3643 469 epistola

495 469 560 520 ad
595 467 1037 537 Amphilochium
1070 469 1134 533 ¹¹,
1168 484 1364 538 nempe
1392 471 1536 541 quod
1575 491 1592 522 ι
1631 473 1777 526 inter
1809 473 2177 528 substantiam
2208 485 2264 530 et
2295 477 2638 548 hypostasim
2672 477 2973 533 dilferentia
3008 481 3187 536 eadem
3209 484 3295 547 sit,
3323 501 3431 553 quas
3454 467 3646 548 estinter

494 559 548 613 id
581 559 724 628 quod
763 558 954 614 multis
986 574 1279 614 commune
1307 573 1409 623 est,
1444 571 1496 616 et
1524 563 1655 616 illud
1681 565 1825 633 quod
1864 566 2196 635 particulare
2221 575 2306 623 est
2335 571 2632 640 unicuique
2668 571 2970 625 individuo.
3007 591 3024 624 ι
3056 571 3120 626 Ει
3165 577 3343 643 paucis
3370 579 3636 649 interiectis,

493 649 548 701 iu
585 649 777 703 eadem
835 651 1068 720 cpistola
1123 650 1295 707 dicit:
1327 671 1345 703 ι
1390 652 1598 709 Nomen
1642 657 1970 710 substantiae
2021 657 2160 712 dicit
2193 673 2296 713 nos
2349 659 2414 713 ad
2469 660 2892 730 intelligendum
2942 676 3056 716 rem
3090 663 3317 732 aliquam
3348 666 3643 724 indeﬁnitum.

489 740 627 796 Nam
655 759 805 796 utens
838 759 942 797 non
973 745 1178 799 invenit
1217 746 1268 798 iu
1302 760 1411 814 quo
1443 747 1743 811 consistat,
1777 764 1843 804 ex
1883 751 2160 803 communi
2199 751 2287 804 illa
2316 752 2537 806 notione
2589 767 2753 820 quam
2803 752 3087 823 signiﬁcat.
3126 773 3143 805 ι
3177 755 3243 808 At
3293 773 3468 813 nomen
3511 761 3644 830 hypo-

494 833 665 888 stasis
723 832 1003 901 signiﬁcat
1040 835 1089 888 id
1123 836 1265 904 quod
1299 837 1350 889 in
1395 852 1454 891 re
1483 847 1589 891 una
1623 838 1804 908 aliqua
1833 855 2127 894 commune
2165 851 2284 904 est;
2314 857 2545 911 eamque
2579 843 2780 910 (mens)
2809 843 2994 896 deﬁnit
3022 859 3086 897 ex
3107 844 3374 901 manifesto
3404 853 3650 918 apparenti.

491 923 596 976 bus
632 923 684 976 in
712 938 776 976 ea
814 926 1270 995 proprietatibus.
1315 927 1417 994 Qui
1460 946 1623 1000 porro
1660 945 1765 984 non
1792 932 2042 1001 agnoscit
2069 932 2435 987 ditIereutiam
2472 935 2617 988 inter
2649 943 2902 988 naturam
2933 943 2985 990 et
3021 934 3365 1005 bypostasim,
3393 939 3644 994 itaveritati

493 1013 886 1084 iuvestigandm
937 1017 1027 1070 dat
1084 1034 1328 1087 operam,
1373 1031 1431 1073 ut
1467 1021 1608 1076 inter
1636 1031 1842 1076 sectam
1873 1023 1940 1078 de
1975 1039 2084 1092 qua
2119 1024 2380 1087 diximus,
2411 1031 2465 1078 et
2501 1026 2704 1094 ipsum,
2757 1026 2965 1080 nullum
3006 1026 3290 1082 discrimen
3338 1029 3419 1082 sit.
3458 1029 3566 1084 Nam
3607 1035 3639 1086 si

492 1102 611 1156 haec
667 1104 1094 1175 distinguuntur,
1132 1123 1303 1176 quare
1361 1108 1429 1165 de
1480 1111 1702 1166 Christo
1752 1121 2027 1177 asserunt,
2080 1113 2279 1168 habere
2321 1115 2473 1168 illum
2520 1124 2780 1170 naturam
2840 1131 3024 1179 unam,
3080 1124 3138 1170 ut
3170 1133 3438 1187 personam
3483 1127 3643 1176 unam?

493 1194 720 1261 Iterum,
746 1196 791 1251 si
827 1199 1150 1253 substantia:
1179 1211 1230 1254 et
1265 1201 1578 1272 hypostasis
1620 1204 1762 1258 idem
1796 1213 1948 1269 sunt,
1993 1205 2186 1270 Filius,
2221 1208 2668 1278 quandoquidem
2701 1209 2865 1262 unius
2893 1217 2979 1264 est
3024 1223 3148 1263 cum
3191 1209 3339 1265 Patre
3362 1213 3639 1279 substantia,

494 1307 605 1346 una
637 1309 858 1364 quoque
889 1310 1012 1348 cum
1045 1312 1108 1350 eo
1145 1297 1462 1367 hypostasis
1493 1300 1617 1354 erit.
1647 1300 1710 1354 Et
1753 1302 1994 1357 vicissim
2027 1303 2075 1359 si
2103 1305 2416 1376 hypostasis
2443 1313 2528 1360 est
2561 1306 2686 1370 alia,
2713 1306 2822 1359 erit
2859 1321 3081 1374 quoque
3106 1305 3342 1360 similiter
3367 1307 3457 1362 alia
3480 1319 3644 1374 natura,

490 1392 544 1439 et
581 1385 727 1440 sicut
763 1393 850 1440 est
880 1385 1129 1453 ejusdem
1164 1404 1226 1443 ac
1265 1388 1425 1443 Pater
1454 1391 1806 1456 substantia),
1831 1394 2080 1463 ejusdem
2125 1413 2344 1466 quoque
2385 1412 2509 1452 cum
2545 1413 2608 1451 eo
2647 1398 2962 1467 hypostasis
2990 1398 3095 1451 erit
3127 1417 3140 1451 :
3176 1408 3228 1453 et
3253 1399 3294 1453 si
3325 1399 3562 1468 hypostasi
3585 1403 3645 1456 di-

491 1489 688 1528 versus
721 1483 825 1534 est,
864 1476 972 1529 erit
1007 1492 1230 1546 quoque
1267 1480 1576 1535 substantia
1604 1483 1874 1549 diversus,
1907 1484 2054 1553 quod
2087 1486 2246 1540 valde
2281 1487 2509 1556 impium
2543 1497 2646 1544 est.
2682 1488 2758 1542 lta
2783 1489 2995 1558 pariter
3016 1489 3081 1543 de
3111 1489 3440 1545 humanitate.
3466 1492 3512 1545 Si
3536 1491 3641 1549 enini

489 1565 541 1619 id
574 1566 714 1635 quod
758 1566 1171 1623 subsistentiam
1204 1571 1386 1634 habet,
1427 1572 1740 1642 hypostasis
1766 1584 1883 1638 est,
1913 1577 2229 1631 humanitas
2270 1593 2392 1646 quae
2422 1580 2840 1634 subsistentiam
2879 1579 3065 1642 habet,
3097 1587 3150 1633 et
3178 1580 3326 1648 cujus
3354 1590 3516 1635 natura
3566 1601 3643 1641 una

489 1666 594 1719 est,
632 1659 738 1712 erit
766 1659 1017 1714 similiter
1069 1662 1378 1732 hypostasis
1413 1681 1539 1718 una.
1573 1665 1727 1719 Sicut
1751 1669 1916 1721 etiam
1955 1668 2274 1725 humanitas
2309 1671 2611 1726 universim
2665 1679 2886 1742 sumpta
2925 1687 3036 1725 una
3069 1681 3258 1725 natura
3303 1679 3400 1734 est,
3429 1672 3490 1726 ita
3522 1676 3643 1730 etiam

486 1750 593 1803 erit
634 1766 738 1802 una
779 1767 1038 1819 persona.

554 1841 607 1895 6.
646 1841 802 1908 Quod
841 1844 887 1898 si
931 1844 1139 1901 dicatis
1180 1850 1338 1907 aliter
1393 1851 1726 1926 loquendum
1767 1851 1838 1914 de
1881 1854 2174 1908 divinitate
2224 1865 2438 1922 sancta,
2506 1857 2668 1910 aliter
2715 1856 2786 1910 de
2840 1855 3237 1913 incarnationis
3270 1861 3511 1928 mysterio,
3537 1860 3642 1928 quod

488 1934 754 1999 Dominus
783 1955 1006 2014 propter
1039 1962 1138 2002 nos
1168 1947 1531 2018 dispensavit,
1563 1952 1723 2008 nobis
1772 1947 2243 2021 interrogantibus
2277 1950 2608 2016 respondete
2639 1969 2652 2003 :
2697 1948 2836 2002 Num
2879 1959 3082 2004 natura
3114 1958 3166 2003 et
3207 1949 3484 2018 hypostasis
3515 1966 3640 2002 unum

489 2033 652 2086 sunt?
687 2033 742 2088 Si
775 2035 1029 2091 dixeritis
1057 2037 1336 2094 Christum
1373 2057 1496 2097 esse
1530 2059 1594 2097 ex
1635 2044 1860 2099 duabus
1907 2045 2141 2110 naturis,
2177 2057 2246 2098 an
2283 2057 2394 2100 non
2445 2041 2756 2110 intelligitis
2786 2057 2849 2096 ea
2880 2039 3244 2110 responsione
3267 2041 3371 2110 cogi
3401 2057 3496 2106 VOS.
3519 2051 3563 2094 ιιι
3585 2042 3642 2109 ῖβσ

491 2137 613 2176 sum
648 2139 715 2178 ex
748 2125 965 2183 duabus
993 2145 1212 2200 quoque
1241 2133 1632 2201 hypostasibus
1659 2152 1782 2191 esse
1811 2136 2111 2192 asseratis?
2139 2139 2274 2192 Nam
2298 2138 2517 2194 etiamsi
2554 2133 2689 2192 illud
2719 2134 2787 2190 de
2817 2133 3049 2188 Christo
3082 2148 3189 2186 non
3219 2132 3495 2195 enuntietis,
3519 2147 3642 2198 coge-

486 2212 621 2268 mini
653 2223 835 2272 tamen
871 2235 933 2273 ex
967 2221 1036 2274 iis
1063 2239 1184 2290 qua:
1214 2227 1581 2292 praunisistis,
1617 2229 1758 2283 duas
1791 2244 2013 2299 quoque
2041 2229 2312 2286 alﬁrmare
2340 2240 2588 2287 naturas.
2618 2231 2832 2302 Quippe
2855 2227 2902 2287 si
2937 2233 3142 2285 natura
3169 2235 3223 2287 et
3244 2225 3507 2321 ὶιγροειιξείρ
3527 2225 3637 2321 id?"

487 2313 636 2372 sunt,
664 2310 1025 2380 asseritisque
1064 2311 1411 2368 divinitatem
1447 2316 1651 2373 Christi
1692 2334 1815 2376 esse
1869 2330 2145 2388 naturam,
2182 2330 2238 2376 et
2263 2337 2466 2392 corpus
2495 2323 2639 2393 ejus,
2690 2334 2968 2392 naturam,
3015 2323 3180 2381 simul
3211 2323 3375 2379 dicitis
3410 2310 3638 2366 άίτίηίωυε

484 2396 608 2464 ejus
633 2413 754 2453 esse
783 2400 1124 2470 hypostasim
1165 2421 1353 2469 uuam,
1389 2415 1443 2462 et
1481 2409 1844 2468 humanitatis
1875 2413 1997 2483 ejus
2031 2429 2156 2468 esse
2191 2415 2532 2484 hypostasim
2565 2415 2823 2470 alteram.

554 2491 608 2545 7.
643 2492 797 2558 Quod
827 2497 872 2550 si
911 2497 1228 2566 hypostasis
1259 2510 1311 2554 et
1343 2511 1540 2558 natura
1575 2505 1714 2560 idem
1759 2515 1917 2572 sunt,
1950 2507 2226 2574 Christus,
2275 2523 2400 2562 cum
2435 2510 2504 2564 sit
2543 2509 3048 2567 consubstantialis
3082 2512 3252 2576 Patri,
3279 2524 3338 2564 ac
3357 2507 3624 2565 consubstan

485 2583 634 2638 tialis
667 2587 848 2652 nobis,
889 2589 996 2643 erit
1025 2591 1191 2645 etiam
1221 2592 1469 2661 ejusdem
1496 2611 1622 2650 cum
1660 2597 1823 2653 Patre
1862 2607 1916 2653 et
1953 2600 2114 2654 nobis
2142 2601 2460 2672 hypostasis
2492 2621 2504 2657 :
2539 2611 2654 2656 tum
2692 2603 2933 2659 subinde
2977 2609 3307 2677 hypostases
3333 2600 3583 2658 divinitatis
3610 2603 3651 2652 et

484 2673 850 2734 immanitatis
885 2697 992 2736 una
1029 2683 1344 2754 hypostasis
1400 2688 1554 2745 ﬁent.
1587 2689 1723 2746 Nam
1759 2694 1806 2749 si
1848 2695 2166 2764 hypostasis
2209 2706 2264 2751 et
2297 2705 2493 2752 natura
2534 2713 2705 2751 unum
2751 2707 2810 2752 et
2853 2673 3203 2767 idem'sunt,
3233 2699 3444 2768 atquein
3472 2694 3650 2748 Christo

483 2768 899 2827 distinctionem
927 2774 1093 2846 399
1123 2787 1445 2836 naturarum
1478 2786 1850 2852 constituatis,
1886 2803 1996 2842 non
2027 2797 2158 2843 vero
2193 2788 2601 2860 hypostasium,
2634 2804 2729 2844 seu
2762 2806 3183 2859 personarum;
3212 2800 3384 2846 natura
3408 2785 3589 2858 proinde
3610 2793 3652 2836 et

484 2857 799 2930 hypostasis
852 2863 994 2919 idem
1027 2881 1140 2923 non
1193 2880 1377 2928 erunt.
1410 2871 1586 2944 llujus
1627 2891 1758 2932 vero
1802 2877 2109 2949 argumenti
2157 2857 2563 2935 demonstratio
2613 2857 2850 2942 maxime
2895 2882 3201 2952 perspicua
3245 2889 3322 2935 est
3349 2876 3552 2940 cuilibet,
3572 2873 3651 2928 nisi

484 2960 671 3006 mente
702 2956 978 3011 caecutiat.

551 3044 607 3101 8.
642 3048 720 3101 Ac
757 3060 905 3107 certe
928 3053 1150 3122 quidem
1209 3059 1431 3116 nomine
1459 3060 1832 3130 ὑποστάσεως,
1873 3066 2220 3138 signiﬁcatur
2267 3084 2356 3126 res
2389 3083 2499 3124 una
2542 3069 2844 3140 singularis
2873 3069 3192 3124 secundum
3237 3069 3465 3135 seipsam.
3495 3061 3655 3129 Quippe

483 3149 685 3191 nomen
742 3138 1059 3211 hypostasis
1107 3162 1231 3200 cum
1291 3148 1726 3219 signiﬁcationes
1766 3155 1970 3212 habeat
2002 3157 2275 3226 diversas,
2311 3177 2502 3217 earum
2540 3138 2654 3215 una
2695 3169 2780 3215 est
2817 3161 2964 3230 quod
2996 3161 3256 3230 designet
3300 3154 3478 3226 aliquid
3517 3165 3654 3222 perse-

483 3231 794 3287 subsistens
821 3251 835 3299 ;
873 3235 1000 3302 alia,
1035 3238 1084 3293 id
1119 3243 1264 3309 quod
1290 3242 1345 3297 in
1368 3245 1476 3300 alio
1505 3262 1614 3302 non
1649 3250 1890 3314 exsistit,
1919 3259 2013 3306 aut
2044 3253 2102 3308 in
2130 3255 2241 3309 alio
2273 3263 2473 3326 prater
2520 3255 2698 3325 ipsum
2733 3253 3166 3309 subsistentiam
3204 3267 3304 3306 non
3335 3251 3491 3309 habet,
3512 3253 3553 3299 et
3579 3257 3654 3295 non

483 3325 570 3373 est
593 3320 873 3376 accidens.
909 3323 1022 3380 Hoc
1047 3336 1226 3382 autem
1257 3347 1610 3411 nomenrcum
1643 3349 1915 3408 usurpant
1965 3341 2158 3400 Patres
2197 3320 2292 3400 de-
2319 3320 2632 3402 substantia
2685 3346 2974 3416 singulari,
3023 3346 3335 3416 plerumque
3378 3336 3594 3407 signiﬁcat
3617 3333 3654 3385 id

483 3413 630 3483 quod
663 3429 768 3468 non
802 3423 887 3471 est
924 3418 981 3472 in
1021 3420 1292 3490 subjecto,
1322 3429 1585 3500 quodque
1614 3447 1726 3487 non
1756 3444 1840 3491 est
1867 3437 2132 3507 privatio,
2162 3455 2310 3512 saepe
2343 3458 2564 3498 rursum
2603 3413 2886 3514 signiﬁcat
2915 3413 3236 3513 subjectum
3264 3442 3326 3497 de
3350 3454 3444 3510 quo
3470 3434 3652 3506 Quadam

486 3509 879 3580 praedicantur.

555 3601 608 3656 9.
656 3601 764 3657 Vos
789 3603 959 3675 igitur
980 3604 999 3677 (
1022 3605 1453 3684 Menephysitae)
1477 3615 1691 3671 relictis
1709 3619 2061 3692 ambagibus.

2237 3625 2304 3680 ϐ’.
2338 3665 2352 3682 .
2387 3666 2402 3681 .
2435 3665 2452 3682 .
2487 3665 2503 3680 .
2539 3667 2554 3682 .
2584 3644 2678 3690 τες
2707 3626 2892 3681 τοίνυν
2940 3627 3006 3681 τὸ
3057 3623 3369 3699 περισκελὲς
3390 3663 3403 3685 ,
3439 3617 3514 3672 τὸν
3543 3614 3655 3680 λόγον

486 3702 634 3750 recte
672 3703 908 3754 tractate
949 3700 1175 3755 verbum
1218 3704 1508 3770 veritatis;
1552 3723 1662 3764 non
1697 3713 1876 3779 enim,
1918 3714 2064 3771 sicut

2171 3717 2264 3788 τῆς
2317 3716 2580 3788 ἀληθείας
2631 3716 3048 3787 ὀρθοτομήσατε
3085 3734 3100 3747 ·
3153 3717 3213 3770 οὐ
3250 3715 3352 3784 γὰρ
3389 3711 3453 3772 ὡς
3475 3708 3514 3760 ot
3550 3705 3656 3771 ἆγιοι

485 3788 666 3842 sancti
710 3788 966 3846 doctores
1002 3791 1299 3860 dixerunt,
1339 3796 1484 3853 idem
1523 3800 1711 3859 dicitis
1745 3819 1870 3861 esse
1905 3818 2065 3862 natu-

487 3896 600 3933 ram
633 3888 687 3935 et
719 3882 1058 3953 hypostasim
1087 3903 1101 3953 ;
1134 3887 1272 3956 quin
1307 3890 1491 3958 potius
1526 3901 1783 3950 naturam
1814 3901 2067 3968 particu-

487 3970 655 4026 larem
688 3980 946 4043 tanquam
971 3975 1310 4047 hypostasim
1342 3997 1435 4051 per
1465 4000 1525 4040 se
1545 3988 1898 4048 essistentem
1929 4007 2064 4046 con-

491 4061 738 4120 ﬁtemini.
795 4065 902 4120 Sed
958 4068 1102 4136 quod
1157 4087 1264 4127 non
1319 4084 1572 4144 oporteat
1613 4080 1798 4136 dicere
1839 4091 2066 4141 naturas

488 4155 858 4226 particulares
880 4198 895 4224 ,
930 4159 1058 4216 hinc
1085 4162 1479 4236 intelligemus.

559 4247 646 4300 10.
695 4246 752 4301 Si
795 4257 1024 4306 naturas
1063 4254 1430 4321 particulares
1470 4260 1524 4312 in
1573 4269 1768 4315 sancta
1797 4262 2067 4323 Trinitate

487 4337 871 4410 conﬁtemini,
932 4343 1166 4400 diversae
1221 4350 1547 4406 substantia:
1598 4368 1720 4408 eam
1776 4357 2063 4423 censetis,

487 4446 823 4502 rursumque
856 4435 994 4491 adeo
1029 4436 1192 4494 Arius
1219 4442 1494 4498 excitatus
1525 4452 1634 4499 est.
1671 4445 1829 4510 Quod
1865 4449 1911 4504 si
1949 4450 2067 4504 sin-

488 4522 633 4592 gulis
662 4515 918 4595 personis
949 4527 1154 4586 divinis
1202 4540 1410 4587 sancta:
1459 4533 1750 4593 Trinitatis
1785 4541 2064 4610 propriam

488 4616 868 4674 substantiam
901 4621 1148 4678 tribuitis
1169 4663 1185 4690 ,
1222 4640 1359 4694 quas
1389 4628 1904 4686 consubstantiales
1943 4648 2070 4689 esse

489 4712 795 4766 secundum
847 4729 1194 4770 communem
1244 4717 1612 4775 substantiam
1654 4722 2065 4792 conﬁteamini;

488 4800 631 4858 idem
665 4818 793 4858 vero
826 4805 901 4858 sit
935 4805 1244 4862 substantia
1277 4816 1334 4863 et
1370 4807 1684 4880 hypostasis
1712 4829 1725 4865 :
1761 4813 1872 4866 erit
1902 4811 2070 4885 igitur

487 4893 752 4964 opinione
808 4908 989 4951 vestra
1044 4899 1392 4968 quaternitas
1427 4901 1846 4973 hypostasium,
1903 4905 2067 4960 trium

2168 3809 2410 3880 Πατέρες
2435 3811 2715 3881 εἰρήκασι,
2741 3809 2941 3864 ταυτὸν
2971 3811 3165 3879 λέγετε
3192 3809 3346 3877 φύσιν
3365 3806 3447 3858 καὶ
3485 3800 3660 3853 actm-

2169 3917 2288 3955 σιν·
2353 3901 2587 3972 μερικὴν
2635 3901 2694 3956 δὲ
2741 3902 2945 3971 μᾶλλον
2986 3901 3088 3973 τὴν
3147 3903 3322 3970 φύσιν,
3374 3897 3440 3957 ὡς
3474 3893 3550 3946 καὶ
3589 3888 3658 3956 τὴν

2167 3995 2290 4047 κατ’
2319 3995 2451 4047 αὐτὸ
2473 3995 2787 4064 ὁμολογεῖτε
2818 3994 3147 4050 ὑπόστασιν.
3178 3996 3296 4046 Ὅτι
3326 3991 3377 4044 δὲ
3404 3989 3456 4043 οὐ
3484 3981 3660 4057 μερικᾶς

2167 4086 2359 4154 φύσεις
2381 4084 2564 4155 λέγειν
2583 4086 2773 4157 ἐχρῆν,
2810 4085 3074 4140 ἐντεῦθεν
3106 4084 3375 4156 εἰσόμεθα.

2240 4270 2290 4318 ι’.
2326 4261 2387 4316 Et
2407 4262 2638 4333 μερικάς
2655 4263 2848 4331 φύσεις
2879 4263 2973 4316 ἐπὶ
2991 4266 3094 4334 τῆς
3122 4262 3279 4330 ἁγίας
3324 4256 3523 4330 Τριὰδος
3568 4252 3664 4316 ὁμο·

2169 4355 2395 4423 λογεῖτε,
2441 4355 2776 4424 ἑτεροούσιον
2832 4354 3042 4426 ταύτην
3089 4355 3365 4420 δοξάζετε,
3409 4347 3494 4402 καὶ
3548 4339 3668 4444 τεά-ζειν

2171 4445 2468 4516 ἐγήγερται
2531 4447 2769 4514 Ἀρειος.
2828 4446 2892 4498 Et
2943 4446 3002 4500 δὲ
3041 4447 3247 4517 ἑκάστῃ
3293 4443 3393 4496 τῶν
3435 4435 3668 4535 sagaris-

2169 4538 2400 4610 Τριάδος
2425 4538 2729 4608 θεαρχικῶν
2775 4538 3133 4592 ὑποστάσεων
3157 4537 3442 4602 ἰδιάζουσαν
3471 4527 3583 4584 δῶτε
3606 4527 3669 4574 οῠο

2171 4629 2315 4695 σίαν,
2348 4629 2666 4698 ὁμοουσίους
2693 4629 2750 4681 δὲ
2777 4630 2979 4694 ταύτας
3008 4630 3152 4684 κατὰ
3178 4629 3271 4698 τὴν
3324 4623 3490 4692 κοινὴν
3530 4614 3670 4670 οὐσίαν

2169 4721 2532 4792 ὁμολογήσετε
2562 4737 2574 4752 ·
2609 4721 2804 4774 ταυτὸν
2837 4720 2893 4774 δὲ
2916 4720 3078 4774 οὐσία
3108 4719 3203 4773 καὶ
3227 4717 3517 4774 ὑπόστασις,
3556 4705 3669 4802 tofm

2171 4809 2295 4864 καθ’
2321 4810 2350 4863 ὑ
2359 4809 2474 4881 μῶν
2505 4809 2702 4880 τετρὰς
2725 4809 3078 4864 ὐποστάσεων
3102 4825 3116 4839 ·
3143 4807 3304 4879 τριῶν
3335 4804 3425 4870 μὲν
3463 4804 3670 4892 ιιεοιξωξθ,

2177 4901 2304 4972 μιᾶς
2325 4900 2380 4954 δὲ
2400 4901 2607 4972 κοινῆς,
2629 4901 2724 4954 καὶ
2761 4898 2962 4953 οὐσιῶν
2995 4899 3200 4970 ὁμοίως
3226 4895 3429 4966 τετράς.
3459 4888 3551 4943 Καὶ
3575 4884 3668 4935 ἐκά-

488 4986 713 5057 quidem
754 4989 1172 5056 particularium
1199 5030 1214 5056 ,
1255 4993 1426 5048 unius
1458 5009 1592 5050 vero
1622 4997 1977 5063 communis;
2015 5005 2067 5053 et

2173 5008 2272 5061 στη
2291 4991 2400 5045 τῶν
2420 4990 2792 5056 ὑποστάσεων,
2809 4989 2902 5043 δύο
2929 4989 3149 5059 φύσεὼν
3165 5006 3223 5042 τε
3252 4986 3342 5041 καὶ
3365 4977 3668 5038 ὕποστάσεων.

489 5073 748 5131 similiter
775 5078 1119 5148 quaternitas
1147 5081 1586 5139 substantiarum
1617 5103 1632 5152 ;
1663 5085 1774 5139 imo
1803 5103 2070 5158 unaquae-

490 5182 599 5236 que
625 5168 940 5239 hypostasis
970 5171 1204 5226 duarum
1240 5182 1566 5229 naturarum
1597 5182 1652 5230 et
1685 5176 2068 5247 hypostasium

491 5258 626 5326 erit,
657 5259 822 5315 unius
853 5260 1074 5330 quidem
1103 5265 1419 5320 communis
1440 5306 1454 5330 ,
1484 5273 1539 5320 et
1572 5265 1740 5322 unius
1772 5267 2072 5335 particula-

2174 5083 2304 5152 μιᾶς
2341 5083 2438 5153 μὲν
2465 5082 2672 5152 κοινῆς,
2702 5083 2830 5151 μιᾶς
2846 5080 2903 5134 δὲ
2940 5080 3202 5150 μερικῆς,
3229 5075 3320 5130 καὶ
3362 5072 3548 5126 ἔσονται
3577 5065 3669 5131 ὀμο-

2170 5176 2342 5229 ούσιοι
2376 5176 2470 5228 καὶ
2488 5174 2837 5245 ὲτεροούσιοι,
2873 5169 3274 5243 ὁμοΰπόστατοί
3329 5183 3382 5220 τε
3426 5160 3509 5215 καὶ
3529 5158 3668 5245 ἑτερο·

2175 5267 2492 5321 ὓπόστοιτοι.
2513 5243 2624 5320 Κάῖι
2641 5265 2724 5329 τίς
2753 5266 2817 5318 οὐ
2843 5264 3160 5334 γελάσεται,
3184 5259 3375 5330 μᾶλλον
3392 5253 3442 5307 δὲ
3465 5243 3671 5334 ἀποδῦρίξ

493 5345 606 5411 ris,
637 5329 915 5419 eruntque
954 5351 1122 5407 simul
1151 5354 1399 5422 ejusdem
1431 5362 1485 5410 et
1512 5355 1752 5411 diversae
1781 5357 2067 5426 essentim,

2171 5375 2252 5411 ται
2295 5357 2394 5428 τῆς
2461 5358 2657 5429 μανίας
2698 5357 2798 5426 τὴν
2826 5329 3158 5427 ὑτπερϐολήη
3191 5350 3308 5430 Οὐκ.
3338 5346 3441 5400 ἔστι
3483 5337 3607 5430 τοῦτο
3630 5329 3664 5382 εἰ

494 5435 742 5504 ejusdem
766 5448 821 5496 et
847 5441 1080 5500 diversa:
1108 5445 1448 5517 hypostasis.
1479 5446 1683 5517 Ecquis
1709 5462 1821 5502 non
1851 5447 2030 5504 rideat
2059 5467 2073 5516 ;

497 5527 608 5583 imo
637 5547 769 5588 vero
801 5550 910 5589 non
945 5534 1070 5590 ﬂeat
1101 5535 1526 5595 inunodcratum
1554 5539 1749 5595 horum
1785 5539 2073 5597 furorem?

571 5681 818 5743 "_Basil.
845 5688 1007 5757 epist.
1039 5691 1164 5746 591.

2171 5450 2245 5522 μὴ
2277 5449 2553 5520 φλήναφος
2578 5447 2674 5501 καὶ
2697 5447 2936 5510 διανοίας
2958 5445 3296 5513 ἁνάπλασμα
3321 5429 3665 5522 καθιοᾷξίμοννίςν

2177 5518 2448 5610 ἅιμὸνιυν
2503 5540 2720 5610 εὕρημα.
2775 5534 3046 5590 σκοτεινὸν
3071 5572 3086 5599 ,
3151 5529 3347 5601 καὶτῆς
3413 5518 3664 5585 Ἐλληνικης
