  <div class='ocr_page' id='page_1' title='image "/cluster/home/n/w/nwhite01/storage/ocr_20150623/94/hvd.32044073502098/727.png"; bbox 0 0 3962 6202; ppageno 0'>
   <div class='ocr_carea' id='block_1_1' title="bbox 396 314 534 383">
    <p class='ocr_par' dir='ltr' id='par_1_1' title="bbox 396 314 534 383">
     <span class='ocr_line' id='line_1_1' title="bbox 396 314 534 383; baseline -0.036 0"><span class='ocrx_word' id='word_1_1' title='bbox 396 314 534 383; x_wconf 63' lang='grc'><strong>1443</strong></span> 
     </span>
    </p>
   </div>
   <div class='ocr_carea' id='block_1_2' title="bbox 1571 305 2443 365">
    <p class='ocr_par' dir='ltr' id='par_1_2' title="bbox 1571 305 2443 365">
     <span class='ocr_line' id='line_1_2' title="bbox 1571 305 2443 365; baseline 0 0"><span class='ocrx_word' id='word_1_2' title='bbox 1571 306 1630 365; x_wconf 91' lang='lat' dir='ltr'><strong>S.</strong></span> <span class='ocrx_word' id='word_1_3' title='bbox 1672 305 1991 365; x_wconf 77' lang='lat' dir='ltr'><strong>JOANNIS</strong></span> <span class='ocrx_word' id='word_1_4' title='bbox 2016 306 2443 365; x_wconf 71' lang='lat' dir='ltr'><strong>DAMASCENI</strong></span> 
     </span>
    </p>
   </div>
   <div class='ocr_carea' id='block_1_3' title="bbox 3513 307 3620 371">
    <p class='ocr_par' dir='ltr' id='par_1_3' title="bbox 3513 307 3620 371">
     <span class='ocr_line' id='line_1_3' title="bbox 3513 307 3620 371; baseline 0.009 -1"><span class='ocrx_word' id='word_1_5' title='bbox 3513 309 3539 370; x_wconf 85' lang='lat'><strong>1</strong></span> <span class='ocrx_word' id='word_1_6' title='bbox 3552 307 3620 371; x_wconf 56' lang='lat'><strong>.14</strong></span> 
     </span>
    </p>
   </div>
   <div class='ocr_carea' id='block_1_4' title="bbox 391 414 1994 498">
    <p class='ocr_par' dir='ltr' id='par_1_4' title="bbox 391 416 1970 498">
     <span class='ocr_line' id='line_1_4' title="bbox 391 416 1970 498; baseline -0.011 -14"><span class='ocrx_word' id='word_1_7' title='bbox 391 443 456 484; x_wconf 84' lang='lat' dir='ltr'><strong>ex</strong></span> <span class='ocrx_word' id='word_1_8' title='bbox 491 426 693 498; x_wconf 84' lang='lat' dir='ltr'><strong>quibus</strong></span> <span class='ocrx_word' id='word_1_9' title='bbox 718 422 1025 492; x_wconf 87' lang='lat' dir='ltr'><strong>composita</strong></span> <span class='ocrx_word' id='word_1_10' title='bbox 1047 427 1133 476; x_wconf 87' lang='lat' dir='ltr'><strong>est</strong></span> <span class='ocrx_word' id='word_1_11' title='bbox 1159 438 1174 474; x_wconf 90' lang='lat'><strong>:</strong></span> <span class='ocrx_word' id='word_1_12' title='bbox 1205 433 1656 488; x_wconf 77' lang='lat' dir='ltr'><strong>unamquamque</strong></span> <span class='ocrx_word' id='word_1_13' title='bbox 1681 433 1809 470; x_wconf 85' lang='lat' dir='ltr'><strong>vero</strong></span> <span class='ocrx_word' id='word_1_14' title='bbox 1835 416 1970 471; x_wconf 87' lang='lat' dir='ltr'><strong>sub-</strong></span> 
     </span>
    </p>
   </div>
   <div class='ocr_carea' id='block_1_5' title="bbox 2101 414 3668 498">
    <p class='ocr_par' dir='ltr' id='par_1_5' title="bbox 2101 414 3668 489">
     <span class='ocr_line' id='line_1_5' title="bbox 2101 414 3668 489; baseline 0.002 -24"><span class='ocrx_word' id='word_1_15' title='bbox 2101 433 2249 478; x_wconf 84' lang='grc' dir='ltr'>ιατος</span> <span class='ocrx_word' id='word_1_16' title='bbox 2269 432 2281 443; x_wconf 78' lang='grc'><strong><em>⁸</em></strong></span> <span class='ocrx_word' id='word_1_17' title='bbox 2312 418 2346 484; x_wconf 84' lang='grc' dir='ltr'>ἡ</span> <span class='ocrx_word' id='word_1_18' title='bbox 2376 416 2432 468; x_wconf 83' lang='grc' dir='ltr'><strong>δὲ</strong></span> <span class='ocrx_word' id='word_1_19' title='bbox 2462 415 2702 486; x_wconf 65' lang='grc' dir='ltr'>ἔμψυχος</span> <span class='ocrx_word' id='word_1_20' title='bbox 2744 417 2839 469; x_wconf 77' lang='grc' dir='ltr'>καὶ</span> <span class='ocrx_word' id='word_1_21' title='bbox 2869 415 3065 489; x_wconf 79' lang='grc' dir='ltr'>λογικὴ</span> <span class='ocrx_word' id='word_1_22' title='bbox 3105 414 3274 470; x_wconf 76' lang='grc' dir='ltr'>αὐτοῦ</span> <span class='ocrx_word' id='word_1_23' title='bbox 3325 415 3487 485; x_wconf 77' lang='grc' dir='ltr'>σὰρξ,</span> <span class='ocrx_word' id='word_1_24' title='bbox 3545 435 3668 469; x_wconf 84' lang='grc' dir='ltr'>ταυ·</span> 
     </span>
    </p>
   </div>
   <div class='ocr_carea' id='block_1_6' title="bbox 395 504 1964 581">
    <p class='ocr_par' dir='ltr' id='par_1_6' title="bbox 395 504 1964 581">
     <span class='ocr_line' id='line_1_6' title="bbox 395 504 1964 581; baseline -0.009 -10"><span class='ocrx_word' id='word_1_25' title='bbox 395 517 722 572; x_wconf 86' lang='lat' dir='ltr'><strong>stantiarum</strong></span> <span class='ocrx_word' id='word_1_26' title='bbox 753 511 876 581; x_wconf 85' lang='lat' dir='ltr'><strong>ejus</strong></span> <span class='ocrx_word' id='word_1_27' title='bbox 900 550 915 573; x_wconf 92' lang='lat'><strong>,</strong></span> <span class='ocrx_word' id='word_1_28' title='bbox 947 508 1315 562; x_wconf 80' lang='grc' dir='ltr'>ὲνυπόστατον</span> <span class='ocrx_word' id='word_1_29' title='bbox 1337 545 1350 570; x_wconf 84' lang='grc'><strong>,</strong></span> <span class='ocrx_word' id='word_1_30' title='bbox 1403 507 1510 559; x_wconf 90' lang='lat' dir='ltr'><strong>hoc</strong></span> <span class='ocrx_word' id='word_1_31' title='bbox 1543 511 1630 559; x_wconf 90' lang='lat' dir='ltr'><strong>est</strong></span> <span class='ocrx_word' id='word_1_32' title='bbox 1683 504 1739 557; x_wconf 87' lang='lat' dir='ltr'><strong>in</strong></span> <span class='ocrx_word' id='word_1_33' title='bbox 1791 505 1964 573; x_wconf 80' lang='lat' dir='ltr'><strong>hypo-</strong></span> 
     </span>
    </p>
   </div>
   <div class='ocr_carea' id='block_1_7' title="bbox 395 597 1972 669">
    <p class='ocr_par' dir='ltr' id='par_1_7' title="bbox 395 597 1972 669">
     <span class='ocr_line' id='line_1_7' title="bbox 395 597 1972 669; baseline -0.011 -1"><span class='ocrx_word' id='word_1_34' title='bbox 395 613 530 669; x_wconf 85' lang='lat' dir='ltr'><strong>stasi</strong></span> <span class='ocrx_word' id='word_1_35' title='bbox 562 625 707 665; x_wconf 88' lang='lat' dir='ltr'><strong>esse.</strong></span> <span class='ocrx_word' id='word_1_36' title='bbox 741 605 959 659; x_wconf 80' lang='lat' dir='ltr'><strong>Habent</strong></span> <span class='ocrx_word' id='word_1_37' title='bbox 1004 602 1148 656; x_wconf 91' lang='lat' dir='ltr'><strong>enim</strong></span> <span class='ocrx_word' id='word_1_38' title='bbox 1202 615 1554 654; x_wconf 86' lang='lat' dir='ltr'><strong>communem</strong></span> <span class='ocrx_word' id='word_1_39' title='bbox 1609 612 1773 651; x_wconf 88' lang='lat' dir='ltr'><strong>unam</strong></span> <span class='ocrx_word' id='word_1_40' title='bbox 1824 597 1972 650; x_wconf 90' lang='lat' dir='ltr'><strong>illius</strong></span> 
     </span>
    </p>
   </div>
   <div class='ocr_carea' id='block_1_8' title="bbox 395 689 1975 776">
    <p class='ocr_par' dir='ltr' id='par_1_8' title="bbox 395 689 1975 776">
     <span class='ocr_line' id='line_1_8' title="bbox 395 689 1975 776; baseline -0.012 -16"><span class='ocrx_word' id='word_1_41' title='bbox 395 703 740 776; x_wconf 79' lang='lat' dir='ltr'><strong>hypostasim</strong></span> <span class='ocrx_word' id='word_1_42' title='bbox 772 717 786 751; x_wconf 91' lang='lat'><strong>:</strong></span> <span class='ocrx_word' id='word_1_43' title='bbox 813 710 870 752; x_wconf 92' lang='lat' dir='ltr'><strong>ut</strong></span> <span class='ocrx_word' id='word_1_44' title='bbox 897 697 1164 750; x_wconf 71' lang='lat' dir='ltr'><strong>divinitas</strong></span> <span class='ocrx_word' id='word_1_45' title='bbox 1195 693 1440 762; x_wconf 85' lang='lat' dir='ltr'><strong>quidem,</strong></span> <span class='ocrx_word' id='word_1_46' title='bbox 1475 690 1601 744; x_wconf 83' lang='lat' dir='ltr'><strong>Filii</strong></span> <span class='ocrx_word' id='word_1_47' title='bbox 1632 689 1975 760; x_wconf 83' lang='lat' dir='ltr'><strong>hypostasim</strong></span> 
     </span>
    </p>
   </div>
   <div class='ocr_carea' id='block_1_9' title="bbox 395 779 1974 858">
    <p class='ocr_par' dir='ltr' id='par_1_9' title="bbox 395 779 1974 858">
     <span class='ocr_line' id='line_1_9' title="bbox 395 779 1974 858; baseline -0.012 -7"><span class='ocrx_word' id='word_1_48' title='bbox 395 807 599 851; x_wconf 64' lang='lat' dir='ltr'><strong>aeterne</strong></span> <span class='ocrx_word' id='word_1_49' title='bbox 644 794 840 847; x_wconf 90' lang='lat' dir='ltr'><strong>habeat</strong></span> <span class='ocrx_word' id='word_1_50' title='bbox 864 831 878 854; x_wconf 96' lang='lat'><strong>,</strong></span> <span class='ocrx_word' id='word_1_51' title='bbox 911 785 1370 858; x_wconf 90' lang='lat' dir='ltr'><strong>quemadmodum</strong></span> <span class='ocrx_word' id='word_1_52' title='bbox 1405 794 1460 836; x_wconf 92' lang='lat' dir='ltr'><strong>ct</strong></span> <span class='ocrx_word' id='word_1_53' title='bbox 1496 782 1673 836; x_wconf 82' lang='lat' dir='ltr'><strong>Patris</strong></span> <span class='ocrx_word' id='word_1_54' title='bbox 1702 789 1756 835; x_wconf 88' lang='lat' dir='ltr'><strong>ct</strong></span> <span class='ocrx_word' id='word_1_55' title='bbox 1800 779 1974 848; x_wconf 87' lang='lat' dir='ltr'><strong>Spiri-</strong></span> 
     </span>
    </p>
   </div>
   <div class='ocr_carea' id='block_1_10' title="bbox 398 871 1979 958">
    <p class='ocr_par' dir='ltr' id='par_1_10' title="bbox 398 871 1979 958">
     <span class='ocr_line' id='line_1_10' title="bbox 398 871 1979 958; baseline -0.012 -16"><span class='ocrx_word' id='word_1_56' title='bbox 398 897 488 943; x_wconf 91' lang='lat' dir='ltr'><strong>tus</strong></span> <span class='ocrx_word' id='word_1_57' title='bbox 518 890 844 958; x_wconf 81' lang='lat' dir='ltr'><strong>hypostases</strong></span> <span class='ocrx_word' id='word_1_58' title='bbox 872 900 886 948; x_wconf 88' lang='lat'><strong>;</strong></span> <span class='ocrx_word' id='word_1_59' title='bbox 919 895 1052 934; x_wconf 87' lang='lat' dir='ltr'><strong>caro</strong></span> <span class='ocrx_word' id='word_1_60' title='bbox 1078 892 1208 932; x_wconf 89' lang='lat' dir='ltr'><strong>vero</strong></span> <span class='ocrx_word' id='word_1_61' title='bbox 1239 876 1360 944; x_wconf 86' lang='lat' dir='ltr'><strong>ejus</strong></span> <span class='ocrx_word' id='word_1_62' title='bbox 1393 875 1634 928; x_wconf 88' lang='lat' dir='ltr'><strong>animata</strong></span> <span class='ocrx_word' id='word_1_63' title='bbox 1663 881 1717 927; x_wconf 90' lang='lat' dir='ltr'><strong>et</strong></span> <span class='ocrx_word' id='word_1_64' title='bbox 1746 871 1979 925; x_wconf 89' lang='lat' dir='ltr'><strong>rationis</strong></span> 
     </span>
    </p>
   </div>
   <div class='ocr_carea' id='block_1_11' title="bbox 397 963 1974 1048">
    <p class='ocr_par' dir='ltr' id='par_1_11' title="bbox 397 963 1974 1048">
     <span class='ocr_line' id='line_1_11' title="bbox 397 963 1974 1048; baseline -0.01 -17"><span class='ocrx_word' id='word_1_65' title='bbox 397 980 696 1048; x_wconf 88' lang='lat' dir='ltr'><strong>particeps,</strong></span> <span class='ocrx_word' id='word_1_66' title='bbox 727 990 820 1028; x_wconf 92' lang='lat' dir='ltr'><strong>seu</strong></span> <span class='ocrx_word' id='word_1_67' title='bbox 852 970 998 1041; x_wconf 86' lang='lat' dir='ltr'><strong>quod</strong></span> <span class='ocrx_word' id='word_1_68' title='bbox 1031 969 1171 1021; x_wconf 79' lang='lat' dir='ltr'><strong>idem</strong></span> <span class='ocrx_word' id='word_1_69' title='bbox 1207 975 1321 1029; x_wconf 91' lang='lat' dir='ltr'><strong>cst,</strong></span> <span class='ocrx_word' id='word_1_70' title='bbox 1383 963 1750 1019; x_wconf 77' lang='lat' dir='ltr'><strong>humanitatis</strong></span> <span class='ocrx_word' id='word_1_71' title='bbox 1777 965 1974 1034; x_wconf 88' lang='lat' dir='ltr'><strong>ipsius,</strong></span> 
     </span>
    </p>
   </div>
   <div class='ocr_carea' id='block_1_12' title="bbox 2076 507 3663 582">
    <p class='ocr_par' dir='ltr' id='par_1_12' title="bbox 2076 507 3663 582">
     <span class='ocr_line' id='line_1_12' title="bbox 2076 507 3663 582; baseline 0.002 -23"><span class='ocrx_word' id='word_1_72' title='bbox 2076 508 2168 559; x_wconf 81' lang='grc' dir='ltr'>τὸν</span> <span class='ocrx_word' id='word_1_73' title='bbox 2197 507 2261 576; x_wconf 79' lang='grc' dir='ltr'><strong>δὴ</strong></span> <span class='ocrx_word' id='word_1_74' title='bbox 2290 511 2488 572; x_wconf 75' lang='grc' dir='ltr'>εἰπεῖν,</span> <span class='ocrx_word' id='word_1_75' title='bbox 2517 511 2549 578; x_wconf 82' lang='grc' dir='ltr'><strong>ἡ</strong></span> <span class='ocrx_word' id='word_1_76' title='bbox 2584 508 2692 582; x_wconf 68' lang='grc' dir='ltr'><strong>[εὖ]</strong></span> <span class='ocrx_word' id='word_1_77' title='bbox 2721 510 3081 581; x_wconf 82' lang='grc' dir='ltr'>ἀνθρωπότης</span> <span class='ocrx_word' id='word_1_78' title='bbox 3103 508 3270 564; x_wconf 67' lang='grc' dir='ltr'>αὑτοῦ</span> <span class='ocrx_word' id='word_1_79' title='bbox 3328 511 3663 580; x_wconf 72' lang='grc' dir='ltr'>προσφάτως</span> 
     </span>
    </p>
   </div>
   <div class='ocr_carea' id='block_1_13' title="bbox 2079 599 3668 672">
    <p class='ocr_par' dir='ltr' id='par_1_13' title="bbox 2079 599 3668 672">
     <span class='ocr_line' id='line_1_13' title="bbox 2079 599 3668 672; baseline 0.003 -23"><span class='ocrx_word' id='word_1_80' title='bbox 2079 599 2138 649; x_wconf 99' lang='lat' dir='ltr'><strong>tv</strong></span> <span class='ocrx_word' id='word_1_81' title='bbox 2190 600 2326 670; x_wconf 68' lang='grc' dir='ltr'>αὐτῇ</span> <span class='ocrx_word' id='word_1_82' title='bbox 2391 600 2698 662; x_wconf 83' lang='grc' dir='ltr'>ύποστᾶσα,</span> <span class='ocrx_word' id='word_1_83' title='bbox 2750 607 2846 654; x_wconf 77' lang='grc' dir='ltr'>καὶ</span> <span class='ocrx_word' id='word_1_84' title='bbox 2891 603 3060 672; x_wconf 75' lang='grc' dir='ltr'>αὐτὴν</span> <span class='ocrx_word' id='word_1_85' title='bbox 3095 601 3501 672; x_wconf 76' lang='grc' dir='ltr'>κληρωσαμένη</span> <span class='ocrx_word' id='word_1_86' title='bbox 3537 602 3668 654; x_wconf 78' lang='grc' dir='ltr'>ὑπό-</span> 
     </span>
    </p>
   </div>
   <div class='ocr_carea' id='block_1_14' title="bbox 2085 691 3668 760">
    <p class='ocr_par' dir='ltr' id='par_1_14' title="bbox 2085 691 3668 760">
     <span class='ocr_line' id='line_1_14' title="bbox 2085 691 3668 760; baseline -0.001 -19"><span class='ocrx_word' id='word_1_87' title='bbox 2085 706 2293 741; x_wconf 85' lang='grc' dir='ltr'>στασιν.</span> <span class='ocrx_word' id='word_1_88' title='bbox 2355 691 2546 753; x_wconf 81' lang='grc' dir='ltr'>Οὕτως</span> <span class='ocrx_word' id='word_1_89' title='bbox 2588 691 2712 744; x_wconf 77' lang='grc' dir='ltr'>οὗτε</span> <span class='ocrx_word' id='word_1_90' title='bbox 2765 693 3163 757; x_wconf 83' lang='grc' dir='ltr'>ἀνυπόστατος,</span> <span class='ocrx_word' id='word_1_91' title='bbox 3207 693 3320 744; x_wconf 71' lang='grc' dir='ltr'>οὐθ’</span> <span class='ocrx_word' id='word_1_92' title='bbox 3358 694 3527 760; x_wconf 72' lang='grc' dir='ltr'>ἑτέρα</span> <span class='ocrx_word' id='word_1_93' title='bbox 3565 693 3668 742; x_wconf 77' lang='grc' dir='ltr'><strong>τῶν</strong></span> 
     </span>
    </p>
   </div>
   <div class='ocr_carea' id='block_1_15' title="bbox 2083 779 3667 852">
    <p class='ocr_par' dir='ltr' id='par_1_15' title="bbox 2083 779 3667 852">
     <span class='ocr_line' id='line_1_15' title="bbox 2083 779 3667 852; baseline 0.002 -21"><span class='ocrx_word' id='word_1_94' title='bbox 2083 779 2178 832; x_wconf 82' lang='grc' dir='ltr'>τοῦ</span> <span class='ocrx_word' id='word_1_95' title='bbox 2219 781 2457 849; x_wconf 80' lang='grc' dir='ltr'>Χριστοῦ</span> <span class='ocrx_word' id='word_1_96' title='bbox 2491 780 2706 848; x_wconf 79' lang='grc' dir='ltr'>φύσεών</span> <span class='ocrx_word' id='word_1_97' title='bbox 2737 783 2906 846; x_wconf 79' lang='grc' dir='ltr'>ἐστιν,</span> <span class='ocrx_word' id='word_1_98' title='bbox 2940 783 3065 835; x_wconf 69' lang='grc' dir='ltr'>οὔτε</span> <span class='ocrx_word' id='word_1_99' title='bbox 3091 785 3295 851; x_wconf 77' lang='grc' dir='ltr'>ἑκάστη</span> <span class='ocrx_word' id='word_1_100' title='bbox 3327 782 3452 834; x_wconf 80' lang='grc' dir='ltr'>καθ’</span> <span class='ocrx_word' id='word_1_101' title='bbox 3493 782 3667 852; x_wconf 70' lang='grc' dir='ltr'>αὐτὴν</span> 
     </span>
    </p>
   </div>
   <div class='ocr_carea' id='block_1_16' title="bbox 2083 860 3670 944">
    <p class='ocr_par' dir='ltr' id='par_1_16' title="bbox 2083 860 3670 944">
     <span class='ocr_line' id='line_1_16' title="bbox 2083 860 3670 944; baseline 0.002 -23"><span class='ocrx_word' id='word_1_102' title='bbox 2083 870 2382 926; x_wconf 83' lang='grc' dir='ltr'><strong>ὑπόστασιν</strong></span> <span class='ocrx_word' id='word_1_103' title='bbox 2412 860 2696 939; x_wconf 75' lang='grc' dir='ltr'>κέκτηται,</span> <span class='ocrx_word' id='word_1_104' title='bbox 2726 871 2865 924; x_wconf 83' lang='grc' dir='ltr'>ἀλλὰ</span> <span class='ocrx_word' id='word_1_105' title='bbox 2891 872 2988 943; x_wconf 81' lang='grc' dir='ltr'>τὴν</span> <span class='ocrx_word' id='word_1_106' title='bbox 3031 872 3199 944; x_wconf 74' lang='grc' dir='ltr'>αὐτὴν</span> <span class='ocrx_word' id='word_1_107' title='bbox 3240 874 3336 926; x_wconf 67' lang='grc' dir='ltr'>καὶ</span> <span class='ocrx_word' id='word_1_108' title='bbox 3386 873 3520 941; x_wconf 81' lang='grc' dir='ltr'>μίαν</span> <span class='ocrx_word' id='word_1_109' title='bbox 3565 885 3670 940; x_wconf 82' lang='grc' dir='ltr'>αμ-</span> 
     </span>
    </p>
   </div>
   <div class='ocr_carea' id='block_1_17' title="bbox 2082 962 2316 1032">
    <p class='ocr_par' dir='ltr' id='par_1_17' title="bbox 2082 962 2316 1032">
     <span class='ocr_line' id='line_1_17' title="bbox 2082 962 2316 1032; baseline 0.009 -18"><span class='ocrx_word' id='word_1_110' title='bbox 2082 962 2316 1032; x_wconf 80' lang='grc' dir='ltr'><strong>φότερα⁹</strong></span> 
     </span>
    </p>
   </div>
   <div class='ocr_carea' id='block_1_18' title="bbox 399 1057 3668 1130">
    <p class='ocr_par' dir='ltr' id='par_1_18' title="bbox 399 1057 3668 1130">
     <span class='ocr_line' id='line_1_18' title="bbox 399 1057 3668 1130; baseline -0.002 -4"><span class='ocrx_word' id='word_1_111' title='bbox 399 1081 654 1126; x_wconf 90' lang='lat' dir='ltr'><strong>rccenter</strong></span> <span class='ocrx_word' id='word_1_112' title='bbox 705 1068 760 1121; x_wconf 89' lang='lat' dir='ltr'><strong>in</strong></span> <span class='ocrx_word' id='word_1_113' title='bbox 813 1082 876 1118; x_wconf 88' lang='lat' dir='ltr'><strong>ea</strong></span> <span class='ocrx_word' id='word_1_114' title='bbox 925 1063 1230 1124; x_wconf 75' lang='lat' dir='ltr'><strong>subsistat,</strong></span> <span class='ocrx_word' id='word_1_115' title='bbox 1281 1075 1515 1130; x_wconf 82' lang='lat' dir='ltr'><strong>eamque</strong></span> <span class='ocrx_word' id='word_1_116' title='bbox 1557 1059 1660 1112; x_wconf 86' lang='lat' dir='ltr'><strong>sibi</strong></span> <span class='ocrx_word' id='word_1_117' title='bbox 1707 1066 1869 1110; x_wconf 86' lang='lat' dir='ltr'><strong>nacta</strong></span> <span class='ocrx_word' id='word_1_118' title='bbox 1917 1057 1988 1111; x_wconf 87' lang='lat' dir='ltr'><strong>sit</strong></span> <span class='ocrx_word' id='word_1_119' title='bbox 2023 1057 2392 1127; x_wconf 79' lang='lat' dir='ltr'><strong>hypostasim.</strong></span> <span class='ocrx_word' id='word_1_120' title='bbox 2444 1057 2565 1125; x_wconf 93' lang='lat' dir='ltr'><strong>Quo</strong></span> <span class='ocrx_word' id='word_1_121' title='bbox 2597 1059 2655 1113; x_wconf 90' lang='lat' dir='ltr'><strong>ﬁt</strong></span> <span class='ocrx_word' id='word_1_122' title='bbox 2685 1067 2745 1114; x_wconf 91' lang='lat' dir='ltr'><strong>ut</strong></span> <span class='ocrx_word' id='word_1_123' title='bbox 2780 1069 2973 1115; x_wconf 88' lang='lat' dir='ltr'><strong>neutra</strong></span> <span class='ocrx_word' id='word_1_124' title='bbox 3013 1077 3080 1114; x_wconf 78' lang='lat' dir='ltr'><strong>cx</strong></span> <span class='ocrx_word' id='word_1_125' title='bbox 3157 1059 3367 1118; x_wconf 87' lang='lat' dir='ltr'><strong>Christi</strong></span> <span class='ocrx_word' id='word_1_126' title='bbox 3446 1063 3668 1118; x_wconf 62' lang='lat' dir='ltr'><strong>naturis</strong></span> 
     </span>
    </p>
   </div>
   <div class='ocr_carea' id='block_1_19' title="bbox 399 1149 3667 1235">
    <p class='ocr_par' dir='ltr' id='par_1_19' title="bbox 399 1149 3667 1235">
     <span class='ocr_line' id='line_1_19' title="bbox 399 1149 3667 1235; baseline -0.004 -16"><span class='ocrx_word' id='word_1_127' title='bbox 399 1161 683 1235; x_wconf 76' lang='lat' dir='ltr'><strong>bypostasi</strong></span> <span class='ocrx_word' id='word_1_128' title='bbox 719 1165 942 1219; x_wconf 86' lang='lat' dir='ltr'><strong>careat,</strong></span> <span class='ocrx_word' id='word_1_129' title='bbox 981 1169 1083 1208; x_wconf 87' lang='lat' dir='ltr'><strong>nec</strong></span> <span class='ocrx_word' id='word_1_130' title='bbox 1125 1153 1382 1221; x_wconf 64' lang='lat' dir='ltr'><strong>quaelibet</strong></span> <span class='ocrx_word' id='word_1_131' title='bbox 1426 1167 1615 1205; x_wconf 84' lang='lat' dir='ltr'><strong>carum</strong></span> <span class='ocrx_word' id='word_1_132' title='bbox 1670 1167 1766 1219; x_wconf 83' lang='lat' dir='ltr'><strong>per</strong></span> <span class='ocrx_word' id='word_1_133' title='bbox 1811 1157 1982 1203; x_wconf 83' lang='lat' dir='ltr'><strong>semet</strong></span> <span class='ocrx_word' id='word_1_134' title='bbox 2021 1149 2325 1216; x_wconf 85' lang='lat' dir='ltr'><strong>subsistat,</strong></span> <span class='ocrx_word' id='word_1_135' title='bbox 2353 1151 2450 1205; x_wconf 89' lang='lat' dir='ltr'><strong>sed</strong></span> <span class='ocrx_word' id='word_1_136' title='bbox 2479 1151 2653 1206; x_wconf 66' lang='lat' dir='ltr'><strong>ambae</strong></span> <span class='ocrx_word' id='word_1_137' title='bbox 2718 1167 2883 1206; x_wconf 91' lang='lat' dir='ltr'><strong>unam</strong></span> <span class='ocrx_word' id='word_1_138' title='bbox 2937 1153 3294 1224; x_wconf 71' lang='lat' dir='ltr'><strong>eamdemque</strong></span> <span class='ocrx_word' id='word_1_139' title='bbox 3326 1155 3667 1225; x_wconf 70' lang='lat' dir='ltr'><strong>hypostasi‘m</strong></span> 
     </span>
    </p>
   </div>
   <div class='ocr_carea' id='block_1_20' title="bbox 402 1256 659 1309">
    <p class='ocr_par' dir='ltr' id='par_1_20' title="bbox 402 1256 659 1309">
     <span class='ocr_line' id='line_1_20' title="bbox 402 1256 659 1309; baseline -0.016 -1"><span class='ocrx_word' id='word_1_140' title='bbox 402 1256 659 1309; x_wconf 77' lang='lat' dir='ltr'><strong>habeant.</strong></span> 
     </span>
    </p>
   </div>
   <div class='ocr_carea' id='block_1_21' title="bbox 473 1333 1986 1408">
    <p class='ocr_par' dir='ltr' id='par_1_21' title="bbox 473 1333 1986 1408">
     <span class='ocr_line' id='line_1_21' title="bbox 473 1333 1986 1408; baseline -0.011 -8"><span class='ocrx_word' id='word_1_141' title='bbox 473 1345 561 1400; x_wconf 77' lang='grc'>15.</span> <span class='ocrx_word' id='word_1_142' title='bbox 598 1342 808 1408; x_wconf 88' lang='lat' dir='ltr'><strong>Quibus</strong></span> <span class='ocrx_word' id='word_1_143' title='bbox 839 1340 921 1393; x_wconf 89' lang='lat' dir='ltr'><strong>sic</strong></span> <span class='ocrx_word' id='word_1_144' title='bbox 953 1337 1314 1407; x_wconf 66' lang='lat' dir='ltr'><strong>praestitutis,</strong></span> <span class='ocrx_word' id='word_1_145' title='bbox 1368 1335 1432 1406; x_wconf 90' lang='lat' dir='ltr'><strong>ad</strong></span> <span class='ocrx_word' id='word_1_146' title='bbox 1485 1333 1850 1402; x_wconf 67' lang='lat' dir='ltr'><strong>quaestionem</strong></span> <span class='ocrx_word' id='word_1_147' title='bbox 1896 1347 1986 1384; x_wconf 89' lang='lat' dir='ltr'><strong>vc-</strong></span> 
     </span>
    </p>
   </div>
   <div class='ocr_carea' id='block_1_22' title="bbox 403 1423 1994 1498">
    <p class='ocr_par' dir='ltr' id='par_1_22' title="bbox 403 1426 1988 1498">
     <span class='ocr_line' id='line_1_22' title="bbox 403 1426 1988 1498; baseline -0.009 -8"><span class='ocrx_word' id='word_1_148' title='bbox 403 1435 642 1490; x_wconf 89' lang='lat' dir='ltr'><strong>niamus.</strong></span> <span class='ocrx_word' id='word_1_149' title='bbox 694 1431 968 1496; x_wconf 66' lang='lat' dir='ltr'><strong>Quaeritur</strong></span> <span class='ocrx_word' id='word_1_150' title='bbox 1026 1445 1189 1498; x_wconf 81' lang='lat' dir='ltr'><strong>ergo,</strong></span> <span class='ocrx_word' id='word_1_151' title='bbox 1251 1429 1396 1481; x_wconf 90' lang='lat' dir='ltr'><strong>sitne</strong></span> <span class='ocrx_word' id='word_1_152' title='bbox 1454 1426 1715 1480; x_wconf 89' lang='lat' dir='ltr'><strong>Christus</strong></span> <span class='ocrx_word' id='word_1_153' title='bbox 1775 1431 1988 1478; x_wconf 56' lang='lat' dir='ltr'><strong>natura!</strong></span> 
     </span>
    </p>
   </div>
   <div class='ocr_carea' id='block_1_23' title="bbox 2101 1423 3672 1498">
    <p class='ocr_par' dir='ltr' id='par_1_23' title="bbox 2101 1423 3672 1496">
     <span class='ocr_line' id='line_1_23' title="bbox 2101 1423 3672 1496; baseline 0.004 -22"><span class='ocrx_word' id='word_1_154' title='bbox 2101 1423 2351 1491; x_wconf 76' lang='grc' dir='ltr'>τούμενον</span> <span class='ocrx_word' id='word_1_155' title='bbox 2379 1424 2656 1494; x_wconf 78' lang='grc' dir='ltr'><strong>ἔλθωμεν·</strong></span> <span class='ocrx_word' id='word_1_156' title='bbox 2690 1425 2850 1478; x_wconf 81' lang='grc' dir='ltr'>τοῦτο</span> <span class='ocrx_word' id='word_1_157' title='bbox 2889 1426 2946 1478; x_wconf 84' lang='grc' dir='ltr'><strong>δέ</strong></span> <span class='ocrx_word' id='word_1_158' title='bbox 2985 1429 3134 1478; x_wconf 79' lang='grc' dir='ltr'>ἐστιν</span> <span class='ocrx_word' id='word_1_159' title='bbox 3161 1442 3174 1455; x_wconf 89' lang='grc'>·</span> <span class='ocrx_word' id='word_1_160' title='bbox 3233 1430 3281 1479; x_wconf 86' lang='grc' dir='ltr'><strong>εί</strong></span> <span class='ocrx_word' id='word_1_161' title='bbox 3331 1428 3426 1480; x_wconf 75' lang='grc' dir='ltr'><strong>δύο</strong></span> <span class='ocrx_word' id='word_1_162' title='bbox 3477 1429 3672 1496; x_wconf 78' lang='grc' dir='ltr'>φύσεις</span> 
     </span>
    </p>
   </div>
   <div class='ocr_carea' id='block_1_24' title="bbox 403 1515 1994 1586">
    <p class='ocr_par' dir='ltr' id='par_1_24' title="bbox 403 1519 1991 1582">
     <span class='ocr_line' id='line_1_24' title="bbox 403 1519 1991 1582; baseline -0.008 -4"><span class='ocrx_word' id='word_1_163' title='bbox 403 1528 526 1580; x_wconf 68' lang='lat' dir='ltr'><strong>dum</strong></span> <span class='ocrx_word' id='word_1_164' title='bbox 556 1529 609 1576; x_wconf 91' lang='lat' dir='ltr'><strong>et</strong></span> <span class='ocrx_word' id='word_1_165' title='bbox 637 1523 688 1574; x_wconf 92' lang='lat' dir='ltr'><strong>in</strong></span> <span class='ocrx_word' id='word_1_166' title='bbox 725 1520 942 1573; x_wconf 89' lang='lat' dir='ltr'><strong>duabus</strong></span> <span class='ocrx_word' id='word_1_167' title='bbox 970 1519 1184 1571; x_wconf 85' lang='lat' dir='ltr'><strong>naturis</strong></span> <span class='ocrx_word' id='word_1_168' title='bbox 1207 1556 1220 1580; x_wconf 96' lang='lat'><strong>,</strong></span> <span class='ocrx_word' id='word_1_169' title='bbox 1252 1531 1319 1569; x_wconf 92' lang='lat' dir='ltr'><strong>an</strong></span> <span class='ocrx_word' id='word_1_170' title='bbox 1354 1531 1459 1569; x_wconf 91' lang='lat' dir='ltr'><strong>una</strong></span> <span class='ocrx_word' id='word_1_171' title='bbox 1493 1524 1704 1569; x_wconf 90' lang='lat' dir='ltr'><strong>tantum</strong></span> <span class='ocrx_word' id='word_1_172' title='bbox 1729 1555 1742 1578; x_wconf 95' lang='lat'><strong>,</strong></span> <span class='ocrx_word' id='word_1_173' title='bbox 1775 1524 1832 1567; x_wconf 89' lang='lat' dir='ltr'><strong>ut</strong></span> <span class='ocrx_word' id='word_1_174' title='bbox 1863 1529 1991 1582; x_wconf 91' lang='lat' dir='ltr'><strong>pro-</strong></span> 
     </span>
    </p>
   </div>
   <div class='ocr_carea' id='block_1_25' title="bbox 2101 1515 3673 1586">
    <p class='ocr_par' dir='ltr' id='par_1_25' title="bbox 2101 1515 3673 1586">
     <span class='ocr_line' id='line_1_25' title="bbox 2101 1515 3673 1586; baseline 0.003 -20"><span class='ocrx_word' id='word_1_175' title='bbox 2101 1515 2236 1566; x_wconf 65' lang='grc' dir='ltr'>ἐστὶν</span> <span class='ocrx_word' id='word_1_176' title='bbox 2269 1517 2296 1567; x_wconf 90' lang='grc' dir='ltr'><strong>ό</strong></span> <span class='ocrx_word' id='word_1_177' title='bbox 2328 1515 2585 1584; x_wconf 73' lang='grc' dir='ltr'>Χριστὸς,</span> <span class='ocrx_word' id='word_1_178' title='bbox 2618 1515 2713 1568; x_wconf 76' lang='grc' dir='ltr'>καὶ</span> <span class='ocrx_word' id='word_1_179' title='bbox 2742 1518 2800 1569; x_wconf 91' lang='lat' dir='ltr'><strong>tv</strong></span> <span class='ocrx_word' id='word_1_180' title='bbox 2834 1517 2954 1569; x_wconf 75' lang='grc' dir='ltr'>δυσὶ</span> <span class='ocrx_word' id='word_1_181' title='bbox 2988 1515 3236 1584; x_wconf 79' lang='grc' dir='ltr'><strong>φύσεσιν,</strong></span> <span class='ocrx_word' id='word_1_182' title='bbox 3273 1516 3306 1586; x_wconf 81' lang='grc' dir='ltr'>ἥ</span> <span class='ocrx_word' id='word_1_183' title='bbox 3354 1518 3472 1586; x_wconf 85' lang='grc' dir='ltr'>μία,</span> <span class='ocrx_word' id='word_1_184' title='bbox 3528 1519 3673 1570; x_wconf 65' lang='grc' dir='ltr'>καθὰ</span> 
     </span>
    </p>
   </div>
   <div class='ocr_carea' id='block_1_26' title="bbox 403 1605 1994 1685">
    <p class='ocr_par' dir='ltr' id='par_1_26' title="bbox 403 1605 1992 1685">
     <span class='ocr_line' id='line_1_26' title="bbox 403 1605 1992 1685; baseline -0.006 -16"><span class='ocrx_word' id='word_1_185' title='bbox 403 1617 620 1685; x_wconf 77' lang='lat' dir='ltr'><strong>digiose</strong></span> <span class='ocrx_word' id='word_1_186' title='bbox 657 1612 880 1680; x_wconf 82' lang='lat' dir='ltr'><strong>ﬁngitis.</strong></span> <span class='ocrx_word' id='word_1_187' title='bbox 929 1609 1199 1674; x_wconf 80' lang='lat' dir='ltr'><strong>Quocirca</strong></span> <span class='ocrx_word' id='word_1_188' title='bbox 1252 1622 1434 1676; x_wconf 75' lang='lat' dir='ltr'><strong>operae</strong></span> <span class='ocrx_word' id='word_1_189' title='bbox 1479 1607 1714 1674; x_wconf 91' lang='lat' dir='ltr'><strong>pretium</strong></span> <span class='ocrx_word' id='word_1_190' title='bbox 1763 1613 1880 1668; x_wconf 88' lang='lat' dir='ltr'><strong>est,</strong></span> <span class='ocrx_word' id='word_1_191' title='bbox 1925 1605 1992 1659; x_wconf 87' lang='lat' dir='ltr'><strong>de</strong></span> 
     </span>
    </p>
   </div>
   <div class='ocr_carea' id='block_1_27' title="bbox 2101 1605 3671 1685">
    <p class='ocr_par' dir='ltr' id='par_1_27' title="bbox 2101 1605 3671 1676">
     <span class='ocr_line' id='line_1_27' title="bbox 2101 1605 3671 1676; baseline 0.002 -21"><span class='ocrx_word' id='word_1_192' title='bbox 2101 1605 2443 1672; x_wconf 77' lang='grc' dir='ltr'>τερατεύεσθε</span> <span class='ocrx_word' id='word_1_193' title='bbox 2467 1621 2480 1632; x_wconf 85' lang='grc'><strong>·</strong></span> <span class='ocrx_word' id='word_1_194' title='bbox 2512 1607 2619 1675; x_wconf 84' lang='grc' dir='ltr'><strong>χρὴ</strong></span> <span class='ocrx_word' id='word_1_195' title='bbox 2647 1605 2938 1676; x_wconf 78' lang='grc' dir='ltr'><strong>τοιγαροῦν</strong></span> <span class='ocrx_word' id='word_1_196' title='bbox 2963 1607 3053 1658; x_wconf 78' lang='grc' dir='ltr'><strong>τὸν</strong></span> <span class='ocrx_word' id='word_1_197' title='bbox 3079 1607 3206 1676; x_wconf 84' lang='grc' dir='ltr'>περί</span> <span class='ocrx_word' id='word_1_198' title='bbox 3226 1624 3374 1669; x_wconf 89' lang='grc' dir='ltr'>τινος</span> <span class='ocrx_word' id='word_1_199' title='bbox 3417 1608 3671 1675; x_wconf 79' lang='grc' dir='ltr'>συλλογι-</span> 
     </span>
    </p>
   </div>
   <div class='ocr_carea' id='block_1_28' title="bbox 403 1695 1994 1774">
    <p class='ocr_par' dir='ltr' id='par_1_28' title="bbox 403 1697 1989 1774">
     <span class='ocr_line' id='line_1_28' title="bbox 403 1697 1989 1774; baseline -0.008 -14"><span class='ocrx_word' id='word_1_200' title='bbox 403 1709 589 1774; x_wconf 90' lang='lat' dir='ltr'><strong>aliquo</strong></span> <span class='ocrx_word' id='word_1_201' title='bbox 615 1703 1025 1773; x_wconf 83' lang='lat' dir='ltr'><strong>disputantem,</strong></span> <span class='ocrx_word' id='word_1_202' title='bbox 1059 1715 1125 1753; x_wconf 82' lang='lat' dir='ltr'><strong>ex</strong></span> <span class='ocrx_word' id='word_1_203' title='bbox 1156 1698 1546 1753; x_wconf 90' lang='lat' dir='ltr'><strong>communibus</strong></span> <span class='ocrx_word' id='word_1_204' title='bbox 1591 1697 1844 1764; x_wconf 80' lang='lat' dir='ltr'><strong>verisque</strong></span> <span class='ocrx_word' id='word_1_205' title='bbox 1890 1710 1989 1749; x_wconf 90' lang='lat' dir='ltr'><strong>no-</strong></span> 
     </span>
    </p>
   </div>
   <div class='ocr_carea' id='block_1_29' title="bbox 2101 1695 3672 1774">
    <p class='ocr_par' dir='ltr' id='par_1_29' title="bbox 2101 1695 3672 1768">
     <span class='ocr_line' id='line_1_29' title="bbox 2101 1695 3672 1768; baseline 0.003 -21"><span class='ocrx_word' id='word_1_206' title='bbox 2101 1695 2318 1765; x_wconf 79' lang='grc' dir='ltr'>ζόμενον</span> <span class='ocrx_word' id='word_1_207' title='bbox 2336 1699 2400 1749; x_wconf 82' lang='grc' dir='ltr'>ὲκ</span> <span class='ocrx_word' id='word_1_208' title='bbox 2426 1697 2625 1751; x_wconf 80' lang='grc' dir='ltr'>κοινῶν</span> <span class='ocrx_word' id='word_1_209' title='bbox 2648 1699 2743 1750; x_wconf 75' lang='grc' dir='ltr'><strong>καὶ</strong></span> <span class='ocrx_word' id='word_1_210' title='bbox 2791 1698 3010 1768; x_wconf 81' lang='grc' dir='ltr'><strong>ἀληθῶν</strong></span> <span class='ocrx_word' id='word_1_211' title='bbox 3057 1699 3315 1752; x_wconf 71' lang='grc' dir='ltr'>ἐννοιῶν*</span> <span class='ocrx_word' id='word_1_212' title='bbox 3363 1699 3568 1751; x_wconf 81' lang='grc' dir='ltr'>κοινῶν</span> <span class='ocrx_word' id='word_1_213' title='bbox 3616 1699 3672 1751; x_wconf 81' lang='grc' dir='ltr'><strong>δὲ</strong></span> 
     </span>
    </p>
   </div>
   <div class='ocr_carea' id='block_1_30' title="bbox 2162 1328 3670 1404">
    <p class='ocr_par' dir='ltr' id='par_1_30' title="bbox 2162 1328 3670 1404">
     <span class='ocr_line' id='line_1_30' title="bbox 2162 1328 3670 1404; baseline 0.005 -25"><span class='ocrx_word' id='word_1_214' title='bbox 2162 1335 2249 1395; x_wconf 85' lang='grc' dir='ltr'>ιγ’.</span> <span class='ocrx_word' id='word_1_215' title='bbox 2317 1328 2537 1382; x_wconf 82' lang='grc' dir='ltr'><strong>Τούτων</strong></span> <span class='ocrx_word' id='word_1_216' title='bbox 2587 1329 2731 1383; x_wconf 76' lang='grc' dir='ltr'>οὕτω</span> <span class='ocrx_word' id='word_1_217' title='bbox 2771 1331 3273 1400; x_wconf 66' lang='grc' dir='ltr'>πρώιωρισμένων,</span> <span class='ocrx_word' id='word_1_218' title='bbox 3310 1333 3405 1384; x_wconf 76' lang='grc' dir='ltr'><strong>ἐπὶ</strong></span> <span class='ocrx_word' id='word_1_219' title='bbox 3463 1334 3525 1385; x_wconf 76' lang='grc' dir='ltr'>τὸ</span> <span class='ocrx_word' id='word_1_220' title='bbox 3573 1333 3670 1404; x_wconf 72' lang='grc' dir='ltr'><strong>ζη-</strong></span> 
     </span>
    </p>
   </div>
   <div class='ocr_carea' id='block_1_31' title="bbox 404 1788 1985 1864">
    <p class='ocr_par' dir='ltr' id='par_1_31' title="bbox 404 1788 1985 1864">
     <span class='ocr_line' id='line_1_31' title="bbox 404 1788 1985 1864; baseline -0.007 -12"><span class='ocrx_word' id='word_1_221' title='bbox 404 1797 650 1852; x_wconf 90' lang='lat' dir='ltr'><strong>tionibus</strong></span> <span class='ocrx_word' id='word_1_222' title='bbox 706 1794 1017 1864; x_wconf 89' lang='lat' dir='ltr'><strong>principia,</strong></span> <span class='ocrx_word' id='word_1_223' title='bbox 1073 1806 1170 1845; x_wconf 88' lang='lat' dir='ltr'><strong>seu</strong></span> <span class='ocrx_word' id='word_1_224' title='bbox 1230 1788 1639 1857; x_wconf 86' lang='lat' dir='ltr'><strong>propositiones</strong></span> <span class='ocrx_word' id='word_1_225' title='bbox 1694 1789 1985 1842; x_wconf 87' lang='lat' dir='ltr'><strong>conﬁcere.</strong></span> 
     </span>
    </p>
   </div>
   <div class='ocr_carea' id='block_1_32' title="bbox 405 1877 1990 1952">
    <p class='ocr_par' dir='ltr' id='par_1_32' title="bbox 405 1877 1990 1952">
     <span class='ocr_line' id='line_1_32' title="bbox 405 1877 1990 1952; baseline -0.009 -9"><span class='ocrx_word' id='word_1_226' title='bbox 405 1889 740 1943; x_wconf 86' lang='lat' dir='ltr'><strong>Communes</strong></span> <span class='ocrx_word' id='word_1_227' title='bbox 775 1898 942 1952; x_wconf 91' lang='lat' dir='ltr'><strong>porro</strong></span> <span class='ocrx_word' id='word_1_228' title='bbox 972 1881 1095 1936; x_wconf 90' lang='lat' dir='ltr'><strong>dico</strong></span> <span class='ocrx_word' id='word_1_229' title='bbox 1117 1921 1130 1945; x_wconf 90' lang='lat'><strong>,</strong></span> <span class='ocrx_word' id='word_1_230' title='bbox 1167 1895 1290 1948; x_wconf 76' lang='lat' dir='ltr'><strong>quae</strong></span> <span class='ocrx_word' id='word_1_231' title='bbox 1323 1894 1353 1931; x_wconf 91' lang='lat' dir='ltr'><strong>a</strong></span> <span class='ocrx_word' id='word_1_232' title='bbox 1389 1877 1820 1948; x_wconf 88' lang='lat' dir='ltr'><strong>sapientioribus</strong></span> <span class='ocrx_word' id='word_1_233' title='bbox 1861 1882 1990 1932; x_wconf 88' lang='lat' dir='ltr'><strong>sunt</strong></span> 
     </span>
    </p>
   </div>
   <div class='ocr_carea' id='block_1_33' title="bbox 405 1967 1986 2038">
    <p class='ocr_par' dir='ltr' id='par_1_33' title="bbox 405 1967 1986 2038">
     <span class='ocr_line' id='line_1_33' title="bbox 405 1967 1986 2038; baseline -0.008 -4"><span class='ocrx_word' id='word_1_234' title='bbox 405 1993 705 2033; x_wconf 58' lang='lat' dir='ltr'><strong>concessa.</strong></span> <span class='ocrx_word' id='word_1_235' title='bbox 747 1973 839 2028; x_wconf 90' lang='lat' dir='ltr'><strong>Sic</strong></span> <span class='ocrx_word' id='word_1_236' title='bbox 873 1972 1018 2028; x_wconf 88' lang='lat' dir='ltr'><strong>enim</strong></span> <span class='ocrx_word' id='word_1_237' title='bbox 1051 1970 1308 2033; x_wconf 82' lang='lat' dir='ltr'><strong>cﬁicitur,</strong></span> <span class='ocrx_word' id='word_1_238' title='bbox 1357 1977 1417 2024; x_wconf 95' lang='lat' dir='ltr'><strong>ut</strong></span> <span class='ocrx_word' id='word_1_239' title='bbox 1461 1969 1516 2023; x_wconf 92' lang='lat' dir='ltr'><strong>id</strong></span> <span class='ocrx_word' id='word_1_240' title='bbox 1567 1968 1714 2038; x_wconf 91' lang='lat' dir='ltr'><strong>quod</strong></span> <span class='ocrx_word' id='word_1_241' title='bbox 1758 1967 1986 2030; x_wconf 83' lang='lat' dir='ltr'><strong>texitur,</strong></span> 
     </span>
    </p>
   </div>
   <div class='ocr_carea' id='block_1_34' title="bbox 406 2059 1988 2140">
    <p class='ocr_par' dir='ltr' id='par_1_34' title="bbox 406 2059 1988 2140">
     <span class='ocr_line' id='line_1_34' title="bbox 406 2059 1988 2140; baseline -0.006 -17"><span class='ocrx_word' id='word_1_242' title='bbox 406 2068 815 2140; x_wconf 75' lang='lat' dir='ltr'><strong>argumentatio</strong></span> <span class='ocrx_word' id='word_1_243' title='bbox 846 2065 955 2130; x_wconf 91' lang='lat' dir='ltr'><strong>sit,</strong></span> <span class='ocrx_word' id='word_1_244' title='bbox 989 2071 1043 2119; x_wconf 89' lang='lat' dir='ltr'><strong>et</strong></span> <span class='ocrx_word' id='word_1_245' title='bbox 1071 2078 1182 2118; x_wconf 92' lang='lat' dir='ltr'><strong>non</strong></span> <span class='ocrx_word' id='word_1_246' title='bbox 1215 2062 1433 2116; x_wconf 80' lang='lat' dir='ltr'><strong>fallacia</strong></span> <span class='ocrx_word' id='word_1_247' title='bbox 1463 2078 1478 2128; x_wconf 91' lang='lat'><strong>;</strong></span> <span class='ocrx_word' id='word_1_248' title='bbox 1515 2075 1645 2116; x_wconf 84' lang='lat' dir='ltr'><strong>vera</strong></span> <span class='ocrx_word' id='word_1_249' title='bbox 1679 2059 1988 2124; x_wconf 85' lang='lat' dir='ltr'><strong>conclusio,</strong></span> 
     </span>
    </p>
   </div>
   <div class='ocr_carea' id='block_1_35' title="bbox 407 2154 812 2213">
    <p class='ocr_par' dir='ltr' id='par_1_35' title="bbox 407 2154 812 2213">
     <span class='ocr_line' id='line_1_35' title="bbox 407 2154 812 2213; baseline -0.015 0"><span class='ocrx_word' id='word_1_250' title='bbox 407 2173 518 2213; x_wconf 86' lang='lat' dir='ltr'><strong>non</strong></span> <span class='ocrx_word' id='word_1_251' title='bbox 549 2154 812 2212; x_wconf 87' lang='lat' dir='ltr'><strong>absurda.</strong></span> 
     </span>
    </p>
   </div>
   <div class='ocr_carea' id='block_1_36' title="bbox 480 2239 1988 2315">
    <p class='ocr_par' dir='ltr' id='par_1_36' title="bbox 480 2239 1988 2315">
     <span class='ocr_line' id='line_1_36' title="bbox 480 2239 1988 2315; baseline -0.004 -15"><span class='ocrx_word' id='word_1_252' title='bbox 480 2247 569 2300; x_wconf 71' lang='grc'><strong>14.</strong></span> <span class='ocrx_word' id='word_1_253' title='bbox 609 2245 780 2315; x_wconf 80' lang='lat' dir='ltr'><strong>igitur</strong></span> <span class='ocrx_word' id='word_1_254' title='bbox 817 2241 1071 2298; x_wconf 81' lang='lat' dir='ltr'><strong>confessa</strong></span> <span class='ocrx_word' id='word_1_255' title='bbox 1111 2256 1199 2296; x_wconf 90' lang='lat' dir='ltr'><strong>res</strong></span> <span class='ocrx_word' id='word_1_256' title='bbox 1239 2249 1324 2296; x_wconf 90' lang='lat' dir='ltr'><strong>est</strong></span> <span class='ocrx_word' id='word_1_257' title='bbox 1355 2239 1500 2310; x_wconf 88' lang='lat' dir='ltr'><strong>apud</strong></span> <span class='ocrx_word' id='word_1_258' title='bbox 1534 2254 1727 2296; x_wconf 88' lang='lat' dir='ltr'><strong>omnes</strong></span> <span class='ocrx_word' id='word_1_259' title='bbox 1762 2249 1988 2294; x_wconf 88' lang='lat' dir='ltr'><strong>sanctos</strong></span> 
     </span>
    </p>
   </div>
   <div class='ocr_carea' id='block_1_37' title="bbox 407 2333 1992 2402">
    <p class='ocr_par' dir='ltr' id='par_1_37' title="bbox 407 2333 1992 2402">
     <span class='ocr_line' id='line_1_37' title="bbox 407 2333 1992 2402; baseline -0.003 -9"><span class='ocrx_word' id='word_1_260' title='bbox 407 2335 633 2402; x_wconf 79' lang='lat' dir='ltr'><strong>Patres,</strong></span> <span class='ocrx_word' id='word_1_261' title='bbox 661 2352 728 2392; x_wconf 80' lang='lat' dir='ltr'><strong>ex</strong></span> <span class='ocrx_word' id='word_1_262' title='bbox 779 2336 1066 2390; x_wconf 82' lang='lat' dir='ltr'><strong>divinitate</strong></span> <span class='ocrx_word' id='word_1_263' title='bbox 1105 2342 1158 2388; x_wconf 90' lang='lat' dir='ltr'><strong>et</strong></span> <span class='ocrx_word' id='word_1_264' title='bbox 1190 2334 1528 2388; x_wconf 90' lang='lat' dir='ltr'><strong>humanitate</strong></span> <span class='ocrx_word' id='word_1_265' title='bbox 1574 2333 1770 2387; x_wconf 82' lang='lat' dir='ltr'><strong>factam</strong></span> <span class='ocrx_word' id='word_1_266' title='bbox 1810 2333 1992 2388; x_wconf 77' lang='lat' dir='ltr'><strong>fuisse</strong></span> 
     </span>
    </p>
   </div>
   <div class='ocr_carea' id='block_1_38' title="bbox 408 2424 1992 2494">
    <p class='ocr_par' dir='ltr' id='par_1_38' title="bbox 408 2424 1992 2494">
     <span class='ocr_line' id='line_1_38' title="bbox 408 2424 1992 2494; baseline -0.004 -10"><span class='ocrx_word' id='word_1_267' title='bbox 408 2428 710 2489; x_wconf 89' lang='lat' dir='ltr'><strong>unionem,</strong></span> <span class='ocrx_word' id='word_1_268' title='bbox 744 2425 1137 2492; x_wconf 88' lang='lat' dir='ltr'><strong>Christumque</strong></span> <span class='ocrx_word' id='word_1_269' title='bbox 1191 2439 1314 2479; x_wconf 89' lang='lat' dir='ltr'><strong>esse</strong></span> <span class='ocrx_word' id='word_1_270' title='bbox 1363 2424 1420 2476; x_wconf 91' lang='lat' dir='ltr'><strong>in</strong></span> <span class='ocrx_word' id='word_1_271' title='bbox 1469 2424 1756 2479; x_wconf 85' lang='lat' dir='ltr'><strong>divinitate</strong></span> <span class='ocrx_word' id='word_1_272' title='bbox 1811 2424 1992 2494; x_wconf 80' lang='lat' dir='ltr'><strong>perfe-</strong></span> 
     </span>
    </p>
   </div>
   <div class='ocr_carea' id='block_1_39' title="bbox 411 2514 1992 2585">
    <p class='ocr_par' dir='ltr' id='par_1_39' title="bbox 411 2514 1992 2585">
     <span class='ocr_line' id='line_1_39' title="bbox 411 2514 1992 2585; baseline -0.005 -9"><span class='ocrx_word' id='word_1_273' title='bbox 411 2528 596 2582; x_wconf 90' lang='lat' dir='ltr'><strong>ctum,</strong></span> <span class='ocrx_word' id='word_1_274' title='bbox 626 2525 680 2573; x_wconf 88' lang='lat' dir='ltr'><strong>et</strong></span> <span class='ocrx_word' id='word_1_275' title='bbox 707 2517 957 2572; x_wconf 88' lang='lat' dir='ltr'><strong>eumdem</strong></span> <span class='ocrx_word' id='word_1_276' title='bbox 993 2514 1298 2584; x_wconf 79' lang='lat' dir='ltr'><strong>perlectum</strong></span> <span class='ocrx_word' id='word_1_277' title='bbox 1348 2515 1402 2569; x_wconf 90' lang='lat' dir='ltr'><strong>in</strong></span> <span class='ocrx_word' id='word_1_278' title='bbox 1453 2516 1831 2579; x_wconf 90' lang='lat' dir='ltr'><strong>humanitate,</strong></span> <span class='ocrx_word' id='word_1_279' title='bbox 1869 2530 1992 2585; x_wconf 65' lang='lat' dir='ltr'><strong>quae</strong></span> 
     </span>
    </p>
   </div>
   <div class='ocr_carea' id='block_1_40' title="bbox 411 2605 1989 2679">
    <p class='ocr_par' dir='ltr' id='par_1_40' title="bbox 411 2605 1989 2679">
     <span class='ocr_line' id='line_1_40' title="bbox 411 2605 1989 2679; baseline -0.006 -10"><span class='ocrx_word' id='word_1_280' title='bbox 411 2612 564 2669; x_wconf 88' lang='lat' dir='ltr'><strong>nulla</strong></span> <span class='ocrx_word' id='word_1_281' title='bbox 593 2611 681 2665; x_wconf 85' lang='lat' dir='ltr'><strong>sui</strong></span> <span class='ocrx_word' id='word_1_282' title='bbox 716 2616 870 2679; x_wconf 89' lang='lat' dir='ltr'><strong>parte</strong></span> <span class='ocrx_word' id='word_1_283' title='bbox 899 2607 1213 2662; x_wconf 86' lang='lat' dir='ltr'><strong>deﬁciatur.</strong></span> <span class='ocrx_word' id='word_1_284' title='bbox 1256 2606 1460 2661; x_wconf 89' lang='lat' dir='ltr'><strong>Dicatis</strong></span> <span class='ocrx_word' id='word_1_285' title='bbox 1488 2621 1617 2676; x_wconf 82' lang='lat' dir='ltr'><strong>ergo</strong></span> <span class='ocrx_word' id='word_1_286' title='bbox 1646 2605 1826 2670; x_wconf 88' lang='lat' dir='ltr'><strong>nobis,</strong></span> <span class='ocrx_word' id='word_1_287' title='bbox 1859 2621 1989 2660; x_wconf 89' lang='lat' dir='ltr'><strong>num</strong></span> 
     </span>
    </p>
   </div>
   <div class='ocr_carea' id='block_1_41' title="bbox 412 2695 1992 2765">
    <p class='ocr_par' dir='ltr' id='par_1_41' title="bbox 412 2695 1992 2765">
     <span class='ocr_line' id='line_1_41' title="bbox 412 2695 1992 2765; baseline -0.006 -6"><span class='ocrx_word' id='word_1_288' title='bbox 412 2702 530 2759; x_wconf 63' lang='lat' dir='ltr'><strong>hate</strong></span> <span class='ocrx_word' id='word_1_289' title='bbox 558 2701 720 2756; x_wconf 89' lang='lat' dir='ltr'><strong>etiam</strong></span> <span class='ocrx_word' id='word_1_290' title='bbox 752 2697 910 2753; x_wconf 85' lang='lat' dir='ltr'><strong>vobis</strong></span> <span class='ocrx_word' id='word_1_291' title='bbox 941 2695 1269 2750; x_wconf 78' lang='lat' dir='ltr'><strong>arrideant?</strong></span> <span class='ocrx_word' id='word_1_292' title='bbox 1316 2695 1458 2750; x_wconf 91' lang='lat' dir='ltr'><strong>idem</strong></span> <span class='ocrx_word' id='word_1_293' title='bbox 1505 2699 1667 2765; x_wconf 89' lang='lat' dir='ltr'><strong>plane</strong></span> <span class='ocrx_word' id='word_1_294' title='bbox 1712 2712 1811 2751; x_wconf 88' lang='lat' dir='ltr'><strong>vos</strong></span> <span class='ocrx_word' id='word_1_295' title='bbox 1857 2711 1992 2751; x_wconf 89' lang='lat' dir='ltr'><strong>con-</strong></span> 
     </span>
    </p>
   </div>
   <div class='ocr_carea' id='block_1_42' title="bbox 413 2785 1992 2858">
    <p class='ocr_par' dir='ltr' id='par_1_42' title="bbox 413 2785 1992 2858">
     <span class='ocr_line' id='line_1_42' title="bbox 413 2785 1992 2858; baseline -0.006 -10"><span class='ocrx_word' id='word_1_296' title='bbox 413 2793 662 2848; x_wconf 73' lang='lat' dir='ltr'><strong>fessuros</strong></span> <span class='ocrx_word' id='word_1_297' title='bbox 705 2795 860 2858; x_wconf 90' lang='lat' dir='ltr'><strong>puto.</strong></span> <span class='ocrx_word' id='word_1_298' title='bbox 922 2785 1219 2847; x_wconf 85' lang='lat' dir='ltr'><strong>Jamvero,</strong></span> <span class='ocrx_word' id='word_1_299' title='bbox 1251 2785 1514 2854; x_wconf 90' lang='lat' dir='ltr'><strong>quidnam</strong></span> <span class='ocrx_word' id='word_1_300' title='bbox 1563 2793 1648 2840; x_wconf 90' lang='lat' dir='ltr'><strong>est</strong></span> <span class='ocrx_word' id='word_1_301' title='bbox 1693 2785 1992 2841; x_wconf 83' lang='lat' dir='ltr'><strong>divinitas?</strong></span> 
     </span>
    </p>
   </div>
   <div class='ocr_carea' id='block_1_43' title="bbox 412 2876 1994 2954">
    <p class='ocr_par' dir='ltr' id='par_1_43' title="bbox 412 2876 1994 2954">
     <span class='ocr_line' id='line_1_43' title="bbox 412 2876 1994 2954; baseline -0.006 -16"><span class='ocrx_word' id='word_1_302' title='bbox 412 2881 547 2954; x_wconf 91' lang='lat' dir='ltr'><strong>quid</strong></span> <span class='ocrx_word' id='word_1_303' title='bbox 577 2895 802 2936; x_wconf 91' lang='lat' dir='ltr'><strong>rursum</strong></span> <span class='ocrx_word' id='word_1_304' title='bbox 831 2876 1190 2932; x_wconf 88' lang='lat' dir='ltr'><strong>humanitas?</strong></span> <span class='ocrx_word' id='word_1_305' title='bbox 1222 2877 1530 2932; x_wconf 84' lang='lat' dir='ltr'><strong>substantia</strong></span> <span class='ocrx_word' id='word_1_306' title='bbox 1551 2917 1565 2941; x_wconf 91' lang='lat'><strong>,</strong></span> <span class='ocrx_word' id='word_1_307' title='bbox 1595 2893 1661 2930; x_wconf 86' lang='lat' dir='ltr'><strong>an</strong></span> <span class='ocrx_word' id='word_1_308' title='bbox 1697 2877 1994 2932; x_wconf 85' lang='lat' dir='ltr'><strong>accidens?</strong></span> 
     </span>
    </p>
   </div>
   <div class='ocr_carea' id='block_1_44' title="bbox 413 2965 1988 3039">
    <p class='ocr_par' dir='ltr' id='par_1_44' title="bbox 413 2965 1988 3039">
     <span class='ocr_line' id='line_1_44' title="bbox 413 2965 1988 3039; baseline -0.007 -10"><span class='ocrx_word' id='word_1_309' title='bbox 413 2981 634 3037; x_wconf 85' lang='lat' dir='ltr'><strong>natura,</strong></span> <span class='ocrx_word' id='word_1_310' title='bbox 669 2987 740 3025; x_wconf 87' lang='lat' dir='ltr'><strong>an</strong></span> <span class='ocrx_word' id='word_1_311' title='bbox 775 2966 1133 3039; x_wconf 83' lang='lat' dir='ltr'><strong>hypostasis?</strong></span> <span class='ocrx_word' id='word_1_312' title='bbox 1173 2965 1358 3031; x_wconf 87' lang='lat' dir='ltr'><strong>credo,</strong></span> <span class='ocrx_word' id='word_1_313' title='bbox 1395 2967 1590 3020; x_wconf 86' lang='lat' dir='ltr'><strong>dicetis</strong></span> <span class='ocrx_word' id='word_1_314' title='bbox 1621 2968 1988 3021; x_wconf 79' lang='lat' dir='ltr'><strong>substantiam</strong></span> 
     </span>
    </p>
   </div>
   <div class='ocr_carea' id='block_1_45' title="bbox 2087 1790 3672 1862">
    <p class='ocr_par' dir='ltr' id='par_1_45' title="bbox 2087 1790 3672 1862">
     <span class='ocr_line' id='line_1_45' title="bbox 2087 1790 3672 1862; baseline 0.001 -20"><span class='ocrx_word' id='word_1_315' title='bbox 2087 1790 2230 1857; x_wconf 79' lang='grc' dir='ltr'>λέγω</span> <span class='ocrx_word' id='word_1_316' title='bbox 2259 1790 2366 1843; x_wconf 90' lang='grc' dir='ltr'><strong>τῶν</strong></span> <span class='ocrx_word' id='word_1_317' title='bbox 2390 1791 2522 1861; x_wconf 85' lang='grc' dir='ltr'>παρ’</span> <span class='ocrx_word' id='word_1_318' title='bbox 2557 1791 2889 1862; x_wconf 72' lang='grc' dir='ltr'>ἀμφοτέροις</span> <span class='ocrx_word' id='word_1_319' title='bbox 2919 1791 3361 1862; x_wconf 77' lang='grc' dir='ltr'><strong>ὡμολογημένων</strong></span> <span class='ocrx_word' id='word_1_320' title='bbox 3396 1808 3410 1821; x_wconf 93' lang='grc'><strong>·</strong></span> <span class='ocrx_word' id='word_1_321' title='bbox 3443 1792 3544 1855; x_wconf 75' lang='grc' dir='ltr'>τὰς</span> <span class='ocrx_word' id='word_1_322' title='bbox 3575 1793 3672 1861; x_wconf 86' lang='grc' dir='ltr'>ἀρ-</span> 
     </span>
    </p>
   </div>
   <div class='ocr_carea' id='block_1_46' title="bbox 2088 1879 3673 1952">
    <p class='ocr_par' dir='ltr' id='par_1_46' title="bbox 2088 1879 3673 1952">
     <span class='ocr_line' id='line_1_46' title="bbox 2088 1879 3673 1952; baseline 0.002 -21"><span class='ocrx_word' id='word_1_323' title='bbox 2088 1880 2213 1949; x_wconf 75' lang='grc' dir='ltr'>χὰς,</span> <span class='ocrx_word' id='word_1_324' title='bbox 2237 1881 2476 1949; x_wconf 75' lang='grc' dir='ltr'>ἧτοιτάς</span> <span class='ocrx_word' id='word_1_325' title='bbox 2511 1879 2808 1952; x_wconf 82' lang='grc' dir='ltr'>προτάσεις</span> <span class='ocrx_word' id='word_1_326' title='bbox 2832 1881 3130 1938; x_wconf 86' lang='grc' dir='ltr'>ποιεῖσθαι.</span> <span class='ocrx_word' id='word_1_327' title='bbox 3193 1881 3354 1935; x_wconf 74' lang='grc' dir='ltr'>Οὕτω</span> <span class='ocrx_word' id='word_1_328' title='bbox 3390 1885 3509 1952; x_wconf 70' lang='grc' dir='ltr'><strong>γὲρ</strong></span> <span class='ocrx_word' id='word_1_329' title='bbox 3549 1883 3673 1936; x_wconf 79' lang='grc' dir='ltr'>συλ-</span> 
     </span>
    </p>
   </div>
   <div class='ocr_carea' id='block_1_47' title="bbox 2088 1969 3666 2044">
    <p class='ocr_par' dir='ltr' id='par_1_47' title="bbox 2088 1969 3666 2044">
     <span class='ocr_line' id='line_1_47' title="bbox 2088 1969 3666 2044; baseline 0.004 -24"><span class='ocrx_word' id='word_1_330' title='bbox 2088 1969 2371 2038; x_wconf 75' lang='grc' dir='ltr'>λογισμὸς,</span> <span class='ocrx_word' id='word_1_331' title='bbox 2407 1971 2503 2023; x_wconf 69' lang='grc' dir='ltr'>καὶ</span> <span class='ocrx_word' id='word_1_332' title='bbox 2528 1970 2592 2022; x_wconf 83' lang='grc' dir='ltr'>οὺ</span> <span class='ocrx_word' id='word_1_333' title='bbox 2625 1970 3042 2041; x_wconf 74' lang='grc' dir='ltr'>παραλογισμός</span> <span class='ocrx_word' id='word_1_334' title='bbox 3088 1971 3151 2024; x_wconf 82' lang='grc' dir='ltr'>τὸ</span> <span class='ocrx_word' id='word_1_335' title='bbox 3185 1971 3532 2043; x_wconf 77' lang='grc' dir='ltr'>πλεκόμενον</span> <span class='ocrx_word' id='word_1_336' title='bbox 3562 1974 3666 2044; x_wconf 74' lang='grc' dir='ltr'>εἴη,</span> 
     </span>
    </p>
   </div>
   <div class='ocr_carea' id='block_1_48' title="bbox 2088 2060 3372 2133">
    <p class='ocr_par' dir='ltr' id='par_1_48' title="bbox 2088 2060 3372 2133">
     <span class='ocr_line' id='line_1_48' title="bbox 2088 2060 3372 2133; baseline 0.004 -21"><span class='ocrx_word' id='word_1_337' title='bbox 2088 2060 2150 2113; x_wconf 89' lang='grc' dir='ltr'><strong>τό</strong></span> <span class='ocrx_word' id='word_1_338' title='bbox 2173 2077 2230 2113; x_wconf 86' lang='grc' dir='ltr'><strong>τε</strong></span> <span class='ocrx_word' id='word_1_339' title='bbox 2261 2062 2635 2132; x_wconf 77' lang='grc' dir='ltr'><strong>συμπέρασμα</strong></span> <span class='ocrx_word' id='word_1_340' title='bbox 2663 2061 2861 2133; x_wconf 83' lang='grc' dir='ltr'>ἀληθὲς</span> <span class='ocrx_word' id='word_1_341' title='bbox 2889 2064 2982 2115; x_wconf 75' lang='grc' dir='ltr'>καὶ</span> <span class='ocrx_word' id='word_1_342' title='bbox 3016 2063 3116 2115; x_wconf 82' lang='grc' dir='ltr'>οὐκ</span> <span class='ocrx_word' id='word_1_343' title='bbox 3149 2063 3372 2117; x_wconf 74' lang='grc' dir='ltr'>ἄτοπον.</span> 
     </span>
    </p>
   </div>
   <div class='ocr_carea' id='block_1_49' title="bbox 2165 2236 3670 2309">
    <p class='ocr_par' dir='ltr' id='par_1_49' title="bbox 2165 2236 3670 2309">
     <span class='ocr_line' id='line_1_49' title="bbox 2165 2236 3670 2309; baseline 0.004 -21"><span class='ocrx_word' id='word_1_344' title='bbox 2165 2236 2250 2290; x_wconf 84' lang='grc' dir='ltr'>ιδ’.</span> <span class='ocrx_word' id='word_1_345' title='bbox 2325 2237 2686 2307; x_wconf 84' lang='grc' dir='ltr'>Ὠμολόγηται</span> <span class='ocrx_word' id='word_1_346' title='bbox 2732 2238 2913 2292; x_wconf 84' lang='grc' dir='ltr'>τοίνυν</span> <span class='ocrx_word' id='word_1_347' title='bbox 2957 2239 3086 2309; x_wconf 78' lang='grc' dir='ltr'>παρ’</span> <span class='ocrx_word' id='word_1_348' title='bbox 3144 2241 3319 2293; x_wconf 73' lang='grc' dir='ltr'>ἅπασι</span> <span class='ocrx_word' id='word_1_349' title='bbox 3350 2241 3464 2302; x_wconf 83' lang='grc' dir='ltr'>τοῖς</span> <span class='ocrx_word' id='word_1_350' title='bbox 3496 2241 3670 2306; x_wconf 76' lang='grc' dir='ltr'>ἁγίοις</span> 
     </span>
    </p>
   </div>
   <div class='ocr_carea' id='block_1_50' title="bbox 2090 2328 3665 2401">
    <p class='ocr_par' dir='ltr' id='par_1_50' title="bbox 2090 2328 3665 2401">
     <span class='ocr_line' id='line_1_50' title="bbox 2090 2328 3665 2401; baseline 0.001 -18"><span class='ocrx_word' id='word_1_351' title='bbox 2090 2328 2364 2401; x_wconf 85' lang='grc' dir='ltr'>Πατράσιν</span> <span class='ocrx_word' id='word_1_352' title='bbox 2395 2331 2460 2382; x_wconf 83' lang='grc' dir='ltr'>ἐκ</span> <span class='ocrx_word' id='word_1_353' title='bbox 2495 2328 2748 2399; x_wconf 86' lang='grc' dir='ltr'>θεότητος</span> <span class='ocrx_word' id='word_1_354' title='bbox 2779 2330 2872 2382; x_wconf 76' lang='grc' dir='ltr'>καὶ</span> <span class='ocrx_word' id='word_1_355' title='bbox 2896 2329 3320 2400; x_wconf 85' lang='grc' dir='ltr'>ἀνθρωπότητος</span> <span class='ocrx_word' id='word_1_356' title='bbox 3341 2332 3665 2400; x_wconf 75' lang='grc' dir='ltr'>γεγενῆσθαι</span> 
     </span>
    </p>
   </div>
   <div class='ocr_carea' id='block_1_51' title="bbox 2092 2419 3668 2489">
    <p class='ocr_par' dir='ltr' id='par_1_51' title="bbox 2092 2419 3668 2489">
     <span class='ocr_line' id='line_1_51' title="bbox 2092 2419 3668 2489; baseline 0.001 -17"><span class='ocrx_word' id='word_1_357' title='bbox 2092 2421 2194 2488; x_wconf 84' lang='grc' dir='ltr'>τὴν</span> <span class='ocrx_word' id='word_1_358' title='bbox 2227 2420 2442 2482; x_wconf 75' lang='grc' dir='ltr'>ἕνωσιν,</span> <span class='ocrx_word' id='word_1_359' title='bbox 2475 2421 2568 2472; x_wconf 79' lang='lat' dir='ltr'><strong>xai</strong></span> <span class='ocrx_word' id='word_1_360' title='bbox 2594 2419 2685 2471; x_wconf 82' lang='grc' dir='ltr'>τὸν</span> <span class='ocrx_word' id='word_1_361' title='bbox 2707 2419 2944 2489; x_wconf 83' lang='grc' dir='ltr'>Χριστὸν</span> <span class='ocrx_word' id='word_1_362' title='bbox 2975 2421 3034 2471; x_wconf 84' lang='lat' dir='ltr'><strong>tv</strong></span> <span class='ocrx_word' id='word_1_363' title='bbox 3071 2419 3288 2488; x_wconf 80' lang='grc' dir='ltr'>θεότητι</span> <span class='ocrx_word' id='word_1_364' title='bbox 3320 2419 3548 2483; x_wconf 79' lang='grc' dir='ltr'>τέλειον,</span> <span class='ocrx_word' id='word_1_365' title='bbox 3572 2420 3668 2473; x_wconf 77' lang='grc' dir='ltr'>καὶ</span> 
     </span>
    </p>
   </div>
   <div class='ocr_carea' id='block_1_52' title="bbox 2089 2509 3668 2580">
    <p class='ocr_par' dir='ltr' id='par_1_52' title="bbox 2089 2509 3668 2580">
     <span class='ocr_line' id='line_1_52' title="bbox 2089 2509 3668 2580; baseline 0 -18"><span class='ocrx_word' id='word_1_366' title='bbox 2089 2510 2296 2564; x_wconf 85' lang='grc' dir='ltr'>τέλειον</span> <span class='ocrx_word' id='word_1_367' title='bbox 2348 2511 2443 2564; x_wconf 78' lang='grc' dir='ltr'>καὶ</span> <span class='ocrx_word' id='word_1_368' title='bbox 2485 2509 2745 2580; x_wconf 81' lang='grc' dir='ltr'>ἀνελλιπῆ</span> <span class='ocrx_word' id='word_1_369' title='bbox 2811 2511 2903 2562; x_wconf 76' lang='grc' dir='ltr'>τὸν</span> <span class='ocrx_word' id='word_1_370' title='bbox 2934 2509 3097 2564; x_wconf 81' lang='grc' dir='ltr'>αὑτὸν</span> <span class='ocrx_word' id='word_1_371' title='bbox 3159 2511 3217 2562; x_wconf 80' lang='grc' dir='ltr'>ὲν</span> <span class='ocrx_word' id='word_1_372' title='bbox 3267 2509 3668 2579; x_wconf 80' lang='grc' dir='ltr'>ἀνθρωπότητι.</span> 
     </span>
    </p>
   </div>
   <div class='ocr_carea' id='block_1_53' title="bbox 2090 2601 3672 2672">
    <p class='ocr_par' dir='ltr' id='par_1_53' title="bbox 2090 2601 3672 2672">
     <span class='ocr_line' id='line_1_53' title="bbox 2090 2601 3672 2672; baseline -0.001 -17"><span class='ocrx_word' id='word_1_373' title='bbox 2090 2603 2293 2655; x_wconf 77' lang='grc' dir='ltr'>Εἴπατε</span> <span class='ocrx_word' id='word_1_374' title='bbox 2323 2603 2500 2656; x_wconf 81' lang='grc' dir='ltr'>τοίνυν</span> <span class='ocrx_word' id='word_1_375' title='bbox 2526 2604 2660 2672; x_wconf 77' lang='grc' dir='ltr'>ἡμῖν</span> <span class='ocrx_word' id='word_1_376' title='bbox 2680 2617 2693 2632; x_wconf 72' lang='grc'><strong><em>⁸</em></strong></span> <span class='ocrx_word' id='word_1_377' title='bbox 2728 2602 2822 2655; x_wconf 75' lang='grc' dir='ltr'>καὶ</span> <span class='ocrx_word' id='word_1_378' title='bbox 2845 2603 2975 2671; x_wconf 84' lang='grc' dir='ltr'>ύμῖν</span> <span class='ocrx_word' id='word_1_379' title='bbox 3004 2603 3178 2654; x_wconf 79' lang='grc' dir='ltr'>ταῦτα</span> <span class='ocrx_word' id='word_1_380' title='bbox 3207 2601 3389 2666; x_wconf 76' lang='grc' dir='ltr'>δοκεῖς</span> <span class='ocrx_word' id='word_1_381' title='bbox 3443 2618 3672 2671; x_wconf 78' lang='grc' dir='ltr'>συνομο-</span> 
     </span>
    </p>
   </div>
   <div class='ocr_carea' id='block_1_54' title="bbox 2091 2688 3671 2760">
    <p class='ocr_par' dir='ltr' id='par_1_54' title="bbox 2091 2688 3671 2760">
     <span class='ocr_line' id='line_1_54' title="bbox 2091 2688 3671 2760; baseline -0.002 -17"><span class='ocrx_word' id='word_1_382' title='bbox 2091 2690 2374 2760; x_wconf 86' lang='grc' dir='ltr'>λογήσετε,</span> <span class='ocrx_word' id='word_1_383' title='bbox 2404 2689 2479 2752; x_wconf 87' lang='grc' dir='ltr'><strong>ῶς</strong></span> <span class='ocrx_word' id='word_1_384' title='bbox 2510 2689 2574 2757; x_wconf 78' lang='grc' dir='ltr'><strong>γέ</strong></span> <span class='ocrx_word' id='word_1_385' title='bbox 2611 2707 2700 2759; x_wconf 88' lang='grc' dir='ltr'><strong>μοι</strong></span> <span class='ocrx_word' id='word_1_386' title='bbox 2726 2689 2893 2742; x_wconf 83' lang='grc' dir='ltr'>δοκεῖ.</span> <span class='ocrx_word' id='word_1_387' title='bbox 2921 2689 2986 2740; x_wconf 84' lang='grc' dir='ltr'>Τί</span> <span class='ocrx_word' id='word_1_388' title='bbox 3011 2689 3066 2740; x_wconf 82' lang='grc' dir='ltr'><strong>δὲ</strong></span> <span class='ocrx_word' id='word_1_389' title='bbox 3108 2688 3318 2757; x_wconf 82' lang='grc' dir='ltr'>Θεότης,</span> <span class='ocrx_word' id='word_1_390' title='bbox 3351 2689 3444 2740; x_wconf 77' lang='grc' dir='ltr'>καὶ</span> <span class='ocrx_word' id='word_1_391' title='bbox 3483 2690 3537 2740; x_wconf 87' lang='grc' dir='ltr'><strong>τί</strong></span> <span class='ocrx_word' id='word_1_392' title='bbox 3576 2690 3671 2741; x_wconf 81' lang='grc' dir='ltr'>ἀν-</span> 
     </span>
    </p>
   </div>
   <div class='ocr_carea' id='block_1_55' title="bbox 2094 2779 3675 2852">
    <p class='ocr_par' dir='ltr' id='par_1_55' title="bbox 2094 2779 3675 2852">
     <span class='ocr_line' id='line_1_55' title="bbox 2094 2779 3675 2852; baseline -0.003 -17"><span class='ocrx_word' id='word_1_393' title='bbox 2094 2782 2417 2852; x_wconf 84' lang='grc' dir='ltr'>θρωπότης;</span> <span class='ocrx_word' id='word_1_394' title='bbox 2444 2780 2625 2842; x_wconf 80' lang='grc' dir='ltr'>οὐσία,</span> <span class='ocrx_word' id='word_1_395' title='bbox 2659 2781 2692 2851; x_wconf 83' lang='grc' dir='ltr'>ἢ</span> <span class='ocrx_word' id='word_1_396' title='bbox 2733 2779 3118 2851; x_wconf 78' lang='grc' dir='ltr'>συμὸεὸηκός;</span> <span class='ocrx_word' id='word_1_397' title='bbox 3163 2780 3326 2848; x_wconf 81' lang='grc' dir='ltr'>φύσις</span> <span class='ocrx_word' id='word_1_398' title='bbox 3364 2779 3398 2848; x_wconf 78' lang='grc' dir='ltr'><strong>ἢ</strong></span> <span class='ocrx_word' id='word_1_399' title='bbox 3428 2779 3675 2831; x_wconf 75' lang='grc' dir='ltr'>ὑπόστα-</span> 
     </span>
    </p>
   </div>
   <div class='ocr_carea' id='block_1_56' title="bbox 2095 2867 3676 2941">
    <p class='ocr_par' dir='ltr' id='par_1_56' title="bbox 2095 2867 3676 2941">
     <span class='ocr_line' id='line_1_56' title="bbox 2095 2867 3676 2941; baseline -0.001 -17"><span class='ocrx_word' id='word_1_400' title='bbox 2095 2889 2206 2938; x_wconf 83' lang='grc' dir='ltr'>σις;</span> <span class='ocrx_word' id='word_1_401' title='bbox 2249 2867 2418 2941; x_wconf 73' lang='grc' dir='ltr'>Οἶμαι</span> <span class='ocrx_word' id='word_1_402' title='bbox 2442 2869 2628 2923; x_wconf 73' lang='grc' dir='ltr'>οὐσίαν</span> <span class='ocrx_word' id='word_1_403' title='bbox 2655 2872 2750 2923; x_wconf 77' lang='grc' dir='ltr'>καὶ</span> <span class='ocrx_word' id='word_1_404' title='bbox 2782 2870 2944 2937; x_wconf 86' lang='grc' dir='ltr'>φύσιν</span> <span class='ocrx_word' id='word_1_405' title='bbox 2999 2871 3145 2940; x_wconf 81' lang='grc' dir='ltr'>ὑμᾶς</span> <span class='ocrx_word' id='word_1_406' title='bbox 3181 2872 3327 2940; x_wconf 77' lang='grc' dir='ltr'>ἐρεῖν</span> <span class='ocrx_word' id='word_1_407' title='bbox 3355 2886 3370 2900; x_wconf 88' lang='grc'><strong>·</strong></span> <span class='ocrx_word' id='word_1_408' title='bbox 3427 2872 3511 2922; x_wconf 80' lang='grc' dir='ltr'>ὅτι</span> <span class='ocrx_word' id='word_1_409' title='bbox 3576 2871 3676 2940; x_wconf 83' lang='grc' dir='ltr'>μὲν</span> 
     </span>
    </p>
   </div>
   <div class='ocr_carea' id='block_1_57' title="bbox 2093 2961 3674 3034">
    <p class='ocr_par' dir='ltr' id='par_1_57' title="bbox 2093 2961 3674 3034">
     <span class='ocr_line' id='line_1_57' title="bbox 2093 2961 3674 3034; baseline -0.003 -16"><span class='ocrx_word' id='word_1_410' title='bbox 2093 2967 2202 3034; x_wconf 85' lang='grc' dir='ltr'>γὰρ</span> <span class='ocrx_word' id='word_1_411' title='bbox 2249 2965 2312 3016; x_wconf 80' lang='grc' dir='ltr'><strong>ού</strong></span> <span class='ocrx_word' id='word_1_412' title='bbox 2363 2961 2709 3034; x_wconf 77' lang='grc' dir='ltr'>συμϐεϐηκὸς</span> <span class='ocrx_word' id='word_1_413' title='bbox 2748 2963 2911 3014; x_wconf 84' lang='grc' dir='ltr'>παντί</span> <span class='ocrx_word' id='word_1_414' title='bbox 2948 2979 3048 3014; x_wconf 79' lang='grc' dir='ltr'><strong>που</strong></span> <span class='ocrx_word' id='word_1_415' title='bbox 3103 2961 3260 3031; x_wconf 85' lang='grc' dir='ltr'>δῆλον</span> <span class='ocrx_word' id='word_1_416' title='bbox 3284 2977 3298 2990; x_wconf 81' lang='grc'><strong>’</strong></span> <span class='ocrx_word' id='word_1_417' title='bbox 3363 2962 3447 3014; x_wconf 80' lang='grc' dir='ltr'>ὃτι</span> <span class='ocrx_word' id='word_1_418' title='bbox 3478 2962 3535 3014; x_wconf 85' lang='grc' dir='ltr'><strong>δὲ</strong></span> <span class='ocrx_word' id='word_1_419' title='bbox 3568 2961 3674 3014; x_wconf 71' lang='grc' dir='ltr'><strong>οὐδ’</strong></span> 
     </span>
    </p>
   </div>
   <div class='ocr_carea' id='block_1_58' title="bbox 413 3052 1994 3127">
    <p class='ocr_par' dir='ltr' id='par_1_58' title="bbox 413 3057 1991 3127">
     <span class='ocr_line' id='line_1_58' title="bbox 413 3057 1991 3127; baseline -0.007 -5"><span class='ocrx_word' id='word_1_420' title='bbox 413 3075 469 3122; x_wconf 89' lang='lat' dir='ltr'><strong>et</strong></span> <span class='ocrx_word' id='word_1_421' title='bbox 500 3073 780 3122; x_wconf 88' lang='lat' dir='ltr'><strong>naturam.</strong></span> <span class='ocrx_word' id='word_1_422' title='bbox 813 3060 949 3114; x_wconf 85' lang='lat' dir='ltr'><strong>Nam</strong></span> <span class='ocrx_word' id='word_1_423' title='bbox 982 3057 1132 3127; x_wconf 84' lang='lat' dir='ltr'><strong>quod</strong></span> <span class='ocrx_word' id='word_1_424' title='bbox 1168 3065 1425 3112; x_wconf 90' lang='lat' dir='ltr'><strong>neutrum</strong></span> <span class='ocrx_word' id='word_1_425' title='bbox 1457 3058 1529 3112; x_wconf 89' lang='lat' dir='ltr'><strong>sit</strong></span> <span class='ocrx_word' id='word_1_426' title='bbox 1563 3059 1822 3114; x_wconf 90' lang='lat' dir='ltr'><strong>accidens</strong></span> <span class='ocrx_word' id='word_1_427' title='bbox 1845 3096 1861 3122; x_wconf 86' lang='lat'><strong>,</strong></span> <span class='ocrx_word' id='word_1_428' title='bbox 1891 3073 1991 3112; x_wconf 78' lang='lat' dir='ltr'><strong>ne-</strong></span> 
     </span>
    </p>
   </div>
   <div class='ocr_carea' id='block_1_59' title="bbox 2101 3052 3670 3127">
    <p class='ocr_par' dir='ltr' id='par_1_59' title="bbox 2101 3052 3670 3122">
     <span class='ocr_line' id='line_1_59' title="bbox 2101 3052 3670 3122; baseline -0.001 -14"><span class='ocrx_word' id='word_1_429' title='bbox 2101 3057 2411 3117; x_wconf 80' lang='grc' dir='ltr'>ὑπόστασις,</span> <span class='ocrx_word' id='word_1_430' title='bbox 2447 3053 2646 3115; x_wconf 82' lang='grc' dir='ltr'>ἱκανῶς</span> <span class='ocrx_word' id='word_1_431' title='bbox 2673 3053 2731 3106; x_wconf 87' lang='lat' dir='ltr'><strong>tv</strong></span> <span class='ocrx_word' id='word_1_432' title='bbox 2771 3055 2885 3115; x_wconf 88' lang='grc' dir='ltr'>τοῖς</span> <span class='ocrx_word' id='word_1_433' title='bbox 2913 3052 3222 3122; x_wconf 75' lang='grc' dir='ltr'>ἔμπροσθεν</span> <span class='ocrx_word' id='word_1_434' title='bbox 3272 3053 3670 3106; x_wconf 80' lang='grc' dir='ltr'>ἀποδέδεικται.</span> 
     </span>
    </p>
   </div>
   <div class='ocr_carea' id='block_1_60' title="bbox 414 3147 1992 3217">
    <p class='ocr_par' dir='ltr' id='par_1_60' title="bbox 414 3147 1992 3217">
     <span class='ocr_line' id='line_1_60' title="bbox 414 3147 1992 3217; baseline -0.01 -4"><span class='ocrx_word' id='word_1_435' title='bbox 414 3157 554 3213; x_wconf 88' lang='lat' dir='ltr'><strong>mini</strong></span> <span class='ocrx_word' id='word_1_436' title='bbox 591 3169 701 3210; x_wconf 91' lang='lat' dir='ltr'><strong>non</strong></span> <span class='ocrx_word' id='word_1_437' title='bbox 739 3150 1090 3207; x_wconf 80' lang='lat' dir='ltr'><strong>manifestum</strong></span> <span class='ocrx_word' id='word_1_438' title='bbox 1125 3156 1230 3204; x_wconf 89' lang='lat' dir='ltr'><strong>est.</strong></span> <span class='ocrx_word' id='word_1_439' title='bbox 1268 3148 1427 3214; x_wconf 84' lang='lat' dir='ltr'><strong>Quod</strong></span> <span class='ocrx_word' id='word_1_440' title='bbox 1460 3156 1643 3204; x_wconf 89' lang='lat' dir='ltr'><strong>autem</strong></span> <span class='ocrx_word' id='word_1_441' title='bbox 1681 3163 1781 3202; x_wconf 85' lang='lat' dir='ltr'><strong>nec</strong></span> <span class='ocrx_word' id='word_1_442' title='bbox 1819 3147 1992 3217; x_wconf 83' lang='lat' dir='ltr'><strong>hypo-</strong></span> 
     </span>
    </p>
   </div>
   <div class='ocr_carea' id='block_1_61' title="bbox 416 3236 1993 3308">
    <p class='ocr_par' dir='ltr' id='par_1_61' title="bbox 416 3236 1993 3308">
     <span class='ocr_line' id='line_1_61' title="bbox 416 3236 1993 3308; baseline -0.011 -2"><span class='ocrx_word' id='word_1_443' title='bbox 416 3249 590 3306; x_wconf 80' lang='lat' dir='ltr'><strong>stasis</strong></span> <span class='ocrx_word' id='word_1_444' title='bbox 628 3249 738 3308; x_wconf 85' lang='lat' dir='ltr'><strong>sit,</strong></span> <span class='ocrx_word' id='word_1_445' title='bbox 776 3243 915 3298; x_wconf 88' lang='lat' dir='ltr'><strong>satis</strong></span> <span class='ocrx_word' id='word_1_446' title='bbox 965 3241 1200 3295; x_wconf 88' lang='lat' dir='ltr'><strong>antehac</strong></span> <span class='ocrx_word' id='word_1_447' title='bbox 1247 3249 1534 3294; x_wconf 86' lang='lat' dir='ltr'><strong>ostensum</strong></span> <span class='ocrx_word' id='word_1_448' title='bbox 1585 3239 1708 3291; x_wconf 79' lang='lat' dir='ltr'><strong>fuit.</strong></span> <span class='ocrx_word' id='word_1_449' title='bbox 1762 3236 1896 3290; x_wconf 86' lang='lat' dir='ltr'><strong>Nam</strong></span> <span class='ocrx_word' id='word_1_450' title='bbox 1945 3236 1993 3290; x_wconf 87' lang='lat' dir='ltr'><strong>si</strong></span> 
     </span>
    </p>
   </div>
   <div class='ocr_carea' id='block_1_62' title="bbox 416 3326 1995 3396">
    <p class='ocr_par' dir='ltr' id='par_1_62' title="bbox 416 3326 1995 3396">
     <span class='ocr_line' id='line_1_62' title="bbox 416 3326 1995 3396; baseline -0.011 -3"><span class='ocrx_word' id='word_1_451' title='bbox 416 3351 620 3393; x_wconf 87' lang='lat' dir='ltr'><strong>nomen</strong></span> <span class='ocrx_word' id='word_1_452' title='bbox 648 3331 956 3388; x_wconf 89' lang='lat' dir='ltr'><strong>divinitatis</strong></span> <span class='ocrx_word' id='word_1_453' title='bbox 976 3367 991 3391; x_wconf 92' lang='lat'><strong>,</strong></span> <span class='ocrx_word' id='word_1_454' title='bbox 1018 3337 1073 3384; x_wconf 91' lang='lat' dir='ltr'><strong>et</strong></span> <span class='ocrx_word' id='word_1_455' title='bbox 1103 3343 1304 3382; x_wconf 89' lang='lat' dir='ltr'><strong>nomen</strong></span> <span class='ocrx_word' id='word_1_456' title='bbox 1350 3326 1707 3381; x_wconf 90' lang='lat' dir='ltr'><strong>humanitatis</strong></span> <span class='ocrx_word' id='word_1_457' title='bbox 1735 3327 1995 3396; x_wconf 85' lang='lat' dir='ltr'><strong>hyposta—</strong></span> 
     </span>
    </p>
   </div>
   <div class='ocr_carea' id='block_1_63' title="bbox 419 3416 1995 3492">
    <p class='ocr_par' dir='ltr' id='par_1_63' title="bbox 419 3416 1995 3492">
     <span class='ocr_line' id='line_1_63' title="bbox 419 3416 1995 3492; baseline -0.01 -10"><span class='ocrx_word' id='word_1_458' title='bbox 419 3429 522 3482; x_wconf 90' lang='lat' dir='ltr'><strong>sim</strong></span> <span class='ocrx_word' id='word_1_459' title='bbox 559 3423 877 3492; x_wconf 77' lang='lat' dir='ltr'><strong>signiﬁcant</strong></span> <span class='ocrx_word' id='word_1_460' title='bbox 897 3459 913 3483; x_wconf 94' lang='lat'><strong>,</strong></span> <span class='ocrx_word' id='word_1_461' title='bbox 949 3419 1138 3472; x_wconf 88' lang='lat' dir='ltr'><strong>dicere</strong></span> <span class='ocrx_word' id='word_1_462' title='bbox 1167 3417 1350 3485; x_wconf 88' lang='lat' dir='ltr'><strong>possis</strong></span> <span class='ocrx_word' id='word_1_463' title='bbox 1383 3424 1495 3470; x_wconf 88' lang='lat' dir='ltr'><strong>tres</strong></span> <span class='ocrx_word' id='word_1_464' title='bbox 1525 3416 1841 3470; x_wconf 88' lang='lat' dir='ltr'><strong>divinitates</strong></span> <span class='ocrx_word' id='word_1_465' title='bbox 1868 3430 1995 3484; x_wconf 83' lang='lat' dir='ltr'><strong>pro—</strong></span> 
     </span>
    </p>
   </div>
   <div class='ocr_carea' id='block_1_64' title="bbox 419 3505 1992 3588">
    <p class='ocr_par' dir='ltr' id='par_1_64' title="bbox 419 3505 1992 3588">
     <span class='ocr_line' id='line_1_64' title="bbox 419 3505 1992 3588; baseline -0.008 -17"><span class='ocrx_word' id='word_1_466' title='bbox 419 3528 542 3588; x_wconf 91' lang='lat' dir='ltr'><strong>pter</strong></span> <span class='ocrx_word' id='word_1_467' title='bbox 570 3521 684 3566; x_wconf 90' lang='lat' dir='ltr'><strong>tres</strong></span> <span class='ocrx_word' id='word_1_468' title='bbox 719 3512 1066 3580; x_wconf 85' lang='lat' dir='ltr'><strong>hypostases,</strong></span> <span class='ocrx_word' id='word_1_469' title='bbox 1116 3515 1282 3574; x_wconf 87' lang='lat' dir='ltr'><strong>atque</strong></span> <span class='ocrx_word' id='word_1_470' title='bbox 1322 3505 1566 3559; x_wconf 86' lang='lat' dir='ltr'><strong>inﬁnitas</strong></span> <span class='ocrx_word' id='word_1_471' title='bbox 1607 3505 1992 3566; x_wconf 89' lang='lat' dir='ltr'><strong>humanitates,</strong></span> 
     </span>
    </p>
   </div>
   <div class='ocr_carea' id='block_1_65' title="bbox 419 3596 1991 3679">
    <p class='ocr_par' dir='ltr' id='par_1_65' title="bbox 419 3596 1991 3679">
     <span class='ocr_line' id='line_1_65' title="bbox 419 3596 1991 3679; baseline -0.01 -17"><span class='ocrx_word' id='word_1_472' title='bbox 419 3617 644 3679; x_wconf 84' lang='lat' dir='ltr'><strong>propter</strong></span> <span class='ocrx_word' id='word_1_473' title='bbox 666 3602 935 3657; x_wconf 88' lang='lat' dir='ltr'><strong>inﬁnitam</strong></span> <span class='ocrx_word' id='word_1_474' title='bbox 965 3597 1346 3669; x_wconf 83' lang='lat' dir='ltr'><strong>hypostasium</strong></span> <span class='ocrx_word' id='word_1_475' title='bbox 1375 3597 1815 3661; x_wconf 90' lang='lat' dir='ltr'><strong>multitudinem,</strong></span> <span class='ocrx_word' id='word_1_476' title='bbox 1833 3596 1991 3668; x_wconf 67' lang='grc'><strong>40],</strong></span> 
     </span>
    </p>
   </div>
   <div class='ocr_carea' id='block_1_66' title="bbox 421 3688 1997 3768">
    <p class='ocr_par' dir='ltr' id='par_1_66' title="bbox 421 3688 1997 3768">
     <span class='ocr_line' id='line_1_66' title="bbox 421 3688 1997 3768; baseline -0.008 -14"><span class='ocrx_word' id='word_1_477' title='bbox 421 3707 517 3755; x_wconf 90' lang='lat' dir='ltr'><strong>aut</strong></span> <span class='ocrx_word' id='word_1_478' title='bbox 567 3693 907 3768; x_wconf 80' lang='lat' dir='ltr'><strong>hypostasim</strong></span> <span class='ocrx_word' id='word_1_479' title='bbox 954 3693 1008 3745; x_wconf 93' lang='lat' dir='ltr'><strong>in</strong></span> <span class='ocrx_word' id='word_1_480' title='bbox 1057 3689 1454 3761; x_wconf 87' lang='lat' dir='ltr'><strong>hypostasibus</strong></span> <span class='ocrx_word' id='word_1_481' title='bbox 1504 3704 1648 3744; x_wconf 88' lang='lat' dir='ltr'><strong>esse.</strong></span> <span class='ocrx_word' id='word_1_482' title='bbox 1699 3688 1816 3743; x_wconf 80' lang='lat' dir='ltr'><strong>Hoc</strong></span> <span class='ocrx_word' id='word_1_483' title='bbox 1867 3704 1997 3743; x_wconf 89' lang='lat' dir='ltr'><strong>vero</strong></span> 
     </span>
    </p>
   </div>
   <div class='ocr_carea' id='block_1_67' title="bbox 421 3779 1995 3861">
    <p class='ocr_par' dir='ltr' id='par_1_67' title="bbox 421 3779 1995 3861">
     <span class='ocr_line' id='line_1_67' title="bbox 421 3779 1995 3861; baseline -0.008 -18"><span class='ocrx_word' id='word_1_484' title='bbox 421 3790 545 3861; x_wconf 90' lang='lat' dir='ltr'><strong>quis</strong></span> <span class='ocrx_word' id='word_1_485' title='bbox 567 3828 582 3852; x_wconf 95' lang='lat'><strong>,</strong></span> <span class='ocrx_word' id='word_1_486' title='bbox 613 3803 718 3842; x_wconf 91' lang='lat' dir='ltr'><strong>non</strong></span> <span class='ocrx_word' id='word_1_487' title='bbox 751 3785 971 3853; x_wconf 86' lang='lat' dir='ltr'><strong>sapiens</strong></span> <span class='ocrx_word' id='word_1_488' title='bbox 1001 3783 1230 3847; x_wconf 78' lang='lat' dir='ltr'><strong>dixero,</strong></span> <span class='ocrx_word' id='word_1_489' title='bbox 1268 3779 1476 3854; x_wconf 87' lang='lat' dir='ltr'><strong>sedvel</strong></span> <span class='ocrx_word' id='word_1_490' title='bbox 1524 3779 1671 3833; x_wconf 66' lang='lat' dir='ltr'><strong>laavte</strong></span> <span class='ocrx_word' id='word_1_491' title='bbox 1701 3779 1995 3832; x_wconf 88' lang='lat' dir='ltr'><strong>admodum</strong></span> 
     </span>
    </p>
   </div>
   <div class='ocr_carea' id='block_1_68' title="bbox 423 3868 1995 3954">
    <p class='ocr_par' dir='ltr' id='par_1_68' title="bbox 423 3868 1995 3954">
     <span class='ocr_line' id='line_1_68' title="bbox 423 3868 1995 3954; baseline -0.007 -21"><span class='ocrx_word' id='word_1_492' title='bbox 423 3878 626 3934; x_wconf 83' lang='lat' dir='ltr'><strong>mentis</strong></span> <span class='ocrx_word' id='word_1_493' title='bbox 649 3917 665 3944; x_wconf 92' lang='lat'><strong>,</strong></span> <span class='ocrx_word' id='word_1_494' title='bbox 698 3875 914 3954; x_wconf 75' lang='lat' dir='ltr'><strong>clTutire</strong></span> <span class='ocrx_word' id='word_1_495' title='bbox 947 3887 1188 3942; x_wconf 81' lang='lat' dir='ltr'><strong>unquam</strong></span> <span class='ocrx_word' id='word_1_496' title='bbox 1221 3886 1391 3926; x_wconf 91' lang='lat' dir='ltr'><strong>ausus</strong></span> <span class='ocrx_word' id='word_1_497' title='bbox 1429 3871 1522 3926; x_wconf 92' lang='lat' dir='ltr'><strong>sit.</strong></span> <span class='ocrx_word' id='word_1_498' title='bbox 1557 3868 1823 3923; x_wconf 86' lang='lat' dir='ltr'><strong>Naturam</strong></span> <span class='ocrx_word' id='word_1_499' title='bbox 1860 3883 1995 3938; x_wconf 82' lang='lat' dir='ltr'><strong>ergo</strong></span> 
     </span>
    </p>
   </div>
   <div class='ocr_carea' id='block_1_69' title="bbox 423 3959 1998 4040">
    <p class='ocr_par' dir='ltr' id='par_1_69' title="bbox 423 3959 1998 4040">
     <span class='ocr_line' id='line_1_69' title="bbox 423 3959 1998 4040; baseline -0.008 -15"><span class='ocrx_word' id='word_1_500' title='bbox 423 3969 720 4040; x_wconf 76' lang='lat' dir='ltr'><strong>signiﬁcat,</strong></span> <span class='ocrx_word' id='word_1_501' title='bbox 757 3979 882 4018; x_wconf 91' lang='lat' dir='ltr'><strong>cum</strong></span> <span class='ocrx_word' id='word_1_502' title='bbox 919 3979 1118 4017; x_wconf 85' lang='lat' dir='ltr'><strong>nomen</strong></span> <span class='ocrx_word' id='word_1_503' title='bbox 1147 3961 1488 4032; x_wconf 77' lang='lat' dir='ltr'><strong>divinitatis,</strong></span> <span class='ocrx_word' id='word_1_504' title='bbox 1521 3971 1635 4013; x_wconf 91' lang='lat' dir='ltr'><strong>tum</strong></span> <span class='ocrx_word' id='word_1_505' title='bbox 1666 3974 1862 4039; x_wconf 69' lang='lat' dir='ltr'><strong>nomen</strong></span> <span class='ocrx_word' id='word_1_506' title='bbox 1893 3959 1998 4012; x_wconf 86' lang='lat' dir='ltr'><strong>hu-</strong></span> 
     </span>
    </p>
   </div>
   <div class='ocr_carea' id='block_1_70' title="bbox 423 4050 1998 4123">
    <p class='ocr_par' dir='ltr' id='par_1_70' title="bbox 423 4050 1998 4123">
     <span class='ocr_line' id='line_1_70' title="bbox 423 4050 1998 4123; baseline -0.004 -13"><span class='ocrx_word' id='word_1_507' title='bbox 423 4058 731 4112; x_wconf 81' lang='lat' dir='ltr'><strong>manitatis.</strong></span> <span class='ocrx_word' id='word_1_508' title='bbox 769 4054 1042 4108; x_wconf 77' lang='lat' dir='ltr'><strong>llivinitas</strong></span> <span class='ocrx_word' id='word_1_509' title='bbox 1077 4053 1248 4123; x_wconf 77' lang='lat' dir='ltr'><strong>igitur</strong></span> <span class='ocrx_word' id='word_1_510' title='bbox 1289 4059 1344 4106; x_wconf 89' lang='lat' dir='ltr'><strong>et</strong></span> <span class='ocrx_word' id='word_1_511' title='bbox 1371 4051 1692 4106; x_wconf 88' lang='lat' dir='ltr'><strong>humanitas</strong></span> <span class='ocrx_word' id='word_1_512' title='bbox 1735 4050 1998 4119; x_wconf 90' lang='lat' dir='ltr'><strong>numquid</strong></span> 
     </span>
    </p>
   </div>
   <div class='ocr_carea' id='block_1_71' title="bbox 425 4139 2001 4207">
    <p class='ocr_par' dir='ltr' id='par_1_71' title="bbox 425 4139 2001 4207">
     <span class='ocr_line' id='line_1_71' title="bbox 425 4139 2001 4207; baseline -0.008 -4"><span class='ocrx_word' id='word_1_513' title='bbox 425 4164 534 4204; x_wconf 88' lang='lat' dir='ltr'><strong>una</strong></span> <span class='ocrx_word' id='word_1_514' title='bbox 567 4154 764 4201; x_wconf 89' lang='lat' dir='ltr'><strong>natura</strong></span> <span class='ocrx_word' id='word_1_515' title='bbox 796 4150 961 4207; x_wconf 92' lang='lat' dir='ltr'><strong>sunt,</strong></span> <span class='ocrx_word' id='word_1_516' title='bbox 997 4157 1108 4195; x_wconf 91' lang='lat' dir='ltr'><strong>non</strong></span> <span class='ocrx_word' id='word_1_517' title='bbox 1145 4141 1273 4195; x_wconf 91' lang='lat' dir='ltr'><strong>dico</strong></span> <span class='ocrx_word' id='word_1_518' title='bbox 1323 4140 1377 4194; x_wconf 91' lang='lat' dir='ltr'><strong>in</strong></span> <span class='ocrx_word' id='word_1_519' title='bbox 1417 4139 1672 4203; x_wconf 85' lang='lat' dir='ltr'><strong>Christo,</strong></span> <span class='ocrx_word' id='word_1_520' title='bbox 1706 4139 1803 4195; x_wconf 89' lang='lat' dir='ltr'><strong>sed</strong></span> <span class='ocrx_word' id='word_1_521' title='bbox 1838 4140 2001 4194; x_wconf 89' lang='lat' dir='ltr'><strong>abso-</strong></span> 
     </span>
    </p>
   </div>
   <div class='ocr_carea' id='block_1_72' title="bbox 426 4231 1999 4295">
    <p class='ocr_par' dir='ltr' id='par_1_72' title="bbox 426 4231 1999 4295">
     <span class='ocr_line' id='line_1_72' title="bbox 426 4231 1999 4295; baseline -0.004 -1"><span class='ocrx_word' id='word_1_522' title='bbox 426 4239 584 4294; x_wconf 88' lang='lat' dir='ltr'><strong>lute?</strong></span> <span class='ocrx_word' id='word_1_523' title='bbox 620 4252 781 4291; x_wconf 90' lang='lat' dir='ltr'><strong>nemo</strong></span> <span class='ocrx_word' id='word_1_524' title='bbox 828 4233 937 4290; x_wconf 87' lang='lat' dir='ltr'><strong>nisi</strong></span> <span class='ocrx_word' id='word_1_525' title='bbox 992 4247 1184 4288; x_wconf 88' lang='lat' dir='ltr'><strong>amens</strong></span> <span class='ocrx_word' id='word_1_526' title='bbox 1234 4231 1340 4295; x_wconf 90' lang='lat' dir='ltr'><strong>sit,</strong></span> <span class='ocrx_word' id='word_1_527' title='bbox 1393 4231 1596 4286; x_wconf 82' lang='lat' dir='ltr'><strong>dixerit</strong></span> <span class='ocrx_word' id='word_1_528' title='bbox 1647 4247 1812 4286; x_wconf 89' lang='lat' dir='ltr'><strong>unam</strong></span> <span class='ocrx_word' id='word_1_529' title='bbox 1850 4245 1999 4287; x_wconf 86' lang='lat' dir='ltr'><strong>esse.</strong></span> 
     </span>
    </p>
   </div>
   <div class='ocr_carea' id='block_1_73' title="bbox 426 4316 2001 4400">
    <p class='ocr_par' dir='ltr' id='par_1_73' title="bbox 426 4316 2001 4400">
     <span class='ocr_line' id='line_1_73' title="bbox 426 4316 2001 4400; baseline -0.005 -15"><span class='ocrx_word' id='word_1_530' title='bbox 426 4329 785 4400; x_wconf 83' lang='lat' dir='ltr'><strong>Nequaquam</strong></span> <span class='ocrx_word' id='word_1_531' title='bbox 819 4327 964 4381; x_wconf 88' lang='lat' dir='ltr'><strong>enim</strong></span> <span class='ocrx_word' id='word_1_532' title='bbox 998 4333 1254 4379; x_wconf 89' lang='lat' dir='ltr'><strong>creatura</strong></span> <span class='ocrx_word' id='word_1_533' title='bbox 1295 4322 1437 4377; x_wconf 90' lang='lat' dir='ltr'><strong>idem</strong></span> <span class='ocrx_word' id='word_1_534' title='bbox 1471 4331 1555 4377; x_wconf 90' lang='lat' dir='ltr'><strong>est</strong></span> <span class='ocrx_word' id='word_1_535' title='bbox 1585 4338 1710 4377; x_wconf 91' lang='lat' dir='ltr'><strong>cum</strong></span> <span class='ocrx_word' id='word_1_536' title='bbox 1750 4316 2001 4377; x_wconf 86' lang='lat' dir='ltr'><strong>increato</strong></span> 
     </span>
    </p>
   </div>
   <div class='ocr_carea' id='block_1_74' title="bbox 427 4413 2006 4485">
    <p class='ocr_par' dir='ltr' id='par_1_74' title="bbox 427 4413 2006 4485">
     <span class='ocr_line' id='line_1_74' title="bbox 427 4413 2006 4485; baseline -0.006 -9"><span class='ocrx_word' id='word_1_537' title='bbox 427 4429 483 4476; x_wconf 87' lang='lat' dir='ltr'><strong>et</strong></span> <span class='ocrx_word' id='word_1_538' title='bbox 511 4421 810 4484; x_wconf 88' lang='lat' dir='ltr'><strong>Creatore,</strong></span> <span class='ocrx_word' id='word_1_539' title='bbox 845 4431 1024 4485; x_wconf 90' lang='lat' dir='ltr'><strong>neque</strong></span> <span class='ocrx_word' id='word_1_540' title='bbox 1053 4429 1256 4484; x_wconf 89' lang='lat' dir='ltr'><strong>corpus</strong></span> <span class='ocrx_word' id='word_1_541' title='bbox 1283 4427 1407 4466; x_wconf 91' lang='lat' dir='ltr'><strong>cum</strong></span> <span class='ocrx_word' id='word_1_542' title='bbox 1439 4413 1793 4482; x_wconf 88' lang='lat' dir='ltr'><strong>incorporeo,</strong></span> <span class='ocrx_word' id='word_1_543' title='bbox 1829 4427 2006 4481; x_wconf 85' lang='lat' dir='ltr'><strong>neque</strong></span> 
     </span>
    </p>
   </div>
   <div class='ocr_carea' id='block_1_75' title="bbox 430 4500 2008 4580">
    <p class='ocr_par' dir='ltr' id='par_1_75' title="bbox 430 4500 2008 4580">
     <span class='ocr_line' id='line_1_75' title="bbox 430 4500 2008 4580; baseline -0.006 -13"><span class='ocrx_word' id='word_1_544' title='bbox 430 4511 563 4567; x_wconf 88' lang='lat' dir='ltr'><strong>illud</strong></span> <span class='ocrx_word' id='word_1_545' title='bbox 594 4508 740 4580; x_wconf 91' lang='lat' dir='ltr'><strong>quod</strong></span> <span class='ocrx_word' id='word_1_546' title='bbox 773 4507 1015 4576; x_wconf 88' lang='lat' dir='ltr'><strong>incepit,</strong></span> <span class='ocrx_word' id='word_1_547' title='bbox 1052 4519 1175 4557; x_wconf 88' lang='lat' dir='ltr'><strong>cum</strong></span> <span class='ocrx_word' id='word_1_548' title='bbox 1211 4518 1275 4558; x_wconf 91' lang='lat' dir='ltr'><strong>eo</strong></span> <span class='ocrx_word' id='word_1_549' title='bbox 1309 4503 1456 4572; x_wconf 90' lang='lat' dir='ltr'><strong>quod</strong></span> <span class='ocrx_word' id='word_1_550' title='bbox 1505 4500 1765 4571; x_wconf 85' lang='lat' dir='ltr'><strong>principii</strong></span> <span class='ocrx_word' id='word_1_551' title='bbox 1808 4516 2008 4570; x_wconf 82' lang='lat' dir='ltr'><strong>expers</strong></span> 
     </span>
    </p>
   </div>
   <div class='ocr_carea' id='block_1_76' title="bbox 429 4591 2009 4670">
    <p class='ocr_par' dir='ltr' id='par_1_76' title="bbox 429 4591 2009 4670">
     <span class='ocr_line' id='line_1_76' title="bbox 429 4591 2009 4670; baseline -0.008 -11"><span class='ocrx_word' id='word_1_552' title='bbox 429 4611 534 4659; x_wconf 89' lang='lat' dir='ltr'><strong>est.</strong></span> <span class='ocrx_word' id='word_1_553' title='bbox 569 4603 760 4670; x_wconf 89' lang='lat' dir='ltr'><strong>Itaque</strong></span> <span class='ocrx_word' id='word_1_554' title='bbox 787 4596 896 4652; x_wconf 82' lang='lat' dir='ltr'><strong>alia</strong></span> <span class='ocrx_word' id='word_1_555' title='bbox 926 4603 1012 4650; x_wconf 82' lang='lat' dir='ltr'><strong>est</strong></span> <span class='ocrx_word' id='word_1_556' title='bbox 1039 4603 1240 4648; x_wconf 88' lang='lat' dir='ltr'><strong>natura</strong></span> <span class='ocrx_word' id='word_1_557' title='bbox 1265 4591 1572 4645; x_wconf 80' lang='lat' dir='ltr'><strong>divinitatis</strong></span> <span class='ocrx_word' id='word_1_558' title='bbox 1599 4631 1614 4656; x_wconf 91' lang='lat'><strong>,</strong></span> <span class='ocrx_word' id='word_1_559' title='bbox 1649 4591 2009 4646; x_wconf 89' lang='lat' dir='ltr'><strong>humanitatis</strong></span> 
     </span>
    </p>
   </div>
   <div class='ocr_carea' id='block_1_77' title="bbox 431 4682 2007 4761">
    <p class='ocr_par' dir='ltr' id='par_1_77' title="bbox 431 4682 2007 4761">
     <span class='ocr_line' id='line_1_77' title="bbox 431 4682 2007 4761; baseline -0.008 -12"><span class='ocrx_word' id='word_1_560' title='bbox 431 4696 562 4756; x_wconf 90' lang='lat' dir='ltr'><strong>alia,</strong></span> <span class='ocrx_word' id='word_1_561' title='bbox 601 4700 840 4761; x_wconf 82' lang='lat' dir='ltr'><strong>suntque</strong></span> <span class='ocrx_word' id='word_1_562' title='bbox 875 4696 1086 4742; x_wconf 73' lang='lat' dir='ltr'><strong>natura:</strong></span> <span class='ocrx_word' id='word_1_563' title='bbox 1111 4685 1252 4739; x_wconf 69' lang='lat' dir='ltr'><strong>duae.</strong></span> <span class='ocrx_word' id='word_1_564' title='bbox 1279 4683 1414 4739; x_wconf 89' lang='lat' dir='ltr'><strong>Cum</strong></span> <span class='ocrx_word' id='word_1_565' title='bbox 1441 4698 1571 4754; x_wconf 83' lang='lat' dir='ltr'><strong>ergo</strong></span> <span class='ocrx_word' id='word_1_566' title='bbox 1595 4682 1849 4740; x_wconf 89' lang='lat' dir='ltr'><strong>Christus</strong></span> <span class='ocrx_word' id='word_1_567' title='bbox 1873 4698 2007 4738; x_wconf 86' lang='lat' dir='ltr'><strong>con-</strong></span> 
     </span>
    </p>
   </div>
   <div class='ocr_carea' id='block_1_78' title="bbox 432 4775 2006 4842">
    <p class='ocr_par' dir='ltr' id='par_1_78' title="bbox 432 4775 2006 4842">
     <span class='ocr_line' id='line_1_78' title="bbox 432 4775 2006 4842; baseline -0.007 -1"><span class='ocrx_word' id='word_1_568' title='bbox 432 4794 538 4842; x_wconf 85' lang='lat' dir='ltr'><strong>stet</strong></span> <span class='ocrx_word' id='word_1_569' title='bbox 568 4785 859 4839; x_wconf 85' lang='lat' dir='ltr'><strong>divinitate</strong></span> <span class='ocrx_word' id='word_1_570' title='bbox 891 4789 944 4836; x_wconf 90' lang='lat' dir='ltr'><strong>et</strong></span> <span class='ocrx_word' id='word_1_571' title='bbox 977 4780 1322 4834; x_wconf 90' lang='lat' dir='ltr'><strong>humanitate</strong></span> <span class='ocrx_word' id='word_1_572' title='bbox 1344 4816 1359 4842; x_wconf 97' lang='lat'><strong>,</strong></span> <span class='ocrx_word' id='word_1_573' title='bbox 1410 4793 1475 4831; x_wconf 69' lang='lat' dir='ltr'><strong>ex</strong></span> <span class='ocrx_word' id='word_1_574' title='bbox 1527 4775 1746 4831; x_wconf 90' lang='lat' dir='ltr'><strong>duabus</strong></span> <span class='ocrx_word' id='word_1_575' title='bbox 1792 4776 2006 4830; x_wconf 86' lang='lat' dir='ltr'><strong>naturis</strong></span> 
     </span>
    </p>
   </div>
   <div class='ocr_carea' id='block_1_79' title="bbox 430 4868 2009 4942">
    <p class='ocr_par' dir='ltr' id='par_1_79' title="bbox 430 4868 2009 4942">
     <span class='ocr_line' id='line_1_79' title="bbox 430 4868 2009 4942; baseline -0.006 -10"><span class='ocrx_word' id='word_1_576' title='bbox 430 4887 539 4933; x_wconf 89' lang='lat' dir='ltr'><strong>est.</strong></span> <span class='ocrx_word' id='word_1_577' title='bbox 569 4875 938 4942; x_wconf 85' lang='lat' dir='ltr'><strong>Quamobrem</strong></span> <span class='ocrx_word' id='word_1_578' title='bbox 967 4873 1011 4928; x_wconf 90' lang='lat' dir='ltr'><strong>si</strong></span> <span class='ocrx_word' id='word_1_579' title='bbox 1052 4871 1336 4925; x_wconf 87' lang='lat' dir='ltr'><strong>Christum</strong></span> <span class='ocrx_word' id='word_1_580' title='bbox 1373 4885 1441 4923; x_wconf 76' lang='lat' dir='ltr'><strong>ex</strong></span> <span class='ocrx_word' id='word_1_581' title='bbox 1481 4868 1773 4922; x_wconf 89' lang='lat' dir='ltr'><strong>divinitate</strong></span> <span class='ocrx_word' id='word_1_582' title='bbox 1813 4877 1866 4923; x_wconf 77' lang='lat' dir='ltr'><strong>et</strong></span> <span class='ocrx_word' id='word_1_583' title='bbox 1905 4869 2009 4922; x_wconf 89' lang='lat' dir='ltr'><strong>hu-</strong></span> 
     </span>
    </p>
   </div>
   <div class='ocr_carea' id='block_1_80' title="bbox 434 4961 2007 5035">
    <p class='ocr_par' dir='ltr' id='par_1_80' title="bbox 434 4961 2007 5035">
     <span class='ocr_line' id='line_1_80' title="bbox 434 4961 2007 5035; baseline -0.006 -11"><span class='ocrx_word' id='word_1_584' title='bbox 434 4970 699 5024; x_wconf 85' lang='lat' dir='ltr'><strong>manitate</strong></span> <span class='ocrx_word' id='word_1_585' title='bbox 750 4981 874 5021; x_wconf 88' lang='lat' dir='ltr'><strong>esse</strong></span> <span class='ocrx_word' id='word_1_586' title='bbox 919 4962 1290 5035; x_wconf 84' lang='lat' dir='ltr'><strong>proﬁtemini,</strong></span> <span class='ocrx_word' id='word_1_587' title='bbox 1341 4961 1504 5016; x_wconf 83' lang='lat' dir='ltr'><strong>velim</strong></span> <span class='ocrx_word' id='word_1_588' title='bbox 1556 4961 1755 5016; x_wconf 90' lang='lat' dir='ltr'><strong>dicatis</strong></span> <span class='ocrx_word' id='word_1_589' title='bbox 1807 4961 2007 5015; x_wconf 87' lang='lat' dir='ltr'><strong>nobis:</strong></span> 
     </span>
    </p>
   </div>
   <div class='ocr_carea' id='block_1_81' title="bbox 435 5054 2012 5125">
    <p class='ocr_par' dir='ltr' id='par_1_81' title="bbox 435 5054 2012 5125">
     <span class='ocr_line' id='line_1_81' title="bbox 435 5054 2012 5125; baseline -0.004 -11"><span class='ocrx_word' id='word_1_590' title='bbox 435 5063 588 5116; x_wconf 65' lang='lat' dir='ltr'><strong>Istaec</strong></span> <span class='ocrx_word' id='word_1_591' title='bbox 621 5059 733 5114; x_wconf 90' lang='lat' dir='ltr'><strong>duo</strong></span> <span class='ocrx_word' id='word_1_592' title='bbox 757 5099 771 5125; x_wconf 91' lang='lat'><strong>,</strong></span> <span class='ocrx_word' id='word_1_593' title='bbox 804 5055 1066 5111; x_wconf 88' lang='lat' dir='ltr'><strong>divinitas</strong></span> <span class='ocrx_word' id='word_1_594' title='bbox 1101 5055 1313 5110; x_wconf 85' lang='lat' dir='ltr'><strong>scilicet</strong></span> <span class='ocrx_word' id='word_1_595' title='bbox 1348 5061 1402 5106; x_wconf 91' lang='lat' dir='ltr'><strong>et</strong></span> <span class='ocrx_word' id='word_1_596' title='bbox 1435 5054 1786 5117; x_wconf 89' lang='lat' dir='ltr'><strong>humanitas,</strong></span> <span class='ocrx_word' id='word_1_597' title='bbox 1811 5061 2012 5108; x_wconf 85' lang='lat' dir='ltr'><strong>suntne</strong></span> 
     </span>
    </p>
   </div>
   <div class='ocr_carea' id='block_1_82' title="bbox 435 5145 2011 5218">
    <p class='ocr_par' dir='ltr' id='par_1_82' title="bbox 435 5145 2011 5218">
     <span class='ocr_line' id='line_1_82' title="bbox 435 5145 2011 5218; baseline -0.006 -10"><span class='ocrx_word' id='word_1_598' title='bbox 435 5155 489 5208; x_wconf 91' lang='lat' dir='ltr'><strong>in</strong></span> <span class='ocrx_word' id='word_1_599' title='bbox 521 5155 742 5208; x_wconf 91' lang='lat' dir='ltr'><strong>Christo</strong></span> <span class='ocrx_word' id='word_1_600' title='bbox 763 5193 777 5218; x_wconf 93' lang='lat'><strong>,</strong></span> <span class='ocrx_word' id='word_1_601' title='bbox 813 5164 992 5205; x_wconf 90' lang='lat' dir='ltr'><strong>annon</strong></span> <span class='ocrx_word' id='word_1_602' title='bbox 1017 5147 1039 5201; x_wconf 68' lang='grc' dir='ltr'>ἲ</span> <span class='ocrx_word' id='word_1_603' title='bbox 1065 5146 1306 5201; x_wconf 81' lang='lat' dir='ltr'><strong>Omnino</strong></span> <span class='ocrx_word' id='word_1_604' title='bbox 1338 5145 1654 5200; x_wconf 87' lang='lat' dir='ltr'><strong>concedetis</strong></span> <span class='ocrx_word' id='word_1_605' title='bbox 1674 5185 1689 5209; x_wconf 95' lang='lat'><strong>,</strong></span> <span class='ocrx_word' id='word_1_606' title='bbox 1719 5145 1825 5200; x_wconf 90' lang='lat' dir='ltr'><strong>nisi</strong></span> <span class='ocrx_word' id='word_1_607' title='bbox 1853 5146 2011 5214; x_wconf 80' lang='lat' dir='ltr'><strong>peni-</strong></span> 
     </span>
    </p>
   </div>
   <div class='ocr_carea' id='block_1_83' title="bbox 437 5237 2010 5313">
    <p class='ocr_par' dir='ltr' id='par_1_83' title="bbox 437 5237 2010 5313">
     <span class='ocr_line' id='line_1_83' title="bbox 437 5237 2010 5313; baseline -0.004 -16"><span class='ocrx_word' id='word_1_608' title='bbox 437 5253 525 5298; x_wconf 90' lang='lat' dir='ltr'><strong>tus</strong></span> <span class='ocrx_word' id='word_1_609' title='bbox 562 5243 717 5313; x_wconf 89' lang='lat' dir='ltr'><strong>impii</strong></span> <span class='ocrx_word' id='word_1_610' title='bbox 747 5257 870 5297; x_wconf 88' lang='lat' dir='ltr'><strong>esse</strong></span> <span class='ocrx_word' id='word_1_611' title='bbox 903 5239 1103 5294; x_wconf 88' lang='lat' dir='ltr'><strong>velitis.</strong></span> <span class='ocrx_word' id='word_1_612' title='bbox 1137 5239 1374 5302; x_wconf 88' lang='lat' dir='ltr'><strong>Quinam</strong></span> <span class='ocrx_word' id='word_1_613' title='bbox 1407 5237 1574 5307; x_wconf 77' lang='lat' dir='ltr'><strong>igitur</strong></span> <span class='ocrx_word' id='word_1_614' title='bbox 1601 5252 1711 5291; x_wconf 92' lang='lat' dir='ltr'><strong>non</strong></span> <span class='ocrx_word' id='word_1_615' title='bbox 1739 5237 1924 5291; x_wconf 92' lang='lat' dir='ltr'><strong>dicitis</strong></span> <span class='ocrx_word' id='word_1_616' title='bbox 1955 5237 2010 5291; x_wconf 91' lang='lat' dir='ltr'><strong>in</strong></span> 
     </span>
    </p>
   </div>
   <div class='ocr_carea' id='block_1_84' title="bbox 437 5327 2010 5390">
    <p class='ocr_par' dir='ltr' id='par_1_84' title="bbox 437 5327 2010 5390">
     <span class='ocr_line' id='line_1_84' title="bbox 437 5327 2010 5390; baseline -0.004 -2"><span class='ocrx_word' id='word_1_617' title='bbox 437 5333 662 5390; x_wconf 88' lang='lat' dir='ltr'><strong>Christo</strong></span> <span class='ocrx_word' id='word_1_618' title='bbox 703 5343 935 5388; x_wconf 87' lang='lat' dir='ltr'><strong>naturas</strong></span> <span class='ocrx_word' id='word_1_619' title='bbox 966 5331 1158 5385; x_wconf 80' lang='lat' dir='ltr'><strong>duas?</strong></span> <span class='ocrx_word' id='word_1_620' title='bbox 1202 5328 1258 5381; x_wconf 91' lang='lat' dir='ltr'><strong>Si</strong></span> <span class='ocrx_word' id='word_1_621' title='bbox 1299 5327 1444 5382; x_wconf 88' lang='lat' dir='ltr'><strong>enim</strong></span> <span class='ocrx_word' id='word_1_622' title='bbox 1487 5327 1812 5383; x_wconf 72' lang='lat' dir='ltr'><strong>afﬁrmando</strong></span> <span class='ocrx_word' id='word_1_623' title='bbox 1843 5327 2010 5384; x_wconf 88' lang='lat' dir='ltr'><strong>Chri-</strong></span> 
     </span>
    </p>
   </div>
   <div class='ocr_carea' id='block_1_85' title="bbox 440 5421 2010 5482">
    <p class='ocr_par' dir='ltr' id='par_1_85' title="bbox 440 5421 2010 5482">
     <span class='ocr_line' id='line_1_85' title="bbox 440 5421 2010 5482; baseline -0.003 -4"><span class='ocrx_word' id='word_1_624' title='bbox 440 5431 584 5480; x_wconf 85' lang='lat' dir='ltr'><strong>stum</strong></span> <span class='ocrx_word' id='word_1_625' title='bbox 635 5440 699 5479; x_wconf 83' lang='lat' dir='ltr'><strong>ex</strong></span> <span class='ocrx_word' id='word_1_626' title='bbox 754 5423 1050 5479; x_wconf 83' lang='lat' dir='ltr'><strong>divinitate</strong></span> <span class='ocrx_word' id='word_1_627' title='bbox 1106 5428 1161 5476; x_wconf 90' lang='lat' dir='ltr'><strong>et</strong></span> <span class='ocrx_word' id='word_1_628' title='bbox 1209 5421 1547 5474; x_wconf 87' lang='lat' dir='ltr'><strong>humanitate</strong></span> <span class='ocrx_word' id='word_1_629' title='bbox 1597 5427 1882 5482; x_wconf 86' lang='lat' dir='ltr'><strong>constare,</strong></span> <span class='ocrx_word' id='word_1_630' title='bbox 1943 5436 2010 5475; x_wconf 79' lang='lat' dir='ltr'><strong>ex</strong></span> 
     </span>
    </p>
   </div>
   <div class='ocr_carea' id='block_1_86' title="bbox 2094 3141 3675 3215">
    <p class='ocr_par' dir='ltr' id='par_1_86' title="bbox 2094 3141 3675 3215">
     <span class='ocr_line' id='line_1_86' title="bbox 2094 3141 3675 3215; baseline -0.003 -17"><span class='ocrx_word' id='word_1_631' title='bbox 2094 3147 2157 3198; x_wconf 75' lang='lat' dir='ltr'><strong>Et</strong></span> <span class='ocrx_word' id='word_1_632' title='bbox 2204 3147 2313 3215; x_wconf 81' lang='grc' dir='ltr'><strong>γὰρ</strong></span> <span class='ocrx_word' id='word_1_633' title='bbox 2370 3145 2667 3198; x_wconf 84' lang='grc' dir='ltr'>ὑπόστασιν</span> <span class='ocrx_word' id='word_1_634' title='bbox 2695 3144 2755 3196; x_wconf 84' lang='grc' dir='ltr'>τὸ</span> <span class='ocrx_word' id='word_1_635' title='bbox 2803 3147 2905 3215; x_wconf 76' lang='grc' dir='ltr'>τῆς</span> <span class='ocrx_word' id='word_1_636' title='bbox 2952 3141 3203 3215; x_wconf 80' lang='grc' dir='ltr'>θεότητος</span> <span class='ocrx_word' id='word_1_637' title='bbox 3239 3144 3336 3196; x_wconf 72' lang='grc' dir='ltr'>καὶ</span> <span class='ocrx_word' id='word_1_638' title='bbox 3365 3145 3427 3195; x_wconf 76' lang='grc' dir='ltr'>τὸ</span> <span class='ocrx_word' id='word_1_639' title='bbox 3451 3144 3557 3212; x_wconf 78' lang='grc' dir='ltr'>τῆς</span> <span class='ocrx_word' id='word_1_640' title='bbox 3584 3145 3675 3197; x_wconf 59' lang='grc' dir='ltr'>ἀνι</span> 
     </span>
    </p>
   </div>
   <div class='ocr_carea' id='block_1_87' title="bbox 2094 3233 3676 3306">
    <p class='ocr_par' dir='ltr' id='par_1_87' title="bbox 2094 3233 3676 3306">
     <span class='ocr_line' id='line_1_87' title="bbox 2094 3233 3676 3306; baseline -0.001 -18"><span class='ocrx_word' id='word_1_641' title='bbox 2094 3235 2442 3306; x_wconf 85' lang='grc' dir='ltr'>θρωπότητος</span> <span class='ocrx_word' id='word_1_642' title='bbox 2472 3234 2832 3305; x_wconf 84' lang='grc' dir='ltr'>σημαίνουσιν</span> <span class='ocrx_word' id='word_1_643' title='bbox 2861 3233 3123 3304; x_wconf 84' lang='grc' dir='ltr'>ὀνόματα,</span> <span class='ocrx_word' id='word_1_644' title='bbox 3167 3233 3288 3304; x_wconf 82' lang='grc' dir='ltr'>ὥρα</span> <span class='ocrx_word' id='word_1_645' title='bbox 3351 3251 3434 3286; x_wconf 86' lang='grc' dir='ltr'><strong>σοι</strong></span> <span class='ocrx_word' id='word_1_646' title='bbox 3501 3234 3676 3300; x_wconf 79' lang='grc' dir='ltr'>λέγειν</span> 
     </span>
    </p>
   </div>
   <div class='ocr_carea' id='block_1_88' title="bbox 2095 3325 3675 3396">
    <p class='ocr_par' dir='ltr' id='par_1_88' title="bbox 2095 3325 3675 3396">
     <span class='ocr_line' id='line_1_88' title="bbox 2095 3325 3675 3396; baseline 0.001 -18"><span class='ocrx_word' id='word_1_647' title='bbox 2095 3327 2190 3379; x_wconf 79' lang='grc' dir='ltr'><strong>καὶ</strong></span> <span class='ocrx_word' id='word_1_648' title='bbox 2219 3329 2366 3396; x_wconf 84' lang='grc' dir='ltr'>τρεῖς</span> <span class='ocrx_word' id='word_1_649' title='bbox 2398 3326 2661 3396; x_wconf 87' lang='grc' dir='ltr'>θεότητας</span> <span class='ocrx_word' id='word_1_650' title='bbox 2691 3325 2781 3378; x_wconf 81' lang='grc' dir='ltr'>διὰ</span> <span class='ocrx_word' id='word_1_651' title='bbox 2836 3325 2898 3378; x_wconf 84' lang='grc' dir='ltr'>τὸ</span> <span class='ocrx_word' id='word_1_652' title='bbox 2949 3325 3223 3396; x_wconf 83' lang='grc' dir='ltr'>τριαδικδν</span> <span class='ocrx_word' id='word_1_653' title='bbox 3285 3325 3399 3378; x_wconf 90' lang='grc' dir='ltr'><strong>τῶν</strong></span> <span class='ocrx_word' id='word_1_654' title='bbox 3434 3325 3675 3379; x_wconf 81' lang='grc' dir='ltr'>ὑποστά-</span> 
     </span>
    </p>
   </div>
   <div class='ocr_carea' id='block_1_89' title="bbox 2098 3415 3674 3486">
    <p class='ocr_par' dir='ltr' id='par_1_89' title="bbox 2098 3415 3674 3486">
     <span class='ocr_line' id='line_1_89' title="bbox 2098 3415 3674 3486; baseline -0.001 -19"><span class='ocrx_word' id='word_1_655' title='bbox 2098 3433 2256 3479; x_wconf 80' lang='grc' dir='ltr'>σεων,</span> <span class='ocrx_word' id='word_1_656' title='bbox 2295 3416 2386 3468; x_wconf 73' lang='grc' dir='ltr'>καὶ</span> <span class='ocrx_word' id='word_1_657' title='bbox 2416 3416 2678 3484; x_wconf 73' lang='grc' dir='ltr'>ἀπείρους</span> <span class='ocrx_word' id='word_1_658' title='bbox 2703 3417 2803 3478; x_wconf 73' lang='grc' dir='ltr'><strong>τὰς</strong></span> <span class='ocrx_word' id='word_1_659' title='bbox 2832 3415 3283 3486; x_wconf 84' lang='grc' dir='ltr'>ἀνθρωπότητας,</span> <span class='ocrx_word' id='word_1_660' title='bbox 3312 3415 3402 3467; x_wconf 76' lang='grc' dir='ltr'><strong>διὰ</strong></span> <span class='ocrx_word' id='word_1_661' title='bbox 3449 3416 3513 3467; x_wconf 84' lang='grc' dir='ltr'><strong>τὸ</strong></span> <span class='ocrx_word' id='word_1_662' title='bbox 3571 3415 3674 3466; x_wconf 78' lang='grc' dir='ltr'><strong>τῶν</strong></span> 
     </span>
    </p>
   </div>
   <div class='ocr_carea' id='block_1_90' title="bbox 2097 3507 3673 3577">
    <p class='ocr_par' dir='ltr' id='par_1_90' title="bbox 2097 3507 3673 3577">
     <span class='ocr_line' id='line_1_90' title="bbox 2097 3507 3673 3577; baseline -0.002 -15"><span class='ocrx_word' id='word_1_663' title='bbox 2097 3510 2450 3562; x_wconf 82' lang='grc' dir='ltr'>ύποστάσεων</span> <span class='ocrx_word' id='word_1_664' title='bbox 2483 3511 2728 3575; x_wconf 78' lang='grc' dir='ltr'>ἄπειρον,</span> <span class='ocrx_word' id='word_1_665' title='bbox 2759 3509 2791 3577; x_wconf 85' lang='grc' dir='ltr'>ἢ</span> <span class='ocrx_word' id='word_1_666' title='bbox 2827 3507 3126 3562; x_wconf 74' lang='grc' dir='ltr'>ὑπόστασιν</span> <span class='ocrx_word' id='word_1_667' title='bbox 3183 3512 3241 3560; x_wconf 86' lang='lat' dir='ltr'><strong>tv</strong></span> <span class='ocrx_word' id='word_1_668' title='bbox 3283 3509 3673 3571; x_wconf 75' lang='grc' dir='ltr'>ὑποστάσεσιν,</span> 
     </span>
    </p>
   </div>
   <div class='ocr_carea' id='block_1_91' title="bbox 2097 3600 3677 3672">
    <p class='ocr_par' dir='ltr' id='par_1_91' title="bbox 2097 3600 3677 3672">
     <span class='ocr_line' id='line_1_91' title="bbox 2097 3600 3677 3672; baseline -0.001 -19"><span class='ocrx_word' id='word_1_669' title='bbox 2097 3602 2124 3653; x_wconf 82' lang='grc' dir='ltr'><strong><em>ὃ</em></strong></span> <span class='ocrx_word' id='word_1_670' title='bbox 2145 3603 2248 3667; x_wconf 88' lang='grc' dir='ltr'>τίς,</span> <span class='ocrx_word' id='word_1_671' title='bbox 2271 3602 2391 3670; x_wconf 74' lang='grc' dir='ltr'><strong>οὐχὶ</strong></span> <span class='ocrx_word' id='word_1_672' title='bbox 2422 3602 2606 3668; x_wconf 81' lang='grc' dir='ltr'>σοφὸς,</span> <span class='ocrx_word' id='word_1_673' title='bbox 2630 3601 2765 3655; x_wconf 83' lang='grc' dir='ltr'><strong>ἀλλά</strong></span> <span class='ocrx_word' id='word_1_674' title='bbox 2787 3603 2880 3654; x_wconf 73' lang='grc' dir='ltr'>καὶ</span> <span class='ocrx_word' id='word_1_675' title='bbox 2909 3600 3032 3653; x_wconf 86' lang='grc' dir='ltr'>λίαν</span> <span class='ocrx_word' id='word_1_676' title='bbox 3065 3601 3256 3663; x_wconf 66' lang='grc' dir='ltr'>σκαιός</span> <span class='ocrx_word' id='word_1_677' title='bbox 3284 3603 3383 3672; x_wconf 79' lang='grc' dir='ltr'>τὴν</span> <span class='ocrx_word' id='word_1_678' title='bbox 3414 3601 3677 3665; x_wconf 81' lang='grc' dir='ltr'>διάνοιαν,</span> 
     </span>
    </p>
   </div>
   <div class='ocr_carea' id='block_1_92' title="bbox 2097 3692 3680 3764">
    <p class='ocr_par' dir='ltr' id='par_1_92' title="bbox 2097 3692 3680 3764">
     <span class='ocr_line' id='line_1_92' title="bbox 2097 3692 3680 3764; baseline -0.001 -19"><span class='ocrx_word' id='word_1_679' title='bbox 2097 3695 2244 3764; x_wconf 88' lang='grc' dir='ltr'>ὲρεῖν</span> <span class='ocrx_word' id='word_1_680' title='bbox 2273 3694 2575 3762; x_wconf 85' lang='grc' dir='ltr'>τετόλμηκε</span> <span class='ocrx_word' id='word_1_681' title='bbox 2611 3692 2872 3756; x_wconf 65' lang='lat' dir='ltr'><strong>animove;</strong></span> <span class='ocrx_word' id='word_1_682' title='bbox 2917 3694 3074 3744; x_wconf 84' lang='grc' dir='ltr'>Ἔστι</span> <span class='ocrx_word' id='word_1_683' title='bbox 3116 3692 3298 3744; x_wconf 87' lang='grc' dir='ltr'>τοίνυν</span> <span class='ocrx_word' id='word_1_684' title='bbox 3331 3693 3547 3760; x_wconf 83' lang='grc' dir='ltr'>φύσεως</span> <span class='ocrx_word' id='word_1_685' title='bbox 3578 3709 3680 3762; x_wconf 73' lang='grc' dir='ltr'>σηο</span> 
     </span>
    </p>
   </div>
   <div class='ocr_carea' id='block_1_93' title="bbox 2102 3784 3683 3855">
    <p class='ocr_par' dir='ltr' id='par_1_93' title="bbox 2102 3784 3683 3855">
     <span class='ocr_line' id='line_1_93' title="bbox 2102 3784 3683 3855; baseline -0.001 -18"><span class='ocrx_word' id='word_1_686' title='bbox 2102 3785 2364 3854; x_wconf 80' lang='grc' dir='ltr'>μαντικὸν</span> <span class='ocrx_word' id='word_1_687' title='bbox 2408 3786 2637 3838; x_wconf 78' lang='grc' dir='ltr'>ἕκαστον</span> <span class='ocrx_word' id='word_1_688' title='bbox 2663 3825 2678 3849; x_wconf 96' lang='grc'><strong>,</strong></span> <span class='ocrx_word' id='word_1_689' title='bbox 2710 3785 2770 3838; x_wconf 89' lang='grc' dir='ltr'><strong>τό</strong></span> <span class='ocrx_word' id='word_1_690' title='bbox 2799 3801 2858 3836; x_wconf 89' lang='grc' dir='ltr'><strong>τε</strong></span> <span class='ocrx_word' id='word_1_691' title='bbox 2896 3784 2998 3853; x_wconf 80' lang='grc' dir='ltr'>τῆς</span> <span class='ocrx_word' id='word_1_692' title='bbox 3031 3784 3286 3854; x_wconf 77' lang='grc' dir='ltr'>θεότητος</span> <span class='ocrx_word' id='word_1_693' title='bbox 3315 3784 3542 3855; x_wconf 79' lang='grc' dir='ltr'>δηλαδὴ,</span> <span class='ocrx_word' id='word_1_694' title='bbox 3581 3785 3683 3836; x_wconf 63' lang='grc' dir='ltr'>καὶ.</span> 
     </span>
    </p>
   </div>
   <div class='ocr_carea' id='block_1_94' title="bbox 2099 3873 3685 3946">
    <p class='ocr_par' dir='ltr' id='par_1_94' title="bbox 2099 3873 3685 3946">
     <span class='ocr_line' id='line_1_94' title="bbox 2099 3873 3685 3946; baseline -0.003 -17"><span class='ocrx_word' id='word_1_695' title='bbox 2099 3876 2159 3929; x_wconf 85' lang='grc' dir='ltr'>τὸ</span> <span class='ocrx_word' id='word_1_696' title='bbox 2187 3877 2284 3945; x_wconf 85' lang='grc' dir='ltr'>τῆς</span> <span class='ocrx_word' id='word_1_697' title='bbox 2311 3876 2732 3946; x_wconf 87' lang='grc' dir='ltr'>ἀνθρωπότητος</span> <span class='ocrx_word' id='word_1_698' title='bbox 2760 3876 2951 3946; x_wconf 74' lang='grc' dir='ltr'>ὄνομα.</span> <span class='ocrx_word' id='word_1_699' title='bbox 2987 3875 3191 3942; x_wconf 88' lang='grc' dir='ltr'>Θεότης</span> <span class='ocrx_word' id='word_1_700' title='bbox 3234 3877 3420 3928; x_wconf 80' lang='grc' dir='ltr'>τοίνυν</span> <span class='ocrx_word' id='word_1_701' title='bbox 3455 3873 3552 3928; x_wconf 75' lang='grc' dir='ltr'>καὶ</span> <span class='ocrx_word' id='word_1_702' title='bbox 3583 3877 3685 3926; x_wconf 79' lang='grc' dir='ltr'>ἀνο</span> 
     </span>
    </p>
   </div>
   <div class='ocr_carea' id='block_1_95' title="bbox 2100 3965 3683 4037">
    <p class='ocr_par' dir='ltr' id='par_1_95' title="bbox 2100 3965 3683 4037">
     <span class='ocr_line' id='line_1_95' title="bbox 2100 3965 3683 4037; baseline -0.001 -18"><span class='ocrx_word' id='word_1_703' title='bbox 2100 3966 2388 4037; x_wconf 86' lang='grc' dir='ltr'>θρωπότης</span> <span class='ocrx_word' id='word_1_704' title='bbox 2435 3967 2532 4036; x_wconf 82' lang='grc' dir='ltr'><strong>μία</strong></span> <span class='ocrx_word' id='word_1_705' title='bbox 2571 3967 2733 4034; x_wconf 85' lang='grc' dir='ltr'>φύσις</span> <span class='ocrx_word' id='word_1_706' title='bbox 2782 3968 2974 4032; x_wconf 76' lang='grc' dir='ltr'>ἐστὶν,</span> <span class='ocrx_word' id='word_1_707' title='bbox 3023 3966 3124 4018; x_wconf 80' lang='grc' dir='ltr'>οὐκ</span> <span class='ocrx_word' id='word_1_708' title='bbox 3178 3966 3272 4018; x_wconf 70' lang='grc' dir='ltr'><strong>ἐπὶ</strong></span> <span class='ocrx_word' id='word_1_709' title='bbox 3327 3965 3424 4017; x_wconf 77' lang='grc' dir='ltr'>τοῦ</span> <span class='ocrx_word' id='word_1_710' title='bbox 3471 3965 3683 4034; x_wconf 71' lang='grc' dir='ltr'>Κυριιυ</span> 
     </span>
    </p>
   </div>
   <div class='ocr_carea' id='block_1_96' title="bbox 2101 4056 3684 4128">
    <p class='ocr_par' dir='ltr' id='par_1_96' title="bbox 2101 4056 3684 4128">
     <span class='ocr_line' id='line_1_96' title="bbox 2101 4056 3684 4128; baseline -0.002 -18"><span class='ocrx_word' id='word_1_711' title='bbox 2101 4059 2268 4128; x_wconf 71' lang='grc' dir='ltr'>φημι,</span> <span class='ocrx_word' id='word_1_712' title='bbox 2299 4058 2414 4110; x_wconf 84' lang='grc' dir='ltr'>ἀλλ’</span> <span class='ocrx_word' id='word_1_713' title='bbox 2453 4057 2770 4123; x_wconf 81' lang='grc' dir='ltr'>ἀπολύτως;</span> <span class='ocrx_word' id='word_1_714' title='bbox 2808 4058 2922 4112; x_wconf 72' lang='grc' dir='ltr'><strong>Οὐκ</strong></span> <span class='ocrx_word' id='word_1_715' title='bbox 2959 4059 3077 4128; x_wconf 78' lang='grc' dir='ltr'>ἐρεῖ</span> <span class='ocrx_word' id='word_1_716' title='bbox 3100 4075 3184 4120; x_wconf 86' lang='grc' dir='ltr'><strong>τις</strong></span> <span class='ocrx_word' id='word_1_717' title='bbox 3219 4056 3293 4126; x_wconf 77' lang='grc' dir='ltr'>μὴ</span> <span class='ocrx_word' id='word_1_718' title='bbox 3325 4057 3684 4125; x_wconf 83' lang='grc' dir='ltr'>μαινόμενος,</span> 
     </span>
    </p>
   </div>
   <div class='ocr_carea' id='block_1_97' title="bbox 2102 4149 3689 4220">
    <p class='ocr_par' dir='ltr' id='par_1_97' title="bbox 2102 4149 3689 4220">
     <span class='ocr_line' id='line_1_97' title="bbox 2102 4149 3689 4220; baseline -0.002 -16"><span class='ocrx_word' id='word_1_719' title='bbox 2102 4159 2162 4210; x_wconf 80' lang='grc' dir='ltr'>οὐ</span> <span class='ocrx_word' id='word_1_720' title='bbox 2196 4151 2257 4204; x_wconf 76' lang='grc' dir='ltr'><strong>τὸ</strong></span> <span class='ocrx_word' id='word_1_721' title='bbox 2283 4150 2500 4204; x_wconf 83' lang='grc' dir='ltr'>κτιστὺν</span> <span class='ocrx_word' id='word_1_722' title='bbox 2529 4149 2607 4220; x_wconf 82' lang='grc' dir='ltr'>τῷ</span> <span class='ocrx_word' id='word_1_723' title='bbox 2652 4150 2894 4219; x_wconf 87' lang='grc' dir='ltr'>ἀκτίστῳ</span> <span class='ocrx_word' id='word_1_724' title='bbox 2936 4151 3032 4202; x_wconf 68' lang='lat' dir='ltr'><strong>xui.</strong></span> <span class='ocrx_word' id='word_1_725' title='bbox 3080 4150 3273 4218; x_wconf 79' lang='grc' dir='ltr'>κτίστῃ</span> <span class='ocrx_word' id='word_1_726' title='bbox 3326 4149 3450 4199; x_wconf 79' lang='grc' dir='ltr'>κατ’</span> <span class='ocrx_word' id='word_1_727' title='bbox 3492 4149 3689 4202; x_wconf 78' lang='grc' dir='ltr'>οὐσίαν</span> 
     </span>
    </p>
   </div>
   <div class='ocr_carea' id='block_1_98' title="bbox 2105 4237 3688 4311">
    <p class='ocr_par' dir='ltr' id='par_1_98' title="bbox 2105 4237 3688 4311">
     <span class='ocr_line' id='line_1_98' title="bbox 2105 4237 3688 4311; baseline -0.002 -17"><span class='ocrx_word' id='word_1_728' title='bbox 2105 4241 2321 4305; x_wconf 78' lang='grc' dir='ltr'>ταύτὸν,</span> <span class='ocrx_word' id='word_1_729' title='bbox 2344 4241 2465 4294; x_wconf 81' lang='grc' dir='ltr'><strong>οὐδὲ</strong></span> <span class='ocrx_word' id='word_1_730' title='bbox 2489 4241 2551 4293; x_wconf 83' lang='grc' dir='ltr'>τὸ</span> <span class='ocrx_word' id='word_1_731' title='bbox 2581 4241 2742 4311; x_wconf 82' lang='grc' dir='ltr'>σῶμα</span> <span class='ocrx_word' id='word_1_732' title='bbox 2761 4240 2839 4310; x_wconf 83' lang='grc' dir='ltr'><strong>τῷ</strong></span> <span class='ocrx_word' id='word_1_733' title='bbox 2866 4239 3164 4310; x_wconf 80' lang='grc' dir='ltr'>ἀσωμάτῳ,</span> <span class='ocrx_word' id='word_1_734' title='bbox 3199 4238 3320 4290; x_wconf 80' lang='grc' dir='ltr'><strong>οὐδὲ</strong></span> <span class='ocrx_word' id='word_1_735' title='bbox 3352 4238 3412 4290; x_wconf 78' lang='grc' dir='ltr'>τὸ</span> <span class='ocrx_word' id='word_1_736' title='bbox 3438 4237 3458 4275; x_wconf 74' lang='grc' dir='ltr'><em>τ</em></span> <span class='ocrx_word' id='word_1_737' title='bbox 3487 4274 3504 4291; x_wconf 92' lang='grc'><strong>.</strong></span> <span class='ocrx_word' id='word_1_738' title='bbox 3526 4277 3538 4289; x_wconf 94' lang='grc'><strong>.</strong></span> <span class='ocrx_word' id='word_1_739' title='bbox 3562 4276 3580 4290; x_wconf 94' lang='grc'><strong>.</strong></span> <span class='ocrx_word' id='word_1_740' title='bbox 3599 4277 3615 4291; x_wconf 93' lang='grc'><strong>.</strong></span> <span class='ocrx_word' id='word_1_741' title='bbox 3638 4277 3652 4291; x_wconf 95' lang='grc'><strong>.</strong></span> <span class='ocrx_word' id='word_1_742' title='bbox 3672 4276 3688 4291; x_wconf 94' lang='grc'><strong>.</strong></span> 
     </span>
    </p>
   </div>
   <div class='ocr_carea' id='block_1_99' title="bbox 2107 4329 3690 4403">
    <p class='ocr_par' dir='ltr' id='par_1_99' title="bbox 2107 4329 3690 4403">
     <span class='ocr_line' id='line_1_99' title="bbox 2107 4329 3690 4403; baseline -0.004 -15"><span class='ocrx_word' id='word_1_743' title='bbox 2107 4332 2186 4402; x_wconf 80' lang='grc' dir='ltr'>τῷ</span> <span class='ocrx_word' id='word_1_744' title='bbox 2220 4333 2466 4403; x_wconf 81' lang='grc' dir='ltr'>ἁνάρχῳ,</span> <span class='ocrx_word' id='word_1_745' title='bbox 2491 4331 2662 4401; x_wconf 78' lang='grc' dir='ltr'>Ἀλλη</span> <span class='ocrx_word' id='word_1_746' title='bbox 2689 4331 2852 4402; x_wconf 83' lang='grc' dir='ltr'>φύσις</span> <span class='ocrx_word' id='word_1_747' title='bbox 2889 4332 2983 4385; x_wconf 74' lang='grc' dir='ltr'>οὖν</span> <span class='ocrx_word' id='word_1_748' title='bbox 3011 4333 3126 4383; x_wconf 85' lang='grc' dir='ltr'>ὲστι</span> <span class='ocrx_word' id='word_1_749' title='bbox 3152 4330 3252 4400; x_wconf 74' lang='grc' dir='ltr'>τῆς</span> <span class='ocrx_word' id='word_1_750' title='bbox 3284 4329 3564 4397; x_wconf 75' lang='grc' dir='ltr'>θεότητος,</span> <span class='ocrx_word' id='word_1_751' title='bbox 3596 4331 3690 4382; x_wconf 70' lang='grc' dir='ltr'>καὶ</span> 
     </span>
    </p>
   </div>
   <div class='ocr_carea' id='block_1_100' title="bbox 2109 4420 3692 4493">
    <p class='ocr_par' dir='ltr' id='par_1_100' title="bbox 2109 4420 3692 4493">
     <span class='ocr_line' id='line_1_100' title="bbox 2109 4420 3692 4493; baseline -0.004 -17"><span class='ocrx_word' id='word_1_752' title='bbox 2109 4422 2269 4493; x_wconf 77' lang='grc' dir='ltr'>ἑτέρα</span> <span class='ocrx_word' id='word_1_753' title='bbox 2304 4423 2402 4492; x_wconf 83' lang='grc' dir='ltr'>τῆς</span> <span class='ocrx_word' id='word_1_754' title='bbox 2437 4422 2875 4492; x_wconf 83' lang='grc' dir='ltr'>ἀνθρωπότητος,</span> <span class='ocrx_word' id='word_1_755' title='bbox 2906 4423 2998 4475; x_wconf 67' lang='grc' dir='ltr'>καὶ</span> <span class='ocrx_word' id='word_1_756' title='bbox 3033 4421 3128 4475; x_wconf 78' lang='grc' dir='ltr'>δύο</span> <span class='ocrx_word' id='word_1_757' title='bbox 3163 4420 3353 4490; x_wconf 86' lang='grc' dir='ltr'>φύσεις</span> <span class='ocrx_word' id='word_1_758' title='bbox 3391 4421 3551 4474; x_wconf 79' lang='grc' dir='ltr'>εἰσίν.</span> <span class='ocrx_word' id='word_1_759' title='bbox 3598 4421 3692 4471; x_wconf 82' lang='grc' dir='ltr'>Ἐκ</span> 
     </span>
    </p>
   </div>
   <div class='ocr_carea' id='block_1_101' title="bbox 2109 4511 3689 4584">
    <p class='ocr_par' dir='ltr' id='par_1_101' title="bbox 2109 4511 3689 4584">
     <span class='ocr_line' id='line_1_101' title="bbox 2109 4511 3689 4584; baseline -0.004 -16"><span class='ocrx_word' id='word_1_760' title='bbox 2109 4515 2363 4584; x_wconf 83' lang='grc' dir='ltr'>θεότητος</span> <span class='ocrx_word' id='word_1_761' title='bbox 2413 4514 2594 4568; x_wconf 89' lang='grc' dir='ltr'>τοίνυν</span> <span class='ocrx_word' id='word_1_762' title='bbox 2632 4515 2728 4568; x_wconf 77' lang='grc' dir='ltr'>καὶ</span> <span class='ocrx_word' id='word_1_763' title='bbox 2776 4513 3196 4584; x_wconf 82' lang='grc' dir='ltr'>ἁνθρωπότητο;</span> <span class='ocrx_word' id='word_1_764' title='bbox 3240 4511 3318 4564; x_wconf 85' lang='grc' dir='ltr'><strong>ῶν</strong></span> <span class='ocrx_word' id='word_1_765' title='bbox 3361 4514 3391 4563; x_wconf 86' lang='grc' dir='ltr'><strong>ό</strong></span> <span class='ocrx_word' id='word_1_766' title='bbox 3425 4511 3689 4580; x_wconf 71' lang='grc' dir='ltr'>Χριστὸς.</span> 
     </span>
    </p>
   </div>
   <div class='ocr_carea' id='block_1_102' title="bbox 2107 4600 3692 4674">
    <p class='ocr_par' dir='ltr' id='par_1_102' title="bbox 2107 4600 3692 4674">
     <span class='ocr_line' id='line_1_102' title="bbox 2107 4600 3692 4674; baseline -0.004 -16"><span class='ocrx_word' id='word_1_767' title='bbox 2107 4607 2173 4658; x_wconf 82' lang='grc' dir='ltr'>ἐκ</span> <span class='ocrx_word' id='word_1_768' title='bbox 2195 4604 2291 4658; x_wconf 89' lang='grc' dir='ltr'><strong>δύο</strong></span> <span class='ocrx_word' id='word_1_769' title='bbox 2321 4605 2541 4674; x_wconf 80' lang='grc' dir='ltr'>φύσεών</span> <span class='ocrx_word' id='word_1_770' title='bbox 2569 4607 2736 4660; x_wconf 79' lang='grc' dir='ltr'>ἐστιν.</span> <span class='ocrx_word' id='word_1_771' title='bbox 2761 4604 2824 4656; x_wconf 75' lang='lat' dir='ltr'><strong>Et</strong></span> <span class='ocrx_word' id='word_1_772' title='bbox 2848 4600 2940 4656; x_wconf 79' lang='grc' dir='ltr'>οὖν</span> <span class='ocrx_word' id='word_1_773' title='bbox 2969 4605 3032 4656; x_wconf 84' lang='lat' dir='ltr'><strong>tx</strong></span> <span class='ocrx_word' id='word_1_774' title='bbox 3067 4603 3319 4670; x_wconf 74' lang='grc' dir='ltr'>θεότητος</span> <span class='ocrx_word' id='word_1_775' title='bbox 3345 4603 3444 4654; x_wconf 81' lang='grc' dir='ltr'><strong>καί</strong></span> <span class='ocrx_word' id='word_1_776' title='bbox 3477 4603 3662 4669; x_wconf 78' lang='grc' dir='ltr'>ἁνθρω</span> <span class='ocrx_word' id='word_1_777' title='bbox 3681 4635 3692 4639; x_wconf 93' lang='grc'><strong><em>-</em></strong></span> 
     </span>
    </p>
   </div>
   <div class='ocr_carea' id='block_1_103' title="bbox 2115 4692 3689 4768">
    <p class='ocr_par' dir='ltr' id='par_1_103' title="bbox 2115 4692 3689 4768">
     <span class='ocr_line' id='line_1_103' title="bbox 2115 4692 3689 4768; baseline -0.006 -18"><span class='ocrx_word' id='word_1_778' title='bbox 2115 4698 2353 4768; x_wconf 88' lang='grc' dir='ltr'>πότητος</span> <span class='ocrx_word' id='word_1_779' title='bbox 2406 4697 2500 4750; x_wconf 77' lang='grc' dir='ltr'>καὶ</span> <span class='ocrx_word' id='word_1_780' title='bbox 2550 4697 2614 4749; x_wconf 78' lang='grc' dir='ltr'>ὲκ</span> <span class='ocrx_word' id='word_1_781' title='bbox 2659 4695 2752 4748; x_wconf 80' lang='grc' dir='ltr'><strong>δύο</strong></span> <span class='ocrx_word' id='word_1_782' title='bbox 2805 4695 3022 4762; x_wconf 78' lang='grc' dir='ltr'>φύσεων</span> <span class='ocrx_word' id='word_1_783' title='bbox 3079 4694 3170 4746; x_wconf 75' lang='grc' dir='ltr'><strong>τὸν</strong></span> <span class='ocrx_word' id='word_1_784' title='bbox 3205 4692 3439 4763; x_wconf 76' lang='grc' dir='ltr'>Χριστὸν</span> <span class='ocrx_word' id='word_1_785' title='bbox 3479 4693 3689 4758; x_wconf 78' lang='grc' dir='ltr'>λέγετε,</span> 
     </span>
    </p>
   </div>
   <div class='ocr_carea' id='block_1_104' title="bbox 2115 4783 3694 4856">
    <p class='ocr_par' dir='ltr' id='par_1_104' title="bbox 2115 4783 3694 4856">
     <span class='ocr_line' id='line_1_104' title="bbox 2115 4783 3694 4856; baseline -0.004 -17"><span class='ocrx_word' id='word_1_786' title='bbox 2115 4787 2307 4840; x_wconf 82' lang='grc' dir='ltr'>εἴπατε</span> <span class='ocrx_word' id='word_1_787' title='bbox 2340 4787 2472 4856; x_wconf 79' lang='grc' dir='ltr'>ἡμῖν</span> <span class='ocrx_word' id='word_1_788' title='bbox 2497 4802 2509 4816; x_wconf 75' lang='grc' dir='ltr'><strong>ο</strong></span> <span class='ocrx_word' id='word_1_789' title='bbox 2542 4787 2610 4838; x_wconf 74' lang='grc' dir='ltr'><strong>τὰ</strong></span> <span class='ocrx_word' id='word_1_790' title='bbox 2637 4785 2729 4837; x_wconf 84' lang='grc' dir='ltr'><strong>δύο</strong></span> <span class='ocrx_word' id='word_1_791' title='bbox 2758 4785 2951 4847; x_wconf 76' lang='grc' dir='ltr'>ταῦτα,</span> <span class='ocrx_word' id='word_1_792' title='bbox 2984 4785 3103 4854; x_wconf 73' lang='grc' dir='ltr'>ἢτοι</span> <span class='ocrx_word' id='word_1_793' title='bbox 3136 4784 3326 4852; x_wconf 80' lang='grc' dir='ltr'>θεότης</span> <span class='ocrx_word' id='word_1_794' title='bbox 3358 4784 3457 4834; x_wconf 77' lang='grc' dir='ltr'>καὶ</span> <span class='ocrx_word' id='word_1_795' title='bbox 3491 4783 3694 4850; x_wconf 80' lang='grc' dir='ltr'>ἁνθρω·</span> 
     </span>
    </p>
   </div>
   <div class='ocr_carea' id='block_1_105' title="bbox 2115 4877 3689 4950">
    <p class='ocr_par' dir='ltr' id='par_1_105' title="bbox 2115 4877 3689 4950">
     <span class='ocr_line' id='line_1_105' title="bbox 2115 4877 3689 4950; baseline -0.005 -17"><span class='ocrx_word' id='word_1_796' title='bbox 2115 4877 2320 4948; x_wconf 74' lang='grc' dir='ltr'>πότης,</span> <span class='ocrx_word' id='word_1_797' title='bbox 2364 4882 2421 4932; x_wconf 88' lang='lat' dir='ltr'><strong>tv</strong></span> <span class='ocrx_word' id='word_1_798' title='bbox 2455 4880 2533 4949; x_wconf 85' lang='grc' dir='ltr'>τῷ</span> <span class='ocrx_word' id='word_1_799' title='bbox 2564 4879 2782 4950; x_wconf 86' lang='grc' dir='ltr'>Χριστῴ</span> <span class='ocrx_word' id='word_1_800' title='bbox 2832 4880 2970 4931; x_wconf 80' lang='grc' dir='ltr'>εἰσιν</span> <span class='ocrx_word' id='word_1_801' title='bbox 2995 4918 3010 4939; x_wconf 90' lang='grc'><strong>,</strong></span> <span class='ocrx_word' id='word_1_802' title='bbox 3040 4878 3072 4948; x_wconf 85' lang='grc' dir='ltr'>ἢ</span> <span class='ocrx_word' id='word_1_803' title='bbox 3124 4877 3186 4930; x_wconf 76' lang='grc' dir='ltr'>οὗ</span> <span class='ocrx_word' id='word_1_804' title='bbox 3213 4894 3227 4941; x_wconf 91' lang='grc'><strong>;</strong></span> <span class='ocrx_word' id='word_1_805' title='bbox 3274 4878 3689 4945; x_wconf 73' lang='grc' dir='ltr'>Καταφὴςοιτε,</span> 
     </span>
    </p>
   </div>
   <div class='ocr_carea' id='block_1_106' title="bbox 2113 4965 3692 5044">
    <p class='ocr_par' dir='ltr' id='par_1_106' title="bbox 2113 4965 3692 5044">
     <span class='ocr_line' id='line_1_106' title="bbox 2113 4965 3692 5044; baseline -0.008 -18"><span class='ocrx_word' id='word_1_806' title='bbox 2113 4974 2273 5038; x_wconf 81' lang='grc' dir='ltr'>εἴπερ</span> <span class='ocrx_word' id='word_1_807' title='bbox 2333 4973 2407 5044; x_wconf 85' lang='grc' dir='ltr'>μὴ</span> <span class='ocrx_word' id='word_1_808' title='bbox 2450 4973 2633 5024; x_wconf 85' lang='grc' dir='ltr'>τέλεον</span> <span class='ocrx_word' id='word_1_809' title='bbox 2688 4970 2906 5025; x_wconf 77' lang='grc' dir='ltr'>ἀσεϐεῖν</span> <span class='ocrx_word' id='word_1_810' title='bbox 2957 4970 3295 5041; x_wconf 81' lang='grc' dir='ltr'>αἱρήσοισθε.</span> <span class='ocrx_word' id='word_1_811' title='bbox 3347 4969 3471 5030; x_wconf 87' lang='grc' dir='ltr'>Πῶς</span> <span class='ocrx_word' id='word_1_812' title='bbox 3511 4968 3604 5020; x_wconf 77' lang='grc' dir='ltr'>οὖν</span> <span class='ocrx_word' id='word_1_813' title='bbox 3633 4965 3692 5015; x_wconf 63' lang='grc' dir='ltr'>οὐ</span> 
     </span>
    </p>
   </div>
   <div class='ocr_carea' id='block_1_107' title="bbox 2113 5057 3730 5134">
    <p class='ocr_par' dir='ltr' id='par_1_107' title="bbox 2113 5057 3730 5134">
     <span class='ocr_line' id='line_1_107' title="bbox 2113 5057 3730 5134; baseline 0.01 -18"><span class='ocrx_word' id='word_1_814' title='bbox 2113 5063 2208 5117; x_wconf 86' lang='grc' dir='ltr'><strong>δύο</strong></span> <span class='ocrx_word' id='word_1_815' title='bbox 2259 5065 2454 5133; x_wconf 84' lang='grc' dir='ltr'>φύσεις</span> <span class='ocrx_word' id='word_1_816' title='bbox 2496 5065 2554 5117; x_wconf 83' lang='grc' dir='ltr'>ὲν</span> <span class='ocrx_word' id='word_1_817' title='bbox 2591 5063 2670 5134; x_wconf 80' lang='grc' dir='ltr'>τῷ</span> <span class='ocrx_word' id='word_1_818' title='bbox 2709 5062 2936 5134; x_wconf 79' lang='grc' dir='ltr'>Χριστῷ</span> <span class='ocrx_word' id='word_1_819' title='bbox 2986 5063 3204 5128; x_wconf 80' lang='grc' dir='ltr'>λέγετε;</span> <span class='ocrx_word' id='word_1_820' title='bbox 3239 5060 3302 5114; x_wconf 71' lang='grc' dir='ltr'>Εἰ</span> <span class='ocrx_word' id='word_1_821' title='bbox 3330 5061 3442 5131; x_wconf 69' lang='grc' dir='ltr'>γὰρ</span> <span class='ocrx_word' id='word_1_822' title='bbox 3477 5062 3543 5112; x_wconf 68' lang='grc' dir='ltr'>ὲκ</span> <span class='ocrx_word' id='word_1_823' title='bbox 3577 5057 3693 5110; x_wconf 48' lang='grc' dir='ltr'><strong>θεὼ</strong></span> <span class='ocrx_word' id='word_1_824' title='bbox 3723 5119 3730 5134; x_wconf 84' lang='grc'><strong>.</strong></span> 
     </span>
    </p>
   </div>
   <div class='ocr_carea' id='block_1_108' title="bbox 2116 5147 3692 5224">
    <p class='ocr_par' dir='ltr' id='par_1_108' title="bbox 2116 5147 3692 5224">
     <span class='ocr_line' id='line_1_108' title="bbox 2116 5147 3692 5224; baseline -0.006 -18"><span class='ocrx_word' id='word_1_825' title='bbox 2116 5171 2279 5224; x_wconf 86' lang='grc' dir='ltr'>τητος</span> <span class='ocrx_word' id='word_1_826' title='bbox 2327 5155 2423 5206; x_wconf 64' lang='grc' dir='ltr'><strong>καὶ⁹</strong></span> <span class='ocrx_word' id='word_1_827' title='bbox 2465 5153 2886 5220; x_wconf 84' lang='grc' dir='ltr'>ἀνθρωπότητος</span> <span class='ocrx_word' id='word_1_828' title='bbox 2936 5153 3028 5204; x_wconf 75' lang='grc' dir='ltr'>τὸν</span> <span class='ocrx_word' id='word_1_829' title='bbox 3063 5151 3298 5219; x_wconf 82' lang='grc' dir='ltr'>Χριστὸν</span> <span class='ocrx_word' id='word_1_830' title='bbox 3344 5148 3599 5215; x_wconf 53' lang='grc' dir='ltr'>λέγοντες</span> <span class='ocrx_word' id='word_1_831' title='bbox 3632 5147 3692 5198; x_wconf 77' lang='grc' dir='ltr'>ὲκ</span> 
     </span>
    </p>
   </div>
   <div class='ocr_carea' id='block_1_109' title="bbox 2117 5239 3692 5313">
    <p class='ocr_par' dir='ltr' id='par_1_109' title="bbox 2117 5239 3692 5313">
     <span class='ocr_line' id='line_1_109' title="bbox 2117 5239 3692 5313; baseline -0.007 -18"><span class='ocrx_word' id='word_1_832' title='bbox 2117 5243 2210 5295; x_wconf 82' lang='grc' dir='ltr'>δύο</span> <span class='ocrx_word' id='word_1_833' title='bbox 2254 5242 2474 5311; x_wconf 82' lang='grc' dir='ltr'>φύσεων</span> <span class='ocrx_word' id='word_1_834' title='bbox 2495 5283 2509 5306; x_wconf 97' lang='grc'><strong>,</strong></span> <span class='ocrx_word' id='word_1_835' title='bbox 2555 5243 2720 5296; x_wconf 77' lang='grc' dir='ltr'>αὑτὸν</span> <span class='ocrx_word' id='word_1_836' title='bbox 2751 5243 3060 5313; x_wconf 86' lang='grc' dir='ltr'>ὁμολογεῖτε</span> <span class='ocrx_word' id='word_1_837' title='bbox 3084 5279 3100 5305; x_wconf 85' lang='grc'><strong>,</strong></span> <span class='ocrx_word' id='word_1_838' title='bbox 3135 5243 3229 5294; x_wconf 72' lang='grc' dir='ltr'><strong>καὶ</strong></span> <span class='ocrx_word' id='word_1_839' title='bbox 3258 5242 3373 5293; x_wconf 76' lang='grc' dir='ltr'>ἴσον</span> <span class='ocrx_word' id='word_1_840' title='bbox 3403 5240 3533 5308; x_wconf 77' lang='grc' dir='ltr'>παρ’</span> <span class='ocrx_word' id='word_1_841' title='bbox 3567 5239 3692 5305; x_wconf 79' lang='grc' dir='ltr'>ὑμῖν</span> 
     </span>
    </p>
   </div>
   <div class='ocr_carea' id='block_1_110' title="bbox 2116 5326 3688 5406">
    <p class='ocr_par' dir='ltr' id='par_1_110' title="bbox 2116 5326 3688 5406">
     <span class='ocr_line' id='line_1_110' title="bbox 2116 5326 3688 5406; baseline -0.005 -20"><span class='ocrx_word' id='word_1_842' title='bbox 2116 5335 2342 5388; x_wconf 83' lang='grc' dir='ltr'>δύναται</span> <span class='ocrx_word' id='word_1_843' title='bbox 2371 5334 2434 5388; x_wconf 84' lang='grc' dir='ltr'>τὸ</span> <span class='ocrx_word' id='word_1_844' title='bbox 2461 5335 2526 5388; x_wconf 86' lang='grc' dir='ltr'>ὲκ</span> <span class='ocrx_word' id='word_1_845' title='bbox 2549 5335 2804 5406; x_wconf 85' lang='grc' dir='ltr'>θεότητος</span> <span class='ocrx_word' id='word_1_846' title='bbox 2829 5335 2923 5387; x_wconf 71' lang='grc' dir='ltr'>καὶ</span> <span class='ocrx_word' id='word_1_847' title='bbox 2951 5333 3370 5404; x_wconf 85' lang='grc' dir='ltr'>ἀνθρωπότητος</span> <span class='ocrx_word' id='word_1_848' title='bbox 3392 5331 3470 5399; x_wconf 84' lang='grc' dir='ltr'>τῷ</span> <span class='ocrx_word' id='word_1_849' title='bbox 3504 5332 3566 5381; x_wconf 82' lang='grc' dir='ltr'>ἐκ</span> <span class='ocrx_word' id='word_1_850' title='bbox 3597 5326 3688 5380; x_wconf 70' lang='grc' dir='ltr'><strong>δύο</strong></span> 
     </span>
    </p>
   </div>
   <div class='ocr_carea' id='block_1_111' title="bbox 2119 5419 3692 5498">
    <p class='ocr_par' dir='ltr' id='par_1_111' title="bbox 2119 5419 3692 5498">
     <span class='ocr_line' id='line_1_111' title="bbox 2119 5419 3692 5498; baseline -0.006 -19"><span class='ocrx_word' id='word_1_851' title='bbox 2119 5424 2358 5494; x_wconf 78' lang='grc' dir='ltr'>φύσεων,</span> <span class='ocrx_word' id='word_1_852' title='bbox 2384 5425 2500 5490; x_wconf 86' lang='grc' dir='ltr'><strong>πῶς</strong></span> <span class='ocrx_word' id='word_1_853' title='bbox 2527 5425 2757 5498; x_wconf 84' lang='grc' dir='ltr'>θεότητα</span> <span class='ocrx_word' id='word_1_854' title='bbox 2785 5425 2878 5481; x_wconf 72' lang='grc' dir='ltr'>καὶ</span> <span class='ocrx_word' id='word_1_855' title='bbox 2908 5425 3308 5496; x_wconf 79' lang='grc' dir='ltr'>ἀνθρωπότητα</span> <span class='ocrx_word' id='word_1_856' title='bbox 3345 5424 3436 5476; x_wconf 76' lang='grc' dir='ltr'>τὸν</span> <span class='ocrx_word' id='word_1_857' title='bbox 3461 5419 3692 5491; x_wconf 81' lang='grc' dir='ltr'>Χριστὸν</span> 
     </span>
    </p>
   </div>
   <div class='ocr_carea' id='block_1_112' title="bbox 1723 5574 2403 5637">
    <p class='ocr_par' dir='ltr' id='par_1_112' title="bbox 1723 5574 2403 5637">
     <span class='ocr_line' id='line_1_112' title="bbox 1723 5574 2403 5637; baseline 0.012 -9"><span class='ocrx_word' id='word_1_858' title='bbox 1723 5574 1963 5632; x_wconf 68' lang='grc' dir='ltr'>νΑιιιΑι</span> <span class='ocrx_word' id='word_1_859' title='bbox 1998 5579 2403 5637; x_wconf 84' lang='lat' dir='ltr'><strong>LECTIONES.</strong></span> 
     </span>
    </p>
   </div>
   <div class='ocr_carea' id='block_1_113' title="bbox 516 5689 1912 5766">
    <p class='ocr_par' dir='ltr' id='par_1_113' title="bbox 516 5689 1912 5766">
     <span class='ocr_line' id='line_1_113' title="bbox 516 5689 1912 5766; baseline -0.004 -18"><span class='ocrx_word' id='word_1_860' title='bbox 516 5692 536 5735; x_wconf 72' lang='grc' dir='ltr'><strong>ί</strong></span> <span class='ocrx_word' id='word_1_861' title='bbox 577 5694 720 5766; x_wconf 69' lang='lat' dir='ltr'><strong>Lego</strong></span> <span class='ocrx_word' id='word_1_862' title='bbox 755 5696 1073 5765; x_wconf 75' lang='grc' dir='ltr'>ἁργόμενον.</span> <span class='ocrx_word' id='word_1_863' title='bbox 1109 5693 1273 5748; x_wconf 90' lang='lat' dir='ltr'><strong>Turr.</strong></span> <span class='ocrx_word' id='word_1_864' title='bbox 1332 5706 1492 5760; x_wconf 73' lang='lat' dir='ltr'><strong>neque</strong></span> <span class='ocrx_word' id='word_1_865' title='bbox 1545 5689 1682 5758; x_wconf 85' lang='lat' dir='ltr'><strong>quod</strong></span> <span class='ocrx_word' id='word_1_866' title='bbox 1738 5689 1912 5757; x_wconf 70' lang='lat' dir='ltr'><strong>cwpit.</strong></span> 
     </span>
    </p>
   </div>
  </div>
