3962 6202
286 304 400 372 1445

1449 309 1747 371 CONTRA
1801 309 2220 374 JACOBITAS-

281 417 510 484 λέγοντες
545 416 638 468 καὶ
687 414 824 484 μετὰ
856 414 955 484 τὴν
999 413 1196 467 ἕνωσιν
1217 451 1233 476 ,
1264 413 1360 467 καὶ
1403 415 1460 466 ὲν
1489 413 1703 485 θεότητι
1733 416 1826 468 καὶ

1939 415 2142 473 luabus
2185 423 2400 476 naturis
2447 422 2627 493 ipsum
2683 437 2806 478 esse
2841 425 3214 490 conﬁtemini,
3248 425 3504 496 idemque

282 507 661 577 ἀνθρωπότητι,
691 505 752 557 οὑ
783 505 875 558 δύο
902 505 1093 574 φύσεις
1116 505 1279 557 αὑτὸν
1309 504 1404 558 καὶ¹
1434 506 1492 557 ὲν
1517 505 1670 558 δυσὶν
1698 507 1827 574 ὁμο-

281 598 519 668 λογήσετε
556 596 779 665 φύσεσιν
796 613 810 660 ;

1934 511 2082 577 apud
2112 527 2209 565 vos
2253 513 2394 567 valet
2432 530 2496 568 ex
2539 513 2833 570 divinitate
2869 525 2924 569 et
2960 515 3310 572 immanitate
3345 532 3503 580 csse,

1936 609 2101 669 atque
2152 617 2219 656 ex
2277 607 2492 660 naturis
2550 606 2812 671 duabus;
2869 622 3078 675 quare,
3139 626 3262 663 cum
3303 609 3505 665 dicatis

281 691 537 747 Christum
569 688 914 742 divinitatem
951 683 1460 751 humanitatemque
1501 698 1625 739 esse
1662 684 1826 738 etiam
1847 696 1992 776 Apost
2023 692 2326 747 unitionem
2350 737 2364 758 ,
2400 703 2562 750 atque
2596 698 2651 748 in
2681 695 2973 750 divinitate
3035 708 3086 751 et
3145 698 3504 776 humanitate,

279 801 374 839 non
409 783 584 852 ipsum
635 780 788 835 duas,
816 788 1078 841 naturas,
1129 786 1183 829 et
1227 777 1282 829 in
1325 776 1540 830 duabus
1587 774 1803 827 naturis
1839 771 2140 838 fateamini.

341 896 414 932 ιε.
454 879 518 930 Ei
557 877 622 929 οὑ
655 875 850 930 ταύτὸν
887 873 1080 941 Θεότης
1113 871 1208 925 καὶ
1234 869 1593 940 ἁνθρωπότης
1615 909 1628 932 ,
1655 866 1730 928 ὡς
1768 865 1827 916 ὲν

278 973 504 1040 ποιότητι
551 969 753 1036 φυσικῇ
779 1005 792 1029 ,
840 965 969 1018 ἄλλο
999 964 1055 1016 δὲ
1088 961 1185 1016 καὶ
1237 961 1364 1016 ἄλλο
1384 1000 1399 1025 ,
1433 961 1618 1028 ἕτερον
1647 957 1706 1010 δὲ
1731 955 1826 1010 καὶ

274 1064 473 1132 ἕτερον,
517 1059 793 1112 σκοπείτω
829 1059 935 1120 πᾶς
981 1073 1064 1118 τις
1109 1056 1169 1108 εὖ
1203 1054 1451 1124 φρονῶν,
1497 1053 1545 1105 εί
1583 1050 1644 1104 τὸ
1698 1049 1824 1104 ἄλλο

273 1153 400 1207 κατὰ
439 1151 600 1220 φύσιν
640 1151 735 1202 καὶ
775 1148 934 1214 ἄλλο,
983 1148 1040 1200 ἓν
1075 1149 1197 1200 κατ’
1226 1146 1448 1208 οὐσίαν,
1495 1146 1590 1197 καὶ
1631 1143 1690 1194 οὑ
1733 1141 1826 1194 δύο

273 1247 414 1308 είσὶν,
453 1245 501 1298 εί
527 1244 585 1297 δὲ
613 1242 724 1304 δύο,
760 1242 854 1295 καὶ
889 1241 988 1309 οὐχ
1018 1239 1097 1303 ἓν,
1141 1238 1331 1308 φύσεις
1361 1237 1560 1307 δηλαδή
1583 1253 1595 1265 ·
1629 1236 1690 1288 τὸ
1715 1236 1824 1304 γὰρ

273 1339 405 1399 ἄλλο,
451 1338 612 1404 φύσιν
643 1333 824 1404 δηλοῖ.
859 1333 934 1394 ὡς
968 1333 1017 1385 οἱ
1053 1331 1182 1401 περὶ
1224 1329 1396 1382 ταῦτα
1437 1329 1592 1396 σοφοὶ
1623 1327 1826 1395 διειλήσ-

272 1446 410 1498 φασι.
445 1426 610 1489 Φύσις
635 1426 692 1478 δὲ
726 1426 820 1478 καὶ¹
846 1424 1010 1492 φύσις
1042 1423 1140 1492 μία
1174 1422 1342 1483 ἐστὶν,
1377 1421 1408 1490 ἢ
1441 1419 1532 1472 δύο
1559 1437 1572 1485 ;
1601 1417 1704 1472 Δύο
1731 1418 1826 1488 δῆ-

270 1521 371 1576 λον.
402 1520 517 1574 Μία
547 1518 654 1590 γὰρ
687 1517 781 1570 καὶ
814 1517 912 1586 μία
933 1555 946 1580 ,
986 1517 1080 1568 καὶ
1108 1518 1220 1576 τοῖς
1251 1513 1463 1582 νηπίοις
1506 1511 1664 1580 δῆλον
1685 1550 1700 1576 ,
1750 1510 1825 1573 ὡς

270 1613 358 1667 δύο
384 1612 540 1665 είσίν.

337 1795 423 1855 ις’.
467 1789 530 1842 El.
557 1787 614 1841 δέ
643 1804 779 1857 φατε
809 1785 876 1839 τὰ
909 1783 1175 1854 ἑνούμενα
1207 1784 1266 1836 ἓν
1306 1777 1478 1836 εἶναι·
1521 1781 1634 1835 ἀλλ’
1659 1781 1828 1835 ἀκού-

271 1896 424 1944 σατε,
475 1881 558 1933 ὅτι
610 1877 679 1931 τὰ
723 1877 987 1947 ἐνούμενα
1040 1876 1102 1928 οὑ
1157 1875 1300 1928 κατὰ
1349 1876 1526 1928 πάντα
1573 1875 1632 1926 ἓν
1665 1876 1826 1936 εἰσιν,

270 1967 394 2021 ἀλλὰ
413 1965 547 2020 καθὸ
576 1966 832 2036 ἦνωνται.
861 1966 922 2018 Εἰ
961 1965 1069 2035 γὰρ
1095 1963 1163 2016 τὰ
1188 1964 1453 2034 ὲνοὺμενα
1483 1963 1623 2018 κατὰ
1655 1964 1831 2017 πάντα

269 2057 325 2111 ἓν
355 2059 486 2111 εἰσιν
510 2099 524 2124 ,
571 2057 760 2127 ἐπειδὴ
816 2057 874 2122 ἐξ
913 2055 1182 2123 ἀνομοίων
1223 2056 1437 2124 φύσεων
1481 2058 1510 2108 ὁ
1540 2055 1828 2126 ἄνθρωπος

271 2151 564 2218 σύγκειται,
609 2150 822 2220 ἀνάγκη
867 2148 1048 2217 λέγειν
1089 2147 1164 2212 ὡς
1194 2147 1340 2219 ψυχὴ
1372 2149 1465 2201 καὶ
1497 2147 1658 2218 σῶμα
1687 2145 1828 2200 κατὰ

269 2243 437 2296 πάντα
466 2242 524 2295 ἓν
551 2243 677 2306 είσι,
709 2243 802 2294 καὶ
827 2240 981 2294 ἔσται
1023 2239 1084 2292 τὸ
1111 2238 1398 2309 ἀσώματον
1429 2240 1608 2308 σῶμα,
1645 2239 1739 2292 καὶ
1767 2237 1830 2289 τὸ

270 2334 420 2403 σῶμα
466 2333 792 2404 ἀσώματονο
854 2332 950 2384 καὶ
995 2331 1185 2401 ἐπειδὴ
1233 2331 1425 2400 Θεότης
1485 2329 1577 2383 καὶ
1617 2329 1830 2398 ἀνθρω-

270 2424 432 2494 πότης
474 2425 746 2494 ἥνωνται,
802 2423 1015 2476 ἔσονται
1069 2421 1126 2474 ἓν
1201 2423 1344 2475 κατὰ
1417 2420 1516 2488 τὴν
1595 2419 1826 2490 οὑσιώδη

268 2516 538 2588 διαφορὰν,
573 2517 667 2570 καὶ
699 2515 732 2587 ἢ
763 2515 824 2569 τὸ
858 2515 1001 2570 θεῖον
1040 2513 1276 2577 κτιστὸν,
1321 2513 1354 2584 ἢ
1403 2513 1465 2566 τὸ
1489 2512 1829 2584 ἀνθρώπινον

265 2606 529 2662 ἄκτιστον.

330 2869 413 2936 ιζ’.
452 2872 517 2924 Ei
549 2870 618 2923 τὰ
663 2868 927 2938 ὲνοὺμενα
969 2866 1028 2919 ἓν
1063 2867 1169 2919 εἰσι
1215 2865 1358 2919 κατὰ
1407 2865 1620 2929 πάντα,
1664 2866 1727 2919 τὸ
1773 2867 1828 2919 δὲ

261 2962 416 3032 σῶμα
443 2960 502 3024 ἐξ
527 2960 789 3014 ἐναντίων
819 2958 1120 3027 ποιοτήτων
1156 2955 1456 3024 σύγκειται,
1489 2956 1721 3026 ἐροῦμεν
1753 2956 1829 3018 ὼς

2008 871 2094 926 15.
2139 872 2197 928 Si
2234 873 2499 929 divinitas
2538 884 2591 929 et
2613 875 2931 929 humanitas
2962 875 3104 930 idem
3135 892 3242 929 non
3274 886 3402 930 sunt
3436 880 3506 933 ob

1933 964 2242 1016 naturalem
2272 964 2595 1032 qualitatem
2626 978 2816 1028 suam,
2867 964 2964 1016 sed
3022 965 3167 1015 aliud
3220 974 3274 1017 et
3321 966 3505 1031 aliud,

1934 1052 2213 1108 diversum
2264 1064 2320 1109 et
2371 1055 2690 1120 diversum;
2750 1056 3001 1108 advertat
3055 1057 3308 1124 quisquis
3363 1073 3508 1112 sanm

1934 1149 2138 1201 mentis
2168 1157 2288 1206 est,
2329 1163 2396 1200 an
2429 1147 2578 1200 aliud
2611 1155 2666 1200 et
2699 1145 2851 1199 aliud
2890 1147 3195 1200 secundum
3226 1157 3508 1213 naturam,

1934 1253 2105 1290 unum
2157 1249 2353 1291 natura
2403 1238 2552 1300 sint,
2601 1243 2656 1289 et
2707 1250 2812 1288 non
2865 1235 2995 1288 duo.
3053 1234 3147 1287 Sin
3182 1245 3363 1290 autem
3401 1235 3511 1289 duo

1931 1326 2039 1396 (de
2067 1328 2280 1381 naturis
2309 1327 2589 1395 loquor),
2624 1326 2784 1395 plane
2832 1342 2938 1380 non
2986 1341 3172 1379 unam.
3223 1325 3509 1395 Siquidem

1932 1418 2078 1472 aliud
2112 1429 2361 1472 naturam
2397 1418 2674 1486 signiﬁcat
2696 1457 2711 1480 ,
2741 1427 2798 1470 ut
2826 1419 3100 1487 ejusmodi
3137 1433 3322 1472 rerum
3353 1419 3509 1486 periti

1937 1509 2310 1564 tradiderunt.
2351 1509 2607 1564 Jamvero
2663 1520 2858 1562 natura
2889 1518 2942 1563 et
2975 1519 3173 1563 natura
3196 1551 3210 1576 ,
3258 1511 3511 1579 nunquid

1935 1615 2048 1653 una
2079 1610 2200 1665 est,
2233 1610 2286 1654 et
2323 1615 2431 1653 non
2466 1599 2621 1654 duo?
2665 1599 2774 1653 duo
2817 1600 3090 1669 profecto.
3126 1601 3246 1656 Una
3277 1602 3424 1655 enim
3460 1609 3515 1655 et

1860 1703 1902 1759 Β
1935 1705 2042 1743 una
2065 1731 2080 1756 ,
2118 1699 2176 1743 ut
2207 1690 2289 1745 vel
2324 1691 2479 1758 pueri
2513 1700 2748 1754 norunt,
2783 1690 2906 1744 dua:
2937 1699 3086 1746 sunt.

2001 1780 2090 1835 16.
2136 1780 2232 1835 Sin
2266 1789 2449 1835 autem
2484 1781 2668 1836 dicitis
2701 1797 2765 1836 ea
2797 1797 2917 1851 quae
2951 1785 3105 1836 unita
3142 1792 3307 1848 sunt,
3344 1799 3512 1838 unum

1929 1885 2094 1935 esse;
2126 1871 2313 1925 audite
2344 1879 2566 1935 tamen,
2605 1887 2666 1926 ea
2701 1888 2824 1942 qua:
2859 1874 3012 1926 unita
3047 1882 3210 1940 sunt,
3250 1890 3359 1929 non
3384 1889 3513 1928 -om-

1932 1962 2098 2016 nibus
2134 1962 2315 2018 modis
2349 1978 2517 2016 unum
2553 1977 2700 2028 esse,
2733 1964 2826 2017 sed
2854 1971 3130 2031 quatenus
3157 1965 3309 2018 unita
3337 1973 3468 2019 sunt
3496 1981 3510 2016 :

1931 2053 2065 2108 Nam
2098 2055 2179 2120 si,
2218 2071 2341 2124 qua:
2379 2055 2533 2110 unita
2570 2063 2701 2111 sunt
2725 2095 2740 2120 ,
2789 2072 2884 2126 per
2915 2056 3099 2110 omnia
3137 2071 3303 2109 unum
3353 2063 3510 2122 sunt,

1931 2148 2062 2219 quia
2092 2149 2258 2202 homo
2282 2164 2348 2202 ex
2381 2148 2746 2203 dissimilibus
2778 2149 2993 2203 naturis
3017 2148 3362 2217 compositus
3393 2157 3512 2210 est,

1931 2253 2222 2293 necessum
2262 2239 2380 2292 erit
2431 2239 2619 2294 dicere
2641 2280 2655 2304 ,
2687 2240 2832 2309 quod
2875 2240 3054 2292 anima
3087 2249 3140 2293 et
3170 2255 3374 2308 corpus
3418 2254 3517 2308 per

1930 2331 2117 2383 omnia
2144 2344 2315 2383 unum
2343 2330 2455 2383 sint
2482 2348 2496 2383 :
2527 2329 2775 2399 adeoque
2807 2329 2954 2400 quod
2989 2331 3375 2398 incorporeum
3405 2337 3512 2395 est,

1931 2419 2067 2474 illud
2104 2433 2305 2488 corpus
2336 2419 2474 2482 erit,
2504 2427 2561 2473 et
2601 2433 2814 2489 corpus
2839 2461 2852 2483 ,
2898 2422 3304 2487 incorporeum.
3349 2415 3514 2472 Item-

1929 2527 2038 2582 que
2062 2512 2191 2580 quia
2216 2511 2481 2566 divinitas
2506 2521 2558 2566 et
2591 2511 2905 2566 humanitas
2937 2513 3103 2566 unita:
3130 2519 3281 2572 sunt,
3306 2511 3517 2566 idcirco

1931 2618 2103 2657 unum
2134 2611 2297 2657 erunt
2327 2603 2627 2656 secundum
2659 2603 3082 2657 substantialem
3109 2602 3472 2656 dill‘erentiam
3495 2640 3512 2667 ,

1930 2703 1992 2748 ut
2025 2693 2172 2762 quod
2205 2693 2452 2747 divinum
2484 2702 2602 2757 cst,
2639 2707 2887 2749 creatum
2920 2694 3027 2756 sit,
3059 2701 3113 2745 et
3143 2692 3286 2762 quod
3319 2692 3516 2745 huma-

1931 2799 2062 2838 num
2081 2825 2095 2849 ,
2129 2785 2455 2840 increatum.

2003 2876 2090 2929 17.
2136 2874 2191 2929 Si
2221 2892 2342 2945 qua:
2373 2877 2525 2928 unita
2553 2880 2721 2937 sunt,
2751 2872 2900 2925 omni
2939 2871 3103 2925 modo
3137 2887 3306 2925 ιιιιιιιη
3341 2879 3508 2927 sunt:

1933 2981 2135 3036 corpus
2169 2982 2297 3021 vero
2322 2983 2387 3020 ex
2417 2966 2718 3018 contrariis
2744 2963 3115 3030 qualitatibus
3145 2963 3512 3030 compositum

259 3054 529 3125 Θερμότης
558 3052 652 3105 καὶ
674 3050 834 3118 ψύξις
861 3051 1077 3114 ταύτὸν,
1110 3051 1203 3103 καὶ
1233 3049 1465 3120 ξηρότης
1518 3049 1609 3101 καὶ
1664 3048 1826 3117 ὑγρό-

1939 3068 2035 3122 est,
2057 3059 2350 3113 dicendum
2376 3057 2537 3111 nobis
2563 3058 2689 3119 erit,
2716 3057 2952 3109 calorem
2976 3063 3028 3108 et
3054 3054 3229 3124 frigus
3251 3054 3391 3108 idem
3423 3070 3514 3110 es-

256 3158 357 3212 της
409 3139 609 3211 ὁμοίως
678 3139 910 3192 ταὺτόν·
970 3139 1067 3190 καὶ
1129 3138 1331 3208 Πέτρος
1390 3139 1485 3191 καὶ
1547 3137 1824 3206 Ἰωάννης,

257 3230 444 3299 ἐπειδὴ
470 3231 536 3299 τῇ
571 3227 730 3296 φύσει
756 3227 1018 3296 ἦνωνται,
1043 3229 1151 3298 ἄρα
1186 3229 1280 3281 καὶ
1305 3231 1371 3297 τῇ
1396 3228 1692 3280 ὑποστάσει
1719 3223 1823 3295 εἷς,

256 3321 319 3374 οὐ
359 3320 452 3374 δύο
496 3321 878 3389 τυγχάνουσιν.
941 3319 1083 3372 Ἀλλ’
1128 3322 1230 3388 οὐχ
1267 3319 1412 3372 οὑτω
1458 3323 1570 3383 τοῖς
1599 3320 1661 3373 εὖ
1692 3335 1828 3389 φρο-

255 3411 408 3467 νοῦσι
441 3411 530 3465 καὶ
558 3413 622 3482 τῇ
650 3410 880 3482 ἁληοείᾳ
907 3411 1056 3464 δοκεῖ
1080 3428 1092 3440 ·
1133 3411 1330 3481 μᾶλλον
1353 3410 1408 3464 δὲ
1438 3411 1506 3464 τὰ
1536 3411 1824 3481 ἐνούμενα,

258 3501 394 3556 καθὸ
424 3501 680 3571 ἦνωνται,
720 3503 778 3554 ἒν
806 3499 947 3555 εἶναι
970 3519 984 3532 ο
1022 3501 1228 3572 Πέτρον
1262 3502 1359 3572 μὲν
1408 3503 1502 3554 καὶ
1549 3503 1825 3572 Ἰωάννην,

257 3590 448 3662 ἐπειδὴ
480 3591 620 3645 κατὰ
655 3591 816 3659 φύσιν
841 3592 1100 3662 ἥνωνται,
1133 3589 1412 3660 ὁμοοὺσιοι
1445 3593 1825 3662 τυγχάνοντες,

255 3683 318 3739 ἓν
358 3679 499 3738 εἶναι
543 3684 685 3738 κατὰ
734 3684 925 3753 φύσιν·
975 3683 1154 3754 ψυχὴν
1187 3683 1242 3736 δὲ
1278 3683 1595 3752 καὶσῶμα,
1640 3683 1829 3752 ἐπειδὴ

255 3773 378 3828 καθ’
411 3774 706 3829 ὑπόστασιν
746 3773 1022 3844 ἥνωνται,
1065 3768 1122 3824 ἓν
1154 3766 1296 3823 εἶναι
1345 3769 1464 3822 καθ’
1501 3768 1823 3821 ὑπόστασιν.

251 3861 337 3919 Οὐ
375 3862 484 3932 γὰρ
517 3862 655 3915 κατὰ
688 3861 850 3930 φύσιν
892 3860 950 3911 ἓν
979 3854 1120 3911 εἶναι
1150 3857 1329 3928 ψυχὴν
1360 3857 1456 3910 καὶ
1488 3855 1648 3925 σῶμα
1681 3857 1827 3908 εἴποι

247 3970 340 4019 τις
374 3955 442 4008 ἂν
467 3955 651 4024 νήφων
675 3951 766 4005 τὸν
792 3948 1073 4020 λογισμόν.

321 4225 418 4290 ιη’.
453 4221 516 4272 Et
560 4218 625 4271 ὲκ
665 4217 758 4270 δύο
788 4217 1002 4286 φύσεων
1031 4215 1064 4284 ἡ
1101 4214 1294 4276 ἓνωσις
1343 4214 1566 4280 γέγονεν
1593 4253 1607 4277 ,
1639 4211 1671 4282 ἢ
1717 4211 1825 4282 πρὸ

241 4311 351 4381 τῆς
378 4311 623 4373 ὲνώσεως
653 4306 792 4380 ἦσαν
820 4308 934 4374 δύο,
967 4307 1000 4379 ἢ
1043 4309 1099 4358 ὲν
1146 4309 1215 4375 τῇ·
1245 4303 1458 4368 ἐνὼσει,
1494 4305 1526 4375 ἢ
1561 4305 1698 4374 μετὰ
1728 4303 1827 4374 τὴν

241 4403 470 4457 ἕνωσιν.
508 4401 618 4455 Καὶ
668 4403 716 4454 εἰ
749 4400 846 4469 μὲν
895 4399 1002 4470 πρὸ
1048 4398 1150 4468 τῆς
1206 4395 1453 4460 ἐνώσεως
1485 4398 1824 4467 ὑπέστησαν,
1862 4393 1904 4446 D

240 4495 299 4548 τί
328 4493 614 4566 Νεστορίῳ
643 4490 1008 4562 μεμφόμεθα;
1045 4491 1109 4543 Εἰ
1135 4489 1190 4542 δὲ
1218 4489 1311 4542 καὶ
1341 4488 1480 4559 μετὰ
1509 4490 1605 4560 τὴν
1634 4490 1830 4543 ἕνωσιν

237 4587 276 4655 ὴ
308 4584 456 4655 σὰρξ
486 4583 760 4652 ὑφέστηκε
784 4621 798 4644 ,
830 4580 882 4634 τί
929 4582 1059 4652 ἡμῖν
1100 4578 1383 4650 μέμφεσθε
1411 4597 1426 4644 ;
1462 4581 1523 4632 El
1555 4579 1612 4632 δὲ
1658 4581 1716 4632 ἐν
1759 4582 1826 4650 τῇ

237 4675 451 4731 ὲνώσει
496 4675 664 4742 φατὲ,
701 4673 852 4745 μένει
879 4672 937 4725 δὲ
976 4673 1010 4742 ἡ
1051 4672 1244 4735 ἒνωσις
1269 4686 1284 4701 ο
1329 4672 1423 4725 καὶ
1462 4671 1558 4724 νῦν
1609 4675 1705 4726 καὶ
1748 4674 1830 4736 εἰς

232 4768 343 4821 τὸν
387 4766 564 4819 αἰῶνα
613 4765 705 4818 δύο
731 4763 836 4818 είσί
863 4781 925 4816 τε
953 4764 1048 4817 καὶ
1083 4763 1298 4817 ἔσονται
1326 4780 1338 4792 ·
1383 4766 1433 4816 εί
1462 4763 1519 4816 δὲ
1546 4763 1622 4833 τῷ
1654 4764 1831 4834 καιρῷ

231 4857 348 4927 τῆς
380 4856 478 4910 τοῦ
510 4857 684 4924 Λόγου
736 4852 1066 4926 σαρκώσεως
1100 4854 1160 4907 τὸ
1214 4854 1271 4908 ἓν
1320 4857 1385 4924 τῇ
1432 4853 1622 4908 ὲνώσει
1664 4854 1826 4923 φατὲ,

228 4950 341 5006 καὶ
380 4951 518 5020 πρὶν
558 4948 857 5013 ὲνωθῶσιν,
901 4943 1042 5019 ἦσαν
1072 4946 1185 5011 δύο,
1226 4947 1259 5017 ἢ
1293 4947 1594 5014 ἐνωθέντα;
1627 4948 1689 5001 Εἰ
1725 4949 1825 5017 μὲν

224 5041 356 5113 γὰρ
389 5042 501 5113 πρὸ
529 5041 630 5111 τῆς
663 5041 909 5103 ὲνώσεως
949 5040 1198 5110 ὑπῆρξαν
1224 5041 1512 5112 ἀμφότερα
1535 5085 1550 5107 ,
1603 5042 1663 5106 ἐξ
1692 5042 1826 5094 ὑπο-

228 5132 504 5186 στάσεων
554 5133 766 5202 ἀνάγκη
801 5132 983 5200 λέγειν
1031 5131 1126 5184 δύο
1160 5131 1260 5202 τὴν
1291 5133 1486 5188 ἕνωσιν
1513 5151 1527 5166 ο
1578 5135 1626 5186 εί
1674 5133 1730 5187 δὲ
1769 5135 1828 5187 ὲν

223 5228 308 5297 τῇ
366 5224 568 5280 ὲνὼσει
609 5225 702 5278 δύο
737 5225 894 5293 φατὲ,
939 5226 968 5276 ὁ
1010 5224 1069 5278 δὲ
1103 5224 1336 5296 ἀριθμὸς
1365 5227 1486 5278 καθ’
1517 5227 1660 5295 ὑμᾶς
1688 5226 1828 5279 πάν-

225 5333 356 5380 τως
381 5357 397 5371 .
429 5356 444 5370 .
469 5353 484 5369 .
514 5357 527 5370 .
549 5318 574 5356 ⁸
605 5315 904 5388 διαίρεσιν,
955 5316 1274 5386 διαιρέσεως
1317 5318 1464 5370 αἰτία
1515 5319 1546 5387 ή
1590 5318 1786 5380 ἒνωσις
1813 5335 1826 5350 ο

223 5408 340 5466 καὶ
374 5409 441 5476 εν
471 5411 537 5477 τῇ
569 5408 763 5462 ἑνώσει
783 5410 809 5448 ιι
835 5449 848 5461 .
877 5449 891 5464 .
921 5448 934 5462 .
963 5447 977 5462 .
1007 5410 1106 5479 τὴν
1134 5409 1345 5465 ἕνωσιν.

1934 3165 2013 3211 se,
2037 3150 2342 3204 siccitatem
2367 3163 2583 3218 quoque
2606 3155 2659 3200 et
2683 3146 3063 3200 humiditatem
3091 3146 3314 3214 perinde
3338 3145 3512 3216 idem;

1932 3239 2043 3292 imo
2074 3236 2272 3292 Petrus
2317 3246 2371 3290 ct
2399 3236 2676 3298 Joannes,
2712 3236 2920 3305 quippe
2963 3236 3056 3305 qui
3111 3244 3309 3291 natura
3362 3238 3517 3291 unita

1933 3338 2104 3394 sunt,
2143 3344 2208 3383 ex
2242 3328 2605 3397 consequenti
2638 3328 2920 3398 hypostasi
2957 3328 3121 3381 etiam
3169 3342 3313 3382 unus
3350 3336 3515 3392 sunt,

1930 3427 1988 3472 et
2015 3434 2121 3473 non
2156 3419 2289 3473 duo.
2321 3419 2390 3472 At
2422 3434 2534 3472 non
2568 3420 2642 3472 ita
2674 3418 2934 3472 convenit
2967 3434 3093 3471 cum
3127 3419 3213 3475 his
3244 3420 3337 3489 qui
3369 3427 3520 3475 recte

1933 3511 2192 3582 sapiunt,
2226 3517 2280 3565 et
2312 3510 2546 3566 veritate
2574 3528 2587 3563 :
2624 3509 2758 3580 quin
2790 3510 2974 3577 potius
3002 3526 3125 3578 qua:
3161 3511 3316 3563 unita
3352 3518 3516 3574 sunt,

1930 3612 2205 3670 quatenus
2253 3600 2406 3653 unita
2450 3606 2616 3662 sunt,
2666 3614 2839 3652 unum
2886 3615 3011 3653 esse
3063 3601 3350 3653 sentiunt:
3386 3609 3518 3669 puta

1932 3687 2151 3743 Petrum
2179 3695 2232 3741 et
2257 3685 2557 3749 Joannem,
2585 3686 2715 3755 quia
2747 3702 2914 3738 unum
2950 3695 3146 3740 natura
3175 3696 3306 3740 sunt
3325 3726 3340 3751 ,
3367 3689 3521 3756 ejus-

1932 3779 2170 3848 demque
2234 3778 2598 3840 substantias,
2650 3793 2819 3830 unum
2860 3792 2985 3832 esse
3018 3778 3322 3832 secundum
3356 3789 3521 3832 natu-

1932 3885 2048 3923 ram
2075 3887 2088 3934 ;
2124 3869 2362 3922 animam
2393 3883 2523 3922 vero
2558 3877 2611 3922 et
2635 3883 2836 3936 corpus
2857 3907 2871 3932 ,
2903 3876 3178 3937 quatenus
3211 3871 3516 3925 secundum

1935 3958 2274 4031 hypostasim
2306 3958 2594 4020 uniuntur,
2633 3973 2802 4010 unum
2839 3957 3124 4028 hyposlasi
3153 3974 3302 4015 esse.
3338 3957 3514 4014 Nemo

1933 4054 2132 4123 quippe
2167 4050 2390 4106 sobrius
2423 4050 2662 4116 dixerit,
2698 4049 2936 4102 animam
2986 4059 3040 4106 et
3086 4066 3294 4120 corpus
3347 4068 3518 4122 penes

1935 4154 2062 4200 natu
2075 4159 2188 4197 ram
2225 4157 2346 4198 esse
2376 4158 2567 4196 unum.

2006 4235 2171 4308 402
2213 4234 2303 4289 18.
2347 4233 2404 4288 Si
2438 4249 2504 4289 ex
2540 4232 2755 4287 duabus
2794 4234 3013 4286 naturis
3049 4234 3181 4288 unio
3219 4234 3362 4286 facta
3398 4243 3519 4296 est,

1938 4337 2032 4383 aut
2053 4339 2181 4382 ante
2205 4326 2510 4381 unitionem
2537 4325 2657 4380 duae
2684 4334 2865 4390 erant,
2894 4332 2989 4378 aut
3022 4324 3074 4378 in
3107 4325 3222 4394 ipsa
3249 4326 3520 4390 unitionc,

1939 4427 2029 4472 aut
2059 4425 2182 4488 post
2215 4417 2542 4472 unitionem.
2575 4415 2632 4470 Si
2663 4422 2793 4470 ante
2827 4415 3134 4469 unitionem
3171 4432 3266 4485 per
3293 4433 3352 4471 se
3388 4417 3521 4472 sab-

1939 4511 2222 4573 stiterunt,
2251 4508 2385 4579 quid
2415 4518 2500 4564 est
2525 4508 2674 4580 quod
2704 4507 3022 4564 Nestorium
3053 4523 3380 4564 accusamus
3404 4510 3430 4562 ?
3464 4509 3521 4563 Si

1941 4610 2123 4658 autem
2162 4609 2289 4672 post
2322 4602 2628 4657 unitionem
2660 4616 2794 4657 caro
2820 4601 3097 4665 constitit,
3133 4601 3276 4672 quod
3306 4610 3390 4656 est
3422 4618 3522 4655 cur

1939 4711 2041 4750 nos
2074 4693 2540 4763 reprehendatis?
2575 4694 2668 4749 Sin
2701 4695 2932 4749 deruum‘
2973 4693 3027 4748 in
3079 4695 3195 4764 ipsa
3232 4695 3482 4748 unitione
3503 4733 3520 4759 ,

1939 4787 2070 4843 unio
2100 4800 2228 4840 vero
2260 4793 2617 4854 perseverat:
2651 4785 2819 4855 igitur
2851 4792 2905 4839 et
2944 4800 3092 4839 nunc
3126 4795 3181 4839 et
3224 4786 3276 4839 in
3320 4801 3518 4854 perpe-

1940 4885 2090 4932 tuum
2126 4876 2249 4930 dua:
2283 4883 2444 4941 sunt,
2479 4882 2533 4929 et
2569 4884 2756 4929 erunt.
2791 4874 2846 4927 Si
2884 4882 3067 4928 autem
3110 4877 3227 4944 ipso
3262 4876 3522 4929 incarna-

1937 4968 2107 5022 tionis
2126 4965 2293 5022 Verhi
2324 4975 2571 5036 tempore
2603 4980 2772 5019 unum
2807 4975 3035 5035 propter
3063 4967 3367 5020 unitionem
3399 4981 3521 5022 esse

1934 5059 2142 5122 dicitis,
2169 5065 2464 5127 antequam
2491 5057 2803 5121 unirentur,
2837 5056 2963 5111 dua:
2995 5064 3187 5119 erant,
3221 5072 3287 5111 an
3320 5059 3522 5112 unitas?

1937 5151 1996 5207 Si
2027 5151 2148 5206 duae
2186 5151 2349 5221 prius.
2384 5149 2750 5212 exstiterunt,
2785 5162 2950 5218 quam
2983 5149 3296 5213 unirentur,
3328 5165 3520 5204 neces-

1938 5257 2060 5299 sum
2090 5242 2192 5296 erit
2224 5240 2496 5294 allirmare
2526 5255 2593 5295 ex
2626 5239 2827 5308 duplici
2857 5239 3138 5308 liypostasi
3166 5236 3365 5292 factam
3396 5253 3517 5294 esse

1941 5338 2236 5393 unionem:
2273 5337 2359 5391 sin
2394 5336 2532 5391 duas
2565 5334 2753 5389 dicitis
2805 5336 2860 5386 in
2913 5332 3204 5398 unitione;
3258 5351 3521 5390 numerus

1942 5445 2076 5484 vero
2113 5429 2168 5482 in
2205 5428 2466 5497 opinione
2493 5435 2677 5482 vestra
2709 5425 3023 5480 necessario
3059 5424 3388 5482 divisionem
3431 5427 3522 5481 in-

224 5499 409 5554 ducit
437 5519 450 5554 :
477 5500 776 5557 divisionis
803 5516 936 5572 ergo
966 5516 1136 5557 causa
1167 5511 1254 5558 est
1287 5504 1494 5570 unitio,
1523 5515 1576 5560 et
1612 5508 1665 5563 in
1699 5511 1933 5582 ipsarum
1963 5522 2169 5575 unione
2204 5520 2466 5574 dirimius
2501 5519 2782 5573 unionem.

1554 5599 1791 5658 VARI/8
1826 5606 2232 5665 LECTIONES.
3231 5672 3233 5674 -

310 5679 1239 5775 εμίμιοξῖμξίσόιγξξὶιξίιιῖς.ἐπένθει.
1265 5687 1430 5742 Arab.
1465 5689 1647 5757 aﬂ'erel
1679 5694 2010 5757 divisionem.
2053 5701 2081 5741 ιι
2116 5700 2245 5773 Leg.
2273 5702 2554 5775 διαιρεῖτε.
2588 5703 2750 5761 Turr.
2781 5702 3031 5761 Diriditis
3057 5705 3320 5761 unionem.
3346 5703 3514 5758 Arab.

215 5762 282 5809 et
321 5767 460 5808 cum
482 5749 684 5807 'unione
703 5749 964 5805 dividitur
995 5751 1139 5806 unio.

3371 315 3502 380 1446
3593 338 3602 346 ·
