3962 6202
396 289 531 357 1447
1580 290 1640 348 S.
1661 287 1980 350 JOANNIS

2095 287 2453 347 HiASCENl
3514 283 3657 347 1448

465 403 556 459 l9.
595 399 651 456 Si
693 397 1123 471 unumquodque
1160 411 1382 462 eorum,
1421 411 1487 451 ex
1524 399 1726 467 quibus
1783 407 1966 452 exstat

2142 397 2228 450 ιϐ’.
2261 395 2324 449 Εἰ
2357 395 2612 463 φυλάττει
2644 391 2877 446 ἕκαστον
2914 392 2984 446 τὰ
3027 392 3087 458 ἐξ
3121 384 3196 446 ὧν
3225 395 3255 446 6
3282 393 3522 462 Χριστὸς
3559 395 3660 446 τὸν

393 492 678 556 Christus,
713 491 991 562 propriam
1023 488 1382 553 substantiae,
1423 502 1518 544 seu
1553 488 1804 543 essentiae
1823 528 1840 557 ,
1873 489 1967 543 de-

2095 488 2207 541 διον
2239 488 2338 556 τῆς
2370 485 2558 548 οὐσίας
2587 487 2711 556 ὅρον
2741 502 2802 538 τε
2844 486 2938 538 καὶ
2969 486 3143 552 λόγον,
3181 486 3284 538 κάν
3323 488 3393 556 τῇ
3436 485 3659 550 ὲνὼσει,

396 584 701 639 ﬁnitionem
733 589 788 636 et
822 581 1084 636 rationem
1133 586 1351 639 servat,
1391 579 1556 630 etiam
1608 577 1661 631 in
1722 578 1966 642 unione,

2095 577 2166 629 ιαί
2193 576 2382 646 ἕτερος
2416 574 2515 645 μὲν
2553 577 2581 628 6
2619 574 2719 644 τῆς
2751 574 2990 644 Χριστοῦ
3032 575 3288 644 θεότητος
3326 576 3452 645 ὄρος
3484 578 3586 629 καὶ
3631 580 3663 632 6

397 684 564 743 atque
597 672 705 725 alia
740 679 823 725 est
860 669 1106 724 deﬁnitio
1141 667 1450 721 divinitatis
1489 666 1702 722 Christi
1728 707 1742 729 ,
1779 675 1832 721 et
1863 667 1969 721 alia

2095 667 2172 737 τῆς
2199 666 2619 737 ἀνθρωπότητος
2657 666 2868 735 ἕτερος,
2897 666 2950 718 τί
2982 667 3050 719 τὰ
3083 667 3157 736 μὴ
3181 667 3287 719 ὑπὸ
3314 667 3414 722 ’ἐνα
3444 671 3543 720 καὶ
3568 669 3668 723 τὸν

397 761 792 825 humanitatis;
825 759 1137 828 quomodo,
1184 773 1306 826 quae
1358 773 1470 810 non
1526 765 1655 810 sunt
1709 757 1814 811 sui)
1864 771 1972 810 una

2095 759 2237 812 ιὺτὺν
2283 761 2411 828 ὅρον
2456 758 2764 827 ταττόμενα
2812 757 2966 827 μίαν,
3031 758 3128 811 καὶ
3188 759 3249 812 οὐ
3309 759 3407 812 δύο
3459 760 3668 829 φύσεις

395 856 696 923 eademque
725 851 1044 906 deﬁnitione
1081 849 1262 918 posita
1285 887 1300 912 ,
1334 859 1593 902 naturam
1628 863 1790 902 unam
1813 886 1828 912 ,
1861 863 1972 902 non

394 947 533 1003 duas
567 962 691 1001 esse
725 945 957 999 dicitis?

463 1056 534 1107 20
575 1055 630 1107 Si
665 1067 792 1108 caro
830 1051 992 1105 Verbi
1045 1049 1172 1113 Dei,
1203 1055 1275 1120 {ut
1303 1057 1486 1105 vestra
1519 1034 1791 1104 sententia
1830 1051 1971 1113 fert,

394 1146 639 1214 ejusdem
671 1143 1000 1199 substantiae
1027 1153 1112 1196 est
1138 1158 1263 1195 cum
1295 1142 1582 1197 divinitate
1607 1143 1729 1210 ejus
1760 1143 1974 1198 increa-

395 1247 478 1299 ta,
507 1234 1100 1290 consubstantiationis
1132 1234 1452 1303 Opinatione
1485 1249 1654 1302 prava
1686 1235 1972 1290 laboratis.

394 1327 574 1380 Eecur
610 1340 739 1379 vero
771 1324 916 1393 quod
947 1323 1057 1392 jam
1094 1324 1222 1376 olim
1260 1323 1547 1390 parturitis
1570 1363 1584 1385 ,
1639 1339 1747 1376 non
1793 1339 1975 1378 emer-

396 1419 514 1488 git?
547 1417 642 1470 Sin
680 1425 862 1470 autem
899 1431 1005 1469 non
1037 1424 1123 1469 est
1155 1414 1404 1482 ejusdem
1439 1416 1804 1480 substantiae,
1839 1431 1975 1484 quo-

396 1525 522 1564 nam
576 1516 737 1577 pacto
787 1522 910 1576 quae
959 1522 1065 1560 non
1122 1513 1254 1560 sunt
1308 1505 1556 1574 ejusdem
1606 1507 1974 1570 substantiae,

393 1609 558 1655 erunt
592 1599 756 1652 unius
790 1598 1039 1652 naturae?
1072 1606 1167 1650 aut
1202 1597 1481 1665 quomodo
1510 1613 1631 1666 quae
1665 1599 1830 1653 unius
1866 1614 1964 1651 na—

2073 849 2260 919 λέγετε
2286 867 2302 909 ;

2143 1048 2215 1103 κ’.
2247 1048 2309 1102 Ei
2341 1046 2625 1116 ὁμοούσιος
2655 1047 2687 1116 ἡ
2718 1045 2814 1099 τοῦ
2848 1046 2984 1099 Θεοῦ
3023 1047 3200 1114 Λόγου
3231 1046 3370 1118 σὰρξ
3398 1049 3467 1118 τῇ
3499 1046 3658 1100 ἀκτίς

2078 1161 2188 1209 στῳ
2216 1141 2382 1195 αὑτοῦ
2417 1142 2632 1210 θεότητι
2677 1139 2798 1192 καθ’
2831 1141 2996 1210 ὑμᾶς,
3032 1141 3394 1194 συνουσίωσιν
3424 1143 3663 1192 νοσεῖτε.

2085 1236 2192 1288 Καὶ
2221 1235 2273 1286 τί
2309 1235 2382 1304 μὴ
2414 1234 2474 1286 τὸ
2501 1233 2670 1285 πάλαι
2695 1234 2826 1303 ὑμῖν
2849 1233 3174 1303 ὠδινὸμενον
3199 1233 3661 1303 άπορῤἡγνυταις

2081 1330 2142 1380 El
2170 1328 2222 1379 δὲ
2250 1328 2347 1396 οὐχ
2375 1327 2682 1396 ὁμοούσιος,
2725 1326 2843 1388 πῶς
2885 1324 2957 1378 τὰ
2998 1325 3073 1394 μὴ
3113 1323 3377 1392 ὁμοούσια
3433 1325 3570 1394 μιᾶς
3595 1323 3667 1376 ἂν

2077 1420 2161 1486 εἴη
2201 1415 2414 1485 φύσεως
2440 1434 2453 1481 ;
2483 1417 2516 1486 ἢ
2559 1416 2677 1477 πῶς
2711 1415 2781 1467 τὰ
2818 1417 2944 1484 μιᾶς
2976 1415 3190 1483 φύσεως
3224 1413 3349 1483 οὐχὶ
3391 1414 3488 1466 καὶ
3527 1415 3668 1483 ὁμο-

2075 1507 2234 1562 οὐσια
2261 1526 2274 1572 ;
2298 1509 2362 1560 Ei
2385 1509 2458 1576 μὴ
2485 1509 2594 1578 γὰρ
2625 1507 2918 1578 μεθύομεν,
2947 1509 3369 1578 ὁμοουσιὸτητος
3393 1507 3523 1578 ὅρος
3547 1505 3670 1559 ἐστὶ

2075 1601 2145 1652 τὰ
2178 1599 2274 1668 τὴν
2301 1599 2472 1668 αὐτὴν
2499 1599 2686 1650 οὐσίαν
2716 1598 2926 1668 ἔχοντα.

397 1699 536 1747 tura:
595 1699 760 1755 sunt,
823 1691 1071 1758 ejusdem
1127 1689 1455 1743 substantize
1502 1705 1611 1742 non
1665 1690 1841 1743 sunt?
1900 1689 2018 1744 Nisi
2074 1690 2218 1744 enim
2275 1690 2411 1744 ebrii
2487 1705 2710 1754 sumus,
2765 1689 3364 1745 consubstantialitatis
3412 1689 3669 1744 deﬁnitio

394 1793 512 1848 est,
544 1783 789 1835 eamdem
829 1781 1030 1834 habere
1064 1781 1474 1843 substantiam,
1509 1780 1622 1834 sive
1649 1781 1968 1835 essentiam.

465 1874 556 1926 21.
601 1871 657 1924 Si
690 1871 948 1924 Christus
975 1879 1062 1923 est
1089 1869 1589 1924 consubstantialis
1640 1867 1788 1922 Patri
1816 1907 1832 1931 ,
1875 1883 1977 1922 no-

391 1963 588 2034 bisque
622 1963 808 2017 itidem
843 1961 1339 2014 consubstantialis
1378 1960 1688 2013 secundum
1727 1958 1975 2012 eamdem

397 2068 686 2119 naturam,
724 2067 824 2105 nos
861 2066 1085 2120 quoque
1121 2050 1267 2104 Patri
1322 2050 1836 2104 consubstantiales
1881 2065 1976 2102 su-

396 2163 542 2202 mus.
579 2145 711 2211 Quae
738 2145 882 2198 enim
917 2145 1222 2198 secundum
1258 2151 1510 2195 naturam
1545 2142 1794 2195 eamdem
1827 2141 1980 2209 ejus-

397 2241 520 2293 dem
550 2236 872 2292 substantia:
897 2244 1028 2289 sunt
1051 2275 1065 2298 ,
1095 2251 1159 2288 ea
1195 2235 1338 2289 inter
1367 2251 1425 2289 se
1455 2243 1582 2290 sunt
1610 2235 1979 2289 consubstan-

397 2330 574 2386 tialia.
628 2328 683 2382 Si
735 2337 916 2380 autem
961 2327 1268 2381 secundum
1321 2325 1670 2378 divinitatem
1707 2334 1791 2379 est
1828 2324 1977 2378 Patri

397 2415 890 2472 consubstantialis
910 2456 924 2479 ,
959 2415 1121 2468 nobis
1153 2429 1282 2468 vero
1312 2415 1616 2469 secundum
1658 2415 1978 2468 humanita-

400 2517 542 2569 tem;
566 2520 721 2575 rogo,
749 2504 938 2569 dicite,
966 2512 1125 2558 estne
1152 2503 1420 2558 divinitas
1445 2514 1500 2558 et
1528 2505 1846 2557 humanitas
1871 2517 1977 2556 una

401 2609 601 2654 natura
626 2600 648 2651 ?
678 2599 746 2650 At
775 2597 820 2651 si
850 2610 958 2650 una
989 2605 1184 2649 natura
1217 2610 1325 2648 non
1357 2604 1444 2650 est
1466 2634 1480 2658 ,
1517 2595 1833 2650 necessario
1860 2594 1982 2648 duae

401 2699 571 2746 sunt:
605 2697 772 2758 atque
803 2687 940 2742 adeo
981 2686 1102 2740 duae
1137 2694 1347 2741 naturae
1377 2686 1636 2740 Christus
1665 2693 1749 2740 est
1775 2725 1789 2748 ,
1836 2693 1890 2738 et
1925 2687 1980 2739 in

401 2783 619 2838 duabus
655 2779 892 2834 naturis.
956 2776 1051 2831 Sin
1112 2793 1242 2832 vero
1275 2789 1363 2834 est
1395 2792 1534 2840 una,
1569 2777 1802 2847 quinam
1850 2791 1981 2847 ergo

401 2874 687 2930 differunt.
738 2871 872 2925 Nam
905 2886 1027 2940 quae
1057 2870 1357 2934 differunt,
1390 2870 1472 2924 vel
1517 2869 1840 2924 substantia:
1897 2885 1984 2923 ra-

403 2968 556 3023 tione
580 2964 876 3028 dilierunt,
915 2963 999 3018 vel
1038 2963 1252 3017 ratione
1287 2961 1411 3030 ejus
1459 2960 1606 3030 quod
1659 2961 1985 3016 substantiae

403 3059 644 3114 advenit.
686 3057 742 3112 Si
783 3057 997 3110 ratione
1026 3055 1149 3122 ejus
1181 3053 1327 3123 quod
1367 3053 1587 3108 advenit
1619 3053 1982 3114 substantiae,

2160 1867 2265 1920 κα’.
2313 1867 2374 1920 Ei
2414 1867 2701 1936 ὁμοούσιος
2739 1867 2815 1938 τῷ
2845 1870 3020 1938 Πατρὶ
3056 1869 3153 1921 καὶ
3197 1867 3486 1937 ὀμοούσιος
3529 1869 3668 1937 ἡμῖν

2082 1959 2223 2012 κατὰ
2252 1961 2350 2028 τὴν
2395 1960 2564 2030 αὑτὴν
2615 1961 2778 2028 φύσιν
2807 1960 2958 2014 ἐστὶν
2986 1962 3014 2013 6
3048 1961 3320 2031 Χριστὸς,
3356 1962 3452 2012 καὶ
3497 1962 3668 2030 ἡμεῖς

2081 2053 2145 2104 ἐκ
2170 2052 2370 2115 παντὸς
2400 2052 2478 2122 τῷ
2514 2055 2690 2123 Πατρὶ
2742 2053 3055 2122 ὁμοούσιοι·
3113 2055 3183 2106 τὰ
3239 2053 3351 2123 γὰρ
3395 2052 3473 2122 τῷ
3506 2053 3665 2121 αὑτῷ

2080 2143 2220 2195 κατὰ
2257 2143 2356 2213 τὴν
2389 2143 2558 2214 αὐτὴν
2603 2144 2765 2212 φύσιν
2793 2145 3078 2214 ὀμοούσια,
3114 2145 3205 2198 καὶ
3241 2145 3490 2215 ἀλλήλοις
3520 2146 3667 2198 εἰσὶν

2081 2234 2368 2304 ὁμοούσια.
2402 2237 2464 2288 Ei
2505 2236 2561 2288 δὲ
2608 2236 2746 2289 κατὰ
2795 2236 2894 2307 τὴν
2929 2237 3159 2306 Θεὸτητα
3190 2237 3268 2306 τῷ
3301 2238 3474 2306 Πατρί
3507 2240 3665 2290 ἐστιν

2080 2325 2382 2395 ὁμοούσιος,
2411 2328 2542 2396 ἡμῖν
2574 2327 2629 2380 δὲ
2656 2329 2795 2380 κατὰ
2827 2328 2926 2397 τὴν
2951 2328 3348 2398 ἀνθρωπότητα
3377 2345 3390 2360 ·
3435 2328 3659 2396 Θεότιης,

2085 2416 2301 2480 εἴπατε,
2338 2419 2429 2471 καὶ
2461 2419 2814 2489 ἀνθρωπότης
2853 2419 2951 2488 μία
2997 2419 3158 2490 φύσις
3191 2420 3382 2484 ὲστίνς
3425 2420 3570 2473 Ἀλλ’
3612 2423 3667 2475 ει

2086 2507 2188 2574 μὲν
2220 2509 2280 2560 οὐ
2331 2509 2464 2578 μία,
2509 2508 2603 2562 δύο
2651 2511 2870 2573 πάντως
2923 2512 3018 2564 καὶ
3071 2511 3164 2564 δύο
3204 2511 3394 2580 φύσεις
3451 2512 3607 2564 ἐστὶν
3635 2510 3666 2562 6

2085 2599 2341 2668 Χριστὸς,
2377 2601 2470 2653 καὶ⁹
2515 2602 2572 2652 ὲν
2599 2600 2694 2654 δύο
2745 2602 2990 2671 φύσεσιν.
3042 2603 3105 2654 Εἰ
3131 2603 3189 2656 δὲ
3226 2604 3340 2672 μία,
3383 2603 3508 2664 πῶς
3547 2603 3667 2655 δια-

2083 2689 2310 2761 φέρουσι
2339 2709 2354 2759 ;
2383 2693 2463 2744 Τὰ
2490 2691 2598 2764 γὰρ
2629 2693 2954 2763 διαφέροντα
2973 2735 2987 2758 ,
3023 2694 3055 2766 ἢ
3087 2694 3354 2756 οὑσιωδῶς
3381 2694 3663 2763 διαφέρει,

2083 2780 2118 2850 ἦ
2149 2783 2522 2846 ὲπουσιωδῶς·
2560 2784 2677 2836 ἀλλ’
2715 2787 2764 2837 εί
2797 2785 2894 2855 μὲν
2925 2786 3288 2850 ὲπουσιωδῶς,
3326 2787 3668 2846 ὑποστάσεις

2083 2869 2149 2924 ἂν
2181 2867 2310 2935 εἷεν,
2341 2872 2432 2924 καὶ
2463 2873 2521 2926 οὐ
2554 2873 2782 2941 φύσειςο
2815 2877 2863 2927 εί
2898 2875 2954 2928 δὲ
2991 2875 3286 2939 οὐσιωδῶς,
3335 2875 3550 2945 φύσεις.
3584 2877 3668 2928 Τὰ

2085 2959 2194 3032 γὰρ
2223 2961 2570 3034 διαφέροντα,
2602 2965 2660 3043 ἐδ
2690 2965 2974 3035 ἐλάχιστον
3016 2967 3140 3019 δύοο
3186 2969 3246 3019 τὸ
3273 2968 3384 3038 γάρ
3412 2968 3491 3025 ἓν,
3527 2967 3669 3019 καθὸ

2089 3050 2168 3118 ἓν,
2207 3053 2269 3104 οὐ
2295 3053 2566 3126 διαφέρει.
2599 3057 2980 3129 Συνεισφέρειν
3012 3057 3122 3130 γὰρ
3150 3054 3291 3112 οἶδεν
3317 3057 3378 3124 ἐξ
3417 3059 3670 3126 ἀνάγκης

402 3148 731 3220 hypostascs
782 3145 998 3208 forent,
1069 3158 1176 3196 non
1234 3151 1463 3195 naturae.
1523 3139 1630 3196 Sed
1679 3139 1727 3196 si
1775 3139 1980 3193 ratione

2095 3143 2182 3196 τὸν
2219 3146 2450 3217 ἀριθμὸν
2485 3149 2517 3218 ἠ
2547 3149 2800 3221 διαφορά.

404 3237 1244 3306 substantiaadiscrepant,jam
1275 3245 1488 3289 natura:
1517 3243 1665 3290 sunt.
1733 3231 1870 3285 Nam
1931 3249 1980 3301 qi

2105 3237 2412 3294 differentia
2470 3252 2633 3310 sunt,
2668 3253 2726 3298 ut
2765 3245 3052 3300 minimum
3093 3244 3202 3300 duo
3263 3253 3418 3302 sunt.
3481 3244 3666 3298 Unum

404 3332 678 3402 siquidem
742 3344 852 3398 qua
896 3344 1063 3382 unum
1119 3336 1234 3391 est,
1285 3326 1584 3382 discrimen
1633 3339 1743 3378 non
1792 3323 2051 3380 admittit.
2092 3326 2406 3388 Dili‘ercntia
2443 3337 2645 3407 quippe
2691 3339 3004 3393 necessario
3054 3353 3350 3393 numerum
3387 3338 3552 3392 infert
3579 3353 3666 3391 se.

404 3439 550 3479 ουιη,
619 3451 624 3456 ·

474 3535 566 3588 22.
608 3533 742 3598 Quae
789 3529 1178 3586 substantialia
1229 3537 1390 3595 sunt,
1429 3531 1698 3585 rationem
1731 3529 1977 3584 eamdem

405 3625 705 3697 recipiunt.
757 3623 814 3677 Si
862 3638 994 3692 ergo
1024 3621 1283 3676 Christus
1317 3630 1512 3675 natura
1545 3637 1652 3675 una
1686 3632 1770 3676 est
1800 3624 1982 3678 incar-

406 3725 533 3773 nata
557 3759 570 3781 ,
603 3725 798 3785 estque
841 3714 955 3768 luec
987 3713 1109 3781 ejus
1139 3713 1398 3768 essentia:
1428 3712 1675 3766 deﬁnitio
1697 3752 1711 3776 ,
1761 3713 1985 3767 aliunde

404 3824 536 3864 vero
561 3803 1050 3860 consubstantialis
1080 3810 1164 3857 est
1191 3801 1338 3855 Patri
1368 3809 1422 3856 et
1452 3802 1613 3857 nobis
1642 3819 1656 3856 :
1689 3811 1773 3857 est
1801 3803 1970 3872 igitur

406 3895 570 3954 Pater
593 3897 885 3967 nobiscum
914 3907 1020 3946 una
1046 3892 1352 3947 divinitatis
1377 3901 1574 3946 natura
1600 3892 1905 3945 incarnata.

475 4119 572 4175 25.
609 4114 924 4171 Diﬁ‘erentia
953 4115 1063 4167 dno
1094 4112 1287 4168 saltem
1325 4112 1497 4166 infert
1530 4126 1653 4182 qua:
1684 4110 1982 4175 differant,

409 4211 524 4266 sive
561 4215 771 4262 naturae
801 4205 914 4260 sint
934 4246 948 4269 ,
982 4203 1098 4258 sive
1128 4202 1454 4272 hypostases
1476 4239 1491 4265 ,
1524 4201 1640 4256 sive
1667 4200 1985 4272 hypostasis

412 4318 519 4357 una
557 4315 586 4354 a
623 4301 804 4367 seipsa
841 4295 1196 4365 discrepans.
1228 4291 1285 4347 Si
1313 4301 1540 4348 naturas
1563 4331 1578 4358 ,
1610 4293 1693 4346 ha:
1727 4293 1986 4347 substern-

411 4395 618 4448 tialiter
645 4389 904 4444 differunt
931 4406 946 4454 ;
977 4387 1024 4442 si
1058 4387 1418 4456 hypostases,
1466 4383 1768 4440 secundum
1824 4382 1987 4454 403

411 4487 466 4540 id
501 4483 649 4556 quod
697 4481 953 4537 essentia:
1001 4477 1340 4547 adjectitium
1383 4483 1511 4531 est:
1551 4476 1597 4530 si
1645 4475 1984 4545 hypostasim

411 4597 578 4636 unam
635 4593 754 4648 qua:
800 4593 828 4630 a
882 4590 942 4630 se
984 4574 1202 4628 diversa
1243 4571 1352 4636 sit,
1402 4583 1499 4640 per
1543 4569 1906 4623 variationem
1935 4574 1989 4621 et

413 4673 774 4729 mutationem
801 4666 1104 4724 secundum
1130 4662 1390 4718 accidens
1413 4658 1754 4731 separabile:
1789 4657 1988 4711 horum

415 4767 692 4837 igiturque
723 4763 958 4815 alterum
990 4755 1206 4826 eligite,
1250 4763 1310 4808 ut
1339 4753 1422 4808 vel
1459 4752 1595 4807 duas
1625 4757 1750 4821 post
1784 4748 1992 4804 unitio-

415 4875 539 4912 nem
571 4856 901 4926 bypostases
935 4865 1059 4906 esse
1090 4847 1371 4902 Christum
1407 4844 1642 4907 dicatis,
1673 4843 1756 4895 vel
1791 4840 1993 4896 divini-

415 4956 582 5001 tatem
613 4944 738 5012 ejus
772 4944 987 4996 ratione
1023 4936 1335 4992 accidentis
1367 4933 1694 5005 separabilis
1727 4932 1795 4986 ab
1825 4932 1998 5001 ipsius

418 5036 760 5092 humanitate
806 5033 1164 5099 discrepare:
1204 5036 1432 5096 tumque
1477 5024 1615 5078 adeo
1657 5024 1995 5085 increatum,

418 5126 677 5198 principii
710 5139 906 5194 expers
927 5163 942 5186 ,
974 5119 1350 5192 impassibile,
1382 5117 1734 5186 omnipotens
1755 5154 1769 5178 ,
1798 5121 1852 5168 et
1892 5114 1998 5167 alia

417 5217 692 5288 ejusmodi
720 5233 736 5282 ;
770 5216 1011 5284 itemque
1040 5219 1286 5268 creatum
1311 5249 1327 5274 ,
1363 5219 1605 5278 emptum
1626 5248 1640 5274 ,
1687 5205 1956 5276 passibile
1977 5243 1993 5268 ,

421 5313 637 5380 aliaque
670 5309 908 5372 similia,
942 5321 1005 5362 ex
1041 5304 1243 5374 quibus
1274 5301 1525 5357 Christus
1559 5304 1777 5354 constat
1799 5337 1814 5360 ,
1850 5295 1995 5352 acci-

422 5402 607 5456 dentia
637 5409 832 5463 erunt,
871 5406 924 5452 et
954 5397 1173 5466 quidem
1206 5392 1565 5462 separabilia,
1601 5389 1993 5460 mutabiliaqne

425 5501 480 5547 et
508 5494 795 5548 variabilia
829 5509 843 5545 :
875 5499 970 5544 aut
1019 5488 1308 5544 nobiscum
1329 5525 1345 5552 ,
1377 5494 1552 5554 utque
1602 5483 1708 5539 fert
1748 5485 1950 5540 veritas
1974 5522 1990 5546 .

425 5581 705 5638 Christum
735 5598 859 5638 esse
899 5583 1038 5636 duas
1085 5587 1313 5656 naturas
1360 5577 1668 5648 praedicetis
1694 5617 1709 5638 ,
1757 5591 1991 5648 quarum

427 5670 723 5727 discrimen
744 5669 1218 5742 proﬁtemini.Qui
1242 5669 1390 5728 enim
1416 5669 1852 5726 substantiarnm
1878 5668 1994 5723 dis-

2158 3541 2262 3612 κβ¹.
2289 3541 2369 3594 Τὰ
2407 3541 2672 3611 ὁμοούσια
2700 3545 2791 3597 τὸν
2820 3543 2982 3597 αὑτὸν
3033 3543 3346 3614 ἐπιδέχεται
3375 3543 3554 3612 λόγον.
3601 3543 3666 3594 Εἰ

2088 3633 2181 3687 οὖν
2211 3637 2239 3688 6
2275 3633 2510 3706 Χριστὸς
2545 3636 2642 3706 μία
2693 3635 2856 3705 φύσις
2908 3637 3025 3689 ἐστὶ
3075 3636 3514 3708 σεσαρκωμένη,
3569 3637 3668 3687 καὶ

2091 3721 2266 3790 οὗτος,
2297 3726 2373 3790 ὣς
2422 3745 2583 3797 φατε,
2637 3728 2738 3798 τῆς
2791 3726 2955 3780 αὑτοῦ
3005 3727 3196 3790 οὐσίας
3247 3728 3276 3778 6
3314 3729 3438 3798 ὄρος
3479 3726 3664 3778 ἐστίν·

2087 3817 2371 3886 ὁμοούσιος
2423 3818 2480 3870 δέ
2514 3819 2631 3870 ἐστι
2666 3820 2758 3870 καὶ
2798 3819 2991 3889 Πατρὶ,
3031 3819 3127 3870 καὶ
3162 3819 3296 3887 ἡμῖν
3343 3818 3664 3888 ὁμοούσιος·

2089 3909 2196 3978 ἄρα
2225 3909 2379 3961 ἔσται
2406 3910 2500 3961 καὶ
2545 3912 2573 3962 6
2604 3908 2790 3980 Πατὴρ
2834 3909 2929 3962 καὶ
2960 3911 3120 3980 ἡμεῖς
3151 3911 3251 3981 μία
3279 3910 3442 3978 φύσις
3476 3909 3663 3975 ῡεὸτη-

2086 4017 2180 4064 τος
2212 4002 2634 4073 σεσαρκωμένη.

2163 4123 2270 4184 κγ’.
2312 4116 2377 4169 Ἠ
2409 4115 2648 4186 διαφορὰ
2673 4115 3025 4185 τούλάχιστον
3071 4113 3167 4168 δύο
3206 4115 3419 4183 είσάγει
3451 4112 3522 4167 τά
3554 4114 3666 4167 δισ-

2091 4207 2349 4278 φέροντα,
2376 4207 2408 4277 ἢ
2439 4207 2709 4276 φύσεις,ἢ
2742 4206 3090 4269 ὑποστάσεις,
3125 4205 3158 4276 ἢ
3203 4206 3336 4275 μίαν
3366 4206 3666 4260 ὑπόστασιν

2089 4299 2289 4370 ἑαυτῆς
2322 4299 2688 4370 διαφέρουσαν
2710 4316 2724 4332 ο
2765 4300 2859 4351 καὶ
2886 4301 2933 4350 εἰ
2968 4299 3066 4369 μὲν
3100 4298 3313 4366 φύσεις,
3349 4299 3660 4359 οὑσιωδῶςι

2088 4391 2135 4442 εἰ
2159 4390 2213 4442 δὲ
2236 4391 2564 4454 ὑποστάσεις
2582 4390 2977 4459 ,ζὲπουσιωδῶς
3002 4408 3016 4422 ο
3048 4392 3094 4443 εί
3127 4390 3183 4444 δὲ
3208 4391 3338 4459 μίαν
3370 4391 3664 4444 ὑπόστασιν

2090 4481 2483 4552 ἀλλοιουμένην
2503 4481 2594 4534 καὶ
2626 4481 3128 4552 μεταϐαλλομένην,
3147 4482 3288 4534 κατὰ
3305 4481 3369 4533 τὸ
3399 4481 3662 4550 χωριστὸν

2095 4571 2440 4642 συμϐεϐηκός
2465 4589 2479 4604 ο
2529 4573 2718 4626 ἕλεσθε
2760 4574 3050 4644 τοιγαροῦν
3092 4576 3301 4628 τούτων
3351 4576 3659 4646 Orﬁte-pr:ij

2092 4663 2188 4716 δύο
2235 4663 2566 4726 ὑποστάσεις
2620 4664 2756 4733 μετὰ
2801 4665 2899 4733 τὴν
2951 4665 3150 4718 ἕνωσιν
3201 4665 3298 4717 τὸν
3328 4665 3567 4735 Χριστὸν
3595 4663 3664 4716 εί-

2096 4769 2234 4805 πατε
2259 4790 2273 4813 ,
2312 4751 2346 4820 ἢ
2385 4751 2527 4804 κατὰ
2574 4753 2636 4804 τὸ
2679 4752 2947 4821 χωριστὸν
2995 4752 3348 4822 συμϐεϐηκὸς
3390 4754 3665 4823 διαφέρειν

2097 4838 2195 4908 τὴν
2230 4839 2460 4908 θεότητα
2510 4839 2674 4892 αὑτοῦ
2709 4840 2808 4908 τῆς
2856 4841 3020 4893 αὑτοῦ
3071 4841 3530 4911 ἀνθρωπὸτητος,
3580 4843 3665 4894 καὶ

2097 4928 2251 4982 ἔσται
2286 4929 2347 4982 τὸ
2375 4929 2629 4982 ἄκτιστον
2650 4969 2664 4993 ,
2710 4930 2806 4982 καὶ⁵
2842 4930 3078 5000 ἄναρχον
3101 4969 3116 4994 ,
3167 4931 3260 4982 καὶ
3289 4930 3505 4993 ἀπαθὲς
3533 4970 3548 4992 ,
3582 4931 3666 4981 καὶ

2098 5019 2509 5090 παντοδύναμον
2538 5061 2550 5084 ,
2597 5020 2693 5073 καὶ
2721 5021 2789 5074 τὰ
2829 5021 3084 5086 τοιαῦτα,
3132 5021 3335 5090 ὁμοίως
3381 5021 3436 5074 δὲ
3487 5023 3580 5073 καὶ
3613 5020 3668 5072 τὸ

2098 5107 2341 5168 κτιστὸν,
2369 5110 2464 5161 καὶ
2489 5108 2783 5177 ἠργμένον,
2803 5108 2899 5161 καὶ⁵
2920 5108 3186 5178 παθητὸν,
3212 5111 3308 5162 καὶ
3332 5109 3401 5161 τὰ
3424 5111 3664 5166 τοιαῦτα.

2103 5199 2517 5269 συμϐεϐηκότα,
2550 5201 2642 5252 καὶ
2671 5197 2841 5253 ταῦτα
2887 5202 3151 5270 χωριστὰ,
3181 5202 3276 5254 καὶ
3309 5204 3549 5272 τρεπτὰ.
3585 5203 3668 5254 καὶ

2099 5292 2365 5346 ἁλλοιωτὰ
2391 5292 2451 5356 ἐξ
2477 5287 2551 5345 ὧν
2577 5295 2604 5344 6
2629 5293 2886 5362 Χριστὸς,
2919 5292 2951 5361 ἢ
2983 5292 3078 5345 δύο
3101 5293 3295 5362 φύσεις
3323 5294 3418 5346 τὸν
3442 5295 3668 5366 Χριστὸν

2103 5385 2222 5456 μεθ’
2256 5385 2416 5455 ἡμῶν
2453 5385 2546 5438 ναὶ
2595 5387 2696 5455 τῆς
2724 5385 2982 5453 ἀληθείας
3014 5385 3312 5455 κηρύξατε,
3346 5379 3422 5438 ὧν
3453 5388 3549 5438 καὶ
3577 5387 3668 5454 τὴν

2099 5475 2364 5549 διαφοράν
2385 5479 2720 5545 ὁμολογεῖτε.
2743 5476 2958 5529 Οὑσιῶν
2982 5475 3091 5546 γὰρ
3112 5476 3378 5545 διαφορὰν
3400 5477 3666 5546 λέγοντες,

2102 5569 2277 5623 οὐσῶν
2315 5567 2494 5636 λέγειν
2545 5569 2635 5620 καὶ
2670 5568 2994 5636 σωζομένων
3021 5567 3531 5636 ἀναγκασθήσεσθε.
3569 5566 3669 5619 Τοῦ

2104 5665 2210 5732 γὰρ
2243 5662 2317 5732 μὴ
2361 5662 2510 5724 ὕντος
2539 5660 2659 5713 οὔτε
2693 5661 2926 5729 διαφορὰ
2958 5661 3023 5713 ἂν
3053 5661 3157 5730 εἴη.
3193 5660 3314 5722 Πῶς
3345 5660 3455 5730 γὰρ
3485 5660 3669 5722 διαφέ-
