  <div class='ocr_page' id='page_1' title='image "/cluster/home/n/w/nwhite01/storage/ocr_20150623/94/hvd.32044073502098/730.png"; bbox 0 0 3962 6202; ppageno 0'>
   <div class='ocr_carea' id='block_1_1' title="bbox 320 233 461 300">
    <p class='ocr_par' dir='ltr' id='par_1_1' title="bbox 320 233 461 300">
     <span class='ocr_line' id='line_1_1' title="bbox 320 233 461 300; baseline 0 -1"><span class='ocrx_word' id='word_1_1' title='bbox 320 233 461 300; x_wconf 72' lang='grc'>1449</span> 
     </span>
    </p>
   </div>
   <div class='ocr_carea' id='block_1_2' title="bbox 1581 235 2331 296">
    <p class='ocr_par' dir='ltr' id='par_1_2' title="bbox 1581 235 2331 296">
     <span class='ocr_line' id='line_1_2' title="bbox 1581 235 2331 296; baseline 0.001 -3"><span class='ocrx_word' id='word_1_2' title='bbox 1581 235 1875 294; x_wconf 76' lang='lat' dir='ltr'><strong>CONTRA</strong></span> <span class='ocrx_word' id='word_1_3' title='bbox 1914 236 2331 296; x_wconf 66' lang='lat' dir='ltr'><strong>JACOBITAS.</strong></span> 
     </span>
    </p>
   </div>
   <div class='ocr_carea' id='block_1_3' title="bbox 3428 248 3562 315">
    <p class='ocr_par' dir='ltr' id='par_1_3' title="bbox 3428 248 3562 315">
     <span class='ocr_line' id='line_1_3' title="bbox 3428 248 3562 315; baseline 0.03 -4"><span class='ocrx_word' id='word_1_4' title='bbox 3428 248 3562 315; x_wconf 72' lang='grc'><strong>1450</strong></span> 
     </span>
    </p>
   </div>
   <div class='ocr_carea' id='block_1_4' title="bbox 320 336 1873 429">
    <p class='ocr_par' dir='ltr' id='par_1_4' title="bbox 320 346 1873 420">
     <span class='ocr_line' id='line_1_4' title="bbox 320 346 1873 420; baseline -0.003 -19"><span class='ocrx_word' id='word_1_5' title='bbox 320 366 480 420; x_wconf 80' lang='grc' dir='ltr'><strong>ρουσι</strong></span> <span class='ocrx_word' id='word_1_6' title='bbox 507 348 574 404; x_wconf 77' lang='grc' dir='ltr'>τὰ</span> <span class='ocrx_word' id='word_1_7' title='bbox 608 348 682 419; x_wconf 82' lang='grc' dir='ltr'>μὴ</span> <span class='ocrx_word' id='word_1_8' title='bbox 733 348 1012 417; x_wconf 72' lang='grc' dir='ltr'><strong>σωζόμενα</strong></span> <span class='ocrx_word' id='word_1_9' title='bbox 1038 388 1051 409; x_wconf 84' lang='grc'><strong>,</strong></span> <span class='ocrx_word' id='word_1_10' title='bbox 1092 347 1141 399; x_wconf 76' lang='lat' dir='ltr'><strong>si</strong></span> <span class='ocrx_word' id='word_1_11' title='bbox 1180 347 1235 399; x_wconf 75' lang='grc' dir='ltr'><strong>δὲ</strong></span> <span class='ocrx_word' id='word_1_12' title='bbox 1266 347 1434 408; x_wconf 74' lang='grc' dir='ltr'>ὅντως</span> <span class='ocrx_word' id='word_1_13' title='bbox 1469 346 1757 412; x_wconf 70' lang='grc' dir='ltr'><strong>σώζονται,</strong></span> <span class='ocrx_word' id='word_1_14' title='bbox 1792 349 1873 400; x_wconf 54' lang='grc' dir='ltr'><strong>καλ</strong></span> 
     </span>
    </p>
   </div>
   <div class='ocr_carea' id='block_1_5' title="bbox 1980 336 3568 429">
    <p class='ocr_par' dir='ltr' id='par_1_5' title="bbox 1988 336 3568 429">
     <span class='ocr_line' id='line_1_5' title="bbox 1988 336 3568 429; baseline 0.011 -30"><span class='ocrx_word' id='word_1_15' title='bbox 1988 349 2194 400; x_wconf 81' lang='lat' dir='ltr'><strong>crimen</strong></span> <span class='ocrx_word' id='word_1_16' title='bbox 2259 336 2519 403; x_wconf 74' lang='lat' dir='ltr'><strong>asseritis</strong></span> <span class='ocrx_word' id='word_1_17' title='bbox 2540 391 2553 414; x_wconf 87' lang='lat'><strong>,</strong></span> <span class='ocrx_word' id='word_1_18' title='bbox 2584 350 2826 420; x_wconf 88' lang='lat' dir='ltr'><strong>integras</strong></span> <span class='ocrx_word' id='word_1_19' title='bbox 2858 354 3090 411; x_wconf 83' lang='lat' dir='ltr'><strong>subinde</strong></span> <span class='ocrx_word' id='word_1_20' title='bbox 3122 357 3413 429; x_wconf 78' lang='lat' dir='ltr'><strong>salvasque</strong></span> <span class='ocrx_word' id='word_1_21' title='bbox 3444 376 3568 416; x_wconf 88' lang='lat' dir='ltr'><strong>eas-</strong></span> 
     </span>
    </p>
   </div>
   <div class='ocr_carea' id='block_1_6' title="bbox 319 438 784 509">
    <p class='ocr_par' dir='ltr' id='par_1_6' title="bbox 319 438 784 509">
     <span class='ocr_line' id='line_1_6' title="bbox 319 438 784 509; baseline -0.004 -18"><span class='ocrx_word' id='word_1_22' title='bbox 319 438 784 509; x_wconf 66' lang='grc' dir='ltr'><strong>ἁριθμείοίθωσαν.</strong></span> 
     </span>
    </p>
   </div>
   <div class='ocr_carea' id='block_1_7' title="bbox 1995 440 3562 518">
    <p class='ocr_par' dir='ltr' id='par_1_7' title="bbox 1995 440 3562 518">
     <span class='ocr_line' id='line_1_7' title="bbox 1995 440 3562 518; baseline 0.008 -25"><span class='ocrx_word' id='word_1_23' title='bbox 1995 440 2117 493; x_wconf 83' lang='lat' dir='ltr'><strong>deut</strong></span> <span class='ocrx_word' id='word_1_24' title='bbox 2142 441 2330 494; x_wconf 71' lang='lat' dir='ltr'><strong>dicere</strong></span> <span class='ocrx_word' id='word_1_25' title='bbox 2353 441 2646 509; x_wconf 85' lang='lat' dir='ltr'><strong>cogemini.</strong></span> <span class='ocrx_word' id='word_1_26' title='bbox 2680 441 2811 511; x_wconf 84' lang='lat' dir='ltr'><strong>Ejus</strong></span> <span class='ocrx_word' id='word_1_27' title='bbox 2837 446 2981 500; x_wconf 91' lang='lat' dir='ltr'><strong>enim</strong></span> <span class='ocrx_word' id='word_1_28' title='bbox 3008 449 3151 517; x_wconf 64' lang='grc' dir='ltr'><strong>(μιθά</strong></span> <span class='ocrx_word' id='word_1_29' title='bbox 3180 464 3287 504; x_wconf 88' lang='lat' dir='ltr'><strong>non</strong></span> <span class='ocrx_word' id='word_1_30' title='bbox 3315 462 3430 518; x_wconf 80' lang='lat' dir='ltr'><strong>est,</strong></span> <span class='ocrx_word' id='word_1_31' title='bbox 3460 468 3562 506; x_wconf 83' lang='lat' dir='ltr'><strong>nec</strong></span> 
     </span>
    </p>
   </div>
   <div class='ocr_carea' id='block_1_8' title="bbox 318 528 3562 609">
    <p class='ocr_par' dir='ltr' id='par_1_8' title="bbox 318 528 3562 609">
     <span class='ocr_line' id='line_1_8' title="bbox 318 528 3562 609; baseline 0.003 -21"><span class='ocrx_word' id='word_1_32' title='bbox 318 534 630 589; x_wconf 64' lang='lat' dir='ltr'><strong>maerentia</strong></span> <span class='ocrx_word' id='word_1_33' title='bbox 652 547 775 587; x_wconf 84' lang='lat' dir='ltr'><strong>esse</strong></span> <span class='ocrx_word' id='word_1_34' title='bbox 809 533 1000 601; x_wconf 80' lang='lat' dir='ltr'><strong>possit.</strong></span> <span class='ocrx_word' id='word_1_35' title='bbox 1025 532 1147 597; x_wconf 83' lang='lat' dir='ltr'><strong>Quo</strong></span> <span class='ocrx_word' id='word_1_36' title='bbox 1167 531 1372 589; x_wconf 87' lang='lat' dir='ltr'><strong>etenim</strong></span> <span class='ocrx_word' id='word_1_37' title='bbox 1399 538 1560 598; x_wconf 74' lang='lat' dir='ltr'><strong>pacto</strong></span> <span class='ocrx_word' id='word_1_38' title='bbox 1589 528 1846 584; x_wconf 61' lang='lat' dir='ltr'><strong>diﬁerant</strong></span> <span class='ocrx_word' id='word_1_39' title='bbox 1898 548 2020 597; x_wconf 62' lang='lat' dir='ltr'><strong>qtae</strong></span> <span class='ocrx_word' id='word_1_40' title='bbox 2066 534 2218 586; x_wconf 81' lang='lat' dir='ltr'><strong>salva</strong></span> <span class='ocrx_word' id='word_1_41' title='bbox 2250 549 2358 587; x_wconf 92' lang='lat' dir='ltr'><strong>non</strong></span> <span class='ocrx_word' id='word_1_42' title='bbox 2395 537 2652 589; x_wconf 72' lang='lat' dir='ltr'><strong>exstant?</strong></span> <span class='ocrx_word' id='word_1_43' title='bbox 2712 534 2872 602; x_wconf 79' lang='lat' dir='ltr'><strong>Quod</strong></span> <span class='ocrx_word' id='word_1_44' title='bbox 2953 542 2998 593; x_wconf 89' lang='lat' dir='ltr'>si</span> <span class='ocrx_word' id='word_1_45' title='bbox 3042 557 3173 597; x_wconf 82' lang='lat' dir='ltr'><strong>vero</strong></span> <span class='ocrx_word' id='word_1_46' title='bbox 3211 546 3359 599; x_wconf 84' lang='lat' dir='ltr'><strong>salva</strong></span> <span class='ocrx_word' id='word_1_47' title='bbox 3407 553 3562 609; x_wconf 89' lang='lat' dir='ltr'><strong>sunt,</strong></span> 
     </span>
    </p>
   </div>
   <div class='ocr_carea' id='block_1_9' title="bbox 315 631 943 694">
    <p class='ocr_par' dir='ltr' id='par_1_9' title="bbox 315 631 943 694">
     <span class='ocr_line' id='line_1_9' title="bbox 315 631 943 694; baseline -0.003 -14"><span class='ocrx_word' id='word_1_48' title='bbox 315 640 451 694; x_wconf 79' lang='lat' dir='ltr'><strong>ergo</strong></span> <span class='ocrx_word' id='word_1_49' title='bbox 483 631 539 679; x_wconf 85' lang='lat' dir='ltr'><strong>et</strong></span> <span class='ocrx_word' id='word_1_50' title='bbox 566 631 943 678; x_wconf 85' lang='lat' dir='ltr'><strong>numerantur.</strong></span> 
     </span>
    </p>
   </div>
   <div class='ocr_carea' id='block_1_10' title="bbox 390 710 1881 781">
    <p class='ocr_par' dir='ltr' id='par_1_10' title="bbox 390 710 1881 781">
     <span class='ocr_line' id='line_1_10' title="bbox 390 710 1881 781; baseline -0.005 -13"><span class='ocrx_word' id='word_1_51' title='bbox 390 716 489 769; x_wconf 81' lang='grc' dir='ltr'><strong>κδ’.</strong></span> <span class='ocrx_word' id='word_1_52' title='bbox 542 714 604 766; x_wconf 82' lang='lat' dir='ltr'><strong>Ei</strong></span> <span class='ocrx_word' id='word_1_53' title='bbox 645 713 701 767; x_wconf 82' lang='grc' dir='ltr'><em>δέ</em></span> <span class='ocrx_word' id='word_1_54' title='bbox 736 730 872 781; x_wconf 80' lang='grc' dir='ltr'><strong>φατε</strong></span> <span class='ocrx_word' id='word_1_55' title='bbox 902 753 917 775; x_wconf 93' lang='grc'><strong>,</strong></span> <span class='ocrx_word' id='word_1_56' title='bbox 963 712 1039 774; x_wconf 82' lang='grc' dir='ltr'>ὡς</span> <span class='ocrx_word' id='word_1_57' title='bbox 1076 712 1141 764; x_wconf 74' lang='grc' dir='ltr'><strong>ἐκ</strong></span> <span class='ocrx_word' id='word_1_58' title='bbox 1192 710 1286 763; x_wconf 86' lang='grc' dir='ltr'><strong>δύο</strong></span> <span class='ocrx_word' id='word_1_59' title='bbox 1320 710 1535 778; x_wconf 81' lang='grc' dir='ltr'><strong>φύσεων</strong></span> <span class='ocrx_word' id='word_1_60' title='bbox 1583 710 1681 779; x_wconf 79' lang='grc' dir='ltr'><strong>μία</strong></span> <span class='ocrx_word' id='word_1_61' title='bbox 1720 710 1881 778; x_wconf 80' lang='grc' dir='ltr'><strong>φύσις</strong></span> 
     </span>
    </p>
   </div>
   <div class='ocr_carea' id='block_1_11' title="bbox 317 800 1883 877">
    <p class='ocr_par' dir='ltr' id='par_1_11' title="bbox 317 800 1883 877">
     <span class='ocr_line' id='line_1_11' title="bbox 317 800 1883 877; baseline -0.004 -17"><span class='ocrx_word' id='word_1_62' title='bbox 317 806 655 877; x_wconf 71' lang='grc' dir='ltr'><strong>ἐχρημάτισε</strong></span> <span class='ocrx_word' id='word_1_63' title='bbox 688 805 972 869; x_wconf 89' lang='grc' dir='ltr'><strong>σύνθετος,</strong></span> <span class='ocrx_word' id='word_1_64' title='bbox 1003 805 1194 858; x_wconf 72' lang='grc' dir='ltr'><strong>εἴπατε</strong></span> <span class='ocrx_word' id='word_1_65' title='bbox 1225 804 1361 871; x_wconf 82' lang='grc' dir='ltr'>ἡμῖν</span> <span class='ocrx_word' id='word_1_66' title='bbox 1390 801 1507 863; x_wconf 83' lang='grc' dir='ltr'><strong>πῶς</strong></span> <span class='ocrx_word' id='word_1_67' title='bbox 1540 800 1883 854; x_wconf 78' lang='grc' dir='ltr'><strong>συντίθεσθαι</strong></span> 
     </span>
    </p>
   </div>
   <div class='ocr_carea' id='block_1_12' title="bbox 316 891 1883 968">
    <p class='ocr_par' dir='ltr' id='par_1_12' title="bbox 316 891 1883 968">
     <span class='ocr_line' id='line_1_12' title="bbox 316 891 1883 968; baseline -0.004 -17"><span class='ocrx_word' id='word_1_68' title='bbox 316 906 386 951; x_wconf 71' lang='grc' dir='ltr'><strong>τὰ</strong></span> <span class='ocrx_word' id='word_1_69' title='bbox 419 898 494 968; x_wconf 81' lang='grc' dir='ltr'><strong>μὴ</strong></span> <span class='ocrx_word' id='word_1_70' title='bbox 526 896 885 966; x_wconf 80' lang='grc' dir='ltr'><strong>συντιθέμενα</strong></span> <span class='ocrx_word' id='word_1_71' title='bbox 912 896 1123 966; x_wconf 82' lang='grc' dir='ltr'><strong>πέφυκε</strong></span> <span class='ocrx_word' id='word_1_72' title='bbox 1151 912 1166 958; x_wconf 91' lang='grc'>;</span> <span class='ocrx_word' id='word_1_73' title='bbox 1216 894 1331 948; x_wconf 79' lang='grc' dir='ltr'><strong>Μία</strong></span> <span class='ocrx_word' id='word_1_74' title='bbox 1360 894 1468 964; x_wconf 84' lang='grc' dir='ltr'>γὰρ</span> <span class='ocrx_word' id='word_1_75' title='bbox 1497 892 1660 962; x_wconf 84' lang='grc' dir='ltr'><strong>φύσις</strong></span> <span class='ocrx_word' id='word_1_76' title='bbox 1696 891 1883 945; x_wconf 84' lang='grc' dir='ltr'><strong>σύνθε-</strong></span> 
     </span>
    </p>
   </div>
   <div class='ocr_carea' id='block_1_13' title="bbox 316 985 1881 1059">
    <p class='ocr_par' dir='ltr' id='par_1_13' title="bbox 316 985 1881 1059">
     <span class='ocr_line' id='line_1_13' title="bbox 316 985 1881 1059; baseline -0.005 -16"><span class='ocrx_word' id='word_1_77' title='bbox 316 1009 408 1054; x_wconf 84' lang='grc' dir='ltr'><strong>τος</strong></span> <span class='ocrx_word' id='word_1_78' title='bbox 432 992 496 1043; x_wconf 73' lang='grc' dir='ltr'><strong>ἐκ</strong></span> <span class='ocrx_word' id='word_1_79' title='bbox 516 990 790 1059; x_wconf 73' lang='grc' dir='ltr'>διαφόρων</span> <span class='ocrx_word' id='word_1_80' title='bbox 819 988 1128 1041; x_wconf 77' lang='grc' dir='ltr'><strong>συνίσταται</strong></span> <span class='ocrx_word' id='word_1_81' title='bbox 1160 987 1397 1053; x_wconf 83' lang='grc' dir='ltr'><strong>φύσεων,</strong></span> <span class='ocrx_word' id='word_1_82' title='bbox 1432 988 1557 1039; x_wconf 83' lang='grc' dir='ltr'><strong>ὅταν</strong></span> <span class='ocrx_word' id='word_1_83' title='bbox 1579 985 1881 1054; x_wconf 77' lang='grc' dir='ltr'>ὲνουμὲνων</span> 
     </span>
    </p>
   </div>
   <div class='ocr_carea' id='block_1_14' title="bbox 318 1075 1883 1151">
    <p class='ocr_par' dir='ltr' id='par_1_14' title="bbox 318 1075 1883 1151">
     <span class='ocr_line' id='line_1_14' title="bbox 318 1075 1883 1151; baseline -0.008 -14"><span class='ocrx_word' id='word_1_84' title='bbox 318 1082 558 1151; x_wconf 80' lang='grc' dir='ltr'><strong>φύσεων,</strong></span> <span class='ocrx_word' id='word_1_85' title='bbox 590 1079 777 1149; x_wconf 71' lang='grc' dir='ltr'>ἔτερόν</span> <span class='ocrx_word' id='word_1_86' title='bbox 821 1097 875 1132; x_wconf 89' lang='grc' dir='ltr'><strong>τι</strong></span> <span class='ocrx_word' id='word_1_87' title='bbox 906 1078 1055 1149; x_wconf 84' lang='grc' dir='ltr'>παρὰ</span> <span class='ocrx_word' id='word_1_88' title='bbox 1091 1079 1160 1130; x_wconf 82' lang='grc' dir='ltr'><strong>τὰ</strong></span> <span class='ocrx_word' id='word_1_89' title='bbox 1187 1076 1456 1130; x_wconf 78' lang='grc' dir='ltr'><strong>ὲνωθέντα</strong></span> <span class='ocrx_word' id='word_1_90' title='bbox 1496 1075 1558 1128; x_wconf 82' lang='grc' dir='ltr'><strong>τὸ</strong></span> <span class='ocrx_word' id='word_1_91' title='bbox 1590 1075 1883 1130; x_wconf 82' lang='grc' dir='ltr'>ἀποτελού-</span> 
     </span>
    </p>
   </div>
   <div class='ocr_carea' id='block_1_15' title="bbox 320 1167 1882 1243">
    <p class='ocr_par' dir='ltr' id='par_1_15' title="bbox 320 1167 1882 1243">
     <span class='ocr_line' id='line_1_15' title="bbox 320 1167 1882 1243; baseline -0.004 -19"><span class='ocrx_word' id='word_1_92' title='bbox 320 1190 481 1243; x_wconf 79' lang='grc' dir='ltr'>μενον</span> <span class='ocrx_word' id='word_1_93' title='bbox 519 1171 759 1241; x_wconf 75' lang='grc' dir='ltr'>γίνηται,</span> <span class='ocrx_word' id='word_1_94' title='bbox 789 1170 883 1223; x_wconf 75' lang='grc' dir='ltr'><strong>καὶ</strong></span> <span class='ocrx_word' id='word_1_95' title='bbox 914 1170 1052 1239; x_wconf 82' lang='grc' dir='ltr'>μήτε</span> <span class='ocrx_word' id='word_1_96' title='bbox 1079 1168 1239 1222; x_wconf 82' lang='grc' dir='ltr'>τοῦτο</span> <span class='ocrx_word' id='word_1_97' title='bbox 1260 1167 1486 1237; x_wconf 80' lang='grc' dir='ltr'><strong>κυρίως,</strong></span> <span class='ocrx_word' id='word_1_98' title='bbox 1523 1167 1661 1235; x_wconf 80' lang='grc' dir='ltr'><strong>μήτε</strong></span> <span class='ocrx_word' id='word_1_99' title='bbox 1684 1167 1882 1226; x_wconf 72' lang='grc' dir='ltr'>ἐκεῖνο,</span> 
     </span>
    </p>
   </div>
   <div class='ocr_carea' id='block_1_16' title="bbox 316 1258 1884 1334">
    <p class='ocr_par' dir='ltr' id='par_1_16' title="bbox 316 1258 1884 1334">
     <span class='ocr_line' id='line_1_16' title="bbox 316 1258 1884 1334; baseline -0.004 -17"><span class='ocrx_word' id='word_1_100' title='bbox 316 1265 430 1318; x_wconf 82' lang='grc' dir='ltr'>ἀλλ’</span> <span class='ocrx_word' id='word_1_101' title='bbox 456 1264 653 1334; x_wconf 71' lang='grc' dir='ltr'>ἕτερον</span> <span class='ocrx_word' id='word_1_102' title='bbox 680 1263 865 1333; x_wconf 80' lang='grc' dir='ltr'>νοῆται</span> <span class='ocrx_word' id='word_1_103' title='bbox 889 1261 987 1315; x_wconf 73' lang='grc' dir='ltr'><strong>καὶ</strong></span> <span class='ocrx_word' id='word_1_104' title='bbox 1012 1261 1264 1331; x_wconf 73' lang='grc' dir='ltr'><strong>λέγηταιο</strong></span> <span class='ocrx_word' id='word_1_105' title='bbox 1296 1259 1374 1323; x_wconf 80' lang='grc' dir='ltr'>ὡς</span> <span class='ocrx_word' id='word_1_106' title='bbox 1405 1258 1513 1312; x_wconf 71' lang='grc' dir='ltr'><strong>ἀπὸ</strong></span> <span class='ocrx_word' id='word_1_107' title='bbox 1546 1259 1657 1311; x_wconf 76' lang='grc' dir='ltr'><strong>τῶν</strong></span> <span class='ocrx_word' id='word_1_108' title='bbox 1687 1259 1884 1311; x_wconf 80' lang='grc' dir='ltr'><strong>τεσσά-</strong></span> 
     </span>
    </p>
   </div>
   <div class='ocr_carea' id='block_1_17' title="bbox 315 1349 1888 1426">
    <p class='ocr_par' dir='ltr' id='par_1_17' title="bbox 315 1349 1888 1426">
     <span class='ocr_line' id='line_1_17' title="bbox 315 1349 1888 1426; baseline -0.004 -17"><span class='ocrx_word' id='word_1_109' title='bbox 315 1373 431 1426; x_wconf 83' lang='grc' dir='ltr'>ρων</span> <span class='ocrx_word' id='word_1_110' title='bbox 471 1354 787 1426; x_wconf 73' lang='grc' dir='ltr'><strong>στοιχείων,</strong></span> <span class='ocrx_word' id='word_1_111' title='bbox 816 1354 986 1424; x_wconf 77' lang='grc' dir='ltr'>πυρός</span> <span class='ocrx_word' id='word_1_112' title='bbox 1017 1369 1183 1422; x_wconf 83' lang='grc' dir='ltr'>φημι,</span> <span class='ocrx_word' id='word_1_113' title='bbox 1220 1350 1313 1404; x_wconf 76' lang='grc' dir='ltr'><strong>καὶ</strong></span> <span class='ocrx_word' id='word_1_114' title='bbox 1338 1349 1497 1421; x_wconf 82' lang='grc' dir='ltr'>ἀέρος</span> <span class='ocrx_word' id='word_1_115' title='bbox 1522 1393 1537 1416; x_wconf 89' lang='grc'><strong>,</strong></span> <span class='ocrx_word' id='word_1_116' title='bbox 1567 1350 1670 1419; x_wconf 82' lang='grc' dir='ltr'><strong>γῆς</strong></span> <span class='ocrx_word' id='word_1_117' title='bbox 1703 1366 1761 1401; x_wconf 87' lang='grc' dir='ltr'><strong>τε</strong></span> <span class='ocrx_word' id='word_1_118' title='bbox 1793 1351 1888 1403; x_wconf 72' lang='grc' dir='ltr'><strong>καὶ</strong></span> 
     </span>
    </p>
   </div>
   <div class='ocr_carea' id='block_1_18' title="bbox 316 1440 1885 1516">
    <p class='ocr_par' dir='ltr' id='par_1_18' title="bbox 316 1440 1885 1516">
     <span class='ocr_line' id='line_1_18' title="bbox 316 1440 1885 1516; baseline -0.008 -13"><span class='ocrx_word' id='word_1_119' title='bbox 316 1448 526 1511; x_wconf 73' lang='grc' dir='ltr'>ὕδατος,</span> <span class='ocrx_word' id='word_1_120' title='bbox 563 1446 794 1516; x_wconf 76' lang='grc' dir='ltr'><strong>συσταίη</strong></span> <span class='ocrx_word' id='word_1_121' title='bbox 827 1444 1006 1514; x_wconf 73' lang='grc' dir='ltr'><strong>σῶμα,</strong></span> <span class='ocrx_word' id='word_1_122' title='bbox 1058 1442 1361 1513; x_wconf 70' lang='grc' dir='ltr'>ἑνουμένων</span> <span class='ocrx_word' id='word_1_123' title='bbox 1392 1440 1592 1512; x_wconf 81' lang='grc' dir='ltr'>δηλαδὴ</span> <span class='ocrx_word' id='word_1_124' title='bbox 1620 1440 1730 1493; x_wconf 84' lang='grc' dir='ltr'><strong>τῶν</strong></span> <span class='ocrx_word' id='word_1_125' title='bbox 1758 1457 1885 1492; x_wconf 87' lang='grc' dir='ltr'><strong>τεσ-</strong></span> 
     </span>
    </p>
   </div>
   <div class='ocr_carea' id='block_1_19' title="bbox 294 1531 1877 1609">
    <p class='ocr_par' dir='ltr' id='par_1_19' title="bbox 294 1531 1877 1609">
     <span class='ocr_line' id='line_1_19' title="bbox 294 1531 1877 1609; baseline -0.006 -18"><span class='ocrx_word' id='word_1_126' title='bbox 294 1541 499 1609; x_wconf 71' lang='grc' dir='ltr'>σάρων</span> <span class='ocrx_word' id='word_1_127' title='bbox 540 1538 633 1591; x_wconf 77' lang='grc' dir='ltr'><strong>καὶ</strong></span> <span class='ocrx_word' id='word_1_128' title='bbox 670 1537 1137 1606; x_wconf 67' lang='grc' dir='ltr'>σνγκιρναμένων.</span> <span class='ocrx_word' id='word_1_129' title='bbox 1173 1534 1287 1587; x_wconf 61' lang='grc' dir='ltr'><strong>Καὶ</strong></span> <span class='ocrx_word' id='word_1_130' title='bbox 1323 1534 1386 1586; x_wconf 80' lang='grc' dir='ltr'><strong>τὸ</strong></span> <span class='ocrx_word' id='word_1_131' title='bbox 1427 1531 1877 1600; x_wconf 72' lang='grc' dir='ltr'><strong>ἀποτελούμενον,</strong></span> 
     </span>
    </p>
   </div>
   <div class='ocr_carea' id='block_1_20' title="bbox 308 1603 1952 1698">
    <p class='ocr_par' dir='ltr' id='par_1_20' title="bbox 308 1603 1952 1698">
     <span class='ocr_line' id='line_1_20' title="bbox 308 1603 1952 1698; baseline -0.005 -15"><span class='ocrx_word' id='word_1_132' title='bbox 308 1603 439 1683; x_wconf 71' lang='grc' dir='ltr'><strong>οὔτε</strong></span> <span class='ocrx_word' id='word_1_133' title='bbox 466 1628 576 1698; x_wconf 79' lang='grc' dir='ltr'>πῦρ</span> <span class='ocrx_word' id='word_1_134' title='bbox 605 1603 926 1689; x_wconf 15' lang='grc' dir='ltr'><strong>ὲστινγνούτε</strong></span> <span class='ocrx_word' id='word_1_135' title='bbox 946 1603 1191 1694; x_wconf 74' lang='grc' dir='ltr'><strong>λέγεται,</strong></span> <span class='ocrx_word' id='word_1_136' title='bbox 1221 1625 1345 1677; x_wconf 64' lang='grc' dir='ltr'><strong>οὔτε</strong></span> <span class='ocrx_word' id='word_1_137' title='bbox 1394 1625 1522 1694; x_wconf 74' lang='grc' dir='ltr'>ἀὴρ,</span> <span class='ocrx_word' id='word_1_138' title='bbox 1555 1622 1675 1676; x_wconf 72' lang='grc' dir='ltr'><strong>οὔτε</strong></span> <span class='ocrx_word' id='word_1_139' title='bbox 1704 1623 1875 1692; x_wconf 78' lang='grc' dir='ltr'>ὕδωρ,</span> <span class='ocrx_word' id='word_1_140' title='bbox 1913 1603 1952 1655; x_wconf 71' lang='grc' dir='ltr'><strong>Β</strong></span> 
     </span>
    </p>
   </div>
   <div class='ocr_carea' id='block_1_21' title="bbox 306 1714 1874 1787">
    <p class='ocr_par' dir='ltr' id='par_1_21' title="bbox 306 1714 1874 1787">
     <span class='ocr_line' id='line_1_21' title="bbox 306 1714 1874 1787; baseline -0.006 -13"><span class='ocrx_word' id='word_1_141' title='bbox 306 1720 436 1774; x_wconf 79' lang='grc' dir='ltr'><strong>οὔτε</strong></span> <span class='ocrx_word' id='word_1_142' title='bbox 460 1719 553 1787; x_wconf 82' lang='grc' dir='ltr'>γῆ,</span> <span class='ocrx_word' id='word_1_143' title='bbox 587 1718 700 1771; x_wconf 77' lang='grc' dir='ltr'>ἀλλ’</span> <span class='ocrx_word' id='word_1_144' title='bbox 721 1718 786 1770; x_wconf 77' lang='grc' dir='ltr'><strong>ὲκ</strong></span> <span class='ocrx_word' id='word_1_145' title='bbox 808 1716 1013 1771; x_wconf 82' lang='grc' dir='ltr'><strong>τούτων</strong></span> <span class='ocrx_word' id='word_1_146' title='bbox 1041 1716 1197 1787; x_wconf 83' lang='grc' dir='ltr'>παρὰ</span> <span class='ocrx_word' id='word_1_147' title='bbox 1225 1715 1400 1769; x_wconf 79' lang='grc' dir='ltr'><strong>ταῦτα</strong></span> <span class='ocrx_word' id='word_1_148' title='bbox 1421 1716 1626 1784; x_wconf 68' lang='grc' dir='ltr'><strong>ἕτερον.</strong></span> <span class='ocrx_word' id='word_1_149' title='bbox 1644 1714 1874 1784; x_wconf 60' lang='grc' dir='ltr'><strong>’σιμοιως</strong></span> 
     </span>
    </p>
   </div>
   <div class='ocr_carea' id='block_1_22' title="bbox 306 1805 1875 1876">
    <p class='ocr_par' dir='ltr' id='par_1_22' title="bbox 306 1805 1875 1876">
     <span class='ocr_line' id='line_1_22' title="bbox 306 1805 1875 1876; baseline -0.013 -10"><span class='ocrx_word' id='word_1_150' title='bbox 306 1812 420 1865; x_wconf 68' lang='grc' dir='ltr'><strong>ἀπὸ</strong></span> <span class='ocrx_word' id='word_1_151' title='bbox 453 1811 619 1863; x_wconf 75' lang='grc' dir='ltr'>ἵππου</span> <span class='ocrx_word' id='word_1_152' title='bbox 649 1810 744 1862; x_wconf 78' lang='grc' dir='ltr'><strong>καὶ</strong></span> <span class='ocrx_word' id='word_1_153' title='bbox 778 1809 900 1861; x_wconf 71' lang='grc' dir='ltr'>ὄνου</span> <span class='ocrx_word' id='word_1_154' title='bbox 934 1808 1159 1876; x_wconf 80' lang='grc' dir='ltr'><strong>ἡμίονος</strong></span> <span class='ocrx_word' id='word_1_155' title='bbox 1185 1846 1199 1871; x_wconf 90' lang='grc'><strong>,</strong></span> <span class='ocrx_word' id='word_1_156' title='bbox 1239 1807 1333 1859; x_wconf 78' lang='grc' dir='ltr'><strong>καὶ</strong></span> <span class='ocrx_word' id='word_1_157' title='bbox 1364 1806 1472 1859; x_wconf 74' lang='grc' dir='ltr'><strong>οὐδ’</strong></span> <span class='ocrx_word' id='word_1_158' title='bbox 1515 1806 1678 1868; x_wconf 79' lang='grc' dir='ltr'>ἵππος</span> <span class='ocrx_word' id='word_1_159' title='bbox 1702 1846 1717 1870; x_wconf 80' lang='grc'><strong>,</strong></span> <span class='ocrx_word' id='word_1_160' title='bbox 1754 1805 1875 1857; x_wconf 52' lang='grc' dir='ltr'>οὑδὲ</span> 
     </span>
    </p>
   </div>
   <div class='ocr_carea' id='block_1_23' title="bbox 312 1894 1871 1967">
    <p class='ocr_par' dir='ltr' id='par_1_23' title="bbox 312 1894 1871 1967">
     <span class='ocr_line' id='line_1_23' title="bbox 312 1894 1871 1967; baseline -0.004 -12"><span class='ocrx_word' id='word_1_161' title='bbox 312 1902 431 1965; x_wconf 69' lang='grc' dir='ltr'>ὄνος</span> <span class='ocrx_word' id='word_1_162' title='bbox 449 1902 619 1964; x_wconf 65' lang='grc' dir='ltr'>ἐστιν,</span> <span class='ocrx_word' id='word_1_163' title='bbox 649 1900 769 1954; x_wconf 82' lang='grc' dir='ltr'><strong>οὐδὲ</strong></span> <span class='ocrx_word' id='word_1_164' title='bbox 794 1900 1036 1967; x_wconf 80' lang='grc' dir='ltr'><strong>λέγεται,</strong></span> <span class='ocrx_word' id='word_1_165' title='bbox 1061 1898 1175 1952; x_wconf 77' lang='grc' dir='ltr'>ἀλλ’</span> <span class='ocrx_word' id='word_1_166' title='bbox 1203 1900 1267 1952; x_wconf 81' lang='grc' dir='ltr'><strong>ὲκ</strong></span> <span class='ocrx_word' id='word_1_167' title='bbox 1289 1898 1495 1952; x_wconf 72' lang='grc' dir='ltr'><strong>τούτων</strong></span> <span class='ocrx_word' id='word_1_168' title='bbox 1526 1897 1674 1967; x_wconf 80' lang='grc' dir='ltr'><strong>παρὰ</strong></span> <span class='ocrx_word' id='word_1_169' title='bbox 1699 1894 1871 1949; x_wconf 81' lang='grc' dir='ltr'><strong>ταῦτα</strong></span> 
     </span>
    </p>
   </div>
   <div class='ocr_carea' id='block_1_24' title="bbox 305 1988 1917 2063">
    <p class='ocr_par' dir='ltr' id='par_1_24' title="bbox 305 1988 1917 2063">
     <span class='ocr_line' id='line_1_24' title="bbox 305 1988 1917 2063; baseline -0.004 -16"><span class='ocrx_word' id='word_1_170' title='bbox 305 1994 517 2063; x_wconf 71' lang='grc' dir='ltr'><strong>ἕτερον.</strong></span> <span class='ocrx_word' id='word_1_171' title='bbox 584 1992 645 2046; x_wconf 82' lang='grc'><strong>’0</strong></span> <span class='ocrx_word' id='word_1_172' title='bbox 682 1992 740 2045; x_wconf 71' lang='grc' dir='ltr'><strong>δὲ</strong></span> <span class='ocrx_word' id='word_1_173' title='bbox 790 1991 993 2061; x_wconf 82' lang='grc' dir='ltr'>Κύριος</span> <span class='ocrx_word' id='word_1_174' title='bbox 1057 1990 1215 2060; x_wconf 75' lang='grc' dir='ltr'>ἡμῶν</span> <span class='ocrx_word' id='word_1_175' title='bbox 1278 1988 1485 2059; x_wconf 78' lang='grc' dir='ltr'>Ἰησοῦς</span> <span class='ocrx_word' id='word_1_176' title='bbox 1520 1989 1753 2059; x_wconf 78' lang='grc' dir='ltr'>Χριστὸς</span> <span class='ocrx_word' id='word_1_177' title='bbox 1806 1989 1917 2040; x_wconf 52' lang='grc' dir='ltr'><strong>ὲκν</strong></span> 
     </span>
    </p>
   </div>
   <div class='ocr_carea' id='block_1_25' title="bbox 310 2081 1873 2153">
    <p class='ocr_par' dir='ltr' id='par_1_25' title="bbox 310 2081 1873 2153">
     <span class='ocr_line' id='line_1_25' title="bbox 310 2081 1873 2153; baseline -0.004 -16"><span class='ocrx_word' id='word_1_178' title='bbox 310 2084 561 2151; x_wconf 74' lang='grc' dir='ltr'><strong>θεότητος</strong></span> <span class='ocrx_word' id='word_1_179' title='bbox 602 2082 676 2136; x_wconf 78' lang='grc' dir='ltr'>ὢν</span> <span class='ocrx_word' id='word_1_180' title='bbox 710 2082 1283 2153; x_wconf 64' lang='grc' dir='ltr'>καὶὰνθριπότητος,</span> <span class='ocrx_word' id='word_1_181' title='bbox 1321 2084 1379 2133; x_wconf 85' lang='grc' dir='ltr'>ὲν</span> <span class='ocrx_word' id='word_1_182' title='bbox 1410 2081 1624 2149; x_wconf 77' lang='grc' dir='ltr'><strong>θεότητί</strong></span> <span class='ocrx_word' id='word_1_183' title='bbox 1672 2081 1730 2134; x_wconf 80' lang='grc' dir='ltr'><strong>τέ</strong></span> <span class='ocrx_word' id='word_1_184' title='bbox 1757 2081 1873 2132; x_wconf 70' lang='grc' dir='ltr'><strong>ἐστι</strong></span> 
     </span>
    </p>
   </div>
   <div class='ocr_carea' id='block_1_26' title="bbox 304 2171 1872 2245">
    <p class='ocr_par' dir='ltr' id='par_1_26' title="bbox 304 2171 1872 2245">
     <span class='ocr_line' id='line_1_26' title="bbox 304 2171 1872 2245; baseline -0.003 -17"><span class='ocrx_word' id='word_1_185' title='bbox 304 2176 405 2228; x_wconf 77' lang='grc' dir='ltr'><strong>καὶ</strong></span> <span class='ocrx_word' id='word_1_186' title='bbox 452 2174 831 2245; x_wconf 81' lang='grc' dir='ltr'>ἀνθρωπότητι</span> <span class='ocrx_word' id='word_1_187' title='bbox 865 2171 1108 2236; x_wconf 80' lang='grc' dir='ltr'>τέλειος,</span> <span class='ocrx_word' id='word_1_188' title='bbox 1154 2172 1247 2226; x_wconf 81' lang='grc' dir='ltr'><strong>καὶ</strong></span> <span class='ocrx_word' id='word_1_189' title='bbox 1276 2171 1410 2235; x_wconf 83' lang='grc' dir='ltr'>Θεὸς</span> <span class='ocrx_word' id='word_1_190' title='bbox 1447 2172 1539 2226; x_wconf 70' lang='grc' dir='ltr'><strong>καὶ</strong></span> <span class='ocrx_word' id='word_1_191' title='bbox 1590 2171 1872 2243; x_wconf 71' lang='grc' dir='ltr'>ἅνθρωπος</span> 
     </span>
    </p>
   </div>
   <div class='ocr_carea' id='block_1_27' title="bbox 311 2265 1872 2335">
    <p class='ocr_par' dir='ltr' id='par_1_27' title="bbox 311 2265 1872 2335">
     <span class='ocr_line' id='line_1_27' title="bbox 311 2265 1872 2335; baseline -0.002 -14"><span class='ocrx_word' id='word_1_192' title='bbox 311 2269 429 2321; x_wconf 71' lang='grc' dir='ltr'><strong>ἔστι</strong></span> <span class='ocrx_word' id='word_1_193' title='bbox 452 2285 513 2321; x_wconf 76' lang='grc' dir='ltr'><strong>τε</strong></span> <span class='ocrx_word' id='word_1_194' title='bbox 543 2268 639 2321; x_wconf 85' lang='grc' dir='ltr'><strong>καί</strong></span> <span class='ocrx_word' id='word_1_195' title='bbox 668 2269 908 2335; x_wconf 81' lang='grc' dir='ltr'><strong>λέγεται,</strong></span> <span class='ocrx_word' id='word_1_196' title='bbox 939 2268 1032 2320; x_wconf 73' lang='grc' dir='ltr'><strong>καὶ</strong></span> <span class='ocrx_word' id='word_1_197' title='bbox 1068 2266 1203 2329; x_wconf 80' lang='grc' dir='ltr'>ὅλως</span> <span class='ocrx_word' id='word_1_198' title='bbox 1226 2266 1357 2329; x_wconf 80' lang='grc' dir='ltr'><strong>Θεὸς</strong></span> <span class='ocrx_word' id='word_1_199' title='bbox 1382 2267 1474 2320; x_wconf 75' lang='grc' dir='ltr'><strong>καὶ</strong></span> <span class='ocrx_word' id='word_1_200' title='bbox 1498 2265 1634 2329; x_wconf 82' lang='grc' dir='ltr'><strong>ὅλως</strong></span> <span class='ocrx_word' id='word_1_201' title='bbox 1665 2265 1872 2334; x_wconf 74' lang='grc' dir='ltr'><strong>ἄνθρωο</strong></span> 
     </span>
    </p>
   </div>
   <div class='ocr_carea' id='block_1_28' title="bbox 309 2360 1869 2431">
    <p class='ocr_par' dir='ltr' id='par_1_28' title="bbox 309 2360 1869 2431">
     <span class='ocr_line' id='line_1_28' title="bbox 309 2360 1869 2431; baseline -0.003 -15"><span class='ocrx_word' id='word_1_202' title='bbox 309 2364 490 2424; x_wconf 43' lang='lat' dir='ltr'><strong>me“</strong></span> <span class='ocrx_word' id='word_1_203' title='bbox 528 2362 667 2430; x_wconf 77' lang='grc' dir='ltr'>ὅπερ</span> <span class='ocrx_word' id='word_1_204' title='bbox 711 2362 804 2414; x_wconf 76' lang='grc' dir='ltr'><strong>ἐπὶ</strong></span> <span class='ocrx_word' id='word_1_205' title='bbox 847 2362 946 2431; x_wconf 76' lang='grc' dir='ltr'><strong>τῆς</strong></span> <span class='ocrx_word' id='word_1_206' title='bbox 997 2360 1254 2414; x_wconf 76' lang='grc' dir='ltr'><strong>συνθέτου</strong></span> <span class='ocrx_word' id='word_1_207' title='bbox 1311 2361 1528 2429; x_wconf 83' lang='grc' dir='ltr'><strong>φύσεως</strong></span> <span class='ocrx_word' id='word_1_208' title='bbox 1565 2361 1667 2413; x_wconf 84' lang='grc' dir='ltr'><strong>οὐκ</strong></span> <span class='ocrx_word' id='word_1_209' title='bbox 1721 2360 1869 2412; x_wconf 82' lang='grc' dir='ltr'><strong>ἔστιν</strong></span> 
     </span>
    </p>
   </div>
   <div class='ocr_carea' id='block_1_29' title="bbox 307 2450 1866 2522">
    <p class='ocr_par' dir='ltr' id='par_1_29' title="bbox 307 2450 1866 2522">
     <span class='ocr_line' id='line_1_29' title="bbox 307 2450 1866 2522; baseline -0.002 -17"><span class='ocrx_word' id='word_1_210' title='bbox 307 2450 506 2521; x_wconf 75' lang='grc' dir='ltr'><strong>εὑρεῖν.</strong></span> <span class='ocrx_word' id='word_1_211' title='bbox 540 2451 614 2503; x_wconf 86' lang='grc' dir='ltr'><strong>Ού</strong></span> <span class='ocrx_word' id='word_1_212' title='bbox 648 2450 756 2521; x_wconf 83' lang='grc' dir='ltr'><strong>γὰρ</strong></span> <span class='ocrx_word' id='word_1_213' title='bbox 789 2450 911 2505; x_wconf 83' lang='grc' dir='ltr'>ὅλον</span> <span class='ocrx_word' id='word_1_214' title='bbox 947 2451 1009 2502; x_wconf 82' lang='grc' dir='ltr'><strong>τὸ</strong></span> <span class='ocrx_word' id='word_1_215' title='bbox 1056 2450 1215 2521; x_wconf 80' lang='grc' dir='ltr'><strong>σῶμα</strong></span> <span class='ocrx_word' id='word_1_216' title='bbox 1244 2450 1377 2522; x_wconf 82' lang='grc' dir='ltr'>πῦρ,</span> <span class='ocrx_word' id='word_1_217' title='bbox 1410 2451 1520 2504; x_wconf 82' lang='grc' dir='ltr'><strong>οὐδ’</strong></span> <span class='ocrx_word' id='word_1_218' title='bbox 1546 2452 1684 2514; x_wconf 82' lang='grc' dir='ltr'><strong>ὅλως</strong></span> <span class='ocrx_word' id='word_1_219' title='bbox 1714 2453 1742 2503; x_wconf 87' lang='grc' dir='ltr'><strong>ό</strong></span> <span class='ocrx_word' id='word_1_220' title='bbox 1776 2450 1866 2503; x_wconf 77' lang='grc' dir='ltr'><strong>ἄν-</strong></span> 
     </span>
    </p>
   </div>
   <div class='ocr_carea' id='block_1_30' title="bbox 306 2540 1866 2612">
    <p class='ocr_par' dir='ltr' id='par_1_30' title="bbox 306 2540 1866 2612">
     <span class='ocr_line' id='line_1_30' title="bbox 306 2540 1866 2612; baseline 0.001 -20"><span class='ocrx_word' id='word_1_221' title='bbox 306 2542 525 2610; x_wconf 82' lang='grc' dir='ltr'>θρωπος</span> <span class='ocrx_word' id='word_1_222' title='bbox 553 2541 699 2612; x_wconf 76' lang='grc' dir='ltr'><strong>ψυχὴ</strong></span> <span class='ocrx_word' id='word_1_223' title='bbox 726 2579 744 2605; x_wconf 92' lang='grc'><strong>,</strong></span> <span class='ocrx_word' id='word_1_224' title='bbox 790 2541 822 2612; x_wconf 84' lang='grc' dir='ltr'>ἢ</span> <span class='ocrx_word' id='word_1_225' title='bbox 852 2541 1019 2605; x_wconf 76' lang='grc' dir='ltr'>ἵππος</span> <span class='ocrx_word' id='word_1_226' title='bbox 1047 2542 1144 2612; x_wconf 80' lang='grc' dir='ltr'>ὅλη</span> <span class='ocrx_word' id='word_1_227' title='bbox 1176 2541 1324 2595; x_wconf 73' lang='grc' dir='ltr'><strong>ἐστὶν</strong></span> <span class='ocrx_word' id='word_1_228' title='bbox 1356 2540 1661 2612; x_wconf 74' lang='grc' dir='ltr'>ἡήμίονος.</span> <span class='ocrx_word' id='word_1_229' title='bbox 1689 2540 1782 2594; x_wconf 79' lang='grc' dir='ltr'><strong>Διὸ</strong></span> <span class='ocrx_word' id='word_1_230' title='bbox 1804 2541 1866 2594; x_wconf 80' lang='grc' dir='ltr'><strong>οὐ</strong></span> 
     </span>
    </p>
   </div>
   <div class='ocr_carea' id='block_1_31' title="bbox 306 2630 1868 2702">
    <p class='ocr_par' dir='ltr' id='par_1_31' title="bbox 306 2630 1868 2702">
     <span class='ocr_line' id='line_1_31' title="bbox 306 2630 1868 2702; baseline 0.003 -20"><span class='ocrx_word' id='word_1_231' title='bbox 306 2630 409 2699; x_wconf 81' lang='grc' dir='ltr'><strong>μία</strong></span> <span class='ocrx_word' id='word_1_232' title='bbox 439 2631 689 2695; x_wconf 86' lang='grc' dir='ltr'><strong>σύνθετος</strong></span> <span class='ocrx_word' id='word_1_233' title='bbox 712 2632 872 2699; x_wconf 78' lang='grc' dir='ltr'><strong>φύσις</strong></span> <span class='ocrx_word' id='word_1_234' title='bbox 900 2632 1047 2685; x_wconf 70' lang='grc' dir='ltr'>ἐστὶν</span> <span class='ocrx_word' id='word_1_235' title='bbox 1084 2632 1113 2683; x_wconf 89' lang='lat'><strong>6</strong></span> <span class='ocrx_word' id='word_1_236' title='bbox 1140 2630 1377 2702; x_wconf 78' lang='grc' dir='ltr'>Χριστὸς</span> <span class='ocrx_word' id='word_1_237' title='bbox 1397 2668 1412 2695; x_wconf 90' lang='grc'><strong>,</strong></span> <span class='ocrx_word' id='word_1_238' title='bbox 1443 2632 1580 2685; x_wconf 81' lang='grc' dir='ltr'>ἀλλὰ</span> <span class='ocrx_word' id='word_1_239' title='bbox 1609 2631 1705 2701; x_wconf 74' lang='grc' dir='ltr'><strong>μία</strong></span> <span class='ocrx_word' id='word_1_240' title='bbox 1734 2633 1868 2686; x_wconf 82' lang='grc' dir='ltr'>ὑπό·-</span> 
     </span>
    </p>
   </div>
   <div class='ocr_carea' id='block_1_32' title="bbox 307 2722 1864 2791">
    <p class='ocr_par' dir='ltr' id='par_1_32' title="bbox 307 2722 1864 2791">
     <span class='ocr_line' id='line_1_32' title="bbox 307 2722 1864 2791; baseline 0.003 -19"><span class='ocrx_word' id='word_1_241' title='bbox 307 2737 493 2784; x_wconf 86' lang='grc' dir='ltr'><strong>στασις</strong></span> <span class='ocrx_word' id='word_1_242' title='bbox 519 2722 770 2786; x_wconf 86' lang='grc' dir='ltr'><strong>σύνθετος</strong></span> <span class='ocrx_word' id='word_1_243' title='bbox 797 2738 812 2753; x_wconf 87' lang='grc'><strong>·</strong></span> <span class='ocrx_word' id='word_1_244' title='bbox 844 2724 945 2775; x_wconf 77' lang='grc' dir='ltr'><strong>οὐκ</strong></span> <span class='ocrx_word' id='word_1_245' title='bbox 971 2722 1031 2785; x_wconf 75' lang='grc' dir='ltr'>ἐξ</span> <span class='ocrx_word' id='word_1_246' title='bbox 1065 2722 1267 2789; x_wconf 81' lang='grc' dir='ltr'>ἑτέρων</span> <span class='ocrx_word' id='word_1_247' title='bbox 1294 2723 1484 2791; x_wconf 80' lang='grc' dir='ltr'>ἑτέρα,</span> <span class='ocrx_word' id='word_1_248' title='bbox 1515 2722 1629 2776; x_wconf 78' lang='grc' dir='ltr'>ἀλλ’</span> <span class='ocrx_word' id='word_1_249' title='bbox 1660 2723 1720 2787; x_wconf 79' lang='grc' dir='ltr'>ἐξ</span> <span class='ocrx_word' id='word_1_250' title='bbox 1745 2724 1864 2776; x_wconf 75' lang='grc' dir='ltr'><strong>ἑτέ-</strong></span> 
     </span>
    </p>
   </div>
   <div class='ocr_carea' id='block_1_33' title="bbox 305 2810 1865 2881">
    <p class='ocr_par' dir='ltr' id='par_1_33' title="bbox 305 2810 1865 2881">
     <span class='ocr_line' id='line_1_33' title="bbox 305 2810 1865 2881; baseline 0.002 -18"><span class='ocrx_word' id='word_1_251' title='bbox 305 2828 425 2881; x_wconf 82' lang='grc' dir='ltr'>ρων</span> <span class='ocrx_word' id='word_1_252' title='bbox 447 2811 517 2864; x_wconf 81' lang='grc' dir='ltr'><strong>τὰ</strong></span> <span class='ocrx_word' id='word_1_253' title='bbox 544 2812 685 2864; x_wconf 81' lang='grc' dir='ltr'><strong>αὑτά</strong></span> <span class='ocrx_word' id='word_1_254' title='bbox 709 2826 722 2839; x_wconf 73' lang='grc' dir='ltr'>ο</span> <span class='ocrx_word' id='word_1_255' title='bbox 776 2812 841 2863; x_wconf 74' lang='grc' dir='ltr'><strong>ὲκ</strong></span> <span class='ocrx_word' id='word_1_256' title='bbox 868 2810 1120 2879; x_wconf 76' lang='grc' dir='ltr'><strong>θεότητος</strong></span> <span class='ocrx_word' id='word_1_257' title='bbox 1149 2811 1257 2879; x_wconf 85' lang='grc' dir='ltr'><strong>γὰρ</strong></span> <span class='ocrx_word' id='word_1_258' title='bbox 1297 2811 1391 2863; x_wconf 71' lang='grc' dir='ltr'><strong>καὶ</strong></span> <span class='ocrx_word' id='word_1_259' title='bbox 1428 2810 1865 2880; x_wconf 74' lang='grc' dir='ltr'>ἁνθρωπότητος,</span> 
     </span>
    </p>
   </div>
   <div class='ocr_carea' id='block_1_34' title="bbox 303 2900 1944 3004">
    <p class='ocr_par' dir='ltr' id='par_1_34' title="bbox 303 2900 1944 3004">
     <span class='ocr_line' id='line_1_34' title="bbox 303 2900 1944 3004; baseline 0.001 -50"><span class='ocrx_word' id='word_1_260' title='bbox 303 2901 438 2965; x_wconf 72' lang='grc' dir='ltr'>Θεός</span> <span class='ocrx_word' id='word_1_261' title='bbox 459 2901 517 2955; x_wconf 81' lang='grc' dir='ltr'><strong>τέ</strong></span> <span class='ocrx_word' id='word_1_262' title='bbox 538 2903 653 2955; x_wconf 76' lang='grc' dir='ltr'><strong>ἐστι</strong></span> <span class='ocrx_word' id='word_1_263' title='bbox 680 2903 773 2955; x_wconf 68' lang='grc' dir='ltr'><strong>καὶ</strong></span> <span class='ocrx_word' id='word_1_264' title='bbox 796 2901 1079 2971; x_wconf 71' lang='grc' dir='ltr'>ἄνθρωπος</span> <span class='ocrx_word' id='word_1_265' title='bbox 1097 2900 1300 2963; x_wconf 71' lang='grc' dir='ltr'>τέλειος</span> <span class='ocrx_word' id='word_1_266' title='bbox 1320 2916 1332 2929; x_wconf 89' lang='grc'><strong>·</strong></span> <span class='ocrx_word' id='word_1_267' title='bbox 1357 2900 1451 2954; x_wconf 88' lang='grc' dir='ltr'><strong>δύο</strong></span> <span class='ocrx_word' id='word_1_268' title='bbox 1475 2901 1657 2970; x_wconf 80' lang='grc' dir='ltr'>μέντοι</span> <span class='ocrx_word' id='word_1_269' title='bbox 1680 2903 1867 2971; x_wconf 80' lang='grc' dir='ltr'><strong>φύσεις</strong></span> <span class='ocrx_word' id='word_1_270' title='bbox 1899 2942 1944 3004; x_wconf 79' lang='lat' dir='ltr'>c</span> 
     </span>
    </p>
   </div>
   <div class='ocr_carea' id='block_1_35' title="bbox 303 2990 1871 3063">
    <p class='ocr_par' dir='ltr' id='par_1_35' title="bbox 303 2990 1871 3063">
     <span class='ocr_line' id='line_1_35' title="bbox 303 2990 1871 3063; baseline 0.001 -17"><span class='ocrx_word' id='word_1_271' title='bbox 303 2993 363 3046; x_wconf 69' lang='lat' dir='ltr'><strong>tv</strong></span> <span class='ocrx_word' id='word_1_272' title='bbox 397 2994 495 3062; x_wconf 80' lang='grc' dir='ltr'>μιᾷ</span> <span class='ocrx_word' id='word_1_273' title='bbox 537 2992 776 3062; x_wconf 80' lang='grc' dir='ltr'><strong>συνθέτῳ</strong></span> <span class='ocrx_word' id='word_1_274' title='bbox 814 2993 1132 3059; x_wconf 71' lang='grc' dir='ltr'><strong>ὑποστάσει,</strong></span> <span class='ocrx_word' id='word_1_275' title='bbox 1168 2992 1263 3046; x_wconf 74' lang='grc' dir='ltr'><strong>καὶ</strong></span> <span class='ocrx_word' id='word_1_276' title='bbox 1299 2991 1360 3044; x_wconf 74' lang='grc' dir='ltr'>ἑν</span> <span class='ocrx_word' id='word_1_277' title='bbox 1394 2990 1515 3044; x_wconf 75' lang='grc' dir='ltr'><strong>δυσὶ</strong></span> <span class='ocrx_word' id='word_1_278' title='bbox 1543 2990 1740 3060; x_wconf 79' lang='grc' dir='ltr'><strong>φύσεσι</strong></span> <span class='ocrx_word' id='word_1_279' title='bbox 1774 2995 1871 3063; x_wconf 79' lang='grc' dir='ltr'>μία</span> 
     </span>
    </p>
   </div>
   <div class='ocr_carea' id='block_1_36' title="bbox 307 3081 915 3146">
    <p class='ocr_par' dir='ltr' id='par_1_36' title="bbox 307 3081 915 3146">
     <span class='ocr_line' id='line_1_36' title="bbox 307 3081 915 3146; baseline -0.005 -9"><span class='ocrx_word' id='word_1_280' title='bbox 307 3082 609 3145; x_wconf 74' lang='grc' dir='ltr'><strong>ὑπόστασις</strong></span> <span class='ocrx_word' id='word_1_281' title='bbox 637 3081 915 3146; x_wconf 79' lang='grc' dir='ltr'><strong>σύνθετος.</strong></span> 
     </span>
    </p>
   </div>
   <div class='ocr_carea' id='block_1_37' title="bbox 378 3264 1873 3338">
    <p class='ocr_par' dir='ltr' id='par_1_37' title="bbox 378 3264 1873 3338">
     <span class='ocr_line' id='line_1_37' title="bbox 378 3264 1873 3338; baseline 0.001 -20"><span class='ocrx_word' id='word_1_282' title='bbox 378 3264 473 3318; x_wconf 82' lang='grc' dir='ltr'><strong>κε’.</strong></span> <span class='ocrx_word' id='word_1_283' title='bbox 506 3265 568 3318; x_wconf 85' lang='lat' dir='ltr'><strong>Ei</strong></span> <span class='ocrx_word' id='word_1_284' title='bbox 591 3265 838 3335; x_wconf 80' lang='grc' dir='ltr'>ὁμοφυὴς</span> <span class='ocrx_word' id='word_1_285' title='bbox 863 3268 891 3318; x_wconf 97' lang='lat'><strong>6</strong></span> <span class='ocrx_word' id='word_1_286' title='bbox 920 3266 1174 3335; x_wconf 84' lang='grc' dir='ltr'>Χριστὸς,</span> <span class='ocrx_word' id='word_1_287' title='bbox 1208 3267 1301 3320; x_wconf 73' lang='grc' dir='ltr'><strong>καὶ</strong></span> <span class='ocrx_word' id='word_1_288' title='bbox 1334 3266 1617 3337; x_wconf 83' lang='grc' dir='ltr'><strong>ὁμοούσιος</strong></span> <span class='ocrx_word' id='word_1_289' title='bbox 1640 3267 1718 3338; x_wconf 83' lang='grc' dir='ltr'><strong>τῷ</strong></span> <span class='ocrx_word' id='word_1_290' title='bbox 1761 3269 1873 3320; x_wconf 88' lang='grc' dir='ltr'><strong>Πα-</strong></span> 
     </span>
    </p>
   </div>
   <div class='ocr_carea' id='block_1_38' title="bbox 308 3354 1870 3426">
    <p class='ocr_par' dir='ltr' id='par_1_38' title="bbox 308 3354 1870 3426">
     <span class='ocr_line' id='line_1_38' title="bbox 308 3354 1870 3426; baseline 0 -17"><span class='ocrx_word' id='word_1_291' title='bbox 308 3356 398 3425; x_wconf 58' lang='lat' dir='ltr'><strong>apt</strong></span> <span class='ocrx_word' id='word_1_292' title='bbox 457 3356 633 3426; x_wconf 69' lang='grc' dir='ltr'>ἁπλῆς</span> <span class='ocrx_word' id='word_1_293' title='bbox 688 3355 803 3409; x_wconf 74' lang='grc' dir='ltr'>ὄντι</span> <span class='ocrx_word' id='word_1_294' title='bbox 862 3356 1124 3424; x_wconf 84' lang='grc' dir='ltr'><strong>φύσεως,</strong></span> <span class='ocrx_word' id='word_1_295' title='bbox 1176 3354 1289 3424; x_wconf 71' lang='grc' dir='ltr'><strong>ἔχει</strong></span> <span class='ocrx_word' id='word_1_296' title='bbox 1344 3356 1402 3408; x_wconf 83' lang='grc' dir='ltr'><strong>δὲ</strong></span> <span class='ocrx_word' id='word_1_297' title='bbox 1455 3356 1550 3409; x_wconf 75' lang='grc' dir='ltr'><strong>καὶ</strong></span> <span class='ocrx_word' id='word_1_298' title='bbox 1609 3356 1870 3410; x_wconf 83' lang='grc' dir='ltr'><strong>σύνθετον</strong></span> 
     </span>
    </p>
   </div>
   <div class='ocr_carea' id='block_1_39' title="bbox 306 3446 1871 3519">
    <p class='ocr_par' dir='ltr' id='par_1_39' title="bbox 306 3446 1871 3519">
     <span class='ocr_line' id='line_1_39' title="bbox 306 3446 1871 3519; baseline 0.001 -18"><span class='ocrx_word' id='word_1_299' title='bbox 306 3446 504 3514; x_wconf 77' lang='grc' dir='ltr'><strong>φύσιν,</strong></span> <span class='ocrx_word' id='word_1_300' title='bbox 542 3446 643 3502; x_wconf 87' lang='grc' dir='ltr'><strong>δύο</strong></span> <span class='ocrx_word' id='word_1_301' title='bbox 674 3446 787 3512; x_wconf 68' lang='grc' dir='ltr'><strong>ἕξει</strong></span> <span class='ocrx_word' id='word_1_302' title='bbox 819 3446 1008 3516; x_wconf 78' lang='grc' dir='ltr'><strong>φύσεις</strong></span> <span class='ocrx_word' id='word_1_303' title='bbox 1028 3485 1046 3510; x_wconf 90' lang='grc'><strong>,</strong></span> <span class='ocrx_word' id='word_1_304' title='bbox 1086 3446 1213 3517; x_wconf 74' lang='grc' dir='ltr'>μίαν</span> <span class='ocrx_word' id='word_1_305' title='bbox 1257 3446 1435 3518; x_wconf 74' lang='grc' dir='ltr'>ἁπλῆν</span> <span class='ocrx_word' id='word_1_306' title='bbox 1458 3449 1550 3501; x_wconf 78' lang='grc' dir='ltr'><strong>καὶ</strong></span> <span class='ocrx_word' id='word_1_307' title='bbox 1580 3448 1707 3519; x_wconf 83' lang='grc' dir='ltr'>μίαν</span> <span class='ocrx_word' id='word_1_308' title='bbox 1742 3450 1871 3502; x_wconf 82' lang='grc' dir='ltr'><strong>σύν-</strong></span> 
     </span>
    </p>
   </div>
   <div class='ocr_carea' id='block_1_40' title="bbox 308 3536 1639 3591">
    <p class='ocr_par' dir='ltr' id='par_1_40' title="bbox 308 3536 1639 3591">
     <span class='ocr_line' id='line_1_40' title="bbox 308 3536 1639 3591; baseline 0.011 -1"><span class='ocrx_word' id='word_1_309' title='bbox 308 3536 481 3591; x_wconf 76' lang='grc' dir='ltr'><strong>θετον.</strong></span> <span class='ocrx_word' id='word_1_310' title='bbox 1636 3572 1639 3575; x_wconf 94' lang='grc'>·</span> 
     </span>
    </p>
   </div>
   <div class='ocr_carea' id='block_1_41' title="bbox 375 3627 1863 3700">
    <p class='ocr_par' dir='ltr' id='par_1_41' title="bbox 375 3627 1863 3700">
     <span class='ocr_line' id='line_1_41' title="bbox 375 3627 1863 3700; baseline 0.002 -20"><span class='ocrx_word' id='word_1_311' title='bbox 375 3636 485 3692; x_wconf 87' lang='grc' dir='ltr'><strong>κς·’.</strong></span> <span class='ocrx_word' id='word_1_312' title='bbox 524 3629 586 3681; x_wconf 85' lang='grc' dir='ltr'><strong>Εἰ</strong></span> <span class='ocrx_word' id='word_1_313' title='bbox 625 3629 877 3691; x_wconf 78' lang='grc' dir='ltr'><strong>ἄκτιστος</strong></span> <span class='ocrx_word' id='word_1_314' title='bbox 910 3629 1004 3680; x_wconf 70' lang='grc' dir='ltr'><strong>καὶ</strong></span> <span class='ocrx_word' id='word_1_315' title='bbox 1050 3627 1285 3698; x_wconf 79' lang='grc' dir='ltr'>ἄναρχος</span> <span class='ocrx_word' id='word_1_316' title='bbox 1313 3630 1346 3698; x_wconf 80' lang='grc' dir='ltr'><strong>ἡ</strong></span> <span class='ocrx_word' id='word_1_317' title='bbox 1376 3629 1621 3699; x_wconf 75' lang='grc' dir='ltr'><strong>Χριστοῦ</strong></span> <span class='ocrx_word' id='word_1_318' title='bbox 1649 3630 1863 3700; x_wconf 75' lang='grc' dir='ltr'><strong>θεά-της,</strong></span> 
     </span>
    </p>
   </div>
   <div class='ocr_carea' id='block_1_42' title="bbox 306 3719 1863 3789">
    <p class='ocr_par' dir='ltr' id='par_1_42' title="bbox 306 3719 1863 3789">
     <span class='ocr_line' id='line_1_42' title="bbox 306 3719 1863 3789; baseline 0.001 -18"><span class='ocrx_word' id='word_1_319' title='bbox 306 3720 498 3789; x_wconf 81' lang='grc' dir='ltr'><strong>κτιστὴ</strong></span> <span class='ocrx_word' id='word_1_320' title='bbox 549 3720 608 3772; x_wconf 83' lang='grc' dir='ltr'>δὲ</span> <span class='ocrx_word' id='word_1_321' title='bbox 680 3721 772 3773; x_wconf 73' lang='grc' dir='ltr'><strong>καὶ</strong></span> <span class='ocrx_word' id='word_1_322' title='bbox 829 3720 1081 3789; x_wconf 76' lang='grc' dir='ltr'><strong>ἠργμένη</strong></span> <span class='ocrx_word' id='word_1_323' title='bbox 1149 3721 1183 3789; x_wconf 80' lang='grc' dir='ltr'>ἡ</span> <span class='ocrx_word' id='word_1_324' title='bbox 1256 3719 1617 3789; x_wconf 82' lang='grc' dir='ltr'>ἀνθρωπότης</span> <span class='ocrx_word' id='word_1_325' title='bbox 1673 3720 1863 3785; x_wconf 82' lang='grc' dir='ltr'><strong>αὑτοῦ,</strong></span> 
     </span>
    </p>
   </div>
   <div class='ocr_carea' id='block_1_43' title="bbox 305 3806 1869 3879">
    <p class='ocr_par' dir='ltr' id='par_1_43' title="bbox 305 3806 1869 3879">
     <span class='ocr_line' id='line_1_43' title="bbox 305 3806 1869 3879; baseline -0.002 -17"><span class='ocrx_word' id='word_1_326' title='bbox 305 3808 423 3871; x_wconf 78' lang='grc' dir='ltr'>πῶς</span> <span class='ocrx_word' id='word_1_327' title='bbox 462 3809 524 3862; x_wconf 80' lang='grc' dir='ltr'><strong>τὸ</strong></span> <span class='ocrx_word' id='word_1_328' title='bbox 560 3807 794 3879; x_wconf 79' lang='grc' dir='ltr'>ἄναρχον</span> <span class='ocrx_word' id='word_1_329' title='bbox 835 3809 930 3861; x_wconf 76' lang='grc' dir='ltr'><strong>καὶ</strong></span> <span class='ocrx_word' id='word_1_330' title='bbox 981 3807 1044 3860; x_wconf 75' lang='grc' dir='ltr'><strong>τὸ</strong></span> <span class='ocrx_word' id='word_1_331' title='bbox 1081 3806 1361 3877; x_wconf 64' lang='grc' dir='ltr'>ἠργμένον</span> <span class='ocrx_word' id='word_1_332' title='bbox 1400 3809 1534 3876; x_wconf 75' lang='grc' dir='ltr'>μιᾶς</span> <span class='ocrx_word' id='word_1_333' title='bbox 1583 3806 1735 3860; x_wconf 68' lang='grc' dir='ltr'><strong>ἔσται</strong></span> <span class='ocrx_word' id='word_1_334' title='bbox 1766 3808 1869 3875; x_wconf 84' lang='grc' dir='ltr'><strong>φύ-</strong></span> 
     </span>
    </p>
   </div>
   <div class='ocr_carea' id='block_1_44' title="bbox 305 3914 475 3965">
    <p class='ocr_par' dir='ltr' id='par_1_44' title="bbox 305 3914 475 3965">
     <span class='ocr_line' id='line_1_44' title="bbox 305 3914 475 3965; baseline 0.018 -3"><span class='ocrx_word' id='word_1_335' title='bbox 305 3914 475 3965; x_wconf 63' lang='lat' dir='ltr'><strong>cum</strong></span> 
     </span>
    </p>
   </div>
   <div class='ocr_carea' id='block_1_45' title="bbox 373 3987 1863 4060">
    <p class='ocr_par' dir='ltr' id='par_1_45' title="bbox 373 3987 1863 4060">
     <span class='ocr_line' id='line_1_45' title="bbox 373 3987 1863 4060; baseline 0.001 -18"><span class='ocrx_word' id='word_1_336' title='bbox 373 3987 475 4052; x_wconf 79' lang='grc' dir='ltr'><strong>κζ’.</strong></span> <span class='ocrx_word' id='word_1_337' title='bbox 517 3989 580 4041; x_wconf 78' lang='lat' dir='ltr'><strong>Ei</strong></span> <span class='ocrx_word' id='word_1_338' title='bbox 634 3990 731 4059; x_wconf 77' lang='grc' dir='ltr'><strong>μία</strong></span> <span class='ocrx_word' id='word_1_339' title='bbox 786 3987 1044 4051; x_wconf 84' lang='grc' dir='ltr'><strong>σύνθετος</strong></span> <span class='ocrx_word' id='word_1_340' title='bbox 1090 3987 1251 4056; x_wconf 81' lang='grc' dir='ltr'><strong>φύσις</strong></span> <span class='ocrx_word' id='word_1_341' title='bbox 1301 3991 1330 4041; x_wconf 86' lang='lat'><strong>6</strong></span> <span class='ocrx_word' id='word_1_342' title='bbox 1380 3989 1655 4060; x_wconf 73' lang='grc' dir='ltr'>Χριστὸς,</span> <span class='ocrx_word' id='word_1_343' title='bbox 1704 3990 1765 4043; x_wconf 83' lang='grc' dir='ltr'><strong>τδ</strong></span> <span class='ocrx_word' id='word_1_344' title='bbox 1807 3989 1863 4043; x_wconf 69' lang='grc' dir='ltr'><strong>δὲ</strong></span> 
     </span>
    </p>
   </div>
   <div class='ocr_carea' id='block_1_46' title="bbox 308 4083 1866 4155">
    <p class='ocr_par' dir='ltr' id='par_1_46' title="bbox 308 4083 1866 4155">
     <span class='ocr_line' id='line_1_46' title="bbox 308 4083 1866 4155; baseline -0.001 -16"><span class='ocrx_word' id='word_1_345' title='bbox 308 4083 512 4139; x_wconf 81' lang='grc' dir='ltr'>ἁπλοῦν</span> <span class='ocrx_word' id='word_1_346' title='bbox 568 4085 662 4138; x_wconf 74' lang='grc' dir='ltr'><strong>καὶ</strong></span> <span class='ocrx_word' id='word_1_347' title='bbox 692 4085 753 4138; x_wconf 83' lang='grc' dir='ltr'><strong>τὸ</strong></span> <span class='ocrx_word' id='word_1_348' title='bbox 803 4086 1057 4142; x_wconf 84' lang='grc' dir='ltr'><strong>σύνθετον</strong></span> <span class='ocrx_word' id='word_1_349' title='bbox 1101 4088 1201 4140; x_wconf 84' lang='grc' dir='ltr'><strong>οὐκ</strong></span> <span class='ocrx_word' id='word_1_350' title='bbox 1247 4085 1384 4138; x_wconf 72' lang='grc' dir='ltr'><strong>εἰσὶν</strong></span> <span class='ocrx_word' id='word_1_351' title='bbox 1427 4085 1707 4155; x_wconf 85' lang='grc' dir='ltr'><strong>ὁμοούσια,</strong></span> <span class='ocrx_word' id='word_1_352' title='bbox 1750 4087 1778 4138; x_wconf 91' lang='lat'><strong>6</strong></span> <span class='ocrx_word' id='word_1_353' title='bbox 1809 4085 1866 4138; x_wconf 78' lang='grc' dir='ltr'><strong>δὲ</strong></span> 
     </span>
    </p>
   </div>
   <div class='ocr_carea' id='block_1_47' title="bbox 306 4174 1864 4246">
    <p class='ocr_par' dir='ltr' id='par_1_47' title="bbox 306 4174 1864 4246">
     <span class='ocr_line' id='line_1_47' title="bbox 306 4174 1864 4246; baseline -0.001 -16"><span class='ocrx_word' id='word_1_354' title='bbox 306 4175 497 4246; x_wconf 75' lang='grc' dir='ltr'><strong>Πατὴρ</strong></span> <span class='ocrx_word' id='word_1_355' title='bbox 521 4176 699 4246; x_wconf 81' lang='grc' dir='ltr'>ἁπλῆς</span> <span class='ocrx_word' id='word_1_356' title='bbox 723 4176 936 4244; x_wconf 82' lang='grc' dir='ltr'><strong>φύσεώς</strong></span> <span class='ocrx_word' id='word_1_357' title='bbox 960 4178 1109 4231; x_wconf 75' lang='grc' dir='ltr'><strong>ἐστιν</strong></span> <span class='ocrx_word' id='word_1_358' title='bbox 1134 4193 1150 4209; x_wconf 92' lang='grc'><strong>·</strong></span> <span class='ocrx_word' id='word_1_359' title='bbox 1176 4176 1274 4229; x_wconf 82' lang='grc' dir='ltr'><strong>οὐκ</strong></span> <span class='ocrx_word' id='word_1_360' title='bbox 1295 4174 1441 4228; x_wconf 73' lang='grc' dir='ltr'><strong>ἐστιν</strong></span> <span class='ocrx_word' id='word_1_361' title='bbox 1460 4176 1569 4246; x_wconf 79' lang='grc' dir='ltr'><strong>ἄρα</strong></span> <span class='ocrx_word' id='word_1_362' title='bbox 1590 4177 1617 4228; x_wconf 90' lang='lat'><strong>6</strong></span> <span class='ocrx_word' id='word_1_363' title='bbox 1633 4174 1864 4245; x_wconf 84' lang='grc' dir='ltr'><strong>Χριστὸς</strong></span> 
     </span>
    </p>
   </div>
   <div class='ocr_carea' id='block_1_48' title="bbox 299 4261 911 4338">
    <p class='ocr_par' dir='ltr' id='par_1_48' title="bbox 299 4261 911 4338">
     <span class='ocr_line' id='line_1_48' title="bbox 299 4261 911 4338; baseline 0.003 -18"><span class='ocrx_word' id='word_1_364' title='bbox 299 4261 586 4337; x_wconf 79' lang='grc' dir='ltr'>όμοόύσιος</span> <span class='ocrx_word' id='word_1_365' title='bbox 607 4266 686 4337; x_wconf 83' lang='grc' dir='ltr'>τῷ</span> <span class='ocrx_word' id='word_1_366' title='bbox 715 4267 911 4338; x_wconf 70' lang='grc' dir='ltr'><strong>Πατρξ.</strong></span> 
     </span>
    </p>
   </div>
   <div class='ocr_carea' id='block_1_49' title="bbox 2083 706 3553 776">
    <p class='ocr_par' dir='ltr' id='par_1_49' title="bbox 2083 706 3553 776">
     <span class='ocr_line' id='line_1_49' title="bbox 2083 706 3553 776; baseline 0.01 -15"><span class='ocrx_word' id='word_1_367' title='bbox 2083 708 2173 761; x_wconf 68' lang='grc'><strong>24.</strong></span> <span class='ocrx_word' id='word_1_368' title='bbox 2207 706 2263 761; x_wconf 82' lang='lat' dir='ltr'><strong>Si</strong></span> <span class='ocrx_word' id='word_1_369' title='bbox 2299 722 2427 763; x_wconf 82' lang='lat' dir='ltr'><strong>vero</strong></span> <span class='ocrx_word' id='word_1_370' title='bbox 2476 711 2621 775; x_wconf 81' lang='lat' dir='ltr'><strong>aitis,</strong></span> <span class='ocrx_word' id='word_1_371' title='bbox 2654 728 2718 765; x_wconf 80' lang='lat' dir='ltr'><strong>ex</strong></span> <span class='ocrx_word' id='word_1_372' title='bbox 2752 713 2972 768; x_wconf 87' lang='lat' dir='ltr'><strong>duabus</strong></span> <span class='ocrx_word' id='word_1_373' title='bbox 3028 719 3241 771; x_wconf 87' lang='lat' dir='ltr'><strong>naturis</strong></span> <span class='ocrx_word' id='word_1_374' title='bbox 3302 731 3553 776; x_wconf 82' lang='lat' dir='ltr'><strong>naturam</strong></span> 
     </span>
    </p>
   </div>
   <div class='ocr_carea' id='block_1_50' title="bbox 1985 798 3550 877">
    <p class='ocr_par' dir='ltr' id='par_1_50' title="bbox 1985 798 3550 877">
     <span class='ocr_line' id='line_1_50' title="bbox 1985 798 3550 877; baseline 0.01 -24"><span class='ocrx_word' id='word_1_375' title='bbox 1985 814 2151 853; x_wconf 83' lang='lat' dir='ltr'><strong>unam</strong></span> <span class='ocrx_word' id='word_1_376' title='bbox 2212 798 2414 853; x_wconf 78' lang='lat' dir='ltr'><strong>factam</strong></span> <span class='ocrx_word' id='word_1_377' title='bbox 2473 816 2594 856; x_wconf 82' lang='lat' dir='ltr'><strong>esse</strong></span> <span class='ocrx_word' id='word_1_378' title='bbox 2671 806 3050 873; x_wconf 77' lang='lat' dir='ltr'><strong>compositam,</strong></span> <span class='ocrx_word' id='word_1_379' title='bbox 3107 808 3304 864; x_wconf 88' lang='lat' dir='ltr'><strong>dicatis</strong></span> <span class='ocrx_word' id='word_1_380' title='bbox 3372 814 3550 877; x_wconf 89' lang='lat' dir='ltr'><strong>nobis,</strong></span> 
     </span>
    </p>
   </div>
   <div class='ocr_carea' id='block_1_51' title="bbox 1985 891 3549 970">
    <p class='ocr_par' dir='ltr' id='par_1_51' title="bbox 1985 891 3549 970">
     <span class='ocr_line' id='line_1_51' title="bbox 1985 891 3549 970; baseline 0.006 -26"><span class='ocrx_word' id='word_1_381' title='bbox 1985 891 2207 957; x_wconf 85' lang='lat' dir='ltr'><strong>amabo,</strong></span> <span class='ocrx_word' id='word_1_382' title='bbox 2235 893 2325 961; x_wconf 89' lang='lat' dir='ltr'><strong>qui</strong></span> <span class='ocrx_word' id='word_1_383' title='bbox 2353 902 2727 962; x_wconf 79' lang='lat' dir='ltr'><strong>comparatum</strong></span> <span class='ocrx_word' id='word_1_384' title='bbox 2755 896 2845 959; x_wconf 86' lang='lat' dir='ltr'><strong>sit,</strong></span> <span class='ocrx_word' id='word_1_385' title='bbox 2880 906 3083 965; x_wconf 73' lang='lat' dir='ltr'><strong>atquae</strong></span> <span class='ocrx_word' id='word_1_386' title='bbox 3112 915 3217 952; x_wconf 84' lang='lat' dir='ltr'><strong>non</strong></span> <span class='ocrx_word' id='word_1_387' title='bbox 3254 904 3549 970; x_wconf 83' lang='lat' dir='ltr'><strong>composita</strong></span> 
     </span>
    </p>
   </div>
   <div class='ocr_carea' id='block_1_52' title="bbox 1983 984 3552 1057">
    <p class='ocr_par' dir='ltr' id='par_1_52' title="bbox 1983 984 3552 1057">
     <span class='ocr_line' id='line_1_52' title="bbox 1983 984 3552 1057; baseline 0.004 -20"><span class='ocrx_word' id='word_1_388' title='bbox 1983 993 2134 1047; x_wconf 88' lang='lat' dir='ltr'><strong>sunt,</strong></span> <span class='ocrx_word' id='word_1_389' title='bbox 2174 986 2619 1053; x_wconf 75' lang='lat' dir='ltr'><strong>componantur?</strong></span> <span class='ocrx_word' id='word_1_390' title='bbox 2650 984 2765 1039; x_wconf 86' lang='lat' dir='ltr'><strong>Una</strong></span> <span class='ocrx_word' id='word_1_391' title='bbox 2800 987 3000 1055; x_wconf 85' lang='lat' dir='ltr'><strong>quippe</strong></span> <span class='ocrx_word' id='word_1_392' title='bbox 3029 998 3222 1043; x_wconf 88' lang='lat' dir='ltr'><strong>natura</strong></span> <span class='ocrx_word' id='word_1_393' title='bbox 3250 994 3552 1057; x_wconf 75' lang='lat' dir='ltr'><strong>composita</strong></span> 
     </span>
    </p>
   </div>
   <div class='ocr_carea' id='block_1_53' title="bbox 1985 1075 3547 1147">
    <p class='ocr_par' dir='ltr' id='par_1_53' title="bbox 1985 1075 3547 1147">
     <span class='ocr_line' id='line_1_53' title="bbox 1985 1075 3547 1147; baseline 0.005 -18"><span class='ocrx_word' id='word_1_394' title='bbox 1985 1090 2052 1129; x_wconf 76' lang='lat' dir='ltr'><strong>ex</strong></span> <span class='ocrx_word' id='word_1_395' title='bbox 2105 1075 2377 1142; x_wconf 55' lang='lat' dir='ltr'><strong>diversis,</strong></span> <span class='ocrx_word' id='word_1_396' title='bbox 2404 1076 2784 1143; x_wconf 82' lang='lat' dir='ltr'><strong>constituitur,</strong></span> <span class='ocrx_word' id='word_1_397' title='bbox 2828 1078 3070 1147; x_wconf 80' lang='lat' dir='ltr'><strong>quando,</strong></span> <span class='ocrx_word' id='word_1_398' title='bbox 3109 1080 3280 1135; x_wconf 87' lang='lat' dir='ltr'><strong>unitis</strong></span> <span class='ocrx_word' id='word_1_399' title='bbox 3315 1083 3547 1145; x_wconf 83' lang='lat' dir='ltr'><strong>naturis,</strong></span> 
     </span>
    </p>
   </div>
   <div class='ocr_carea' id='block_1_54' title="bbox 1984 1164 3554 1242">
    <p class='ocr_par' dir='ltr' id='par_1_54' title="bbox 1984 1164 3554 1242">
     <span class='ocr_line' id='line_1_54' title="bbox 1984 1164 3554 1242; baseline 0.006 -24"><span class='ocrx_word' id='word_1_400' title='bbox 1984 1164 2133 1219; x_wconf 85' lang='lat' dir='ltr'><strong>aliud</strong></span> <span class='ocrx_word' id='word_1_401' title='bbox 2175 1166 2305 1234; x_wconf 88' lang='lat' dir='ltr'><strong>quid</strong></span> <span class='ocrx_word' id='word_1_402' title='bbox 2366 1174 2564 1235; x_wconf 69' lang='lat' dir='ltr'><strong>praeter</strong></span> <span class='ocrx_word' id='word_1_403' title='bbox 2623 1166 2774 1220; x_wconf 81' lang='lat' dir='ltr'><strong>unita</strong></span> <span class='ocrx_word' id='word_1_404' title='bbox 2809 1167 3066 1223; x_wconf 56' lang='lat' dir='ltr'><strong>eiectum</strong></span> <span class='ocrx_word' id='word_1_405' title='bbox 3115 1179 3222 1236; x_wconf 88' lang='lat' dir='ltr'><strong>est,</strong></span> <span class='ocrx_word' id='word_1_406' title='bbox 3260 1181 3319 1225; x_wconf 86' lang='lat' dir='ltr'><strong>ut</strong></span> <span class='ocrx_word' id='word_1_407' title='bbox 3377 1189 3554 1242; x_wconf 81' lang='lat' dir='ltr'><strong>neque</strong></span> 
     </span>
    </p>
   </div>
   <div class='ocr_carea' id='block_1_55' title="bbox 1984 1254 3555 1332">
    <p class='ocr_par' dir='ltr' id='par_1_55' title="bbox 1984 1254 3555 1332">
     <span class='ocr_line' id='line_1_55' title="bbox 1984 1254 3555 1332; baseline 0.006 -26"><span class='ocrx_word' id='word_1_408' title='bbox 1984 1255 2089 1308; x_wconf 85' lang='lat' dir='ltr'><strong>hoc</strong></span> <span class='ocrx_word' id='word_1_409' title='bbox 2116 1254 2360 1324; x_wconf 78' lang='lat' dir='ltr'><strong>proprie,</strong></span> <span class='ocrx_word' id='word_1_410' title='bbox 2416 1270 2596 1324; x_wconf 85' lang='lat' dir='ltr'><strong>neque</strong></span> <span class='ocrx_word' id='word_1_411' title='bbox 2628 1255 2788 1317; x_wconf 84' lang='lat' dir='ltr'><strong>illud,</strong></span> <span class='ocrx_word' id='word_1_412' title='bbox 2821 1256 2919 1310; x_wconf 87' lang='lat' dir='ltr'><strong>sed</strong></span> <span class='ocrx_word' id='word_1_413' title='bbox 2952 1257 3231 1313; x_wconf 79' lang='lat' dir='ltr'><strong>diversum</strong></span> <span class='ocrx_word' id='word_1_414' title='bbox 3283 1261 3555 1332; x_wconf 85' lang='lat' dir='ltr'><strong>intelliga-</strong></span> 
     </span>
    </p>
   </div>
   <div class='ocr_carea' id='block_1_56' title="bbox 1985 1348 3549 1420">
    <p class='ocr_par' dir='ltr' id='par_1_56' title="bbox 1985 1348 3549 1420">
     <span class='ocr_line' id='line_1_56' title="bbox 1985 1348 3549 1420; baseline 0.006 -20"><span class='ocrx_word' id='word_1_415' title='bbox 1985 1356 2076 1400; x_wconf 76' lang='lat' dir='ltr'><strong>tur</strong></span> <span class='ocrx_word' id='word_1_416' title='bbox 2119 1356 2176 1402; x_wconf 89' lang='lat' dir='ltr'><strong>et</strong></span> <span class='ocrx_word' id='word_1_417' title='bbox 2202 1348 2523 1402; x_wconf 81' lang='lat' dir='ltr'><strong>enuntietur</strong></span> <span class='ocrx_word' id='word_1_418' title='bbox 2557 1367 2570 1401; x_wconf 95' lang='lat'>:</span> <span class='ocrx_word' id='word_1_419' title='bbox 2599 1359 2732 1417; x_wconf 82' lang='lat' dir='ltr'><strong>puta</strong></span> <span class='ocrx_word' id='word_1_420' title='bbox 2768 1350 2815 1403; x_wconf 83' lang='lat' dir='ltr'><strong>si</strong></span> <span class='ocrx_word' id='word_1_421' title='bbox 2855 1364 2922 1404; x_wconf 81' lang='lat' dir='ltr'><strong>ex</strong></span> <span class='ocrx_word' id='word_1_422' title='bbox 2965 1359 3206 1420; x_wconf 84' lang='lat' dir='ltr'><strong>quatuor</strong></span> <span class='ocrx_word' id='word_1_423' title='bbox 3239 1354 3549 1420; x_wconf 89' lang='lat' dir='ltr'><strong>elementis,</strong></span> 
     </span>
    </p>
   </div>
   <div class='ocr_carea' id='block_1_57' title="bbox 1982 1439 3553 1513">
    <p class='ocr_par' dir='ltr' id='par_1_57' title="bbox 1982 1439 3553 1513">
     <span class='ocr_line' id='line_1_57' title="bbox 1982 1439 3553 1513; baseline 0.004 -20"><span class='ocrx_word' id='word_1_424' title='bbox 1982 1440 2106 1509; x_wconf 84' lang='lat' dir='ltr'><strong>igne</strong></span> <span class='ocrx_word' id='word_1_425' title='bbox 2161 1440 2397 1505; x_wconf 79' lang='lat' dir='ltr'><strong>scilicet,</strong></span> <span class='ocrx_word' id='word_1_426' title='bbox 2440 1439 2587 1501; x_wconf 78' lang='lat' dir='ltr'><strong>aere’,</strong></span> <span class='ocrx_word' id='word_1_427' title='bbox 2636 1447 2783 1494; x_wconf 86' lang='lat' dir='ltr'><strong>terra</strong></span> <span class='ocrx_word' id='word_1_428' title='bbox 2830 1450 2884 1495; x_wconf 89' lang='lat' dir='ltr'><strong>et</strong></span> <span class='ocrx_word' id='word_1_429' title='bbox 2915 1455 3077 1510; x_wconf 89' lang='lat' dir='ltr'><strong>aqua,</strong></span> <span class='ocrx_word' id='word_1_430' title='bbox 3118 1457 3316 1513; x_wconf 88' lang='lat' dir='ltr'><strong>corpus</strong></span> <span class='ocrx_word' id='word_1_431' title='bbox 3347 1448 3553 1501; x_wconf 86' lang='lat' dir='ltr'><strong>consti-</strong></span> 
     </span>
    </p>
   </div>
   <div class='ocr_carea' id='block_1_58' title="bbox 1981 1531 3552 1602">
    <p class='ocr_par' dir='ltr' id='par_1_58' title="bbox 1981 1531 3552 1602">
     <span class='ocr_line' id='line_1_58' title="bbox 1981 1531 3552 1602; baseline 0.006 -19"><span class='ocrx_word' id='word_1_432' title='bbox 1981 1538 2190 1595; x_wconf 88' lang='lat' dir='ltr'><strong>tuatur,</strong></span> <span class='ocrx_word' id='word_1_433' title='bbox 2224 1531 2275 1584; x_wconf 87' lang='lat' dir='ltr'><strong>id</strong></span> <span class='ocrx_word' id='word_1_434' title='bbox 2304 1531 2446 1600; x_wconf 89' lang='lat' dir='ltr'><strong>quod</strong></span> <span class='ocrx_word' id='word_1_435' title='bbox 2478 1547 2543 1586; x_wconf 84' lang='lat' dir='ltr'><strong>ex</strong></span> <span class='ocrx_word' id='word_1_436' title='bbox 2580 1541 2822 1601; x_wconf 76' lang='lat' dir='ltr'><strong>quatuor</strong></span> <span class='ocrx_word' id='word_1_437' title='bbox 2848 1532 2992 1598; x_wconf 83' lang='lat' dir='ltr'><strong>istis,</strong></span> <span class='ocrx_word' id='word_1_438' title='bbox 3022 1537 3212 1602; x_wconf 84' lang='lat' dir='ltr'><strong>eisque</strong></span> <span class='ocrx_word' id='word_1_439' title='bbox 3245 1540 3552 1593; x_wconf 84' lang='lat' dir='ltr'><strong>eommistis</strong></span> 
     </span>
    </p>
   </div>
   <div class='ocr_carea' id='block_1_59' title="bbox 1983 1623 3550 1694">
    <p class='ocr_par' dir='ltr' id='par_1_59' title="bbox 1983 1623 3550 1694">
     <span class='ocr_line' id='line_1_59' title="bbox 1983 1623 3550 1694; baseline 0.004 -17"><span class='ocrx_word' id='word_1_440' title='bbox 1983 1623 2238 1678; x_wconf 81' lang='lat' dir='ltr'><strong>eﬂ&#39;ectum</strong></span> <span class='ocrx_word' id='word_1_441' title='bbox 2273 1623 2398 1687; x_wconf 78' lang='lat' dir='ltr'><strong>fuit,</strong></span> <span class='ocrx_word' id='word_1_442' title='bbox 2448 1639 2548 1679; x_wconf 91' lang='lat' dir='ltr'><strong>nec</strong></span> <span class='ocrx_word' id='word_1_443' title='bbox 2577 1624 2719 1694; x_wconf 87' lang='lat' dir='ltr'><strong>ignis</strong></span> <span class='ocrx_word' id='word_1_444' title='bbox 2756 1633 2862 1691; x_wconf 85' lang='lat' dir='ltr'><strong>est,</strong></span> <span class='ocrx_word' id='word_1_445' title='bbox 2901 1641 3003 1681; x_wconf 89' lang='lat' dir='ltr'><strong>nec</strong></span> <span class='ocrx_word' id='word_1_446' title='bbox 3036 1628 3261 1693; x_wconf 86' lang='lat' dir='ltr'><strong>dicitur,</strong></span> <span class='ocrx_word' id='word_1_447' title='bbox 3296 1645 3397 1684; x_wconf 86' lang='lat' dir='ltr'><strong>nec</strong></span> <span class='ocrx_word' id='word_1_448' title='bbox 3432 1645 3550 1693; x_wconf 87' lang='lat' dir='ltr'><strong>aer,</strong></span> 
     </span>
    </p>
   </div>
   <div class='ocr_carea' id='block_1_60' title="bbox 1984 1718 3552 1789">
    <p class='ocr_par' dir='ltr' id='par_1_60' title="bbox 1984 1718 3552 1789">
     <span class='ocr_line' id='line_1_60' title="bbox 1984 1718 3552 1789; baseline 0.003 -19"><span class='ocrx_word' id='word_1_449' title='bbox 1984 1730 2087 1770; x_wconf 80' lang='lat' dir='ltr'><strong>nec</strong></span> <span class='ocrx_word' id='word_1_450' title='bbox 2131 1731 2295 1785; x_wconf 86' lang='lat' dir='ltr'><strong>aqua,</strong></span> <span class='ocrx_word' id='word_1_451' title='bbox 2358 1732 2538 1786; x_wconf 87' lang='lat' dir='ltr'><strong>neque</strong></span> <span class='ocrx_word' id='word_1_452' title='bbox 2564 1724 2741 1781; x_wconf 73' lang='lat' dir='ltr'><strong>terra,</strong></span> <span class='ocrx_word' id='word_1_453' title='bbox 2784 1718 2880 1772; x_wconf 89' lang='lat' dir='ltr'><strong>sed</strong></span> <span class='ocrx_word' id='word_1_454' title='bbox 2920 1718 3146 1773; x_wconf 81' lang='lat' dir='ltr'><strong>existis</strong></span> <span class='ocrx_word' id='word_1_455' title='bbox 3172 1720 3552 1789; x_wconf 60' lang='lat' dir='ltr'><strong>aliud&#39;praater</strong></span> 
     </span>
    </p>
   </div>
   <div class='ocr_carea' id='block_1_61' title="bbox 1983 1806 3552 1880">
    <p class='ocr_par' dir='ltr' id='par_1_61' title="bbox 1983 1806 3552 1880">
     <span class='ocr_line' id='line_1_61' title="bbox 1983 1806 3552 1880; baseline 0.002 -17"><span class='ocrx_word' id='word_1_456' title='bbox 1983 1808 2110 1863; x_wconf 70' lang='lat' dir='ltr'><strong>ista.</strong></span> <span class='ocrx_word' id='word_1_457' title='bbox 2144 1806 2409 1862; x_wconf 84' lang='lat' dir='ltr'><strong>Similiter</strong></span> <span class='ocrx_word' id='word_1_458' title='bbox 2440 1809 2621 1863; x_wconf 85' lang='lat' dir='ltr'><strong>mulus</strong></span> <span class='ocrx_word' id='word_1_459' title='bbox 2665 1809 2734 1863; x_wconf 82' lang='lat' dir='ltr'><strong>ab</strong></span> <span class='ocrx_word' id='word_1_460' title='bbox 2786 1823 2929 1879; x_wconf 84' lang='lat' dir='ltr'><strong>equo</strong></span> <span class='ocrx_word' id='word_1_461' title='bbox 2966 1817 3139 1880; x_wconf 82' lang='lat' dir='ltr'><strong>atque</strong></span> <span class='ocrx_word' id='word_1_462' title='bbox 3162 1812 3320 1867; x_wconf 83' lang='lat' dir='ltr'><strong>asino</strong></span> <span class='ocrx_word' id='word_1_463' title='bbox 3352 1812 3552 1866; x_wconf 79' lang='lat' dir='ltr'><strong>distin-</strong></span> 
     </span>
    </p>
   </div>
   <div class='ocr_carea' id='block_1_62' title="bbox 1981 1900 3551 1971">
    <p class='ocr_par' dir='ltr' id='par_1_62' title="bbox 1981 1900 3551 1971">
     <span class='ocr_line' id='line_1_62' title="bbox 1981 1900 3551 1971; baseline 0.003 -19"><span class='ocrx_word' id='word_1_464' title='bbox 1981 1900 2196 1970; x_wconf 89' lang='lat' dir='ltr'><strong>guitur;</strong></span> <span class='ocrx_word' id='word_1_465' title='bbox 2253 1915 2380 1954; x_wconf 86' lang='lat' dir='ltr'><strong>nam</strong></span> <span class='ocrx_word' id='word_1_466' title='bbox 2439 1916 2539 1956; x_wconf 91' lang='lat' dir='ltr'><strong>nec</strong></span> <span class='ocrx_word' id='word_1_467' title='bbox 2601 1916 2774 1971; x_wconf 78' lang='lat' dir='ltr'><strong>equus</strong></span> <span class='ocrx_word' id='word_1_468' title='bbox 2819 1910 2906 1956; x_wconf 86' lang='lat' dir='ltr'><strong>est</strong></span> <span class='ocrx_word' id='word_1_469' title='bbox 2941 1908 3037 1955; x_wconf 87' lang='lat' dir='ltr'><strong>aut</strong></span> <span class='ocrx_word' id='word_1_470' title='bbox 3083 1916 3143 1957; x_wconf 89' lang='lat' dir='ltr'><strong>re</strong></span> <span class='ocrx_word' id='word_1_471' title='bbox 3175 1909 3272 1957; x_wconf 79' lang='lat' dir='ltr'><strong>aut</strong></span> <span class='ocrx_word' id='word_1_472' title='bbox 3332 1904 3551 1958; x_wconf 80' lang='lat' dir='ltr'><strong>nomine</strong></span> 
     </span>
    </p>
   </div>
   <div class='ocr_carea' id='block_1_63' title="bbox 1982 1988 3549 2062">
    <p class='ocr_par' dir='ltr' id='par_1_63' title="bbox 1982 1988 3549 2062">
     <span class='ocr_line' id='line_1_63' title="bbox 1982 1988 3549 2062; baseline 0.002 -17"><span class='ocrx_word' id='word_1_473' title='bbox 1982 2005 2086 2046; x_wconf 88' lang='lat' dir='ltr'><strong>nec</strong></span> <span class='ocrx_word' id='word_1_474' title='bbox 2118 1991 2331 2055; x_wconf 83' lang='lat' dir='ltr'><strong>asinus,</strong></span> <span class='ocrx_word' id='word_1_475' title='bbox 2378 1992 2473 2046; x_wconf 84' lang='lat' dir='ltr'><strong>sed</strong></span> <span class='ocrx_word' id='word_1_476' title='bbox 2512 1992 2723 2062; x_wconf 89' lang='lat' dir='ltr'><strong>aliquid</strong></span> <span class='ocrx_word' id='word_1_477' title='bbox 2768 1992 2989 2047; x_wconf 83' lang='lat' dir='ltr'><strong>tertium</strong></span> <span class='ocrx_word' id='word_1_478' title='bbox 3018 2007 3082 2047; x_wconf 79' lang='lat' dir='ltr'><strong>ex</strong></span> <span class='ocrx_word' id='word_1_479' title='bbox 3122 1992 3239 2047; x_wconf 86' lang='lat' dir='ltr'><strong>illis</strong></span> <span class='ocrx_word' id='word_1_480' title='bbox 3280 1988 3549 2048; x_wconf 82' lang='lat' dir='ltr'><strong>constitu-</strong></span> 
     </span>
    </p>
   </div>
   <div class='ocr_carea' id='block_1_64' title="bbox 1983 2076 3549 2156">
    <p class='ocr_par' dir='ltr' id='par_1_64' title="bbox 1983 2076 3549 2156">
     <span class='ocr_line' id='line_1_64' title="bbox 1983 2076 3549 2156; baseline 0.001 -18"><span class='ocrx_word' id='word_1_481' title='bbox 1983 2096 2119 2140; x_wconf 90' lang='lat' dir='ltr'><strong>tum.</strong></span> <span class='ocrx_word' id='word_1_482' title='bbox 2151 2085 2316 2155; x_wconf 80' lang='lat' dir='ltr'><strong>Atqui</strong></span> <span class='ocrx_word' id='word_1_483' title='bbox 2354 2084 2620 2141; x_wconf 81' lang='lat' dir='ltr'><strong>Dominus</strong></span> <span class='ocrx_word' id='word_1_484' title='bbox 2652 2093 2842 2140; x_wconf 84' lang='lat' dir='ltr'><strong>noster</strong></span> <span class='ocrx_word' id='word_1_485' title='bbox 2886 2083 3049 2140; x_wconf 83' lang='lat' dir='ltr'><strong>Jesus</strong></span> <span class='ocrx_word' id='word_1_486' title='bbox 3077 2076 3360 2150; x_wconf 87' lang='lat' dir='ltr'><strong>Christus,</strong></span> <span class='ocrx_word' id='word_1_487' title='bbox 3420 2087 3549 2156; x_wconf 84' lang='lat' dir='ltr'><strong>quia</strong></span> 
     </span>
    </p>
   </div>
   <div class='ocr_carea' id='block_1_65' title="bbox 1981 2176 3550 2241">
    <p class='ocr_par' dir='ltr' id='par_1_65' title="bbox 1981 2176 3550 2241">
     <span class='ocr_line' id='line_1_65' title="bbox 1981 2176 3550 2241; baseline 0.001 -10"><span class='ocrx_word' id='word_1_488' title='bbox 1981 2192 2047 2231; x_wconf 72' lang='lat' dir='ltr'><strong>ex</strong></span> <span class='ocrx_word' id='word_1_489' title='bbox 2096 2176 2381 2232; x_wconf 82' lang='lat' dir='ltr'><strong>divinitate</strong></span> <span class='ocrx_word' id='word_1_490' title='bbox 2406 2184 2465 2231; x_wconf 88' lang='lat' dir='ltr'><strong>et</strong></span> <span class='ocrx_word' id='word_1_491' title='bbox 2509 2178 2853 2232; x_wconf 83' lang='lat' dir='ltr'><strong>humanitate</strong></span> <span class='ocrx_word' id='word_1_492' title='bbox 2887 2184 3131 2241; x_wconf 77' lang='lat' dir='ltr'><strong>constat,</strong></span> <span class='ocrx_word' id='word_1_493' title='bbox 3173 2176 3228 2229; x_wconf 89' lang='lat' dir='ltr'><strong>iu</strong></span> <span class='ocrx_word' id='word_1_494' title='bbox 3257 2176 3550 2232; x_wconf 83' lang='lat' dir='ltr'><strong>divinitate</strong></span> 
     </span>
    </p>
   </div>
   <div class='ocr_carea' id='block_1_66' title="bbox 1980 2267 3548 2337">
    <p class='ocr_par' dir='ltr' id='par_1_66' title="bbox 1980 2267 3548 2337">
     <span class='ocr_line' id='line_1_66' title="bbox 1980 2267 3548 2337; baseline -0.001 -15"><span class='ocrx_word' id='word_1_495' title='bbox 1980 2275 2066 2323; x_wconf 86' lang='lat' dir='ltr'><strong>est</strong></span> <span class='ocrx_word' id='word_1_496' title='bbox 2088 2276 2143 2322; x_wconf 88' lang='lat' dir='ltr'><strong>et</strong></span> <span class='ocrx_word' id='word_1_497' title='bbox 2172 2267 2227 2321; x_wconf 92' lang='lat' dir='ltr'><strong>in</strong></span> <span class='ocrx_word' id='word_1_498' title='bbox 2262 2267 2607 2323; x_wconf 81' lang='lat' dir='ltr'><strong>humanitate</strong></span> <span class='ocrx_word' id='word_1_499' title='bbox 2636 2267 2942 2337; x_wconf 81' lang='lat' dir='ltr'><strong>perfectus,</strong></span> <span class='ocrx_word' id='word_1_500' title='bbox 2996 2267 3252 2336; x_wconf 81' lang='lat' dir='ltr'><strong>Deosque</strong></span> <span class='ocrx_word' id='word_1_501' title='bbox 3287 2276 3342 2322; x_wconf 83' lang='lat' dir='ltr'><strong>et</strong></span> <span class='ocrx_word' id='word_1_502' title='bbox 3384 2269 3548 2322; x_wconf 87' lang='lat' dir='ltr'><strong>homo</strong></span> 
     </span>
    </p>
   </div>
   <div class='ocr_carea' id='block_1_67' title="bbox 1978 2359 3544 2430">
    <p class='ocr_par' dir='ltr' id='par_1_67' title="bbox 1978 2359 3544 2430">
     <span class='ocr_line' id='line_1_67' title="bbox 1978 2359 3544 2430; baseline 0 -16"><span class='ocrx_word' id='word_1_503' title='bbox 1978 2365 2063 2414; x_wconf 87' lang='lat' dir='ltr'><strong>est</strong></span> <span class='ocrx_word' id='word_1_504' title='bbox 2093 2368 2147 2413; x_wconf 91' lang='lat' dir='ltr'><strong>et</strong></span> <span class='ocrx_word' id='word_1_505' title='bbox 2173 2359 2401 2424; x_wconf 88' lang='lat' dir='ltr'><strong>dicitur,</strong></span> <span class='ocrx_word' id='word_1_506' title='bbox 2434 2367 2694 2430; x_wconf 90' lang='lat' dir='ltr'><strong>totusque</strong></span> <span class='ocrx_word' id='word_1_507' title='bbox 2722 2359 2865 2417; x_wconf 86' lang='lat' dir='ltr'><strong>Deus</strong></span> <span class='ocrx_word' id='word_1_508' title='bbox 2892 2368 2945 2415; x_wconf 90' lang='lat' dir='ltr'><strong>et</strong></span> <span class='ocrx_word' id='word_1_509' title='bbox 2966 2367 3118 2415; x_wconf 86' lang='lat' dir='ltr'><strong>totus</strong></span> <span class='ocrx_word' id='word_1_510' title='bbox 3151 2362 3361 2426; x_wconf 85' lang='lat' dir='ltr'><strong>homo;</strong></span> <span class='ocrx_word' id='word_1_511' title='bbox 3398 2361 3544 2430; x_wconf 89' lang='lat' dir='ltr'><strong>quod</strong></span> 
     </span>
    </p>
   </div>
   <div class='ocr_carea' id='block_1_68' title="bbox 1977 2451 3546 2521">
    <p class='ocr_par' dir='ltr' id='par_1_68' title="bbox 1977 2451 3546 2521">
     <span class='ocr_line' id='line_1_68' title="bbox 1977 2451 3546 2521; baseline -0.001 -16"><span class='ocrx_word' id='word_1_512' title='bbox 1977 2451 2199 2520; x_wconf 83' lang='lat' dir='ltr'><strong>quidem</strong></span> <span class='ocrx_word' id='word_1_513' title='bbox 2250 2451 2306 2504; x_wconf 91' lang='lat' dir='ltr'><strong>in</strong></span> <span class='ocrx_word' id='word_1_514' title='bbox 2335 2452 2641 2521; x_wconf 82' lang='lat' dir='ltr'><strong>composita</strong></span> <span class='ocrx_word' id='word_1_515' title='bbox 2674 2458 2872 2504; x_wconf 88' lang='lat' dir='ltr'><strong>natura</strong></span> <span class='ocrx_word' id='word_1_516' title='bbox 2921 2465 3267 2520; x_wconf 76' lang='lat' dir='ltr'><strong>nequaquam</strong></span> <span class='ocrx_word' id='word_1_517' title='bbox 3301 2451 3546 2521; x_wconf 88' lang='lat' dir='ltr'><strong>reperia-</strong></span> 
     </span>
    </p>
   </div>
   <div class='ocr_carea' id='block_1_69' title="bbox 1979 2540 3547 2611">
    <p class='ocr_par' dir='ltr' id='par_1_69' title="bbox 1979 2540 3547 2611">
     <span class='ocr_line' id='line_1_69' title="bbox 1979 2540 3547 2611; baseline 0 -16"><span class='ocrx_word' id='word_1_518' title='bbox 1979 2550 2087 2596; x_wconf 89' lang='lat' dir='ltr'><strong>tur.</strong></span> <span class='ocrx_word' id='word_1_519' title='bbox 2118 2540 2234 2596; x_wconf 88' lang='lat' dir='ltr'><strong>Non</strong></span> <span class='ocrx_word' id='word_1_520' title='bbox 2268 2542 2414 2596; x_wconf 91' lang='lat' dir='ltr'><strong>enim</strong></span> <span class='ocrx_word' id='word_1_521' title='bbox 2441 2549 2616 2595; x_wconf 89' lang='lat' dir='ltr'><strong>totum</strong></span> <span class='ocrx_word' id='word_1_522' title='bbox 2648 2555 2852 2611; x_wconf 89' lang='lat' dir='ltr'><strong>corpus</strong></span> <span class='ocrx_word' id='word_1_523' title='bbox 2888 2542 3029 2611; x_wconf 89' lang='lat' dir='ltr'><strong>ignis</strong></span> <span class='ocrx_word' id='word_1_524' title='bbox 3052 2549 3156 2604; x_wconf 87' lang='lat' dir='ltr'><strong>est,</strong></span> <span class='ocrx_word' id='word_1_525' title='bbox 3189 2555 3371 2610; x_wconf 81' lang='lat' dir='ltr'><strong>neque</strong></span> <span class='ocrx_word' id='word_1_526' title='bbox 3396 2547 3547 2595; x_wconf 90' lang='lat' dir='ltr'><strong>totus</strong></span> 
     </span>
    </p>
   </div>
   <div class='ocr_carea' id='block_1_70' title="bbox 1975 2630 3548 2701">
    <p class='ocr_par' dir='ltr' id='par_1_70' title="bbox 1975 2630 3548 2701">
     <span class='ocr_line' id='line_1_70' title="bbox 1975 2630 3548 2701; baseline -0.001 -15"><span class='ocrx_word' id='word_1_527' title='bbox 1975 2633 2142 2688; x_wconf 89' lang='lat' dir='ltr'><strong>homo</strong></span> <span class='ocrx_word' id='word_1_528' title='bbox 2165 2641 2249 2689; x_wconf 77' lang='lat' dir='ltr'><strong>est</strong></span> <span class='ocrx_word' id='word_1_529' title='bbox 2269 2632 2472 2698; x_wconf 88' lang='lat' dir='ltr'><strong>anima,</strong></span> <span class='ocrx_word' id='word_1_530' title='bbox 2500 2640 2592 2685; x_wconf 92' lang='lat' dir='ltr'><strong>aut</strong></span> <span class='ocrx_word' id='word_1_531' title='bbox 2623 2640 2769 2688; x_wconf 89' lang='lat' dir='ltr'><strong>totus</strong></span> <span class='ocrx_word' id='word_1_532' title='bbox 2808 2633 2990 2687; x_wconf 87' lang='lat' dir='ltr'><strong>mulus</strong></span> <span class='ocrx_word' id='word_1_533' title='bbox 3009 2646 3185 2701; x_wconf 82' lang='lat' dir='ltr'><strong>equus</strong></span> <span class='ocrx_word' id='word_1_534' title='bbox 3213 2640 3317 2686; x_wconf 89' lang='lat' dir='ltr'><strong>est.</strong></span> <span class='ocrx_word' id='word_1_535' title='bbox 3343 2630 3548 2697; x_wconf 83' lang='lat' dir='ltr'><strong>Quam-</strong></span> 
     </span>
    </p>
   </div>
   <div class='ocr_carea' id='block_1_71' title="bbox 1976 2722 3542 2794">
    <p class='ocr_par' dir='ltr' id='par_1_71' title="bbox 1976 2722 3542 2794">
     <span class='ocr_line' id='line_1_71' title="bbox 1976 2722 3542 2794; baseline -0.001 -15"><span class='ocrx_word' id='word_1_536' title='bbox 1976 2727 2164 2780; x_wconf 82' lang='lat' dir='ltr'><strong>obrem</strong></span> <span class='ocrx_word' id='word_1_537' title='bbox 2217 2740 2327 2779; x_wconf 87' lang='lat' dir='ltr'><strong>non</strong></span> <span class='ocrx_word' id='word_1_538' title='bbox 2389 2740 2499 2779; x_wconf 86' lang='lat' dir='ltr'><strong>una</strong></span> <span class='ocrx_word' id='word_1_539' title='bbox 2558 2725 2862 2794; x_wconf 85' lang='lat' dir='ltr'><strong>composita</strong></span> <span class='ocrx_word' id='word_1_540' title='bbox 2910 2733 3103 2777; x_wconf 83' lang='lat' dir='ltr'><strong>natura</strong></span> <span class='ocrx_word' id='word_1_541' title='bbox 3152 2735 3237 2778; x_wconf 92' lang='lat' dir='ltr'><strong>est</strong></span> <span class='ocrx_word' id='word_1_542' title='bbox 3258 2722 3542 2784; x_wconf 85' lang='lat' dir='ltr'><strong>Christus.</strong></span> 
     </span>
    </p>
   </div>
   <div class='ocr_carea' id='block_1_72' title="bbox 1975 2812 3543 2884">
    <p class='ocr_par' dir='ltr' id='par_1_72' title="bbox 1975 2812 3543 2884">
     <span class='ocr_line' id='line_1_72' title="bbox 1975 2812 3543 2884; baseline -0.001 -16"><span class='ocrx_word' id='word_1_543' title='bbox 1975 2815 2067 2868; x_wconf 85' lang='lat' dir='ltr'><strong>sed</strong></span> <span class='ocrx_word' id='word_1_544' title='bbox 2103 2829 2207 2867; x_wconf 91' lang='lat' dir='ltr'><strong>una</strong></span> <span class='ocrx_word' id='word_1_545' title='bbox 2239 2815 2553 2884; x_wconf 73' lang='lat' dir='ltr'><strong>hypdstasis</strong></span> <span class='ocrx_word' id='word_1_546' title='bbox 2586 2815 2924 2883; x_wconf 88' lang='lat' dir='ltr'><strong>composita;</strong></span> <span class='ocrx_word' id='word_1_547' title='bbox 2966 2829 3075 2867; x_wconf 92' lang='lat' dir='ltr'><strong>non</strong></span> <span class='ocrx_word' id='word_1_548' title='bbox 3101 2828 3165 2867; x_wconf 77' lang='lat' dir='ltr'><strong>ex</strong></span> <span class='ocrx_word' id='word_1_549' title='bbox 3216 2812 3340 2867; x_wconf 82' lang='lat' dir='ltr'><strong>aliis</strong></span> <span class='ocrx_word' id='word_1_550' title='bbox 3372 2812 3543 2878; x_wconf 89' lang='lat' dir='ltr'><strong>aliud,</strong></span> 
     </span>
    </p>
   </div>
   <div class='ocr_carea' id='block_1_73' title="bbox 1976 2901 3543 2971">
    <p class='ocr_par' dir='ltr' id='par_1_73' title="bbox 1976 2901 3543 2971">
     <span class='ocr_line' id='line_1_73' title="bbox 1976 2901 3543 2971; baseline -0.003 -12"><span class='ocrx_word' id='word_1_551' title='bbox 1976 2904 2071 2959; x_wconf 84' lang='lat' dir='ltr'><strong>sed</strong></span> <span class='ocrx_word' id='word_1_552' title='bbox 2109 2918 2172 2958; x_wconf 78' lang='lat' dir='ltr'><strong>ex</strong></span> <span class='ocrx_word' id='word_1_553' title='bbox 2205 2904 2332 2957; x_wconf 89' lang='lat' dir='ltr'><strong>aliis</strong></span> <span class='ocrx_word' id='word_1_554' title='bbox 2364 2905 2574 2970; x_wconf 86' lang='lat' dir='ltr'><strong>eadem,</strong></span> <span class='ocrx_word' id='word_1_555' title='bbox 2607 2919 2676 2957; x_wconf 85' lang='lat' dir='ltr'><strong>ex</strong></span> <span class='ocrx_word' id='word_1_556' title='bbox 2704 2903 2998 2958; x_wconf 84' lang='lat' dir='ltr'><strong>divinitate</strong></span> <span class='ocrx_word' id='word_1_557' title='bbox 3038 2901 3313 2971; x_wconf 88' lang='lat' dir='ltr'><strong>siquidem</strong></span> <span class='ocrx_word' id='word_1_558' title='bbox 3360 2910 3414 2955; x_wconf 91' lang='lat' dir='ltr'><strong>et</strong></span> <span class='ocrx_word' id='word_1_559' title='bbox 3438 2902 3543 2955; x_wconf 89' lang='lat' dir='ltr'><strong>hu-</strong></span> 
     </span>
    </p>
   </div>
   <div class='ocr_carea' id='block_1_74' title="bbox 1980 2993 3545 3068">
    <p class='ocr_par' dir='ltr' id='par_1_74' title="bbox 1980 2993 3545 3068">
     <span class='ocr_line' id='line_1_74' title="bbox 1980 2993 3545 3068; baseline 0.001 -22"><span class='ocrx_word' id='word_1_560' title='bbox 1980 2994 2262 3068; x_wconf 85' lang='lat' dir='ltr'><strong>manitate,</strong></span> <span class='ocrx_word' id='word_1_561' title='bbox 2287 2994 2434 3050; x_wconf 88' lang='lat' dir='ltr'><strong>Deus</strong></span> <span class='ocrx_word' id='word_1_562' title='bbox 2496 3002 2551 3049; x_wconf 88' lang='lat' dir='ltr'><strong>et</strong></span> <span class='ocrx_word' id='word_1_563' title='bbox 2577 2996 2739 3048; x_wconf 90' lang='lat' dir='ltr'><strong>homo</strong></span> <span class='ocrx_word' id='word_1_564' title='bbox 2766 3001 2852 3050; x_wconf 89' lang='lat' dir='ltr'><strong>est</strong></span> <span class='ocrx_word' id='word_1_565' title='bbox 2874 2993 3150 3064; x_wconf 79' lang='lat' dir='ltr'><strong>perfectus</strong></span> <span class='ocrx_word' id='word_1_566' title='bbox 3182 3007 3196 3044; x_wconf 88' lang='lat'><strong>:</strong></span> <span class='ocrx_word' id='word_1_567' title='bbox 3224 2993 3345 3047; x_wconf 75' lang='lat' dir='ltr'><strong>diue</strong></span> <span class='ocrx_word' id='word_1_568' title='bbox 3380 3006 3545 3063; x_wconf 89' lang='lat' dir='ltr'><strong>porro</strong></span> 
     </span>
    </p>
   </div>
   <div class='ocr_carea' id='block_1_75' title="bbox 1978 3083 3545 3155">
    <p class='ocr_par' dir='ltr' id='par_1_75' title="bbox 1978 3083 3545 3155">
     <span class='ocr_line' id='line_1_75' title="bbox 1978 3083 3545 3155; baseline 0 -18"><span class='ocrx_word' id='word_1_569' title='bbox 1978 3091 2193 3138; x_wconf 69' lang='lat' dir='ltr'><strong>natura:</strong></span> <span class='ocrx_word' id='word_1_570' title='bbox 2229 3085 2285 3138; x_wconf 91' lang='lat' dir='ltr'><strong>in</strong></span> <span class='ocrx_word' id='word_1_571' title='bbox 2324 3099 2432 3139; x_wconf 92' lang='lat' dir='ltr'><strong>una</strong></span> <span class='ocrx_word' id='word_1_572' title='bbox 2485 3085 2775 3155; x_wconf 80' lang='lat' dir='ltr'><strong>hypostasi</strong></span> <span class='ocrx_word' id='word_1_573' title='bbox 2825 3084 3157 3153; x_wconf 87' lang='lat' dir='ltr'><strong>composita,</strong></span> <span class='ocrx_word' id='word_1_574' title='bbox 3197 3090 3252 3138; x_wconf 86' lang='lat' dir='ltr'><strong>et</strong></span> <span class='ocrx_word' id='word_1_575' title='bbox 3282 3083 3545 3154; x_wconf 81' lang='lat' dir='ltr'><strong>hyposta-</strong></span> 
     </span>
    </p>
   </div>
   <div class='ocr_carea' id='block_1_76' title="bbox 1976 3175 3097 3247">
    <p class='ocr_par' dir='ltr' id='par_1_76' title="bbox 1976 3175 3097 3247">
     <span class='ocr_line' id='line_1_76' title="bbox 1976 3175 3097 3247; baseline 0.001 -17"><span class='ocrx_word' id='word_1_576' title='bbox 1976 3176 2054 3230; x_wconf 88' lang='lat' dir='ltr'><strong>sis</strong></span> <span class='ocrx_word' id='word_1_577' title='bbox 2079 3191 2185 3229; x_wconf 89' lang='lat' dir='ltr'><strong>una</strong></span> <span class='ocrx_word' id='word_1_578' title='bbox 2204 3177 2512 3247; x_wconf 86' lang='lat' dir='ltr'><strong>composita</strong></span> <span class='ocrx_word' id='word_1_579' title='bbox 2538 3178 2594 3231; x_wconf 89' lang='lat' dir='ltr'><strong>in</strong></span> <span class='ocrx_word' id='word_1_580' title='bbox 2618 3176 2833 3231; x_wconf 81' lang='lat' dir='ltr'><strong>naturis</strong></span> <span class='ocrx_word' id='word_1_581' title='bbox 2863 3175 3097 3231; x_wconf 85' lang='lat' dir='ltr'><strong>duabus.</strong></span> 
     </span>
    </p>
   </div>
   <div class='ocr_carea' id='block_1_77' title="bbox 2042 3266 3544 3336">
    <p class='ocr_par' dir='ltr' id='par_1_77' title="bbox 2042 3266 3544 3336">
     <span class='ocr_line' id='line_1_77' title="bbox 2042 3266 3544 3336; baseline 0.002 -17"><span class='ocrx_word' id='word_1_582' title='bbox 2042 3267 2133 3321; x_wconf 68' lang='lat'><strong>25.</strong></span> <span class='ocrx_word' id='word_1_583' title='bbox 2170 3266 2228 3320; x_wconf 90' lang='lat' dir='ltr'><strong>Si</strong></span> <span class='ocrx_word' id='word_1_584' title='bbox 2288 3267 2539 3323; x_wconf 86' lang='lat' dir='ltr'><strong>Christus</strong></span> <span class='ocrx_word' id='word_1_585' title='bbox 2591 3274 2805 3322; x_wconf 66' lang='lat' dir='ltr'><strong>natura:</strong></span> <span class='ocrx_word' id='word_1_586' title='bbox 2852 3267 3097 3336; x_wconf 91' lang='lat' dir='ltr'><strong>ejusdem</strong></span> <span class='ocrx_word' id='word_1_587' title='bbox 3130 3278 3186 3324; x_wconf 92' lang='lat' dir='ltr'><strong>et</strong></span> <span class='ocrx_word' id='word_1_588' title='bbox 3214 3269 3544 3325; x_wconf 68' lang='lat' dir='ltr'><strong>substantia:</strong></span> 
     </span>
    </p>
   </div>
   <div class='ocr_carea' id='block_1_78' title="bbox 1973 3356 3543 3428">
    <p class='ocr_par' dir='ltr' id='par_1_78' title="bbox 1973 3356 3543 3428">
     <span class='ocr_line' id='line_1_78' title="bbox 1973 3356 3543 3428; baseline -0.001 -14"><span class='ocrx_word' id='word_1_589' title='bbox 1973 3368 2057 3414; x_wconf 89' lang='lat' dir='ltr'><strong>est</strong></span> <span class='ocrx_word' id='word_1_590' title='bbox 2097 3373 2161 3412; x_wconf 84' lang='lat' dir='ltr'><strong>ac</strong></span> <span class='ocrx_word' id='word_1_591' title='bbox 2190 3356 2353 3412; x_wconf 87' lang='lat' dir='ltr'><strong>Pater</strong></span> <span class='ocrx_word' id='word_1_592' title='bbox 2380 3361 2472 3427; x_wconf 87' lang='lat' dir='ltr'><strong>qui</strong></span> <span class='ocrx_word' id='word_1_593' title='bbox 2515 3359 2784 3428; x_wconf 84' lang='lat' dir='ltr'><strong>simplicis</strong></span> <span class='ocrx_word' id='word_1_594' title='bbox 2830 3367 3041 3413; x_wconf 64' lang='lat' dir='ltr'><strong>natura:</strong></span> <span class='ocrx_word' id='word_1_595' title='bbox 3062 3369 3169 3426; x_wconf 91' lang='lat' dir='ltr'><strong>est,</strong></span> <span class='ocrx_word' id='word_1_596' title='bbox 3214 3360 3380 3414; x_wconf 87' lang='lat' dir='ltr'><strong>habet</strong></span> <span class='ocrx_word' id='word_1_597' title='bbox 3411 3374 3543 3414; x_wconf 80' lang='lat' dir='ltr'><strong>vero</strong></span> 
     </span>
    </p>
   </div>
   <div class='ocr_carea' id='block_1_79' title="bbox 1970 3448 3542 3518">
    <p class='ocr_par' dir='ltr' id='par_1_79' title="bbox 1970 3448 3542 3518">
     <span class='ocr_line' id='line_1_79' title="bbox 1970 3448 3542 3518; baseline 0.001 -16"><span class='ocrx_word' id='word_1_598' title='bbox 1970 3450 2198 3518; x_wconf 85' lang='lat' dir='ltr'><strong>insuper</strong></span> <span class='ocrx_word' id='word_1_599' title='bbox 2220 3448 2579 3518; x_wconf 85' lang='lat' dir='ltr'><strong>compositam</strong></span> <span class='ocrx_word' id='word_1_600' title='bbox 2614 3456 2901 3513; x_wconf 88' lang='lat' dir='ltr'><strong>naturam;</strong></span> <span class='ocrx_word' id='word_1_601' title='bbox 2943 3448 3083 3503; x_wconf 85' lang='lat' dir='ltr'><strong>duas</strong></span> <span class='ocrx_word' id='word_1_602' title='bbox 3114 3450 3344 3518; x_wconf 84' lang='lat' dir='ltr'><strong>proinde</strong></span> <span class='ocrx_word' id='word_1_603' title='bbox 3373 3449 3542 3503; x_wconf 85' lang='lat' dir='ltr'><strong>hahe-</strong></span> 
     </span>
    </p>
   </div>
   <div class='ocr_carea' id='block_1_80' title="bbox 1972 3535 3539 3606">
    <p class='ocr_par' dir='ltr' id='par_1_80' title="bbox 1972 3535 3539 3606">
     <span class='ocr_line' id='line_1_80' title="bbox 1972 3535 3539 3606; baseline 0.001 -15"><span class='ocrx_word' id='word_1_604' title='bbox 1972 3536 2051 3591; x_wconf 90' lang='lat' dir='ltr'><strong>bit</strong></span> <span class='ocrx_word' id='word_1_605' title='bbox 2068 3547 2316 3601; x_wconf 82' lang='lat' dir='ltr'><strong>naturas,</strong></span> <span class='ocrx_word' id='word_1_606' title='bbox 2337 3551 2501 3591; x_wconf 89' lang='lat' dir='ltr'><strong>unam</strong></span> <span class='ocrx_word' id='word_1_607' title='bbox 2530 3535 2860 3606; x_wconf 90' lang='lat' dir='ltr'><strong>simplicem,</strong></span> <span class='ocrx_word' id='word_1_608' title='bbox 2895 3546 2950 3591; x_wconf 92' lang='lat' dir='ltr'><strong>et</strong></span> <span class='ocrx_word' id='word_1_609' title='bbox 2970 3552 3132 3591; x_wconf 86' lang='lat' dir='ltr'><strong>unam</strong></span> <span class='ocrx_word' id='word_1_610' title='bbox 3151 3538 3539 3606; x_wconf 87' lang='lat' dir='ltr'><strong>compositam.</strong></span> 
     </span>
    </p>
   </div>
   <div class='ocr_carea' id='block_1_81' title="bbox 2037 3627 3540 3697">
    <p class='ocr_par' dir='ltr' id='par_1_81' title="bbox 2037 3627 3540 3697">
     <span class='ocr_line' id='line_1_81' title="bbox 2037 3627 3540 3697; baseline -0.001 -14"><span class='ocrx_word' id='word_1_611' title='bbox 2037 3628 2130 3683; x_wconf 76' lang='lat'><strong>26.</strong></span> <span class='ocrx_word' id='word_1_612' title='bbox 2190 3627 2246 3682; x_wconf 82' lang='lat' dir='ltr'><strong>Si</strong></span> <span class='ocrx_word' id='word_1_613' title='bbox 2306 3643 2488 3697; x_wconf 88' lang='lat' dir='ltr'><strong>neque</strong></span> <span class='ocrx_word' id='word_1_614' title='bbox 2527 3636 2711 3682; x_wconf 87' lang='lat' dir='ltr'><strong>creata</strong></span> <span class='ocrx_word' id='word_1_615' title='bbox 2763 3636 2871 3692; x_wconf 88' lang='lat' dir='ltr'><strong>est,</strong></span> <span class='ocrx_word' id='word_1_616' title='bbox 2933 3644 3036 3683; x_wconf 88' lang='lat' dir='ltr'><strong>nec</strong></span> <span class='ocrx_word' id='word_1_617' title='bbox 3092 3630 3313 3682; x_wconf 87' lang='lat' dir='ltr'><strong>initium</strong></span> <span class='ocrx_word' id='word_1_618' title='bbox 3345 3630 3540 3683; x_wconf 87' lang='lat' dir='ltr'><strong>habuit</strong></span> 
     </span>
    </p>
   </div>
   <div class='ocr_carea' id='block_1_82' title="bbox 1973 3717 3540 3787">
    <p class='ocr_par' dir='ltr' id='par_1_82' title="bbox 1973 3717 3540 3787">
     <span class='ocr_line' id='line_1_82' title="bbox 1973 3717 3540 3787; baseline 0 -13"><span class='ocrx_word' id='word_1_619' title='bbox 1973 3719 2181 3774; x_wconf 87' lang='lat' dir='ltr'><strong>Christi</strong></span> <span class='ocrx_word' id='word_1_620' title='bbox 2214 3719 2427 3781; x_wconf 88' lang='lat' dir='ltr'><strong>Deitas,</strong></span> <span class='ocrx_word' id='word_1_621' title='bbox 2453 3727 2637 3772; x_wconf 88' lang='lat' dir='ltr'><strong>creata</strong></span> <span class='ocrx_word' id='word_1_622' title='bbox 2676 3732 2807 3772; x_wconf 84' lang='lat' dir='ltr'><strong>vero</strong></span> <span class='ocrx_word' id='word_1_623' title='bbox 2853 3717 2981 3780; x_wconf 82' lang='lat' dir='ltr'><strong>fuit,</strong></span> <span class='ocrx_word' id='word_1_624' title='bbox 3004 3725 3059 3772; x_wconf 89' lang='lat' dir='ltr'><strong>et</strong></span> <span class='ocrx_word' id='word_1_625' title='bbox 3081 3732 3205 3773; x_wconf 84' lang='lat' dir='ltr'><strong>esse</strong></span> <span class='ocrx_word' id='word_1_626' title='bbox 3230 3718 3398 3786; x_wconf 80' lang='lat' dir='ltr'><strong>coepit</strong></span> <span class='ocrx_word' id='word_1_627' title='bbox 3419 3718 3540 3787; x_wconf 88' lang='lat' dir='ltr'><strong>ejus</strong></span> 
     </span>
    </p>
   </div>
   <div class='ocr_carea' id='block_1_83' title="bbox 1968 3805 3537 3877">
    <p class='ocr_par' dir='ltr' id='par_1_83' title="bbox 1968 3805 3537 3877">
     <span class='ocr_line' id='line_1_83' title="bbox 1968 3805 3537 3877; baseline -0.001 -15"><span class='ocrx_word' id='word_1_628' title='bbox 1968 3809 2318 3873; x_wconf 86' lang='lat' dir='ltr'><strong>humanitas;</strong></span> <span class='ocrx_word' id='word_1_629' title='bbox 2345 3807 2618 3877; x_wconf 84' lang='lat' dir='ltr'><strong>quomodo</strong></span> <span class='ocrx_word' id='word_1_630' title='bbox 2649 3805 2787 3859; x_wconf 85' lang='lat' dir='ltr'><strong>illud</strong></span> <span class='ocrx_word' id='word_1_631' title='bbox 2827 3806 2973 3875; x_wconf 91' lang='lat' dir='ltr'><strong>quod</strong></span> <span class='ocrx_word' id='word_1_632' title='bbox 3012 3810 3255 3876; x_wconf 66' lang='lat' dir='ltr'><strong>emptum</strong></span> <span class='ocrx_word' id='word_1_633' title='bbox 3288 3822 3399 3861; x_wconf 93' lang='lat' dir='ltr'><strong>non</strong></span> <span class='ocrx_word' id='word_1_634' title='bbox 3428 3816 3537 3871; x_wconf 87' lang='lat' dir='ltr'><strong>est,</strong></span> 
     </span>
    </p>
   </div>
   <div class='ocr_carea' id='block_1_84' title="bbox 1966 3897 3360 3968">
    <p class='ocr_par' dir='ltr' id='par_1_84' title="bbox 1966 3897 3360 3968">
     <span class='ocr_line' id='line_1_84' title="bbox 1966 3897 3360 3968; baseline -0.002 -14"><span class='ocrx_word' id='word_1_635' title='bbox 1966 3907 2020 3954; x_wconf 88' lang='lat' dir='ltr'><strong>et</strong></span> <span class='ocrx_word' id='word_1_636' title='bbox 2050 3899 2105 3953; x_wconf 89' lang='lat' dir='ltr'><strong>id</strong></span> <span class='ocrx_word' id='word_1_637' title='bbox 2134 3899 2277 3967; x_wconf 91' lang='lat' dir='ltr'><strong>quod</strong></span> <span class='ocrx_word' id='word_1_638' title='bbox 2305 3906 2545 3968; x_wconf 88' lang='lat' dir='ltr'><strong>coeptum</strong></span> <span class='ocrx_word' id='word_1_639' title='bbox 2568 3904 2673 3962; x_wconf 85' lang='lat' dir='ltr'><strong>est,</strong></span> <span class='ocrx_word' id='word_1_640' title='bbox 2707 3897 2880 3952; x_wconf 88' lang='lat' dir='ltr'><strong>unius</strong></span> <span class='ocrx_word' id='word_1_641' title='bbox 2909 3906 3123 3951; x_wconf 77' lang='lat' dir='ltr'><strong>natura:</strong></span> <span class='ocrx_word' id='word_1_642' title='bbox 3158 3897 3360 3952; x_wconf 83' lang='lat' dir='ltr'><strong>erunt?</strong></span> 
     </span>
    </p>
   </div>
   <div class='ocr_carea' id='block_1_85' title="bbox 2031 3986 3536 4059">
    <p class='ocr_par' dir='ltr' id='par_1_85' title="bbox 2031 3986 3536 4059">
     <span class='ocr_line' id='line_1_85' title="bbox 2031 3986 3536 4059; baseline 0.003 -16"><span class='ocrx_word' id='word_1_643' title='bbox 2031 3989 2121 4053; x_wconf 73' lang='lat'><strong>27,</strong></span> <span class='ocrx_word' id='word_1_644' title='bbox 2146 3989 2201 4042; x_wconf 84' lang='lat' dir='ltr'><strong>Si</strong></span> <span class='ocrx_word' id='word_1_645' title='bbox 2239 4003 2345 4042; x_wconf 77' lang='lat' dir='ltr'><strong>una</strong></span> <span class='ocrx_word' id='word_1_646' title='bbox 2384 3994 2579 4041; x_wconf 88' lang='lat' dir='ltr'><strong>natura</strong></span> <span class='ocrx_word' id='word_1_647' title='bbox 2610 3987 2913 4055; x_wconf 91' lang='lat' dir='ltr'><strong>composita</strong></span> <span class='ocrx_word' id='word_1_648' title='bbox 2948 3986 3206 4043; x_wconf 89' lang='lat' dir='ltr'><strong>Christus</strong></span> <span class='ocrx_word' id='word_1_649' title='bbox 3229 3996 3359 4059; x_wconf 88' lang='lat' dir='ltr'><strong>est;</strong></span> <span class='ocrx_word' id='word_1_650' title='bbox 3406 3992 3536 4047; x_wconf 87' lang='lat' dir='ltr'><strong>sim-</strong></span> 
     </span>
    </p>
   </div>
   <div class='ocr_carea' id='block_1_86' title="bbox 1965 4078 3537 4153">
    <p class='ocr_par' dir='ltr' id='par_1_86' title="bbox 1965 4078 3537 4153">
     <span class='ocr_line' id='line_1_86' title="bbox 1965 4078 3537 4153; baseline 0.001 -17"><span class='ocrx_word' id='word_1_651' title='bbox 1965 4083 2089 4153; x_wconf 84' lang='lat' dir='ltr'><strong>plex</strong></span> <span class='ocrx_word' id='word_1_652' title='bbox 2144 4089 2323 4135; x_wconf 88' lang='lat' dir='ltr'><strong>autem</strong></span> <span class='ocrx_word' id='word_1_653' title='bbox 2384 4088 2439 4135; x_wconf 89' lang='lat' dir='ltr'><strong>et</strong></span> <span class='ocrx_word' id='word_1_654' title='bbox 2474 4078 2842 4149; x_wconf 90' lang='lat' dir='ltr'><strong>compositum</strong></span> <span class='ocrx_word' id='word_1_655' title='bbox 2877 4080 3374 4135; x_wconf 87' lang='lat' dir='ltr'><strong>consubstantialia</strong></span> <span class='ocrx_word' id='word_1_656' title='bbox 3428 4097 3537 4138; x_wconf 92' lang='lat' dir='ltr'><strong>non</strong></span> 
     </span>
    </p>
   </div>
   <div class='ocr_carea' id='block_1_87' title="bbox 1966 4168 3538 4240">
    <p class='ocr_par' dir='ltr' id='par_1_87' title="bbox 1966 4168 3538 4240">
     <span class='ocr_line' id='line_1_87' title="bbox 1966 4168 3538 4240; baseline 0.001 -12"><span class='ocrx_word' id='word_1_657' title='bbox 1966 4179 2115 4237; x_wconf 88' lang='lat' dir='ltr'><strong>sunt,</strong></span> <span class='ocrx_word' id='word_1_658' title='bbox 2172 4168 2340 4225; x_wconf 85' lang='lat' dir='ltr'><strong>Pater</strong></span> <span class='ocrx_word' id='word_1_659' title='bbox 2374 4183 2508 4225; x_wconf 75' lang='lat' dir='ltr'><strong>vero</strong></span> <span class='ocrx_word' id='word_1_660' title='bbox 2560 4169 2835 4240; x_wconf 85' lang='lat' dir='ltr'><strong>simplicis</strong></span> <span class='ocrx_word' id='word_1_661' title='bbox 2890 4176 2977 4225; x_wconf 88' lang='lat' dir='ltr'><strong>est</strong></span> <span class='ocrx_word' id='word_1_662' title='bbox 3003 4177 3217 4226; x_wconf 76' lang='lat' dir='ltr'><strong>natura:</strong></span> <span class='ocrx_word' id='word_1_663' title='bbox 3259 4188 3273 4225; x_wconf 90' lang='lat'><strong>:</strong></span> <span class='ocrx_word' id='word_1_664' title='bbox 3317 4187 3427 4227; x_wconf 89' lang='lat' dir='ltr'><strong>non</strong></span> <span class='ocrx_word' id='word_1_665' title='bbox 3454 4180 3538 4229; x_wconf 84' lang='lat' dir='ltr'><strong>est</strong></span> 
     </span>
    </p>
   </div>
   <div class='ocr_carea' id='block_1_88' title="bbox 1959 4258 3130 4337">
    <p class='ocr_par' dir='ltr' id='par_1_88' title="bbox 1959 4258 3130 4337">
     <span class='ocr_line' id='line_1_88' title="bbox 1959 4258 3130 4337; baseline -0.005 -17"><span class='ocrx_word' id='word_1_666' title='bbox 1959 4266 2125 4337; x_wconf 79' lang='lat' dir='ltr'><strong>igitur</strong></span> <span class='ocrx_word' id='word_1_667' title='bbox 2148 4262 2403 4317; x_wconf 89' lang='lat' dir='ltr'><strong>Christus</strong></span> <span class='ocrx_word' id='word_1_668' title='bbox 2443 4260 2931 4317; x_wconf 87' lang='lat' dir='ltr'><strong>consubstantialis</strong></span> <span class='ocrx_word' id='word_1_669' title='bbox 2958 4258 3130 4315; x_wconf 86' lang='lat' dir='ltr'><strong>Patri.</strong></span> 
     </span>
    </p>
   </div>
   <div class='ocr_carea' id='block_1_89' title="bbox 371 4323 1873 4429">
    <p class='ocr_par' dir='ltr' id='par_1_89' title="bbox 371 4323 1859 4429">
     <span class='ocr_line' id='line_1_89' title="bbox 371 4323 1859 4429; baseline -0.002 -18"><span class='ocrx_word' id='word_1_670' title='bbox 371 4355 479 4428; x_wconf 63' lang='lat' dir='ltr'><strong>mf.</strong></span> <span class='ocrx_word' id='word_1_671' title='bbox 524 4323 587 4410; x_wconf 76' lang='lat' dir='ltr'><strong>Ei</strong></span> <span class='ocrx_word' id='word_1_672' title='bbox 626 4323 723 4427; x_wconf 63' lang='grc' dir='ltr'>μία</span> <span class='ocrx_word' id='word_1_673' title='bbox 753 4323 915 4425; x_wconf 75' lang='grc' dir='ltr'><strong>φύσις</strong></span> <span class='ocrx_word' id='word_1_674' title='bbox 968 4356 1224 4421; x_wconf 83' lang='grc' dir='ltr'><strong>σύνθετός</strong></span> <span class='ocrx_word' id='word_1_675' title='bbox 1257 4358 1406 4411; x_wconf 69' lang='grc' dir='ltr'><strong>ἔστιν</strong></span> <span class='ocrx_word' id='word_1_676' title='bbox 1441 4360 1470 4412; x_wconf 88' lang='lat'><strong>6</strong></span> <span class='ocrx_word' id='word_1_677' title='bbox 1516 4356 1750 4429; x_wconf 62' lang='grc' dir='ltr'>Χριστὸς</span> <span class='ocrx_word' id='word_1_678' title='bbox 1795 4356 1859 4409; x_wconf 78' lang='grc' dir='ltr'><strong>ὲκ</strong></span> 
     </span>
    </p>
   </div>
   <div class='ocr_carea' id='block_1_90' title="bbox 1980 4323 3537 4429">
    <p class='ocr_par' dir='ltr' id='par_1_90' title="bbox 1981 4323 3537 4423">
     <span class='ocr_line' id='line_1_90' title="bbox 1981 4323 3537 4423; baseline -0.001 -13"><span class='ocrx_word' id='word_1_679' title='bbox 1981 4323 2009 4337; x_wconf 56' lang='grc' dir='ltr'>ν</span> <span class='ocrx_word' id='word_1_680' title='bbox 2034 4356 2124 4409; x_wconf 74' lang='lat'><strong>28.</strong></span> <span class='ocrx_word' id='word_1_681' title='bbox 2157 4353 2213 4408; x_wconf 84' lang='lat' dir='ltr'><strong>Si</strong></span> <span class='ocrx_word' id='word_1_682' title='bbox 2245 4353 2503 4408; x_wconf 88' lang='lat' dir='ltr'><strong>Christus</strong></span> <span class='ocrx_word' id='word_1_683' title='bbox 2526 4362 2610 4407; x_wconf 91' lang='lat' dir='ltr'><strong>est</strong></span> <span class='ocrx_word' id='word_1_684' title='bbox 2638 4366 2747 4405; x_wconf 88' lang='lat' dir='ltr'><strong>una</strong></span> <span class='ocrx_word' id='word_1_685' title='bbox 2784 4360 2981 4405; x_wconf 91' lang='lat' dir='ltr'><strong>natura</strong></span> <span class='ocrx_word' id='word_1_686' title='bbox 3015 4354 3325 4423; x_wconf 88' lang='lat' dir='ltr'><strong>composita</strong></span> <span class='ocrx_word' id='word_1_687' title='bbox 3352 4368 3420 4408; x_wconf 79' lang='lat' dir='ltr'><strong>ex</strong></span> <span class='ocrx_word' id='word_1_688' title='bbox 3448 4352 3537 4408; x_wconf 84' lang='lat' dir='ltr'><strong>di-</strong></span> 
     </span>
    </p>
   </div>
   <div class='ocr_carea' id='block_1_91' title="bbox 298 4446 1859 4520">
    <p class='ocr_par' dir='ltr' id='par_1_91' title="bbox 298 4446 1859 4520">
     <span class='ocr_line' id='line_1_91' title="bbox 298 4446 1859 4520; baseline -0.003 -17"><span class='ocrx_word' id='word_1_689' title='bbox 298 4450 553 4520; x_wconf 67' lang='grc' dir='ltr'>θεότητος</span> <span class='ocrx_word' id='word_1_690' title='bbox 608 4450 702 4503; x_wconf 72' lang='grc' dir='ltr'><strong>καὶ</strong></span> <span class='ocrx_word' id='word_1_691' title='bbox 754 4448 1173 4519; x_wconf 83' lang='grc' dir='ltr'>ἀνθρωπότητος</span> <span class='ocrx_word' id='word_1_692' title='bbox 1196 4489 1211 4513; x_wconf 92' lang='grc'><strong>,</strong></span> <span class='ocrx_word' id='word_1_693' title='bbox 1251 4448 1351 4500; x_wconf 79' lang='grc' dir='ltr'><strong>οὐκ</strong></span> <span class='ocrx_word' id='word_1_694' title='bbox 1397 4448 1463 4500; x_wconf 66' lang='grc' dir='ltr'><strong>ἐκ</strong></span> <span class='ocrx_word' id='word_1_695' title='bbox 1511 4447 1765 4516; x_wconf 78' lang='grc' dir='ltr'><strong>θεότητος</strong></span> <span class='ocrx_word' id='word_1_696' title='bbox 1802 4446 1859 4499; x_wconf 75' lang='grc' dir='ltr'>δὲ</span> 
     </span>
    </p>
   </div>
   <div class='ocr_carea' id='block_1_92' title="bbox 296 4536 1857 4610">
    <p class='ocr_par' dir='ltr' id='par_1_92' title="bbox 296 4536 1857 4610">
     <span class='ocr_line' id='line_1_92' title="bbox 296 4536 1857 4610; baseline -0.004 -16"><span class='ocrx_word' id='word_1_697' title='bbox 296 4541 393 4594; x_wconf 76' lang='grc' dir='ltr'><strong>καὶ</strong></span> <span class='ocrx_word' id='word_1_698' title='bbox 436 4540 852 4610; x_wconf 80' lang='grc' dir='ltr'>ἁνθρωπότητος</span> <span class='ocrx_word' id='word_1_699' title='bbox 881 4542 914 4609; x_wconf 82' lang='grc' dir='ltr'><strong>ἡ</strong></span> <span class='ocrx_word' id='word_1_700' title='bbox 950 4538 1143 4592; x_wconf 76' lang='grc' dir='ltr'><strong>τούτου</strong></span> <span class='ocrx_word' id='word_1_701' title='bbox 1172 4538 1373 4608; x_wconf 84' lang='grc' dir='ltr'>Μήτηρ</span> <span class='ocrx_word' id='word_1_702' title='bbox 1405 4537 1550 4590; x_wconf 73' lang='grc' dir='ltr'><strong>ἐστὶν</strong></span> <span class='ocrx_word' id='word_1_703' title='bbox 1576 4578 1591 4602; x_wconf 94' lang='grc'><strong>,</strong></span> <span class='ocrx_word' id='word_1_704' title='bbox 1640 4536 1763 4589; x_wconf 80' lang='grc' dir='ltr'><strong>οὐδὲ</strong></span> <span class='ocrx_word' id='word_1_705' title='bbox 1791 4538 1857 4606; x_wconf 75' lang='grc' dir='ltr'><strong>τῇ</strong></span> 
     </span>
    </p>
   </div>
   <div class='ocr_carea' id='block_1_93' title="bbox 295 4629 1858 4701">
    <p class='ocr_par' dir='ltr' id='par_1_93' title="bbox 295 4629 1858 4701">
     <span class='ocr_line' id='line_1_93' title="bbox 295 4629 1858 4701; baseline -0.003 -16"><span class='ocrx_word' id='word_1_706' title='bbox 295 4630 481 4701; x_wconf 72' lang='grc' dir='ltr'>Μητρί</span> <span class='ocrx_word' id='word_1_707' title='bbox 514 4633 662 4684; x_wconf 70' lang='grc' dir='ltr'><strong>ἔστιν</strong></span> <span class='ocrx_word' id='word_1_708' title='bbox 693 4630 977 4701; x_wconf 82' lang='grc' dir='ltr'><strong>ὀμοούσιος</strong></span> <span class='ocrx_word' id='word_1_709' title='bbox 998 4646 1014 4660; x_wconf 88' lang='grc'><strong>·</strong></span> <span class='ocrx_word' id='word_1_710' title='bbox 1045 4630 1140 4683; x_wconf 81' lang='grc' dir='ltr'><strong>καὶ</strong></span> <span class='ocrx_word' id='word_1_711' title='bbox 1172 4629 1543 4698; x_wconf 79' lang='grc' dir='ltr'>μετηνέγκατε</span> <span class='ocrx_word' id='word_1_712' title='bbox 1572 4629 1697 4699; x_wconf 79' lang='grc' dir='ltr'><strong>ὅρια</strong></span> <span class='ocrx_word' id='word_1_713' title='bbox 1722 4629 1858 4682; x_wconf 74' lang='grc' dir='ltr'><strong>αἰώ-</strong></span> 
     </span>
    </p>
   </div>
   <div class='ocr_carea' id='block_1_94' title="bbox 296 4720 1861 4791">
    <p class='ocr_par' dir='ltr' id='par_1_94' title="bbox 296 4720 1861 4791">
     <span class='ocr_line' id='line_1_94' title="bbox 296 4720 1861 4791; baseline -0.001 -16"><span class='ocrx_word' id='word_1_714' title='bbox 296 4738 406 4787; x_wconf 73' lang='grc' dir='ltr'>νια,</span> <span class='ocrx_word' id='word_1_715' title='bbox 429 4722 469 4775; x_wconf 71' lang='grc' dir='ltr'>ἃ</span> <span class='ocrx_word' id='word_1_716' title='bbox 492 4723 544 4775; x_wconf 75' lang='grc' dir='ltr'><strong>οι</strong></span> <span class='ocrx_word' id='word_1_717' title='bbox 584 4722 824 4791; x_wconf 73' lang='grc' dir='ltr'><strong>Πατέρες</strong></span> <span class='ocrx_word' id='word_1_718' title='bbox 847 4721 1005 4791; x_wconf 78' lang='grc' dir='ltr'>ἡμῶν</span> <span class='ocrx_word' id='word_1_719' title='bbox 1035 4720 1237 4785; x_wconf 71' lang='grc' dir='ltr'><strong>ἔθεντο,</strong></span> <span class='ocrx_word' id='word_1_720' title='bbox 1291 4720 1577 4790; x_wconf 77' lang='grc' dir='ltr'><strong>όμοούσιον</strong></span> <span class='ocrx_word' id='word_1_721' title='bbox 1605 4720 1695 4773; x_wconf 78' lang='grc' dir='ltr'>τὸν</span> <span class='ocrx_word' id='word_1_722' title='bbox 1726 4721 1861 4790; x_wconf 82' lang='grc' dir='ltr'><strong>Χρι-</strong></span> 
     </span>
    </p>
   </div>
   <div class='ocr_carea' id='block_1_95' title="bbox 299 4809 1859 4882">
    <p class='ocr_par' dir='ltr' id='par_1_95' title="bbox 299 4809 1859 4882">
     <span class='ocr_line' id='line_1_95' title="bbox 299 4809 1859 4882; baseline -0.001 -17"><span class='ocrx_word' id='word_1_723' title='bbox 299 4813 424 4866; x_wconf 78' lang='grc' dir='ltr'><strong>στὸν</strong></span> <span class='ocrx_word' id='word_1_724' title='bbox 452 4812 697 4875; x_wconf 75' lang='grc' dir='ltr'>εἰπόντες</span> <span class='ocrx_word' id='word_1_725' title='bbox 721 4811 801 4882; x_wconf 84' lang='grc' dir='ltr'><strong>τῷ</strong></span> <span class='ocrx_word' id='word_1_726' title='bbox 830 4813 1007 4881; x_wconf 72' lang='grc' dir='ltr'><strong>Πατρὶ</strong></span> <span class='ocrx_word' id='word_1_727' title='bbox 1042 4810 1183 4864; x_wconf 80' lang='grc' dir='ltr'><strong>κατὰ</strong></span> <span class='ocrx_word' id='word_1_728' title='bbox 1215 4809 1313 4881; x_wconf 76' lang='grc' dir='ltr'><strong>τὴν</strong></span> <span class='ocrx_word' id='word_1_729' title='bbox 1348 4809 1579 4881; x_wconf 82' lang='grc' dir='ltr'><strong>θεότητα</strong></span> <span class='ocrx_word' id='word_1_730' title='bbox 1611 4812 1706 4864; x_wconf 73' lang='grc' dir='ltr'><strong>καὶ</strong></span> <span class='ocrx_word' id='word_1_731' title='bbox 1730 4812 1859 4880; x_wconf 81' lang='grc' dir='ltr'>ὀμο-</span> 
     </span>
    </p>
   </div>
   <div class='ocr_carea' id='block_1_96' title="bbox 295 4897 1512 4973">
    <p class='ocr_par' dir='ltr' id='par_1_96' title="bbox 295 4897 1512 4973">
     <span class='ocr_line' id='line_1_96' title="bbox 295 4897 1512 4973; baseline -0.002 -17"><span class='ocrx_word' id='word_1_732' title='bbox 295 4902 479 4956; x_wconf 89' lang='grc' dir='ltr'><strong>ούσιον</strong></span> <span class='ocrx_word' id='word_1_733' title='bbox 499 4904 565 4973; x_wconf 75' lang='grc' dir='ltr'><strong>τῇ</strong></span> <span class='ocrx_word' id='word_1_734' title='bbox 594 4903 779 4973; x_wconf 76' lang='grc' dir='ltr'>Μητρὶ</span> <span class='ocrx_word' id='word_1_735' title='bbox 805 4900 946 4954; x_wconf 82' lang='grc' dir='ltr'><strong>κατὰ</strong></span> <span class='ocrx_word' id='word_1_736' title='bbox 970 4900 1067 4971; x_wconf 79' lang='grc' dir='ltr'><strong>τὴν</strong></span> <span class='ocrx_word' id='word_1_737' title='bbox 1095 4897 1512 4971; x_wconf 81' lang='grc' dir='ltr'>ὰνθρωπότητα.</span> 
     </span>
    </p>
   </div>
   <div class='ocr_carea' id='block_1_97' title="bbox 362 5081 1857 5153">
    <p class='ocr_par' dir='ltr' id='par_1_97' title="bbox 362 5081 1857 5153">
     <span class='ocr_line' id='line_1_97' title="bbox 362 5081 1857 5153; baseline -0.005 -12"><span class='ocrx_word' id='word_1_738' title='bbox 362 5086 467 5141; x_wconf 83' lang='grc' dir='ltr'><strong>κθ’.</strong></span> <span class='ocrx_word' id='word_1_739' title='bbox 504 5086 567 5139; x_wconf 81' lang='lat' dir='ltr'><strong>Ei</strong></span> <span class='ocrx_word' id='word_1_740' title='bbox 594 5085 650 5138; x_wconf 68' lang='grc' dir='ltr'><strong>δὲ</strong></span> <span class='ocrx_word' id='word_1_741' title='bbox 677 5084 800 5137; x_wconf 79' lang='grc' dir='ltr'><strong>κατ’</strong></span> <span class='ocrx_word' id='word_1_742' title='bbox 830 5082 1074 5136; x_wconf 66' lang='grc' dir='ltr'>ἐπίνοιαν</span> <span class='ocrx_word' id='word_1_743' title='bbox 1105 5082 1199 5135; x_wconf 80' lang='grc' dir='ltr'><strong>τοῦ</strong></span> <span class='ocrx_word' id='word_1_744' title='bbox 1241 5082 1482 5153; x_wconf 81' lang='grc' dir='ltr'><strong>Χριστοῦ</strong></span> <span class='ocrx_word' id='word_1_745' title='bbox 1529 5081 1627 5145; x_wconf 76' lang='grc' dir='ltr'>τὰς</span> <span class='ocrx_word' id='word_1_746' title='bbox 1661 5081 1857 5149; x_wconf 84' lang='grc' dir='ltr'><strong>φύσεις</strong></span> 
     </span>
    </p>
   </div>
   <div class='ocr_carea' id='block_1_98' title="bbox 288 5172 1855 5248">
    <p class='ocr_par' dir='ltr' id='par_1_98' title="bbox 288 5172 1855 5248">
     <span class='ocr_line' id='line_1_98' title="bbox 288 5172 1855 5248; baseline -0.004 -17"><span class='ocrx_word' id='word_1_747' title='bbox 288 5180 479 5248; x_wconf 78' lang='grc' dir='ltr'><strong>λέγετε</strong></span> <span class='ocrx_word' id='word_1_748' title='bbox 524 5177 617 5231; x_wconf 82' lang='grc' dir='ltr'><strong>καὶ</strong></span> <span class='ocrx_word' id='word_1_749' title='bbox 651 5174 921 5245; x_wconf 78' lang='grc' dir='ltr'><strong>θεωρίαν,</strong></span> <span class='ocrx_word' id='word_1_750' title='bbox 968 5172 1163 5226; x_wconf 75' lang='grc' dir='ltr'><strong>εἴπατε</strong></span> <span class='ocrx_word' id='word_1_751' title='bbox 1212 5175 1346 5245; x_wconf 79' lang='grc' dir='ltr'>ἡμῖν</span> <span class='ocrx_word' id='word_1_752' title='bbox 1383 5175 1431 5226; x_wconf 80' lang='lat' dir='ltr'><strong>oi</strong></span> <span class='ocrx_word' id='word_1_753' title='bbox 1480 5173 1590 5227; x_wconf 86' lang='grc' dir='ltr'>τῶν</span> <span class='ocrx_word' id='word_1_754' title='bbox 1639 5173 1855 5243; x_wconf 79' lang='grc' dir='ltr'><strong>φύσεων</strong></span> 
     </span>
    </p>
   </div>
   <div class='ocr_carea' id='block_1_99' title="bbox 1968 4442 3532 4514">
    <p class='ocr_par' dir='ltr' id='par_1_99' title="bbox 1968 4442 3532 4514">
     <span class='ocr_line' id='line_1_99' title="bbox 1968 4442 3532 4514; baseline 0.001 -17"><span class='ocrx_word' id='word_1_755' title='bbox 1968 4444 2192 4498; x_wconf 79' lang='lat' dir='ltr'><strong>vinitate</strong></span> <span class='ocrx_word' id='word_1_756' title='bbox 2219 4454 2275 4498; x_wconf 90' lang='lat' dir='ltr'><strong>et</strong></span> <span class='ocrx_word' id='word_1_757' title='bbox 2328 4442 2691 4507; x_wconf 89' lang='lat' dir='ltr'><strong>humanitate,</strong></span> <span class='ocrx_word' id='word_1_758' title='bbox 2728 4456 2837 4496; x_wconf 90' lang='lat' dir='ltr'><strong>non</strong></span> <span class='ocrx_word' id='word_1_759' title='bbox 2888 4454 3072 4497; x_wconf 89' lang='lat' dir='ltr'><strong>autem</strong></span> <span class='ocrx_word' id='word_1_760' title='bbox 3102 4445 3226 4514; x_wconf 87' lang='lat' dir='ltr'><strong>ejus</strong></span> <span class='ocrx_word' id='word_1_761' title='bbox 3260 4444 3434 4501; x_wconf 81' lang='lat' dir='ltr'><strong>Mater</strong></span> <span class='ocrx_word' id='word_1_762' title='bbox 3467 4461 3532 4499; x_wconf 82' lang='lat' dir='ltr'><strong>ex</strong></span> 
     </span>
    </p>
   </div>
   <div class='ocr_carea' id='block_1_100' title="bbox 1967 4534 3534 4602">
    <p class='ocr_par' dir='ltr' id='par_1_100' title="bbox 1967 4534 3534 4602">
     <span class='ocr_line' id='line_1_100' title="bbox 1967 4534 3534 4602; baseline 0.001 -14"><span class='ocrx_word' id='word_1_763' title='bbox 1967 4536 2255 4591; x_wconf 77' lang='lat' dir='ltr'><strong>divinitate</strong></span> <span class='ocrx_word' id='word_1_764' title='bbox 2320 4543 2374 4589; x_wconf 90' lang='lat' dir='ltr'><strong>et</strong></span> <span class='ocrx_word' id='word_1_765' title='bbox 2428 4534 2775 4589; x_wconf 86' lang='lat' dir='ltr'><strong>humanitate</strong></span> <span class='ocrx_word' id='word_1_766' title='bbox 2842 4543 3235 4602; x_wconf 89' lang='lat' dir='ltr'><strong>constat;nec</strong></span> <span class='ocrx_word' id='word_1_767' title='bbox 3298 4536 3534 4591; x_wconf 90' lang='lat' dir='ltr'><strong>subinde</strong></span> 
     </span>
    </p>
   </div>
   <div class='ocr_carea' id='block_1_101' title="bbox 1966 4625 3532 4695">
    <p class='ocr_par' dir='ltr' id='par_1_101' title="bbox 1966 4625 3532 4695">
     <span class='ocr_line' id='line_1_101' title="bbox 1966 4625 3532 4695; baseline -0.001 -14"><span class='ocrx_word' id='word_1_768' title='bbox 1966 4626 2213 4692; x_wconf 83' lang='lat' dir='ltr'><strong>ejusdem</strong></span> <span class='ocrx_word' id='word_1_769' title='bbox 2251 4626 2411 4695; x_wconf 87' lang='lat' dir='ltr'><strong>cujus</strong></span> <span class='ocrx_word' id='word_1_770' title='bbox 2444 4625 2637 4692; x_wconf 72' lang='lat' dir='ltr'><strong>Mater,</strong></span> <span class='ocrx_word' id='word_1_771' title='bbox 2670 4625 2995 4680; x_wconf 79' lang='lat' dir='ltr'><strong>substantiae</strong></span> <span class='ocrx_word' id='word_1_772' title='bbox 3025 4625 3194 4681; x_wconf 83' lang='lat' dir='ltr'><strong>fuerit</strong></span> <span class='ocrx_word' id='word_1_773' title='bbox 3232 4643 3245 4681; x_wconf 90' lang='lat'><strong>:</strong></span> <span class='ocrx_word' id='word_1_774' title='bbox 3283 4627 3532 4695; x_wconf 88' lang='lat' dir='ltr'><strong>adeoque</strong></span> 
     </span>
    </p>
   </div>
   <div class='ocr_carea' id='block_1_102' title="bbox 1958 4714 3533 4788">
    <p class='ocr_par' dir='ltr' id='par_1_102' title="bbox 1958 4714 3533 4788">
     <span class='ocr_line' id='line_1_102' title="bbox 1958 4714 3533 4788; baseline 0.004 -21"><span class='ocrx_word' id='word_1_775' title='bbox 1958 4715 2324 4770; x_wconf 87' lang='lat' dir='ltr'><strong>transtuiistis</strong></span> <span class='ocrx_word' id='word_1_776' title='bbox 2356 4717 2622 4772; x_wconf 90' lang='lat' dir='ltr'><strong>terminos</strong></span> <span class='ocrx_word' id='word_1_777' title='bbox 2667 4724 2926 4781; x_wconf 64' lang='lat' dir='ltr'><strong>aeternos,</strong></span> <span class='ocrx_word' id='word_1_778' title='bbox 2957 4731 3097 4786; x_wconf 85' lang='lat' dir='ltr'><strong>quos</strong></span> <span class='ocrx_word' id='word_1_779' title='bbox 3136 4723 3320 4785; x_wconf 84' lang='lat' dir='ltr'><strong>patres</strong></span> <span class='ocrx_word' id='word_1_780' title='bbox 3368 4714 3533 4788; x_wconf 65' lang='grc'><strong>404</strong></span> 
     </span>
    </p>
   </div>
   <div class='ocr_carea' id='block_1_103' title="bbox 1956 4806 3527 4879">
    <p class='ocr_par' dir='ltr' id='par_1_103' title="bbox 1956 4806 3527 4879">
     <span class='ocr_line' id='line_1_103' title="bbox 1956 4806 3527 4879; baseline -0.003 -15"><span class='ocrx_word' id='word_1_781' title='bbox 1956 4809 2135 4864; x_wconf 88' lang='lat' dir='ltr'><strong>nostri</strong></span> <span class='ocrx_word' id='word_1_782' title='bbox 2174 4818 2512 4876; x_wconf 88' lang='lat' dir='ltr'><strong>statuerunt,</strong></span> <span class='ocrx_word' id='word_1_783' title='bbox 2573 4809 2995 4879; x_wconf 89' lang='lat' dir='ltr'><strong>pronuntiando</strong></span> <span class='ocrx_word' id='word_1_784' title='bbox 3042 4809 3325 4863; x_wconf 89' lang='lat' dir='ltr'><strong>Christum</strong></span> <span class='ocrx_word' id='word_1_785' title='bbox 3378 4806 3527 4861; x_wconf 86' lang='lat' dir='ltr'><strong>Patri</strong></span> 
     </span>
    </p>
   </div>
   <div class='ocr_carea' id='block_1_104' title="bbox 1955 4897 3527 4961">
    <p class='ocr_par' dir='ltr' id='par_1_104' title="bbox 1955 4897 3527 4961">
     <span class='ocr_line' id='line_1_104' title="bbox 1955 4897 3527 4961; baseline -0.004 -7"><span class='ocrx_word' id='word_1_786' title='bbox 1955 4898 2481 4954; x_wconf 87' lang='lat' dir='ltr'><strong>consubstantialem</strong></span> <span class='ocrx_word' id='word_1_787' title='bbox 2529 4912 2653 4953; x_wconf 86' lang='lat' dir='ltr'><strong>esse</strong></span> <span class='ocrx_word' id='word_1_788' title='bbox 2694 4898 3000 4954; x_wconf 88' lang='lat' dir='ltr'><strong>secundum</strong></span> <span class='ocrx_word' id='word_1_789' title='bbox 3055 4897 3420 4961; x_wconf 86' lang='lat' dir='ltr'><strong>divinitatem,</strong></span> <span class='ocrx_word' id='word_1_790' title='bbox 3474 4903 3527 4950; x_wconf 89' lang='lat' dir='ltr'><strong>et</strong></span> 
     </span>
    </p>
   </div>
   <div class='ocr_carea' id='block_1_105' title="bbox 1962 4986 3522 5043">
    <p class='ocr_par' dir='ltr' id='par_1_105' title="bbox 1962 4986 3522 5043">
     <span class='ocr_line' id='line_1_105' title="bbox 1962 4986 3522 5043; baseline -0.003 0"><span class='ocrx_word' id='word_1_791' title='bbox 1962 4987 2488 5043; x_wconf 85' lang='lat' dir='ltr'><strong>consubstantialem</strong></span> <span class='ocrx_word' id='word_1_792' title='bbox 2536 4986 2691 5039; x_wconf 82' lang='lat' dir='ltr'><strong>Matri</strong></span> <span class='ocrx_word' id='word_1_793' title='bbox 2749 4986 3055 5042; x_wconf 89' lang='lat' dir='ltr'><strong>secundum</strong></span> <span class='ocrx_word' id='word_1_794' title='bbox 3098 4986 3522 5039; x_wconf 80' lang='lat' dir='ltr'><strong>humanitatem.</strong></span> 
     </span>
    </p>
   </div>
   <div class='ocr_carea' id='block_1_106' title="bbox 2029 5076 3526 5147">
    <p class='ocr_par' dir='ltr' id='par_1_106' title="bbox 2029 5076 3526 5147">
     <span class='ocr_line' id='line_1_106' title="bbox 2029 5076 3526 5147; baseline -0.001 -14"><span class='ocrx_word' id='word_1_795' title='bbox 2029 5077 2121 5133; x_wconf 74' lang='lat'><strong>29.</strong></span> <span class='ocrx_word' id='word_1_796' title='bbox 2155 5077 2310 5144; x_wconf 83' lang='lat' dir='ltr'><strong>Quod</strong></span> <span class='ocrx_word' id='word_1_797' title='bbox 2342 5079 2387 5133; x_wconf 87' lang='lat' dir='ltr'><strong>si</strong></span> <span class='ocrx_word' id='word_1_798' title='bbox 2418 5085 2648 5131; x_wconf 87' lang='lat' dir='ltr'><strong>naturas</strong></span> <span class='ocrx_word' id='word_1_799' title='bbox 2694 5076 2906 5132; x_wconf 87' lang='lat' dir='ltr'><strong>Christi</strong></span> <span class='ocrx_word' id='word_1_800' title='bbox 2939 5077 3269 5147; x_wconf 78' lang='lat' dir='ltr'><strong>cogitatione</strong></span> <span class='ocrx_word' id='word_1_801' title='bbox 3294 5091 3358 5131; x_wconf 87' lang='lat' dir='ltr'><strong>ac</strong></span> <span class='ocrx_word' id='word_1_802' title='bbox 3388 5089 3526 5131; x_wconf 84' lang='lat' dir='ltr'><strong>con-</strong></span> 
     </span>
    </p>
   </div>
   <div class='ocr_carea' id='block_1_107' title="bbox 1962 5167 3521 5242">
    <p class='ocr_par' dir='ltr' id='par_1_107' title="bbox 1962 5167 3521 5242">
     <span class='ocr_line' id='line_1_107' title="bbox 1962 5167 3521 5242; baseline -0.003 -16"><span class='ocrx_word' id='word_1_803' title='bbox 1962 5171 2320 5242; x_wconf 89' lang='lat' dir='ltr'><strong>templatione</strong></span> <span class='ocrx_word' id='word_1_804' title='bbox 2348 5179 2506 5224; x_wconf 91' lang='lat' dir='ltr'><strong>tenus</strong></span> <span class='ocrx_word' id='word_1_805' title='bbox 2530 5167 2761 5234; x_wconf 78' lang='lat' dir='ltr'><strong>eii’ertis,</strong></span> <span class='ocrx_word' id='word_1_806' title='bbox 2794 5168 2962 5224; x_wconf 88' lang='lat' dir='ltr'><strong>dicite</strong></span> <span class='ocrx_word' id='word_1_807' title='bbox 2987 5168 3169 5232; x_wconf 89' lang='lat' dir='ltr'><strong>nobis,</strong></span> <span class='ocrx_word' id='word_1_808' title='bbox 3196 5176 3521 5223; x_wconf 90' lang='lat' dir='ltr'><strong>naturarum</strong></span> 
     </span>
    </p>
   </div>
   <div class='ocr_carea' id='block_1_108' title="bbox 1578 5282 2256 5342">
    <p class='ocr_par' dir='ltr' id='par_1_108' title="bbox 1578 5282 2256 5342">
     <span class='ocr_line' id='line_1_108' title="bbox 1578 5282 2256 5342; baseline -0.004 0"><span class='ocrx_word' id='word_1_809' title='bbox 1578 5285 1809 5342; x_wconf 68' lang='lat' dir='ltr'><strong>VARUS</strong></span> <span class='ocrx_word' id='word_1_810' title='bbox 1856 5282 2256 5341; x_wconf 80' lang='lat' dir='ltr'><strong>LECTIONES.</strong></span> 
     </span>
    </p>
   </div>
   <div class='ocr_carea' id='block_1_109' title="bbox 366 5373 3519 5454">
    <p class='ocr_par' dir='ltr' id='par_1_109' title="bbox 366 5373 3519 5454">
     <span class='ocr_line' id='line_1_109' title="bbox 366 5373 3519 5454; baseline -0.003 -16"><span class='ocrx_word' id='word_1_811' title='bbox 366 5387 383 5425; x_wconf 75' lang='grc' dir='ltr'><strong>ι</strong></span> <span class='ocrx_word' id='word_1_812' title='bbox 419 5383 565 5454; x_wconf 73' lang='lat' dir='ltr'><strong>Lego</strong></span> <span class='ocrx_word' id='word_1_813' title='bbox 594 5398 718 5436; x_wconf 88' lang='lat' dir='ltr'><strong>cum</strong></span> <span class='ocrx_word' id='word_1_814' title='bbox 751 5382 1045 5454; x_wconf 81' lang='lat' dir='ltr'><strong>Turriano,</strong></span> <span class='ocrx_word' id='word_1_815' title='bbox 1077 5379 1197 5454; x_wconf 68' lang='grc' dir='ltr'>ὅλος</span> <span class='ocrx_word' id='word_1_816' title='bbox 1226 5378 1377 5445; x_wconf 80' lang='grc' dir='ltr'>Θεὸς,</span> <span class='ocrx_word' id='word_1_817' title='bbox 1419 5382 1512 5435; x_wconf 72' lang='grc' dir='ltr'><strong>καὶ</strong></span> <span class='ocrx_word' id='word_1_818' title='bbox 1542 5381 1659 5454; x_wconf 81' lang='grc' dir='ltr'>ὅλος</span> <span class='ocrx_word' id='word_1_819' title='bbox 1690 5380 1995 5454; x_wconf 75' lang='grc' dir='ltr'>ἄνθρωπος,</span> <span class='ocrx_word' id='word_1_820' title='bbox 2048 5389 2187 5434; x_wconf 68' lang='lat' dir='ltr'><strong>totus</strong></span> <span class='ocrx_word' id='word_1_821' title='bbox 2222 5377 2485 5454; x_wconf 38' lang='grc' dir='ltr'><strong>οιαιηρι</strong></span> <span class='ocrx_word' id='word_1_822' title='bbox 2521 5386 2659 5454; x_wconf 55' lang='lat' dir='ltr'><strong>totus</strong></span> <span class='ocrx_word' id='word_1_823' title='bbox 2690 5376 2865 5432; x_wconf 85' lang='lat' dir='ltr'><strong>homo.</strong></span> <span class='ocrx_word' id='word_1_824' title='bbox 2908 5373 3002 5430; x_wconf 87' lang='lat' dir='ltr'><strong>Sic</strong></span> <span class='ocrx_word' id='word_1_825' title='bbox 3058 5374 3519 5454; x_wconf 61' lang='lat' dir='ltr'><strong>interpr._Arabs.</strong></span> 
     </span>
    </p>
   </div>
   <div class='ocr_carea' id='block_1_110' title="bbox 287 5444 3501 5521">
    <p class='ocr_par' dir='ltr' id='par_1_110' title="bbox 287 5444 3501 5521">
     <span class='ocr_line' id='line_1_110' title="bbox 287 5444 3501 5521; baseline -0.002 -15"><span class='ocrx_word' id='word_1_826' title='bbox 287 5452 424 5508; x_wconf 80' lang='lat' dir='ltr'><strong>Nam</strong></span> <span class='ocrx_word' id='word_1_827' title='bbox 456 5444 718 5507; x_wconf 73' lang='lat' dir='ltr'><strong>Christus</strong></span> <span class='ocrx_word' id='word_1_828' title='bbox 739 5467 839 5506; x_wconf 88' lang='lat' dir='ltr'><strong>nec</strong></span> <span class='ocrx_word' id='word_1_829' title='bbox 862 5444 1126 5521; x_wconf 81' lang='lat' dir='ltr'><strong>intotum</strong></span> <span class='ocrx_word' id='word_1_830' title='bbox 1164 5449 1333 5521; x_wconf 84' lang='lat' dir='ltr'><strong>Deus,</strong></span> <span class='ocrx_word' id='word_1_831' title='bbox 1364 5444 1547 5521; x_wconf 90' lang='lat' dir='ltr'><strong>neque</strong></span> <span class='ocrx_word' id='word_1_832' title='bbox 1588 5453 1642 5506; x_wconf 91' lang='lat' dir='ltr'><strong>in</strong></span> <span class='ocrx_word' id='word_1_833' title='bbox 1698 5444 1872 5505; x_wconf 81' lang='lat' dir='ltr'><strong>totum</strong></span> <span class='ocrx_word' id='word_1_834' title='bbox 1910 5444 2073 5521; x_wconf 59' lang='lat' dir='ltr'><strong>hoino</strong></span> <span class='ocrx_word' id='word_1_835' title='bbox 2116 5455 2221 5521; x_wconf 81' lang='lat' dir='ltr'><strong>est.</strong></span> <span class='ocrx_word' id='word_1_836' title='bbox 2260 5460 2318 5501; x_wconf 92' lang='lat' dir='ltr'><strong>ut</strong></span> <span class='ocrx_word' id='word_1_837' title='bbox 2355 5450 2504 5521; x_wconf 69' lang='lat' dir='ltr'><strong>alibi</strong></span> <span class='ocrx_word' id='word_1_838' title='bbox 2538 5446 2734 5521; x_wconf 71' lang='lat' dir='ltr'><strong>Noster</strong></span> <span class='ocrx_word' id='word_1_839' title='bbox 2755 5454 2982 5521; x_wconf 76' lang='lat' dir='ltr'><strong>monet;</strong></span> <span class='ocrx_word' id='word_1_840' title='bbox 3017 5445 3116 5521; x_wconf 78' lang='lat' dir='ltr'><strong>sed</strong></span> <span class='ocrx_word' id='word_1_841' title='bbox 3156 5444 3320 5521; x_wconf 79' lang='lat' dir='ltr'><strong>simul</strong></span> <span class='ocrx_word' id='word_1_842' title='bbox 3352 5444 3501 5521; x_wconf 69' lang='lat' dir='ltr'><strong>Deus</strong></span> 
     </span>
    </p>
   </div>
   <div class='ocr_carea' id='block_1_111' title="bbox 287 5514 3513 5603">
    <p class='ocr_par' dir='ltr' id='par_1_111' title="bbox 287 5514 3513 5603">
     <span class='ocr_line' id='line_1_111' title="bbox 287 5514 3513 5603; baseline -0.003 -27"><span class='ocrx_word' id='word_1_843' title='bbox 287 5531 345 5603; x_wconf 68' lang='lat' dir='ltr'><strong>et</strong></span> <span class='ocrx_word' id='word_1_844' title='bbox 372 5524 537 5603; x_wconf 76' lang='lat' dir='ltr'><strong>homo</strong></span> <span class='ocrx_word' id='word_1_845' title='bbox 566 5523 867 5603; x_wconf 40' lang='lat' dir='ltr'><strong>per-fectus.</strong></span> <span class='ocrx_word' id='word_1_846' title='bbox 899 5520 1057 5576; x_wconf 88' lang='lat' dir='ltr'><strong>Unde</strong></span> <span class='ocrx_word' id='word_1_847' title='bbox 1093 5519 1365 5589; x_wconf 87' lang='lat' dir='ltr'><strong>sequitur,</strong></span> <span class='ocrx_word' id='word_1_848' title='bbox 1395 5514 1472 5574; x_wconf 78' lang='grc' dir='ltr'><strong>ού’</strong></span> <span class='ocrx_word' id='word_1_849' title='bbox 1515 5522 1622 5592; x_wconf 74' lang='grc' dir='ltr'><strong>γὰρ</strong></span> <span class='ocrx_word' id='word_1_850' title='bbox 1662 5521 1780 5574; x_wconf 81' lang='grc' dir='ltr'>ὅλον</span> <span class='ocrx_word' id='word_1_851' title='bbox 1830 5521 1892 5574; x_wconf 84' lang='grc' dir='ltr'><strong>τὸ</strong></span> <span class='ocrx_word' id='word_1_852' title='bbox 1941 5519 2101 5590; x_wconf 85' lang='grc' dir='ltr'><strong>σῶμα</strong></span> <span class='ocrx_word' id='word_1_853' title='bbox 2145 5520 2274 5587; x_wconf 79' lang='grc' dir='ltr'>πῦρ,</span> <span class='ocrx_word' id='word_1_854' title='bbox 2327 5518 2435 5570; x_wconf 71' lang='grc' dir='ltr'><strong>οὐδ’</strong></span> <span class='ocrx_word' id='word_1_855' title='bbox 2465 5518 2582 5582; x_wconf 75' lang='grc' dir='ltr'>ὅλος</span> <span class='ocrx_word' id='word_1_856' title='bbox 2626 5521 2655 5571; x_wconf 90' lang='lat'><strong>6</strong></span> <span class='ocrx_word' id='word_1_857' title='bbox 2705 5517 2986 5603; x_wconf 62' lang='grc' dir='ltr'>ἄνθρωπος</span> <span class='ocrx_word' id='word_1_858' title='bbox 3040 5514 3222 5584; x_wconf 73' lang='grc' dir='ltr'><strong>ψυχὴ.</strong></span> <span class='ocrx_word' id='word_1_859' title='bbox 3266 5516 3300 5587; x_wconf 76' lang='grc' dir='ltr'><strong>ἢ</strong></span> <span class='ocrx_word' id='word_1_860' title='bbox 3352 5514 3513 5576; x_wconf 74' lang='grc' dir='ltr'>ἵππος</span> 
     </span>
    </p>
   </div>
   <div class='ocr_carea' id='block_1_112' title="bbox 284 5590 892 5662">
    <p class='ocr_par' dir='ltr' id='par_1_112' title="bbox 284 5590 892 5662">
     <span class='ocr_line' id='line_1_112' title="bbox 284 5590 892 5662; baseline -0.008 -15"><span class='ocrx_word' id='word_1_861' title='bbox 284 5595 387 5662; x_wconf 79' lang='grc' dir='ltr'>ὅλη</span> <span class='ocrx_word' id='word_1_862' title='bbox 418 5590 624 5660; x_wconf 70' lang='grc' dir='ltr'><strong>ἐστὶνή</strong></span> <span class='ocrx_word' id='word_1_863' title='bbox 652 5590 892 5661; x_wconf 78' lang='grc' dir='ltr'>ἡμίονος.</span> 
     </span>
    </p>
   </div>
   <div class='ocr_carea' id='block_1_113' title="bbox 613 5681 1294 5746">
    <p class='ocr_par' dir='ltr' id='par_1_113' title="bbox 613 5681 1294 5746">
     <span class='ocr_line' id='line_1_113' title="bbox 613 5681 1294 5746; baseline -0.01 0"><span class='ocrx_word' id='word_1_864' title='bbox 613 5687 883 5746; x_wconf 63' lang='lat' dir='ltr'><strong>Panos.</strong></span> <span class='ocrx_word' id='word_1_865' title='bbox 926 5683 1043 5743; x_wconf 73' lang='lat' dir='ltr'><strong>Gn.</strong></span> <span class='ocrx_word' id='word_1_866' title='bbox 1081 5681 1294 5741; x_wconf 76' lang='lat' dir='ltr'><strong>XCIV.</strong></span> 
     </span>
    </p>
   </div>
   <div class='ocr_carea' id='block_1_114' title="bbox 2968 5676 3041 5737">
    <p class='ocr_par' dir='ltr' id='par_1_114' title="bbox 2968 5676 3041 5737">
     <span class='ocr_line' id='line_1_114' title="bbox 2968 5676 3041 5737; baseline -0.014 0"><span class='ocrx_word' id='word_1_867' title='bbox 2968 5676 3041 5737; x_wconf 65' lang='grc'><strong>46</strong></span> 
     </span>
    </p>
   </div>
  </div>
