3962 6202
380 274 518 344 1453

1628 270 1921 331 CONTRA
1958 268 2374 328 JACOBITAS.

3489 221 3650 334 ιιὲι

379 398 666 464 λέγοντες,
707 392 766 445 ού
800 389 893 444 δύο
950 389 1140 460 φύσεις
1194 389 1528 466 ὁμολογεῖτε.
1585 389 1648 441 Εἰ
1702 389 1810 460 γὰρ
1856 390 1954 461 μία

2077 389 2504 449 ironuntiantes.
2536 401 2643 440 non
2677 386 2816 442 duas
2865 395 3093 444 naturas
3145 387 3438 452 fatemini?
3481 387 3619 444 Nam

376 485 502 541 καθ’
546 483 690 554 ὑμᾶς
739 480 900 548 φύσις
948 478 1202 542 σύνθετός
1252 481 1369 531 ὲστι
1422 477 1559 546 μετὰ
1591 479 1691 550 τὴν
1727 478 1941 544 ἕνωσιν,

374 576 485 630 ἔδει
511 573 654 645 ὑμᾶς
686 571 864 642 λέγειν
885 611 901 637 ,
948 572 1010 624 οὐ
1047 571 1262 640 φύσεων
1291 571 1595 642 διαφορὰν,
1646 571 1782 624 ἀλλὰ
1818 571 1945 642 μιᾶς

378 669 594 736 φύσεως
622 665 758 736 πρὸς
807 663 1010 736 ἑαυτὴν
1059 664 1354 732 διαφοράν·
1417 664 1553 734 ὅπερ
1601 660 1792 732 ὑμῶν,
1850 663 1948 730 οὐχ

384 757 537 830 ἡμῶν
591 755 737 810 ἐστιν
799 759 974 809 εἰπεῖν
1025 755 1121 810 καὶ
1172 755 1457 824 φρονῆσαι.
1523 753 1586 806 Ἣ
1642 738 1779 824 αύτῆ
1838 752 1948 821 γὰρ

383 850 544 918 φύσις
609 847 844 918 οὑσιὼδη
912 845 1174 916 διαφορὰν
1226 845 1362 913 πρὸς
1426 843 1624 915 ἑαυτὴν
1683 843 1783 912 οὐχ
1837 841 1948 906 ἕξει

384 959 533 995 ποτε.

453 1033 547 1084 λε’.
588 1032 649 1084 Εί
689 1032 790 1100 μία
841 1028 1002 1098 φύσις
1028 1029 1143 1080 ἐστὶ
1182 1027 1276 1080 τοῦ
1308 1026 1568 1097 Χριστοῦ,
1600 1027 1789 1078 εἴπατε
1820 1027 1951 1094 ἡμῖν

382 1120 445 1174 τὸ
483 1119 690 1190 ταύτης
717 1119 909 1188 ὄνομα.
941 1117 1062 1189 Χρὴ
1093 1118 1201 1187 γὰρ
1233 1118 1294 1170 τὸ
1323 1117 1405 1180 ὃν,
1441 1118 1536 1170 καὶ
1565 1116 1949 1186 ὀνομάζεσθαι,

386 1216 480 1269 καὶ
507 1213 720 1274 οἰκείως
751 1208 1135 1280 ὀνομάζεσθαι,
1166 1209 1356 1278 ὥσπερ
1386 1208 1524 1261 Θεοῦ
1552 1208 1712 1276 φύσις
1741 1209 1950 1276 Θεότης.

383 1303 480 1358 καὶ
515 1299 812 1371 τάνθρώπου
864 1297 1241 1367 ἁνθρωπότης.
1290 1297 1411 1359 Πῶς
1444 1295 1538 1350 οῦν
1570 1295 1672 1362 τὴν
1717 1292 1952 1361 Χριστοῦ

385 1391 550 1462 φύσιν
605 1387 946 1458 ὀνομάσομεν
981 1404 998 1455 ;
1038 1386 1423 1458 Χριστότητα;
1474 1384 1591 1439 ἀλλ’
1623 1383 1796 1446 οὐδεὶς
1845 1382 1955 1435 τῶν

383 1480 756 1537 Οιοπνεύστων
794 1481 984 1550 almus
1025 1477 1221 1531 τοῦτο’
1265 1477 1403 1531 ἀλλὰ
1451 1472 1954 1545 θεοτητοανθρωπόο

383 1593 524 1644 τητα
551 1592 566 1638 ;
607 1573 718 1625 ἀλλ’
751 1572 870 1624 οὐδὲ
902 1570 1079 1624 τοῦτο.
1113 1569 1177 1622 Τί
1207 1569 1264 1622 δὲ
1316 1569 1447 1636 ἡμῖν
1479 1565 1641 1635 φύσιν
1666 1565 1952 1634 ἀνώνυμον

387 1664 725 1733 είσκομίζετε
761 1679 776 1728 ;
803 1662 866 1715 Εἰ
895 1661 951 1714 δέ
974 1678 1134 1730 φατε,
1164 1660 1246 1712 ὅτι
1274 1657 1720 1728 καινοτομοῦνται
1745 1656 1954 1726 φύσεις,

2047 481 2093 534 si
2129 479 2430 534 secundum
2475 494 2571 534 vos
2618 495 2723 533 una
2766 481 3070 549 composita
3123 490 3317 538 natura
3347 489 3451 547 est,
3494 493 3618 552 post

2050 570 2348 623 ttnitionem
2384 570 2566 623 dicere
2603 585 2698 624 vos
2735 571 3047 639 oportebat,
3103 586 3215 625 non
3256 571 3622 626 diii'erentiatn

2051 671 2392 727 naturarum,
2418 661 2510 715 sed
2548 662 2710 716 unius
2737 670 2944 716 natura:
2965 677 2995 714 a
3027 661 3203 730 seipsa
3236 681 3248 716 :
3277 663 3436 735 ωε
3478 664 3622 733 quod

2051 753 2270 824 quidem
2330 764 2573 810 vestrum
2630 761 2734 816 est,
2795 769 2904 808 non
2962 763 3236 816 nostrum.
3287 757 3368 809 sic
3394 758 3540 825 loqui
3569 767 3624 811 ct

2052 845 2276 898 sentire.
2307 841 2624 897 Eademtnet
2661 843 2805 896 enim
2835 851 3028 896 natura
3056 844 3348 898 cssentialc
3377 862 3405 898 a
3429 860 3486 899 se
3509 846 3622 914 ipsa

2051 935 2349 988 discrimen
2393 949 2676 1001 nunquam
2703 933 2984 986 habuerit.

2073 1066 2082 1073 η,
2123 1027 2212 1080 55.
2252 1024 2310 1078 Si
2341 1039 2446 1079 una
2473 1025 2683 1079 Christi
2726 1034 2917 1078 natura
2956 1031 3060 1088 est,
3098 1025 3217 1093 ejus
3245 1025 3404 1080 nobis
3429 1041 3623 1080 nomen

2052 1117 2297 1170 dit-itote.
2342 1115 2476 1168 Nam
2510 1117 2560 1169 id
2589 1116 2737 1186 quod
2766 1124 2872 1178 est,
2929 1118 3090 1170 etiam
3125 1117 3442 1172 nominetur
3463 1133 3626 1187 Opor-

2057 1217 2152 1272 tet,
2202 1215 2256 1262 et
2289 1208 2512 1276 proprie
2548 1207 2888 1272 nominetur;
2935 1206 3014 1260 uti
3070 1216 3266 1260 natura
3331 1207 3420 1261 Dei
3451 1207 3625 1261 deitas

2055 1298 2382 1367 appellatur,
2443 1305 2501 1352 et
2551 1307 2747 1351 natura
2786 1296 3045 1360 hominis,
3103 1297 3438 1351 immanitas.
3507 1298 3626 1362 Qun

2058 1387 2222 1458 igitur
2255 1387 2477 1442 nomine
2497 1387 2702 1442 Christi
2733 1394 2986 1440 naturam
3005 1385 3341 1442 efferamus?
3371 1401 3437 1440 an
3461 1387 3591 1441 Ohri
3611 1420 3623 1428 -

2059 1479 2310 1534 stitatis?
2342 1487 2398 1533 at
2437 1493 2602 1533 nemo
2663 1493 2854 1533 eorum
2893 1479 2987 1547 qui
3017 1476 3204 1532 divino
3240 1479 3420 1532 afﬂatu
3452 1479 3622 1534 locuti

2061 1578 2210 1634 sunt,
2243 1571 2352 1625 tale
2377 1569 2508 1636 quid
2547 1569 2942 1638 pronuntiavit.
2983 1571 3065 1622 An
3102 1567 3627 1622 divino-humanita-

2063 1661 2176 1715 tis?
2216 1661 2441 1716 minime
2508 1676 2639 1715 vero
2701 1661 2870 1715 istud.
2928 1660 3136 1730 Ecquid
3201 1675 3334 1729 ergo
3374 1668 3624 1714 naturam

387 1759 488 1812 καὶ
523 1756 600 1821 τῷ
634 1754 772 1824 ξένῳ
795 1753 888 1806 τοῦ
934 1751 1232 1823 μυστηρίου
1270 1749 1416 1814 ξένον
1462 1767 1514 1802 τι
1561 1749 1768 1818 γίνεται
1796 1766 1808 1778 ο
1843 1748 1956 1800 ἀλλ’

2080 1754 2268 1807 tullius
2299 1754 2538 1809 nominis
2579 1752 2972 1807 introducitis?
2997 1753 3104 1820 ,Sin
3138 1753 3432 1822 reponitis,
3464 1752 3627 1806 inno-

389 1845 540 1900 οὐδὲν
576 1845 674 1914 τῆς
721 1843 815 1896 τοῦ
857 1840 992 1896 Θεοῦ
1046 1841 1261 1912 φύσεως
1294 1837 1659 1911 ἁληπτύτερον
1689 1839 1722 1911 ἦ
1759 1839 1960 1910 ὑψηλό-

388 1955 568 2010 τερον,
601 1936 694 1990 καὶ
742 1935 893 2006 ὅμως
924 1934 985 1987 τὸ
1030 1933 1189 2004 μόνον
1241 1932 1480 2003 ἄληπτον
1533 1931 1786 2001 ἠνέσχετο
1824 1931 1959 2000 πρὸς

391 2030 549 2102 ἡμῶν
575 2025 949 2098 ὀνομάζεσθαι.
987 2025 1057 2078 Ἦ
1085 2026 1261 2077 τοίνυν
1291 2020 1628 2093 ὑψηλοτέραν
1655 2024 1747 2074 καὶ
1776 2020 1958 2089 κρείτ-

390 2138 520 2176 τονα
561 2122 658 2189 τῆς
701 2119 950 2189 θεότητος
1001 2118 1098 2185 τὴν
1142 2116 1274 2186 πρὸς
1329 2115 1486 2186 ἡμῶν
1557 2115 1974 2192 σχεδιασθείσαν

396 2211 555 2280 φύσιν
583 2211 790 2273 εἴπατε,
821 2207 913 2260 καὶ
947 2207 1105 2276 ἀρκεῖ
1132 2207 1282 2276 ἡμῖν.
1318 2205 1388 2259 Ἦ
1419 2203 1620 2272 ταύτης
1659 2203 1828 2270 ὄνομα
1860 2203 1959 2269 ὲμ-

397 2303 674 2372 φανίσατε,
722 2297 756 2369 ἦ
812 2297 952 2368 μετὰ
979 2296 1088 2348 τῶν
1117 2295 1371 2364 κηρύκων
1399 2295 1497 2364 τῆς
1538 2292 1792 2360 ἀληθείας
1844 2291 1961 2343 θεό-

393 2410 532 2464 τητα
564 2392 656 2445 καὶ
707 2389 1102 2460 ἀνθρωπότητα
1139 2386 1237 2448 τὰς
1269 2385 1457 2454 φύσεις
1486 2382 1719 2454 Χριστοῦ
1747 2383 1960 2447 εἴπατε,

397 2485 490 2540 καὶ
515 2485 574 2537 οὐ
603 2463 910 2554 τὴνφύσιν.
961 2477 1165 2549 Θεότης
1205 2478 1314 2547 γὰρ
1348 2477 1441 2530 καὶ
1479 2474 1832 2547 ἀνθρωπότης
1865 2473 1963 2545 μία

399 2575 558 2648 φύσις
587 2575 686 2628 οὐκ
712 2571 879 2626 ἐστιν.

468 2841 576 2906 λς’.
626 2838 684 2891 Εἰ
726 2839 789 2888 ἐκ
823 2836 1070 2902 θεότητος
1109 2833 1202 2885 καὶ
1233 2830 1645 2900 ἁνθρωπότητος
1673 2827 1770 2896 μία
1805 2826 1964 2893 φύσις

407 2932 519 2985 ἐστὶ
561 2931 652 2983 τοῦ
696 2924 951 2998 Χριστοῦ,
1008 2925 1171 2995 μέρος
1221 2920 1454 2990 φύσεως,
1514 2920 1606 2972 καὶ
1663 2919 1724 2970 ού
1784 2917 1964 2969 τελεία

2062 1845 2175 1899 vari
2228 1853 2477 1908 naturas,
2514 1855 2568 1899 et
2627 1860 2770 1899 novo
2799 1845 3065 1915 mysterio
3099 1859 3300 1898 novum
3331 1844 3536 1913 aliquid
3576 1853 3630 1898 et

2063 1937 2408 2007 peregrinum
2441 1935 2576 1991 clIitzi
2605 1954 2618 1990 :
2647 1944 2701 1989 at
2729 1950 2860 1990 vero
2885 1936 3021 1989 nihil
3052 1935 3370 1996 sublimius.
3400 1943 3454 1989 et
3481 1936 3628 2006 quod

2061 2028 2246 2080 minus
2275 2027 2663 2096 cmnprehendi
2709 2027 2904 2096 possit,
2945 2040 3108 2094 quam
3161 2037 3359 2080 natura
3414 2025 3530 2090 Dei,
3574 2037 3628 2079 et

2063 2126 2245 2170 tamen
2283 2117 2415 2170 illud
2476 2131 2642 2170 unum
2701 2117 2992 2184 solumque
3040 2117 3182 2186 quod
3236 2115 3630 2185 comprehendi

2063 2217 2321 2277 nequeat.
2349 2222 2379 2261 a
2416 2208 2574 2260 nobis
2605 2207 2879 2260 nominari
2922 2208 3112 2261 voluit.
3151 2205 3242 2260 Vel
3272 2208 3439 2275 igitur
3473 2214 3632 2259 uatu-

2062 2317 2176 2354 ram
2204 2316 2366 2370 quam
2392 2298 2738 2363 obtrudistis,
2773 2301 3018 2354 altiorem
3042 2307 3095 2354 et
3129 2300 3407 2353 meliorem
3430 2298 3632 2352 deitate

2061 2407 2186 2448 esse
2226 2393 2430 2457 dicite;
2465 2392 2710 2461 satisque
2754 2392 2916 2446 nobis
2943 2393 3068 2446 erit.
3103 2390 3200 2444 Vel
3251 2405 3451 2452 nomen
3479 2389 3628 2443 illius

2063 2482 2329 2552 proferte,
2393 2483 2474 2536 vel
2502 2497 2624 2535 cum
2670 2481 2917 2536 veritatis
2949 2479 3406 2549 praedicatoribus
3436 2481 3634 2536 divini—

2066 2581 2226 2628 tatem
2262 2581 2317 2627 et
2365 2574 2758 2628 humanitatem
2814 2572 3042 2636 Christi,
3097 2579 3326 2626 naturas
3353 2587 3473 2627 esse
3507 2587 3634 2640 pro-

2065 2663 2336 2726 nuntiate.
2367 2680 2476 2719 non
2511 2675 2785 2718 naturam.
2821 2663 3004 2718 Deitas
3035 2664 3304 2731 siquidem
3339 2670 3398 2715 et
3439 2663 3632 2717 huma-

2065 2757 2212 2810 nitas
2237 2771 2346 2809 non
2380 2764 2508 2811 sunt
2537 2771 2642 2809 una
2672 2763 2892 2809 natura.

2139 2845 2227 2902 36.
2266 2845 2320 2899 Si
2376 2862 2442 2900 ex
2498 2846 2780 2900 divinitate
2815 2852 2870 2899 et
2896 2843 3235 2897 humanitate
3291 2856 3398 2895 una
3425 2841 3632 2897 Christi

2068 2945 2262 2989 natura
2293 2943 2397 2997 est,
2432 2935 2691 2989 divinitas
2727 2949 2854 3003 pars
2887 2944 3098 2988 natura:
3127 2932 3416 2998 duntaxat,
3446 2942 3498 2984 et
3519 2948 3631 2989 non

400 3021 565 3092 φύσις
599 3021 631 3091 ἡ
663 3017 912 3087 θεότητος
951 3017 1006 3068 ἐν
1052 3012 1130 3084 τῷ
1172 3011 1414 3084 Χριστῷ,
1468 3010 1666 3080 ὁμοίως
1720 3010 1812 3062 καὶ
1866 3010 1964 3062 ἀν-

2077 3025 2310 3094 periecta
2344 3033 2536 3079 natura
2567 3025 2672 3080 erit
2712 3026 2765 3079 in
2815 3024 3058 3089 Christo,
3101 3023 3356 3078 similiter
3385 3023 3550 3078 etiam
3580 3036 3634 3078 et

402 3110 705 3182 ορωπότης.

471 3202 568 3266 λζ’.
600 3203 662 3253 Et
701 3202 732 3270 ἡ
773 3196 1024 3260 σύνθετος
1069 3195 1222 3266 ὑμῶν
1266 3196 1447 3263 φύσις,
1486 3193 1605 3246 οὐδὲ
1659 3191 1733 3262 τῷ
1795 3193 1967 3262 Πατρὶ

403 3295 630 3348 καθόλου
661 3293 808 3345 ἐστὶν
860 3287 1164 3360 ὁμοούσιος,
1199 3287 1318 3340 οὐδὲ
1348 3291 1413 3357 τῇ
1445 3286 1652 3357 Μητρὶ,
1682 3286 1741 3336 τὸ
1767 3285 1823 3336 δὲ
1849 3284 1968 3336 ὅλον

403 3387 550 3441 ἐστὶν
581 3387 609 3438 ὁ
632 3383 865 3455 Χριστός
887 3397 899 3411 ·
924 3383 952 3433 ὁ
981 3379 1232 3452 Χριστὸς,
1332 3377 1586 3448 Χριστὸς,
1619 3375 1792 3428 οὐδενί
1825 3375 1970 3427 ἐστιν

404 3473 707 3549 ὁμοούσιος.
765 3474 876 3527 Καὶ
918 3475 970 3526 εί
1013 3469 1193 3534 τοῦτο,
1229 3469 1318 3522 ὅτε
1347 3468 1461 3522 ἐστί
1523 3484 1628 3520 τινι
1662 3467 1966 3537 ὁμοούσιος,

406 3570 508 3626 οὐκ
540 3569 654 3622 ἐστι
678 3567 908 3637 Χριστὸς
940 3564 1226 3635 ὁμοούσιος
1251 3579 1266 3593 ο
1292 3563 1384 3616 οὖν
1409 3561 1484 3614 ὣν
1531 3561 1609 3632 τῷ
1640 3563 1816 3632 Πατρὶ
1869 3562 1969 3613 οὐκ

407 3663 524 3717 ιστι
548 3662 800 3734 Χριστός.
834 3659 1073 3727 Ἀνάγκη
1093 3657 1268 3708 τοίνυν
1285 3655 1428 3708 δυοῖν
1459 3654 1703 3724 θάτερον,
1725 3655 1758 3723 ἢ
1778 3653 1970 3723 ὁμοσύ-

409 3767 523 3805 σιον
555 3750 683 3804 ὄντα
725 3747 803 3811 τῷ
845 3747 1042 3818 Πατρὶ,
1099 3745 1176 3815 μὴ
1206 3737 1343 3797 εἶναι
1372 3742 1627 3814 Χριστὸν,
1653 3743 1687 3813 ἢ
1739 3741 1971 3812 Χριστὸν

406 3838 557 3903 ὅντα,
605 3836 678 3910 μὴ
707 3834 846 3892 εἶναι
869 3836 947 3908 τῷ
978 3837 1150 3908 [la-rp!
1176 3835 1478 3906 ὁμοούσιον.

475 4101 580 4171 λη’.
606 4101 687 4152 Τὰ
737 4097 1094 4168 συντιθέμενα
1131 4098 1192 4163 ἐξ
1221 4097 1476 4152 ιναντίων
1519 4096 1846 4164 συντίθεται,
1892 4101 1976 4153 οὐ·

406 4193 504 4264 σίᾳ
533 4191 592 4246 δι
627 4192 770 4244 κατὰ
817 4191 951 4254 ’τοὺς
1002 4187 1268 4260 φυσικοὺς
1317 4189 1467 4242 οὐδέν
1498 4191 1645 4242 ἐστιν
1692 4191 1968 4244 ἐναντίων.

419 4279 704 4338 Ἀδύνατον
733 4280 828 4335 οὖν
854 4277 994 4335 εἶναι
1018 4281 1203 4335 οὐσίαν
1229 4280 1288 4345 ἐξ
1311 4279 1514 4335 aitetth
1546 4279 1826 4336 σύνθετον.

477 4458 578 4516 λθ’.
608 4457 720 4525 Τὰς
756 4458 947 4528 φύσεις
972 4499 989 4523 ,
1015 4459 1133 4528 ἤτοι
1189 4424 1397 4521 ούσεας,
1431 4457 1491 4510 αἱ
1527 4457 1805 4521 οὐσιώδεις
1852 4475 1975 4510 συν-

409 4551 597 4607 ιστῶσι
625 4550 879 4620 διαφοραί
911 4566 924 4580 ·
959 4551 1007 4601 εἰ
1034 4549 1127 4604 οὖν
1156 4549 1222 4602 ἐκ
1264 4547 1519 4618 θεότητος
1565 4549 1660 4600 καὶ
1693 4547 1975 4619 ἀνθρωπά-

402 4659 568 4713 τητος
605 4645 700 4714 μία
722 4643 882 4712 φύσις
928 4643 1276 4712 συνέστηκεν,
1305 4639 1517 4693 ἔσονται
1549 4640 1740 4711 θεότης
1766 4641 1860 4694 καὶ
1888 4642 1978 4695 ἁν-

399 4734 698 4806 Βρωπότης
729 4736 789 4788 οὐ
809 4735 1023 4803 φύσεις,
1062 4732 1175 4785 ἀλλ’
1203 4731 1479 4794 οὐσιῶδεις
1512 4732 1788 4804 διαφοραί.

481 4829 560 4900 μ’.
587 4830 669 4881 Τὰ
699 4830 824 4898 μιᾶς
861 4828 990 4880 ὄντα
1017 4827 1223 4891 οὐσίας,
1259 4825 1688 4895 ἑτερσῦπόστατα
1723 4824 1938 4888 πάντως
1963 4842 1976 4855 ·

399 4919 556 4975 τὰδὲ
605 4921 733 4987 μιᾶς
789 4919 1140 4980 ὑποστάσεως
1204 4915 1536 4987 ἑτεροούσια.
1595 4915 1706 4986 Τὴν
1754 4915 1982 4986 θεότητα

410 5011 701 5081 τοιγαροῦν
726 4994 822 5064 καί
850 5009 948 5078 τὴν
976 5007 1365 5078 ἀνθρωπότητα
1385 5008 1476 5060 τοῦ
1507 5007 1764 5078 Χριστοῦ,
1795 5007 1827 5078 ἢ
1855 5009 1984 5077 μιᾶς

373 5134 384 5137 ν
409 5100 600 5163 οὐσίας
633 5101 901 5168 λέγοντες,
929 5098 1118 5153 ιῐπατα
1143 5097 1306 5167 ἄλλης
1329 5097 1423 5149 καὶ
1439 5095 1606 5165 ἄλλης
1636 5097 1984 5160 ὑποστάσεως

412 5187 574 5256 εἶναι,
599 5192 638 5261 ἡ
685 5193 810 5261 μιᾶς
839 5190 1190 5252 ὑποστάσεως
1237 5187 1504 5254 λέγοντες,
1559 5185 1653 5238 δύο
1677 5185 1886 5253 φύσεις,
1924 5187 1985 5238 σύ

413 5283 548 5354 μίαν
581 5282 971 5353 ὁμολογήσατε.
1016 5279 1188 5334 Ἔνθα
1236 5279 1342 5349 γὰρ
1381 5278 1443 5329 τὸ
1474 5276 1830 5348 ἑτεροούσιον,
1884 5277 1980 5346 μία

413 5375 578 5444 φύσις
599 5375 698 5426 οὐκ
727 5374 878 5426 ἐστιν
909 5387 924 5403 ·
957 5374 990 5442 ἢ
1024 5373 1117 5426 οὖν
1148 5370 1432 5442 ὁμοούσιον
1463 5370 1650 5422 εἴπατε
1679 5368 1778 5440 τὴν
1807 5370 1982 5438 σάρκα

411 5468 480 5537 τῇ
510 5463 608 5518 τοῦ
669 5465 844 5533 Λόγου
878 5463 1114 5534 Θεάτητι,
1153 5463 1187 5534 ἢ
1235 5461 1546 5533 ἑτεροούσια
1576 5460 1847 5528 λέγοντες,
1890 5460 1982 5512 δύο

414 5555 607 5628 φύσεις
628 5555 1023 5626 ὁμολογήσατε.

2070 3114 2407 3169 humanitas.
3228 3169 3237 3177 ,

2138 3203 2226 3258 57.
2263 3197 2320 3258 Si
2350 3212 2542 3257 natura
2605 3211 2785 3258 vestra
2835 3203 3161 3272 composita,
3197 3219 3376 3274 neque
3399 3202 3546 3257 Patri
3581 3202 3633 3254 in

2070 3306 2245 3351 totum
2274 3296 2768 3351 consubstantialis
2799 3306 2902 3360 est,
2954 3311 3134 3365 neque
3163 3295 3351 3360 Matri,
3384 3295 3636 3350 Christus

2071 3407 2200 3445 vero
2243 3396 2416 3442 totnnt
2463 3389 2598 3442 illud
2626 3396 2709 3442 est
2741 3407 2752 3442 :
2780 3388 3037 3442 Christus
3069 3398 3345 3456 quatenus
3374 3387 3636 3442 Christus

2070 3492 2174 3548 est,
2213 3481 2346 3535 nulli
2384 3479 2869 3536 ronsubstantialis
2897 3490 3000 3535 est.
3035 3480 3188 3546 Quod
3221 3480 3264 3534 si
3297 3480 3372 3532 ita
3393 3488 3497 3544 est,
3531 3493 3642 3549 qua

2072 3582 2224 3641 parte
2257 3572 2417 3625 alicui
2453 3571 2940 3625 consubstantialis
2962 3581 3063 3631 est,
3095 3571 3203 3638 iam
3239 3585 3346 3624 non
3372 3579 3456 3624 est
3482 3567 3644 3623 Chrie

2063 3670 2220 3734 7stus.
2261 3659 2428 3730 Igitur
2462 3667 2740 3728 quatenus
2769 3658 3022 3726 ejusdem
3053 3669 3138 3716 est
3171 3675 3234 3713 ac
3270 3660 3432 3713 Pater
3459 3674 3644 3713 essen-

2074 3751 2184 3814 tite,
2230 3763 2341 3801 non
2392 3757 2474 3802 est
2503 3746 2782 3802 Christus.
2835 3748 3112 3824 Quocirca
3139 3749 3373 3803 duorum
3407 3750 3639 3802 alterum

2077 3841 2447 3895 necessarium
2515 3846 2619 3899 est.
2663 3845 2756 3891 aut
2799 3836 3080 3893 Christum
3113 3853 3224 3894 non
3253 3855 3396 3904 esse,
3426 3839 3648 3906 quiPa-

2076 3933 2145 3986 tri
2205 3928 2698 3985 consubstantialis
2724 3929 2816 3992 sit,
2860 3915 2954 3984 aut
2989 3930 3082 4000 qui
3123 3929 3380 3987 Christus
3412 3931 3508 3996 sit,
3535 3947 3642 3986 non

2076 4037 2198 4077 esse
2219 4019 2369 4076 Patri
2408 4003 2980 4072 consubstantialem.

2144 4112 2234 4166 38.
2267 4108 2399 4176 Quae
2458 4108 2760 4178 composita
2810 4119 2956 4169 sunt,
2997 4124 3061 4164 ex
3103 4111 3397 4166 contrariis
3426 4126 3648 4182 compo-

2078 4208 2306 4262 nuntur,
2371 4197 2694 4252 substantiae
2776 4203 2955 4251 autem
3031 4195 3332 4252 secundum
3391 4199 3647 4270 physicos

2082 4279 2214 4341 nihil
2272 4287 2611 4341 contrarium
2660 4294 2745 4340 est
2784 4302 2797 4338 :
2842 4283 2955 4338 ﬁeri
3012 4285 3181 4356 igitur
3233 4303 3341 4342 non
3378 4297 3560 4359 potest
3590 4300 3648 4344 ttt

2005 4396 2050 4453 ι)
2080 4379 2386 4436 substantia
2415 4394 2478 4432 ex
2542 4377 2869 4432 substantiis
2900 4378 3206 4447 composita
3247 4380 3338 4435 sit.

2150 4472 2240 4525 39.
2293 4469 2556 4535 Naturas,
2619 4469 2734 4521 sive
2788 4468 3131 4523 substantias
3163 4467 3495 4525 differentia:
3521 4473 3648 4527 sub-

2081 4562 2367 4619 stantiales
2432 4564 2800 4616 constituunt.
2840 4558 3206 4626 Quamobrem
3237 4562 3282 4614 si
3329 4579 3390 4616 ex
3453 4563 3651 4617 deitate

2082 4663 2133 4708 et
2174 4652 2509 4707 humanitate
2549 4662 2744 4705 natura
2762 4667 2869 4704 una
2900 4652 3176 4718 consistit,
3208 4661 3370 4707 erunt
3403 4651 3577 4706 deitas
3598 4661 3651 4704 et

2085 4745 2417 4808 humanitas,
2437 4759 2544 4796 non
2572 4750 2802 4806 natura),
2831 4743 2924 4796 sed
2958 4743 3281 4798 essentiales
3309 4741 3646 4797 diﬂerentiar.

2154 4831 2242 4888 40.
2285 4833 2416 4900 Quae
2456 4834 2622 4887 unius
2661 4839 2789 4886 sunt
2827 4833 3106 4898 essentiam
3154 4833 3496 4889 diversarum
3535 4833 3652 4904 pla-

2085 4941 2154 4980 ne
2229 4923 2607 4995 hypostasium
2645 4927 2775 4974 sunt
2814 4941 2825 4975 :
2861 4937 2984 4990 qua:
3030 4936 3160 4974 vero
3190 4923 3354 4974 unius
3393 4927 3522 4975 sunt
3553 4921 3653 4989 hy-

2088 5013 2348 5084 postasis,
2388 5010 2730 5063 diversarum
2797 5023 3118 5064 naturarum
3152 5011 3448 5064 exsistunt.
3484 5005 3653 5078 igitur

2089 5104 2183 5174 qui
2216 5102 2563 5156 divinitatem
2603 5109 2658 5154 et
2687 5101 3082 5154 humanitatem
3116 5098 3321 5155 Christi
3367 5099 3450 5152 vel
3490 5099 3654 5152 unius

2092 5208 2217 5248 csse
2284 5201 2494 5245 naturae
2544 5189 2755 5255 dicitis,
2797 5190 3023 5244 alterius
3063 5202 3227 5260 atque
3264 5190 3490 5245 alterius
3522 5190 3655 5244 suh-

2091 5284 2306 5338 slantia:
2328 5297 2449 5336 esse
2476 5281 2644 5334 dicite
2677 5297 2690 5332 :
2721 5282 2803 5335 vel
2838 5279 3072 5334 dicendo
3112 5283 3278 5335 unius
3312 5295 3434 5336 esse
3475 5280 3650 5351 hypo-

2091 5371 2280 5435 stasis,
2338 5377 2564 5424 naturas
2600 5369 2756 5434 duas,
2819 5384 2931 5424 non
2990 5386 3154 5425 unam
3212 5370 3513 5426 fateamini.
3552 5369 3652 5424 Ubi

2090 5461 2235 5515 enim
2288 5468 2371 5518 est
2434 5459 2756 5515 substantiae
2808 5451 3125 5529 diversitas,
3166 5480 3276 5520 non
3333 5474 3415 5520 est
3452 5469 3655 5518 «natura

2093 5567 2218 5605 una.
2277 5553 2386 5605 Aut
2412 5551 2579 5621 igitur
2626 5566 2847 5609 carnem
2888 5555 3161 5633 divinitati
3216 5555 3377 5612 Verbi
3411 5556 3657 5616 consub-

415 5646 730 5706 Stantialcm
761 5659 884 5702 esse
907 5646 1092 5712 dicite,
1127 5655 1218 5700 aut
1253 5645 1484 5701 diversa:
1512 5660 1634 5700 esse
1669 5643 1995 5701 substantia:
2041 5645 2428 5716 predicantes,
2460 5646 2600 5701 duas
2643 5659 2869 5705 naturas
2938 5651 3298 5708 conﬁtemini.
