3962 6202
365 217 505 284 1455

1565 221 1626 282 S.
1649 219 1968 284 JOANNIS
1997 223 2429 286 DAMASCENI

3484 232 3621 299 1456

434 335 522 390 ιι.
565 334 670 402 Qui
696 349 859 391 unam
894 311 1204 391 divinitatis
1236 335 1465 400 Christi,
1496 340 1793 410 carnisque
1821 340 1936 410 ejus

2119 343 2318 412 μα’.οί
2349 345 2479 414 μίαν
2511 345 2672 414 φύσιν
2717 349 2814 418 τῆς
2839 347 3091 418 θεότητος
3121 349 3216 403 τοῦ
3249 351 3490 422 Χριστοῦ
3526 357 3625 408 καὶ

354 431 618 478 naturam
648 423 799 489 aitis,
842 425 1068 480 dicitote
1102 424 1287 490 nobis,
1317 440 1425 496 qua
1461 427 1684 482 tandem
1739 435 1940 482 natura

349 516 618 571 Christus
691 531 890 586 passus
922 518 1047 572 est?
1081 517 1399 588 Composita
1458 520 1673 590 utique,
1719 535 1943 590 repone-

365 605 461 659 tis.
513 603 692 660 Unam
729 607 935 678 quippe
953 607 1211 673 dicendo,
1252 609 1567 678 passionem
1599 611 1650 665 ei
1681 625 1939 667 necessa-

364 696 448 749 rio
493 697 704 767 eliiugis
739 713 751 749 :
785 706 951 767 atque
982 697 1122 754 adeo
1163 700 1230 754 de
1261 708 1447 754 vestra
1501 701 1797 769 sententia,
1827 709 1938 757 tam

360 784 648 850 divinitas,
699 804 862 859 quam
899 789 1216 844 humanitas
1250 789 1457 845 Christi
1512 789 1747 845 obnoxia
1815 806 1941 862 pas-

359 879 511 933 sioni
552 877 741 935 fuerit.
1496 891 1507 901 '

434 1021 523 1076 42.
547 1021 733 1076 Solent
771 1022 863 1091 qui
901 1036 992 1076 res
1056 1021 1462 1092 philosophicas
1491 1030 1752 1086 tractant,
1780 1023 1943 1096 ωδ

363 1130 678 1169 sermonem
749 1115 902 1183 prius
937 1113 1003 1168 de
1056 1115 1371 1183 quantitate
1423 1115 1737 1178 instituere,
1775 1131 1939 1186 quam

355 1206 432 1260 de
462 1206 747 1275 qualitate.
789 1205 960 1273 Cujus
991 1220 1215 1259 causam
1255 1206 1397 1260 hanc
1428 1206 1758 1276 adjungunt,
1794 1208 1939 1278 quod

359 1297 460 1351 .ubi
499 1297 743 1365 qualitas
775 1296 961 1360 fuerit,
1016 1297 1131 1350 illic
1180 1298 1408 1351 omnino
1462 1298 1743 1368 quantitas
1775 1298 1937 1353 etiam

367 1387 772 1442 consideretur.
838 1385 1156 1440 Diﬂ'erentia
1222 1387 1497 1459 siquidem
1567 1386 1938 1442 differentium

353 1478 682 1532 diti‘erentia
741 1484 846 1534 est.
888 1475 1202 1547 Quomodo.
1238 1478 1427 1549 igitur,
1455 1493 1581 1533 cum
1608 1480 1938 1549 qualitatum

364 1568 748 1624 essentialium
815 1567 1113 1622 discrimen
1177 1567 1508 1637 praedicetis,
1573 1584 1762 1624 eorum
1816 1585 1939 1640 quae

369 1657 744 1716 essentialiter
765 1661 982 1716 diversa
1004 1670 1154 1726 sunt,
1176 1676 1462 1716 numerum
1493 1675 1602 1716 non
1623 1659 1940 1716 fateamini?

435 1795 522 1849 4‘5.
581 1792 639 1847 Si
679 1800 764 1848 est
804 1805 913 1846 una
965 1791 1166 1846 Christi
1234 1801 1430 1848 natura
1481 1794 1808 1864 composita,
1843 1801 1941 1847 aut

361 1883 714 1939 solummodo
773 1883 1018 1954 patibilis
1067 1885 1194 1947 erit,
1256 1892 1350 1938 aut
1383 1900 1492 1939 non
1526 1884 1788 1954 patibilis,
1845 1891 1942 1938 aut

367 1975 531 2031 simul
595 1976 840 2046 patibilis
873 1986 926 2031 et
956 1991 1067 2030 non
1125 1974 1395 2044 patibilis,
1433 1982 1486 2030 et
1525 1983 1822 2045 utrumque
1852 1990 1942 2030 se—

365 2068 606 2123 cundum
653 2068 793 2122 idem
823 2085 837 2132 ;
879 2078 975 2121 aut
1003 2065 1313 2127 mutabilis,
1346 2073 1400 2119 et
1432 2064 1769 2136 quandoque
1798 2065 1940 2135 pati-

365 2160 516 2226 bilis,
542 2154 874 2230 quandoque
902 2173 1123 2213 rursum
1155 2173 1259 2211 non
1293 2157 1561 2226 patibilis,
1594 2167 1688 2212 aut
1719 2156 1940 2211 demum

359 2266 493 2320 pars
524 2250 646 2319 ejus
671 2249 914 2320 patiendi
971 2264 1140 2318 capax
1180 2250 1353 2304 altera
1384 2263 1414 2300 a
1450 2247 1803 2318 passionibus
1834 2247 1940 2299 im-

359 2343 550 2396 munis
585 2359 597 2394 :
635 2354 800 2410 quam
837 2354 970 2410 ergo
999 2355 1067 2393 ex
1098 2338 1184 2394 his
1217 2337 1598 2404 impietatibus
1621 2335 1940 2391 ~malueritis

354 2431 565 2502 eligite.
623 2429 682 2484 Si
716 2430 861 2485 enim
919 2430 1096 2484 solum
1159 2430 1426 2498 patibilis,
1467 2429 1726 2484 Christus
1795 2427 1940 2482 Deus

361 2535 474 2576 non
507 2527 590 2576 est
624 2537 639 2574 :
673 2519 718 2573 si
751 2519 864 2588 pati
899 2520 1144 2584 nescius,
1172 2533 1277 2572 non
1311 2527 1394 2573 est
1425 2519 1590 2572 homo
1625 2534 1637 2568 :
1679 2518 1724 2573 si
1759 2532 1938 2587 quan-

363 2615 543 2686 doque
574 2613 840 2683 patibilis,
870 2611 1202 2682 quandoque
1229 2625 1338 2664 non
1361 2609 1630 2680 patibilis,
1682 2616 1937 2663 neutrum

364 2716 562 2764 natura
631 2705 840 2768 fuerit,
877 2705 1011 2774 quin
1045 2703 1228 2774 potius
1289 2716 1386 2772 per
1444 2701 1725 2756 accidens.
1780 2699 1939 2765 Quod

362 2800 510 2854 enim
547 2803 740 2850 natura
781 2788 1008 2849 insitum
1039 2802 1144 2858 est,
1176 2807 1282 2845 non
1334 2797 1599 2845 mutatur.
1633 2791 1730 2845 Sin
1759 2798 1937 2845 autem

342 2905 492 2959 'pars
546 2888 666 2957 ejus
736 2887 907 2940 altera
957 2883 1201 2955 patiendi
1234 2897 1406 2952 capax
1459 2889 1564 2948 est,
1602 2882 1833 2951 incapax
1867 2879 1942 2933 al-

347 2993 478 3036 "tcra
514 2997 528 3031 :
563 2987 758 3047 suapte
783 2993 911 3033 vero
932 2985 1128 3030 natura
1159 2983 1456 3044 utrumque
1481 2983 1568 3029 est
1632 2974 1766 3028 illud
1795 2973 1938 3042 quod

2044 437 2144 506 τῆς
2178 437 2379 508 σαρκὸς
2402 437 2565 492 αὑτοῦ
2604 438 2873 508 λέγοντες,
2902 441 3093 495 εἴπατε
3137 442 3269 512 ἡμῖν
3305 446 3434 514 ποία
3456 443 3620 512 φύσει

2041 527 2070 579 ό
2105 526 2341 599 Χριστὸς
2359 529 2593 584 πέπονθε
2618 547 2632 596 ;
2662 531 2742 602 Τῇ
2776 529 3032 603 συνθέτῳ,
3063 532 3225 606 δῆλον
3245 535 3442 604 ἐρεῖτε.
3474 536 3626 590 Μίαν

2043 616 2151 686 γὰρ
2175 616 2442 688 λέγοντες.
2480 617 2538 683 ἒξ
2561 619 2807 691 ἀνάγκης
2835 621 2972 692 αὐτῇ
3003 623 3096 676 καὶ⁸
3136 623 3200 676 τὸ
3231 623 3403 687 πάθος
3454 643 3628 694 προστ

2043 707 2229 776 ἀψετε,
2260 708 2353 761 καὶ
2386 708 2538 763 ἔσται
2583 711 2704 763 καθ’
2744 711 2886 781 ὑμᾶς
2914 711 3008 766 καὶ
3037 714 3070 786 ἡ
3117 712 3305 784 θεότης
3331 716 3426 769 καὶ
3458 717 3494 787 ὴ
3527 716 3629 768 dv-

2043 797 2332 869 Og‘wrrér'qc
2357 799 2449 853 τοῦ
2482 799 2720 871 Χριστοῦ
2743 801 2976 874 παθητὴ.

2117 1023 2223 1094 μβ’.
2268 1024 2596 1093 Προτάττειν
2619 1025 2848 1096 σύνηθες
2889 1025 2967 1096 τῷ
3013 1026 3288 1096 φιλοσόφῳ
3325 1025 3471 1097 λόγῳ
3530 1026 3629 1081 τὸν

2043 1115 2173 1182 περὶ
2225 1114 2524 1181 ποσότητος
2575 1115 2732 1183 λόγον
2760 1115 2854 1168 τοῦ
2886 1117 3017 1185 περὶ
3057 1118 3357 1187 ποιότητος,
3396 1117 3495 1171 καὶ
3525 1118 3624 1188 τὴν

2044 1204 2222 1257 αἰτίαν
2273 1203 2650 1274 προστίθησιν,
2693 1204 2771 1268 ὡς
2791 1204 2924 1259 ἔνθα
2969 1205 3214 1275 ποιότης,
3244 1207 3337 1259 καὶ
3381 1206 3626 1275 ποσότης

2042 1294 2257 1356 πάντως
2290 1294 2719 1366 θεωρηθήσσται.
2757 1295 2820 1349 Ἦ
2841 1296 2950 1365 γὰρ
2979 1295 3213 1367 διαφορὰ
3254 1297 3626 1368 διαφερόντων

2043 1385 2159 1439 ἐστὶ
2187 1386 2442 1457 διαφορά.
2470 1385 2596 1450 Πῶς
2618 1381 2712 1441 οὖν
2744 1387 3046 1457 ποιοτήτων
3060 1386 3335 1440 οὐσιωδῶν
3353 1387 3628 1457 διαφορὰν

2040 1476 2310 1544 λέγοντες,
2357 1477 2464 1530 τῶν
2517 1477 2794 1542 ούσιωδῶς
2844 1477 3212 1550 διαφερόντων
3239 1479 3332 1532 τὸν
3384 1479 3627 1550 ἀριθμζν

2041 1568 2140 1637 οὐχ
2160 1568 2472 1638 ὁμολογεῖτε
2496 1586 2511 1635 ;

2113 1791 2222 1853 μγ’.
2271 1785 2335 1839 Ei
2389 1785 2488 1856 μία
2515 1784 2677 1855 φύσις
2713 1785 2963 1850 σύνθετος
3003 1785 3112 1840 ’ἐπὶ
3161 1786 3253 1840 τοῦ
3289 1786 3554 1858 Χριστοῦ,
3589 1789 3624 1858 ἢ

2040 1876 2259 1946 παθητὴ
2294 1875 2446 1929 ἔσται
2481 1877 2661 1948 μόνον,
2710 1877 2742 1947 ἢ
2797 1877 3033 1946 ἀπαθὴς,
3091 1878 3123 1947 ἢ
3170 1878 3621 1949 παθητοαπαθὴς,

2039 1969 2134 2022 καὶ
2157 1969 2277 2021 κατ’
2305 1969 2468 2022 αὑτὸν
2499 1969 2788 2041 ἀμφότερα
2815 1987 2828 2001 '
2855 1969 2887 2040 ἧ
2919 1969 3149 2041 τρεπτὴ,
3209 1971 3305 2024 καὶ
3334 1971 3462 2023 ποτὲ
3521 1971 3622 2041 μὲν

2039 2059 2279 2131 παθητὴ,
2314 2060 2445 2113 ποτὲ
2501 2061 2557 2114 δὲ
2616 2059 2911 2134 ἁπαθὴς,ἢ
2957 2063 3121 2134 μέρος
3151 2062 3319 2131 αὐτῆς
3349 2063 3619 2133 παθητζν,

2039 2153 2133 2206 καὶ
2168 2154 2334 2225 μέρος
2395 2153 2569 2223 αὐτῆς
2623 2154 2832 2218 ἀπαθές
2861 2172 2873 2185 ο
2907 2154 3025 2208 οἵαν
3071 2151 3164 2208 οὖν
3197 2153 3446 2224 βούλεσθε
3502 2155 3620 2207 τῶν

2039 2243 2303 2298 ἀσεϐειῶν
2332 2243 2540 2298 ἕλεσθε.
2600 2245 2665 2297 Ei
2695 2245 2802 2316 γὰρ
2831 2244 3050 2316 παθητὴ
3083 2245 3263 2316 μόνον,
3306 2247 3368 2300 ού
3413 2245 3546 2309 Θεὸς
3589 2247 3621 2297 ό

2039 2336 2274 2407 Χριστός
2305 2353 2318 2366 ⁸
2362 2337 2409 2389 εἰ
2435 2336 2492 2388 δὲ
2524 2335 2742 2408 ἀπαθὴς
2775 2337 2954 2407 μόνον,
2991 2336 3090 2390 ούκ
3129 2338 3441 2410 ἄνθρωπος·
3473 2338 3522 2389 εί
3551 2339 3616 2391 δὲ

2039 2427 2172 2480 ποτὲ
2220 2427 2318 2497 μὲν
2357 2427 2592 2498 παθητὴ,
2640 2427 2767 2480 ποτὲ
2808 2427 2864 2480 δὲ
2897 2427 3131 2498 ἀπαθὴς,
3183 2429 3293 2481 οὐδ’
3353 2429 3618 2500 ὁπότερον

2040 2515 2220 2585 φύσει,
2271 2515 2412 2569 κατὰ
2451 2515 2798 2587 συμϐεϐηκὸς
2852 2515 2909 2569 δὲ
2953 2518 3152 2587 μᾶλλόν
3202 2521 3336 2572 ἐστι.
3385 2519 3456 2571 Τδ
3508 2520 3621 2589 7&9

2040 2607 2200 2677 φύσει
2240 2607 2504 2676 πεφυκὸς,
2547 2609 2608 2660 οὐ
2657 2608 2995 2678 μεθίσταται,
3049 2610 3111 2662 Εἰ
3166 2609 3222 2662 δὲ
3251 2613 3415 2680 μέρος
3442 2610 3626 2679 αὐτῆς

2041 2698 2301 2768 παθητὸν,
2339 2699 2434 2752 καὶ
2467 2699 2630 2769 μέρος
2652 2699 2881 2762 ἀπαθὲς,
2923 2699 3081 2769 φύσει
3115 2701 3172 2753 δὲ
3204 2701 3458 2771 ἑκάτερόν
3484 2704 3610 2755 ἐστι

2039 2791 2185 2844 τοῦθ’
2218 2793 2356 2863 ὅπερ
2387 2791 2525 2858 ἐστὶ,
2561 2792 2622 2844 οὐ
2659 2791 2863 2862 ταύτης
2890 2792 3040 2865 ἔσται
3083 2794 3152 2846 τὰ
3205 2794 3347 2865 μέρη
3373 2793 3616 2864 φύσεως,

2041 2881 2135 2933 καὶ
2165 2880 2307 2934 οὕτω
2339 2881 2431 2934 δύο
2457 2881 2648 2950 φύσεις
2694 2882 2844 2935 ἔσται
2874 2885 2903 2937 ό
2923 2864 2929 2870 ’
2949 2885 3180 2952 Χριστός
3214 2901 3229 2916 ο
3250 2885 3311 2948 ὃς
3339 2864 3422 2939 ού
3457 2887 3626 2956 φύσις

2044 2971 2142 3040 μία
2164 2972 2331 3033 ἐστὶν,
2361 2971 2477 3025 ἀλλ’
2504 2973 2803 3040 ὑπόστασις
2845 2974 2945 3045 μία
2968 2975 3220 3038 σύνθετος
3251 2977 3318 3030 ὲκ
3367 2977 3464 3031 δύο
3515 2979 3624 3048 ερύ-

363 3082 470 3136 est,
504 3089 613 3126 non
649 3079 811 3126 erunt
863 3079 1047 3139 partes
1081 3067 1334 3137 ejusdem
1388 3074 1638 3120 naturae:
1669 3074 1833 3137 atque
1861 3065 1936 3120 ita

2046 3079 2202 3126 σεων,
2235 3064 2330 3117 καὶ
2360 3065 2418 3118 ὲν
2443 3065 2562 3118 δυσὶ
2611 3066 2826 3135 φύσεσι,
2864 3067 3076 3121 καὶδύο
3109 3069 3320 3137 φύσεις.
3353 3070 3465 3142 Τὴν
3508 3071 3624 3142 7&9

358 3164 620 3220 Christus
648 3166 754 3219 erit
788 3163 910 3217 duze
941 3170 1174 3224 naturae,
1216 3161 1347 3232 quia
1383 3177 1492 3216 non
1526 3168 1610 3216 est
1641 3175 1748 3215 una
1778 3168 1937 3214 natu-

363 3271 449 3317 ra,
480 3256 574 3311 sed
603 3272 713 3310 una
756 3254 1074 3326 hypostasis
1116 3253 1422 3323 composita
1455 3268 1523 3308 ex
1558 3251 1774 3306 naturis
1805 3250 1938 3304 dua-

357 3347 488 3401 bus.
522 3347 778 3400 Eamdem
827 3347 1028 3416 quippe
1083 3357 1332 3399 naturam
1370 3345 1536 3399 simul
1568 3352 1622 3398 et
1655 3343 1934 3413 patibilem

2041 3155 2212 3226 αὐτὴν
2232 3157 2394 3224 φύσιν
2423 3157 2675 3228 παθητὴν
2709 3158 2826 3230 ἅμα
2865 3159 2960 3213 καὶ
2995 3159 3180 3231 ἀπαθῆ
3206 3158 3349 3214 εἶναι
3390 3161 3617 3231 ἀμήχαο

2043 3264 2132 3302 νον
2157 3264 2171 3277 ·
2205 3247 2313 3300 τῶν
2349 3249 2604 3302 ἐναντίων
2631 3249 2740 3320 γὰρ
2761 3249 3037 3304 ούσιωδῶν
3080 3251 3357 3321 διαφορῶν
3393 3251 3625 3324 δεκτικὴ

2043 3336 2182 3395 εἶναι
2220 3340 2318 3410 μία
2353 3343 2502 3413 καὶὴ
2539 3342 2678 3413 αὐτὴ
2713 3342 2874 3412 φύσις
2891 3345 2952 3397 οὐ
2981 3343 3227 3401 δύναται.

354 3453 488 3494 esse
519 3445 573 3490 ct
606 3453 712 3489 non
749 3437 1030 3506 patibilem
1079 3436 1423 3505 impossibile
1459 3443 1584 3490 est:
1621 3450 1727 3489 una
1793 3432 2063 3504 siquidem
2134 3433 2436 3506 eademque
2477 3442 2675 3490 natura
2719 3437 3029 3492 contrarias
3085 3437 3428 3494 diﬂ'ercntias
3485 3438 3618 3494 sub-

357 3527 652 3582 stantiales
682 3526 927 3596 recipere
953 3539 1061 3579 uon
1091 3532 1292 3594 potest.

433 3705 524 3760 44.
561 3704 620 3760 in
674 3702 822 3757 omni
879 3701 1108 3765 unione,
1140 3715 1267 3770 qua:
1331 3701 1620 3767 uniuntur,
1680 3699 1934 3770 quamvis

362 3795 798 3862 confundantur,
855 3792 1106 3864 quamvis
1160 3792 1618 3863 permisceantur,
1685 3798 1932 3855 manent,

365 3898 473 3944 uta
521 3895 714 3941 natura
769 3885 988 3956 propria
1045 3884 1183 3938 nihil
1232 3884 1566 3938 desciscant.
1602 3882 1757 3936 Licet
1785 3883 1932 3937 enim

360 3983 552 4036 viuum
587 3975 1170 4046 admisceaturaqum,
1207 3975 1330 4029 dua:
1350 3983 1563 4028 natur1e
1596 3981 1723 4029 sunt
1759 3973 1811 4028 iu
1841 3973 1932 4026 illa

362 4071 766 4144 temperatione
799 4087 814 4124 :
857 4082 984 4123 cera
1042 4082 1263 4140 quoque
1299 4074 1352 4121 et
1379 4067 1468 4138 pix
1505 4067 1634 4122 licet
1686 4063 1939 4121 confusae

361 4166 497 4229 sint,
548 4169 804 4220 neutrum
850 4169 1031 4216 tamen
1094 4175 1122 4212 a
1152 4167 1349 4214 natura
1378 4173 1476 4215 sua
1507 4158 1729 4223 excidit,
1753 4158 1849 4215 sed
1882 4159 1938 4214 in

360 4257 615 4311 mistione
643 4252 988 4309 naturzeduae
1008 4251 1332 4322 persistunt.
1350 4247 1593 4307 Tametsi
1620 4251 1766 4307 enim
1787 4251 1938 4305 unita

360 4353 511 4411 sunt,
545 4359 646 4399 nec
677 4342 966 4413 quodlibet
988 4356 1179 4397 eorum
1218 4341 1609 4410 proprietatem
1635 4355 1793 4395 suam
1821 4356 1921 4410 pu-

2112 3715 2216 3786 μδ’.
2262 3715 2384 3770 Ἐπὶ
2410 3716 2588 3786 πάσης
2633 3716 2900 3788 ὲνώσςως,
2949 3717 3217 3788 ὲνούμινα
3250 3719 3354 3772 κᾶν
3381 3719 3620 3789 σνγχέηο

2039 3819 2152 3869 ται,
2177 3804 2280 3859 κᾶν
2313 3807 2694 3876 συγκιρνᾶται,
2733 3805 2884 3876 μένει
2912 3805 3010 3877 τῆς
3038 3807 3248 3872 οἰκείας
3281 3809 3358 3879 μὴ
3397 3807 3620 3875 ἐξιστά-

2044 3913 2179 3966 μενα
2201 3897 2435 3965 φύσεως.
2462 3896 2579 3950 Κᾶν
2603 3913 2663 3950 τε
2686 3896 2794 3966 γὰρ
2823 3888 2964 3961 οἶνος
3002 3897 3156 3951 ὕδατι
3191 3899 3393 3970 κραθῇ,
3421 3902 3478 3954 αἱ
3524 3901 3622 3953 δύο

2040 3987 2231 4056 φύσεις
2255 3986 2394 4040 είσὶν
2416 3988 2475 4040 ὲν
2508 3986 2587 4057 τῷ
2608 3986 2852 4058 κράματι
2884 4003 2899 4018 ’
2940 3988 3033 4041 καὶ
3078 3987 3250 4059 κηρὸς
3287 3989 3380 4042 καὶ
3424 3990 3620 4056 πίσσα,

2041 4080 2088 4131 εἰ
2115 4079 2210 4131 καὶ
2232 4077 2586 4148 συγκέχυται,
2613 4074 2733 4132 ἀλλ’
2748 4077 3031 4147 οὐδέτερον
3049 4079 3148 4149 τῆς
3189 4079 3396 4144 οἰκείας
3419 4078 3621 4151 ἐξέστη

2042 4167 2278 4236 φύσεως,
2303 4169 2421 4222 ἀλλ’
2440 4170 2499 4222 ὲν
2515 4167 2592 4239 τῷ
2615 4168 2849 4239 μίγματι
2869 4171 2926 4223 ιε
2951 4169 3046 4224 δύο
3065 4169 3380 4242 διαμένωσι
3405 4171 3619 4241 φύσεις.

2041 4257 2105 4312 El
2130 4259 2239 4332 γὰρ
2263 4261 2358 4316 καὶ
2386 4260 2644 4330 ῆνωνται,
2674 4261 2769 4314 καὶ
2801 4260 2900 4332 τὴν
2923 4261 3134 4315 οίκείαν
3168 4261 3405 4318 ἕκαστον
3452 4263 3624 4318 ἐνδεί-

2044 4365 2236 4403 κνυται
2281 4349 2516 4420 ἰδιότητα
2540 4349 2785 4424 καθαρὰν
2813 4351 2907 4404 καὶ
2937 4349 3220 4422 ἁλώϐητον
3251 4352 3339 4406 διὰ
3359 4351 3460 4424 τὴν
3483 4353 3619 4422 πρὸς

360 4453 476 4494 ram
520 4447 574 4492 et
623 4436 888 4506 integram
934 4433 1213 4504 perhibet,
1267 4439 1491 4502 pr0pter
1546 4429 1932 4486 confusionem

2046 4440 2101 4494 τὸ
2151 4439 2350 4494 ὲνωθὲν
2383 4438 2645 4509 σύγχυσίν
2668 4456 2728 4493 τε
2756 4422 2852 4494 ioci
2899 4439 3232 4512 σύγκρασιν,
3285 4422 3424 4496 an"
3467 4443 3618 4513 ὅμως

359 4527 915 4597 commistionemque
964 4540 1088 4579 eum
1136 4539 1203 4578 eo
1235 4523 1324 4578 cui
1356 4524 1572 4578 unitum
1598 4533 1704 4586 est.
1733 4523 1936 4578 nihilo-

361 4621 543 4676 minus
599 4617 1028 4688 unumquodque
1076 4616 1208 4670 illud
1256 4622 1342 4671 est
1398 4617 1546 4684 quod
1607 4615 1762 4684 prius
1791 4623 1931 4680 erat,

360 4710 608 4782 adeoque
643 4711 763 4765 dum
817 4718 1052 4772 naturae,
1107 4723 1217 4763 non
1263 4723 1391 4770 una,
1437 4719 1738 4762 censentur
1771 4706 1932 4763 abiis

357 4803 452 4872 qui
484 4802 883 4872 taliajudicare
915 4811 1141 4854 norunt.
1203 4795 1406 4868 Ecquis
1429 4799 1573 4853 enim
1611 4799 1844 4870 ignorat,
1878 4800 1934 4854 in

355 4894 484 4948 vino
512 4901 567 4949 et
632 4906 775 4962 aqua
824 4891 1007 4947 mistis
1052 4890 1192 4947 duas
1228 4897 1456 4946 naturas
1492 4905 1618 4946 esse
1643 4890 1666 4944 ?
1690 4889 1849 4957 Quod
1884 4893 1930 4947 si

357 4986 524 5056 igitur
580 4983 694 5039 haec
751 4982 828 5036 ita
865 4997 924 5036 se
957 4981 1182 5046 habent,
1229 4995 1339 5050 qua
1400 4978 1466 5034 de
1504 4994 1675 5035 causa
1716 4996 1811 5036 vos
1836 4981 1928 5051 qui

353 5077 656 5131 discrimen
684 5075 897 5141 sciatis,
929 5081 1374 5143 naturarumque
1408 5072 1770 5143 proprietates
1801 5087 1931 5127 cono

354 5165 639 5231 ﬁteamini,
693 5171 864 5219 unam’
912 5173 968 5221 et
997 5179 1104 5219 non
1143 5163 1283 5219 duas
1332 5163 1682 5232 pradicetis?
1706 5178 1804 5216 cur
1835 5178 1935 5217 nec

353 5255 518 5311 rebus
557 5269 682 5327 quae
721 5253 873 5308 nullo
900 5261 1063 5324 pacto
1096 5250 1538 5315 confunduntur,
1573 5267 1634 5306 ea
1665 5250 1928 5306 concedi-

2041 4531 2183 4584 κατὰ
2209 4528 2369 4598 φύσιν
2388 4527 2641 4592 ἕκαστον,
2664 4529 2801 4602 ὅπερ
2821 4524 2890 4599 ἦν
2928 4529 3090 4583 τοῦτό
3110 4532 3244 4594 ἐστι,
3268 4531 3366 4585 καὶ
3388 4531 3486 4586 δύο
3515 4531 3621 4599 φύ-

2043 4635 2178 4682 σεις,
2201 4618 2262 4673 ού
2299 4618 2418 4689 μία,
2460 4620 2573 4681 τοῖς
2603 4619 2768 4672 εἰδόσι
2799 4619 3005 4690 κρίνειν
3037 4619 3108 4674 τὰ
3140 4622 3320 4675 τοιάδε
3362 4621 3613 4690 107K»-

2037 4726 2149 4763 ται.
2179 4708 2275 4774 Τίς
2311 4710 2420 4781 γὰρ
2447 4711 2547 4764 οὐκ
2565 4705 2725 4776 οίδσν,
2755 4711 2831 4773 ὡς
2847 4713 2904 4765 ἐν
2938 4711 3017 4782 τῷ
3046 4712 3106 4778 ἐξ
3132 4715 3272 4767 οἴνου
3303 4714 3396 4767 καὶ
3425 4713 3614 4776 ὕδατος

2038 4799 2281 4870 κράματι
2307 4801 2401 4855 δύο
2424 4802 2613 4870 φύσεις
2643 4803 2779 4857 είσίν
2802 4821 2817 4869 ;
2842 4803 2905 4856 El
2933 4803 3028 4857 οὖν
3061 4803 3239 4858 ταῦτα
3268 4803 3446 4868 οὕτως
3477 4805 3607 4878 ἔχει,

2039 4892 2155 4957 πῶς
2181 4893 2338 4964 ὑμεῖς
2367 4895 2461 4947 καὶ
2498 4894 2597 4966 τὴν
2621 4894 2882 4966 διαφορὰν
2900 4895 3124 4960 ειδότες,
3148 4895 3243 4949 καὶ
3271 4895 3374 4960 τὰς
3419 4896 3614 4965 ἰδιότη-

2037 5002 2134 5048 τας
2159 4984 2548 5055 ὁμολογοῦντες
2577 4986 2682 5039 τῶν
2715 4982 2950 5054 φύσεων,
2984 4986 3115 5055 μίαν
3166 4984 3374 5053 ’ἀιύτην
3421 4987 3519 5040 καὶ
3547 4986 3606 5038 οὗ

2035 5075 2128 5128 δύο
2188 5076 2525 5147 κηρύττετες
2575 5077 2670 5130 καὶ
2703 5076 2823 5130 οὐδὲ
2864 5076 2933 5130 τὰ
2969 5075 3073 5148 τῆς
3131 5075 3452 5146 συγχύσεως
3498 5079 3607 5138 τοῖς

2035 5165 2622 5234 ἁσυγχύτοιςδιὸόατς
2653 5166 2811 5221 Ἀλλὰ
2829 5166 3014 5236 δῆλον,
3035 5167 3111 5230 ὡς
3129 5167 3337 5239 τροπὴν
3355 5167 3450 5219 καὶ
3467 5168 3606 5235 ἀφα-

2030 5255 2242 5326 νισμὸν,
2283 5258 2376 5310 καὶ
2402 5257 2755 5311 συνουσίωσιν
2775 5258 2993 5313 ὠδίνετε
3020 5257 3138 5327 μὲν,
3183 5259 3264 5320 ιις
3295 5257 3602 5327 τούμφανὲς

341 5346 446 5410 tis,
503 5362 626 5418 quae
686 5345 937 5402 confusis
993 5342 1515 5400 conveniunt?sed
1568 5340 1923 5399 manifestum

2046 5345 2084 5398 ῖὲ
2113 5345 2375 5417 προάγειν
2397 5349 2632 5418 ἐντραπῇ
2667 5347 2769 5417 τῆς
2794 5345 3048 5410 ασεόιίας
3075 5345 3137 5399 ού
3173 5343 3461 5415 βούλισθε.

352 5442 436 5487 est
463 5449 584 5500 vos,
615 5433 1066 5500 demutationem,
1117 5431 1676 5503 exstinctionemque,
1717 5439 1773 5488 et
1795 5429 2425 5491 eonsubstantiationem
2457 5437 2776 5506 parturire;
2839 5435 2899 5492 in
2947 5441 3202 5506 apertum
3281 5447 3417 5490 vero
3477 5445 3603 5504 pro-

343 5527 496 5581 ;i'crre
535 5545 643 5584 non
679 5527 868 5595 vultis,
895 5529 1197 5598 impietatis
1231 5535 1416 5585 notam
1450 5527 1630 5585 veriti.

409 5612 511 5666 .45.
541 5614 672 5680 Quae
699 5615 986 5681 uniuntur,
1013 5615 1256 5672 unitione
1282 5616 1635 5699 “uirtutium,
1663 5632 1768 5672 non
1785 5625 1919 5687 post

2092 5621 2200 5686 με’.
2243 5613 2635 5701 Τᾲιὲνούμενα,
2669 5616 2734 5688 τῆ
2766 5611 2954 5670 ἐνώσιι
2987 5613 3195 5684 γίνεται
3236 5612 3315 5679 ἒν,
3361 5610 3422 5664 οὐ
3453 5606 3592 5680 μετὰ
