3962 6202
343 400 363 462 1
380 399 480 470 ιδτ

336 518 434 588 τὴν
466 519 659 572 ἕνωσιν
688 534 701 549 ο
737 516 829 570 καὶ
865 516 989 570 ὅσον
1017 508 1114 587 μὲν
1141 515 1199 569 ἐν
1219 517 1282 587 τῇ
1314 523 1342 553 ³
1382 554 1395 569 .
1420 554 1432 570 .
1462 557 1472 569 .

335 608 602 673 σώζεται,
626 607 685 660 ἓν
723 607 849 672 είσι,
895 608 1028 661 καθὸ
1054 609 1287 678 ἥνωνται
1308 622 1322 637 ο
1352 606 1468 670 πῶς
1501 606 1594 660 οὖν
1623 608 1799 676 ὑμεῖς,
1846 609 1903 659 ὲν

338 698 436 769 μὲν
466 702 531 770 τῇ
566 698 755 752 ὲνώσει
809 699 901 753 δύο
947 699 1101 768 φατὲ,
1142 700 1279 769 μετὰ
1330 699 1386 753 δέ
1423 716 1487 767 γε
1528 699 1627 769 τὴν
1684 699 1899 760 ἕνωσιν,

338 791 470 860 μίαν
498 790 824 860 γεγενῆσθαι
850 789 1011 858 φύσιν
1032 788 1448 853 αὐθαδιάζεσθε,
1483 788 1577 841 τοῦ
1626 789 1900 858 μακαρίου

335 880 601 950 Κυρίλλου
641 881 722 946 τὸ,
764 882 913 950 μετὰ
953 879 1068 948 τὴν
1109 880 1346 943 ἕνωσιν,
1394 880 1513 933 ἀντὶ
1548 878 1665 944 τοῦ,
1705 880 1776 932 ἐν
1829 877 1903 946 τῇ

333 974 565 1040 tia-dicet,
624 973 942 1041 είληφότος;
989 973 1123 1025 Πότε
1172 972 1279 1045 γὰρ
1313 974 1347 1044 ἠ
1391 973 1584 1035 ἓνωσις
1637 972 1901 1041 γενομένη

334 1065 611 1119 πέπαυται
641 1083 655 1131 ;
683 1064 715 1134 ἢ
756 1064 810 1117 τί
837 1064 898 1117 τὸ
934 1063 1137 1135 ταύτην
1168 1061 1403 1129 παῦσαν,
1432 1064 1507 1127 ὡς
1528 1064 1592 1117 ἂν
1623 1062 1811 1134 ἕτερον
1844 1063 1903 1115 τὸ

332 1156 536 1225 ταύτης
560 1156 902 1225 ἀποτέλεσμα
928 1158 1044 1227 μετ’
1064 1156 1254 1227 αὐτὴν,
1281 1156 1374 1210 καὶ
1393 1157 1492 1210 οὐκ
1515 1159 1572 1209 ὲν
1593 1157 1728 1228 αὐτῇ
1752 1158 1901 1229 παρὰ

330 1247 399 1301 τὰ
431 1248 490 1313 ἐξ
515 1240 589 1300 ὧν
619 1249 765 1300 ἐστιν
795 1247 1167 1317 ύποπτεύηται
1194 1264 1209 1313 ;
1246 1248 1320 1301 Οὐ
1366 1247 1474 1318 γάρ
1513 1247 1660 1301 ἔστιν
1696 1249 1728 1319 ἡ
1767 1248 1902 1301 ἐνω-

334 1355 438 1404 σις,
470 1338 546 1404 ὡς
577 1340 610 1410 ἡ
641 1337 748 1391 τῶν
780 1338 1105 1409 γενομένων,
1129 1338 1223 1391 καὶ
1253 1338 1450 1409 μηκέτι
1491 1338 1659 1392 ὄντων
1694 1340 1854 1406 φύσις
1883 1354 1898 1369 ⁸

331 1427 444 1484 οἷον
469 1432 498 1485 ὁ
531 1431 740 1503 χρόνος,
767 1430 861 1483 καὶ
887 1431 919 1502 ἡ
949 1430 1196 1501 ὄρχησις,
1222 1432 1315 1483 καὶ
1341 1429 1408 1484 τὰ
1439 1429 1679 1484 τοιαῦτα.

405 1694 522 1766 μς’.
563 1694 628 1751 El
665 1696 852 1768 ἔτερόν
879 1715 934 1750 τι
971 1697 1108 1768 μετὰ
1134 1698 1231 1769 τὴν
1272 1698 1468 1753 ἕνωσιν
1510 1698 1698 1768 γέγονε
1750 1699 1901 1769 παρὰ

330 1788 429 1861 τὴν
463 1788 676 1856 ῑνωσιν,
708 1787 967 1860 σύγχυσις
992 1789 1211 1861 δηλαδὴ,
1243 1791 1337 1844 καὶ
1367 1792 1465 1861 οὐχ
1490 1790 1701 1855 Ξνωσις.

405 1966 511 2040 με’.
552 1969 616 2022 El
643 1970 675 2040 ἡ
707 1968 972 2040 σύγχυσις
1013 1973 1110 2035 τὰς
1138 1971 1233 2025 δύο
1261 1971 1455 2041 φύσεις
1485 1972 1616 2041 μίαν
1646 1973 1808 2036 ποιεῖ,
1842 1973 1903 2024 τὸ

329 2062 375 2115 δ’
409 2063 538 2116 αὐτὸ
571 2065 715 2116 ποιεῖ
741 2065 870 2135 παρ’
905 2064 1034 2134 ὑμῖν
1056 2066 1150 2118 καὶ
1176 2066 1239 2118 τὸ
1262 2066 1591 2137 άσύγχυτον,
1618 2066 1702 2130 τίς
1734 2067 1765 2135 ἡ
1788 2066 1904 2119 δια-

332 2154 473 2227 φορὰ
506 2155 635 2224 παρ’
666 2156 796 2226 ὑμῖν
840 2156 931 2210 τοῦ
968 2156 1275 2227 ἀσυγχύτου
1306 2157 1399 2211 καὶ
1428 2158 1528 2228 τῆς
1563 2158 1898 2229 συγχύσεως,

331 2246 521 2299 εἴπατε
533 2287 544 2301 .

405 2344 516 2407 μη’.
557 2338 620 2392 Εἰ
672 2341 792 2392 κατ’
820 2338 950 2393 ἄλλο
998 2339 1092 2392 καὶ
1143 2340 1269 2393 ἄλλο
1320 2339 1537 2408 λέγεται
1589 2341 1617 2392 ό
1666 2340 1901 2410 Χριστὸς

330 2428 525 2495 ὁρατὸς
550 2428 642 2482 καὶ
678 2430 932 2499 ἀόρατος,
960 2430 1163 2501 ’θνητὸς
1191 2431 1284 2484 καὶ
1311 2430 1578 2493 ἀθάνατος
1600 2470 1614 2492 ,
1646 2430 1901 2501 ψηλαφη-

330 2518 422 2581 τδς
453 2520 544 2572 καὶ
578 2519 875 2590 ἁνέπαφος,
906 2520 1000 2576 καὶ
1045 2523 1104 2576 ού
1156 2523 1275 2576 κατ’
1305 2523 1464 2577 ἄλλον
1496 2524 1590 2575 καὶ
1627 2522 1811 2577 ἄλλον*
1842 2522 1903 2575 τὸ

330 2610 388 2662 δὲ
415 2609 541 2665 ἄλλο
578 2611 763 2665 ούσίαν
799 2613 1068 2683 σημαίνει,
1102 2612 1155 2665 τί
1182 2615 1256 2684 μὴ
1285 2613 1379 2667 δύο
1406 2614 1594 2677 οὐσίας
1619 2612 1792 2685 (pati;

404 2865 509 2935 μθ’.
553 2865 625 2917 Τὸ
653 2865 798 2930 ἄλλο,
834 2867 1024 2927 οὐσίας
1068 2868 1185 2920 ἐστὶ
1232 2871 1587 2937 σημαντικὸν,
1626 2871 1763 2925 κατὰ
1804 2874 1904 2942 τὴν

324 2955 585 3025 λογικὴν,
642 2956 797 3020 ἄλλος
846 2956 923 3021 δὲ,
957 2959 1335 3022 ὑποστάσεως·
1389 2962 1438 3013 ει
1491 2961 1583 3014 οὖν
1630 2963 1758 3016 ἄλλο
1809 2964 1903 3019 καὶ

323 3045 455 3100 ἄλλο
483 3045 731 3113 λέγοντες
762 3048 852 3101 τὸν
887 3048 1139 3119 Χριστὸν,
1173 3050 1273 3103 οὐκ
1299 3052 1783 3124 ἀναγκασθήσεσθε
1810 3055 1905 3109 δύο

1595 403 1888 464 CONTRA
1921 403 2336 464 JACOBITAS‘.

1519 515 1613 569 καὶ
1648 519 1681 585 ἡ
1707 515 1897 578 ἓνωσις

2007 516 2351 581 unitionem;
2414 521 2469 569 et
2535 514 2789 584 quandiu'
2841 516 2909 570 in-
2949 517 3151 574 unione
3200 530 3572 588 perseverant,

3441 406 3588 471 1558'

2006 606 2243 675 unioque
2265 606 2415 660 salva
2438 614 2542 669 est,
2572 622 2740 660 unum
2765 614 2917 670 sunt,
2942 618 3214 676 quatenus
3233 610 3385 663 unita
3408 620 3572 666 sunt:

2004 697 2094 767 qui
2124 711 2254 764 ergo
2286 713 2385 753 vos
2415 698 2470 751 in
2510 698 2762 752 unitioue
2793 698 3017 768 quidem
3051 706 3276 753 naturas
3332 701 3470 756 duas
3494 702 3578 755 di-

2004 787 2145 849 citis,
2167 795 2289 856 post
2307 786 2610 841 unitionem
2630 802 2759 840 vero
2776 796 3029 840 naturam
3049 802 3212 839 unam
3231 787 3428 840 factam
3452 804 3578 844 esse

2003 878 2310 933 contumaci
2334 893 2430 932 ore
2458 880 2809 942 asseveratis,
2849 878 3071 949 quando
3103 877 3298 932 beatus
3337 878 3579 948 Cyrillus

2005 970 2163 1036 illud,
2186 979 2301 1039 post
2336 971 2646 1036 unitionem,
2680 986 2799 1040 pro,
2826 970 2881 1022 in
2907 970 3023 1037 ipsa
3060 970 3315 1034 unitione,
3344 985 3577 1039 accepe-

2004 1059 2112 1114 rit?
2143 1059 2446 1130 Ecquando
2476 1059 2621 1114 eiiim
2650 1060 2785 1113 unio
2817 1059 2961 1113 facta
2997 1060 3282 1113 cessavit?
3322 1066 3418 1112 aut
3443 1060 3576 1128 quid

2002 1161 2088 1207 est
2126 1151 2269 1220 quod
2299 1166 2423 1205 eam
2448 1150 2849 1214 diremerit,'ut
2873 1149 3131 1204 effectum
3171 1150 3294 1219 ejus
3335 1152 3571 1205 alterum

2002 1244 2071 1298 ab
2091 1243 2174 1298 eis
2189 1257 2255 1297 ex
2285 1243 2487 1313 quibus
2528 1250 2767 1308 constat,
2802 1243 2978 1298 eidem
3003 1243 3361 1306 successisse,
3388 1250 3443 1296 et
3466 1258 3574 1297 non

2002 1340 2057 1390 in
2112 1336 2228 1405 ipsa
2266 1336 2566 1406 persistere
2597 1335 2859 1404 putetur?
2892 1333 3009 1388 Non
3053 1333 3199 1389 enim
3228 1335 3366 1387 unio
3395 1342 3482 1388 est
3510 1334 3578 1391 ad

2000 1427 2175 1482 instar
2206 1436 2423 1481 naturae
2447 1442 2639 1482 eorum
2668 1442 2793 1497 quae
2826 1426 3000 1498 5.07
3040 1426 3193 1488 liunt,
3215 1440 3315 1480 nec
3340 1425 3577 1495 amplius

2000 1520 2294 1584 exsistunt,
2345 1527 2403 1573 ut
2449 1526 2578 1589 puta
2631 1519 2919 1591 temporis,
2978 1517 3311 1581 saltationis,
3342 1524 3395 1571 et
3426 1516 3581 1570 sitni-

2000 1608 2155 1663 lium.

2070 1695 2159 1750 46.
2209 1695 2268 1750 Si
2322 1696 2473 1750 aliud
2506 1695 2787 1765 quidpiam
2838 1694 3043 1750 unione
3098 1704 3319 1764 peracta
3376 1703 3579 1764 praeter

2002 1787 2260 1842 unionem
2284 1787 2543 1843 effectum
2574 1796 2663 1845 est
2683 1828 2697 1851 .
2731 1787 2990 1844 confusio
3021 1795 3191 1849 certe.
3216 1795 3271 1842 et
3303 1802 3412 1841 non
3444 1786 3577 1840 unio

1932 1864 1978 1919 Β
2007 1878 2196 1934 fuerit.

2082 1969 2170 2022 47.
2217 1969 2275 2023 Si
2308 1968 2568 2025 confusio
2612 1968 2753 2023 duas
2798 1978 3033 2025 naturas
3062 1985 3229 2025 unam
3283 1969 3440 2035 facit;
3473 1968 3577 2023 hoc

2002 2074 2132 2114 vero
2164 2060 2345 2130 ipsum
2376 2061 2432 2115 in
2465 2070 2647 2116 vestra
2681 2060 2945 2129 Opinione
2997 2070 3219 2132 prastat
3250 2062 3418 2116 etiam
3470 2061 3576 2113 im-

2003 2153 2245 2207 munitas
2273 2167 2303 2205 a
2335 2152 2697 2219 confusione;
2737 2153 2944 2208 dicatis
2981 2154 3143 2208 velim
3164 2192 3178 2215 ,
3211 2151 3341 2223 quid
3375 2151 3577 2208 discri-

2002 2242 2171 2295 minis
2204 2243 2275 2298 sit
2314 2243 2464 2297 inter
2491 2257 2597 2296 non
2626 2243 2918 2297 confusum
2946 2252 3001 2297 et
3028 2242 3344 2298 confusum.

2072 2333 2163 2386 48.
2207 2330 2265 2386 Si
2313 2332 2622 2387 secundum
2657 2332 2810 2385 aliud
2864 2342 2917 2387 et
2980 2332 3129 2386 aliud
3177 2332 3435 2385 Christus
3489 2331 3576 2383 (Ιὶ-

1958 2424 1963 2427 ⁷
2008 2423 2157 2475 citur
2189 2422 2426 2477 visibilis
2472 2431 2526 2476 et
2578 2420 2894 2485 invisibilis,
2950 2421 3204 2475 mortalis
3260 2427 3315 2473 et
3349 2418 3575 2474 immor-

2003 2513 2135 2567 talis
2159 2554 2173 2578 ,
2208 2512 2529 2566 tractabilis
2556 2519 2613 2565 et
2652 2525 2760 2566 non
2795 2511 3139 2573 tractabilis;
3175 2524 3286 2563 non
3318 2509 3446 2563 item
3491 2522 3579 2561 se-

2001 2605 2240 2659 cundum
2294 2604 2462 2657 alium
2533 2612 2587 2657 et
2639 2604 2857 2656 alium:
2893 2616 3019 2657 cum
3078 2600 3227 2654 aliud
3275 2599 3577 2653 essentiam

2004 2694 2451 2748 subatantiamve
2479 2693 2774 2763 signiﬁcet,
2807 2707 2972 2748 eccur
3008 2705 3117 2746 non
3150 2691 3291 2745 duas
3315 2690 3577 2744 substan-

2003 2785 2109 2838 tias
2146 2785 2559 2853 pronuntiatis?
3098 2804 3099 2807 η

2071 2872 2161 2925 49.
2201 2874 2364 2927 Aliud
2414 2874 2785 2928 substantiam
2844 2873 3097 2940 designat
3150 2873 3455 2927 secundum
3496 2875 3576 2928 lo-

2005 2964 2139 3035 gica:
2211 2965 2402 3034 leges,
2465 2966 2607 3018 alius
2677 2979 2808 3019 vero
2862 2964 3206 3034 liypostasim
3258 2983 3275 3018 τ
3314 2964 3386 3019 .si
3445 2980 3576 3033 ergo

2004 3056 2288 3110 Christum
2325 3056 2475 3109 aliud
2510 3063 2562 3110 et
2594 3056 2745 3110 aliud
2776 3071 2899 3111 esse
2949 3056 3398 3125 pronuntiando,
3438 3058 3577 3109 duas

326 3136 538 3200 φύσεις.
584 3136 787 3191 Εἴπατε
806 3144 833 3172 ο
866 3138 960 3190 καὶ
1004 3138 1163 3193 ἄλλον
1190 3139 1283 3193 καὶ
1309 3139 1467 3195 ἄλλον
1487 3159 1502 3174 ο
1531 3144 1589 3195 οὐ
1612 3154 1640 3193 P
1668 3143 1775 3215 γὰρ
1806 3161 1897 3216 ση-

2007 3146 2189 3202 dicere
2242 3156 2476 3203 naturas
2532 3162 2643 3202 non
2707 3147 3017 3217 coge-mini,
3072 3147 3237 3202 dicite
3303 3156 3361 3202 et
3405 3148 3573 3201 alium

330 3229 550 3295 μανεϊτε
578 3227 672 3282 δύο
702 3229 1049 3295 ὑποστάσεις.

395 3410 459 3458 ν’.
500 3405 562 3458 El
590 3406 648 3459 δέ
681 3424 837 3476 φατε,
868 3410 944 3472 ὡς
972 3411 1006 3479 ἠ
1033 3409 1171 3463 δύοιι
1207 3412 1474 3483 διαίρεσιν
1499 3415 1759 3488 εἰσφέρει,
1796 3419 1901 3487 μά-

326 3494 446 3548 θετε
474 3496 651 3560 καλῶς
679 3498 1075 3570 διδασκόμενοι,
1104 3502 1181 3566 ὡς
1209 3502 1300 3556 τὸν
1325 3503 1578 3574 ἀριθμὸν,
1610 3507 1669 3560 οὐ
1695 3508 1899 3580 διαίρε-

326 3600 410 3635 σιν
438 3587 465 3637 ὁ
500 3586 785 3656 φιλόσοφος
826 3588 983 3657 λόγος
1024 3590 1303 3660 ὁρίζεται,
1348 3592 1483 3646 ἀλλὰ
1529 3597 1757 3664 σωρείαν
1804 3615 1897 3667 μοι

324 3675 519 3739 νᾶδων,
552 3675 584 3747 ἢ
616 3679 771 3747 χύσιν
819 3680 1253 3749 μονάδων.Ὥστε
1283 3684 1482 3753 μᾶλλον
1510 3685 1700 3738 ἕνωσιν
1727 3687 1894 3757 δηλοῖ,

325 3764 357 3831 ἢ
393 3764 684 3834 διαίρεσιν”
715 3769 747 3838 ή
784 3767 882 3837 μὲν
914 3768 1018 3838 γάρ
1046 3768 1309 3836 διαίρεσις
1339 3771 1438 3841 τῆς
1470 3772 1695 3842 μονάδος
1724 3776 1896 3844 ἥμισυ

314 3853 421 3943 (αἱ
453 3856 659 3925 ἥμισυο
708 3862 736 3929 ἡ
777 3858 833 3911 δὲ
879 3860 1009 3922 δυὰς
1055 3861 1347 3928 πρόσθεσις
1401 3864 1647 3932 μονάδος.
1683 3866 1898 3919 Μᾶλλον

320 3944 434 4017 γὰρ
462 3947 523 4000 τὸ
548 3948 614 4002 τά
643 3948 735 4001 δύο
767 3947 825 4003 ἓν
860 3951 953 4003 καὶ
990 3950 1048 4002 ἒν
1082 3953 1279 4016 εἰπεῖν,
1311 3953 1428 4005 ἐστὶ
1458 3952 1774 4023 διαιρέσεως
1797 3973 1811 3989 ⁸
1839 3958 1899 4010 τὸ

320 4038 377 4091 δὲ
429 4037 487 4092 ἓν
531 4039 626 4093 καὶ
658 4039 715 4092 ἒν
746 4040 835 4107 ὑφ’
864 4041 920 4094 ἐν
952 4041 1254 4107 συλλαϐεῖν,
1288 4044 1383 4097 καὶ
1430 4044 1524 4098 δύο
1550 4047 1746 4111 είπεῖν,
1778 4064 1898 4100 συν-

319 4125 516 4193 αφείας
536 4144 601 4181 τε
636 4128 731 4181 καὶ
760 4127 1025 4193 ὲνὼσεως.
1048 4130 1113 4184 El
1136 4133 1355 4201 συνάγει
1386 4133 1567 4187 τοίνυν
1591 4136 1619 4187 ὁ
1642 4136 1893 4207 ἀριθμὸς,

318 4218 436 4270 ἀλλ’
460 4218 580 4288 οὐχὶ
610 4218 824 4289 διαιρεῖ.
844 4219 993 4272 Ἐπεὶ
1021 4222 1053 4289 ἠ
1081 4221 1223 4291 τομὴ
1258 4222 1360 4291 τῆς
1407 4223 1630 4293 μονάδος
1682 4227 1830 4281 ἐστὶν
1863 4231 1896 4299 ή

316 4309 448 4372 δυάς
469 4322 483 4338 '
518 4309 578 4361 τὸ
614 4308 671 4363 δὲ
696 4310 1025 4381 τεμνόμενον
1052 4310 1171 4381 διχῆ
1205 4312 1481 4382 τέμνεται,
1512 4316 1674 4388 τομὴ,
1708 4320 1802 4371 καὶ
1834 4322 1895 4374 οὐ

317 4398 615 4469 πρόσθεσίς
661 4400 806 4454 ἐστιν
835 4401 863 4452 ὁ
891 4400 1121 4471 ἀριθμός
1141 4418 1154 4431 ·
1204 4404 1298 4456 καὶ
1348 4407 1396 4459 εἰ
1416 4405 1617 4472 .τοῦτο,
1643 4408 1832 4481 ὥσπερ
1860 4414 1893 4481 ἡ

2004 3248 2058 3292 et
2118 3238 2311 3291 alium.
2378 3238 2475 3292 Sic
2541 3238 2689 3293 enim
2743 3237 3131 3309 signiﬁcabitis
3189 3238 3329 3294 duas
3405 3239 3574 3309 hypo-

2002 3336 2202 3384 stases;

2072 3419 2160 3473 50.
2203 3418 2358 3485 Quod
2379 3420 2423 3475 si
2455 3434 2588 3475 vero
2622 3419 2934 3489 objiciatis,
2966 3434 3262 3474 numerum
3297 3420 3607 3474 binarium~

2000 3510 2330 3567 divisionem
2360 3498 2589 3574 inferre,
2626 3511 2846 3575 discite,
2877 3511 3180 3567 secundum
3224 3519 3429 3565 rectam
3456 3510 3575 3565 dis-

1998 3603 2300 3672 ciplinam,
2354 3617 2649 3655 numerum
2717 3617 2748 3655 a
2816 3602 3163 3670 philosophis
3213 3601 3466 3665 deﬁniri,
3517 3609 3602 3654 ut.

2001 3695 2118 3753 sit,
2156 3707 2265 3746 non
2319 3693 2557 3755 divisio,
2596 3691 2691 3744 sed
2725 3705 2960 3758 acervus
2995 3693 3304 3757 imitatum,
3351 3708 3446 3746 seu
3496 3692 3577 3745 ef-

2001 3781 2149 3837 fusio
2203 3782 2501 3836 unitatum.
2584 3778 2737 3833 Unde
2792 3781 3052 3834 unidnem
3104 3781 3348 3835 declarat
3402 3780 3591 3850 magis

2001 3888 2168 3943 quam
2230 3873 2579 3927 divisionem.
2612 3870 2815 3925 Divisio
2857 3871 3128 3941 siquidem
3186 3872 3447 3933 unitatis,
3491 3881 3576 3926 cst

1997 3959 2281 4015 dimidium
2330 3967 2386 4014 et
2415 3958 2704 4012 dimidium
2745 3971 2760 4011 :
2796 3958 3033 4013 duorum
3085 3974 3216 4014 vero
3263 3974 3526 4013 numerus
3554 3998 3569 4021 ,

1999 4050 2227 4105 unitatis
2259 4049 2529 4119 appositio
2570 4056 2676 4103 est.
2711 4047 2831 4102 lmo
2858 4047 3040 4103 dicere
3061 4089 3075 4111 ,
3108 4049 3219 4103 duo
3251 4063 3376 4103 esse
3402 4063 3570 4101 unum

1996 4150 2052 4195 et
2079 4155 2283 4201 unum.
2321 4139 2425 4193 hoc
2450 4139 2691 4207 pertinet
2734 4137 2802 4191 ad
2845 4137 3174 4194 divisionem
3221 4156 3234 4192 :
3271 4154 3443 4193 unum
3473 4153 3573 4191 au-

1997 4237 2106 4285 tem
2140 4236 2195 4285 et
2225 4243 2392 4282 unum
2425 4228 2530 4283 sub
2562 4242 2672 4281 uno
2706 4241 2938 4282 numero
2979 4226 3468 4297 comprehendere,
3518 4235 3574 4279 et

1996 4321 2106 4376 duo
2143 4319 2332 4374 dicere
2360 4360 2374 4384 ,
2413 4318 2826 4384 coniunctionis
2856 4327 2941 4373 est
2971 4326 3029 4374 et
3058 4318 3354 4372 unitionis.
3384 4316 3439 4371 Si
3474 4317 3579 4369 ita—

1996 4429 2105 4484 que
2151 4427 2417 4468 numerus
2453 4412 2666 4482 colligit
2696 4429 2709 4465 :
2747 4419 2801 4464 at
2835 4419 2986 4466 certe
3033 4425 3144 4464 non
3188 4410 3405 4463 dividit.
3435 4410 3572 4473 Quia
3595 4436 3603 4450 »-

321 4489 490 4558 μονὰς
521 4491 824 4560 τεμνομένη
848 4492 949 4561 τὴν
976 4492 1146 4547 δυάδα
1172 4497 1333 4562 ποιεῖ,
1365 4496 1456 4549 τὸν
1480 4499 1643 4552 αὐτὸν
1671 4502 1889 4573 τρόπον,

2007 4522 2129 4562 vero
2155 4508 2326 4562 sectio
2346 4505 2579 4559 unitatis
2604 4504 2854 4559 binarius
2874 4510 2958 4558 est
2982 4520 2996 4555 :
3025 4500 3175 4572 quod
3205 4506 3389 4553 autem
3419 4513 3597 4552 seca--

315 4582 425 4635 ἒδει
448 4581 543 4634 καὶ
571 4581 663 4635 τὸν
693 4582 785 4635 δύο
821 4582 1155 4652 τεμνόμενον
1187 4585 1286 4655 τὴν
1304 4586 1539 4656 τετράδα
1569 4593 1759 4645 ποιεῖν.
1781 4593 1892 4646 Καὶ

318 4673 483 4726 πόθεν
510 4670 672 4744 ἦλθεν
708 4675 738 4727 ὁ
771 4674 932 4743 τρία;
972 4674 1118 4728 Ἔδει
1146 4676 1255 4747 γὰρ
1293 4678 1486 4746 μόνους
1517 4682 1644 4745 τοὺς
1672 4683 1892 4754 ἀρτίους

315 4761 687 4832 ἀριθμεῖσθαι,
715 4762 1203 4834 ὑπεξαιρουμένων
1222 4765 1331 4819 τῶν
1360 4769 1730 4838 περιττῶν.Ἢ
1756 4774 1892 4842 μᾶλ-

313 4851 408 4905 λον
437 4854 610 4907 είπεῖν
637 4852 859 4924 ἀληθὲς,
887 4854 963 4913 ὡς
991 4854 1224 4925 ἀριθμὸς
1250 4856 1426 4921 διττὸς
1455 4859 1674 4928 λέγεται
1694 4879 1709 4893 ο
1739 4864 1768 4917 ὁ
1794 4864 1892 4933 μὲν

314 4944 427 5015 γάρ
453 4946 569 4997 ἐστι
595 4945 720 4999 καθ’
745 4946 929 5010 αὑτὸν,
958 4945 1033 5010 ὡς
1062 4946 1199 5019 αὐτὴ
1238 4950 1273 5018 ἡ
1322 4949 1484 5019 φύσις
1509 4952 1601 5025 τοῦ
1632 4954 1889 5025 ἀριθμοῦ,

313 5040 343 5090 ὁ
385 5038 443 5091 δὲ
474 5042 539 5093 ὲν
570 5039 750 5111 σχέσει
795 5039 889 5095 καὶ
937 5041 1222 5112 πράγματι
1262 5022 1891 5119 θεωρούμενοςξῶσπερ

312 5125 526 5194 λευκὸν,
561 5129 596 5199 ἥ
633 5146 694 5182 τε
721 5128 984 5200 λευκότης
1016 5131 1112 5183 καὶ
1158 5129 1220 5183 τὺ
1265 5130 1713 5203 λελευκασμένον.
1741 5135 1890 5207 Αὕτη

311 5216 493 5269 τοίνυν
528 5218 750 5288 ήφύσις
780 5218 875 5272 τοῦ
913 5218 1150 5291 ἀριθμοῦ
1182 5218 1305 5274 οὔτε
1347 5220 1565 5291 διαιρεῖ,
1593 5221 1715 5276 οὔτε
1765 5241 1889 5278 συν-

2001 4606 2110 4662 tur,
2145 4596 2199 4650 in
2235 4595 2345 4649 duo
2373 4602 2620 4659 secatur;
2654 4594 2851 4658 sectio,
2879 4602 2935 4648 et
2961 4607 3073 4647 non
3103 4589 3341 4659 adiectio
3381 4602 3573 4641 nume-

2000 4702 2097 4742 rus
2150 4685 2275 4740 erit.
2311 4683 2470 4749 Quod
2527 4684 2573 4739 si
2614 4685 2690 4737 ita
2724 4691 2843 4749 est,
2876 4681 3338 4753 quemadmodum
3389 4678 3599 4732 unitas-

1999 4778 2238 4848 partita,
2287 4790 2583 4830 numerum
2641 4774 2877 4829 duorum
2946 4773 3114 4837 facit,
3164 4772 3355 4826 eodem
3394 4770 3598 4824 medea

1998 4867 2317 4938 oportebat,
2347 4875 2406 4919 ut
2433 4865 2598 4919 etiam
2642 4878 2909 4918 numerus
2940 4863 3175 4917 duorum
3218 4870 3403 4918 sectus
3419 4876 3594 4925 ,~uu-.

1999 4970 2212 5011 merum
2256 4962 2501 5023 quatuor
2542 4950 2801 5008 ediceret.
2852 4951 3142 5007 Undenam
3195 4963 3327 5019 ergo
3357 4956 3571 5003 'terna-

1998 5047 2119 5102 rius
2148 5045 2295 5101 venit
2318 5044 2349 5097 ?-
2388 5043 2681 5112 Oporteret
2728 5041 2876 5097 enim
2923 5055 3183 5096 numeros
3236 5054 3395 5109 pares
3426 5039 3583 5092 dune

1998 5144 2157 5192 taxat
2202 5134 2483 5189 numerari
2506 5173 2521 5195 ,
2554 5131 2843 5187 subductis
2894 5129 3215 5200 imparibus.
3252 5127 3349 5183 Vel
3373 5169 3387 5193 ,
3424 5128 3598 5197 quod.

1996 5228 2158 5297 plane
2183 5225 2371 5280 verius
2408 5231 2528 5287 est,
2558 5221 3020 5292 quemadmodum
3064 5234 3330 5275 numerus
3369 5219 3567 5288 duplex
3600 5264 3613 5271 ς

1586 5361 1820 5418 VARIE
1863 5350 2287 5423 LECTIONES.-

391 5516 417 5545 ιι
448 5506 610 5563 Deest
640 5509 709 5563 ali

316 5587 460 5632 mat
484 5579 710 5633 unitum.
729 5576 906 5634 Unde’
925 5578 1046 5647 lego
1068 5577 1161 5631 καὶ
1192 5577 1315 5630 ὅσον
1346 5576 1597 5646 μένουσιν
1628 5578 1689 5647 ἐν
1711 5579 1777 5647 τῇ
1815 5577 2023 5647 ὲνῴσει.
2048 5578 2213 5633 Turr.
2253 5579 2342 5632 sed
2388 5576 2441 5631 in
2466 5577 2678 5647 unione.

791 5509 849 5579 id
876 5508 1020 5579 quod
1068 5506 1150 5579 sic
1180 5506 1449 5579 drabicus
1490 5505 1759 5579 interpres
1816 5507 2087 5579 reddidit.
2118 5520 2168 5563 et
2211 5524 2362 5563 omne
2388 5506 2601 5579 quodin
2624 5504 2862 5579 unitt'on!
2887 5511 3200 5579 perseuerat,
3261 5514 3357 5555 seu
3388 5516 3581 5579 ρςηειι

2756 5582 2781 5609 ο
2814 5570 2995 5635 Deest,
3027 5573 3223 5630 εἰπεῖν.
3257 5580 3351 5624 aut
3388 5570 3581 5636 λέγειν

310 5652 528 5702 εἴπατε.
561 5647 730 5716 Arab.
762 5639 1006 5716 interpr:
1049 5647 1193 5701 hunc
1234 5639 1413 5699 locum
1449 5647 1530 5716 sic
1560 5639 1801 5701 reddidit
1840 5666 1853 5701 :
1890 5646 2015 5701 Non
2056 5648 2315 5716 cogemini
2355 5656 2577 5701 naturas
2613 5645 2764 5716 duas
2789 5642 2967 5712 fateri,
3001 5656 3159 5716 neque
3187 5639 3372 5716 dicetis
3397 5640 3577 5716 alium»

312 5717 577 5789 cratium.
647 5715 771 5771 Non
808 5714 947 5771 enim
995 5716 1221 5789 exigitur
1262 5732 1296 5789 a_
1333 5716 1473 5789 vobis
1502 5714 1586 5789 [iis
1635 5732 1838 5789 sensus.
1889 5726 1945 5769 ut
2001 5714 2304 5789 signiﬁcetis
2356 5718 2457 5773 nisi
2497 5715 2842 5787 hypostasim.

318 5801 482 5843 verus
536 5787 607 5843 sit
634 5796 943 5846 contextus.
1054 5796 1079 5836 ιι
1111 5784 1380 5856 Legerim,
1421 5784 1573 5851 δυάς,
1608 5786 1741 5841 velo
1765 5784 1881 5841 δύο.

2941 5721 2968 5761 ι’
3002 5706 3241 5765 Emendo
3288 5706 3457 5774 οὕτω,
3508 5714 3583 5762 tt:

3650 4940 3679 4953 Ὧι
