3962 6202
321 359 344 418 i
359 355 454 420 461

1581 346 1877 413 CONTRA
1911 331 2330 413 πισοῦ-[τω.
2385 335 2388 340 “

3295 411 3302 422 .
3373 435 3382 442 ο
3421 345 3566 434 In;

317 474 415 527 καὶ
443 473 509 526 οὐ
538 473 759 544 κυρίως,
787 471 862 543 τῷ
898 473 998 541 τῆς
1029 472 1242 541 φύσεως
1271 469 1502 542 ὀνόματι
1533 464 1630 544 ei?»
1665 464 1897 524 ὑπόστα-

2007 463 2151 519 Beati
2173 460 2455 536 Siquidem
2506 463 2844 521 Athanasius
2877 477 2932 520 et
2983 467 3257 536 Cyrillus,
3300 481 3395 534 per
3432 449 3556 526 abu-

319 579 407 616 σιν
429 561 728 631 salua-4,
747 561 824 624 ὡς
849 561 1287 634 καθολικωτέρῳ.
1307 563 1755 632 Κατηγοροῦνται
1778 561 1886 631 γὰρ

318 654 392 706 τὰ
417 650 828 722 καθολικώτερα
855 652 965 706 τῶν
1000 653 1258 724 μερικῶν,
1283 651 1378 706 καὶ
1403 644 1596 706 ’ἑαυτόν
1629 651 1729 722 μὲν
1753 669 1890 706 παν-

315 746 557 799 τάπασιν
586 745 685 798 οὐκ
720 745 887 800 ἔστιν.
923 744 998 798 Οὐ
1037 745 1147 815 γὰρ
1187 747 1222 815 ή
1256 745 1577 810 ὑπόστασις,
1601 743 1792 813 φύσις·
1827 743 1888 796 ού

206 841 209 845 ’
320 835 430 904 γὰρ
453 833 741 887 καθολικδν
787 835 822 904 ἠ
867 834 1196 898 ὑπόστασιςο
1224 836 1374 905 ὅμως
1405 835 1464 889 δὲ
1493 835 1712 905 δέχεται
1737 834 1799 889 τό
1830 851 1890 887 τε

315 924 493 994 “opu
531 925 629 977 καὶ
675 923 768 977 τὸν
819 925 946 994 όρον
981 925 1079 978 τοῦ
1123 925 1432 990 καθολικοῦ,
1463 925 1576 979 ἀλλ’
1603 926 1703 978 οὑκ
1751 927 1894 979 ἅντι-

317 1016 646 1087 στρίφει.Ἦ
685 1017 786 1085 μὲν
814 1018 922 1088 γὰρ
961 1017 1278 1084 ὑπόστασις,
1309 1019 1429 1090 ἦτοι
1470 1018 1532 1071 τὸ
1563 1017 1762 1088 ἄτομον
1790 1021 1891 1089 τῆς

311 1107 559 1176 φύσεως,
577 1107 759 1174 φύσις,
790 1108 906 1161 ἀλλ’
927 1109 994 1160 ού
1025 1110 1186 1178 μόνον
1212 1110 1394 1178 φύσις,
1427 1109 1564 1163 ἀλλὰ
1587 1109 1724 1180 μετὰ
1752 1109 1891 1164 ἰδιώ-

323 1210 516 1264 ματος.
533 1195 596 1246 Ἤ
621 1195 678 1248 δὲ
697 1195 878 1262 φύσις,
899 1195 996 1266 οὐκ
1019 1193 1338 1262 ὑπόστασις,
1356 1200 1474 1270 ἢτοι
1499 1201 1698 1270 ἄτομον
1713 1217 1728 1231 ο
1753 1198 1893 1251 οὕτω

337 1275 794 1352 καταχρηστικῶς
828 1285 926 1337 καὶ
951 1286 1013 1338 ού
1042 1286 1252 1356 κυρίως
1285 1288 1369 1359 τῷ
1393 1289 1495 1358 τῆς
1531 1291 1750 1358 ’φύσεως
1778 1289 1894 1343 όνό-

327 1387 461 1441 ματι
506 1374 606 1443 τὴν
649 1375 942 1430 ὑπόστασιν
970 1379 1275 1448 ὲσήμαναν,
1305 1379 1381 1442 ὡς
1410 1373 1552 1433 εἶναι
1580 1379 1642 1433 τὸ
1668 1381 1897 1451 λεγόμεα

322 1478 438 1527 νον,
462 1463 610 1532 μίαν
637 1467 980 1520 ὑπόστασιν
1009 1468 1126 1522 ’τοῦ
1169 1469 1321 1523 Θεοῦ
1356 1471 1550 1540 Λόγου
1590 1486 1896 1541 σεσαρκω-

318 1553 534 1622 μένην.
557 1555 630 1606 Ού
656 1555 765 1626 γὰρ
787 1557 821 1627 ἡ
845 1557 1004 1625 φύσις
1032 1557 1125 1611 τοῦ
1155 1558 1290 1612 Θεοῦ
1321 1561 1496 1629 Λόγου
1531 1562 1893 1632 σεσάρκωται,
1933 1631 1937 1635 .

319 1643 442 1698 ἀλλ’
475 1646 507 1714 ἡ
539 1646 867 1711 ὑπόστασις·
901 1651 995 1703 καὶ
1035 1653 1245 1722 μάρτυς
1273 1652 1302 1704 ό
1334 1651 1475 1716 Θεϊος
1504 1654 1898 1725 εύαγγελιστὴς

323 1727 432 1820 ὧδέ
471 1753 547 1805 πη
579 1735 718 1805 βοῶν
743 1739 1062 1810 διαπρύσιον
1081 1757 1093 1772 ’
1136 1761 1156 1794 ι
1177 1745 1236 1796 ὐ
1267 1742 1437 1811 Λόγος
1464 1743 1600 1815 σὰρξ
1625 1744 1892 1812 ἐγένετο.»

340 1819 401 1877 Ὅ
431 1823 488 1876 δὲ
511 1819 684 1893 Λόγος
710 1828 773 1880 οὐ
802 1829 964 1896 φύσις
999 1831 1169 1894 ἐστὶν,
1195 1832 1270 1894 ὡς
1290 1833 1548 1902 ἀνωτέρω
1576 1832 1891 1902 δεδήλωται,

324 1914 446 1967 ἀλλ’
479 1916 923 1981 ’ὑπόπασιςοκαὶ
969 1920 1132 1984 αὐτὸς
1173 1921 1231 1974 δὲ
1276 1924 1304 1976 ό
1347 1922 1604 1994 θεοφόρος
1629 1924 1895 1995 Κύριλλος

325 2005 556 2075 ἑτέρωθί
605 2007 734 2060 τάδε
786 2010 984 2079 φησίν·
1016 2031 1038 2063 ς
1067 2013 1232 2074 Φύσις
1279 2013 1372 2067 τοῦ
1418 2015 1616 2084 Λόγου,
1644 2017 1814 2086 ήγουν
1861 2020 1894 2088 ἡ

331 2093 648 2159 ὑπόστασις,
676 2098 706 2149 ὅ
735 2099 886 2152 ἔστιν
905 2101 1068 2164 αὐτὸς
1093 2102 1122 2154 ὁ
1154 2103 1342 2170 Λόγος.
1375 2121 1392 2154 ι
1429 2102 1490 2158 Ei
1521 2105 1628 2176 γὰρ
1669 2109 1703 2176 ἡ
1738 2107 1899 2175 φύσις

331 2183 427 2237 αοῦ
458 2185 652 2254 Λάγου,
679 2188 798 2258 ἦτοι
828 2192 859 2260 ἡ
891 2190 1107 2260 θεότης,
1153 2193 1496 2264 σεσάρκωται
1518 2212 1532 2227 ο
1567 2195 1759 2266 ἑτέραν
1791 2196 1899 2267 γὰρ

314 2277 495 2344 ’φύσιν
523 2280 554 2331 ό
579 2279 750 2350 Λόγος
781 2282 879 2334 οὐκ
901 2278 1013 2352 εἶχε
1035 2283 1186 2356 παρὰ
1207 2284 1305 2356 τὴν
1331 2287 1578 2357 Θεότητα,
1603 2288 1704 2358 τῆς
1732 2287 1901 2358 αὐτῆς

333 2366 393 2420 δὲ
425 2366 640 2434 φύσεως
669 2371 699 2423 ό
725 2371 896 2439 Λόγος
929 2374 1006 2444 τῷ
1035 2377 1209 2444 Πατρὶ
1245 2377 1341 2429 καὶ
1371 2376 1452 2446 τῷ
1476 2377 1776 2447 Πνεύματι,
1809 2379 1903 2432 καὶ

336 2457 518 2511 πάντα
543 2461 698 2514 κανά
723 2459 815 2516 τοῦ
849 2465 1084 2533 Πατρός,
1109 2467 1204 2520 καὶ
1234 2467 1326 2520 τοῦ
1345 2467 1498 2533 Υῐοῧ,
1513 2469 1613 2521 «καλ¹
1629 2468 1724 2522 τοῦ
1745 2470 1901 2538 ἁγίου

340 2543 678 2620 Πνιύματος,
708 2552 847 2625 πλὴν
892 2555 996 2609 τοῦ
1036 2558 1238 2629 τρόπου
1276 2561 1375 2628 τῆς
1407 2559 1723 2632 ὑπάρξεωςο
1755 2561 1851 2616 καὶ
1875 2563 1905 2616 ό

339 2632 528 2712 Πατὴρ
559 2643 653 2696 καὶ
671 2644 732 2696 ’ὡ
744 2645 980 2721 ,Πνεῦμα
996 2649 1600 2720 σεσάρκιιηαι.Ἒνωσιν
1617 2653 1906 2724 τοιγαροῦν

341 2728 558 2795 φύσεως
607 2732 728 2784 καθ’
760 2734 1077 2801 ὑπόστασιν,
1106 2739 1200 2790 καὶ
1243 2739 1338 2791 τοῦ
1382 2740 1556 2808 Λόγου
1607 2743 1904 2813 σάρκωσιν,

338 2819 437 2872 καὶ
465 2820 573 2888 τῆς
603 2821 806 2889 σαρκὸς
835 2822 1030 2877 θέωσιν
1061 2827 1450 2897 ὁμολογοῦμεν.
1479 2830 1759 2899 Σάρκωσις
1801 2831 1909 2901 γάρ

337 2909 460 2962 ἐστι
487 2909 550 2962 τὸ
583 2914 871 2981 μετασχεῖν
904 2916 1105 2985 σαρκός
1127 2933 1142 2946 ·
1178 2920 1475 2988 σαρκοῦται
1499 2921 1677 2975 τοίνυν
1706 2923 1740 2993 ὴ
1769 2923 1912 2977 ἐνού-

337 3016 458 3062 σιος
486 3001 581 3054 τοῦ
607 3002 743 3056 Θεοῦ
767 3004 942 3073 Λόγου
971 3007 1286 3073 ὑπόστασις,
1321 3012 1439 3080 ἦτοι
1484 3011 1514 3064 ό
1557 3013 1688 3079 Θεὸς
1720 3016 1908 3084 Λόγος,

1995 559 2227 619 sionem,
2275 564 2324 611 et
2359 570 2468 610 non
2500 557 2742 628 proprie,
2777 566 2985 611 natura:
3038 557 3276 621 nomine,
3306 566 3562 629 tanquam

1993 649 2371 716 generaliore,
2417 649 2754 720 bypostasiln
2803 648 2930 703 istic
2977 648 3380 718 signiﬁcaram.
3426 651 3559 703 Prm-

1993 739 2254 806 dicantur
2280 741 2425 796 enim
2462 756 2588 811 qua:
2625 739 3024 802 universaliora
3060 748 3189 794 sunt
3221 740 3287 794 de
3313 740 3569 808 particn~

1993 831 2224 898 laribus,
2268 847 2368 886 nec
2397 828 2540 885 idem
2570 832 2828 886 omnibus
2881 830 3057 884 modis
3107 841 3269 895 sunt;
3319 832 3570 899 quiana-

1996 933 2118 977 tura
2145 920 2462 993 ltypostasis
2503 935 2611 974 non
2658 926 2740 974 est
2772 937 2786 973 :
2825 934 2933 974 non
2977 919 3118 973 enim
3151 919 3456 973 universale
3486 928 3569 972 est

1995 1013 2350 1086 ltypostasis;
2399 997 2452 1067 et
2509 1011 2728 1066 tametsi
2764 1010 2992 1080 recipiat
3038 1026 3232 1064 nomen
3274 1019 3328 1066 et
3375 1011 3569 1064 delini-

1997 1107 2202 1160 tionem
2269 1104 2623 1170 universalis,
2667 1118 2775 1157 non
2830 1109 3012 1156 tamen
3056 1103 3172 1156 vice
3207 1118 3384 1158 versa.
3433 1101 3568 1156 Nam

1999 1193 2320 1264 hypostasis
2356 1189 2772 1246 individuumve
2818 1199 3050 1256 natum,
3086 1199 3280 1244 natura
3308 1199 3426 1255 est,
3471 1207 3568 1247 nec

1998 1292 2196 1339 natura
2252 1283 2428 1338 solum
2450 1325 2465 1348 ,
2499 1282 2596 1338 sed
2643 1296 2768 1336 cum
2798 1281 3132 1354 proprietate
3171 1300 3183 1333 :
3219 1291 3410 1335 natura
3444 1299 3571 1337 vero

1997 1389 2106 1429 non
2144 1381 2226 1428 est
2253 1372 2567 1442 hypostasis
2591 1412 2604 1436 ,
2645 1371 2760 1425 sive
2795 1368 3159 1425 individuum.
3193 1369 3281 1425 Sic
3311 1388 3405 1442 per
3435 1372 3571 1426 abu—

1999 1467 2241 1532 sionem,
2291 1481 2402 1520 non
2433 1464 2676 1533 proprie,
2712 1473 2924 1518 naturae
2956 1465 3177 1518 nomine
3231 1464 3570 1536 ltypostasim

1999 1558 2414 1628 signiﬁcaram,
2475 1564 2534 1609 ut
2585 1555 2813 1624 perinde
2859 1554 2929 1610 sit
2979 1555 3084 1610 ista
3143 1555 3376 1621 locutio,
3425 1571 3488 1609 ac
3524 1556 3571 1610 si

1999 1649 2304 1711 dixissent,
2359 1665 2519 1702 unam
2583 1647 2908 1718 hypostasim
2965 1645 3129 1699 divini
3190 1644 3338 1699 Verbi
3395 1647 3572 1698 incar-

2000 1748 2204 1792 natam.
2251 1736 2372 1792 Non
2404 1736 2551 1792 enim
2589 1746 2786 1791 natura
2837 1735 3008 1790 divini
3067 1732 3230 1788 Verbi
3284 1735 3572 1790 incarnata

2002 1839 2107 1896 est,
2131 1829 2226 1886 sed
2257 1829 2587 1902 hypostasis.
2617 1827 2788 1898 Cujus
2819 1827 2980 1882 etiam
3017 1827 3178 1882 testis
3219 1836 3304 1881 est
3339 1840 3572 1896 evange-

2001 1921 2268 1986 lista,hoc
2298 1919 2463 1974 modo
2489 1919 2695 1974 diserte
2723 1918 2970 1972 clamans
2995 1934 3008 1970 :
3037 1935 3054 1966 ι
3089 1913 3154 1968 Ει
3182 1913 3416 1970 Verbum
3445 1929 3580 1967 caro-

2007 2011 2212 2068 I'actum
2240 2011 2307 2064 ".
2342 2029 2360 2061 ι
2392 2007 2810 2081 AtquiVerbum
2838 2024 2946 2062 non
2969 2015 3054 2062 est
3082 2014 3300 2078 natura,
3327 2012 3384 2057 ut
3405 2020 3576 2072 supc-

2006 2106 2128 2160 rius
2160 2111 2447 2158 ostensum
2483 2109 2587 2166 est,
2629 2099 2723 2156 sed
2754 2098 3096 2171 bypostasis.
3135 2092 3240 2150 Sed
3272 2103 3324 2150 et
3355 2094 3574 2149 divinus

2006 2191 2492 2265 ipsemetCyrillus
2525 2189 2579 2244 in
2621 2189 2729 2251 alio
2758 2188 2880 2243 loco
2911 2187 2978 2254 “,
3002 2187 3078 2242 ait
3110 2206 3122 2241 :
3160 2183 3362 2240 Natura
3387 2183 3575 2246 Verbi,

2008 2287 2124 2341 sive
2148 2281 2487 2357 bypostasis,
2513 2279 2660 2351 quod
2688 2285 2773 2334 est
2799 2279 3040 2334 Verbum
3065 2279 3300 2348 ipsum.»
3337 2276 3393 2330 Si
3428 2271 3576 2329 enim

2009 2387 2206 2433 natura
2216 2373 2402 2440 Verbi,
2417 2371 2593 2428 deitas
2607 2370 2841 2433 scilicet,
2859 2369 3142 2423 ineat-nata
3159 2377 3264 2431 est,
3281 2383 3402 2421 eum
3414 2362 3579 2437 409

2008 2481 2266 2525 naturam
2312 2467 2480 2520 aliam
2516 2471 2712 2536 praeter
2759 2461 3019 2517 deitatem
3052 2457 3294 2514 Verbum
3333 2473 3440 2519 nou
3483 2458 3582 2510 ba-

2009 2559 2212 2627 buerit,
2234 2557 2332 2614 sed
2368 2556 2614 2627 ejusdem
2647 2566 2861 2610 naturae
2887 2552 2961 2609 sit
2983 2567 3047 2606 ac
3071 2547 3232 2606 Pater
3254 2558 3307 2605 et
3339 2550 3582 2618 Spiritus

2013 2658 2263 2714 sanctus,
2298 2656 2361 2703 ut
2394 2648 2507 2704 sint
2535 2645 2724 2702 omnia
2756 2643 3069 2701 communia
3107 2640 3251 2693 Patri
3280 2647 3334 2695 et
3358 2638 3495 2692 Filio
3530 2648 3585 2692 et

2017 2739 2252 2809 Spiritui
2292 2743 2514 2801 sancto,
2576 2743 2810 2804 excepto
2845 2728 3146 2787 exsistendi
3183 2729 3344 2784 modo
3370 2747 3388 2784 :
3417 2728 3584 2781 etiam

2016 2830 2179 2884 Pater
2213 2835 2266 2884 et
2297 2827 2473 2882 Filius
2496 2835 2550 2880 et
2575 2824 2820 2895 Spiritus
2851 2833 3083 2878 sanctus
3106 2817 3375 2873 incarnati
3398 2823 3581 2872 erunt.

2017 2920 2364 2990 Quapropter
2401 2917 2659 2970 unionem
2706 2921 3032 2968 naturarum
3069 2908 3368 2966 secundum
3420 2909 3588 2980 hypo-

2020 3008 2216 3064 stasim
2247 3047 2264 3073 ,
2316 3006 2756 3061 incarnationem
2799 3001 3011 3068 Verbi,
3041 3001 3229 3056 carnis
3279 2998 3584 3054 deiﬁcatio-

339 3092 442 3192 καλ
478 3093 818 3192 ἐπαχύνσται,
864 3099 958 3150 καὶ
1007 3099 1304 3164 ὑπόστασις
1350 3105 1416 3173 τῇ
1465 3104 1628 3175 σαρκὶ
1663 3104 1870 3173 γίνεται
1894 3121 1906 3136 ⁸

2020 3116 2186 3165 nem,
2246 3097 2595 3154 conﬁtemur.
2653 3092 2792 3148 Nam
2860 3091 3172 3147 incarnatio
3227 3100 3311 3146 est
3361 3089 3588 3160 partici-

341 3182 440 3236 καὶ
470 3181 548 3236 ὢν
569 3185 835 3256 πρότερον
857 3188 1006 3253 Θεὸς,
1041 3190 1198 3261 σὰρξ,
1226 3193 1345 3263 ἦτοι
1375 3194 1660 3265 ἄνθρωπος
1684 3194 1912 3267 ὕστερον

345 3273 575 3340 γίνεται,
606 3276 699 3329 καὶ
735 3276 834 3346 μία
864 3273 984 3333 τῶν
1021 3280 1112 3333 δύο
1164 3281 1383 3350 φύσεων
1427 3285 1756 3356 χρηματίζει
1787 3286 1915 3339 ὑπό-

349 3379 540 3428 στασις
575 3365 826 3432 σύνθετος
849 3386 863 3400 ο
896 3372 990 3424 καὶ
1036 3373 1095 3424 ὲν
1129 3373 1264 3444 αὐτῇ
1313 3373 1401 3428 διὰ
1441 3377 1540 3446 τῆς
1586 3375 1917 3448 σαρκώσεως

349 3452 594 3507 ἑνοῦνται
624 3455 681 3507 αἱ
709 3455 803 3509 δύο
839 3456 1052 3525 φύσεις,
1076 3460 1176 3530 τῆς
1199 3478 1258 3514 τε
1286 3462 1539 3535 θεότητος
1569 3467 1664 3520 καὶ
1688 3465 1789 3536 τῆς
1831 3467 1917 3520 ἀν·

345 3540 718 3612 θρωπότητος,
765 3548 859 3599 καὶ
909 3549 1309 3621 ωριχωροῦσιν
1355 3553 1412 3605 ἐν
1455 3554 1734 3624 ἀλλήλαις,
1784 3558 1817 3627 ἡ
1862 3557 1918 3610 δὲ

347 3635 723 3704 περιχὼρησις
757 3637 822 3690 ἐκ
852 3637 953 3706 τῆς
977 3638 1231 3709 θεότητος
1261 3641 1492 3709 γίνεται.
1525 3643 1674 3714 Λῦτη
1698 3646 1807 3717 γὰρ
1832 3663 1920 3716 με·

349 3722 605 3778 διαδίδωσι
637 3729 702 3795 τῇ
735 3727 901 3796 σαρκὶ
925 3728 1022 3796 τῆς
1049 3729 1253 3794 οἰκείας
1283 3731 1442 3802 δόξης
1472 3749 1530 3785 τε
1564 3733 1654 3785 καὶ
1679 3733 1922 3804 λαμπρό-

351 3827 534 3881 τητας,
570 3815 630 3866 ού
676 3815 1170 3886 μεταλαμϐάνουσα
1202 3819 1312 3872 τῶν
1339 3822 1436 3890 τῆς
1473 3822 1675 3892 σαρκὸς
1712 3824 1919 3878 παθῶν.

353 3899 452 3953 Διὸ
483 3904 518 3974 ἡ
553 3903 652 3972 μὲν
681 3906 844 3974 φύσις
889 3908 990 3979 τῆς
1042 3910 1244 3980 σαρκὸς
1279 3910 1520 3979 θεοῦται,
1548 3914 1607 3966 οὑ
1648 3919 1839 3984 σαρκοῖ
1868 3915 1924 3969 δὲ

2018 3196 2171 3268 patio
2197 3207 2252 3250 et
2303 3193 2610 3264 assumptio
2661 3191 2868 3247 carnis.
2909 3188 3235 3244 Incarnatur
3267 3189 3452 3256 itaque
3491 3183 3590 3255 hy-

2017 3286 2262 3360 postasis
2290 3279 2457 3341 Verbi
2490 3285 2546 3339 in
2582 3283 2903 3340 substantia
2937 3284 3236 3344 exsistens,
3261 3277 3315 3332 id
3343 3288 3428 3332 est
3444 3275 3592 3340 Deus

2018 3377 2284 3441 Verbum,
2317 3375 2754 3444 crassescitque,
2775 3383 2829 3427 et
2858 3371 3008 3427 carni
3041 3369 3355 3442 hypostasis
3379 3369 3456 3424 lit.
3487 3367 3592 3434 Qui

2019 3477 2148 3524 ante
2167 3469 2312 3524 Deus
2330 3474 2468 3529 erat,
2491 3465 2842 3536 postmodum
2869 3463 2927 3517 ﬁt
2943 3461 3166 3530 caro,id
3192 3470 3277 3518 est
3296 3463 3482 3527 homo,
3499 3474 3597 3515 vo—

2023 3566 2292 3628 caturque
2316 3571 2424 3610 una
2450 3555 2685 3609 duarum
2726 3561 3052 3608 naturarum
3099 3552 3414 3622 [typostasis
3449 3565 3598 3604 com-

2023 3651 2236 3718 posita,
2261 3645 2479 3700 naturis
2531 3644 2824 3706 ambabus,
2848 3642 3142 3696 divinitate
3165 3649 3219 3694 et
3259 3641 3599 3694 humanitate

2028 3740 2082 3792 in
2139 3737 2258 3808 ipsa
2293 3751 2389 3807 per
2427 3733 2865 3788 incarnationem
2905 3733 3075 3786 unitis
3100 3771 3115 3795 ,
3165 3740 3219 3784 ct
3259 3731 3314 3785 in
3360 3745 3418 3784 sc
3476 3745 3600 3784 mu-

2028 3840 2126 3884 tuo
2195 3824 2809 3883 circuminsidcntibus.
2898 3821 3225 3894 Quanquam
3303 3821 3601 3875 circumiit-

2029 3920 2207 3976 sessio
2260 3917 2546 3974 divinitate
2573 3917 2669 3980 tit,
2723 3916 2842 3986 ipsa
2889 3913 3331 3969 communicante
3372 3913 3600 3981 gloriam

349 3988 457 4059 τὴν
490 3988 653 4095 φύσιν
682 3991 788 4095 ἐτοῦ
837 3993 1010 4063 Λόγου
1034 4013 1049 4029 ο
1083 3996 1197 4050 θεοῖ
1243 3999 1341 4069 μὲν
1385 3999 1447 4052 τὺ
1477 4000 1833 4074 πρόσλημμα,
1865 4005 1906 4056 01'

2031 4026 2186 4068 suam
2219 4017 2274 4066 et
2313 4007 2659 4081 splendorem
2697 4021 2821 4062 cum
2852 4021 3058 4070 carne,
3091 4021 3193 4060 nec
3238 4007 3603 4076 participante

357 4082 662 4153 σαρκοῦται
678 4082 756 4140 δέ.
774 4085 1072 4155 Ὠφελεῖται
1096 4089 1205 4161 γὰρ
1231 4090 1289 4144 τὺ
1310 4093 1492 4162 χεῖρον
1511 4093 1616 4146 ὑπὸ
1637 4094 1731 4147 τοῦ
1753 4096 1906 4164 κρείτ

2030 4101 2321 4175 passiones
2354 4098 2559 4155 carnis.
2599 4097 2872 4165 Quocirca
2909 4105 3106 4152 natura
3145 4099 3364 4168 quidem
3416 4097 3602 4153 carnis

355 4187 534 4240 τόνος,
567 4176 632 4228 οὐ
655 4178 1108 4248 παρασλάπτεται
1144 4180 1200 4233 δὲ
1231 4182 1293 4235 τὸ
1325 4184 1571 4250 κρεῖττον
1605 4185 1708 4238 ὑπὸ
1755 4185 1906 4257 χείρο

2033 4189 2325 4250 deiﬁcatur
2349 4209 2362 4244 :
2390 4198 2446 4244 at
2474 4205 2582 4244 non
2613 4189 2744 4243 item
2774 4203 2996 4242 carnem
3027 4187 3156 4241 facit
3188 4198 3436 4242 naturam
3472 4185 3605 4242 Ver-

357 4267 576 4330 νος.⁹Ως
603 4267 713 4338 γὰρ
741 4270 768 4321 ό
803 4269 1018 4340 σίδηρος
1063 4271 1162 4338 μὲν
1193 4271 1482 4342 πυροῦ-ται,
1517 4272 1578 4327 τὸ
1609 4273 1665 4327 δὲ
1693 4275 1820 4345 Ιπΰρ
1868 4293 1906 4329 οι

2034 4286 2112 4341 bi.
2149 4283 2355 4339 Natura
2389 4281 2554 4336 Verbi
2578 4287 2919 4350 assumptam
2952 4287 3203 4332 naturam
3233 4279 3469 4344 deiticat,
3497 4295 3607 4334 non

358 4353 681 4457 σιδηροῦται
703 4373 716 4388 δ
747 4358 842 4409 καὶ
864 4359 944 4457 ,οὓς
975 4361 1008 4428 ἡ
1034 4358 1170 4430 σὰρξ
1203 4359 1300 4430 μὲν
1327 4360 1613 4432 ψυχοῦται,
1643 4364 1677 4433 ἡ
1705 4363 1760 4417 δε
1785 4365 1906 4435 duxi

2039 4385 2223 4431 autem
2263 4374 2608 4429 incarnatur.
2664 4369 3059 4440 Loeupletatur
3106 4370 3252 4425 enim
3285 4371 3433 4440 quod
3460 4371 3608 4426 dete-

357 4445 423 4499 οὐ
477 4446 794 4518 σαρκοῦται,
830 4447 1005 4512 οὕτως
1053 4451 1088 4520 ἡ
1139 4449 1259 4504 θεία
1312 4453 1494 4520 φύσις,
1539 4453 1652 4508 Θεοϊ
1701 4455 1799 4525 μὲν
1835 4456 1906 4527 τὴη

2007 4482 2010 4505 ι
2039 4467 2158 4523 rius
2190 4475 2274 4522 est
2297 4464 2367 4518 ab
2397 4463 2922 4526 excellentiori,nec
2959 4460 3107 4531 quod
3140 4461 3498 4535 excellentius
3524 4470 3616 4516 est

364 4537 568 4609 σάρκα,
599 4539 736 4612 αὑτὴ
763 4542 820 4594 δὲ
842 4542 905 4595 ού
939 4538 1234 4612 σαρκοῦται
1252 4559 1267 4574 ·
1296 4543 1356 4596 οὑ
1387 4545 1495 4614 γὰρ
1520 4544 1740 4615 δεκτικὴ
1764 4547 1796 4614 ἠ
1821 4545 1900 4598 Osi

2039 4574 2070 4612 a
2139 4555 2409 4612 deteriore
2457 4554 2690 4608 laeditur.
2745 4550 2879 4606 Nam
2930 4553 3075 4608 sicut
3122 4544 3328 4607 ferrum
3377 4551 3615 4622 ignitum-

363 4629 531 4699 φύσις
579 4632 681 4702 τῆς
723 4632 942 4687 οῐασοῦν
991 4635 1391 4707 προσθήκης,ἢ
1444 4638 1817 4709 ὑφαιρέσεως·
1849 4657 1906 4693 κο

2043 4647 2313 4709 ellicitur,
2357 4643 2500 4714 ignis
2559 4657 2686 4698 vero
2740 4658 2849 4698 non
2905 4643 3188 4702 efﬁcitur;
3221 4653 3279 4697 et
3305 4643 3448 4699 sicut
3483 4658 3614 4697 caro

369 4724 695 4796 μεταδοτικὴ
724 4725 842 4795 μὲν,
878 4727 939 4779 ού
974 4727 1351 4800 μεταληπτικὴ
1371 4729 1448 4783 δέ.
1477 4729 1567 4783 Διὸ
1589 4730 1810 4801 οὐδεμία
1834 4731 1904 4800 φύ

2044 4736 2266 4809 quidem
2301 4731 2604 4798 animatur,
2641 4748 2742 4788 nec
2773 4733 2956 4787 anima
2994 4732 3054 4786 ﬁt
3090 4747 3220 4786 caro
3255 4749 3268 4787 :
3307 4733 3388 4787 sic
3430 4731 3613 4786 divina

369 4830 456 4879 σις
480 4814 728 4880 σύνθετος
763 4817 978 4886 γέγονε.
1009 4818 1215 4873 Ταυτδν
1238 4819 1334 4874 οὖν
1374 4821 1522 4874 ἐστιν
1562 4823 1753 4885 εἰπεῖν,
1783 4821 1903 4875 ὲνού

2044 4839 2240 4883 natura
2273 4826 2513 4894 deificat,
2551 4841 2656 4881 nec
2683 4833 2866 4880 tamen
2898 4825 3015 4894 ipsa
3041 4824 3382 4878 incarnatur.
3419 4823 3614 4877 Divina

365 4921 487 4959 σιον
517 4906 834 4968 ὑπόστασιν,
868 4910 964 4962 καὶ
996 4911 1158 4978 φύσιν
1195 4909 1289 4963 τοῦ
1321 4911 1456 4965 Θεοῦ
1487 4913 1661 4981 Λόγου
1680 4930 1694 4944 ο
1725 4913 1804 4978 ὡς
1829 4913 1900 4982 γὰ

2047 4920 2249 4990 quippe
2279 4928 2477 4973 natura
2506 4932 2675 4988 capax
2707 4931 2814 4972 non
2841 4924 2926 4971 est
2955 4915 3254 4985 cujuslibet
3275 4914 3618 4970 accessionis

367 4996 607 5068 εἴρηται,
647 4997 746 5068 τὴν
773 4999 1068 5054 ὑπόστασιν
1097 5001 1176 5072 τῷ
1207 5002 1306 5073 τῆς
1342 5002 1555 5072 φύσεως
1584 5004 1809 5074 ὀνόματι
1833 5006 1906 5058 ύπ

2048 5020 2139 5066 aut
2171 5009 2634 5066 substractionis:
2662 5007 2856 5078 sicque
2877 5008 3110 5079 largitur
3142 5016 3197 5062 et
3220 5007 3615 5072 communicat,

368 5087 652 5157 εσήμαναν
695 5088 742 5140 οἱ
792 5089 1050 5159 μακάριοι
1097 5091 1415 5156 Ἀθανάσιος
1446 5094 1540 5146 καὶ
1566 5093 1906 5164 Κύριλλος.⁹1

2051 5114 2107 5160 ut
2141 5105 2261 5174 ipsa
2290 5101 2536 5157 vicissim
2571 5115 2680 5155 non
2706 5100 3021 5172 participet.
3073 5098 3438 5166 Quamobrem
3477 5097 3624 5154 facta,

373 5177 477 5248 μὲν
509 5177 617 5250 γὰρ
647 5178 961 5246 ὑπόστασις,
997 5181 1088 5233 καὶ
1121 5181 1280 5250 φύσις
1300 5199 1315 5214 ·
1345 5183 1526 5236 ούκέτι
1551 5182 1607 5236 δὲ
1647 5185 1740 5237 καὶ
1773 5187 1805 5256 ἠ
1841 5186 1906 5254 φύ

2052 5210 2164 5250 non
2205 5201 2293 5250 est
2329 5208 2440 5248 una
2482 5198 2678 5247 natura
2706 5191 3034 5262 composita.
3072 5189 3240 5262 Igitur
3283 5189 3618 5260 hypostasim

373 5283 482 5332 σις,
517 5268 832 5334 ὑπόστασις.
859 5271 932 5325 Οὐ
958 5271 1068 5341 γὰρ
1096 5273 1442 5345 ἀντιστρέφει
1466 5292 1478 5304 ·
1511 5277 1906 5355 κατηγοροῦντο

2055 5287 2108 5340 itt
2147 5292 2347 5339 natura
2378 5291 2682 5338 exstantem
2719 5279 2903 5341 dicere
2941 5280 3169 5352 perinde
3193 5288 3295 5347 est,
3329 5287 3495 5350 atque
3528 5277 3619 5333 Dei

377 5359 480 5431 μὲν
513 5360 622 5432 γὰρ
651 5362 756 5414 τῖν
789 5365 1030 5435 μερικῶν
1062 5365 1130 5419 τὰ
1156 5364 1400 5432 καθόλου,
1433 5366 1499 5420 τὰ
1526 5365 1580 5418 δὲ
1616 5367 1818 5438 μερικὰ
1838 5368 1906 5423 τῶ

2056 5375 2219 5431 Verbi
2267 5383 2547 5430 naturam.
2596 5371 2754 5441 Nam,
2784 5381 2844 5427 ut
2876 5371 3085 5427 dictum
3129 5379 3234 5438 est,
3258 5371 3400 5428 beati
3439 5369 3626 5426 Patres

375 5452 625 5509 καθόλων
661 5455 720 5509 ού
747 5456 1178 5526 καταφὰσκεται.
1222 5456 1284 5511 ΕΞ
1317 5457 1373 5512 δὲ
1416 5457 1508 5511 καί
1548 5475 1689 5522 τινος
1723 5461 1906 5532 σιδήρο

2055 5466 2399 5523 Athanasius
2437 5475 2490 5522 et
2541 5465 2784 5538 Cyrillus.
2835 5471 3044 5519 natura:
3094 5462 3315 5518 nomine
3357 5455 3626 5533 iryp'osta-

379 5546 750 5618 κυρουμένου,
781 5547 815 5616 ὴ
841 5547 1000 5616 φύσις
1033 5549 1126 5601 τοῦ
1153 5548 1370 5618 σιδήρου
1404 5549 1758 5619 πεωρῶσθαι
1792 5549 1906 5619 λέγε

2063 5561 2164 5613 sim
2214 5555 2616 5629 signiﬁcarunt.
2671 5556 2997 5628 liypostasi's
3043 5554 3188 5611 enim
3235 5553 3397 5610 etiam
3429 5563 3627 5608 natura

439 5728 503 5798 "'
526 5723 682 5783 Juan.
714 5727 852 5783 μμ.
933 5727 973 5761 ¹⁵
1001 5726 1056 5782 In
1081 5726 1288 5784 defens.
1312 5729 1345 5783 9.
1376 5730 1575 5787 Anatlt.
1601 5742 1749 5790 cont.
1783 5731 1990 5791 Tltcod.
