3962 6202
381 361 523 432 1463

1544 369 1608 432 S.
1648 363 1971 431 IOANNIS
2017 369 2448 430 DAMASCENI

3511 369 3649 437 μοι

373 485 500 543 est,
551 473 651 532 sed
706 488 818 530 non
873 473 1062 530 itidem
1115 477 1314 529 natura
1348 474 1806 550 'esthypostasis.
1847 479 1963 534 Non

2085 496 2160 534 rat
2183 497 2199 512 °
2247 480 2368 535 ἀλλ’
2398 479 2597 534 ειδέναι
2645 481 2752 552 χρὴ
2779 481 2854 544 ὡς
2891 483 2979 535 διὰ
3004 482 3066 536 τὸ
3089 480 3347 550 δεκτικὴν
3381 476 3524 534 εἶναι
3547 485 3653 551 τὴν

382 567 531 624 enim
589 567 992 638 reciprocatur.
1048 564 1392 621 Universalia
1422 568 1625 640 quippe
1672 569 1739 624 de
1796 571 1964 641 parti-

377 657 665 714 cularibus
689 657 1091 729 praedicantur;
1119 672 1225 712 non
1252 674 1384 714 vero
1409 659 1768 730 particularia
1787 676 1961 716 enun-

378 750 592 803 tiantur
628 747 696 803 de
721 747 1152 803 universalibus.
1183 745 1340 812 Quod
1373 746 1419 801 si
1453 747 1601 802 ferro
1645 746 1958 818 ignescente

379 848 578 895 natura
624 838 755 893 ferri
788 837 949 910 ignea
982 838 1125 892 facta
1159 837 1384 902 dicitur,
1418 837 1828 894 observandum
1873 846 1956 892 ta-

378 947 500 986 men
528 938 612 986 est
635 930 689 985 id
715 930 852 998 ﬁeri,
882 933 1012 1002 quia
1040 933 1238 985 natura
1272 929 1402 983 ferri
1438 945 1610 1000 capax
1637 939 1722 984 est
1747 929 1958 984 inﬂam-

378 1021 662 1088 mationis,
686 1029 739 1077 et
770 1020 1133 1076 inflammatio
1177 1035 1316 1090 opus
1338 1028 1550 1075 natura:
1587 1029 1691 1074 est.
1731 1020 1830 1075 Ast
1863 1020 1949 1073 in-

379 1117 606 1167 carnato
639 1107 820 1167 Verbo
851 1127 990 1182 opus
1020 1121 1233 1166 natura:
1260 1127 1368 1167 non
1391 1121 1477 1168 est
1509 1112 1836 1176 inearnatio.
1863 1112 1957 1166 sed

379 1203 575 1259 modus
612 1204 1034 1275 dispensatoriae
1087 1205 1642 1260 accommodationis.
1701 1203 1818 1258 Non
1857 1204 1960 1274 igi-

378 1303 472 1348 tur
503 1296 686 1351 dicere
736 1297 887 1360 licet,
924 1312 1090 1351 unam
1127 1297 1360 1352 Deitatis
1413 1296 1750 1366 hypostasim
1789 1294 1953 1365 quid-

2069 571 2232 639 φύσιν
2258 571 2354 625 τοῦ
2391 571 2613 642 σιδήρου
2646 571 2967 643 πυρώσεως,
2993 576 3092 628 καὶ
3115 573 3206 628 διὰ
3235 574 3299 626 τὸ
3569 575 3658 643 Ep.

2069 675 2164 727 γον
2192 656 2332 715 εἶναι
2362 661 2459 733 τὴν
2500 661 2766 734 πύρωσιν.
2787 665 2911 720 Ἐπὶ
2937 666 2996 720 δὲ
3027 666 3130 735 τῆς
3174 664 3269 718 τοῦ
3297 665 3482 732 Λόγου
3514 681 3656 734 σαρ-

2067 749 2311 818 κώσεως,
2343 754 2403 807 οὑ
2453 754 2671 824 φύσεως
2705 755 2866 827 ἔργον
2890 759 2924 829 ἠ
2951 759 3246 826 σάρκωσις,
3275 755 3419 809 ἀλλά
3443 755 3657 825 τρόπος

2064 844 2413 915 οἰκονομικῆς
2439 847 2922 915 συγκαταδάσεως.
2953 848 3068 904 οὑκ
3113 847 3262 900 ἔστιν
3299 841 3402 899 οὖν
3447 847 3655 908 eluit,

2068 933 2200 1001 μίαν
2249 933 2359 988 τῶν
2410 938 2508 1007 τῆς
2560 935 2813 1007 θεότητος
2841 938 3194 991 ὑποστάστων
3219 936 3366 1006 ἐχειν
3407 952 3492 999 τι,
3515 935 3659 1004 ὄπιν

2055 1027 2176 1095 οὑχὶ
2210 1027 2382 1080 πᾶσαι
2413 1028 2470 1080 αἱ
2495 1027 2827 1092 ὑποστάσεις
2859 1032 3180 1098 κέκτηνται,
3212 1027 3355 1098 πλὴν
3385 1026 3487 1080 τοῦ
3521 1027 3653 1096 τρό-

2067 1133 2168 1169 που
2200 1117 2296 1187 τῆς
2334 1116 2642 1188 ὑπάρξεως.
2689 1121 2800 1172 Καὶ
2826 1121 2859 1190 ἡ
2888 1120 3168 1190 σαρκωσις
3204 1119 3262 1172 δὲ
3295 1120 3500 1188 τρόπος
3537 1119 3664 1170 δευ-

2066 1206 2232 1276 τέρας
2282 1206 2570 1278 ὑπάρξεως
2624 1209 2862 1278 πέφυκε,
2897 1210 3042 1280 μόνῳ
3089 1209 3170 1279 τῷ
3201 1211 3490 1279 μονοτινεῖ
3539 1208 3662 1277 re}

2067 1299 2162 1350 καὶ
2202 1299 2362 1370 Λόγῳ
2405 1298 2846 1370 ἀρμόξουσα,ὼς
2893 1302 2961 1356 ἂν
3006 1302 3206 1371 ἰδιότης
3254 1301 3420 1373 μείνῃ
3465 1300 3662 1368 ἀκίνη-

379 1401 542 1455 quam
592 1388 820 1450 habere,
849 1389 993 1458 quod
1039 1403 1236 1442 omnes
1275 1403 1382 1441 non
1433 1387 1688 1452 habeam,
1720 1394 1950 1456 excepto
2059 1406 2170 1452 τος.

382 1480 685 1535 exsistendi
713 1480 896 1535 modo.
934 1479 1039 1534 Sed
1069 1481 1376 1534 incarnatio
1410 1480 1666 1535 secundae
1693 1479 2032 1535 exsisteutiae
2067 1483 2263 1538 modus
2296 1493 2404 1550 est,
2446 1487 2542 1556 qui
2607 1487 2709 1542 soli
2769 1486 3058 1556 unigenito
3117 1483 3261 1539 Filio
3332 1485 3658 1551 conveniat,

381 1582 439 1625 ut
468 1569 763 1625 immobilis
793 1569 1101 1640 proprietas
1131 1579 1369 1624 maneat.

452 1657 542 1717 55.
575 1661 836 1716 Fortasse
868 1674 998 1715 vero
1042 1659 1298 1730 quaeretis
1338 1677 1350 1712 :
1383 1657 1605 1728 quinam
1636 1673 1770 1728 ergo
1815 1657 1965 1713 dica—

2141 1669 2240 1732 νοί.
2275 1664 2412 1718 Ἀλλ’
2443 1666 2620 1734 ἐρεῖτε
2651 1661 2810 1731 τυχόν
2830 1680 2841 1692 ·
2886 1661 3010 1725 Πῶς
3029 1660 3122 1715 οὑν
3151 1660 3459 1729 φαμεν-τὴν
3491 1657 3664 1725 φύσιν

381 1770 506 1812 mus
551 1763 802 1808 naturam
845 1749 1032 1806 carnis
1091 1749 1402 1806 deiﬁcatam
1452 1764 1787 1819 passamque
1824 1766 1968 1817 esse,

383 1849 580 1901 utnon
611 1845 676 1900 de
707 1843 961 1899 omnibus
1015 1842 1377 1896 humanitatis
1413 1840 1807 1914 hypostasibus
1856 1842 1970 1895 haec

385 1931 758 2001 amrmemus;
806 1930 1038 1989 dicendo
1094 1949 1241 1998 vero,
1300 1939 1555 1987 naturam
1593 1932 1740 1986 verbi
1791 1931 1972 1985 incar-

386 2037 568 2084 natam
602 2041 726 2083 esse
755 2065 768 2089 ,
800 2021 1233 2080 incarnationem
1264 2023 1331 2078 ad
1370 2022 1583 2078 Patrem
1620 2031 1674 2077 et
1705 2023 1970 2092 Spiritum

387 2116 728 2175 referamus?
790 2114 1060 2183 Quoniam
1139 2114 1320 2169 omnis
1399 2115 1682 2170 hominum
1776 2122 1973 2168 natura

387 2225 563 2280 capax
620 2216 705 2264 est
753 2222 941 2262 eorum
981 2222 1102 2276 qua:
1154 2213 1368 2261 naturae
1413 2215 1777 2260 consentanea
1823 2211 1970 2266 sunt,

388 2313 623 2371 qumque
663 2307 858 2369 praeter
886 2306 1174 2364 naturam,
1209 2303 1264 2351 et
1294 2311 1458 2363 super
1509 2305 1789 2360 naturam,
1837 2297 1974 2349 citra

390 2396 602 2442 naturae
667 2387 1117 2441 demutationem.
1187 2383 1390 2438 Natura
1460 2401 1590 2440 vero
1645 2383 1832 2440 divina
1908 2383 1975 2438 ab

390 2473 540 2529 oinni
592 2473 900 2528 mutatione
955 2481 1008 2528 et
1054 2475 1368 2530 accretione
1421 2475 1681 2530 immunis
1714 2481 1820 2530 est.
1871 2473 1974 2527 Ne-

393 2580 499 2633 que
543 2564 649 2619 hoc
692 2563 907 2629 solum,
945 2563 1040 2618 sed
1087 2564 1216 2633 quia
1245 2577 1376 2618 caro
1421 2563 1514 2617 illa
1572 2563 1826 2634 primitiae
1872 2561 1976 2614 fuit

396 2667 591 2711 massa:
629 2667 854 2720 nostrae,
900 2669 1003 2709 nec
1034 2653 1348 2725 hypostasis
1411 2669 1509 2724 per
1563 2668 1621 2708 se
1664 2652 1978 2708 consistens

395 2741 537 2804 facta
572 2756 678 2810 est,
713 2747 806 2804 sed
841 2753 1035 2802 natura
1067 2747 1120 2800 in
1151 2747 1432 2818 hypostasi
1469 2753 1716 2810 exstans,
1755 2759 1978 2813 compo-

397 2841 556 2896 sitam
584 2837 749 2911 410
782 2837 987 2892 Christi
1016 2835 1299 2906 complens
1328 2834 1700 2906 hypostasim,
1734 2841 1788 2888 et
1835 2833 1979 2901 seip-

395 2939 534 2996 Sam,
565 2938 621 2985 et
646 2945 753 2984 non
779 2929 863 2983 sui
888 2928 1061 2998 ipsius
1087 2943 1237 2998 ergo,
1267 2925 1361 2982 sed
1384 2935 1604 2997 propter
1631 2935 1977 2978 communem

397 3031 610 3077 natura:
640 3021 870 3076 salutem
901 3020 1056 3074 unita
1088 3016 1269 3074 Verbo
1298 3026 1403 3074 est.
1437 3016 1801 3083 Quamobrem
1838 3015 1977 3071 dici-
2007 3002 2049 3059 (εἶ

394 3130 520 3172 mus
561 3123 813 3167 naturam
843 3111 1062 3166 deitatis
1094 3110 1304 3164 unitam
1329 3123 1450 3164 esse
1482 3116 1689 3161 natura:
1717 3105 1973 3160 humani-

397 3205 557 3270 tatis,
590 3203 937 3258 inca‘rnatam
988 3215 1119 3255 vero
1165 3197 1506 3271 hypostasim
1563 3195 1749 3250 Verbi.
1792 3196 1978 3252 lucar-

398 3294 517 3349 nari
549 3293 824 3363 siquidem
871 3268 1557 3354 estcarnem‘assuincre,
1611 3286 1978 3358 hypostasim-

397 3394 506 3453 que
539 3384 700 3437 carni
745 3383 885 3438 ﬂeri.
908 3378 1052 3437 Unio
1079 3397 1212 3436 vero
1245 3390 1338 3435 est
1371 3393 1676 3434 concursus
1717 3387 1774 3433 et
1813 3378 1976 3432 coitio

397 3477 630 3528 du‘aru'm
661 3479 985 3526 naturarum
1015 3471 1068 3524 in
1100 3486 1265 3525 unum
1287 3479 1341 3526 et
1364 3471 1527 3524 idem.

475 3565 564 3621 54.
593 3555 914 3634 Exemplum
948 3560 1192 3617 hominis
1217 3601 1231 3626 ,
1283 3561 1327 3617 si
1375 3561 1441 3615 de
1469 3563 1652 3631 specie
1685 3571 1740 3616 et
1780 3568 1976 3615 natura

399 3657 534 3712 illud
598 3655 921 3727 accipiatis,
973 3655 1029 3708 in
1073 3653 1295 3710 Christo
1339 3653 1520 3708 locum
1569 3668 1680 3708 non
1733 3653 1976 3708 habebit.

399 3748 745 3804 Christorum
793 3747 994 3818 quippe
1019 3746 1257 3816 speciem
1292 3759 1574 3816 nunquam
1608 3743 1920 3800 audivimus
1963 3759 1976 3798 :

404 3841 547 3896 unde
572 3855 670 3895 nec
695 3836 950 3896 Christus
980 3848 1178 3894 natura
1215 3848 1299 3894 est
1321 3879 1336 3902 ,
1379 3837 1472 3892 sed
1506 3837 1839 3908 bypostasis.
1872 3835 1981 3907 Cy-

405 3928 527 3988 rillo
549 3933 695 3988 enim
724 3941 972 3997 auctore,
1003 3943 1200 3985 nomen
1230 3929 1472 3994 Christi,
1499 3943 1602 3982 nec
1649 3927 1757 3982 vim
1785 3924 1981 3982 delini-

405 4023 575 4081 tionis
603 4025 804 4090 habet,
836 4037 939 4078 nec
966 4021 1203 4091 alicujus
1234 4018 1538 4077 essentiam
1569 4018 1834 4075 declarat.
1885 4015 1981 4072 Sin

405 4130 539 4170 vero
566 4114 721 4170 illum
746 4111 1035 4182 accipiatis
1063 4110 1130 4167 de
1173 4110 1432 4182 qu0piam
1463 4109 1711 4174 homine,
1748 4107 1841 4178 qui
1893 4106 1987 4178 hy-

407 4207 643 4277 postasis
666 4206 757 4270 sit,
790 4204 1094 4274 exemplum
1132 4203 1399 4258 absonum
1431 4215 1538 4256 non
1563 4201 1684 4256 est?
1716 4200 1982 4255 Caaterum

413 4312 578 4352 nosse
603 4297 819 4361 attinet,
856 4309 966 4350 non
999 4305 1275 4364 oportere,
1311 4300 1370 4344 ut
1395 4288 1644 4358 exempla
1694 4285 1984 4342 omnifarie

411 4388 612 4445 similia
661 4387 774 4442 sint
817 4385 927 4440 illis
958 4399 1083 4440 cum
1115 4382 1318 4453 quibus
1357 4385 1800 4448 componuntur;
1849 4375 1984 4445 quin

412 4476 599 4548 potius
642 4474 823 4543 aliqua
887 4479 1044 4541 parte
1108 4470 1177 4523 ab
1225 4467 1295 4522 iis
1341 4466 1704 4534 discrepare:
1779 4461 1987 4530 alioqui

409 4568 718 4639 exemplum
745 4580 852 4620 non
879 4563 1040 4619 foret.
1067 4561 1336 4627 Quocirca
1357 4555 1608 4612 Justinus
1625 4553 1988 4626 philosophus

410 4669 466 4716 et
516 4669 746 4730 martyr,
809 4658 870 4712 in‘
907 4653 1268 4725 Expositione
1327 4657 1492 4704 rectm
1530 4645 1900 4702 confessionis
1942 4645 1987 4676 "

412 4754 490 4808 sic
539 4749 783 4820 loquitur
835 4761 850 4800 :
901 4764 920 4798 ι
969 4742 1233 4799 Nonnulli
1314 4741 1572 4795 unionem
1630 4737 1780 4793 illam
1839 4737 1992 4791 velut

414 4841 609 4897 animae
667 4853 792 4894 cum
849 4843 1082 4906 corpore
1149 4832 1555 4902 intelligentes,
1600 4829 1682 4884 sic
1727 4827 1998 4898 explicue.

414 4934 566 4982 runt.
599 4927 800 4995 Aptum
841 4923 1047 4993 quippe
1104 4921 1414 4990 exemplum
1447 4928 1554 4984 est,
1610 4918 1713 4973 etsi
1763 4932 1874 4972 non
1929 4931 1997 4971 ex

414 5021 562 5076 omni
591 5028 779 5088 parte,
807 5015 1161 5086 aliquatenus
1195 5023 1398 5069 tamen.
1431 5010 1564 5066 Nam
1590 5051 1604 5073 ,
1642 5011 2000 5082 quemadmo-

415 5115 543 5170 dum
562 5114 726 5168 homo
751 5118 896 5166 unus
912 5117 1016 5172 est,
1045 5107 1184 5164 duas
1214 5120 1345 5162 vero
1375 5114 1599 5160 naturas
1639 5105 1818 5168 habet,
1842 5120 1861 5153 ι
1893 5109 2000 5157 etc.

487 5207 576 5262 55.
625 5201 985 5261 Considerate
1036 5215 1187 5266 vero,
1222 5209 1347 5254 eum
1397 5212 1506 5252 non
1547 5196 1788 5261 dixisse,
1830 5207 2001 5247 unum

421 5298 698 5354 hominem
747 5307 869 5350 esse
913 5307 979 5348 ex
1019 5291 1236 5347 duabus
1286 5289 1538 5356 naturis,
1586 5284 1716 5351 sed,
1776 5293 2004 5339 naturas

421 5385 560 5444 duas
603 5387 842 5450 habere,
874 5394 933 5438 ut
980 5391 1105 5452 post
1152 5381 1452 5436 unitioncm
1492 5379 1726 5434 duarum
1774 5384 2002 5430 natura-

423 5491 566 5543 rum,
610 5487 840 5532 naturas
871 5475 1011 5530 duas
1041 5473 1244 5528 habere
1288 5471 1564 5527 hominem
1607 5466 2003 5538 pronuntiave-

427 5563 520 5620 rit.
557 5583 577 5618 ι
617 5566 775 5620 Sicut
797 5566 942 5621 enim
981 5576 1122 5619 unus
1141 5563 1304 5618 homo
1329 5569 1430 5627 est,
1469 5559 1668 5630 inquit,
1704 5557 1843 5613 duas
1867 5563 1997 5610 Vero

2070 1753 2170 1822 τῆς
2192 1756 2392 1827 σαρκὸς
2420 1754 2718 1810 τεθεῶσθαι
2747 1753 2839 1807 καὶ
2869 1752 3221 1814 πεπονθέναι,
3249 1749 3326 1819 μὴ
3348 1749 3528 1802 ταῦτα
3551 1765 3666 1800 κει-

2074 1847 2181 1900 σῶν
2234 1847 2341 1900 τῶν
2391 1847 2492 1917 τῆς
2538 1845 2956 1916 ἁνθρωπότητος
3001 1843 3358 1896 ὑποστάσεων
3401 1839 3664 1905 numqva-

2075 1954 2330 2000 σκοντεςο
2373 1937 2473 2007 τὴν
2500 1937 2557 1991 δὲ
2591 1936 2754 2005 φύσιν
2799 1934 2891 1987 τοῦ
2926 1934 3100 2002 Λόγου
3149 1930 3537 2000 cschn
3568 1930 3664 1982 λι-

2075 2045 2282 2096 γοντες,
2311 2030 2404 2082 ἐπὶ
2432 2028 2522 2081 τὸν
2551 2026 2771 2097 Πατέρα
2794 2027 2890 2079 καὶ
2917 2023 2978 2078 τὸ
2999 2023 3225 2092 Πνεῦμα
3249 2022 3348 2090 τὴν
3373 2021 3666 2090 signa"

2074 2120 2446 2190 ἀναφέρομενς
2503 2120 2624 2173 Ὅτι
2671 2119 2824 2172 πᾶσα
2887 2119 2922 2187 ἡ
2985 2115 3096 2168 τῶν
3137 2112 3448 2184 ἀνθρώπων
3487 2110 3666 2178 ψύας

2075 2209 2298 2278 δεκτική
2339 2209 2458 2262 ἐστι
2496 2209 2606 2262 τῶν
2637 2209 2780 2262 κατὰ
2812 2205 2996 2274 φύσιν,
3026 2205 3120 2258 καὶ
3161 2203 3314 2272 παρὰ
3342 2201 3527 2269 φύσιν,
3560 2203 3665 2254 καὶ

2078 2301 2218 2371 ὑπὲρ
2259 2300 2444 2369 φύσιν,
2471 2300 2535 2354 οὐ
2572 2299 2844 2371 μεταϐολῇ
2878 2296 3195 2365 φύστως.Ἡ
3238 2295 3298 2348 δὲ
3331 2293 3452 2347 Beia
3487 2292 3660 2361 φύσις

2078 2392 2259 2458 πάσης
2286 2390 2623 2452 ἀλλοιώσεως
2646 2389 2743 2442 καὶ
2762 2387 3083 2458 προσθήκης
3106 2387 3256 2439 ἐστὶν
3281 2383 3650 2442 ἀνεπίδικτοςσ

2077 2486 2138 2537 οὑ
2191 2485 2351 2553 μόνον
2394 2481 2472 2544 δὲ,
2506 2480 2621 2534 ἀλλ’
2650 2480 2734 2534 ότι
2778 2477 2874 2531 καὶ
2915 2476 3138 2544 ἀπαρχὴ
3176 2475 3422 2544 ὑπῆρχεν
3450 2473 3486 2542 ἠ
3515 2469 3663 2542 σὰρξ

2081 2575 2265 2643 ἐκείνη
2293 2572 2386 2626 τοῦ
2415 2569 2690 2643 ἡμετέρου
2719 2568 3065 2638 φυράματος,
3102 2566 3198 2619 καὶ
3221 2565 3320 2633 οὐχ
3353 2563 3662 2626 ὑπόστασις

2084 2664 2452 2726 ἱδιοσύστατος
2479 2661 2744 2730 ἐγεγόνει,
2778 2659 2917 2713 ἀλλὰ
2941 2660 3104 2728 φύσις
3128 2657 3482 2718 ὶνυπόστατος
3508 2673 3661 2726 συμο

2083 2754 2403 2827 πληρωτικὴ
2433 2755 2534 2823 τῆς
2569 2751 2824 2806 συνθέτου
2871 2750 2965 2803 τοῦ
3011 2745 3246 2820 Χρίστοῦ
3277 2748 3656 2810 ὑποστάσεως,

2082 2845 2176 2901 καὶ
2201 2846 2299 2915 οὑχ
2329 2846 2528 2912 ἑαυτῆς
2556 2844 2740 2905 ἕνεκα,
2765 2841 2901 2896 ἀλλὰ
2925 2842 3022 2910 τῆς
3048 2841 3234 2907 κοινῆς
3257 2839 3526 2908 σωτηρίας
3547 2839 3656 2909 τῆς

2085 2935 2300 3004 φύσεως
2329 2933 2509 3005 ήνὼθη
2536 2932 2615 3002 τῷ
2639 2931 2761 3001 Θεῷ
2794 2931 2951 3000 Λόγῳ
2975 2945 2987 2959 ·
3021 2927 3203 2998 φαμὲν
3225 2928 3407 2980 τοίνυν
3431 2926 3532 2996 τὴν
3554 2926 3664 2995 φύ-

2083 3043 2167 3082 σιν
2194 3026 2294 3096 τῆς
2323 3026 2574 3095 θεότητος
2604 3023 2843 3093 ἡνῶσθαι
2881 3024 2946 3091 τῇ
2989 3019 3147 3088 φύσει
3179 3018 3280 3088 τῆς
3305 3017 3667 3088 dvorum-c611}-

2081 3135 2195 3183 τος,
2231 3114 2620 3186 σεσαρκῶσθαι
2648 3114 2704 3166 δὲ
2735 3113 2830 3182 τὴν
2855 3111 3149 3178 τοῦσΛόγου
3175 3109 3498 3164 ὑπόστασιν.
3522 3107 3670 3178 Σάρ-

2072 3226 2252 3272 -κωσις
2280 3208 2380 3278 μὲν
2412 3207 2540 3278 γὰρ,
2571 3205 2771 3276 σαρκὸς
2803 3201 3126 3274 πρόσληψις,
3156 3203 3252 3256 καὶ
3275 3201 3346 3255 τὸ
3369 3201 3538 3271 σαρκὶ
3567 3216 3668 3268 γτ-

2083 3298 2272 3352 νέσθαι
2306 3296 2865 3358 ὑπόστασις.Ἕνωσις
2892 3285 3082 3357 δὲβύο
3106 3291 3270 3345 τινῶν
3305 3291 3547 3353 σύνοδος,
3573 3290 3665 3343 καὶ

2083 3389 2164 3452 εἰς
2193 3387 2388 3442 ταυτὸν
2423 3386 2750 3445 συνέλευσις.

2158 3562 2251 3616 νδῖ
2294 3561 2368 3615 T6
2395 3559 2490 3614 τοῦ
2519 3559 2806 3629 ἀνθρώπου
2835 3558 3205 3627 παράδειγμα,
3229 3558 3300 3610 ἂν
3331 3557 3430 3627 μὲν
3455 3554 3661 3610 trimi

2085 3651 2259 3716 εἴδους
2301 3651 2393 3704 καὶ
2435 3649 2536 3718 τῆς
2569 3647 2785 3716 φύσεως
2828 3647 3049 3714 λάϐητε,
3079 3646 3160 3707 εἰς
3203 3643 3440 3713 Χριστὸν
3482 3644 3667 3712 χώραν

2084 3739 2184 3808 οὑχ
2211 3738 2341 3804 ἕξει.
2361 3732 2512 3800 Εἶδος
2535 3735 2644 3806 γὰρ
2673 3735 2921 3804 Χριστῶν
2951 3733 3160 3788 οὐδέπω
3177 3734 3276 3788 καὶ
3303 3733 3398 3786 νῦν
3419 3733 3669 3800 ἀκηκόα-

2091 3846 2190 3900 μεν
2209 3845 2223 3860 ο
2259 3827 2340 3881 διδ
2366 3827 2489 3880 οὔτε
2518 3825 2679 3896 φύσις
2703 3829 2732 3879 6
2750 3825 3003 3895 Χριστὸς,
3027 3823 3144 3879 ἀλλ’
3170 3824 3489 3886 ὑπόστασις.
3507 3824 3671 3876 Κατὰ

2088 3920 2198 3990 γὰρ
2213 3918 2303 3972 τὸν
2331 3917 2601 3989 μακάριον
2629 3915 2918 3986 Κύριλλον,
2944 3915 3009 3968 τὸ
3038 3915 3292 3982 Χριστὸς
3319 3914 3516 3981 δνομα,
3537 3913 3665 3965 οὔτι

2088 4011 2216 4082 ὅρου
2245 4008 2478 4080 δύναμιν
2507 4008 2638 4078 ἔχει,
2670 4006 2794 4060 οὔτε
2844 4007 2944 4077 τήν
2988 4022 3132 4066 τινος
3169 4005 3364 4058 οὑσιαν
3390 4003 3672 4074 δηλοί.“Δν

2089 4099 2148 4152 δὲ
2178 4098 2269 4152 ἐπὶ
2294 4096 2388 4150 τοῦ
2421 4113 2567 4160 τινος
2596 4094 2908 4168 ἀνθρώπου,
2943 4093 3242 4156 ὑπόστασις
3269 4092 3328 4145 δὲ
3356 4087 3539 4154 οὗτος.
3573 4091 3676 4145 οὐκ

2091 4191 2314 4245 ἄτοπον.
2333 4190 2527 4244 Ἰστέον
2554 4189 2630 4253 δὲ,
2662 4188 2739 4249 ὡς
2767 4188 2866 4241 οὑκ
2898 4187 3110 4256 ἀνάγκη
3151 4185 3221 4238 τὰ
3251 4183 3677 4254 παραδείγματα

2093 4283 2336 4346 καθόλως
2383 4283 2494 4345 τοῖς
2541 4278 3066 4352 παραδεικνυμὲνοις
3109 4274 3373 4334 ἐοικέναι,
3421 4272 3569 4342 ἔχειν
3617 4269 3677 4322 δὲ

2096 4374 2297 4447 μᾶλλον
2331 4372 2476 4426 κατὰ
2521 4389 2574 4424 τι
2623 4372 2715 4423 καὶ
2757 4370 2819 4422 τὺ
2863 4366 3122 4429 ἀπεοικός
3145 4382 3160 4397 ·
3197 4364 3318 4416 ἐπεὶ
3358 4362 3463 4415 οὑκ
3493 4360 3562 4414 ἂν
3589 4361 3676 4428 εἴη

2095 4460 2464 4536 παράδειγμα.
2484 4464 2769 4522 ’ῐουστῖνος
2799 4460 2977 4512 τοίνυν
3009 4460 3038 4511 6
3081 4456 3370 4525 φιλόσοφος
3405 4453 3506 4506 καὶ
3533 4452 3675 4521 pip-

2095 4576 2191 4622 τυς
2205 4557 2348 4612 οὑτω
2366 4556 2531 4625 φησὶν
2556 4554 2614 4608 ὲν
2633 4556 2700 4624 τῇ
2729 4552 2976 4605 Ἐκθέσει
2997 4551 3065 4620 τῇ
3082 4548 3213 4619 περὶ
3236 4549 3334 4617 τῆς
3352 4545 3528 4616 ὀρθῆς
3547 4546 3678 4612 ὀμο-

2096 4650 2279 4718 λογίας
2299 4666 2312 4680 ·
2342 4666 2360 4699 ‹
2389 4647 2546 4710 Τινὲς
2570 4646 2667 4716 μὲν
2695 4645 2794 4714 τὴν
2821 4643 3015 4696 ἕνωσιν
3041 4640 3116 4703 ὡς
3145 4639 3322 4708 ψυχῆς
3355 4636 3495 4707 πρὸς
3523 4635 3677 4702 σῶμα

2097 4741 2407 4811 νοήσαντες,
2440 4735 2611 4798 οὕτως
2640 4732 2972 4788 ὲκδεδώκασι
2994 4747 3008 4762 ·
3060 4729 3157 4782 καὶ
3189 4727 3450 4798 ἁρμόδιον
3483 4725 3593 4794 γὰρ
3622 4723 3679 4774 τὸ

2098 4830 2450 4901 παράδειγμα
2471 4843 2483 4856 °
2517 4826 2565 4878 εἰ
2600 4825 2690 4879 καὶ
2720 4824 2794 4895 μὴ
2827 4821 2968 4876 κατὰ
3001 4821 3198 4874 πάντα.
3231 4815 3394 4872 Κατά
3425 4833 3484 4868 τι
3512 4814 3642 4882 γοῦν
3662 4828 3674 4840 ·

2099 4921 2174 4983 ὡς
2219 4917 2327 4988 γὰρ
2374 4911 2455 4980 εἷς
2501 4915 2601 4986 μέν
2644 4916 2792 4967 ἐστιν
2837 4914 2866 4965 6
2913 4909 3218 4981 ἄνθρωπος,
3250 4907 3366 4978 ἔχει
3396 4905 3456 4958 δὲ
3492 4903 3678 4973 φύσεις

2100 5011 2213 5066 δύο.
2239 5029 2257 5061 ι

2171 5193 2265 5240 νε’.
2304 5182 2564 5238 Σκοπεῖτέ
2597 5197 2654 5234 τε
2687 5181 2762 5243 ὡς
2785 5182 2886 5233 οὑκ
2913 5173 3088 5243 εἶπεν,
3114 5170 3208 5240 Εἷς
3243 5179 3396 5230 ἐστιν
3423 5175 3454 5228 6
3476 5172 3681 5244 ἄνθρωο

2102 5296 2201 5343 πος
2230 5280 2295 5332 ἐκ
2326 5275 2420 5330 δύο
2449 5274 2686 5344 φύσεων,
2717 5271 2852 5337 ἀλλ’,
2873 5271 3026 5340 Ἔχει
3059 5270 3250 5339 φύσεις
3283 5266 3403 5331 δύο,
3431 5265 3574 5319 ὥστε
3596 5262 3683 5314 καὶ

2103 5369 2240 5441 μετὰ
2269 5369 2367 5440 τὴν
2412 5361 2523 5419 τῶν
2566 5361 2661 5417 δύο
2705 5362 2920 5432 φύσεων
2945 5361 3163 5426 ἕνωσιν,
3192 5357 3287 5410 δύο
3319 5356 3516 5424 φύσεις
3546 5354 3683 5424 ἔχειν

2097 5461 2187 5514 τὸν
2215 5459 2502 5528 ἄνθρωπον
2531 5452 2756 5526 ἔφησεν.
2793 5471 2812 5506 t
2834 5453 2923 5516 Ὠς
2952 5451 3061 5522 γὰρ
3092 5446 3174 5514 εἷς
3201 5449 3301 5519 μέν
3330 5447 3470 5508 ἐστι,
3497 5444 3681 5514 φησιν,

2097 5555 2126 5608 6
2151 5551 2459 5623 ἄνθρωπος,
2488 5547 2600 5618 ἔχει
2632 5539 2686 5600 δᾶ
2717 5544 2908 5617 φύσεις
2955 5543 3047 5597 δύο
3080 5543 3137 5595 ὲν
3169 5539 3320 5609 αὑτῷ
3369 5535 3683 5606 διαφόρους,

503 5741 545 5772 ⁸⁸
575 5737 862 5807 Expositio
889 5740 1016 5797 iidei
1045 5741 1185 5796 inter
1210 5754 1374 5810 opera
1404 5737 1604 5794 Justini
1635 5737 1892 5810 martyris
1927 5735 1995 5793 de
2031 5747 2138 5806 qua
2172 5731 2384 5789 dicetur
2433 5727 2598 5785 intra.
