3962 6202
294 342 430 411 1465

1556 348 1853 410 CONTRA
1895 347 2312 411 JACOBITAS.

3382 341 3515 412 1466

281 458 373 512 καὶ
421 455 543 511 κατ’
572 454 699 509 ἄλλο
729 455 828 526 μιν
875 455 1169 525 λογίζεται,
1214 455 1334 511 κατ’
1359 456 1487 512 ἄλλο
1518 457 1573 511 δὲ
1611 459 1672 512 τὸ
1700 459 1838 527 λογιμ

1947 466 2176 515 naturas
2219 458 2279 512 in
2310 454 2495 526 seipse
2527 454 2777 510 diversas
2829 453 3017 520 habet,
3051 463 3110 511 ut
3140 455 3244 513 alia
3286 458 3512 529 quidem

285 548 405 601 σθὶν
446 549 688 617 ἐνεργεῖ·
729 548 874 619 ψυχῇ
917 548 1016 619 μὲν
1056 548 1164 619 γὰρ
1190 551 1352 620 νοερᾷ
1390 549 1761 619 λογισάμενος,
1794 551 1849 602 si.

281 638 431 709 τύχοι
467 637 562 692 τοῦ
604 637 792 692 πλοίου
819 638 919 710 τὴν
949 639 1247 710 σύμπηξιν,
1276 642 1431 711 χερσὶ
1452 640 1516 693 τὸ
1546 639 1736 711 νοηθὲν
1763 641 1845 704 είς

278 732 453 801 πέρας
475 730 632 798 ἄγειο
659 728 834 794 οὕτως
875 734 903 784 6
943 732 1091 797 Υίὸς,
1122 725 1202 796 εἷς
1226 731 1323 796 ὢν,
1358 732 1453 785 καὶ
1495 730 1587 785 δύο
1631 730 1842 800 φύσεις,

279 822 398 875 κατ’
420 820 585 890 ἄλλην
613 822 710 891 μὲν
739 822 836 886 τὰς
859 812 1181 893 θεοσημείας
1204 824 1516 893 ἐργάζεται,
1538 824 1655 877 κατ’
1677 822 1842 891 ἄλλην

278 913 335 967 δὲ
382 912 451 966 τὰ
493 914 726 967 ταπεινὰ
770 909 1235 986 παραδέχεται.τῌ
1266 915 1363 984 μὲν
1393 914 1501 985 γὰρ
1543 916 1607 967 ἐκ
1632 914 1844 984 Πατρὸς

278 1003 369 1059 καὶ
392 1002 543 1068 Θεὸς,
576 1004 786 1075 ἐνεργεῖ
811 1007 878 1061 τὰ
900 1009 1097 1076 σημεῖα
1116 1022 1130 1038 ’
1222 1006 1277 1058 δὲ
1308 1007 1372 1059 ὲκ
1392 1004 1667 1075 Παρθένου
1696 1006 1788 1059 καὶ
1814 1005 1843 1055 6

277 1092 581 1165 ἄνθρωπος,
612 1094 701 1147 τὸν
732 1095 981 1164 σταυρὸν,
1010 1094 1105 1149 καὶ
1130 1095 1197 1149 τὰ
1228 1096 1399 1166 πάθη,
1428 1095 1522 1148 καὶ
1564 1094 1633 1149 τὰ
1660 1111 1839 1164 παρα-

276 1185 483 1255 πλήσια
516 1184 759 1255 φυσικῶς
787 1186 984 1240 ἐθέλων
1013 1186 1293 1255 ὑπέμεινε.
1321 1204 1339 1237 ι
1368 1186 1485 1238 Τίνι
1516 1183 1835 1253 καταφαίνε-

276 1277 365 1329 ταί
418 1293 500 1330 σοι
551 1279 868 1348 συνηγορεῖν
917 1277 977 1330 τὸ
1026 1277 1406 1348 παράδειγμα;
1446 1278 1557 1341 τοῖς
1590 1276 1718 1346 μίαν
1750 1276 1843 1329 tul.

275 1368 513 1439 Χριστοῦ
540 1368 704 1437 φύσιν
732 1367 910 1435 λέγειν
941 1367 1201 1436 τολμῶσι,
1236 1368 1270 1438 ἢ
1298 1369 1407 1431 τοῖς
1430 1366 1524 1420 δύο
1544 1364 1841 1437 ὀρθοδόξως

274 1460 610 1529 ἀσυγχύτους
640 1461 732 1514 καὶ
770 1460 1106 1531 ἀδιαιρέτους
1138 1459 1528 1529 κηρύττουσιν;
1576 1459 1637 1513 '0
1662 1458 1843 1513 θεολό-

275 1568 365 1619 τος
394 1551 837 1623 Γρηγόριοςετάδε
868 1552 1001 1621 φησί
1023 1568 1039 1586 ο
1070 1570 1089 1602 ι
1112 1551 1306 1614 Φύσεις
1338 1553 1437 1621 μὲν
1457 1551 1562 1622 γὰρ
1579 1551 1690 1616 δύο,
1710 1550 1841 1613 Θεὸς

274 1639 367 1692 καὶ
392 1639 679 1710 ἄνθρωπος
698 1656 711 1670 ·
743 1640 867 1693 ἐπεὶ
896 1640 990 1694 καὶ
1016 1638 1165 1712 ψυχὴ
1198 1641 1293 1713 και
1321 1638 1482 1709 σῶμα
1506 1656 1518 1670 ·
1560 1640 1667 1692 υἱοὶ
1696 1639 1752 1691 δὲ
1778 1639 1839 1693 οὐ

270 1727 385 1795 δύο,
414 1729 535 1784 οὐδὲ
561 1729 692 1785 θεοί.
724 1749 743 1781 ι

339 1913 450 1979 uc’.
464 1906 655 1961 Ὀτιδὲ
672 1907 922 1962 πλεῖστον
944 1906 1056 1977 εχει
1075 1908 1137 1961 τὸ
1159 1909 1406 1974 ἀπεικὸς,
1426 1908 1675 1963 ἐντεῦθεν
1694 1910 1834 1964 τισό-

272 1998 430 2068 μεθα.
472 1996 567 2052 Ἐκ
598 1999 758 2053 τίνων
799 1998 932 2068 φατὲ
976 2000 1341 2055 συντεθεῖσθαι
1383 2000 1474 2055 τὸν
1517 2001 1835 2072 ᾶνθρωπον;

281 2085 374 2142 Ἕκ
395 2088 572 2160 ψυχῆς
611 2089 811 2161 δηλαδὴ
838 2091 931 2143 καὶ
966 2090 1232 2161 σώματος.
1267 2091 1332 2145 Τί
1362 2086 1454 2145 οὖν
1503 2091 1577 2162 μὴ
1607 2093 1671 2144 ἐκ
1704 2091 1838 2145 Θεοῦ

268 2178 360 2231 καὶ
392 2177 675 2248 ἀνθρώπου
702 2180 791 2232 τὸν
810 2179 1043 2248 Χριστὸν
1072 2180 1378 2249 ὁμολογεῖτε
1400 2182 1477 2252 ;.ῆ
1507 2181 1649 2244 τίνος
1676 2183 1839 2237 ἕνεκα

271 2268 346 2338 μὴ
378 2270 441 2321 ἐκ
485 2269 786 2339 ψυχότητος
831 2272 921 2323 τὸν
966 2271 1253 2341 ἄνθρωπον
1294 2274 1385 2326 καὶ
1435 2274 1836 2344 σωματότητος,

267 2359 454 2431 ὥσπερ
481 2361 572 2413 τὸν
598 2363 832 2432 Χριστὸν
862 2364 926 2439 ὲκ
965 2362 1215 2435 θεότητος
1250 2366 1341 2419 καὶ
1382 2364 1835 2436 ἁνθρωπότητος;

267 2451 368 2505 Διὰ
391 2452 443 2504 τί
466 2452 521 2505 δὲ
548 2453 576 2504 6
598 2454 693 2507 ἄνθ
703 2471 884 2524 ρωπος
908 2455 984 2525 μὴ
1010 2456 1129 2519 ὅλος
1154 2456 1301 2526 ψυχὴ
1324 2458 1416 2510 καὶ
1440 2456 1558 2521 ὅλος
1586 2458 1743 2528 σῶμα
1761 2457 1839 2509 λὲο

265 2557 438 2607 γοιτο,
468 2541 543 2605 ὡς
565 2542 797 2613 Χριστὸς
824 2543 944 2606 ὅλος
973 2543 1104 2607 Θεὸς
1140 2545 1235 2599 καὶ
1259 2544 1377 2608 ὅλος
1402 2545 1497 2601 ἄνθ
1508 2563 1716 2616 ρωπος;
1743 2547 1837 2599 καὶ

265 2632 387 2696 ὅλος
413 2633 472 2686 ιν
486 2632 749 2704 ψυχότητι
769 2633 991 2699 τέλειος,
1012 2634 1105 2687 καὶ
1124 2635 1242 2698 ὅλος
1267 2636 1323 2688 ἐν
1352 2634 1733 2706 ἁνθρωπότητι
1752 2635 1838 2689 τέ-

264 2724 429 2788 λειος,
460 2724 537 2785 ὠς
564 2724 592 2776 ὀ
617 2724 851 2792 Χριστὸς
879 2724 997 2787 ὅλος
1040 2725 1097 2776 ὲν
1124 2725 1335 2793 θεότητι
1367 2725 1567 2788 τέλειος
1600 2726 1692 2778 καὶ
1719 2725 1838 2789 ὅλος

264 2814 325 2864 ὲν
376 2812 755 2883 ἁνθρωπότητι
793 2814 1026 2877 τέλειος·
1078 2813 1173 2866 καὶ
1219 2814 1337 2877 ὅλος
1380 2814 1526 2884 ψυχὴ
1577 2818 1711 2884 μετὰ
1745 2815 1837 2868 τοῦ

261 2901 540 2972 σώματος,
568 2903 661 2956 καὶ
686 2903 805 2967 ὅλος
838 2903 997 2973 σῶμα
1031 2904 1169 2973 μετὰ
1196 2904 1296 2974 τῆς
1331 2904 1525 2973 ψυχῆς,
1560 2905 1633 2968 ὡς
1656 2908 1683 2958 6
1702 2907 1745 2957 Χ
1755 2923 1838 2976 ρι-

264 2990 390 3052 στὸς
416 2978 690 3056 ὅλοςΘεὸς
727 2992 864 3061 μετὰ
893 2992 991 3062 τῆς
1018 2993 1221 3061 σαρκὸς
1250 2990 1436 3055 αὐτοῦ,
1473 2994 1566 3046 καὶ
1602 2993 1718 3055 ὅλος
1740 2992 1836 3046 ἄν·

266 3079 482 3181 θριυπος
502 3080 642 3181 μετα
666 3082 765 3181 τἠς
789 3082 953 3181 uino?)
972 3084 1207 3154 ἀνάρχου
1230 3085 1478 3155 θεότητος
1494 3104 1509 3150 ;
1526 3087 1583 3140 '0
1605 3085 1706 3155 μὲν
1728 3085 1838 3158 γὰρ
1865 3125 1906 3181 C

263 3171 550 3239 ἄνθρωπος
600 3172 663 3224 ἐκ
707 3172 882 3249 ψυχῆς
935 3175 1028 3228 καὶ
1074 3174 1319 3244 σώματος
1361 3176 1547 3247 ἔτερόν
1592 3194 1644 3230 τι
1686 3178 1837 3250 παρὰ

262 3261 435 3317 ταῦτα
466 3263 755 3334 γεγένηται
779 3274 823 3329 ι’,
852 3264 973 3335 ἦτοι
1016 3264 1328 3335 ἄνθρωπος·
1375 3270 1403 3321 6
1429 3268 1485 3321 δὲ
1515 3269 1749 3340 Χριστὸς
1778 3270 1837 3334 ἐξ

264 3351 466 3421 ἐτέρων
519 3353 587 3406 τὰ
639 3354 808 3407 αὑτά·
860 3356 923 3407 ἐκ
968 3354 1215 3425 θεότητος
1266 3359 1358 3411 καὶ
1398 3359 1832 3431 ἀνθρωπότητος,

266 3442 397 3504 Θεός
430 3459 488 3494 τε
536 3445 628 3497 καὶ
668 3444 969 3514 ἄνθρωπος.
996 3447 1058 3498 El
1100 3447 1157 3499 δὲ
1200 3448 1341 3501 κατὰ
1366 3449 1543 3503 πάντα
1584 3450 1695 3520 ἔχει
1736 3452 1834 3521 τὴν

266 3531 576 3603 ὁμοιότητα,
613 3533 717 3586 ἔδει
748 3535 840 3588 καὶ
872 3536 1237 3602 Χριστότητα
1264 3536 1362 3605 τὴν
1402 3536 1650 3592 σύνθετον
1681 3538 1833 3607 ὑμῶν

270 3618 620 3691 ὀνομάζεσθαι
644 3624 825 3691 φύσιν,
847 3625 1035 3694 ὥσπερ
1057 3624 1412 3695 ἁνθρωπότης
1437 3628 1472 3697 ή
1502 3627 1606 3679 τῶν
1629 3627 1835 3698 ἀνθρὼ-

269 3728 386 3766 πων
413 3714 573 3781 φύσις
601 3714 716 3769 ἐστι
744 3733 804 3768 τε
839 3716 935 3770 καὶ
960 3717 1201 3785 λέγεται.

336 3972 434 4036 νζ¹.
468 3973 675 4036 Ἀλλως
696 3975 751 4028 δὲ
786 3976 878 4028 καὶ
916 3976 949 4044 ἡ
983 3975 1128 4045 ψυχὴ
1155 3975 1258 4028 ὑπὸ
1287 3975 1396 4028 τῶν
1444 3975 1533 4028 τοῦ
1585 3976 1835 4046 σώματος

269 4065 717 4135 προκατεχομένη
743 4066 952 4130 παθῶν,
982 4067 1075 4119 καὶ
1108 4067 1416 4136 προπάσχει
1454 4068 1715 4132 πολλάκις
1740 4069 1832 4122 τοῦ

266 4153 539 4225 σώματος,
573 4158 882 4225 συμπάσχει
908 4158 963 4211 δὲ
990 4158 1274 4227 διηνεκῶς.
1313 4159 1545 4229 Ἀγωνιᾷ
1575 4160 1681 4229 γὰρ
1714 4160 1835 4212 πολ-

262 4244 423 4305 λάκις
454 4247 553 4316 τὴν
578 4247 669 4300 τοῦ
705 4246 953 4316 σώματος
989 4249 1184 4319 τομὴν,
1211 4249 1305 4301 καὶ
1342 4249 1446 4319 πρὸ
1488 4249 1581 4302 τοῦ
1631 4251 1833 4315 πάθους

262 4335 360 4389 τοῦ
388 4336 635 4407 σώματος
679 4339 877 4408 πάσχει
901 4379 916 4404 ,
941 4339 1035 4392 καὶ
1084 4339 1389 4393 ἀλλοιοῦται
1414 4357 1427 4371 ο
1453 4342 1547 4393 καὶ
1578 4341 1717 4411 μετὰ
1739 4326 1851 4413 τὴν

265 4429 438 4499 τομὴν
459 4431 609 4482 οὐδὲν
640 4426 800 4501 ἦττον
830 4430 921 4484 τοῦ
954 4431 1202 4501 σώματος
1226 4433 1291 4484 τὰ
1312 4432 1413 4501 τῆς
1446 4433 1633 4501 ὀδύνης
1656 4436 1835 4501 ἐμπα-
1871 4464 1912 4521 D

265 4517 376 4579 θῶς
399 4519 782 4589 παραδέχεται.
813 4518 988 4585 Ὅπερ
1027 4519 1119 4570 ἐπὶ
1150 4519 1247 4586 τῆς
1277 4518 1370 4571 τοῦ
1419 4520 1622 4588 Κυρίου
1651 4520 1837 4592 θεότη-

263 4626 357 4671 τος
389 4610 488 4662 οὐκ
508 4609 571 4661 ἄν
602 4626 683 4671 τις
715 4608 790 4679 μὴ
814 4607 1105 4679 παραπλὴξ
1131 4609 1230 4676 τὴν
1261 4608 1495 4662 διάνοιαν
1526 4609 1655 4683 εἴπῃ
1683 4613 1832 4667 ποτέ.

263 4699 329 4752 Ei
362 4696 454 4752 οὖν
506 4699 595 4752 καὶ
633 4701 762 4768 μιᾶς
809 4698 1022 4767 φύσεως
1045 4702 1072 4753 6
1122 4698 1407 4770 ἄνθρωπος
1436 4699 1692 4768 λέγεται,
1719 4703 1835 4756 ἀλλ’

262 4790 341 4852 ὡς
373 4787 533 4853 εἶδος,
554 4791 652 4859 οὐχ
690 4790 765 4852 ὠς
792 4790 1107 4853 ὑπόστασις.
1143 4791 1312 4843 Ὅταν
1350 4793 1448 4860 μὲν
1482 4791 1591 4863 γὰρ
1624 4793 1835 4863 ἄνθρω-

266 4899 369 4940 πος
396 4881 531 4951 πρὸς
558 4882 843 4948 ἄνθρωπον
868 4884 1142 4954 κρίνηται,
1166 4884 1291 4951 μιᾶς
1315 4881 1526 4950 φύσεως
1546 4882 1620 4945 ὡς
1640 4884 1834 4953 ὁμοούο

268 4985 375 5021 σιοι
408 4969 675 5038 λέγονται,
708 4972 801 5025 καὶ
849 4974 924 5036 ὡς
958 4974 1047 5040 ὑφ’
1085 4973 1141 5024 ἒν
1179 4968 1317 5035 εἶδος
1350 4972 1703 5041 ταττόμενοι·
1743 4976 1832 5027 ὅτε

263 5059 321 5111 δὲ
351 5065 749 5128 φυσιογενεῖται
783 5063 811 5115 6
844 5048 1127 5133 ἄνθρωπος
1150 5103 1163 5127 ,
1189 5063 1282 5114 δύο
1330 5062 1417 5114 ἐπ’
1447 5063 1610 5116 αὑτοῦ
1643 5066 1833 5132 φύσεις

268 5149 729 5220 θεωρηθήσονται,
759 5153 936 5223 ψυχῆς
976 5153 1120 5221 λέγω
1169 5155 1262 5205 καὶ
1301 5152 1572 5221 σώματος.
1608 5154 1696 5207 Ἐν
1725 5158 1830 5228 γὰρ

267 5243 335 5310 τῇ
373 5243 473 5311 τῆς
494 5242 672 5313 ψυχῆς
713 5246 846 5315 πρὸς
878 5246 938 5298 τὸ
991 5246 1149 5315 σῶμα
1196 5244 1517 5312 συγκρίσει,
1550 5246 1633 5307 τίς
1669 5246 1839 5311 οὕτως

266 5331 513 5399 ἀνόητος,
541 5332 616 5397 ὡς
659 5334 786 5403 μίαν
813 5336 1139 5405 ἀμφοτέρων
1168 5333 1333 5402 φύσιν
1363 5334 1564 5398 είπεῖν;
1590 5335 1838 5404 Χριστῶν

346 5486 390 5517 ’⁸
421 5485 573 5555 Epist
640 5488 704 5539 ad
745 5486 898 5543 Cled.

1946 548 2325 613 ratiocinetur,
2376 546 2484 599 alia
2518 559 2650 599 vero
2676 544 2730 598 id
2768 554 3099 614 exsequatur
3128 549 3275 617 quod
3306 556 3516 604 rationc

1944 637 2216 708 digessit(
2271 637 2455 691 animo
2504 634 2820 705 siquidem,
2862 637 3062 703 naxigii
3109 647 3237 706 puta
3293 655 3514 711 compa-

1944 744 2063 798 gem
2105 728 2447 797 complexus,
2486 733 2811 795 conceptam
2861 732 3042 780 mente
3080 733 3411 782 structuram
3446 730 3510 783 ad

1944 820 2104 875 ﬁnem
2138 819 2391 889 perducit
2420 820 2477 888 );
2517 820 2595 874 ita
2629 818 2805 874 Filius
2836 833 2962 874 cum
2998 834 3143 875 unus
3172 820 3273 884 sit,
3303 828 3358 874 et
3392 820 3515 877 duae

1943 916 2190 975 naturae;
2236 911 2409 966 altera
2447 910 2631 965 divina
2664 908 2935 965 miracula
2982 909 3115 975 edit,
3140 910 3310 963 altera
3334 918 3513 965 autem

1943 1001 2173 1071 suscipit
2224 1001 2481 1057 humilia.
2536 1000 2818 1067 Quatenus
2874 1010 2960 1055 est
3004 1014 3072 1054 ex
3117 998 3278 1054 Patre
3336 999 3511 1061 Deus,

1942 1092 2191 1163 prodigia
2208 1099 2468 1161 operatur
2494 1108 2511 1156 ;
2545 1100 2820 1162 quatenus
2841 1105 2970 1145 vero
2998 1106 3065 1147 ex
3098 1088 3319 1160 Virgine
3349 1091 3513 1147 homo

1942 1194 2044 1248 est,
2075 1198 2321 1250 crucem,
2354 1184 2879 1254 perpessionesque,
2918 1190 2975 1237 et
3001 1182 3204 1237 similia
3246 1184 3514 1237 naturali-

1945 1284 2027 1331 ter
2076 1285 2130 1331 et
2165 1284 2362 1345 sponte
2408 1274 2694 1346 sustinuit.
2738 1292 2758 1325 ι
2819 1273 2920 1329 Cui
2954 1288 3149 1328 censes
3202 1274 3511 1342 exemplum

1943 1368 2317 1436 patrocinari?
2365 1368 2432 1424 iis
2459 1367 2550 1437 qui
2590 1380 2754 1420 unam
2796 1365 2852 1418 in
2873 1364 3093 1421 Christo
3129 1372 3380 1419 naturam
3431 1364 3514 1419 di-

1942 1474 2067 1514 cere
2096 1458 2376 1514 audeant?
2399 1475 2468 1514 an
2498 1458 2609 1513 illis
2649 1457 2745 1527 qui
2772 1456 2912 1511 duas
2931 1498 2948 1523 ,
2972 1465 3032 1511 ut
3064 1464 3215 1512 recta
3256 1457 3508 1511 doctrina

1943 1549 2070 1615 fert,
2100 1566 2209 1605 non
2270 1550 2572 1614 confusas,
2607 1565 2783 1620 neque
2821 1549 3028 1605 divisas
3068 1548 3404 1618 praedicant?
3428 1547 3510 1603 Ad

1942 1642 2062 1696 haec
2090 1641 2388 1711 Gregorius
2425 1641 2736 1710 Theologus
2752 1641 2831 1694 ait
2853 1641 2896 1672 ¹⁶
2931 1656 2950 1695 :
2978 1659 2998 1692 ι
3034 1639 3255 1695 Natum
3286 1639 3510 1708 quidem

1942 1730 2085 1793 dua,
2111 1731 2255 1786 Deus
2301 1740 2355 1784 et
2416 1732 2616 1795 homo,
2654 1730 2917 1800 quoniant
2955 1730 3138 1785 anima
3185 1740 3241 1785 et
3264 1743 3512 1799 corpus;

1871 1795 1913 1851 Β
1938 1820 2041 1875 filii
2059 1836 2199 1875 vero
2219 1836 2328 1874 non
2351 1820 2484 1886 duo,
2518 1795 2694 1889 neque
2720 1820 2820 1874 dii.
2859 1838 2879 1872 ι

2012 1911 2101 1967 56.
2123 1911 2280 1977 Quod
2347 1925 2479 1965 vero
2536 1911 2837 1965 maximum
2889 1909 3003 1965 illic
3047 1908 3353 1966 discrimen
3414 1908 3509 1971 sit,

1939 2004 2138 2061 exinde
2219 2003 2560 2059 noverimus.
2623 2002 2704 2058 Ex
2754 2003 3091 2073 quibusnam
3144 2001 3511 2070 compositum

1939 2106 2065 2147 esse
2084 2090 2361 2146 hominem
2393 2089 2623 2161 dicitis?
2649 2104 2717 2145 ex
2753 2090 2935 2143 anima
2955 2090 3144 2159 utique
3168 2095 3225 2143 et
3255 2102 3506 2157 corpore.

1940 2180 2119 2236 Eccur
2145 2181 2313 2249 igitur
2341 2194 2451 2235 non
2484 2179 2763 2235 fateamini
2798 2179 3079 2236 Christum
3119 2194 3245 2235 esse
3280 2193 3507 2247 compo—

1940 2272 2105 2325 situm
2147 2286 2214 2323 ex
2250 2269 2362 2325 Deo
2405 2278 2461 2324 et
2503 2269 2767 2324 homine?
2816 2268 3029 2334 Quidve
3053 2284 3237 2324 causae
3277 2280 3419 2333 est;
3452 2276 3515 2321 ut

1940 2376 2050 2415 non
2070 2377 2133 2415 ex
2149 2361 2435 2415 animitate
2463 2369 2517 2415 et
2542 2360 2933 2429 corporalitate
2954 2370 3212 2414 constare
3234 2358 3506 2412 hominem

1939 2452 2340 2522 pronuntietis,
2388 2452 2557 2507 veluti
2607 2450 2885 2506 Christum
2925 2466 2994 2503 ex
3043 2450 3244 2504 deitate
3303 2456 3357 2501 et
3410 2447 3513 2499 bu-i

1942 2542 2251 2597 inanitate?
2281 2540 2467 2608 Quare
2492 2543 2656 2596 homo
2699 2556 2808 2595 non
2838 2548 2986 2596 totus
3014 2541 3199 2594 anima
3218 2580 3235 2603 ,
3268 2554 3368 2594 nec
3421 2546 3509 2593 to-

1939 2642 2029 2691 tus
2056 2650 2260 2705 corpus
2307 2636 2534 2699 dicitur,
2570 2639 2725 2690 sicut
2776 2634 3033 2689 Christus
3080 2641 3230 2687 totus
3266 2632 3409 2686 Deus
3454 2642 3512 2686 et

1938 2732 2087 2779 totus
2112 2726 2321 2779 homo?
2359 2742 2465 2779 non
2501 2733 2653 2781 totus
2686 2726 2741 2779 in
2774 2724 3067 2778 animitate
3110 2721 3419 2791 perfectus,
3453 2731 3510 2775 et

1938 2824 2092 2870 totus
2149 2816 2205 2869 in
2235 2818 2628 2885 corporalitate
2676 2816 2954 2886 perfectus
2996 2831 3013 2868 :
3054 2813 3199 2868 sicut
3254 2812 3510 2866 Christus

1940 2914 2092 2961 totus
2134 2906 2189 2960 in
2231 2906 2523 2963 divinitate
2563 2908 2865 2977 perfectus,
2885 2914 2941 2961 et
2963 2914 3111 2959 totus
3152 2906 3207 2957 in
3254 2903 3509 2957 humani-

1940 3002 2050 3051 tate
2074 2996 2351 3065 perfectus
2375 3036 2390 3060 ,
2421 3011 2521 3051 nec
2549 3005 2702 3051 totus
2744 2997 2926 3049 anima
2961 3009 3068 3048 una
3091 3008 3220 3048 cum
3243 3008 3507 3062 corpore,

1940 3095 1993 3141 et
2032 3093 2182 3140 totus
2225 3103 2432 3158 corpus
2476 3103 2584 3141 una
2630 3102 2755 3142 cum
2800 3088 3014 3151 anima,
3076 3089 3221 3142 sicut
3255 3085 3510 3141 Christus

1945 3183 2092 3230 totus
2124 3174 2268 3231 Deus
2299 3190 2423 3229 cum
2445 3190 2543 3229 sua
2570 3191 2761 3241 carne,
2791 3183 2845 3229 et
2864 3184 3012 3230 totus
3050 3176 3213 3229 homo
3241 3191 3366 3229 cum
3402 3176 3510 3229 dei-

1944 3272 2052 3320 tate
2076 3280 2198 3328 sua,
2230 3280 2355 3335 qua:
2378 3266 2595 3319 initium
2626 3280 2738 3320 non
2766 3266 2977 3320 habuit.
3010 3265 3184 3320 Homo
3217 3266 3508 3334 siquidem.

1940 3371 2008 3409 ex
2038 3355 2218 3409 anima
2259 3364 2315 3409 et
2351 3371 2582 3424 corpore
2623 3364 2917 3421 constans,
2960 3356 3108 3410 aliud
3139 3357 3268 3426 quid
3316 3364 3513 3424 praeter

1943 3446 2055 3500 lucc
2080 3446 2311 3501 effectus
2358 3446 2516 3517 411
2552 3454 2670 3512 est,
2718 3463 2910 3517 nempe
2966 3448 3130 3503 homo
3187 3466 3202 3503 :
3253 3448 3512 3503 Christus

1942 3553 2070 3592 vero
2098 3553 2161 3593 ex
2185 3538 2442 3599 diversis,
2475 3538 2667 3593 eadem
2697 3557 2712 3592 :
2754 3554 2822 3592 cx
2851 3540 3140 3592 divinitate
3169 3546 3224 3592 et
3253 3538 3510 3591 humani-

1942 3637 2072 3683 tate.
2123 3627 2273 3681 Deus
2292 3626 2458 3681 simul
2487 3635 2542 3679 et
2578 3627 2764 3679 homo.
2797 3628 2853 3679 Si
2885 3636 3064 3680 autem
3112 3643 3206 3694 per
3226 3630 3407 3681 omnia
3433 3629 3512 3681 si-

1941 3715 2067 3768 mile
2097 3714 2407 3781 exemplum
2465 3712 2637 3775 foret,
2673 3715 3051 3766 necessarium
3084 3721 3231 3767 esset
3273 3724 3511 3767 vestram

1942 3805 2089 3858 illam
2121 3805 2481 3872 compositam
2515 3813 2772 3856 naturam
2808 3803 3094 3856 nominare
3126 3800 3509 3866 Chrisiitatem,

1942 3888 2088 3941 velut
2118 3896 2314 3940 natura
2346 3884 2631 3938 hominum
2665 3894 2748 3939 est
2779 3896 2832 3939 et
2865 3886 3079 3955 dicitur,
3101 3885 3437 3940 humanitas.

2012 3978 2100 4033 5'7.
2142 3976 2443 4038 Praeterea,
2495 3975 2687 4051 anima
2743 3976 3192 4045 perpessionibus
3260 3976 3508 4045 corporis

1942 4074 2345 4137 praeoccupata,
2375 4080 2611 4135 corpore
2642 4066 2795 4135 prius
2834 4081 2976 4135 saepe
3026 4066 3273 4135 patitur;
3317 4082 3508 4135 perpe-

1943 4170 2036 4213 tuo
2082 4174 2214 4213 vero
2241 4172 2345 4211 una
2396 4157 2624 4235 patitur.
2678 4156 2833 4226 Saepe
2881 4156 3149 4225 siquidem
3180 4157 3401 4223 accidit,
3454 4167 3511 4211 ut

1942 4258 2159 4321 propter
2201 4250 2450 4319 corporis
2489 4250 2784 4304 sectionem
2834 4257 3087 4317 angatur,
3128 4256 3184 4303 et
3215 4258 3343 4303 ante
3420 4265 3511 4319 pa-

1944 4344 2126 4407 tiatur,
2167 4358 2328 4412 quam
2360 4355 2561 4411 corpus
2588 4340 2799 4404 doleat,
2837 4348 3000 4408 atque
3036 4341 3389 4394 mutationem
3415 4356 3507 4393 ca-

1942 4433 2075 4502 piat.
2100 4432 2219 4494 Ast,
2262 4439 2418 4486 secto’
2446 4445 2712 4499 corpore,
2774 4430 3131 4484 nihilominus
3175 4446 3338 4498 quam
3386 4446 3509 4484 cor-

1942 4539 2067 4593 pus,
2098 4522 2306 4577 doloris
2332 4536 2498 4576 sensu
2520 4520 2750 4574 allicitur
2788 4539 2802 4574 :
2842 4520 2987 4593 quod
3018 4528 3199 4574 tamen
3240 4525 3292 4574 in
3316 4522 3511 4575 divini-

1942 4622 2052 4667 tate
2085 4612 2301 4666 Domini
2342 4627 2502 4666 nemo
2536 4627 2705 4667 sanus
2737 4612 2988 4666 cvcnisse
3017 4612 3237 4666 dixerit.
3272 4610 3387 4665 Etsi
3420 4627 3512 4666 er-

1939 4718 2007 4773 go
2040 4700 2203 4753 unius
2252 4708 2460 4752 natura:
2507 4700 2669 4753 homo
2711 4699 2954 4775 dicitur;
3005 4708 3060 4752 at
3108 4714 3218 4753 non
3250 4706 3511 4767 tanquam

1941 4790 2275 4862 hypostasis,
2325 4788 2419 4845 sed
2454 4796 2713 4858 tanquam
2743 4790 2975 4858 species.
3010 4788 3145 4842 Nam
3181 4804 3305 4843 cum
3350 4788 3513 4842 homo

1940 4899 2063 4936 cum
2102 4881 2325 4935 homine
2380 4879 2683 4945 confertur,
2737 4881 2904 4935 unius
2949 4889 3177 4943 naturae.
3235 4897 3334 4936 ceu
3377 4896 3511 4935 con-

1939 4970 2328 5027 substantiales
2380 4968 2695 5036 ejusdemve
2738 4970 3058 5025 substantiae
3107 4971 3388 5035 dicuntur,
3458 4979 3512 5025 et

1939 5071 2196 5131 tauquam
2250 5060 2351 5114 sub
2397 5075 2504 5112 una
2552 5060 2735 5129 specie
2791 5061 3066 5116 collocati.
3122 5059 3352 5127 Quando
3385 5077 3513 5115 vero

1939 5151 2005 5206 de
2048 5160 2242 5204 natura
2288 5150 2524 5203 hominis
2556 5148 2895 5218 disputatur,
2936 5150 3057 5204 duae
3090 5151 3145 5204 in
3198 5168 3263 5205 eo
3306 5159 3513 5205 natura:

1947 5248 2293 5313 spectantur,
2328 5240 2523 5293 anima:
2582 5239 2793 5294 scilicet
2848 5248 2900 5294 ct
2945 5242 3214 5310 corporis.
3262 5242 3319 5317 Si
3366 5243 3509 5296 enim

1949 5336 2133 5390 anima
2162 5348 2284 5388 cum
2310 5346 2537 5401 corpore
2590 5342 2961 5400 comparetur,
3007 5333 3131 5403 quis
3168 5332 3241 5387 ita
3286 5332 3509 5388 dcmcns

1546 5579 1779 5634 νΑιιιΑε
1818 5577 2105 5635 LECTION
2116 5580 2214 5635 ES.

350 5692 370 5720 τ
391 5686 550 5744 'l'urr.
581 5692 743 5747 vertit
766 5692 968 5761 genitus
993 5694 1088 5757 est,
1122 5706 1185 5747 ac
1217 5692 1262 5748 si
1298 5692 1488 5764 legerit
1511 5692 1854 5763 γεγέννηται.
1898 5692 2061 5749 Arab.
2091 5707 2217 5749 vero
2257 5692 2453 5762 posuit,
2478 5692 2603 5763 fuit,
2642 5692 2815 5764 factus
2839 5702 2934 5762 est,
2975 5695 3287 5769 γεγένηται.
