3930 6206
231 351 356 415 illi)

1478 351 1779 411 CONTRA
1804 348 2219 409 JACOBITAS.

3347 344 3475 415 ιιιυ

222 464 312 517 καὶ
341 464 501 517 ἄλλο
536 464 631 516 ἐπὶ
667 462 763 531 τῆς
811 461 1124 532 οἰκονομίας
1153 459 1239 515 ἀεὶ
1269 460 1366 523 τὰς
1393 460 1585 529 φύσεις
1634 461 1807 531 δηλώ-

1920 466 1961 512 ιι
1990 457 2136 511 aliud
2164 464 2221 511 et
2254 456 2403 509 aliud
2446 456 2500 510 in
2536 454 2959 511 iucarnationue
2990 470 3208 527 semper
3248 465 3482 519 naturas

226 570 321 609 σει.

290 645 384 709 ξε’.
417 648 493 699 Τὸ
511 645 639 698 ἄλλο
664 646 733 714 τῇ
772 642 931 713 φύσει
959 647 1156 710 εἰπεῖν,
1179 646 1275 700 καὶ
1311 645 1373 699 τὸ
1402 645 1573 714 ἄλλην
1612 645 1800 713 φύσιν,

214 736 433 788 ταυτόν.
467 737 528 788 Εἰ
554 732 645 788 οὖν
680 736 741 787 τὸ
770 736 986 805 πρῶτον
1028 737 1117 789 ἀεὶ
1158 736 1251 788 ἐπὶ
1283 736 1381 803 τῆς
1416 736 1667 806 Θεότητυς
1710 738 1806 790 τοῦ

215 827 456 896 Χριστοῦ
500 828 595 880 καὶ
649 828 748 896 τῆς
805 828 1228 898 ἀνθρωπότητος
1273 826 1461 889 αὑτοῦ,
1494 828 1579 880 ἀεὶ
1611 829 1703 879 καὶ
1746 829 1808 880 τὸ

214 916 487 988 δεύτερον.
527 917 697 987 Ἀλλη
720 918 777 970 δὲ
815 917 909 971 καὶ
958 918 1091 985 ἄλλη
1140 916 1336 985 φύσις,
1368 917 1467 969 ούκ
1496 916 1647 970 ἔσται
1685 917 1803 986 μία.

290 1100 395 1162 ξς.
438 1098 504 1150 Τί
557 1098 688 1167 ὑμῖν
737 1096 993 1166 βούλεται
1020 1097 1055 1165 ἡ
1086 1096 1339 1159 σύνθετος
1370 1097 1531 1165 φύσις
1568 1113 1581 1160 ;
1621 1095 1807 1162 Ἐνικῇ

217 1190 472 1259 προφορᾷ
493 1188 586 1241 δύο
618 1188 875 1257 σημαίνει
905 1188 1237 1256 πράγματα·
1275 1187 1351 1250 ὡς
1385 1187 1537 1255 παρὰ
1562 1170 1673 1248 τοῖς
1704 1185 1809 1236 [ια’

216 1282 415 1350 τράσιν
442 1283 477 1351 ὴ
523 1280 674 1350 διττὴ
702 1322 719 1345 ,
746 1280 842 1333 καὶ
878 1281 914 1349 ἡ
945 1278 1106 1347 διπλῆ
1141 1277 1301 1347 φύσις
1329 1318 1344 1342 ,
1380 1277 1477 1332 καὶ
1522 1275 1598 1339 ὡς
1627 1272 1807 1345 χορὸς’

218 1373 321 1425 καὶ
350 1372 499 1434 λαὸς,
532 1370 563 1439 ἢ
605 1370 944 1441 πληθυντικῇ
977 1370 1229 1439 προφορᾷ
1264 1368 1425 1439 μίαν,
1449 1368 1525 1429 ὡς
1564 1366 1811 1435 Ἀθῆναι,

217 1463 426 1532 Θῆϐαι,
478 1464 576 1515 καὶ
607 1462 676 1515 τὰ
725 1461 972 1515 τοιαῦτα.
1005 1462 1067 1515 El
1130 1460 1233 1530 μὲν
1283 1459 1379 1514 οὑν
1409 1459 1469 1512 τὸ
1519 1459 1806 1529 πρότερον,

222 1554 482 1620 περιττὸν
509 1554 573 1607 τὸ
617 1553 747 1623 μίαν
779 1553 965 1620 λέγειν
993 1568 1008 1583 ο
1042 1552 1163 1605 ούδι
1196 1552 1305 1621 γὰρ
1326 1552 1377 1604 οί
1400 1550 1648 1619 Πατέρες
1676 1549 1805 1618 μίαν

219 1643 400 1699 εἶπον.
435 1646 499 1697 El
526 1644 593 1698 ,δι
614 1645 675 1698 τὺ
696 1644 971 1715 δεύτερον,
997 1643 1249 1713 περιττὸν
1277 1642 1338 1697 τὸ
1366 1641 1619 1696 σύνθετον
1640 1656 1652 1670 ο
1678 1657 1812 1693 ταυ-

218 1734 319 1787 τδν
353 1733 461 1807 γὰρ
502 1736 631 1804 ὑμῖν
661 1734 727 1788 ἐκ
753 1752 815 1787 τε
843 1734 945 1803 τῆς
989 1734 1166 1802 ἁπλῆς
1197 1735 1408 1801 καὶτῆς
1434 1730 1686 1787 συνθέτου
1709 1747 1809 1801 ση-
1842 1797 1891 1811 ,,η

224 1826 505 1895 μαίνεται.
532 1826 597 1878 El
624 1825 684 1879 δὲ
703 1825 889 1895 ἕτερόν
911 1843 966 1878 τι
1015 1823 1168 1895 παρὰ
1205 1824 1276 1877 τὰ
1308 1824 1604 1895 εἰρημένα,
1636 1823 1804 1892 ἄλλην

219 1916 363 1985 ἡμῖν
402 1914 818 1985 συγκεχυμένην
845 1914 1184 1983 εἰσκομίζετε
1214 1913 1395 1980 φύσιν,
1427 1911 1617 1981 ὥσπερ
1640 1912 1804 1981 ήμίο-

219 2024 342 2070 νσν,
375 2006 470 2059 καὶ
512 2005 611 2075 τὴν
665 2005 796 2076 παρ’
831 2005 1086 2073 Ἕλλησιν
1128 2003 1233 2057 τῶν
1267 2003 1625 2074 πολυμόρφων
1653 2002 1806 2067 ζώων

216 2082 533 2165 τιραττίαν.

338 2209 399 2271 ς’.
444 2208 507 2260 Ἠ
560 2207 657 2277 μία
711 2206 1106 2278 σεσαρωμένη
1158 2205 1426 2276 φύσις,ῆ
1484 2205 1559 2267 ὼς
1620 2204 1805 2273 σχῆμα

219 2299 329 2369 τὴν
374 2298 554 2369 σάρκα
614 2297 943 2367 περίκειται,
982 2295 1077 2348 καὶ
1112 2294 1210 2365 μία
1241 2294 1358 2347 ἐστι
1390 2294 1485 2346 και
1523 2309 1806 2362 σεσαρκω-

225 2391 409 2461 μένη,
449 2385 537 2443 οἷα
578 2390 777 2460 χαλκὸς
813 2389 1130 2458 ἀνδριάντος
1185 2386 1618 2457 μεμορφωμένος
1671 2385 1805 2454 σχή-

225 2480 455 2550 ματι,ἢ
491 2481 586 2549 τῆς
638 2482 838 2549 σαρκὸς
887 2479 1190 2549 τραπείσης
1236 2478 1336 2547 τῆς
1367 2476 1806 2547 προσληφθείσης

219 2571 314 2633 είς
363 2570 463 2639 τὴν
510 2568 603 2621 τοῦ
661 2566 1107 2640 προσλαϐομένου
1158 2566 1339 2634 φύσιν,
1377 2563 1410 2633 ἢ
1458 2563 1533 2626 ὡς
1581 2562 1682 2630 τῆς
1712 2559 1805 2612 τοῦ

224 2660 634 2732 προσλαϐόντος
689 2660 902 2728 φύσεως
960 2656 1389 2727 μεταδληθείσης
1438 2656 1519 2717 είς
1565 2653 1666 2723 τὴν
1712 2651 1805 2705 τοῦ

223 2753 657 2825 προσλήμματος
688 2754 848 2820 φύσιν
868 2793 883 2814 ,
910 2753 1004 2804 καὶ
1033 2752 1131 2820 τῆς
1158 2749 1363 2810 οἰκείας
1391 2748 1576 2809 οὐσίας
1606 2763 1806 2800 πεπον-

223 2842 383 2905 θυίας
411 2843 689 2904 ἔκστασιν,
716 2842 751 2910 ἢ
777 2841 933 2893 ούσία
953 2842 1111 2911 οὐσίᾳ
1139 2842 1367 2911 ἠνωται,
1386 2840 1480 2893 καὶ
1504 2839 1599 2891 δύο
1630 2837 1767 2890 εἰσίν
1790 2852 1803 2865 ·

219 2928 341 2985 οἷον
374 2929 469 2986 οὖν
494 2932 754 3003 αἱρεῖσθε,
787 2932 1084 3001 κηρύξατε,
1105 2931 1139 3001 ἢ
1164 2930 1257 2983 δύο
1282 2930 1472 2998 φύσεις
1497 2931 1526 2982 ὅ
1552 2928 1804 2999 Χριστὸς,

220 3026 255 3095 ἦ
288 3024 568 3087 παντελῶς
602 3026 663 3077 οὑ
692 3024 804 3078 δύο.
833 3022 914 3076 Τὰ
967 3023 1074 3093 γὰρ
1112 3022 1485 3091 ἁντιφατικῶς
1514 3019 1805 3088 λεγόμενα,

219 3118 426 3180 ὅλικῶς
473 3117 794 3170 ἀντίκειται·
832 3116 865 3185 ἢ
901 3116 1079 3169 τοίνυν
1128 3115 1220 3167 δύο
1248 3115 1567 3183 κηρύττετε,
1606 3112 1638 3181 ἢ
1679 3110 1807 3181 μίαν

220 3208 510 3271 ἀπολύτως
557 3208 767 3261 είπατε.
816 3207 880 3259 Τί
941 3207 1049 3277 γὰρ
1105 3206 1250 3269 λέξιν
1305 3195 1806 3273 προϐάλλεσθε,ἦς

222 3299 481 3369 ἁρνεῖσθε
510 3300 610 3369 τὴν
637 3299 866 3369 δύναμιν
910 3298 1047 3368 πρὸς
1079 3296 1354 3366 ὲξαπάτην
1378 3294 1485 3347 τῶν
1512 3290 1809 3345 ἁπλουστέ-

226 3406 343 3460 ρων
366 3406 379 3451 ;

304 3600 404 3672 ξη’.
437 3602 582 3656 Μίαν
623 3600 785 3667 φύσιν
825 3598 917 3653 τοῦ
972 3596 1109 3651 Θεοῦ
1159 3596 1332 3662 Λόγου
1380 3591 1807 3663 σεσαρκωμὲνην

225 3693 502 3761 λέγοντες,
541 3693 573 3763 ἢ
605 3692 720 3757 τοῦ,
752 3690 1225 3759 σεσαρκωμένην
1245 3728 1259 3752 ,
1285 3684 1537 3756 ἁρνεῖσθε
1572 3684 1671 3753 τὴν
1714 3682 1822 3735 δύ-·

223 3800 417 3853 ναμιν,
442 3782 474 3852 ἦ
507 3782 564 3848 ἐξ
583 3782 845 3853 ὀνόματος
876 3780 968 3834 καὶ
990 3780 1117 3849 ὅρου
1141 3778 1232 3831 δύο
1260 3778 1451 3847 φύσεις
1480 3773 1625 3828 κατὰ
1651 3772 1809 3843 περί·

224 3894 433 3949 φρασιν
465 3877 648 3945 λέγετε
672 3894 684 3909 ο
718 3876 845 3947 μίαν
875 3875 973 3945 μὲν
997 3874 1157 3943 φύσιν
1185 3870 1492 3940 ἀναφανδὸν
1514 3868 1809 3939 ὀνομάζον-

224 3986 342 4032 τες,
378 3972 474 4038 τὴν
519 3968 575 4021 δὲ
627 3968 821 4039 ἑτέραν
848 3968 907 4031 ἐξ
945 3968 1072 4037 ὅρου
1128 3963 1441 4034 μηνύοντες.
1472 3960 1643 4031 Εἴπερ
1676 3957 1809 4030 σὰρξ

223 4060 560 4131 ἐψυχωμένη
583 4060 727 4131 ψυχῇ
762 4059 955 4129 λογικῇ
984 4059 1075 4111 καὶ
1108 4057 1294 4127 νοερᾷ,
1323 4052 1614 4125 ἀνθρώπου
1645 4049 1809 4118 φύσις

224 4153 372 4207 ἔστί.

306 4265 397 4330 ξθ’.
424 4266 505 4319 Τὰ
534 4262 851 4334 ἐτεροοὺσια
907 4261 1098 4316 ἑνώσει
1141 4259 1352 4327 γίνεται
1384 4256 1464 4322 ἓν,
1497 4254 1593 4308 καὶ
1618 4252 1680 4306 ού
1704 4250 1809 4320 φύ-

226 4374 339 4411 σει.
366 4356 531 4409 Φύσει
554 4356 663 4425 γὰρ
696 4354 753 4406 ἓν
782 4354 851 4406 τὰ
875 4352 1157 4422 ὁμοούσια.
1183 4351 1411 4419 Ἕτερον
1446 4346 1625 4401 τοίνυν
1650 4343 1810 4413 φύσις

224 4445 329 4499 καὶ
371 4445 560 4513 ἕτερον
609 4442 823 4504 ἒνωσις,
851 4442 943 4494 καὶ
978 4441 1039 4492 τὸ
1072 4438 1131 4502 ἐξ
1177 4438 1408 4491 ἑκάστου
1441 4430 1807 4500 ἀποτελούμει-

222 4553 322 4590 νον
373 4535 432 4587 ἓν
478 4536 696 4603 ἕτερον·
730 4534 793 4597 ἐξ
846 4529 1265 4601 ὁμοουσιότητος
1319 4528 1417 4598 μὲν
1468 4526 1629 4594 φύσις
1680 4523 1781 4592 μία

223 4629 298 4679 ὲκ
345 4625 402 4677 δὲ
443 4624 542 4694 τῆς
594 4624 716 4678 καθ’
752 4621 1047 4676 ὑπόστασιν
1100 4618 1380 4682 ἑνώσεως,
1418 4616 1518 4687 μία
1569 4613 1811 4667 ὑπόστα-

224 4732 337 4778 σις.

301 4950 363 4997 o'.
394 4944 466 4997 Τὸ
493 4942 747 5012 Χριστὸς
780 4942 973 5011 ὄνομα,
1010 4937 1151 4992 κατά
1184 4936 1275 4990 τὸν
1306 4933 1577 5004 μακάριον
1602 4929 1809 5002 Κύριλ-

218 5038 344 5097 λον,
380 5036 503 5089 οὔτε
558 5036 788 5107 δύναμιν
821 5034 947 5104 ὅρου
980 5032 1113 5103 ἔχει,
1142 5028 1266 5083 οὔτε
1300 5028 1399 5097 τήν
1443 5042 1592 5086 τινος
1625 5022 1812 5076 ούσίαν

218 5126 399 5195 δηλοῖ.
436 5128 497 5180 El
538 5126 595 5180 δὲ
654 5127 727 5198 μὴ
760 5125 947 5179 ούσίαν
977 5124 1148 5193 δηλοῖ,
1178 5121 1270 5175 καὶ
1303 5120 1429 5190 ὅρου
1456 5117 1684 5185 δύναμιν
1712 5114 1811 5165 ούκ

228 5212 371 5283 ἔχει,
399 5214 696 5273 ὑπόστασις
730 5215 797 5268 ἂν
837 5214 923 5282 εῐη
956 5215 1050 5266 καὶ
1080 5211 1140 5264 ού
1177 5209 1357 5277 φύσις.
1385 5208 1539 5277 Ὅρῳ
1562 5206 1661 5275 μὲν
1704 5202 1811 5273 γὰρ

221 5305 391 5358 οὐσία
441 5306 535 5359 καὶ
582 5306 745 5374 φύσις
781 5303 1074 5376 δηλοῦσθαι
1106 5302 1371 5370 πέφυκεν,
1405 5297 1698 5365 ὑπογραφῇ
1732 5295 1808 5360 δὲ,

226 5397 530 5466 πρόσωπον
569 5400 663 5451 καὶ
696 5397 1016 5460 ὑπόστασις,
1046 5394 1203 5463 εἴπερ
1233 5394 1261 5444 ὁ
1290 5392 1389 5460 μὲν
1418 5389 1478 5451 ἐξ
1516 5386 1808 5449 οὑσιωδῶν,

223 5488 268 5557 ἦ
292 5487 351 5541 δὲ
386 5489 446 5553 ἐξ
481 5488 826 5542 ὲπουσιωδῶν
873 5486 1181 5554 σύγκειται.
1213 5484 1287 5537 Τὸ
1338 5482 1393 5534 δὲ
1438 5479 1582 5545 Θεὸς
1617 5478 1809 5548 ὄνομα,

224 5578 532 5649 δηλωτικὸν
570 5578 753 5640 οὐσίας
770 5577 923 5630 ἐστίν
956 5592 967 5603 ·
1001 5573 1262 5635 ὡσαύτως
1291 5571 1348 5623 δὲ
1371 5572 1464 5623 καὶ
1493 5569 1553 5622 τὸ
1594 5568 1813 5637 ἄνθρω-

1906 549 2285 605 declarabunt.

1974 643 2067 696 65.
2123 641 2351 702 Dicere,
2399 638 2548 693 aliud
2604 644 2837 701 natura,
2898 645 2953 691 et
3002 648 3258 694 naturam
3315 638 3478 692 aliam

1908 734 2111 796 dicere,
2144 734 2286 787 idem
2319 746 2547 801 prorsus
2568 740 2668 784 est.
2705 729 2762 783 Si
2810 744 2942 799 ergo
2972 730 3211 799 primum
3251 731 3308 785 in
3339 731 3481 785 divi-

1908 827 2081 880 nitate
2104 825 2311 879 Christi
2362 832 2417 877 et
2447 822 2792 879 humanitate
2816 822 2996 876 locum
3040 823 3237 888 habet;
3268 838 3484 890 semper

1908 923 2072 973 etiam
2100 918 2420 973 secundum.
2470 917 2539 969 At
2589 929 2720 969 vero
2744 914 2847 967 alia
2877 926 2929 969 et
2981 917 3085 968 alia
3126 923 3324 970 natura
3374 930 3485 970 non

1908 1013 2014 1065 erit
2043 1025 2172 1064 una.

1980 1100 2068 1154 66.
2104 1100 2249 1166 Quid
2291 1100 2398 1155 sibi
2437 1100 2654 1154 videtur
2684 1099 2827 1167 apud
2872 1114 2968 1153 vos
3013 1108 3212 1155 natura
3258 1114 3487 1169 compo-

1911 1194 2060 1249 sita?
2120 1192 2384 1262 singulari
2444 1207 2578 1247 voce
2621 1206 2712 1247 res
2757 1191 2879 1245 dua:
2921 1190 3224 1260 signiﬁcari
3286 1191 3485 1252 solent,

1911 1294 1970 1338 ut
2007 1283 2149 1353 apud
2214 1283 2407 1337 Patres
2460 1282 2590 1337 bina
2638 1290 2691 1336 et
2714 1282 2915 1351 duplex
2961 1289 3192 1343 natura.
3228 1289 3283 1335 et
3341 1282 3489 1335 velut.

1912 1379 2138 1439 dionis,
2168 1386 2220 1431 et
2245 1376 2525 1445 pepultts;
2573 1382 2669 1427 aut
2694 1375 2913 1442 plurali,
2952 1389 3062 1428 una
3087 1413 3102 1436 ,
3127 1374 3274 1427 velut
3320 1373 3491 1428 Athe-

1912 1484 2017 1533 nae,
2043 1468 2264 1529 Theban
2298 1477 2355 1522 et
2388 1468 2614 1522 similia.
2652 1467 2710 1519 Si
2743 1467 2969 1535 quidem
2998 1467 3186 1535 prius,
3216 1480 3485 1533 superva-

1911 1568 2142 1609 caneum
2189 1559 2273 1608 est
2299 1566 2467 1605 uuam
2511 1551 2701 1606 dicere
2743 1569 2756 1605 :
2797 1566 3069 1620 nusquam
3120 1551 3265 1605 enim
3297 1549 3489 1607 Patres

1915 1660 2075 1698 unam
2100 1645 2306 1699 dixere.
2337 1642 2435 1697 Sin
2467 1658 2599 1697 vero
2623 1644 2917 1711 posterius,
2944 1643 3151 1698 frustra
3182 1642 3490 1711 composita

1914 1737 2139 1791 dicitur.
2166 1735 2311 1790 Idem
2345 1736 2549 1804 quippe
2589 1736 2747 1789 vobis
2786 1735 3024 1805 simplici
3065 1741 3230 1803 atque
3260 1747 3489 1801 compo-

1907 1830 2015 1883 sita
2072 1836 2270 1882 natura
2304 1827 2671 1896 signiﬁcatur.
2718 1825 2814 1881 Sin
2864 1837 3044 1881 autem
3094 1825 3241 1880 aliud
3290 1832 3490 1892 praeter

1909 1923 2036 1985 ista,
2064 1923 2224 1975 aliam
2257 1929 2512 1973 naturam
2556 1920 2717 1972 nobis
2754 1917 3043 1972 confusam
3097 1914 3485 1977 introducitis,

1909 2014 1987 2067 uti
2023 2012 2253 2074 mulum,
2282 2018 2377 2064 aut
2414 2008 2844 2080 prodigiosailla
2892 2008 3127 2062 diversa:
3150 2005 3338 2060 forma:
3363 2003 3488 2058 ani-

1910 2105 2135 2169 mantia,
2161 2120 2285 2172 qua:
2311 2118 2341 2157 a
2372 2102 2676 2174 gentilibus
2706 2099 2884 2155 ellicta
2918 2108 3070 2155 sunt.

1979 2217 2068 2274 67.
2105 2215 2227 2272 Una
2282 2215 2372 2271 illa
2429 2215 2749 2285 composita
2792 2222 2988 2268 natura
3037 2219 3145 2277 est,
3198 2212 3284 2267 vel
3348 2210 3483 2282 quia

1909 2324 2073 2363 carne
2112 2308 2337 2363 habitus
2381 2307 2557 2362 instar
2604 2305 2873 2367 induitur,
2926 2304 3174 2373 adeoque
3226 2317 3336 2357 una
3384 2314 3486 2369 est,

1911 2400 2214 2471 quamlibet
2242 2400 2552 2459 incarnata,
2590 2404 2648 2451 ut
2672 2406 2803 2466 puta
2837 2411 2911 2450 ms
2949 2397 3003 2449 in
3035 2404 3230 2449 statum
3260 2395 3489 2464 ﬁguram

1908 2491 2319 2548 conformatum
2373 2509 2387 2544 :
2436 2491 2523 2544 vel
2575 2489 2701 2560 quia
2760 2497 3047 2558 assumpta
3105 2501 3236 2541 caro
3282 2494 3491 2540 mutata

1912 2585 2015 2638 fuit
2062 2584 2117 2638 in
2149 2591 2399 2638 naturam
2435 2582 2581 2637 illius
2627 2598 2655 2636 a
2691 2597 2801 2651 quo
2856 2588 3073 2650 sumpta
3103 2587 3221 2643 est,
3255 2579 3341 2633 vel
3399 2594 3494 2647 per

1909 2684 2117 2729 natura;
2163 2674 2499 2729 assumentis
2555 2673 2607 2727 in
2655 2672 2924 2741 assumpti
2966 2680 3217 2725 naturam
3266 2680 3491 2722 conrer'

1910 2767 2143 2831 sionem,
2175 2767 2248 2820 ita
2282 2775 2339 2818 ut
2372 2780 2401 2819 a
2431 2765 2752 2819 substantia
2802 2762 3021 2833 propria
3072 2760 3285 2815 moveri
3331 2773 3493 2829 passa

1912 2860 2028 2912 sit:
2069 2856 2153 2911 vel
2203 2855 2422 2911 demum
2475 2867 2749 2925 quatenus
2810 2854 3119 2909 substantia
3172 2851 3494 2908 substantirc

1910 2948 2066 3000 unita
2102 2944 2226 3007 fuit,
2254 2954 2307 2999 et
2338 2946 2460 2999 dna:
2513 2948 2850 3000 consistunt.
2891 2944 3048 3010 Quod
3101 2934 3494 2999 horum'vobis

1913 3040 2190 3099 arriserit.
2243 3039 2446 3093 edicite
2490 3056 2502 3091 :
2546 3038 2630 3092 vel
2674 3038 2796 3092 dum
2842 3047 3049 3090 naturm
3077 3036 3337 3090 Christus
3388 3041 3492 3101 est,

1834 3165 1879 3225 ο
1908 3132 1993 3186 vel
2033 3145 2381 3200 nequaquam
2414 3130 2556 3184 dum.
2597 3127 2731 3182 Nam
2780 3145 2901 3199 quae
2942 3145 3036 3197 per
3088 3125 3493 3181 contradictio-

1909 3235 2033 3275 nem
2066 3220 2449 3283 enuutiantur,
2502 3217 2763 3271 omnibus
2817 3216 2993 3271 modis
3041 3214 3294 3285 Opposita
3341 3220 3491 3267 sunt.

1908 3310 2007 3365 Vel
2040 3325 2169 3379 ergo
2198 3311 2337 3364 duas
2372 3319 2605 3364 naturas
2652 3307 2969 3379 praedicatc,
3019 3306 3101 3361 vel
3125 3321 3291 3359 unam
3335 3304 3490 3357 abso-

1911 3404 2022 3455 lute
2048 3401 2236 3455 dicite.
2262 3400 2402 3466 Quid
2458 3400 2603 3454 enim
2631 3398 2933 3453 dictionem
2967 3396 3299 3467 producilis,
3330 3395 3495 3464 cujus

1907 3495 2014 3548 vim
2042 3494 2327 3564 abnegatis
2360 3492 2425 3546 ad
2454 3491 2817 3560 simpliciores
2844 3487 3236 3558 decipiendos?

1980 3606 2069 3662 68.
2107 3606 2243 3661 Cum
2275 3615 2528 3659 naturam
2580 3619 2744 3657 unam
2802 3603 2896 3657 Dei
2929 3601 3093 3655 Verbi
3150 3601 3495 3654 incarnatam

1910 3699 2116 3759 dicitis,
2144 3704 2240 3750 aut
2276 3696 2383 3749 vim
2413 3696 2583 3759 vocis,
2620 3696 2991 3753 incarnatam,
3021 3691 3364 3754 inliciamini,
3403 3698 3499 3745 aut

1911 3806 2009 3861 per
2063 3787 2618 3843 circumlocutionem
2681 3801 2749 3841 eo
2782 3783 3004 3837 nomine
3035 3791 3089 3838 et
3132 3781 3369 3837 termino
3406 3797 3502 3834 na-

1913 3890 2073 3937 turas
2134 3883 2274 3936 duas
2329 3879 2585 3945 effertis;
2634 3892 2799 3931 uuam
2830 3874 3048 3946 quidem
3083 3882 3272 3944 aperte
3326 3873 3500 3927 nomi-

1911 3986 2134 4037 nantes,
2164 3972 2330 4027 aliam
2366 3987 2501 4027 vero
2548 3970 2816 4040 adiuncto
2866 3968 3104 4024 termino
3138 3966 3447 4022 indicantes
3486 3987 3498 4022 :

1911 4068 1956 4123 si
1995 4066 2217 4137 quidem
2240 4080 2371 4119 caro
2424 4064 2608 4118 anima
2668 4062 2906 4116 rationis
2939 4059 3212 4130 participe
3260 4059 3499 4113 animata

1912 4172 1969 4219 et
1998 4156 2365 4227 intelligente,
2400 4154 2641 4212 hominis
2673 4162 2872 4209 natura
2899 4153 2998 4208 sit.

1985 4274 2075 4328 69.
2112 4273 2245 4339 Quae
2282 4278 2413 4327 sunt
2446 4270 2678 4326 diversae
2716 4266 3077 4327 substantiae,
3110 4265 3319 4320 unione
3364 4263 3504 4319 ﬁunt

1912 4380 2107 4428 unum,
2160 4372 2214 4419 et
2262 4378 2372 4417 non
2440 4372 2658 4415 natura.
2722 4358 2933 4412 Natura
2992 4357 3195 4426 qui'ppe
3254 4371 3319 4410 ea
3379 4368 3504 4423 quae

1915 4459 2045 4508 sunt
2072 4449 2319 4517 ejusdem
2348 4446 2703 4509 substantiae,
2748 4459 2914 4499 unum
2942 4453 3092 4505 sunt,
3134 4440 3295 4497 Aliud
3334 4442 3505 4511 igitur

1802 4576 1818 4599 9
1854 4557 1897 4610 ι)
1926 4553 2012 4599 est
2038 4548 2259 4603 natura,
2296 4546 2351 4593 et
2384 4537 2535 4591 aliud
2578 4538 2733 4601 unio,
2778 4545 2835 4591 et
2872 4534 3020 4588 aliud
3052 4534 3196 4602 quod
3235 4548 3300 4587 ex
3333 4533 3504 4600 pluri-

1919 4634 2023 4689 bus
2080 4632 2339 4687 efﬁcitur.
2371 4630 2739 4696 Quamobrem
2800 4642 2864 4681 ex
2920 4624 3504 4680 consubstantialitate

1922 4741 2029 4780 una
2066 4731 2259 4777 natura
2281 4729 2366 4777 est
2404 4740 2418 4777 :
2449 4736 2515 4776 ex
2544 4720 2749 4774 unione
2794 4731 2965 4787 penes
2997 4714 3358 4785 hypostasim,
3403 4713 3503 4782 hy-

1922 4815 2162 4889 postasis
2186 4828 2316 4868 una.

1987 4925 2149 4997 513
2163 4925 2253 4978 70.
2273 4923 2482 4980 Nomen
2508 4924 2729 4989 Christi,
2758 4930 2813 4977 ut
2838 4921 3035 4977 beatus
3057 4918 3292 4990 Cyrillus
3326 4917 3369 4949 ¹⁹
3401 4930 3505 4970 au-

1918 5025 2040 5071 ctor
2057 5026 2163 5079 est,
2196 5031 2377 5085 neque
2409 5017 2517 5070 vim
2549 5012 2900 5069 deﬁnitionis
2926 5012 3111 5077 habet,
3133 5025 3234 5065 nec
3261 5006 3500 5075 alicujus

1916 5109 2214 5165 essentiam
2239 5108 2513 5163 declarat.
2548 5106 2706 5173 Quod
2740 5107 2785 5161 si
2808 5119 2908 5159 nec
2933 5101 3233 5158 essentiam
3258 5099 3501 5154 declarat

1919 5200 2178 5268 alicujus,
2239 5214 2342 5253 nec
2389 5200 2496 5253 vim
2531 5198 2697 5253 habet
2753 5195 3124 5256 deﬁnitionis,
3182 5185 3501 5262 hypostasis

1920 5291 2047 5355 erit,
2081 5306 2188 5345 non
2219 5298 2439 5343 natura.
2479 5286 2813 5342 Dellnitione
2855 5284 3003 5339 enim
3034 5282 3280 5338 essentia
3312 5278 3498 5335 declao

1884 5404 1885 5407 η
1919 5396 2073 5437 ratur
2102 5401 2115 5437 :
2160 5380 2536 5450 descriptione
2581 5391 2732 5440 vero,
2768 5390 3011 5445 persona
3043 5382 3099 5429 et
3129 5372 3450 5444 hypostasis
3476 5386 3495 5425 :

1920 5472 2369 5543 quandoquidem
2415 5468 2665 5524 deﬁnitio
2710 5482 2776 5521 ex
2831 5463 3221 5519 essentialibus
3269 5472 3495 5527 compoo

1920 5565 2106 5633 nitur;
2132 5561 2432 5630 descriptio
2466 5572 2595 5614 vero
2626 5574 2692 5612 ex
2722 5556 2791 5611 iis
2823 5570 2943 5627 qua:
2989 5560 3120 5611 sunt
3146 5552 3202 5608 in
3233 5550 3490 5609 substan-

311 5759 355 5789 ¹⁹
385 5758 571 5828 Cyrill.
613 5760 666 5813 in
698 5755 867 5812 schol.
910 5754 1059 5808 citat.
1106 5768 1133 5803 a
1169 5750 1225 5806 S.
1262 5750 1427 5817 Mam,
1456 5750 1616 5819 epist.
1658 5749 1676 5802 Ι
1708 5749 1771 5803 ad
1797 5744 2043 5801 Thalass.
2083 5742 2239 5798 Tom.
2276 5741 2337 5809 ll,
2382 5758 2433 5812 ρ.
2476 5740 2600 5795 277.
