3930 6206
478 309 608 377 H71

1650 313 1712 375 S.
1745 311 2066 374 JOANNIS
2094 313 2524 378 DAMASCENI

3610 310 3738 377 πει

472 426 568 479 tia.
621 424 1050 484 Porro‘nmnen
1105 426 1204 483 Dei
1259 421 1559 481 essentiam
1607 422 2042 478 substantiamve

2161 438 2273 490 τος.
2311 426 2376 477 Τί
2409 425 2503 479 οὑν
2525 425 2616 479 τὸν
2654 425 2754 478 ινα
2787 425 3048 495 Χριστὸν,
3079 423 3171 478 τὸν
3191 436 3213 463 ⁸
3239 426 3387 478 Θιόν
3409 441 3477 477 τε
3514 425 3617 477 καὶ
3651 426 3736 476 τὸ.

471 514 768 584 signiﬁcat,
791 517 1046 575 similiter
1068 531 1268 574 nomen
1295 513 1558 570 hominis.
1588 512 1735 578 Quid
1761 529 1943 569 causae
1963 523 2047 570 est

473 605 662 673 igitur,
695 619 794 661 cur
843 623 1012 663 unum
1064 608 1368 671 Christum,
1412 603 1583 659 Deum
1638 611 1693 658 et
1744 603 2044 668 hominem,

473 694 808 765 hypostasim
840 713 1006 752 unam
1041 697 1400 766 compositam
1424 735 1437 757 ,
1481 703 1760 764 quatenus
1791 693 2047 749 Christus

472 796 578 852 est,
607 802 714 842 non
751 789 1097 858 praedicetis;
1129 796 1400 858 quatenus
1426 801 1559 840 vero
1590 786 1735 841 Deus
1772 797 1826 841 et
1859 787 2042 852 homo,

473 893 582 932 non
617 879 756 934 duas
788 881 1053 935 naturas?

541 969 630 1023 7|.
663 969 776 1026 Etsi
828 986 958 1024 vero
999 986 1062 1024 ex
1106 969 1368 1039 perfectis
1415 968 1546 1022 unio
1601 967 1693 1022 ﬁat
1737 987 1751 1023 :
1805 977 2045 1023 attamen

473 1062 690 1115 ratione
720 1061 921 1124 totius,
949 1061 1006 1114 id
1057 1069 1143 1116 est
1177 1061 1298 1130 eius
1328 1062 1470 1131 quod
1501 1061 1750 1114 unitione
1793 1059 2044 1114 eﬂ'ectum

471 1158 576 1216 est,
598 1159 783 1221 partes
803 1151 1092 1216 dicuntur,
1118 1167 1239 1222 quae
1270 1153 1337 1206 ad
1373 1154 1637 1206 unionem
1672 1157 2045 1214 concurrunt;

476 1249 536 1294 ut
572 1249 699 1308 puta
747 1254 815 1294 ex
851 1246 1024 1302 terra,
1059 1248 1114 1294 et
1141 1242 1317 1310 palea,
1363 1250 1417 1294 et
1452 1255 1592 1310 aqua
1631 1239 1828 1293 lateres
1865 1238 2044 1292 ﬁunt:

473 1331 705 1400 quorum
728 1329 1009 1400 quodlibet
1056 1346 1156 1400 per
1209 1346 1270 1386 se
1309 1330 1548 1385 seorsim
1585 1329 1894 1398 perlectum
1927 1336 2048 1392 est;

474 1419 543 1475 ad
565 1421 790 1475 laterem
820 1437 957 1475 vero
979 1421 1126 1490 quod
1157 1423 1372 1483 attinet.
1401 1437 1528 1492 pars
1555 1431 1832 1477 censetur.
1859 1419 2050 1475 Partes

473 1523 606 1580 ergo
641 1509 846 1565 Christi
879 1511 1001 1566 dum
1035 1524 1245 1567 naturai
1278 1521 1440 1568 sunt:
1469 1529 1534 1568 ex
1562 1513 1854 1567 divinitate
1885 1511 2052 1582 siqui-

475 1597 600 1650 dem
629 1606 686 1653 et
717 1598 1060 1655 humanitate
1111 1601 1354 1657 exsistit.
1389 1599 1678 1666 Quomodo
1727 1599 1894 1669 igitur
1941 1613 2050 1652 non

474 1695 604 1741 sunt
649 1698 836 1756 partes
872 1691 927 1744 in
963 1699 1102 1754 toto,
1138 1707 1239 1747 nec
1286 1699 1460 1746 totum
1516 1691 1570 1745 in
1624 1690 1906 1760 partibus?
1954 1698 2051 1743 aut

476 1780 628 1834 enim
683 1781 739 1836 iu
790 1781 912 1852 ipso
962 1792 1114 1847 sunt,
1171 1792 1268 1838 aut
1315 1783 1480 1849 alibi;
1537 1791 1632 1837 aut
1679 1783 1796 1850 ipse
1829 1795 2052 1851 quoque

475 1871 784 1928 exstinctus
827 1874 954 1937 erit,
999 1883 1092 1928 aut
1127 1874 1181 1928 in
1233 1875 1359 1930 aliis
1407 1881 1494 1930 est
1535 1880 1735 1943 praeter
1785 1872 1914 1938 ista,
1957 1881 2052 1927 aut

477 1976 776 2031 nusquam.

547 2049 636 2104 72.
678 2050 734 2106 Si
765 2067 896 2107 caro
924 2052 1171 2122 ejusdem
1213 2062 1424 2108 natura:
1459 2061 1543 2109 est
1578 2070 1704 2110 eum
1757 2057 2052 2112 divinitate

481 2137 685 2203 Verbi,
737 2141 1014 2211 quomodo
1076 2141 1323 2197 Trinitas
1371 2144 1424 2197 in
1459 2145 1892 2213 quaternitatem
1939 2159 2046 2198 non

482 2228 740 2283 transiit?
769 2228 901 2295 Qum
932 2231 1078 2286 enim
1107 2231 1602 2287 consubstantialia
1635 2240 1784 2299 sunt,
1820 2233 2051 2288 diversas

480 2327 611 2373 sunt
661 2319 992 2389 bypostasis.
1049 2320 1146 2376 Sin
1197 2339 1329 2378 vero
1375 2325 1606 2379 diversa:
1637 2326 1888 2382 essentia
1919 2341 2049 2382 caro

479 2415 618 2462 cst:
658 2410 750 2476 qui
793 2411 850 2463 tit
882 2420 939 2464 ut
961 2411 1214 2468 Christus
1244 2429 1356 2468 non
1389 2414 1465 2469 sit
1487 2415 1608 2470 duae
1644 2417 1899 2470 naturae?

550 2498 641 2555 7'5.
678 2497 738 2554 Si
772 2498 917 2556 Deus
951 2501 1192 2558 Verbum
1223 2515 1276 2560 et
1312 2504 1475 2561 Pater
1528 2505 1834 2562 secundum
1892 2506 2050 2576 quid-

480 2588 606 2644 dam
655 2588 765 2644 duo
830 2602 991 2658 sunt;
1051 2608 1181 2648 caro
1248 2604 1430 2649 autem
1483 2604 1538 2650 et
1599 2597 1743 2654 Deus
1808 2596 2047 2652 Verbum

482 2680 784 2738 secundum
829 2682 966 2736 nihil
999 2683 1109 2739 duo
1146 2694 1296 2752 sunt,
1335 2687 1459 2755 plus
1496 2690 1705 2741 unitum
1749 2697 1835 2743 est
1890 2689 2046 2741 carni

482 2769 744 2838 Verbum,
769 2788 934 2844 quam
967 2776 1136 2830 Patri.
1165 2775 1260 2829 Sin
1281 2793 1410 2832 vero
1439 2793 1545 2834 non
1581 2779 1723 2848 plus,
1749 2779 2046 2834 secundum

479 2861 686 2933 aliquid
740 2871 870 2918 sunt
923 2864 1034 2920 duo
1082 2864 1226 2920 Deus
1256 2865 1495 2920 Verbum
1529 2876 1582 2922 et
1626 2883 1775 2921 caro.
1814 2866 1970 2933 Quod
2005 2868 2050 2922 si

479 2953 784 3009 secundum
835 2955 1040 3026 aliquid
1093 2957 1204 3011 duo
1258 2968 1416 3024 sunt;
1472 2960 1698 3013 omnino
1747 2959 2047 3013 secundum

481 3056 774 3102 naturam:
806 3063 913 3103 non
948 3043 1093 3104 enim
1135 3051 1436 3106 secundum
1471 3051 1834 3122 hypostasim.

551 3137 639 3192 74.
680 3137 836 3195 Unus
867 3139 1124 3196 Christus
1151 3183 1164 3206 ,
1204 3145 1511 3211 composita
1566 3143 1659 3196 illa
1713 3141 2048 3213 hypostasis,

481 3237 676 3282 natura
701 3230 841 3284 idem
869 3241 953 3284 est
979 3245 1101 3284 cum
1145 3230 1326 3297 Patre,
1369 3241 1422 3286 et
1464 3231 1693 3300 Spiritu,
1727 3248 1850 3286 cum
1883 3240 2058 3287 matre

482 3318 666 3372 itidem
701 3327 755 3372 et
799 3321 978 3374 nobis.
1015 3323 1112 3376 Est
1156 3323 1302 3374 enim
1353 3331 1468 3376 tum
1520 3323 1686 3387 Patri,
1736 3332 1847 3377 tum
1895 3325 2056 3379 nobis

480 3408 1004 3473 consubstantialis;
1047 3424 1170 3462 cum
1219 3417 1397 3463 tamen
1441 3411 1720 3479 hypostasi
1753 3413 2052 3482 discrepet.

483 3497 540 3549 Si
591 3497 759 3564 igitur
799 3507 1054 3551 naturam
1091 3514 1256 3551 unam
1294 3501 1656 3569 compositam
1705 3502 1751 3556 ei
1787 3503 2052 3568 tribuitis,

482 3586 698 3641 Patrem
736 3588 967 3657 proinde
1010 3600 1060 3642 et
1122 3588 1385 3658 Spiritum
1436 3600 1688 3645 sanctum
1742 3596 2056 3663 compositae

481 3686 695 3733 naturai
721 3695 842 3734 esse
871 3679 1106 3744 dicetis;
1139 3681 1386 3750 quinimo
1428 3681 1750 3736 Trinitatem
1783 3693 1836 3739 et
1875 3686 2054 3740 homi-

483 3787 579 3826 nes
613 3772 779 3825 unius
813 3787 935 3826 esse
967 3782 1179 3825 naturas
1215 3771 1548 3827 fatebimini.
1589 3773 1688 3828 Sin
1720 3791 1849 3830 vero
1883 3776 2056 3847 hypoo

478 3862 669 3917 stasim
725 3862 778 3915 in
825 3863 1046 3917 naturis
1093 3863 1309 3918 duabus
1358 3860 1706 3930 exstantem,
1751 3868 2052 3923 secundum

480 3953 625 4007 aliud
646 3951 796 4007 Patri
815 3953 1308 4010 consubstantialis
1325 3956 1448 4022 erit,
1475 3967 1528 4011 et
1554 3957 1857 4012 secundum
1883 3960 2058 4027 aliud,-

482 4045 664 4100 nobis.

551 4136 639 4192 75.
670 4135 856 4191 Deitas
884 4135 950 4191 de
985 4135 1167 4193 tribus
1207 4137 1435 4195 viviﬁctc
1465 4137 1763 4197 Trinitatis
1792 4142 2053 4214 hyposta-

480 4225 632 4281 sibus
669 4228 1346 4286 euuntiatur:consimili
1405 4231 1567 4287 modo
1619 4234 1938 4292 humanitas
1985 4235 2055 4292 de

480 4317 709 4373 inﬁnitis
753 4330 966 4376 naturae
1021 4323 1276 4378 humanae
1328 4323 1742 4395 bypostasibus.
1797 4327 1854 4382 Si
1917 4344 2051 4400 ergo

2145 518 2464 588 ἄνθρωπον,
2511 517 2585 588 μὴ
2638 517 2767 588 μίαν
2825 518 2922 587 μὲν
2967 518 3262 572 ὑπόστασιν
3326 517 3599 570 σύνθετον
3621 555 3638 579 ,
3669 518 3734 581 ὡς

2146 608 2402 678 Χριστὸν,
2429 609 2506 672 ὡς
2534 608 2669 662 Θεὸν
2690 610 2749 662 δὲ
2778 609 2874 662 καὶ
2899 607 3208 680 ἄνθρωπον,
3247 609 3346 662 δύο
3381 607 3595 677 φύσεις
3641 626 3736 678 ιη.

2150 699 2346 770 ρύξατε
2370 704 2425 764 ις

2217 971 2318 1026 οα’.
2347 972 2408 1024 Ei
2434 970 2492 1024 δὲ
2510 968 2605 1024 καὶ
2626 970 2690 1023 ὲκ
2711 968 2930 1022 τελείων
2959 969 2992 1038 ἡ
3026 968 3221 1032 ἐνωσις
3241 967 3483 1036 )ένοιτο,
3512 970 3654 1024 ἀλλὰ
3675 989 3728 1036 γι

2147 1061 2397 1132 καὶπρὸς
2422 1062 2484 1115 τὺ
2529 1062 2672 1126 ὅλον,
2699 1061 2818 1130 ἦτοι
2854 1060 2913 1114 τὸ
2959 1061 3025 1114 ἐκ
3061 1060 3160 1130 τῆς
3183 1061 3437 1123 ἑνώσεως
3473 1062 3730 1115 ﬁam-iis»

2149 1172 2284 1226 σμα,
2317 1155 2458 1225 μέρη
2481 1155 2551 1209 τὰ
2602 1152 2739 1225 πρὸς
2776 1153 2968 1207 ῑνωσιν
3010 1153 3331 1207 συνελθόντα
3375 1154 3636 1222 λέγεται,
3661 1157 3731 1219 ὥς

2149 1246 2212 1299 ἐκ
2233 1246 2356 1316 χοὸς
2388 1246 2572 1315 τυχὸν,
2609 1247 2642 1316 ἡ
2687 1245 2926 1310 πλίνθος,
2956 1244 3054 1299 καὶ
3099 1245 3334 1315 ἀκύρου,
3367 1246 3472 1298 καὶ
3524 1246 3729 1311 ὕδατος,

2148 1329 2224 1389 ὧν
2255 1335 2486 1389 ἕκαστον
2507 1374 2522 1400 ,
2557 1334 2680 1388 καθ’
2709 1335 2847 1388 αὑτὸ
2885 1335 2986 1405 μὲν
3022 1334 3246 1399 τέλειον,
3277 1334 3455 1404 μέρος
3488 1335 3553 1388 δι
3607 1339 3730 1405 πρὸς

2147 1427 2247 1496 τὴν
2284 1427 2507 1482 πλίνθον
2535 1423 2865 1496 λελόγισται.
2920 1426 3078 1496 Μέρη
3124 1425 3306 1478 τοίνυν
3352 1425 3614 1497 Χριστοῦ
3649 1425 3736 1478 δύο

2151 1519 2340 1588 φύσεις
2367 1535 2382 1550 ·
2407 1520 2470 1572 ὲκ
2511 1518 2779 1588 θεότητος.
2810 1516 2922 1588 γὰρ
2953 1511 3108 1580 οὗτος
3137 1517 3234 1570 καὶ
3273 1515 3736 1586 “palmitum.

2151 1609 2276 1672 Πῶς
2293 1603 2388 1662 οὖν
2413 1608 2515 1661 οὑκ
2541 1609 2602 1660 ιν
2631 1605 2710 1678 τῷ
2738 1606 2847 1676 ὅλῳ
2885 1607 2956 1660 τὰ
2984 1605 3148 1678 μέρη,
3174 1608 3271 1660 καὶ
3297 1606 3365 1659 τὺ
3388 1606 3524 1659 θεον
3551 1608 3736 1669 ἕντοῖς

2155 1703 2414 1772 μίρεσινς
2449 1701 2519 1753 Ἦ
2561 1700 2670 1771 γὰρ
2699 1700 2757 1752 ἰν
2794 1699 3023 1770 αὑτῷ,ἢ
3064 1699 3369 1768 ἀλλαχόσε,
3396 1699 3432 1768 ἢ
3467 1699 3737 1770 mtas:

2085 1754 2127 1808 Β
2154 1754 2247 1845 irati
2285 1754 2470 1855 aia-mc,
2511 1788 2545 1860 ἢ
2573 1754 2841 1854 Nam;
3059 1754 3256 1853 ταῦτα,

2220 2057 2320 2128 οβ’.
2347 2057 2410 2111 Εἰ
2462 2059 2563 2128 τῆς
2611 2056 2782 2125 αὑτῆς
2822 2055 3035 2125 φύσεως
3063 2058 3096 2126 ἡ
3129 2055 3268 2125 σὰρξ
3294 2059 3360 2125 τῇ
3405 2055 3507 2108 τοῦ
3563 2053 3736 2123 Μτιυ

2150 2150 2364 2220 θεότητι
2387 2189 2401 2213 ,
2434 2147 2553 2211 πῶς
2599 2148 2661 2201 οὑ
2719 2147 2912 2217 γέγονε
2955 2147 3155 2218 τετρὰς
3183 2149 3218 2216 ὴ
3263 2147 3433 2214 Τριάς
3456 2165 3473 2211 ;
3498 2147 3588 2199 Τὰ
3637 2148 3739 2214 γὰρ

2147 2243 2410 2312 όμοούσια
2453 2241 2647 2312 ἑτέρας
2683 2240 2836 2294 δστὶν
2865 2240 3241 2302 ὑποστάσεως.
3275 2241 3340 2292 Εἰ
3372 2240 3428 2291 δὲ
3471 2240 3742 2309 ἕτεραού-

2152 2349 2286 2398 σιος,
2316 2333 2432 2396 πῶς
2451 2333 2510 2386 οὑ
2537 2332 2633 2386 δύο
2656 2330 2848 2401 φύσεις
2878 2332 3024 2385 ἐστὶν
3050 2334 3080 2386 ὑ
3101 2333 3378 2402 Χριστός,;

2217 2517 2318 2579 ογ’.
2349 2509 2411 2562 Ei
2455 2509 2484 2560 ό
2535 2505 2667 2569 Θιὸς
2705 2507 2878 2575 Λόγος
2919 2511 3014 2562 καὶ
3044 2512 3073 2564 ό
3129 2509 3318 2579 Πατὴρ
3361 2509 3514 2561 κατά
3545 2507 3600 2560 τί
3637 2510 3742 2562 εἱσι

2151 2608 2266 2668 δύο,
2299 2606 2333 2674 ἡ
2365 2603 2424 2656 δὲ
2459 2602 2594 2674 σὰρξ
2622 2602 2718 2656 καὶ
2749 2603 2778 2653 ὁ
2802 2600 3124 2669 ΘεὸςΛόγος
3149 2603 3272 2655 κατ’
3293 2602 3440 2655 οὐδέν
3473 2604 3595 2653 εἰσι
3625 2599 3743 2661 δύο,

2151 2701 2312 2754 πλέον
2363 2700 2570 2768 ἥνωται
2623 2699 2690 2767 τῇ
2731 2695 2917 2764 σαρκὶ,
2950 2694 3082 2758 Θεὸς
3135 2693 3328 2761 Λόγος,
3357 2693 3494 2762 ῆτῷ
3531 2690 3740 2761 Ila-cpi.

2152 2793 2216 2847 Ei
2241 2791 2298 2846 δὲ
2320 2790 2382 2844 οὑ
2421 2790 2588 2844 πλέον
2611 2806 2625 2820 ·
2655 2788 2797 2844 κατά
2820 2804 2874 2840 τι
2908 2786 3036 2854 γοῦν
3066 2786 3172 2838 εἰσι
3214 2785 3310 2837 δύο
3343 2786 3373 2836 ὁ
3399 2783 3534 2846 θεὸς
3567 2784 3747 2852 Λόγος

2152 2880 2249 2934 καὶ
2274 2883 2308 2950 ἡ
2348 2878 2505 2950 σάρξ.
2531 2878 2642 2933 Καὶ
2669 2879 2719 2931 εί
2753 2877 2896 2932 κατά
2919 2894 2993 2940 τι,
3013 2876 3106 2929 δύο
3134 2876 3280 2930 κατὰ
3298 2875 3471 2944 φύσιν
3496 2891 3511 2904 ⁸
3538 2876 3606 2929 οὑ
3643 2878 3747 2945 γὰρ

2154 2971 2278 3026 καθ’
2309 2971 2628 3024 ὑπόστασιν.
3595 2979 3604 2990 '

2183 3149 2319 3211 πόδ’.
2365 3146 2425 3201 '0
2461 3141 2541 3212 εἷς
2586 3145 2842 3214 Χριστὸς,
2866 3147 2899 3215 ἡ
2939 3143 3190 3206 σύνθετος
3229 3144 3582 3208 ὑπόστασις,
3614 3147 3749 3198 uti

2162 3237 2260 3306 μὲν
2309 3235 2473 3303 φύσιν
2501 3236 2814 3299 ταυτίζεται
2857 3235 2933 3307 τῷ
2966 3235 3143 3306 Πατρὶ
3181 3236 3279 3287 καὶ
3316 3235 3405 3306 τῷ
3438 3236 3748 3305 Πνεὺμστι,

2156 3329 2222 3397 τῇ
2253 3325 2438 3396 Μητρί
2477 3341 2536 3376 τε
2570 3324 2664 3378 καὶ
2697 3323 2859 3393 ὑμῖν·
2902 3324 2998 3377 καὶ
3037 3323 3115 3393 τῷ
3142 3325 3319 3394 Πατρὶ
3349 3323 3464 3393 γάρ
3506 3327 3632 3377 ἐστι
3665 3327 3750 3378 κει

2158 3418 2286 3487 ὑμῖν
2315 3414 2598 3486 όμοούσιος
2619 3432 2632 3445 ·
2662 3414 2909 3485 διαφέρει
2941 3415 2997 3468 δὲ
3031 3413 3154 3468 καθ’
3181 3415 3517 3468 ὑπόστασιν.
3553 3418 3616 3468 E!
3653 3417 3752 3485 μὲν

2157 3504 2250 3562 οὖν
2276 3508 2403 3578 μίαν
2451 3505 2611 3574 φύσιν
2656 3504 2807 3575 αὑτῷ
2845 3505 2982 3558 δῶτε
3031 3503 3304 3570 σύνθετον,
3343 3505 3619 3558 συνθέτου
3651 3507 3754 3574 φύ-

2161 3615 2296 3660 σεως
2327 3597 2415 3650 τὸν
2445 3596 2665 3666 Πατέρα
2700 3595 2870 3648 καὶτὸ
2903 3596 3126 3664 Πνεῦμα
3151 3595 3214 3648 τὸ
3231 3596 3394 3663 ἅγιον
3413 3596 3635 3660 λέξατε,
3661 3599 3754 3649 καὶ

2162 3689 2287 3758 μιᾶς
2306 3686 2515 3756 φύσεως
2544 3686 2642 3756 τὴν
2665 3685 2869 3755 Τριάδα
2892 3686 3127 3749 καὶτοὺς
3154 3686 3485 3756 ἀνθρώπους
3515 3688 3748 3741 εἴποιτε.

2158 3778 2221 3830 Ei
2245 3776 2301 3830 δὲ
2333 3776 2630 3829 ὑπόστασιν
2668 3777 2738 3828 ’ὲν
2775 3775 2869 3828 δύο
2915 3775 3324 3846 γνωριζομένην
3368 3779 3608 3848 φύει-εει.
3637 3783 3752 3834 κεῖ.

2156 3869 2285 3923 ἄλλο
2330 3867 2486 3924 ἔσται
2535 3869 2616 3942 τῷ
2664 3871 2842 3942 Πατρὶ
2891 3872 2986 3923 καὶ
3027 3869 3147 3924 κατ’
3187 3871 3318 3926 ἄλλο
3363 3872 3512 3942 ἡμῖν
3562 3874 3753 3944 όμοοὸο

2157 3977 2291 4023 σιος.

2226 4133 2317 4190 οε’.
2369 4135 2435 4188 Ἦ
2479 4134 2669 4204 θεότης
2717 4135 2860 4189 κατὰ
2891 4135 2998 4188 τῶν
3044 4134 3211 4207 τριῶν
3256 4137 3361 4205 τῆς
3420 4136 3752 4208 {map-lui;

2156 4226 2386 4298 Τριὰδος
2415 4226 2765 4289 ὑποστάσεως
2813 4225 3062 4298 φέρεται,
3089 4226 3293 4297 ὁμοίως
3337 4228 3440 4280 καὶ
3473 4231 3510 4298 ἡ
3547 4231 3753 4300 ἀνθρω-

2157 4318 2326 4388 πότης
2357 4317 2502 4371 κατὰ
2528 4317 2638 4372 τῶν
2670 4318 2916 4388 ἀπείρων
2964 4318 3066 4386 τῆς
3113 4317 3478 4389 ἀνθρωπίνης
3538 4322 3756 4390 φύσεως

481 4418 731 4465 naturam
757 4427 919 4466 unam
941 4413 1164 4469 deitatis
1197 4415 1668 4488 humanitatisque
1697 4417 1916 4482 dicatis,
1942 4436 2050 4476 una

2161 4409 2532 4462 ὑποστάσεων.
2586 4410 2649 4462 Ei
2700 4408 2881 4462 τοίνυν
2927 4409 3057 4478 μίαν
3115 4409 3278 4477 φύσιν
3325 4408 3436 4478 τῆς
3493 4410 3755 4481 θεότητος

479 4509 696 4567 natura,
744 4505 1044 4558 secundum
1075 4514 1318 4560 vestram
1363 4507 1699 4576 opinionem,
1741 4509 1794 4564 in
1829 4510 2052 4568 Christo

478 4590 644 4645 trium
681 4601 1004 4648 sanctarum
1038 4594 1329 4653 Trinitatis
1375 4598 1762 4671 hypostasium
1806 4601 1933 4670 fuit,
1969 4605 2057 4660 in-

478 4681 868 4755 iinitarumque
900 4686 1278 4757 hypostasium
1321 4689 1702 4745 humanitatis.

549 4773 635 4829 76.
668 4773 725 4828 Si
755 4777 1145 4846 particularem
1170 4781 1577 4853 specialemque
1602 4782 1764 4839 Verbi
1794 4785 2054 4841 substan-

477 4865 608 4918 tiam
651 4867 925 4933 asseritis,
959 4867 1215 4940 idemque
1248 4886 1374 4927 esse
1407 4880 1659 4928 naturam
1697 4881 1752 4929 et
1785 4875 2050 4946 hyposta-

477 4953 617 5019 sim;
656 4955 894 5012 indicate
939 4951 1101 5014 nobis
1143 4970 1462 5016 sanctorum
1511 4960 1737 5017 Patrum
1785 4965 2046 5037 aliquem,

475 5046 571 5116 qui
627 5056 740 5104 tres
789 5056 1018 5106 naturas
1053 5052 1488 5119 [substantiasve
1521 5055 1724 5112 dixerit
1757 5057 1814 5112 in
1854 5066 2048 5114 sancta

479 5136 772 5206 Trinitate,
802 5155 1040 5211 nosque.
1075 5145 1334 5213 imposita
1364 5146 1446 5201 ori
1485 5161 1674 5212 manu,
1706 5149 2050 5206 conticesce-

479 5240 624 5281 mus.
648 5227 814 5300 [ιιά
847 5227 942 5284 Sin
973 5245 1104 5286 vero
1133 5233 1426 5290 ostendere
1453 5249 1562 5289 non
1592 5237 1844 5305 potestis,
1883 5252 2050 5294 eccur

481 5329 621 5372 vane
662 5317 731 5373 de
784 5319 979 5385 corde,
1025 5328 1082 5378 et
1129 5337 1240 5379 non
1290 5340 1356 5381 ex
1409 5325 1542 5394 Deo,
1597 5328 1888 5398 loquentes
1945 5330 2053 5388 fre-

480 5406 668 5464 mitis?

2156 4501 2248 4554 καὶ
2275 4501 2374 4570 τῆς
2407 4500 2828 4570 ἁνθρωπότητος
2858 4499 3072 4569 εἴπητε,
3101 4499 3200 4569 μία
3231 4499 3405 4567 φύσις
3437 4503 3577 4555 καθ’
3617 4505 3756 4572 ὑμᾶς

2155 4591 2214 4645 ὲν
2245 4589 2324 4660 τῷ
2359 4590 2579 4661 Χριστῷ
2611 4590 2802 4658 γέγονε
2831 4589 2939 4644 τῶν
2969 4590 3139 4660 ἁγίων
3163 4591 3264 4660 τῆς
3291 4591 3551 4660 Τριάδος
3595 4594 3756 4666 τριῶν

2156 4682 2524 4736 ὑποστάσεων.

2225 4781 2330 4840 ος·’.
2368 4777 2429 4828 Ei
2455 4775 2687 4847 μερικὴν
2708 4775 2800 4829 καὶ
2825 4775 2999 4846 ίδικὴν
3025 4775 3214 4828 οὐσίαν
3237 4775 3335 4829 τοῦ
3369 4778 3569 4847 Λόγου
3603 4780 3753 4847 φατὲ,

2158 4865 2252 4919 καὶ
2289 4865 2483 4919 ταυτὸν
2515 4865 2676 4935 φύσιν
2728 4866 2823 4920 καὶ
2861 4865 3159 4919 ὑπόστασιν
3194 4865 3420 4930 δείξατε
3461 4871 3610 4938 ἡμῖν
3645 4869 3752 4922 τίνα

2155 4956 2264 5011 τῶν
2301 4956 2473 5025 ἁγίων
2510 4955 2771 5026 Πατέρων
2818 4957 2970 5028 τρεῖς
3001 4957 3195 5026 φύσεις
3227 4955 3261 5026 ἤ
3295 4958 3500 5022 οὐσίας
3543 4961 3646 5014 ἐπὶ
3667 4960 3753 5028 si;

2158 5050 2319 5118 ἁγίας
2359 5049 2590 5122 Τριάδος
2613 5049 2858 5116 εἰπόντα,
2890 5048 2986 5103 καὶ
3009 5051 3170 5121 ἡμεῖς
3211 5051 3536 5121 σιγήσομεν
3564 5092 3582 5115 ,
3609 5054 3754 5120 χεῖρα

2156 5145 2250 5198 ἐπὶ
2300 5143 2534 5216 στόματι
2588 5142 2828 5214 θέμενοι.
2864 5143 2926 5197 Ei
2976 5142 3034 5197 δὲ
3070 5145 3144 5213 μὴ
3187 5140 3364 5206 δεῖξαι
3409 5144 3686 5206 δύνασθε,
3708 5143 3754 5194 τε

2159 5236 2336 5308 μάτην
2382 5237 2489 5290 ἀπὸ
2540 5234 2798 5308 καρδίας,
2831 5235 2924 5290 καὶ
2974 5233 3075 5287 οὑκ
3129 5234 3195 5288 ἐκ
3244 5232 3389 5288 Θεοῦ
3418 5279 3433 5302 ,
3463 5235 3758 5307 λαλοῦντες

2154 5327 2492 5399 φρυάττεσθε
2510 5345 2528 5394 ;

1754 5554 1987 5613 νΑιιιΑς
2027 5551 2426 5610 LECTIONES.

551 5643 569 5669 '
595 5649 875 5706 Articulus
895 5654 985 5709 τὸν
1034 5659 1325 5729 utrobique
1375 5665 1686 5734 superﬂuus
1710 5677 1814 5726 est.

1932 5670 1946 5704 ί
1981 5667 2108 5740 ch.
2135 5667 2422 5738 κηρὺξετε.
