  <div class='ocr_page' id='page_1' title='image "/cluster/home/n/w/nwhite01/storage/ocr_20150623/94/hvd.32044073502098/742.png"; bbox 0 0 3930 6206; ppageno 0'>
   <div class='ocr_carea' id='block_1_1' title="bbox 214 214 348 281">
    <p class='ocr_par' dir='ltr' id='par_1_1' title="bbox 214 214 348 281">
     <span class='ocr_line' id='line_1_1' title="bbox 214 214 348 281; baseline -0.007 0"><span class='ocrx_word' id='word_1_1' title='bbox 214 214 348 281; x_wconf 74' lang='grc'><strong>1473</strong></span> 
     </span>
    </p>
   </div>
   <div class='ocr_carea' id='block_1_2' title="bbox 1473 213 2227 276">
    <p class='ocr_par' dir='ltr' id='par_1_2' title="bbox 1473 213 2227 276">
     <span class='ocr_line' id='line_1_2' title="bbox 1473 213 2227 276; baseline 0.004 -3"><span class='ocrx_word' id='word_1_2' title='bbox 1473 213 1772 274; x_wconf 83' lang='lat' dir='ltr'><strong>CONTRA</strong></span> <span class='ocrx_word' id='word_1_3' title='bbox 1810 216 2227 276; x_wconf 79' lang='lat' dir='ltr'><strong>JACOBITAS.</strong></span> 
     </span>
    </p>
   </div>
   <div class='ocr_carea' id='block_1_3' title="bbox 3308 223 3444 290">
    <p class='ocr_par' dir='ltr' id='par_1_3' title="bbox 3308 223 3444 290">
     <span class='ocr_line' id='line_1_3' title="bbox 3308 223 3444 290; baseline 0.015 -2"><span class='ocrx_word' id='word_1_4' title='bbox 3308 223 3444 290; x_wconf 76' lang='grc'>1474</span> 
     </span>
    </p>
   </div>
   <div class='ocr_carea' id='block_1_4' title="bbox 273 324 1781 398">
    <p class='ocr_par' dir='ltr' id='par_1_4' title="bbox 273 324 1778 398">
     <span class='ocr_line' id='line_1_4' title="bbox 273 324 1778 398; baseline -0.002 -16"><span class='ocrx_word' id='word_1_5' title='bbox 273 330 369 394; x_wconf 61' lang='grc' dir='ltr'><strong>οῖ’.</strong></span> <span class='ocrx_word' id='word_1_6' title='bbox 407 328 481 381; x_wconf 72' lang='grc' dir='ltr'><strong>Τὸ</strong></span> <span class='ocrx_word' id='word_1_7' title='bbox 510 327 617 381; x_wconf 84' lang='grc' dir='ltr'><strong>τῶν</strong></span> <span class='ocrx_word' id='word_1_8' title='bbox 648 326 985 398; x_wconf 74' lang='grc' dir='ltr'><strong>πραγμάτων</strong></span> <span class='ocrx_word' id='word_1_9' title='bbox 1000 324 1202 387; x_wconf 63' lang='grc' dir='ltr'>ποσὸν,</span> <span class='ocrx_word' id='word_1_10' title='bbox 1233 324 1292 377; x_wconf 81' lang='grc' dir='ltr'>οὐ</span> <span class='ocrx_word' id='word_1_11' title='bbox 1345 325 1505 395; x_wconf 74' lang='grc' dir='ltr'>μόνον</span> <span class='ocrx_word' id='word_1_12' title='bbox 1538 327 1778 397; x_wconf 81' lang='grc' dir='ltr'>ὡρισμέ-</span> 
     </span>
    </p>
   </div>
   <div class='ocr_carea' id='block_1_5' title="bbox 1885 324 3447 398">
    <p class='ocr_par' dir='ltr' id='par_1_5' title="bbox 1951 326 3447 393">
     <span class='ocr_line' id='line_1_5' title="bbox 1951 326 3447 393; baseline 0.007 -14"><span class='ocrx_word' id='word_1_13' title='bbox 1951 328 2036 379; x_wconf 82' lang='lat'><strong>77.</strong></span> <span class='ocrx_word' id='word_1_14' title='bbox 2073 326 2363 393; x_wconf 89' lang='lat' dir='ltr'><strong>Quantitas</strong></span> <span class='ocrx_word' id='word_1_15' title='bbox 2393 342 2573 381; x_wconf 81' lang='lat' dir='ltr'><strong>rerum</strong></span> <span class='ocrx_word' id='word_1_16' title='bbox 2602 343 2714 383; x_wconf 90' lang='lat' dir='ltr'><strong>non</strong></span> <span class='ocrx_word' id='word_1_17' title='bbox 2750 333 2931 385; x_wconf 85' lang='lat' dir='ltr'><strong>solum</strong></span> <span class='ocrx_word' id='word_1_18' title='bbox 2961 332 3187 389; x_wconf 86' lang='lat' dir='ltr'><strong>dellnito</strong></span> <span class='ocrx_word' id='word_1_19' title='bbox 3217 351 3447 393; x_wconf 85' lang='lat' dir='ltr'><strong>numero</strong></span> 
     </span>
    </p>
   </div>
   <div class='ocr_carea' id='block_1_6' title="bbox 203 415 1773 493">
    <p class='ocr_par' dir='ltr' id='par_1_6' title="bbox 203 415 1773 493">
     <span class='ocr_line' id='line_1_6' title="bbox 203 415 1773 493; baseline -0.004 -19"><span class='ocrx_word' id='word_1_20' title='bbox 203 439 293 485; x_wconf 85' lang='grc' dir='ltr'><strong>νος</strong></span> <span class='ocrx_word' id='word_1_21' title='bbox 324 421 557 493; x_wconf 78' lang='grc' dir='ltr'>ἀριθμὸς</span> <span class='ocrx_word' id='word_1_22' title='bbox 590 419 917 491; x_wconf 79' lang='grc' dir='ltr'><strong>παρίστησιν</strong></span> <span class='ocrx_word' id='word_1_23' title='bbox 941 456 955 481; x_wconf 93' lang='grc'><strong>,</strong></span> <span class='ocrx_word' id='word_1_24' title='bbox 978 415 1115 469; x_wconf 86' lang='grc' dir='ltr'><strong>ἀλλά</strong></span> <span class='ocrx_word' id='word_1_25' title='bbox 1148 415 1212 487; x_wconf 88' lang='grc' dir='ltr'>δὴ</span> <span class='ocrx_word' id='word_1_26' title='bbox 1253 416 1346 470; x_wconf 75' lang='grc' dir='ltr'>καὶ</span> <span class='ocrx_word' id='word_1_27' title='bbox 1383 418 1411 469; x_wconf 99' lang='lat'><strong>6</strong></span> <span class='ocrx_word' id='word_1_28' title='bbox 1445 416 1716 486; x_wconf 84' lang='grc' dir='ltr'>ἀόριστος,</span> <span class='ocrx_word' id='word_1_29' title='bbox 1745 418 1773 468; x_wconf 88' lang='grc' dir='ltr'><strong>ὁ</strong></span> 
     </span>
    </p>
   </div>
   <div class='ocr_carea' id='block_1_7' title="bbox 202 507 1771 582">
    <p class='ocr_par' dir='ltr' id='par_1_7' title="bbox 202 507 1771 582">
     <span class='ocr_line' id='line_1_7' title="bbox 202 507 1771 582; baseline -0.004 -15"><span class='ocrx_word' id='word_1_30' title='bbox 202 512 375 567; x_wconf 74' lang='grc' dir='ltr'>πολλὰ</span> <span class='ocrx_word' id='word_1_31' title='bbox 401 511 584 582; x_wconf 83' lang='grc' dir='ltr'>τυχὸν,</span> <span class='ocrx_word' id='word_1_32' title='bbox 616 510 710 564; x_wconf 72' lang='grc' dir='ltr'>καὶ</span> <span class='ocrx_word' id='word_1_33' title='bbox 741 509 896 578; x_wconf 90' lang='grc' dir='ltr'>ὀλίγα</span> <span class='ocrx_word' id='word_1_34' title='bbox 918 548 931 569; x_wconf 85' lang='grc'><strong>,</strong></span> <span class='ocrx_word' id='word_1_35' title='bbox 958 509 1055 562; x_wconf 76' lang='grc' dir='ltr'>καὶ</span> <span class='ocrx_word' id='word_1_36' title='bbox 1082 507 1323 574; x_wconf 76' lang='grc' dir='ltr'><strong>πλείονα,</strong></span> <span class='ocrx_word' id='word_1_37' title='bbox 1353 508 1444 561; x_wconf 76' lang='grc' dir='ltr'>καὶ</span> <span class='ocrx_word' id='word_1_38' title='bbox 1471 508 1732 562; x_wconf 80' lang='grc' dir='ltr'>ἐλάττονα</span> <span class='ocrx_word' id='word_1_39' title='bbox 1758 524 1771 537; x_wconf 84' lang='grc'><em>’</em></span> 
     </span>
    </p>
   </div>
   <div class='ocr_carea' id='block_1_8' title="bbox 202 596 1776 674">
    <p class='ocr_par' dir='ltr' id='par_1_8' title="bbox 202 596 1776 674">
     <span class='ocr_line' id='line_1_8' title="bbox 202 596 1776 674; baseline 0 -19"><span class='ocrx_word' id='word_1_40' title='bbox 202 604 300 655; x_wconf 80' lang='grc' dir='ltr'>καὶ</span> <span class='ocrx_word' id='word_1_41' title='bbox 351 604 384 674; x_wconf 79' lang='grc' dir='ltr'><strong>ἡ</strong></span> <span class='ocrx_word' id='word_1_42' title='bbox 421 601 683 669; x_wconf 74' lang='grc' dir='ltr'><strong>ἀναλογία</strong></span> <span class='ocrx_word' id='word_1_43' title='bbox 719 600 1008 655; x_wconf 50' lang='grc' dir='ltr'>δὲκταυτὸν</span> <span class='ocrx_word' id='word_1_44' title='bbox 1040 596 1149 656; x_wconf 81' lang='grc' dir='ltr'>οἶδε</span> <span class='ocrx_word' id='word_1_45' title='bbox 1191 603 1453 666; x_wconf 80' lang='grc' dir='ltr'><strong>πολλάκις</strong></span> <span class='ocrx_word' id='word_1_46' title='bbox 1477 606 1672 669; x_wconf 83' lang='grc' dir='ltr'>ποιεῖν,</span> <span class='ocrx_word' id='word_1_47' title='bbox 1699 603 1776 666; x_wconf 86' lang='grc' dir='ltr'>ὡς</span> 
     </span>
    </p>
   </div>
   <div class='ocr_carea' id='block_1_9' title="bbox 204 690 1775 765">
    <p class='ocr_par' dir='ltr' id='par_1_9' title="bbox 204 690 1775 765">
     <span class='ocr_line' id='line_1_9' title="bbox 204 690 1775 765; baseline -0.001 -18"><span class='ocrx_word' id='word_1_48' title='bbox 204 694 267 747; x_wconf 77' lang='grc' dir='ltr'>τὸ</span> <span class='ocrx_word' id='word_1_49' title='bbox 306 693 494 762; x_wconf 77' lang='grc' dir='ltr'>μεῖζον</span> <span class='ocrx_word' id='word_1_50' title='bbox 526 693 618 745; x_wconf 78' lang='grc' dir='ltr'>καὶ</span> <span class='ocrx_word' id='word_1_51' title='bbox 658 692 773 745; x_wconf 78' lang='grc' dir='ltr'>ἴσον</span> <span class='ocrx_word' id='word_1_52' title='bbox 815 694 912 747; x_wconf 77' lang='grc' dir='ltr'>καὶ</span> <span class='ocrx_word' id='word_1_53' title='bbox 952 690 1145 765; x_wconf 79' lang='grc' dir='ltr'>ἦττον·</span> <span class='ocrx_word' id='word_1_54' title='bbox 1173 695 1309 749; x_wconf 81' lang='grc' dir='ltr'>ἀλλὰ</span> <span class='ocrx_word' id='word_1_55' title='bbox 1353 696 1448 749; x_wconf 73' lang='grc' dir='ltr'>καὶ</span> <span class='ocrx_word' id='word_1_56' title='bbox 1471 696 1504 764; x_wconf 83' lang='grc' dir='ltr'><strong>ἡ</strong></span> <span class='ocrx_word' id='word_1_57' title='bbox 1528 694 1775 764; x_wconf 80' lang='grc' dir='ltr'><strong>δεικτικὴ</strong></span> 
     </span>
    </p>
   </div>
   <div class='ocr_carea' id='block_1_10' title="bbox 203 783 1773 854">
    <p class='ocr_par' dir='ltr' id='par_1_10' title="bbox 203 783 1773 854">
     <span class='ocr_line' id='line_1_10' title="bbox 203 783 1773 854; baseline 0.002 -19"><span class='ocrx_word' id='word_1_58' title='bbox 203 784 379 854; x_wconf 82' lang='grc' dir='ltr'>φωνὴ,</span> <span class='ocrx_word' id='word_1_59' title='bbox 409 783 587 837; x_wconf 77' lang='grc' dir='ltr'>τοῦτό</span> <span class='ocrx_word' id='word_1_60' title='bbox 614 801 779 854; x_wconf 83' lang='grc' dir='ltr'>φημι,</span> <span class='ocrx_word' id='word_1_61' title='bbox 807 785 1071 852; x_wconf 80' lang='grc' dir='ltr'>κάκεῖνο,</span> <span class='ocrx_word' id='word_1_62' title='bbox 1092 786 1188 840; x_wconf 74' lang='grc' dir='ltr'><strong>καὶ</strong></span> <span class='ocrx_word' id='word_1_63' title='bbox 1230 787 1435 849; x_wconf 83' lang='grc' dir='ltr'>ταῦτα,</span> <span class='ocrx_word' id='word_1_64' title='bbox 1472 786 1567 839; x_wconf 71' lang='grc' dir='ltr'>καὶ</span> <span class='ocrx_word' id='word_1_65' title='bbox 1597 785 1773 850; x_wconf 66' lang='grc' dir='ltr'>ἄλλο,</span> 
     </span>
    </p>
   </div>
   <div class='ocr_carea' id='block_1_11' title="bbox 202 874 1775 944">
    <p class='ocr_par' dir='ltr' id='par_1_11' title="bbox 202 874 1775 944">
     <span class='ocr_line' id='line_1_11' title="bbox 202 874 1775 944; baseline 0.001 -17"><span class='ocrx_word' id='word_1_66' title='bbox 202 876 299 927; x_wconf 86' lang='grc' dir='ltr'><strong>καί</strong></span> <span class='ocrx_word' id='word_1_67' title='bbox 322 875 555 942; x_wconf 77' lang='grc' dir='ltr'>ἕτερον’</span> <span class='ocrx_word' id='word_1_68' title='bbox 582 875 677 927; x_wconf 72' lang='grc' dir='ltr'>καὶ</span> <span class='ocrx_word' id='word_1_69' title='bbox 706 875 745 942; x_wconf 78' lang='grc' dir='ltr'>ἡ</span> <span class='ocrx_word' id='word_1_70' title='bbox 797 875 987 941; x_wconf 75' lang='grc' dir='ltr'>τάξις,</span> <span class='ocrx_word' id='word_1_71' title='bbox 1031 874 1107 938; x_wconf 79' lang='grc' dir='ltr'><strong>ὡς</strong></span> <span class='ocrx_word' id='word_1_72' title='bbox 1146 876 1260 943; x_wconf 80' lang='grc' dir='ltr'>πρὸ</span> <span class='ocrx_word' id='word_1_73' title='bbox 1302 875 1499 938; x_wconf 81' lang='grc' dir='ltr'>τοῦδε,</span> <span class='ocrx_word' id='word_1_74' title='bbox 1527 875 1620 929; x_wconf 73' lang='grc' dir='ltr'>καὶ</span> <span class='ocrx_word' id='word_1_75' title='bbox 1648 875 1775 944; x_wconf 82' lang='grc' dir='ltr'>μετ’</span> 
     </span>
    </p>
   </div>
   <div class='ocr_carea' id='block_1_12' title="bbox 190 964 1777 1037">
    <p class='ocr_par' dir='ltr' id='par_1_12' title="bbox 190 964 1777 1037">
     <span class='ocr_line' id='line_1_12' title="bbox 190 964 1777 1037; baseline -0.001 -18"><span class='ocrx_word' id='word_1_76' title='bbox 190 964 397 1019; x_wconf 71' lang='grc' dir='ltr'>ἐκεῖνο</span> <span class='ocrx_word' id='word_1_77' title='bbox 416 1002 430 1026; x_wconf 90' lang='grc'><strong>,</strong></span> <span class='ocrx_word' id='word_1_78' title='bbox 464 964 559 1016; x_wconf 70' lang='grc' dir='ltr'>καὶ</span> <span class='ocrx_word' id='word_1_79' title='bbox 587 964 687 1019; x_wconf 79' lang='grc' dir='ltr'><strong>ἀπ’</strong></span> <span class='ocrx_word' id='word_1_80' title='bbox 735 964 949 1034; x_wconf 81' lang='grc' dir='ltr'>ἀρχῆς,</span> <span class='ocrx_word' id='word_1_81' title='bbox 978 965 1073 1017; x_wconf 73' lang='grc' dir='ltr'>καὶ</span> <span class='ocrx_word' id='word_1_82' title='bbox 1102 964 1375 1032; x_wconf 78' lang='grc' dir='ltr'>ὕστερον,</span> <span class='ocrx_word' id='word_1_83' title='bbox 1404 966 1497 1018; x_wconf 81' lang='grc' dir='ltr'>καὶ</span> <span class='ocrx_word' id='word_1_84' title='bbox 1519 964 1695 1037; x_wconf 77' lang='grc' dir='ltr'>ἕτεροι</span> <span class='ocrx_word' id='word_1_85' title='bbox 1721 965 1777 1017; x_wconf 82' lang='grc' dir='ltr'>δὲ</span> 
     </span>
    </p>
   </div>
   <div class='ocr_carea' id='block_1_13' title="bbox 201 1052 1777 1127">
    <p class='ocr_par' dir='ltr' id='par_1_13' title="bbox 201 1052 1777 1127">
     <span class='ocr_line' id='line_1_13' title="bbox 201 1052 1777 1127; baseline 0 -18"><span class='ocrx_word' id='word_1_86' title='bbox 201 1056 395 1126; x_wconf 80' lang='grc' dir='ltr'>τρόποι</span> <span class='ocrx_word' id='word_1_87' title='bbox 434 1055 613 1125; x_wconf 84' lang='grc' dir='ltr'>τυχόν.</span> <span class='ocrx_word' id='word_1_88' title='bbox 631 1057 693 1109; x_wconf 81' lang='lat' dir='ltr'><strong>El</strong></span> <span class='ocrx_word' id='word_1_89' title='bbox 724 1057 820 1126; x_wconf 74' lang='grc' dir='ltr'>μὲν</span> <span class='ocrx_word' id='word_1_90' title='bbox 849 1052 941 1110; x_wconf 80' lang='grc' dir='ltr'>οὖν</span> <span class='ocrx_word' id='word_1_91' title='bbox 967 1058 1176 1120; x_wconf 83' lang='grc' dir='ltr'>πάντας</span> <span class='ocrx_word' id='word_1_92' title='bbox 1200 1058 1326 1120; x_wconf 76' lang='grc' dir='ltr'>τοὺς</span> <span class='ocrx_word' id='word_1_93' title='bbox 1348 1057 1582 1127; x_wconf 79' lang='grc' dir='ltr'>τρόπους</span> <span class='ocrx_word' id='word_1_94' title='bbox 1605 1057 1777 1127; x_wconf 89' lang='grc' dir='ltr'>δηλω-</span> 
     </span>
    </p>
   </div>
   <div class='ocr_carea' id='block_1_14' title="bbox 202 1146 1777 1219">
    <p class='ocr_par' dir='ltr' id='par_1_14' title="bbox 202 1146 1777 1219">
     <span class='ocr_line' id='line_1_14' title="bbox 202 1146 1777 1219; baseline 0.001 -19"><span class='ocrx_word' id='word_1_95' title='bbox 202 1147 391 1210; x_wconf 76' lang='grc' dir='ltr'>τικοὺς</span> <span class='ocrx_word' id='word_1_96' title='bbox 428 1147 528 1216; x_wconf 80' lang='grc' dir='ltr'>τῆς</span> <span class='ocrx_word' id='word_1_97' title='bbox 551 1146 660 1199; x_wconf 83' lang='grc' dir='ltr'><strong>τῶν</strong></span> <span class='ocrx_word' id='word_1_98' title='bbox 690 1147 1032 1217; x_wconf 82' lang='grc' dir='ltr'>πραγμάτων</span> <span class='ocrx_word' id='word_1_99' title='bbox 1058 1148 1384 1218; x_wconf 81' lang='grc' dir='ltr'>ποσότητος,</span> <span class='ocrx_word' id='word_1_100' title='bbox 1414 1149 1777 1219; x_wconf 83' lang='grc' dir='ltr'>διαιρετικοὺς</span> 
     </span>
    </p>
   </div>
   <div class='ocr_carea' id='block_1_15' title="bbox 204 1237 1779 1310">
    <p class='ocr_par' dir='ltr' id='par_1_15' title="bbox 204 1237 1779 1310">
     <span class='ocr_line' id='line_1_15' title="bbox 204 1237 1779 1310; baseline 0.001 -18"><span class='ocrx_word' id='word_1_101' title='bbox 204 1240 413 1306; x_wconf 82' lang='grc' dir='ltr'>λέγετε,</span> <span class='ocrx_word' id='word_1_102' title='bbox 442 1237 674 1305; x_wconf 82' lang='grc' dir='ltr'>ἐγγύθεν</span> <span class='ocrx_word' id='word_1_103' title='bbox 704 1240 732 1291; x_wconf 93' lang='lat'><strong>6</strong></span> <span class='ocrx_word' id='word_1_104' title='bbox 781 1238 1020 1309; x_wconf 77' lang='grc' dir='ltr'>ἔλεγχος.</span> <span class='ocrx_word' id='word_1_105' title='bbox 1053 1239 1199 1292; x_wconf 84' lang='grc' dir='ltr'>Μίαν</span> <span class='ocrx_word' id='word_1_106' title='bbox 1245 1240 1352 1310; x_wconf 82' lang='grc' dir='ltr'><strong>γὰρ</strong></span> <span class='ocrx_word' id='word_1_107' title='bbox 1392 1241 1486 1292; x_wconf 77' lang='grc' dir='ltr'>καὶ</span> <span class='ocrx_word' id='word_1_108' title='bbox 1525 1241 1653 1308; x_wconf 85' lang='grc' dir='ltr'>μίαν</span> <span class='ocrx_word' id='word_1_109' title='bbox 1678 1239 1779 1308; x_wconf 83' lang='grc' dir='ltr'>φύ-</span> 
     </span>
    </p>
   </div>
   <div class='ocr_carea' id='block_1_16' title="bbox 207 1330 1779 1401">
    <p class='ocr_par' dir='ltr' id='par_1_16' title="bbox 207 1330 1779 1401">
     <span class='ocr_line' id='line_1_16' title="bbox 207 1330 1779 1401; baseline -0.001 -16"><span class='ocrx_word' id='word_1_110' title='bbox 207 1331 519 1400; x_wconf 79' lang='grc' dir='ltr'>σιν,ἓτερόν</span> <span class='ocrx_word' id='word_1_111' title='bbox 568 1348 629 1382; x_wconf 87' lang='grc' dir='ltr'><strong>τε</strong></span> <span class='ocrx_word' id='word_1_112' title='bbox 676 1331 772 1383; x_wconf 73' lang='grc' dir='ltr'><strong>καὶ</strong></span> <span class='ocrx_word' id='word_1_113' title='bbox 818 1330 1043 1401; x_wconf 68' lang='grc' dir='ltr'>ἕτερον,</span> <span class='ocrx_word' id='word_1_114' title='bbox 1079 1332 1173 1384; x_wconf 74' lang='grc' dir='ltr'>καὶ</span> <span class='ocrx_word' id='word_1_115' title='bbox 1213 1332 1341 1384; x_wconf 83' lang='grc' dir='ltr'>ἄλλο</span> <span class='ocrx_word' id='word_1_116' title='bbox 1374 1333 1468 1384; x_wconf 80' lang='grc' dir='ltr'>καὶ</span> <span class='ocrx_word' id='word_1_117' title='bbox 1510 1332 1660 1393; x_wconf 76' lang='grc' dir='ltr'>ἄλλο,</span> <span class='ocrx_word' id='word_1_118' title='bbox 1684 1333 1779 1384; x_wconf 76' lang='grc' dir='ltr'>καὶ</span> 
     </span>
    </p>
   </div>
   <div class='ocr_carea' id='block_1_17' title="bbox 206 1422 1778 1494">
    <p class='ocr_par' dir='ltr' id='par_1_17' title="bbox 206 1422 1778 1494">
     <span class='ocr_line' id='line_1_17' title="bbox 206 1422 1778 1494; baseline 0.001 -18"><span class='ocrx_word' id='word_1_119' title='bbox 206 1423 401 1491; x_wconf 83' lang='grc' dir='ltr'>φύσεις</span> <span class='ocrx_word' id='word_1_120' title='bbox 440 1422 704 1493; x_wconf 84' lang='grc' dir='ltr'>ἀορίστως</span> <span class='ocrx_word' id='word_1_121' title='bbox 732 1422 823 1475; x_wconf 58' lang='grc' dir='ltr'><strong>καὶ⁸</strong></span> <span class='ocrx_word' id='word_1_122' title='bbox 860 1422 1148 1492; x_wconf 78' lang='grc' dir='ltr'>ἰδιότητας,</span> <span class='ocrx_word' id='word_1_123' title='bbox 1177 1424 1270 1477; x_wconf 73' lang='grc' dir='ltr'>καὶ</span> <span class='ocrx_word' id='word_1_124' title='bbox 1296 1423 1480 1494; x_wconf 74' lang='grc' dir='ltr'>μεῖζον</span> <span class='ocrx_word' id='word_1_125' title='bbox 1506 1422 1600 1477; x_wconf 80' lang='grc' dir='ltr'>καὶ</span> <span class='ocrx_word' id='word_1_126' title='bbox 1623 1422 1778 1477; x_wconf 69' lang='grc' dir='ltr'>ἐλατ-</span> 
     </span>
    </p>
   </div>
   <div class='ocr_carea' id='block_1_18' title="bbox 204 1513 1779 1589">
    <p class='ocr_par' dir='ltr' id='par_1_18' title="bbox 204 1513 1779 1589">
     <span class='ocr_line' id='line_1_18' title="bbox 204 1513 1779 1589; baseline 0.001 -22"><span class='ocrx_word' id='word_1_127' title='bbox 204 1532 319 1578; x_wconf 87' lang='grc' dir='ltr'>τον,</span> <span class='ocrx_word' id='word_1_128' title='bbox 346 1515 437 1567; x_wconf 79' lang='grc' dir='ltr'>καὶ</span> <span class='ocrx_word' id='word_1_129' title='bbox 472 1515 737 1585; x_wconf 77' lang='grc' dir='ltr'>πρότερον</span> <span class='ocrx_word' id='word_1_130' title='bbox 771 1514 871 1589; x_wconf 57' lang='grc' dir='ltr'><strong>καίι</strong></span> <span class='ocrx_word' id='word_1_131' title='bbox 911 1513 1139 1585; x_wconf 75' lang='grc' dir='ltr'>ὕστερον</span> <span class='ocrx_word' id='word_1_132' title='bbox 1174 1515 1387 1583; x_wconf 85' lang='grc' dir='ltr'>λέγετε.</span> <span class='ocrx_word' id='word_1_133' title='bbox 1426 1516 1489 1567; x_wconf 82' lang='lat' dir='ltr'><strong>Ei</strong></span> <span class='ocrx_word' id='word_1_134' title='bbox 1515 1514 1572 1568; x_wconf 81' lang='grc' dir='ltr'>δὲ</span> <span class='ocrx_word' id='word_1_135' title='bbox 1621 1516 1779 1585; x_wconf 83' lang='grc' dir='ltr'>μόνον</span> 
     </span>
    </p>
   </div>
   <div class='ocr_carea' id='block_1_19' title="bbox 205 1602 1775 1674">
    <p class='ocr_par' dir='ltr' id='par_1_19' title="bbox 205 1602 1775 1674">
     <span class='ocr_line' id='line_1_19' title="bbox 205 1602 1775 1674; baseline 0.002 -20"><span class='ocrx_word' id='word_1_136' title='bbox 205 1602 300 1656; x_wconf 81' lang='grc' dir='ltr'>τὸν</span> <span class='ocrx_word' id='word_1_137' title='bbox 342 1602 645 1671; x_wconf 82' lang='grc' dir='ltr'>ὡρισμένον</span> <span class='ocrx_word' id='word_1_138' title='bbox 680 1602 933 1673; x_wconf 71' lang='grc' dir='ltr'>ἀριθμὸν,</span> <span class='ocrx_word' id='word_1_139' title='bbox 967 1603 1062 1656; x_wconf 79' lang='grc' dir='ltr'>καὶ</span> <span class='ocrx_word' id='word_1_140' title='bbox 1121 1603 1356 1673; x_wconf 87' lang='grc' dir='ltr'>μάλιστα</span> <span class='ocrx_word' id='word_1_141' title='bbox 1407 1607 1507 1674; x_wconf 83' lang='grc' dir='ltr'>τῆς</span> <span class='ocrx_word' id='word_1_142' title='bbox 1549 1604 1775 1668; x_wconf 81' lang='grc' dir='ltr'>δυάδος,</span> 
     </span>
    </p>
   </div>
   <div class='ocr_carea' id='block_1_20' title="bbox 1878 421 3442 497">
    <p class='ocr_par' dir='ltr' id='par_1_20' title="bbox 1878 421 3442 497">
     <span class='ocr_line' id='line_1_20' title="bbox 1878 421 3442 497; baseline 0.008 -27"><span class='ocrx_word' id='word_1_143' title='bbox 1878 427 2323 486; x_wconf 62' lang='lat' dir='ltr'><strong>repraesentetur,</strong></span> <span class='ocrx_word' id='word_1_144' title='bbox 2347 434 2538 473; x_wconf 86' lang='lat' dir='ltr'><strong>verum</strong></span> <span class='ocrx_word' id='word_1_145' title='bbox 2559 421 2719 473; x_wconf 87' lang='lat' dir='ltr'><strong>etiam</strong></span> <span class='ocrx_word' id='word_1_146' title='bbox 2745 422 3061 491; x_wconf 78' lang='lat' dir='ltr'><strong>indeﬁnito;</strong></span> <span class='ocrx_word' id='word_1_147' title='bbox 3096 435 3179 490; x_wconf 88' lang='lat' dir='ltr'><strong>ut,</strong></span> <span class='ocrx_word' id='word_1_148' title='bbox 3212 442 3299 491; x_wconf 76' lang='lat' dir='ltr'><strong>ex.</strong></span> <span class='ocrx_word' id='word_1_149' title='bbox 3332 444 3442 497; x_wconf 59' lang='grc' dir='ltr'>ειη,</span> 
     </span>
    </p>
   </div>
   <div class='ocr_carea' id='block_1_21' title="bbox 1877 507 3447 588">
    <p class='ocr_par' dir='ltr' id='par_1_21' title="bbox 1877 507 3447 588">
     <span class='ocr_line' id='line_1_21' title="bbox 1877 507 3447 588; baseline 0.007 -30"><span class='ocrx_word' id='word_1_150' title='bbox 1877 507 2071 563; x_wconf 88' lang='lat' dir='ltr'><strong>multis</strong></span> <span class='ocrx_word' id='word_1_151' title='bbox 2098 516 2151 561; x_wconf 89' lang='lat' dir='ltr'><strong>et</strong></span> <span class='ocrx_word' id='word_1_152' title='bbox 2185 510 2402 578; x_wconf 82' lang='lat' dir='ltr'><strong>paucis,</strong></span> <span class='ocrx_word' id='word_1_153' title='bbox 2435 509 2691 578; x_wconf 83' lang='lat' dir='ltr'><strong>pluribus</strong></span> <span class='ocrx_word' id='word_1_154' title='bbox 2725 519 2781 565; x_wconf 85' lang='lat' dir='ltr'><strong>ct</strong></span> <span class='ocrx_word' id='word_1_155' title='bbox 2810 516 3188 581; x_wconf 78' lang='lat' dir='ltr'><strong>paucioribus.</strong></span> <span class='ocrx_word' id='word_1_156' title='bbox 3214 516 3447 588; x_wconf 78' lang='lat' dir='ltr'><strong>Compa-</strong></span> 
     </span>
    </p>
   </div>
   <div class='ocr_carea' id='block_1_22' title="bbox 1878 598 3447 675">
    <p class='ocr_par' dir='ltr' id='par_1_22' title="bbox 1878 598 3447 675">
     <span class='ocr_line' id='line_1_22' title="bbox 1878 598 3447 675; baseline 0.007 -25"><span class='ocrx_word' id='word_1_157' title='bbox 1878 599 2019 652; x_wconf 90' lang='lat' dir='ltr'><strong>ratio</strong></span> <span class='ocrx_word' id='word_1_158' title='bbox 2071 598 2211 654; x_wconf 88' lang='lat' dir='ltr'><strong>idem</strong></span> <span class='ocrx_word' id='word_1_159' title='bbox 2263 615 2482 668; x_wconf 87' lang='lat' dir='ltr'><strong>quoque</strong></span> <span class='ocrx_word' id='word_1_160' title='bbox 2536 613 2797 671; x_wconf 70' lang='lat' dir='ltr'><strong>praestare</strong></span> <span class='ocrx_word' id='word_1_161' title='bbox 2840 605 3016 670; x_wconf 84' lang='lat' dir='ltr'><strong>solet,</strong></span> <span class='ocrx_word' id='word_1_162' title='bbox 3049 615 3108 659; x_wconf 89' lang='lat' dir='ltr'><strong>ut</strong></span> <span class='ocrx_word' id='word_1_163' title='bbox 3148 608 3362 675; x_wconf 83' lang='lat' dir='ltr'><strong>majus,</strong></span> <span class='ocrx_word' id='word_1_164' title='bbox 3394 619 3447 664; x_wconf 86' lang='lat' dir='ltr'><strong>et</strong></span> 
     </span>
    </p>
   </div>
   <div class='ocr_carea' id='block_1_23' title="bbox 1878 690 3447 762">
    <p class='ocr_par' dir='ltr' id='par_1_23' title="bbox 1878 690 3447 762">
     <span class='ocr_line' id='line_1_23' title="bbox 1878 690 3447 762; baseline 0.006 -18"><span class='ocrx_word' id='word_1_165' title='bbox 1878 690 2109 759; x_wconf 64' lang='lat' dir='ltr'><strong>aequale,</strong></span> <span class='ocrx_word' id='word_1_166' title='bbox 2145 702 2197 745; x_wconf 92' lang='lat' dir='ltr'><strong>et</strong></span> <span class='ocrx_word' id='word_1_167' title='bbox 2236 693 2418 747; x_wconf 88' lang='lat' dir='ltr'><strong>minus</strong></span> <span class='ocrx_word' id='word_1_168' title='bbox 2451 715 2461 746; x_wconf 89' lang='lat'>:</span> <span class='ocrx_word' id='word_1_169' title='bbox 2490 693 2601 748; x_wconf 89' lang='lat' dir='ltr'><strong>imo</strong></span> <span class='ocrx_word' id='word_1_170' title='bbox 2635 702 2689 748; x_wconf 88' lang='lat' dir='ltr'><strong>et</strong></span> <span class='ocrx_word' id='word_1_171' title='bbox 2724 709 2829 748; x_wconf 75' lang='lat' dir='ltr'><strong>vox</strong></span> <span class='ocrx_word' id='word_1_172' title='bbox 2858 696 3292 761; x_wconf 76' lang='lat' dir='ltr'><strong>demonstrandi,</strong></span> <span class='ocrx_word' id='word_1_173' title='bbox 3326 700 3447 762; x_wconf 79' lang='lat' dir='ltr'><strong>hoc,</strong></span> 
     </span>
    </p>
   </div>
   <div class='ocr_carea' id='block_1_24' title="bbox 1880 781 3450 855">
    <p class='ocr_par' dir='ltr' id='par_1_24' title="bbox 1880 781 3450 855">
     <span class='ocr_line' id='line_1_24' title="bbox 1880 781 3450 855; baseline 0.004 -21"><span class='ocrx_word' id='word_1_174' title='bbox 1880 781 2129 851; x_wconf 85' lang='lat' dir='ltr'><strong>inquam,</strong></span> <span class='ocrx_word' id='word_1_175' title='bbox 2172 794 2224 836; x_wconf 90' lang='lat' dir='ltr'><strong>et</strong></span> <span class='ocrx_word' id='word_1_176' title='bbox 2275 783 2431 846; x_wconf 82' lang='lat' dir='ltr'><strong>illud,</strong></span> <span class='ocrx_word' id='word_1_177' title='bbox 2478 791 2533 837; x_wconf 85' lang='lat' dir='ltr'><strong>et</strong></span> <span class='ocrx_word' id='word_1_178' title='bbox 2582 785 2713 847; x_wconf 66' lang='lat' dir='ltr'><strong>Ita&#39;c,</strong></span> <span class='ocrx_word' id='word_1_179' title='bbox 2741 793 2796 839; x_wconf 90' lang='lat' dir='ltr'><strong>et</strong></span> <span class='ocrx_word' id='word_1_180' title='bbox 2857 785 3026 850; x_wconf 77' lang='lat' dir='ltr'><strong>aliud,</strong></span> <span class='ocrx_word' id='word_1_181' title='bbox 3078 794 3133 842; x_wconf 87' lang='lat' dir='ltr'><strong>et</strong></span> <span class='ocrx_word' id='word_1_182' title='bbox 3187 789 3450 855; x_wconf 74' lang='lat' dir='ltr'><strong>alterum;</strong></span> 
     </span>
    </p>
   </div>
   <div class='ocr_carea' id='block_1_25' title="bbox 1879 872 3449 945">
    <p class='ocr_par' dir='ltr' id='par_1_25' title="bbox 1879 872 3449 945">
     <span class='ocr_line' id='line_1_25' title="bbox 1879 872 3449 945; baseline 0.009 -22"><span class='ocrx_word' id='word_1_183' title='bbox 1879 872 2118 942; x_wconf 83' lang='lat' dir='ltr'><strong>itemque</strong></span> <span class='ocrx_word' id='word_1_184' title='bbox 2166 872 2331 937; x_wconf 83' lang='lat' dir='ltr'><strong>ordo;</strong></span> <span class='ocrx_word' id='word_1_185' title='bbox 2368 881 2427 927; x_wconf 88' lang='lat' dir='ltr'><strong>ut</strong></span> <span class='ocrx_word' id='word_1_186' title='bbox 2471 884 2593 927; x_wconf 85' lang='lat' dir='ltr'><strong>ante</strong></span> <span class='ocrx_word' id='word_1_187' title='bbox 2645 874 2757 937; x_wconf 80' lang='lat' dir='ltr'><strong>hoc,</strong></span> <span class='ocrx_word' id='word_1_188' title='bbox 2806 884 2887 938; x_wconf 85' lang='lat' dir='ltr'><strong>et,</strong></span> <span class='ocrx_word' id='word_1_189' title='bbox 2931 886 3046 945; x_wconf 73' lang='lat' dir='ltr'><strong>post</strong></span> <span class='ocrx_word' id='word_1_190' title='bbox 3096 879 3255 944; x_wconf 81' lang='lat' dir='ltr'><strong>illud,</strong></span> <span class='ocrx_word' id='word_1_191' title='bbox 3291 892 3366 945; x_wconf 89' lang='lat' dir='ltr'><strong>et,</strong></span> <span class='ocrx_word' id='word_1_192' title='bbox 3416 902 3449 937; x_wconf 90' lang='lat' dir='ltr'><strong>a</strong></span> 
     </span>
    </p>
   </div>
   <div class='ocr_carea' id='block_1_26' title="bbox 1877 963 3449 1042">
    <p class='ocr_par' dir='ltr' id='par_1_26' title="bbox 1877 963 3449 1042">
     <span class='ocr_line' id='line_1_26' title="bbox 1877 963 3449 1042; baseline 0.008 -29"><span class='ocrx_word' id='word_1_193' title='bbox 1877 963 2154 1030; x_wconf 81' lang='lat' dir='ltr'><strong>principio,</strong></span> <span class='ocrx_word' id='word_1_194' title='bbox 2179 970 2256 1027; x_wconf 91' lang='lat' dir='ltr'><strong>et,</strong></span> <span class='ocrx_word' id='word_1_195' title='bbox 2290 973 2496 1031; x_wconf 76' lang='lat' dir='ltr'><strong>postea,</strong></span> <span class='ocrx_word' id='word_1_196' title='bbox 2534 965 2738 1034; x_wconf 80' lang='lat' dir='ltr'><strong>aliique</strong></span> <span class='ocrx_word' id='word_1_197' title='bbox 2770 964 3024 1024; x_wconf 72' lang='lat' dir='ltr'><strong>fortassis</strong></span> <span class='ocrx_word' id='word_1_198' title='bbox 3053 970 3222 1024; x_wconf 88' lang='lat' dir='ltr'><strong>modi.</strong></span> <span class='ocrx_word' id='word_1_199' title='bbox 3250 970 3307 1024; x_wconf 87' lang='lat' dir='ltr'><strong>Si</strong></span> <span class='ocrx_word' id='word_1_200' title='bbox 3346 973 3449 1042; x_wconf 75' lang='lat' dir='ltr'><strong>igi-</strong></span> 
     </span>
    </p>
   </div>
   <div class='ocr_carea' id='block_1_27' title="bbox 1879 1053 3453 1124">
    <p class='ocr_par' dir='ltr' id='par_1_27' title="bbox 1879 1053 3453 1124">
     <span class='ocr_line' id='line_1_27' title="bbox 1879 1053 3453 1124; baseline 0.009 -21"><span class='ocrx_word' id='word_1_201' title='bbox 1879 1060 1969 1103; x_wconf 88' lang='lat' dir='ltr'><strong>tur</strong></span> <span class='ocrx_word' id='word_1_202' title='bbox 1992 1066 2184 1106; x_wconf 87' lang='lat' dir='ltr'><strong>omnes</strong></span> <span class='ocrx_word' id='word_1_203' title='bbox 2210 1053 2421 1116; x_wconf 87' lang='lat' dir='ltr'><strong>modos,</strong></span> <span class='ocrx_word' id='word_1_204' title='bbox 2453 1054 2655 1123; x_wconf 88' lang='lat' dir='ltr'><strong>quibus</strong></span> <span class='ocrx_word' id='word_1_205' title='bbox 2687 1057 2967 1124; x_wconf 85' lang='lat' dir='ltr'><strong>quantitas</strong></span> <span class='ocrx_word' id='word_1_206' title='bbox 2993 1074 3172 1113; x_wconf 86' lang='lat' dir='ltr'><strong>rerum</strong></span> <span class='ocrx_word' id='word_1_207' title='bbox 3208 1061 3453 1117; x_wconf 81' lang='lat' dir='ltr'><strong>declara-</strong></span> 
     </span>
    </p>
   </div>
   <div class='ocr_carea' id='block_1_28' title="bbox 1880 1141 3451 1221">
    <p class='ocr_par' dir='ltr' id='par_1_28' title="bbox 1880 1141 3451 1221">
     <span class='ocr_line' id='line_1_28' title="bbox 1880 1141 3451 1221; baseline 0.008 -28"><span class='ocrx_word' id='word_1_208' title='bbox 1880 1149 1990 1203; x_wconf 89' lang='lat' dir='ltr'><strong>tur,</strong></span> <span class='ocrx_word' id='word_1_209' title='bbox 2026 1141 2359 1197; x_wconf 86' lang='lat' dir='ltr'><strong>divisionem</strong></span> <span class='ocrx_word' id='word_1_210' title='bbox 2406 1144 2668 1199; x_wconf 76' lang='lat' dir='ltr'><strong>inducere</strong></span> <span class='ocrx_word' id='word_1_211' title='bbox 2704 1146 2918 1207; x_wconf 88' lang='lat' dir='ltr'><strong>dicitis,</strong></span> <span class='ocrx_word' id='word_1_212' title='bbox 2958 1148 3119 1202; x_wconf 83' lang='lat' dir='ltr'><strong>obvia</strong></span> <span class='ocrx_word' id='word_1_213' title='bbox 3157 1149 3451 1221; x_wconf 78' lang='lat' dir='ltr'><strong>facilisque</strong></span> 
     </span>
    </p>
   </div>
   <div class='ocr_carea' id='block_1_29' title="bbox 1878 1234 3451 1308">
    <p class='ocr_par' dir='ltr' id='par_1_29' title="bbox 1878 1234 3451 1308">
     <span class='ocr_line' id='line_1_29' title="bbox 1878 1234 3451 1308; baseline 0.007 -22"><span class='ocrx_word' id='word_1_214' title='bbox 1878 1234 2195 1287; x_wconf 83' lang='lat' dir='ltr'><strong>conl‘utatio</strong></span> <span class='ocrx_word' id='word_1_215' title='bbox 2245 1244 2356 1288; x_wconf 86' lang='lat' dir='ltr'><strong>est.</strong></span> <span class='ocrx_word' id='word_1_216' title='bbox 2415 1236 2593 1291; x_wconf 86' lang='lat' dir='ltr'><strong>Unam</strong></span> <span class='ocrx_word' id='word_1_217' title='bbox 2628 1236 2833 1306; x_wconf 84' lang='lat' dir='ltr'><strong>quippe</strong></span> <span class='ocrx_word' id='word_1_218' title='bbox 2876 1246 3040 1308; x_wconf 85' lang='lat' dir='ltr'><strong>atque</strong></span> <span class='ocrx_word' id='word_1_219' title='bbox 3093 1256 3257 1295; x_wconf 90' lang='lat' dir='ltr'><strong>unam</strong></span> <span class='ocrx_word' id='word_1_220' title='bbox 3294 1252 3451 1297; x_wconf 88' lang='lat' dir='ltr'><strong>natu-</strong></span> 
     </span>
    </p>
   </div>
   <div class='ocr_carea' id='block_1_30' title="bbox 1880 1324 3447 1396">
    <p class='ocr_par' dir='ltr' id='par_1_30' title="bbox 1880 1324 3447 1396">
     <span class='ocr_line' id='line_1_30' title="bbox 1880 1324 3447 1396; baseline 0.008 -21"><span class='ocrx_word' id='word_1_221' title='bbox 1880 1338 2022 1388; x_wconf 88' lang='lat' dir='ltr'><strong>ram,</strong></span> <span class='ocrx_word' id='word_1_222' title='bbox 2059 1324 2341 1380; x_wconf 87' lang='lat' dir='ltr'><strong>diversum</strong></span> <span class='ocrx_word' id='word_1_223' title='bbox 2362 1327 2502 1385; x_wconf 85' lang='lat' dir='ltr'><strong>item</strong></span> <span class='ocrx_word' id='word_1_224' title='bbox 2537 1334 2591 1380; x_wconf 85' lang='lat' dir='ltr'><strong>et</strong></span> <span class='ocrx_word' id='word_1_225' title='bbox 2639 1328 2947 1392; x_wconf 83' lang='lat' dir='ltr'><strong>diversum,</strong></span> <span class='ocrx_word' id='word_1_226' title='bbox 2989 1330 3139 1383; x_wconf 85' lang='lat' dir='ltr'><strong>aliud</strong></span> <span class='ocrx_word' id='word_1_227' title='bbox 3172 1340 3227 1386; x_wconf 88' lang='lat' dir='ltr'><strong>et</strong></span> <span class='ocrx_word' id='word_1_228' title='bbox 3257 1334 3405 1387; x_wconf 83' lang='lat' dir='ltr'><strong>aliud</strong></span> <span class='ocrx_word' id='word_1_229' title='bbox 3432 1375 3447 1396; x_wconf 87' lang='lat'><strong>.</strong></span> 
     </span>
    </p>
   </div>
   <div class='ocr_carea' id='block_1_31' title="bbox 1880 1417 3451 1492">
    <p class='ocr_par' dir='ltr' id='par_1_31' title="bbox 1880 1417 3451 1492">
     <span class='ocr_line' id='line_1_31' title="bbox 1880 1417 3451 1492; baseline 0.005 -22"><span class='ocrx_word' id='word_1_230' title='bbox 1880 1423 2110 1473; x_wconf 86' lang='lat' dir='ltr'><strong>naturas</strong></span> <span class='ocrx_word' id='word_1_231' title='bbox 2137 1417 2305 1471; x_wconf 88' lang='lat' dir='ltr'><strong>etiam</strong></span> <span class='ocrx_word' id='word_1_232' title='bbox 2344 1417 2649 1483; x_wconf 75' lang='lat' dir='ltr'><strong>indefinite,</strong></span> <span class='ocrx_word' id='word_1_233' title='bbox 2686 1427 2741 1474; x_wconf 91' lang='lat' dir='ltr'><strong>et</strong></span> <span class='ocrx_word' id='word_1_234' title='bbox 2772 1422 3157 1491; x_wconf 82' lang='lat' dir='ltr'><strong>proprietates,</strong></span> <span class='ocrx_word' id='word_1_235' title='bbox 3188 1425 3367 1492; x_wconf 87' lang='lat' dir='ltr'><strong>majus</strong></span> <span class='ocrx_word' id='word_1_236' title='bbox 3396 1435 3451 1480; x_wconf 92' lang='lat' dir='ltr'><strong>et</strong></span> 
     </span>
    </p>
   </div>
   <div class='ocr_carea' id='block_1_32' title="bbox 1881 1508 3451 1578">
    <p class='ocr_par' dir='ltr' id='par_1_32' title="bbox 1881 1508 3451 1578">
     <span class='ocr_line' id='line_1_32' title="bbox 1881 1508 3451 1578; baseline 0.006 -18"><span class='ocrx_word' id='word_1_237' title='bbox 1881 1509 2090 1571; x_wconf 90' lang='lat' dir='ltr'><strong>minus,</strong></span> <span class='ocrx_word' id='word_1_238' title='bbox 2123 1508 2280 1577; x_wconf 90' lang='lat' dir='ltr'><strong>prius</strong></span> <span class='ocrx_word' id='word_1_239' title='bbox 2311 1516 2365 1562; x_wconf 86' lang='lat' dir='ltr'><strong>et</strong></span> <span class='ocrx_word' id='word_1_240' title='bbox 2394 1509 2675 1578; x_wconf 89' lang='lat' dir='ltr'><strong>posterius</strong></span> <span class='ocrx_word' id='word_1_241' title='bbox 2706 1509 2914 1566; x_wconf 87' lang='lat' dir='ltr'><strong>dicitis.</strong></span> <span class='ocrx_word' id='word_1_242' title='bbox 2954 1511 3052 1566; x_wconf 86' lang='lat' dir='ltr'><strong>Sin</strong></span> <span class='ocrx_word' id='word_1_243' title='bbox 3086 1528 3214 1567; x_wconf 87' lang='lat' dir='ltr'><strong>vero</strong></span> <span class='ocrx_word' id='word_1_244' title='bbox 3248 1516 3451 1570; x_wconf 87' lang='lat' dir='ltr'><strong>solum-</strong></span> 
     </span>
    </p>
   </div>
   <div class='ocr_carea' id='block_1_33' title="bbox 1883 1598 3447 1666">
    <p class='ocr_par' dir='ltr' id='par_1_33' title="bbox 1883 1598 3447 1666">
     <span class='ocr_line' id='line_1_33' title="bbox 1883 1598 3447 1666; baseline 0.006 -15"><span class='ocrx_word' id='word_1_245' title='bbox 1883 1599 2046 1653; x_wconf 89' lang='lat' dir='ltr'><strong>modo</strong></span> <span class='ocrx_word' id='word_1_246' title='bbox 2078 1614 2368 1653; x_wconf 85' lang='lat' dir='ltr'><strong>numerum</strong></span> <span class='ocrx_word' id='word_1_247' title='bbox 2396 1598 2709 1665; x_wconf 83' lang='lat' dir='ltr'><strong>deﬁnitum,</strong></span> <span class='ocrx_word' id='word_1_248' title='bbox 2740 1608 2794 1655; x_wconf 92' lang='lat' dir='ltr'><strong>et</strong></span> <span class='ocrx_word' id='word_1_249' title='bbox 2823 1603 3120 1657; x_wconf 85' lang='lat' dir='ltr'><strong>maximum</strong></span> <span class='ocrx_word' id='word_1_250' title='bbox 3152 1605 3447 1666; x_wconf 86' lang='lat' dir='ltr'><strong>binarium.</strong></span> 
     </span>
    </p>
   </div>
   <div class='ocr_carea' id='block_1_34' title="bbox 207 1666 1781 1766">
    <p class='ocr_par' dir='ltr' id='par_1_34' title="bbox 207 1666 1779 1766">
     <span class='ocr_line' id='line_1_34' title="bbox 207 1666 1779 1766; baseline 0.001 -18"><span class='ocrx_word' id='word_1_251' title='bbox 207 1666 439 1766; x_wconf 70' lang='grc' dir='ltr'>διαιρείν</span> <span class='ocrx_word' id='word_1_252' title='bbox 479 1666 930 1765; x_wconf 33' lang='grc' dir='ltr'>ύποτίθεσθεντῆς</span> <span class='ocrx_word' id='word_1_253' title='bbox 969 1666 1218 1762; x_wconf 74' lang='grc' dir='ltr'>ὲεουσίας</span> <span class='ocrx_word' id='word_1_254' title='bbox 1247 1713 1261 1725; x_wconf 75' lang='grc'><strong><em>⁸</em></strong></span> <span class='ocrx_word' id='word_1_255' title='bbox 1302 1696 1385 1760; x_wconf 80' lang='grc' dir='ltr'><strong>τίς</strong></span> <span class='ocrx_word' id='word_1_256' title='bbox 1427 1666 1535 1766; x_wconf 68' lang='grc' dir='ltr'><strong>γάρ</strong></span> <span class='ocrx_word' id='word_1_257' title='bbox 1576 1698 1609 1765; x_wconf 79' lang='grc' dir='ltr'>ἡ</span> <span class='ocrx_word' id='word_1_258' title='bbox 1640 1666 1779 1750; x_wconf 49' lang='grc' dir='ltr'>άποέ</span> 
     </span>
    </p>
   </div>
   <div class='ocr_carea' id='block_1_35' title="bbox 1885 1666 3450 1766">
    <p class='ocr_par' dir='ltr' id='par_1_35' title="bbox 1885 1690 3450 1762">
     <span class='ocr_line' id='line_1_35' title="bbox 1885 1690 3450 1762; baseline 0.006 -18"><span class='ocrx_word' id='word_1_259' title='bbox 1885 1690 2123 1746; x_wconf 81' lang='lat' dir='ltr'><strong>diviilere</strong></span> <span class='ocrx_word' id='word_1_260' title='bbox 2155 1691 2382 1761; x_wconf 88' lang='lat' dir='ltr'><strong>ponitis,</strong></span> <span class='ocrx_word' id='word_1_261' title='bbox 2419 1691 2523 1746; x_wconf 84' lang='lat' dir='ltr'><strong>hoc</strong></span> <span class='ocrx_word' id='word_1_262' title='bbox 2553 1701 2748 1748; x_wconf 73' lang='lat' dir='ltr'><strong>vestrae</strong></span> <span class='ocrx_word' id='word_1_263' title='bbox 2782 1693 3016 1750; x_wconf 68' lang='lat' dir='ltr'><strong>licentiae</strong></span> <span class='ocrx_word' id='word_1_264' title='bbox 3047 1695 3178 1751; x_wconf 85' lang='lat' dir='ltr'><strong>erit.</strong></span> <span class='ocrx_word' id='word_1_265' title='bbox 3215 1696 3450 1762; x_wconf 78' lang='lat' dir='ltr'><strong>Quinam</strong></span> 
     </span>
    </p>
   </div>
   <div class='ocr_carea' id='block_1_36' title="bbox 209 1786 1781 1860">
    <p class='ocr_par' dir='ltr' id='par_1_36' title="bbox 209 1786 1781 1860">
     <span class='ocr_line' id='line_1_36' title="bbox 209 1786 1781 1860; baseline 0 -19"><span class='ocrx_word' id='word_1_266' title='bbox 209 1787 525 1860; x_wconf 80' lang='grc' dir='ltr'>κλήρωσιςιι</span> <span class='ocrx_word' id='word_1_267' title='bbox 562 1789 664 1859; x_wconf 84' lang='grc' dir='ltr'>τῆς</span> <span class='ocrx_word' id='word_1_268' title='bbox 706 1787 964 1858; x_wconf 81' lang='grc' dir='ltr'>ἀληθείας</span> <span class='ocrx_word' id='word_1_269' title='bbox 1003 1789 1204 1860; x_wconf 78' lang='grc' dir='ltr'>ἑτέρως</span> <span class='ocrx_word' id='word_1_270' title='bbox 1246 1788 1508 1858; x_wconf 84' lang='grc' dir='ltr'>ὲχούσης;</span> <span class='ocrx_word' id='word_1_271' title='bbox 1544 1786 1607 1841; x_wconf 83' lang='grc' dir='ltr'><strong><em>Ἠ</em></strong></span> <span class='ocrx_word' id='word_1_272' title='bbox 1652 1788 1781 1850; x_wconf 81' lang='grc' dir='ltr'>δυὰς</span> 
     </span>
    </p>
   </div>
   <div class='ocr_carea' id='block_1_37' title="bbox 209 1878 1783 1951">
    <p class='ocr_par' dir='ltr' id='par_1_37' title="bbox 209 1878 1783 1951">
     <span class='ocr_line' id='line_1_37' title="bbox 209 1878 1783 1951; baseline 0 -18"><span class='ocrx_word' id='word_1_273' title='bbox 209 1880 317 1951; x_wconf 85' lang='grc' dir='ltr'><strong>γὰρ</strong></span> <span class='ocrx_word' id='word_1_274' title='bbox 342 1881 432 1933; x_wconf 77' lang='grc' dir='ltr'>καὶ</span> <span class='ocrx_word' id='word_1_275' title='bbox 460 1880 529 1934; x_wconf 81' lang='grc' dir='ltr'><strong>τὰ</strong></span> <span class='ocrx_word' id='word_1_276' title='bbox 549 1878 641 1932; x_wconf 89' lang='grc' dir='ltr'><strong>δύο</strong></span> <span class='ocrx_word' id='word_1_277' title='bbox 667 1879 802 1949; x_wconf 78' lang='grc' dir='ltr'>όμοῦ</span> <span class='ocrx_word' id='word_1_278' title='bbox 827 1880 892 1951; x_wconf 62' lang='grc' dir='ltr'><strong>τά</strong></span> <span class='ocrx_word' id='word_1_279' title='bbox 922 1880 1298 1951; x_wconf 78' lang='grc' dir='ltr'>ἀριθμούμενα</span> <span class='ocrx_word' id='word_1_280' title='bbox 1330 1880 1663 1951; x_wconf 76' lang='grc' dir='ltr'>συλληπτικῇ</span> <span class='ocrx_word' id='word_1_281' title='bbox 1694 1881 1783 1934; x_wconf 89' lang='grc' dir='ltr'>δυ-</span> 
     </span>
    </p>
   </div>
   <div class='ocr_carea' id='block_1_38' title="bbox 209 1942 1782 2043">
    <p class='ocr_par' dir='ltr' id='par_1_38' title="bbox 209 1942 1782 2043">
     <span class='ocr_line' id='line_1_38' title="bbox 209 1942 1782 2043; baseline 0.001 -18"><span class='ocrx_word' id='word_1_282' title='bbox 209 1942 369 2043; x_wconf 73' lang='grc' dir='ltr'>νάμει</span> <span class='ocrx_word' id='word_1_283' title='bbox 398 1942 744 2043; x_wconf 74' lang='grc' dir='ltr'>παρίστησιν,</span> <span class='ocrx_word' id='word_1_284' title='bbox 771 1972 805 2042; x_wconf 82' lang='grc' dir='ltr'>ἢ</span> <span class='ocrx_word' id='word_1_285' title='bbox 844 1942 942 2042; x_wconf 51' lang='grc' dir='ltr'>ιθῆς</span> <span class='ocrx_word' id='word_1_286' title='bbox 963 1942 1113 2042; x_wconf 32' lang='lat' dir='ltr'><strong>Iunii;</strong></span> <span class='ocrx_word' id='word_1_287' title='bbox 1154 1942 1304 2043; x_wconf 75' lang='grc' dir='ltr'>ύμῶν</span> <span class='ocrx_word' id='word_1_288' title='bbox 1338 1974 1366 2026; x_wconf 94' lang='lat'><strong>6</strong></span> <span class='ocrx_word' id='word_1_289' title='bbox 1402 1942 1782 2042; x_wconf 60' lang='grc' dir='ltr'>διαλελυμένας</span> 
     </span>
    </p>
   </div>
   <div class='ocr_carea' id='block_1_39' title="bbox 208 2063 1398 2139">
    <p class='ocr_par' dir='ltr' id='par_1_39' title="bbox 208 2063 1398 2139">
     <span class='ocr_line' id='line_1_39' title="bbox 208 2063 1398 2139; baseline 0 -20"><span class='ocrx_word' id='word_1_290' title='bbox 208 2064 463 2135; x_wconf 81' lang='grc' dir='ltr'>ἀριθμὸς,</span> <span class='ocrx_word' id='word_1_291' title='bbox 504 2065 597 2119; x_wconf 78' lang='grc' dir='ltr'>καὶ</span> <span class='ocrx_word' id='word_1_292' title='bbox 625 2063 749 2118; x_wconf 82' lang='grc' dir='ltr'>καθ’</span> <span class='ocrx_word' id='word_1_293' title='bbox 775 2063 963 2118; x_wconf 79' lang='grc' dir='ltr'>ἑαυτὸν</span> <span class='ocrx_word' id='word_1_294' title='bbox 1005 2064 1398 2139; x_wconf 80' lang='grc' dir='ltr'>θεωρούμενος.</span> 
     </span>
    </p>
   </div>
   <div class='ocr_carea' id='block_1_40' title="bbox 283 2243 1781 2318">
    <p class='ocr_par' dir='ltr' id='par_1_40' title="bbox 283 2243 1781 2318">
     <span class='ocr_line' id='line_1_40' title="bbox 283 2243 1781 2318; baseline 0.004 -23"><span class='ocrx_word' id='word_1_295' title='bbox 283 2249 382 2312; x_wconf 81' lang='grc' dir='ltr'>οη’.</span> <span class='ocrx_word' id='word_1_296' title='bbox 419 2243 542 2295; x_wconf 71' lang='grc' dir='ltr'>Ἐπὶ</span> <span class='ocrx_word' id='word_1_297' title='bbox 572 2245 701 2296; x_wconf 81' lang='grc' dir='ltr'>πᾶσι</span> <span class='ocrx_word' id='word_1_298' title='bbox 728 2243 887 2296; x_wconf 70' lang='grc' dir='ltr'>τοῦτο</span> <span class='ocrx_word' id='word_1_299' title='bbox 912 2245 1042 2315; x_wconf 72' lang='grc' dir='ltr'>ἡμῖν</span> <span class='ocrx_word' id='word_1_300' title='bbox 1059 2245 1425 2315; x_wconf 86' lang='grc' dir='ltr'>ἀπαγγείλατε</span> <span class='ocrx_word' id='word_1_301' title='bbox 1444 2262 1458 2279; x_wconf 72' lang='grc'><strong><em>⁸</em></strong></span> <span class='ocrx_word' id='word_1_302' title='bbox 1494 2245 1608 2318; x_wconf 74' lang='grc' dir='ltr'>ἔχει</span> <span class='ocrx_word' id='word_1_303' title='bbox 1635 2246 1781 2302; x_wconf 85' lang='grc' dir='ltr'>θείαν</span> 
     </span>
    </p>
   </div>
   <div class='ocr_carea' id='block_1_41' title="bbox 211 2335 1777 2411">
    <p class='ocr_par' dir='ltr' id='par_1_41' title="bbox 211 2335 1777 2411">
     <span class='ocr_line' id='line_1_41' title="bbox 211 2335 1777 2411; baseline 0.003 -23"><span class='ocrx_word' id='word_1_304' title='bbox 211 2335 375 2405; x_wconf 80' lang='grc' dir='ltr'>φύσιν</span> <span class='ocrx_word' id='word_1_305' title='bbox 402 2337 429 2388; x_wconf 94' lang='lat'><strong>6</strong></span> <span class='ocrx_word' id='word_1_306' title='bbox 450 2336 683 2406; x_wconf 84' lang='grc' dir='ltr'>Χριστὸς</span> <span class='ocrx_word' id='word_1_307' title='bbox 723 2337 819 2390; x_wconf 76' lang='grc' dir='ltr'>καὶ</span> <span class='ocrx_word' id='word_1_308' title='bbox 866 2338 1007 2407; x_wconf 85' lang='grc' dir='ltr'>μετὰ</span> <span class='ocrx_word' id='word_1_309' title='bbox 1047 2338 1145 2409; x_wconf 81' lang='grc' dir='ltr'>τὴν</span> <span class='ocrx_word' id='word_1_310' title='bbox 1177 2339 1398 2406; x_wconf 79' lang='grc' dir='ltr'>ἓνωσιν;</span> <span class='ocrx_word' id='word_1_311' title='bbox 1422 2339 1549 2404; x_wconf 69' lang='grc' dir='ltr'><strong>Ναὶ.</strong></span> <span class='ocrx_word' id='word_1_312' title='bbox 1582 2341 1777 2411; x_wconf 81' lang='grc' dir='ltr'>ἐρεῖτε.</span> 
     </span>
    </p>
   </div>
   <div class='ocr_carea' id='block_1_42' title="bbox 217 2426 1781 2502">
    <p class='ocr_par' dir='ltr' id='par_1_42' title="bbox 217 2426 1781 2502">
     <span class='ocr_line' id='line_1_42' title="bbox 217 2426 1781 2502; baseline 0.004 -23"><span class='ocrx_word' id='word_1_313' title='bbox 217 2428 371 2497; x_wconf 80' lang='grc' dir='ltr'>Ἔχει</span> <span class='ocrx_word' id='word_1_314' title='bbox 399 2426 454 2479; x_wconf 81' lang='grc' dir='ltr'>δὲ</span> <span class='ocrx_word' id='word_1_315' title='bbox 494 2429 586 2480; x_wconf 74' lang='grc' dir='ltr'>καὶ</span> <span class='ocrx_word' id='word_1_316' title='bbox 619 2427 968 2500; x_wconf 83' lang='grc' dir='ltr'>ἀνθρωπίνην</span> <span class='ocrx_word' id='word_1_317' title='bbox 1007 2446 1022 2497; x_wconf 90' lang='lat'><strong>;</strong></span> <span class='ocrx_word' id='word_1_318' title='bbox 1055 2432 1165 2485; x_wconf 77' lang='grc' dir='ltr'><strong>Καὶ</strong></span> <span class='ocrx_word' id='word_1_319' title='bbox 1210 2430 1367 2484; x_wconf 81' lang='grc' dir='ltr'>τοῦτο</span> <span class='ocrx_word' id='word_1_320' title='bbox 1415 2432 1781 2502; x_wconf 86' lang='grc' dir='ltr'>συνομολογή-</span> 
     </span>
    </p>
   </div>
   <div class='ocr_carea' id='block_1_43' title="bbox 215 2513 1778 2591">
    <p class='ocr_par' dir='ltr' id='par_1_43' title="bbox 215 2513 1778 2591">
     <span class='ocr_line' id='line_1_43' title="bbox 215 2513 1778 2591; baseline 0.008 -28"><span class='ocrx_word' id='word_1_321' title='bbox 215 2528 359 2579; x_wconf 89' lang='grc' dir='ltr'>σετε,</span> <span class='ocrx_word' id='word_1_322' title='bbox 384 2513 517 2581; x_wconf 79' lang='grc' dir='ltr'>εἴγε</span> <span class='ocrx_word' id='word_1_323' title='bbox 539 2515 611 2585; x_wconf 80' lang='grc' dir='ltr'>μὴ</span> <span class='ocrx_word' id='word_1_324' title='bbox 635 2519 815 2587; x_wconf 82' lang='grc' dir='ltr'>γυμνῇ</span> <span class='ocrx_word' id='word_1_325' title='bbox 839 2520 904 2588; x_wconf 78' lang='grc' dir='ltr'><strong>τῇ</strong></span> <span class='ocrx_word' id='word_1_326' title='bbox 929 2519 1139 2590; x_wconf 79' lang='grc' dir='ltr'>κεφαλῇ</span> <span class='ocrx_word' id='word_1_327' title='bbox 1164 2519 1379 2573; x_wconf 79' lang='grc' dir='ltr'>ἀσεϐεῖν</span> <span class='ocrx_word' id='word_1_328' title='bbox 1408 2520 1778 2591; x_wconf 75' lang='grc' dir='ltr'>βουληθείητε.</span> 
     </span>
    </p>
   </div>
   <div class='ocr_carea' id='block_1_44' title="bbox 210 2601 1779 2685">
    <p class='ocr_par' dir='ltr' id='par_1_44' title="bbox 210 2601 1779 2685">
     <span class='ocr_line' id='line_1_44' title="bbox 210 2601 1779 2685; baseline 0.008 -31"><span class='ocrx_word' id='word_1_329' title='bbox 210 2604 378 2666; x_wconf 78' lang='grc' dir='ltr'>Φύσις</span> <span class='ocrx_word' id='word_1_330' title='bbox 406 2601 494 2660; x_wconf 78' lang='grc' dir='ltr'>οὖν</span> <span class='ocrx_word' id='word_1_331' title='bbox 527 2607 645 2660; x_wconf 85' lang='grc' dir='ltr'>θεία</span> <span class='ocrx_word' id='word_1_332' title='bbox 686 2609 781 2662; x_wconf 70' lang='grc' dir='ltr'><strong>καὶ</strong></span> <span class='ocrx_word' id='word_1_333' title='bbox 826 2608 983 2678; x_wconf 79' lang='grc' dir='ltr'>φύσις</span> <span class='ocrx_word' id='word_1_334' title='bbox 1031 2610 1367 2681; x_wconf 82' lang='grc' dir='ltr'>ἀνθρωπίνη,</span> <span class='ocrx_word' id='word_1_335' title='bbox 1405 2612 1506 2683; x_wconf 91' lang='grc' dir='ltr'><strong>μία</strong></span> <span class='ocrx_word' id='word_1_336' title='bbox 1540 2614 1718 2683; x_wconf 83' lang='grc' dir='ltr'>φύσις,</span> <span class='ocrx_word' id='word_1_337' title='bbox 1745 2615 1779 2685; x_wconf 77' lang='grc' dir='ltr'><strong>ἢ</strong></span> 
     </span>
    </p>
   </div>
   <div class='ocr_carea' id='block_1_45' title="bbox 206 2695 1781 2779">
    <p class='ocr_par' dir='ltr' id='par_1_45' title="bbox 206 2695 1781 2779">
     <span class='ocr_line' id='line_1_45' title="bbox 206 2695 1781 2779; baseline 0.009 -31"><span class='ocrx_word' id='word_1_338' title='bbox 206 2695 306 2748; x_wconf 83' lang='grc' dir='ltr'><strong>δύο</strong></span> <span class='ocrx_word' id='word_1_339' title='bbox 341 2698 511 2762; x_wconf 87' lang='grc' dir='ltr'>είσίν;</span> <span class='ocrx_word' id='word_1_340' title='bbox 559 2698 699 2751; x_wconf 83' lang='grc' dir='ltr'>Ἀλλ’</span> <span class='ocrx_word' id='word_1_341' title='bbox 729 2702 777 2753; x_wconf 86' lang='grc' dir='ltr'><strong>εί</strong></span> <span class='ocrx_word' id='word_1_342' title='bbox 805 2701 903 2769; x_wconf 81' lang='grc' dir='ltr'>μὲν</span> <span class='ocrx_word' id='word_1_343' title='bbox 938 2701 1067 2771; x_wconf 89' lang='grc' dir='ltr'>μίαν</span> <span class='ocrx_word' id='word_1_344' title='bbox 1104 2704 1316 2773; x_wconf 72' lang='grc' dir='ltr'>εἴπητε,</span> <span class='ocrx_word' id='word_1_345' title='bbox 1349 2705 1511 2759; x_wconf 73' lang='grc' dir='ltr'>ἔσται</span> <span class='ocrx_word' id='word_1_346' title='bbox 1534 2708 1562 2760; x_wconf 91' lang='lat'><strong>6</strong></span> <span class='ocrx_word' id='word_1_347' title='bbox 1592 2709 1781 2779; x_wconf 83' lang='grc' dir='ltr'>Πατὴρ</span> 
     </span>
    </p>
   </div>
   <div class='ocr_carea' id='block_1_46' title="bbox 210 2793 1783 2868">
    <p class='ocr_par' dir='ltr' id='par_1_46' title="bbox 210 2793 1783 2868">
     <span class='ocr_line' id='line_1_46' title="bbox 210 2793 1783 2868; baseline 0.007 -26"><span class='ocrx_word' id='word_1_348' title='bbox 210 2794 345 2862; x_wconf 75' lang='grc' dir='ltr'>ἡμῖν</span> <span class='ocrx_word' id='word_1_349' title='bbox 374 2793 659 2862; x_wconf 87' lang='grc' dir='ltr'>όμοούσιος</span> <span class='ocrx_word' id='word_1_350' title='bbox 681 2809 696 2825; x_wconf 76' lang='grc' dir='ltr'><strong>ο</strong></span> <span class='ocrx_word' id='word_1_351' title='bbox 726 2795 775 2846; x_wconf 84' lang='grc' dir='ltr'><strong>εί</strong></span> <span class='ocrx_word' id='word_1_352' title='bbox 807 2794 863 2846; x_wconf 79' lang='grc' dir='ltr'>δὲ</span> <span class='ocrx_word' id='word_1_353' title='bbox 892 2794 983 2848; x_wconf 92' lang='grc' dir='ltr'><strong>δύο</strong></span> <span class='ocrx_word' id='word_1_354' title='bbox 1014 2796 1109 2848; x_wconf 77' lang='grc' dir='ltr'>καὶ</span> <span class='ocrx_word' id='word_1_355' title='bbox 1146 2796 1207 2848; x_wconf 87' lang='grc' dir='ltr'><strong>ού</strong></span> <span class='ocrx_word' id='word_1_356' title='bbox 1244 2798 1362 2867; x_wconf 89' lang='grc' dir='ltr'>μία,</span> <span class='ocrx_word' id='word_1_357' title='bbox 1389 2798 1442 2850; x_wconf 87' lang='grc' dir='ltr'><strong>τί</strong></span> <span class='ocrx_word' id='word_1_358' title='bbox 1470 2799 1545 2868; x_wconf 81' lang='grc' dir='ltr'>μὴ</span> <span class='ocrx_word' id='word_1_359' title='bbox 1574 2800 1665 2853; x_wconf 78' lang='grc' dir='ltr'><strong>τὸν</strong></span> <span class='ocrx_word' id='word_1_360' title='bbox 1691 2800 1783 2853; x_wconf 88' lang='grc' dir='ltr'>τύ-</span> 
     </span>
    </p>
   </div>
   <div class='ocr_carea' id='block_1_47' title="bbox 212 2884 1780 2960">
    <p class='ocr_par' dir='ltr' id='par_1_47' title="bbox 212 2884 1780 2960">
     <span class='ocr_line' id='line_1_47' title="bbox 212 2884 1780 2960; baseline 0.005 -24"><span class='ocrx_word' id='word_1_361' title='bbox 212 2901 311 2952; x_wconf 77' lang='grc' dir='ltr'><strong>φον</strong></span> <span class='ocrx_word' id='word_1_362' title='bbox 338 2885 435 2937; x_wconf 83' lang='grc' dir='ltr'>σὺν</span> <span class='ocrx_word' id='word_1_363' title='bbox 466 2884 547 2954; x_wconf 81' lang='grc' dir='ltr'>τῷ</span> <span class='ocrx_word' id='word_1_364' title='bbox 577 2884 767 2937; x_wconf 90' lang='grc' dir='ltr'>τούτου</span> <span class='ocrx_word' id='word_1_365' title='bbox 792 2887 1078 2957; x_wconf 83' lang='grc' dir='ltr'>γεννήτορι</span> <span class='ocrx_word' id='word_1_366' title='bbox 1112 2890 1327 2959; x_wconf 77' lang='grc' dir='ltr'>μακρὰν</span> <span class='ocrx_word' id='word_1_367' title='bbox 1353 2890 1780 2960; x_wconf 79' lang='grc' dir='ltr'>ἀπορρίψαντες,</span> 
     </span>
    </p>
   </div>
   <div class='ocr_carea' id='block_1_48' title="bbox 1881 1783 3452 1854">
    <p class='ocr_par' dir='ltr' id='par_1_48' title="bbox 1881 1783 3452 1854">
     <span class='ocr_line' id='line_1_48' title="bbox 1881 1783 3452 1854; baseline 0.004 -16"><span class='ocrx_word' id='word_1_368' title='bbox 1881 1784 2026 1838; x_wconf 86' lang='lat' dir='ltr'><strong>enim</strong></span> <span class='ocrx_word' id='word_1_369' title='bbox 2060 1783 2112 1837; x_wconf 90' lang='lat' dir='ltr'><strong>id</strong></span> <span class='ocrx_word' id='word_1_370' title='bbox 2160 1785 2391 1839; x_wconf 87' lang='lat' dir='ltr'><strong>sortitus</strong></span> <span class='ocrx_word' id='word_1_371' title='bbox 2428 1785 2535 1847; x_wconf 86' lang='lat' dir='ltr'><strong>sit,</strong></span> <span class='ocrx_word' id='word_1_372' title='bbox 2578 1786 2797 1854; x_wconf 86' lang='lat' dir='ltr'><strong>quando</strong></span> <span class='ocrx_word' id='word_1_373' title='bbox 2830 1787 3040 1842; x_wconf 76' lang='lat' dir='ltr'><strong>veritas</strong></span> <span class='ocrx_word' id='word_1_374' title='bbox 3079 1789 3236 1844; x_wconf 84' lang='lat' dir='ltr'><strong>aliter</strong></span> <span class='ocrx_word' id='word_1_375' title='bbox 3264 1806 3325 1846; x_wconf 87' lang='lat' dir='ltr'><strong>se</strong></span> <span class='ocrx_word' id='word_1_376' title='bbox 3353 1791 3452 1844; x_wconf 85' lang='lat' dir='ltr'><strong>ba-</strong></span> 
     </span>
    </p>
   </div>
   <div class='ocr_carea' id='block_1_49' title="bbox 1876 1873 3453 1948">
    <p class='ocr_par' dir='ltr' id='par_1_49' title="bbox 1876 1873 3453 1948">
     <span class='ocr_line' id='line_1_49' title="bbox 1876 1873 3453 1948; baseline 0.006 -22"><span class='ocrx_word' id='word_1_377' title='bbox 1876 1874 2014 1939; x_wconf 85' lang='lat' dir='ltr'><strong>bet?</strong></span> <span class='ocrx_word' id='word_1_378' title='bbox 2062 1873 2313 1948; x_wconf 71' lang='lat' dir='ltr'><strong>Dualitas</strong></span> <span class='ocrx_word' id='word_1_379' title='bbox 2346 1875 2549 1944; x_wconf 88' lang='lat' dir='ltr'><strong>quippe</strong></span> <span class='ocrx_word' id='word_1_380' title='bbox 2580 1888 2643 1930; x_wconf 85' lang='lat' dir='ltr'><strong>et</strong></span> <span class='ocrx_word' id='word_1_381' title='bbox 2683 1876 2793 1931; x_wconf 92' lang='lat' dir='ltr'><strong>duo</strong></span> <span class='ocrx_word' id='word_1_382' title='bbox 2818 1917 2832 1940; x_wconf 92' lang='lat'><strong>,</strong></span> <span class='ocrx_word' id='word_1_383' title='bbox 2881 1892 2945 1933; x_wconf 90' lang='lat' dir='ltr'><strong>ea</strong></span> <span class='ocrx_word' id='word_1_384' title='bbox 2984 1894 3104 1948; x_wconf 64' lang='lat' dir='ltr'><strong>quae</strong></span> <span class='ocrx_word' id='word_1_385' title='bbox 3156 1896 3453 1936; x_wconf 81' lang='lat' dir='ltr'><strong>numeran-</strong></span> 
     </span>
    </p>
   </div>
   <div class='ocr_carea' id='block_1_50' title="bbox 1885 1944 3449 2041">
    <p class='ocr_par' dir='ltr' id='par_1_50' title="bbox 1885 1944 3449 2041">
     <span class='ocr_line' id='line_1_50' title="bbox 1885 1944 3449 2041; baseline 0.006 -23"><span class='ocrx_word' id='word_1_386' title='bbox 1885 1974 1996 2029; x_wconf 87' lang='lat' dir='ltr'><strong>tur,</strong></span> <span class='ocrx_word' id='word_1_387' title='bbox 2046 1966 2098 2019; x_wconf 91' lang='lat' dir='ltr'><strong>vi</strong></span> <span class='ocrx_word' id='word_1_388' title='bbox 2150 1944 2387 2035; x_wconf 54' lang='lat' dir='ltr'><strong>quadam</strong></span> <span class='ocrx_word' id='word_1_389' title='bbox 2438 1967 2767 2037; x_wconf 78' lang='lat' dir='ltr'><strong>colligante,</strong></span> <span class='ocrx_word' id='word_1_390' title='bbox 2813 1970 2979 2024; x_wconf 89' lang='lat' dir='ltr'><strong>simul</strong></span> <span class='ocrx_word' id='word_1_391' title='bbox 3004 1944 3449 2041; x_wconf 26' lang='lat' dir='ltr'><strong>vreprmsentant;</strong></span> 
     </span>
    </p>
   </div>
   <div class='ocr_carea' id='block_1_51' title="bbox 1882 2058 3453 2132">
    <p class='ocr_par' dir='ltr' id='par_1_51' title="bbox 1882 2058 3453 2132">
     <span class='ocr_line' id='line_1_51' title="bbox 1882 2058 3453 2132; baseline 0.006 -20"><span class='ocrx_word' id='word_1_392' title='bbox 1882 2058 2027 2113; x_wconf 87' lang='lat' dir='ltr'><strong>sicut</strong></span> <span class='ocrx_word' id='word_1_393' title='bbox 2051 2067 2104 2113; x_wconf 91' lang='lat' dir='ltr'><strong>et</strong></span> <span class='ocrx_word' id='word_1_394' title='bbox 2129 2058 2296 2113; x_wconf 86' lang='lat' dir='ltr'><strong>unius</strong></span> <span class='ocrx_word' id='word_1_395' title='bbox 2322 2067 2375 2112; x_wconf 87' lang='lat' dir='ltr'><strong>et</strong></span> <span class='ocrx_word' id='word_1_396' title='bbox 2411 2059 2598 2123; x_wconf 89' lang='lat' dir='ltr'><strong>unius,</strong></span> <span class='ocrx_word' id='word_1_397' title='bbox 2624 2069 2684 2115; x_wconf 90' lang='lat' dir='ltr'><strong>ut</strong></span> <span class='ocrx_word' id='word_1_398' title='bbox 2712 2076 2814 2116; x_wconf 90' lang='lat' dir='ltr'><strong>vos</strong></span> <span class='ocrx_word' id='word_1_399' title='bbox 2844 2061 3157 2132; x_wconf 85' lang='lat' dir='ltr'><strong>loquimini,</strong></span> <span class='ocrx_word' id='word_1_400' title='bbox 3189 2080 3453 2121; x_wconf 86' lang='lat' dir='ltr'><strong>numerus</strong></span> 
     </span>
    </p>
   </div>
   <div class='ocr_carea' id='block_1_52' title="bbox 1881 2150 2858 2213">
    <p class='ocr_par' dir='ltr' id='par_1_52' title="bbox 1881 2150 2858 2213">
     <span class='ocr_line' id='line_1_52' title="bbox 1881 2150 2858 2213; baseline 0.001 -7"><span class='ocrx_word' id='word_1_401' title='bbox 1881 2151 2124 2213; x_wconf 88' lang='lat' dir='ltr'><strong>solutus,</strong></span> <span class='ocrx_word' id='word_1_402' title='bbox 2163 2158 2218 2205; x_wconf 87' lang='lat' dir='ltr'><strong>et</strong></span> <span class='ocrx_word' id='word_1_403' title='bbox 2259 2150 2312 2204; x_wconf 90' lang='lat' dir='ltr'><strong>in</strong></span> <span class='ocrx_word' id='word_1_404' title='bbox 2352 2166 2411 2205; x_wconf 90' lang='lat' dir='ltr'><strong>se</strong></span> <span class='ocrx_word' id='word_1_405' title='bbox 2445 2151 2858 2209; x_wconf 87' lang='lat' dir='ltr'><strong>consideratus.</strong></span> 
     </span>
    </p>
   </div>
   <div class='ocr_carea' id='block_1_53' title="bbox 1954 2242 3454 2306">
    <p class='ocr_par' dir='ltr' id='par_1_53' title="bbox 1954 2242 3454 2306">
     <span class='ocr_line' id='line_1_53' title="bbox 1954 2242 3454 2306; baseline 0.005 -12"><span class='ocrx_word' id='word_1_406' title='bbox 1954 2242 2042 2295; x_wconf 86' lang='lat'><strong>78.</strong></span> <span class='ocrx_word' id='word_1_407' title='bbox 2079 2243 2286 2297; x_wconf 84' lang='lat' dir='ltr'><strong>Praeter</strong></span> <span class='ocrx_word' id='word_1_408' title='bbox 2323 2243 2440 2297; x_wconf 84' lang='lat' dir='ltr'><strong>haec</strong></span> <span class='ocrx_word' id='word_1_409' title='bbox 2474 2243 2681 2306; x_wconf 87' lang='lat' dir='ltr'><strong>omnia,</strong></span> <span class='ocrx_word' id='word_1_410' title='bbox 2715 2252 2939 2301; x_wconf 81' lang='lat' dir='ltr'><strong>narrate</strong></span> <span class='ocrx_word' id='word_1_411' title='bbox 2971 2247 3135 2302; x_wconf 79' lang='lat' dir='ltr'><strong>nobis</strong></span> <span class='ocrx_word' id='word_1_412' title='bbox 3164 2264 3178 2301; x_wconf 92' lang='lat'><strong>:</strong></span> <span class='ocrx_word' id='word_1_413' title='bbox 3203 2246 3454 2303; x_wconf 81' lang='lat' dir='ltr'><strong>Habetne</strong></span> 
     </span>
    </p>
   </div>
   <div class='ocr_carea' id='block_1_54' title="bbox 1881 2332 3453 2405">
    <p class='ocr_par' dir='ltr' id='par_1_54' title="bbox 1881 2332 3453 2405">
     <span class='ocr_line' id='line_1_54' title="bbox 1881 2332 3453 2405; baseline 0.003 -15"><span class='ocrx_word' id='word_1_414' title='bbox 1881 2333 2143 2390; x_wconf 82' lang='lat' dir='ltr'><strong>Christus</strong></span> <span class='ocrx_word' id='word_1_415' title='bbox 2169 2332 2411 2387; x_wconf 83' lang='lat' dir='ltr'><strong>divinam</strong></span> <span class='ocrx_word' id='word_1_416' title='bbox 2459 2340 2717 2388; x_wconf 84' lang='lat' dir='ltr'><strong>naturam</strong></span> <span class='ocrx_word' id='word_1_417' title='bbox 2755 2344 2880 2405; x_wconf 87' lang='lat' dir='ltr'><strong>post</strong></span> <span class='ocrx_word' id='word_1_418' title='bbox 2917 2338 3219 2394; x_wconf 83' lang='lat' dir='ltr'><strong>unionem?</strong></span> <span class='ocrx_word' id='word_1_419' title='bbox 3264 2339 3453 2394; x_wconf 86' lang='lat' dir='ltr'><strong>Omni-</strong></span> 
     </span>
    </p>
   </div>
   <div class='ocr_carea' id='block_1_55' title="bbox 1885 2425 3453 2490">
    <p class='ocr_par' dir='ltr' id='par_1_55' title="bbox 1885 2425 3453 2490">
     <span class='ocr_line' id='line_1_55' title="bbox 1885 2425 3453 2490; baseline 0.004 -10"><span class='ocrx_word' id='word_1_420' title='bbox 1885 2442 1975 2490; x_wconf 91' lang='lat' dir='ltr'><strong>no,</strong></span> <span class='ocrx_word' id='word_1_421' title='bbox 2013 2427 2199 2481; x_wconf 88' lang='lat' dir='ltr'><strong>aietis.</strong></span> <span class='ocrx_word' id='word_1_422' title='bbox 2237 2425 2484 2481; x_wconf 86' lang='lat' dir='ltr'><strong>Habetne</strong></span> <span class='ocrx_word' id='word_1_423' title='bbox 2524 2442 2655 2481; x_wconf 87' lang='lat' dir='ltr'><strong>vero</strong></span> <span class='ocrx_word' id='word_1_424' title='bbox 2689 2428 2852 2481; x_wconf 87' lang='lat' dir='ltr'><strong>etiam</strong></span> <span class='ocrx_word' id='word_1_425' title='bbox 2892 2430 3236 2484; x_wconf 77' lang='lat' dir='ltr'><strong>humanam?</strong></span> <span class='ocrx_word' id='word_1_426' title='bbox 3263 2438 3317 2485; x_wconf 89' lang='lat' dir='ltr'><strong>et</strong></span> <span class='ocrx_word' id='word_1_427' title='bbox 3348 2431 3453 2486; x_wconf 85' lang='lat' dir='ltr'><strong>hoc</strong></span> 
     </span>
    </p>
   </div>
   <div class='ocr_carea' id='block_1_56' title="bbox 1882 2518 3452 2591">
    <p class='ocr_par' dir='ltr' id='par_1_56' title="bbox 1882 2518 3452 2591">
     <span class='ocr_line' id='line_1_56' title="bbox 1882 2518 3452 2591; baseline 0.002 -17"><span class='ocrx_word' id='word_1_428' title='bbox 1882 2518 2077 2587; x_wconf 87' lang='lat' dir='ltr'><strong>utique</strong></span> <span class='ocrx_word' id='word_1_429' title='bbox 2111 2518 2531 2581; x_wconf 84' lang='lat' dir='ltr'><strong>conﬁtcbimiui,</strong></span> <span class='ocrx_word' id='word_1_430' title='bbox 2560 2519 2664 2575; x_wconf 86' lang='lat' dir='ltr'><strong>nisi</strong></span> <span class='ocrx_word' id='word_1_431' title='bbox 2696 2526 2886 2590; x_wconf 85' lang='lat' dir='ltr'><strong>aperto</strong></span> <span class='ocrx_word' id='word_1_432' title='bbox 2908 2522 3088 2591; x_wconf 85' lang='lat' dir='ltr'><strong>capite</strong></span> <span class='ocrx_word' id='word_1_433' title='bbox 3118 2522 3452 2591; x_wconf 75' lang='lat' dir='ltr'><strong>impietatem</strong></span> 
     </span>
    </p>
   </div>
   <div class='ocr_carea' id='block_1_57' title="bbox 1883 2610 3453 2682">
    <p class='ocr_par' dir='ltr' id='par_1_57' title="bbox 1883 2610 3453 2682">
     <span class='ocr_line' id='line_1_57' title="bbox 1883 2610 3453 2682; baseline 0.003 -17"><span class='ocrx_word' id='word_1_434' title='bbox 1883 2618 2166 2666; x_wconf 80' lang='lat' dir='ltr'><strong>ostentare</strong></span> <span class='ocrx_word' id='word_1_435' title='bbox 2220 2610 2423 2665; x_wconf 84' lang='lat' dir='ltr'><strong>velitis.</strong></span> <span class='ocrx_word' id='word_1_436' title='bbox 2478 2610 2670 2664; x_wconf 78' lang='lat' dir='ltr'><strong>Divina</strong></span> <span class='ocrx_word' id='word_1_437' title='bbox 2708 2626 2842 2682; x_wconf 77' lang='lat' dir='ltr'><strong>ergo</strong></span> <span class='ocrx_word' id='word_1_438' title='bbox 2867 2620 3071 2666; x_wconf 86' lang='lat' dir='ltr'><strong>natura</strong></span> <span class='ocrx_word' id='word_1_439' title='bbox 3105 2622 3159 2667; x_wconf 88' lang='lat' dir='ltr'><strong>et</strong></span> <span class='ocrx_word' id='word_1_440' title='bbox 3191 2614 3453 2679; x_wconf 79' lang='lat' dir='ltr'><strong>humana,</strong></span> 
     </span>
    </p>
   </div>
   <div class='ocr_carea' id='block_1_58' title="bbox 1882 2702 3458 2777">
    <p class='ocr_par' dir='ltr' id='par_1_58' title="bbox 1882 2702 3458 2777">
     <span class='ocr_line' id='line_1_58' title="bbox 1882 2702 3458 2777; baseline 0.002 -21"><span class='ocrx_word' id='word_1_441' title='bbox 1882 2717 2064 2757; x_wconf 79' lang='lat' dir='ltr'><strong>unane</strong></span> <span class='ocrx_word' id='word_1_442' title='bbox 2097 2710 2317 2766; x_wconf 88' lang='lat' dir='ltr'><strong>natura,</strong></span> <span class='ocrx_word' id='word_1_443' title='bbox 2347 2718 2415 2757; x_wconf 83' lang='lat' dir='ltr'><strong>an</strong></span> <span class='ocrx_word' id='word_1_444' title='bbox 2451 2703 2574 2777; x_wconf 78' lang='lat' dir='ltr'><strong>duae</strong></span> <span class='ocrx_word' id='word_1_445' title='bbox 2616 2703 2789 2757; x_wconf 77' lang='lat' dir='ltr'><strong>sunt?</strong></span> <span class='ocrx_word' id='word_1_446' title='bbox 2836 2702 2990 2769; x_wconf 82' lang='lat' dir='ltr'><strong>Quod</strong></span> <span class='ocrx_word' id='word_1_447' title='bbox 3023 2704 3068 2758; x_wconf 90' lang='lat' dir='ltr'><strong>si</strong></span> <span class='ocrx_word' id='word_1_448' title='bbox 3108 2719 3273 2759; x_wconf 82' lang='lat' dir='ltr'><strong>unam</strong></span> <span class='ocrx_word' id='word_1_449' title='bbox 3303 2705 3458 2760; x_wconf 80' lang='lat' dir='ltr'><strong>dixe-</strong></span> 
     </span>
    </p>
   </div>
   <div class='ocr_carea' id='block_1_59' title="bbox 1882 2792 3454 2861">
    <p class='ocr_par' dir='ltr' id='par_1_59' title="bbox 1882 2792 3454 2861">
     <span class='ocr_line' id='line_1_59' title="bbox 1882 2792 3454 2861; baseline 0.001 -14"><span class='ocrx_word' id='word_1_450' title='bbox 1882 2794 2043 2857; x_wconf 82' lang='lat' dir='ltr'><strong>ritis;</strong></span> <span class='ocrx_word' id='word_1_451' title='bbox 2068 2792 2174 2845; x_wconf 89' lang='lat' dir='ltr'><strong>erit</strong></span> <span class='ocrx_word' id='word_1_452' title='bbox 2202 2794 2372 2861; x_wconf 76' lang='lat' dir='ltr'><strong>igitur</strong></span> <span class='ocrx_word' id='word_1_453' title='bbox 2404 2794 2568 2849; x_wconf 87' lang='lat' dir='ltr'><strong>Pater</strong></span> <span class='ocrx_word' id='word_1_454' title='bbox 2599 2794 2764 2849; x_wconf 83' lang='lat' dir='ltr'><strong>nobis</strong></span> <span class='ocrx_word' id='word_1_455' title='bbox 2798 2794 3293 2849; x_wconf 87' lang='lat' dir='ltr'><strong>consubstantialis</strong></span> <span class='ocrx_word' id='word_1_456' title='bbox 3321 2814 3333 2849; x_wconf 87' lang='lat'><strong>:</strong></span> <span class='ocrx_word' id='word_1_457' title='bbox 3367 2796 3454 2849; x_wconf 87' lang='lat' dir='ltr'><strong>sin</strong></span> 
     </span>
    </p>
   </div>
   <div class='ocr_carea' id='block_1_60' title="bbox 1885 2882 3456 2952">
    <p class='ocr_par' dir='ltr' id='par_1_60' title="bbox 1885 2882 3456 2952">
     <span class='ocr_line' id='line_1_60' title="bbox 1885 2882 3456 2952; baseline 0 -16"><span class='ocrx_word' id='word_1_458' title='bbox 1885 2898 2036 2946; x_wconf 86' lang='lat' dir='ltr'><strong>vero,</strong></span> <span class='ocrx_word' id='word_1_459' title='bbox 2069 2897 2170 2936; x_wconf 88' lang='lat' dir='ltr'><strong>cur</strong></span> <span class='ocrx_word' id='word_1_460' title='bbox 2199 2882 2342 2944; x_wconf 67' lang='lat' dir='ltr'><strong>dure,</strong></span> <span class='ocrx_word' id='word_1_461' title='bbox 2376 2897 2478 2936; x_wconf 89' lang='lat' dir='ltr'><strong>nec</strong></span> <span class='ocrx_word' id='word_1_462' title='bbox 2510 2896 2617 2936; x_wconf 86' lang='lat' dir='ltr'><strong>una</strong></span> <span class='ocrx_word' id='word_1_463' title='bbox 2666 2882 2893 2936; x_wconf 86' lang='lat' dir='ltr'><strong>solum?</strong></span> <span class='ocrx_word' id='word_1_464' title='bbox 2940 2899 3039 2937; x_wconf 91' lang='lat' dir='ltr'><strong>cur</strong></span> <span class='ocrx_word' id='word_1_465' title='bbox 3085 2900 3193 2937; x_wconf 92' lang='lat' dir='ltr'><strong>non</strong></span> <span class='ocrx_word' id='word_1_466' title='bbox 3241 2883 3456 2952; x_wconf 76' lang='lat' dir='ltr'><strong>abiecta</strong></span> 
     </span>
    </p>
   </div>
   <div class='ocr_carea' id='block_1_61' title="bbox 214 2974 1781 3053">
    <p class='ocr_par' dir='ltr' id='par_1_61' title="bbox 214 2976 1780 3052">
     <span class='ocr_line' id='line_1_61' title="bbox 214 2976 1780 3052; baseline 0.004 -24"><span class='ocrx_word' id='word_1_467' title='bbox 214 2976 333 3045; x_wconf 87' lang='grc' dir='ltr'>μεθ’</span> <span class='ocrx_word' id='word_1_468' title='bbox 364 2979 395 3046; x_wconf 84' lang='grc' dir='ltr'>ἠ</span> <span class='ocrx_word' id='word_1_469' title='bbox 408 2976 525 3046; x_wconf 81' lang='grc' dir='ltr'><strong>μῶν</strong></span> <span class='ocrx_word' id='word_1_470' title='bbox 562 2976 659 3030; x_wconf 74' lang='grc' dir='ltr'>ἕνα</span> <span class='ocrx_word' id='word_1_471' title='bbox 684 2976 939 3049; x_wconf 83' lang='grc' dir='ltr'>Χριστὸν,</span> <span class='ocrx_word' id='word_1_472' title='bbox 961 2979 1059 3033; x_wconf 70' lang='grc' dir='ltr'>ἕνα</span> <span class='ocrx_word' id='word_1_473' title='bbox 1090 2979 1350 3044; x_wconf 75' lang='grc' dir='ltr'>Υίὸν,ἕνα</span> <span class='ocrx_word' id='word_1_474' title='bbox 1385 2981 1612 3052; x_wconf 82' lang='grc' dir='ltr'>Κύριον,</span> <span class='ocrx_word' id='word_1_475' title='bbox 1651 2983 1780 3050; x_wconf 83' lang='grc' dir='ltr'>μίαν</span> 
     </span>
    </p>
   </div>
   <div class='ocr_carea' id='block_1_62' title="bbox 1885 2974 3457 3053">
    <p class='ocr_par' dir='ltr' id='par_1_62' title="bbox 1885 2974 3457 3043">
     <span class='ocr_line' id='line_1_62' title="bbox 1885 2974 3457 3043; baseline 0.003 -17"><span class='ocrx_word' id='word_1_476' title='bbox 1885 2974 2078 3042; x_wconf 83' lang='lat' dir='ltr'><strong>procul</strong></span> <span class='ocrx_word' id='word_1_477' title='bbox 2113 2974 2373 3041; x_wconf 84' lang='lat' dir='ltr'><strong>superbia</strong></span> <span class='ocrx_word' id='word_1_478' title='bbox 2402 2989 2527 3028; x_wconf 92' lang='lat' dir='ltr'><strong>cum</strong></span> <span class='ocrx_word' id='word_1_479' title='bbox 2558 2974 2681 3042; x_wconf 87' lang='lat' dir='ltr'><strong>ejus</strong></span> <span class='ocrx_word' id='word_1_480' title='bbox 2723 2983 2971 3043; x_wconf 82' lang='lat' dir='ltr'><strong>parente,</strong></span> <span class='ocrx_word' id='word_1_481' title='bbox 3008 2991 3114 3030; x_wconf 88' lang='lat' dir='ltr'><strong>non</strong></span> <span class='ocrx_word' id='word_1_482' title='bbox 3157 2992 3327 3030; x_wconf 88' lang='lat' dir='ltr'><strong>unum</strong></span> <span class='ocrx_word' id='word_1_483' title='bbox 3356 2990 3457 3031; x_wconf 90' lang='lat' dir='ltr'><strong>no-</strong></span> 
     </span>
    </p>
   </div>
   <div class='ocr_carea' id='block_1_63' title="bbox 213 3067 1782 3139">
    <p class='ocr_par' dir='ltr' id='par_1_63' title="bbox 213 3067 1782 3139">
     <span class='ocr_line' id='line_1_63' title="bbox 213 3067 1782 3139; baseline 0.003 -19"><span class='ocrx_word' id='word_1_484' title='bbox 213 3068 510 3121; x_wconf 74' lang='grc' dir='ltr'>ὑπόστασιν</span> <span class='ocrx_word' id='word_1_485' title='bbox 536 3068 597 3119; x_wconf 80' lang='grc' dir='ltr'>ὲκ</span> <span class='ocrx_word' id='word_1_486' title='bbox 649 3067 742 3122; x_wconf 87' lang='grc' dir='ltr'><strong>δύο</strong></span> <span class='ocrx_word' id='word_1_487' title='bbox 794 3068 1026 3139; x_wconf 83' lang='grc' dir='ltr'>φύσεων,</span> <span class='ocrx_word' id='word_1_488' title='bbox 1079 3070 1172 3122; x_wconf 66' lang='grc' dir='ltr'><strong>κα)⁸</strong></span> <span class='ocrx_word' id='word_1_489' title='bbox 1213 3068 1307 3123; x_wconf 88' lang='grc' dir='ltr'><strong>δύο</strong></span> <span class='ocrx_word' id='word_1_490' title='bbox 1355 3069 1569 3138; x_wconf 83' lang='grc' dir='ltr'>φύσεις,</span> <span class='ocrx_word' id='word_1_491' title='bbox 1601 3074 1693 3124; x_wconf 80' lang='grc' dir='ltr'>καὶ</span> <span class='ocrx_word' id='word_1_492' title='bbox 1722 3073 1782 3125; x_wconf 76' lang='grc' dir='ltr'>ἐν</span> 
     </span>
    </p>
   </div>
   <div class='ocr_carea' id='block_1_64' title="bbox 211 3152 1782 3231">
    <p class='ocr_par' dir='ltr' id='par_1_64' title="bbox 211 3152 1782 3231">
     <span class='ocr_line' id='line_1_64' title="bbox 211 3152 1782 3231; baseline 0 -18"><span class='ocrx_word' id='word_1_493' title='bbox 211 3161 332 3213; x_wconf 75' lang='grc' dir='ltr'>δυσὶ</span> <span class='ocrx_word' id='word_1_494' title='bbox 361 3160 574 3228; x_wconf 88' lang='grc' dir='ltr'>φύσεσι,</span> <span class='ocrx_word' id='word_1_495' title='bbox 616 3160 757 3230; x_wconf 87' lang='grc' dir='ltr'><strong>μετά</strong></span> <span class='ocrx_word' id='word_1_496' title='bbox 796 3160 895 3230; x_wconf 82' lang='grc' dir='ltr'><strong>τὴν</strong></span> <span class='ocrx_word' id='word_1_497' title='bbox 926 3160 1115 3213; x_wconf 69' lang='grc' dir='ltr'>ἕνωσιν</span> <span class='ocrx_word' id='word_1_498' title='bbox 1149 3152 1553 3230; x_wconf 81' lang='grc' dir='ltr'>ὁμολογήσετε;</span> <span class='ocrx_word' id='word_1_499' title='bbox 1590 3163 1652 3214; x_wconf 83' lang='lat' dir='ltr'><strong>Ei</strong></span> <span class='ocrx_word' id='word_1_500' title='bbox 1685 3162 1782 3231; x_wconf 71' lang='grc' dir='ltr'>μὲν</span> 
     </span>
    </p>
   </div>
   <div class='ocr_carea' id='block_1_65' title="bbox 212 3250 1781 3323">
    <p class='ocr_par' dir='ltr' id='par_1_65' title="bbox 212 3250 1781 3323">
     <span class='ocr_line' id='line_1_65' title="bbox 212 3250 1781 3323; baseline -0.001 -19"><span class='ocrx_word' id='word_1_501' title='bbox 212 3253 324 3323; x_wconf 80' lang='grc' dir='ltr'>γὰρ</span> <span class='ocrx_word' id='word_1_502' title='bbox 385 3251 634 3304; x_wconf 76' lang='grc' dir='ltr'>οὐδέποτε</span> <span class='ocrx_word' id='word_1_503' title='bbox 681 3251 773 3304; x_wconf 89' lang='grc' dir='ltr'><strong>δύο</strong></span> <span class='ocrx_word' id='word_1_504' title='bbox 825 3250 1038 3319; x_wconf 77' lang='grc' dir='ltr'>φύσεων</span> <span class='ocrx_word' id='word_1_505' title='bbox 1075 3251 1166 3303; x_wconf 79' lang='grc' dir='ltr'>τὸν</span> <span class='ocrx_word' id='word_1_506' title='bbox 1227 3252 1462 3320; x_wconf 83' lang='grc' dir='ltr'>Χριστόν</span> <span class='ocrx_word' id='word_1_507' title='bbox 1519 3268 1697 3319; x_wconf 82' lang='grc' dir='ltr'>φατε,</span> <span class='ocrx_word' id='word_1_508' title='bbox 1728 3251 1781 3304; x_wconf 88' lang='grc' dir='ltr'><strong>τί</strong></span> 
     </span>
    </p>
   </div>
   <div class='ocr_carea' id='block_1_66' title="bbox 213 3341 1780 3414">
    <p class='ocr_par' dir='ltr' id='par_1_66' title="bbox 213 3341 1780 3414">
     <span class='ocr_line' id='line_1_66' title="bbox 213 3341 1780 3414; baseline -0.002 -17"><span class='ocrx_word' id='word_1_509' title='bbox 213 3341 392 3414; x_wconf 77' lang='grc' dir='ltr'>μάτην</span> <span class='ocrx_word' id='word_1_510' title='bbox 422 3343 549 3412; x_wconf 79' lang='grc' dir='ltr'>μιᾶς</span> <span class='ocrx_word' id='word_1_511' title='bbox 589 3342 751 3396; x_wconf 83' lang='grc' dir='ltr'>αὐτὸν</span> <span class='ocrx_word' id='word_1_512' title='bbox 785 3341 999 3412; x_wconf 77' lang='grc' dir='ltr'>φύσεως</span> <span class='ocrx_word' id='word_1_513' title='bbox 1030 3343 1167 3412; x_wconf 82' lang='grc' dir='ltr'>μετὰ</span> <span class='ocrx_word' id='word_1_514' title='bbox 1195 3342 1292 3413; x_wconf 81' lang='grc' dir='ltr'>τὴν</span> <span class='ocrx_word' id='word_1_515' title='bbox 1323 3342 1517 3397; x_wconf 67' lang='grc' dir='ltr'>ἕνωσιν</span> <span class='ocrx_word' id='word_1_516' title='bbox 1547 3342 1736 3409; x_wconf 78' lang='grc' dir='ltr'>λέγετε</span> <span class='ocrx_word' id='word_1_517' title='bbox 1765 3358 1780 3406; x_wconf 89' lang='grc'>;</span> 
     </span>
    </p>
   </div>
   <div class='ocr_carea' id='block_1_67' title="bbox 213 3433 1781 3509">
    <p class='ocr_par' dir='ltr' id='par_1_67' title="bbox 213 3433 1781 3509">
     <span class='ocr_line' id='line_1_67' title="bbox 213 3433 1781 3509; baseline -0.003 -19"><span class='ocrx_word' id='word_1_518' title='bbox 213 3434 350 3490; x_wconf 83' lang='grc' dir='ltr'>Είδὲ</span> <span class='ocrx_word' id='word_1_519' title='bbox 375 3434 479 3504; x_wconf 87' lang='grc' dir='ltr'>πρὸ</span> <span class='ocrx_word' id='word_1_520' title='bbox 500 3434 599 3504; x_wconf 81' lang='grc' dir='ltr'>τῆς</span> <span class='ocrx_word' id='word_1_521' title='bbox 628 3433 875 3496; x_wconf 80' lang='grc' dir='ltr'>ὲνὼσεως</span> <span class='ocrx_word' id='word_1_522' title='bbox 902 3433 996 3486; x_wconf 88' lang='grc' dir='ltr'><strong>δύο</strong></span> <span class='ocrx_word' id='word_1_523' title='bbox 1020 3433 1234 3503; x_wconf 80' lang='grc' dir='ltr'>φύσεων</span> <span class='ocrx_word' id='word_1_524' title='bbox 1260 3434 1423 3488; x_wconf 84' lang='grc' dir='ltr'>αὐτὸν</span> <span class='ocrx_word' id='word_1_525' title='bbox 1457 3434 1781 3509; x_wconf 71' lang='grc' dir='ltr'>φάσκοντες,</span> 
     </span>
    </p>
   </div>
   <div class='ocr_carea' id='block_1_68' title="bbox 216 3526 1784 3599">
    <p class='ocr_par' dir='ltr' id='par_1_68' title="bbox 216 3526 1784 3599">
     <span class='ocr_line' id='line_1_68' title="bbox 216 3526 1784 3599; baseline 0.002 -21"><span class='ocrx_word' id='word_1_526' title='bbox 216 3527 349 3596; x_wconf 79' lang='grc' dir='ltr'>μιᾶς</span> <span class='ocrx_word' id='word_1_527' title='bbox 378 3526 683 3596; x_wconf 79' lang='grc' dir='ltr'>ὁμολογεῖτε</span> <span class='ocrx_word' id='word_1_528' title='bbox 722 3526 860 3595; x_wconf 87' lang='grc' dir='ltr'><strong>μετά</strong></span> <span class='ocrx_word' id='word_1_529' title='bbox 884 3526 986 3595; x_wconf 83' lang='grc' dir='ltr'>τὴν</span> <span class='ocrx_word' id='word_1_530' title='bbox 1010 3526 1495 3597; x_wconf 78' lang='grc' dir='ltr'>ἓνωσιν,άντικρὺς</span> <span class='ocrx_word' id='word_1_531' title='bbox 1523 3528 1657 3599; x_wconf 81' lang='grc' dir='ltr'>πρὸς</span> <span class='ocrx_word' id='word_1_532' title='bbox 1684 3526 1784 3599; x_wconf 67' lang='grc' dir='ltr'>τὴν</span> 
     </span>
    </p>
   </div>
   <div class='ocr_carea' id='block_1_69' title="bbox 216 3615 1782 3687">
    <p class='ocr_par' dir='ltr' id='par_1_69' title="bbox 216 3615 1782 3687">
     <span class='ocr_line' id='line_1_69' title="bbox 216 3615 1782 3687; baseline 0.001 -18"><span class='ocrx_word' id='word_1_533' title='bbox 216 3616 472 3686; x_wconf 69' lang='grc' dir='ltr'>ἀλήθειαν</span> <span class='ocrx_word' id='word_1_534' title='bbox 512 3615 880 3686; x_wconf 84' lang='grc' dir='ltr'>ἀπομάχεσθε.</span> <span class='ocrx_word' id='word_1_535' title='bbox 926 3616 1043 3685; x_wconf 83' lang='grc' dir='ltr'><strong>Πρὸ</strong></span> <span class='ocrx_word' id='word_1_536' title='bbox 1068 3616 1178 3684; x_wconf 85' lang='grc' dir='ltr'><strong>γὰρ</strong></span> <span class='ocrx_word' id='word_1_537' title='bbox 1219 3615 1320 3685; x_wconf 81' lang='grc' dir='ltr'>τῆς</span> <span class='ocrx_word' id='word_1_538' title='bbox 1362 3616 1637 3681; x_wconf 74' lang='grc' dir='ltr'>ἑνώσεως,</span> <span class='ocrx_word' id='word_1_539' title='bbox 1662 3619 1782 3687; x_wconf 73' lang='grc' dir='ltr'>ἦτοι</span> 
     </span>
    </p>
   </div>
   <div class='ocr_carea' id='block_1_70' title="bbox 214 3706 1785 3778">
    <p class='ocr_par' dir='ltr' id='par_1_70' title="bbox 214 3706 1785 3778">
     <span class='ocr_line' id='line_1_70' title="bbox 214 3706 1785 3778; baseline -0.001 -17"><span class='ocrx_word' id='word_1_540' title='bbox 214 3708 316 3775; x_wconf 77' lang='grc' dir='ltr'>τῆς</span> <span class='ocrx_word' id='word_1_541' title='bbox 338 3707 484 3771; x_wconf 85' lang='grc' dir='ltr'>θείας</span> <span class='ocrx_word' id='word_1_542' title='bbox 512 3706 858 3778; x_wconf 88' lang='grc' dir='ltr'>σαρκώσεως,</span> <span class='ocrx_word' id='word_1_543' title='bbox 887 3708 1015 3777; x_wconf 81' lang='grc' dir='ltr'>μιᾶς</span> <span class='ocrx_word' id='word_1_544' title='bbox 1067 3707 1280 3777; x_wconf 79' lang='grc' dir='ltr'>φύσεως</span> <span class='ocrx_word' id='word_1_545' title='bbox 1321 3708 1523 3777; x_wconf 85' lang='grc' dir='ltr'>ἁπλῆς,</span> <span class='ocrx_word' id='word_1_546' title='bbox 1542 3708 1661 3777; x_wconf 70' lang='grc' dir='ltr'>ἢτοι</span> <span class='ocrx_word' id='word_1_547' title='bbox 1686 3709 1785 3776; x_wconf 79' lang='grc' dir='ltr'>τῆς</span> 
     </span>
    </p>
   </div>
   <div class='ocr_carea' id='block_1_71' title="bbox 216 3794 1786 3871">
    <p class='ocr_par' dir='ltr' id='par_1_71' title="bbox 216 3794 1786 3871">
     <span class='ocr_line' id='line_1_71' title="bbox 216 3794 1786 3871; baseline -0.001 -17"><span class='ocrx_word' id='word_1_548' title='bbox 216 3800 393 3863; x_wconf 87' lang='grc' dir='ltr'>θείας,</span> <span class='ocrx_word' id='word_1_549' title='bbox 429 3800 526 3871; x_wconf 89' lang='grc' dir='ltr'><strong>μία</strong></span> <span class='ocrx_word' id='word_1_550' title='bbox 578 3799 746 3854; x_wconf 84' lang='grc' dir='ltr'>τελῶν</span> <span class='ocrx_word' id='word_1_551' title='bbox 792 3800 1089 3863; x_wconf 81' lang='grc' dir='ltr'>ὑπόστασις</span> <span class='ocrx_word' id='word_1_552' title='bbox 1111 3841 1127 3865; x_wconf 92' lang='grc'><strong>,</strong></span> <span class='ocrx_word' id='word_1_553' title='bbox 1161 3799 1282 3855; x_wconf 78' lang='grc' dir='ltr'>οὐδὲ</span> <span class='ocrx_word' id='word_1_554' title='bbox 1313 3798 1549 3868; x_wconf 78' lang='grc' dir='ltr'>Χριστὸς</span> <span class='ocrx_word' id='word_1_555' title='bbox 1596 3794 1684 3869; x_wconf 73' lang='grc' dir='ltr'><strong>ἦν.</strong></span> <span class='ocrx_word' id='word_1_556' title='bbox 1715 3800 1786 3852; x_wconf 83' lang='grc' dir='ltr'><strong>Ἦ</strong></span> 
     </span>
    </p>
   </div>
   <div class='ocr_carea' id='block_1_72' title="bbox 212 3882 1784 3959">
    <p class='ocr_par' dir='ltr' id='par_1_72' title="bbox 212 3882 1784 3959">
     <span class='ocr_line' id='line_1_72' title="bbox 212 3882 1784 3959; baseline -0.001 -16"><span class='ocrx_word' id='word_1_557' title='bbox 212 3892 395 3945; x_wconf 76' lang='grc' dir='ltr'>τοίνυν</span> <span class='ocrx_word' id='word_1_558' title='bbox 430 3890 704 3954; x_wconf 81' lang='grc' dir='ltr'>παντελῶς</span> <span class='ocrx_word' id='word_1_559' title='bbox 740 3882 840 3954; x_wconf 79' lang='grc' dir='ltr'><strong>τὰς</strong></span> <span class='ocrx_word' id='word_1_560' title='bbox 873 3888 966 3943; x_wconf 88' lang='grc' dir='ltr'><strong>δύο</strong></span> <span class='ocrx_word' id='word_1_561' title='bbox 998 3888 1188 3958; x_wconf 83' lang='grc' dir='ltr'>φύσεις</span> <span class='ocrx_word' id='word_1_562' title='bbox 1226 3889 1319 3945; x_wconf 73' lang='grc' dir='ltr'><strong>ἐπὶ</strong></span> <span class='ocrx_word' id='word_1_563' title='bbox 1351 3887 1590 3959; x_wconf 78' lang='grc' dir='ltr'>Χριστοῦ</span> <span class='ocrx_word' id='word_1_564' title='bbox 1630 3890 1784 3942; x_wconf 78' lang='grc' dir='ltr'>ἀναι-</span> 
     </span>
    </p>
   </div>
   <div class='ocr_carea' id='block_1_73' title="bbox 210 3978 1787 4054">
    <p class='ocr_par' dir='ltr' id='par_1_73' title="bbox 210 3978 1787 4054">
     <span class='ocr_line' id='line_1_73' title="bbox 210 3978 1787 4054; baseline -0.003 -19"><span class='ocrx_word' id='word_1_565' title='bbox 210 3984 432 4054; x_wconf 79' lang='grc' dir='ltr'>ρήσετε,</span> <span class='ocrx_word' id='word_1_566' title='bbox 473 3981 506 4051; x_wconf 80' lang='grc' dir='ltr'>ἢ</span> <span class='ocrx_word' id='word_1_567' title='bbox 552 3982 717 4050; x_wconf 77' lang='grc' dir='ltr'>διφυᾶ</span> <span class='ocrx_word' id='word_1_568' title='bbox 754 3982 859 4051; x_wconf 87' lang='grc' dir='ltr'>πρὸ</span> <span class='ocrx_word' id='word_1_569' title='bbox 888 3982 985 4051; x_wconf 80' lang='grc' dir='ltr'>τῆς</span> <span class='ocrx_word' id='word_1_570' title='bbox 1019 3982 1085 4035; x_wconf 67' lang='lat' dir='ltr'><strong>ix</strong></span> <span class='ocrx_word' id='word_1_571' title='bbox 1112 3979 1389 4050; x_wconf 80' lang='grc' dir='ltr'>Παρθένου</span> <span class='ocrx_word' id='word_1_572' title='bbox 1417 3979 1507 4034; x_wconf 83' lang='grc' dir='ltr'>τὸν</span> <span class='ocrx_word' id='word_1_573' title='bbox 1552 3978 1787 4050; x_wconf 79' lang='grc' dir='ltr'>Χριστὸν</span> 
     </span>
    </p>
   </div>
   <div class='ocr_carea' id='block_1_74' title="bbox 214 4062 1789 4143">
    <p class='ocr_par' dir='ltr' id='par_1_74' title="bbox 214 4062 1789 4143">
     <span class='ocr_line' id='line_1_74' title="bbox 214 4062 1789 4143; baseline -0.003 -16"><span class='ocrx_word' id='word_1_574' title='bbox 214 4074 548 4143; x_wconf 75' lang='grc' dir='ltr'>σαρκῶσοως</span> <span class='ocrx_word' id='word_1_575' title='bbox 574 4072 784 4138; x_wconf 76' lang='grc' dir='ltr'>λέξετε,</span> <span class='ocrx_word' id='word_1_576' title='bbox 811 4072 887 4142; x_wconf 83' lang='grc' dir='ltr'>μὴ</span> <span class='ocrx_word' id='word_1_577' title='bbox 915 4071 1117 4129; x_wconf 85' lang='grc' dir='ltr'>διδόναι</span> <span class='ocrx_word' id='word_1_578' title='bbox 1145 4062 1305 4140; x_wconf 80' lang='grc' dir='ltr'>ἀὐτῷ</span> <span class='ocrx_word' id='word_1_579' title='bbox 1332 4070 1430 4133; x_wconf 78' lang='grc' dir='ltr'>τὰς</span> <span class='ocrx_word' id='word_1_580' title='bbox 1464 4069 1668 4141; x_wconf 75' lang='grc' dir='ltr'>κυρίως</span> <span class='ocrx_word' id='word_1_581' title='bbox 1696 4066 1789 4123; x_wconf 64' lang='grc' dir='ltr'><strong>οὗ·</strong></span> 
     </span>
    </p>
   </div>
   <div class='ocr_carea' id='block_1_75' title="bbox 212 4155 1784 4229">
    <p class='ocr_par' dir='ltr' id='par_1_75' title="bbox 212 4155 1784 4229">
     <span class='ocr_line' id='line_1_75' title="bbox 212 4155 1784 4229; baseline -0.001 -17"><span class='ocrx_word' id='word_1_582' title='bbox 212 4175 318 4222; x_wconf 84' lang='grc' dir='ltr'><strong>σας</strong></span> <span class='ocrx_word' id='word_1_583' title='bbox 345 4158 509 4212; x_wconf 77' lang='grc' dir='ltr'>αὑτοῦ</span> <span class='ocrx_word' id='word_1_584' title='bbox 537 4157 633 4211; x_wconf 84' lang='grc' dir='ltr'><strong>δύο</strong></span> <span class='ocrx_word' id='word_1_585' title='bbox 666 4157 857 4227; x_wconf 78' lang='grc' dir='ltr'>φύσεις</span> <span class='ocrx_word' id='word_1_586' title='bbox 887 4156 1024 4229; x_wconf 88' lang='grc' dir='ltr'><strong>μετά</strong></span> <span class='ocrx_word' id='word_1_587' title='bbox 1059 4157 1158 4227; x_wconf 86' lang='grc' dir='ltr'>τὴν</span> <span class='ocrx_word' id='word_1_588' title='bbox 1199 4158 1393 4211; x_wconf 67' lang='grc' dir='ltr'>ἕνωσιν</span> <span class='ocrx_word' id='word_1_589' title='bbox 1444 4155 1784 4227; x_wconf 75' lang='grc' dir='ltr'>ἀνεχόμενοι.</span> 
     </span>
    </p>
   </div>
   <div class='ocr_carea' id='block_1_76' title="bbox 224 4246 1784 4323">
    <p class='ocr_par' dir='ltr' id='par_1_76' title="bbox 224 4246 1784 4323">
     <span class='ocr_line' id='line_1_76' title="bbox 224 4246 1784 4323; baseline -0.001 -19"><span class='ocrx_word' id='word_1_590' title='bbox 224 4250 420 4321; x_wconf 79' lang='grc' dir='ltr'>Ἡμεῖς</span> <span class='ocrx_word' id='word_1_591' title='bbox 446 4250 553 4323; x_wconf 83' lang='grc' dir='ltr'><strong>γὰρ</strong></span> <span class='ocrx_word' id='word_1_592' title='bbox 588 4250 647 4302; x_wconf 76' lang='grc' dir='ltr'>ὲν</span> <span class='ocrx_word' id='word_1_593' title='bbox 697 4246 776 4318; x_wconf 85' lang='grc' dir='ltr'>τῷ</span> <span class='ocrx_word' id='word_1_594' title='bbox 803 4248 984 4319; x_wconf 87' lang='grc' dir='ltr'>λιμένι</span> <span class='ocrx_word' id='word_1_595' title='bbox 1022 4247 1120 4317; x_wconf 81' lang='grc' dir='ltr'>τῆς</span> <span class='ocrx_word' id='word_1_596' title='bbox 1150 4246 1434 4316; x_wconf 72' lang='grc' dir='ltr'>εὐσεϐείας</span> <span class='ocrx_word' id='word_1_597' title='bbox 1482 4247 1784 4318; x_wconf 72' lang='grc' dir='ltr'>ἱστάμενοι,</span> 
     </span>
    </p>
   </div>
   <div class='ocr_carea' id='block_1_77' title="bbox 1881 3064 3454 3132">
    <p class='ocr_par' dir='ltr' id='par_1_77' title="bbox 1881 3064 3454 3132">
     <span class='ocr_line' id='line_1_77' title="bbox 1881 3064 3454 3132; baseline 0.004 -14"><span class='ocrx_word' id='word_1_598' title='bbox 1881 3065 2096 3119; x_wconf 85' lang='lat' dir='ltr'><strong>hiscum</strong></span> <span class='ocrx_word' id='word_1_599' title='bbox 2124 3064 2433 3127; x_wconf 87' lang='lat' dir='ltr'><strong>Christum,</strong></span> <span class='ocrx_word' id='word_1_600' title='bbox 2476 3079 2646 3119; x_wconf 87' lang='lat' dir='ltr'><strong>unum</strong></span> <span class='ocrx_word' id='word_1_601' title='bbox 2681 3064 2905 3129; x_wconf 82' lang='lat' dir='ltr'><strong>Filium,</strong></span> <span class='ocrx_word' id='word_1_602' title='bbox 2942 3083 3109 3121; x_wconf 92' lang='lat' dir='ltr'><strong>unum</strong></span> <span class='ocrx_word' id='word_1_603' title='bbox 3145 3067 3454 3132; x_wconf 89' lang='lat' dir='ltr'><strong>Dominum.</strong></span> 
     </span>
    </p>
   </div>
   <div class='ocr_carea' id='block_1_78' title="bbox 1884 3155 3456 3231">
    <p class='ocr_par' dir='ltr' id='par_1_78' title="bbox 1884 3155 3456 3231">
     <span class='ocr_line' id='line_1_78' title="bbox 1884 3155 3456 3231; baseline 0.004 -22"><span class='ocrx_word' id='word_1_604' title='bbox 1884 3171 2047 3210; x_wconf 88' lang='lat' dir='ltr'><strong>unam</strong></span> <span class='ocrx_word' id='word_1_605' title='bbox 2081 3155 2425 3225; x_wconf 84' lang='lat' dir='ltr'><strong>hypostasim</strong></span> <span class='ocrx_word' id='word_1_606' title='bbox 2459 3170 2527 3209; x_wconf 79' lang='lat' dir='ltr'><strong>ex</strong></span> <span class='ocrx_word' id='word_1_607' title='bbox 2578 3155 2799 3212; x_wconf 83' lang='lat' dir='ltr'><strong>duabus</strong></span> <span class='ocrx_word' id='word_1_608' title='bbox 2830 3160 3074 3225; x_wconf 86' lang='lat' dir='ltr'><strong>naturis,</strong></span> <span class='ocrx_word' id='word_1_609' title='bbox 3116 3169 3456 3231; x_wconf 86' lang='lat' dir='ltr'><strong>naturasque</strong></span> 
     </span>
    </p>
   </div>
   <div class='ocr_carea' id='block_1_79' title="bbox 1882 3245 3462 3316">
    <p class='ocr_par' dir='ltr' id='par_1_79' title="bbox 1882 3245 3462 3316">
     <span class='ocr_line' id='line_1_79' title="bbox 1882 3245 3462 3316; baseline 0.002 -15"><span class='ocrx_word' id='word_1_610' title='bbox 1882 3246 2023 3301; x_wconf 86' lang='lat' dir='ltr'><strong>duas</strong></span> <span class='ocrx_word' id='word_1_611' title='bbox 2054 3253 2108 3301; x_wconf 89' lang='lat' dir='ltr'><strong>et</strong></span> <span class='ocrx_word' id='word_1_612' title='bbox 2136 3246 2192 3299; x_wconf 92' lang='lat' dir='ltr'><strong>in</strong></span> <span class='ocrx_word' id='word_1_613' title='bbox 2214 3246 2432 3301; x_wconf 89' lang='lat' dir='ltr'><strong>duabus</strong></span> <span class='ocrx_word' id='word_1_614' title='bbox 2461 3245 2679 3301; x_wconf 85' lang='lat' dir='ltr'><strong>naturis</strong></span> <span class='ocrx_word' id='word_1_615' title='bbox 2713 3257 2836 3316; x_wconf 87' lang='lat' dir='ltr'><strong>post</strong></span> <span class='ocrx_word' id='word_1_616' title='bbox 2863 3248 3121 3302; x_wconf 90' lang='lat' dir='ltr'><strong>unionem</strong></span> <span class='ocrx_word' id='word_1_617' title='bbox 3144 3248 3462 3304; x_wconf 75' lang='lat' dir='ltr'><strong>fateamini?</strong></span> 
     </span>
    </p>
   </div>
   <div class='ocr_carea' id='block_1_80' title="bbox 1882 3335 3457 3408">
    <p class='ocr_par' dir='ltr' id='par_1_80' title="bbox 1882 3335 3457 3408">
     <span class='ocr_line' id='line_1_80' title="bbox 1882 3335 3457 3408; baseline 0.001 -15"><span class='ocrx_word' id='word_1_618' title='bbox 1882 3337 2103 3393; x_wconf 77' lang='lat' dir='ltr'><strong>sienirn</strong></span> <span class='ocrx_word' id='word_1_619' title='bbox 2137 3335 2421 3408; x_wconf 76' lang='lat' dir='ltr'><strong>Christum</strong></span> <span class='ocrx_word' id='word_1_620' title='bbox 2450 3353 2729 3407; x_wconf 88' lang='lat' dir='ltr'><strong>nunquam</strong></span> <span class='ocrx_word' id='word_1_621' title='bbox 2759 3346 3084 3397; x_wconf 83' lang='lat' dir='ltr'><strong>naturarum</strong></span> <span class='ocrx_word' id='word_1_622' title='bbox 3110 3340 3343 3395; x_wconf 83' lang='lat' dir='ltr'><strong>duarum</strong></span> <span class='ocrx_word' id='word_1_623' title='bbox 3369 3341 3457 3394; x_wconf 87' lang='lat' dir='ltr'><strong>di-</strong></span> 
     </span>
    </p>
   </div>
   <div class='ocr_carea' id='block_1_81' title="bbox 1882 3427 3455 3497">
    <p class='ocr_par' dir='ltr' id='par_1_81' title="bbox 1882 3427 3455 3497">
     <span class='ocr_line' id='line_1_81' title="bbox 1882 3427 3455 3497; baseline 0.002 -16"><span class='ocrx_word' id='word_1_624' title='bbox 1882 3427 2032 3492; x_wconf 86' lang='lat' dir='ltr'><strong>citis,</strong></span> <span class='ocrx_word' id='word_1_625' title='bbox 2055 3441 2286 3487; x_wconf 86' lang='lat' dir='ltr'><strong>curnam</strong></span> <span class='ocrx_word' id='word_1_626' title='bbox 2321 3427 2500 3496; x_wconf 89' lang='lat' dir='ltr'><strong>ipsum</strong></span> <span class='ocrx_word' id='word_1_627' title='bbox 2541 3435 2756 3482; x_wconf 70' lang='lat' dir='ltr'><strong>natura</strong></span> <span class='ocrx_word' id='word_1_628' title='bbox 2786 3430 2952 3485; x_wconf 73' lang='lat' dir='ltr'><strong>unius</strong></span> <span class='ocrx_word' id='word_1_629' title='bbox 2988 3437 3113 3497; x_wconf 82' lang='lat' dir='ltr'><strong>post</strong></span> <span class='ocrx_word' id='word_1_630' title='bbox 3150 3429 3455 3487; x_wconf 81' lang='lat' dir='ltr'><strong>unitionem</strong></span> 
     </span>
    </p>
   </div>
   <div class='ocr_carea' id='block_1_82' title="bbox 1882 3517 3460 3587">
    <p class='ocr_par' dir='ltr' id='par_1_82' title="bbox 1882 3517 3460 3587">
     <span class='ocr_line' id='line_1_82' title="bbox 1882 3517 3460 3587; baseline 0.002 -15"><span class='ocrx_word' id='word_1_631' title='bbox 1882 3530 2027 3573; x_wconf 84' lang='lat' dir='ltr'><strong>vane</strong></span> <span class='ocrx_word' id='word_1_632' title='bbox 2081 3517 2487 3587; x_wconf 85' lang='lat' dir='ltr'><strong>pronuntiatis?</strong></span> <span class='ocrx_word' id='word_1_633' title='bbox 2508 3518 2557 3574; x_wconf 85' lang='lat' dir='ltr'><strong>si</strong></span> <span class='ocrx_word' id='word_1_634' title='bbox 2585 3534 2714 3573; x_wconf 88' lang='lat' dir='ltr'><strong>vero</strong></span> <span class='ocrx_word' id='word_1_635' title='bbox 2735 3534 2859 3574; x_wconf 80' lang='lat' dir='ltr'><strong>eum</strong></span> <span class='ocrx_word' id='word_1_636' title='bbox 2879 3518 3110 3573; x_wconf 85' lang='lat' dir='ltr'><strong>duarum</strong></span> <span class='ocrx_word' id='word_1_637' title='bbox 3141 3530 3460 3582; x_wconf 80' lang='lat' dir='ltr'><strong>naturarum</strong></span> 
     </span>
    </p>
   </div>
   <div class='ocr_carea' id='block_1_83' title="bbox 1884 3609 3462 3679">
    <p class='ocr_par' dir='ltr' id='par_1_83' title="bbox 1884 3609 3462 3679">
     <span class='ocr_line' id='line_1_83' title="bbox 1884 3609 3462 3679; baseline 0.003 -16"><span class='ocrx_word' id='word_1_638' title='bbox 1884 3616 2013 3664; x_wconf 88' lang='lat' dir='ltr'><strong>ante</strong></span> <span class='ocrx_word' id='word_1_639' title='bbox 2044 3609 2306 3663; x_wconf 79' lang='lat' dir='ltr'><strong>unionem</strong></span> <span class='ocrx_word' id='word_1_640' title='bbox 2324 3609 2595 3673; x_wconf 87' lang='lat' dir='ltr'><strong>.dicendo,</strong></span> <span class='ocrx_word' id='word_1_641' title='bbox 2646 3625 2711 3664; x_wconf 84' lang='lat' dir='ltr'><strong>ea</strong></span> <span class='ocrx_word' id='word_1_642' title='bbox 2742 3618 2991 3679; x_wconf 85' lang='lat' dir='ltr'><strong>peracta,</strong></span> <span class='ocrx_word' id='word_1_643' title='bbox 3032 3611 3198 3667; x_wconf 83' lang='lat' dir='ltr'><strong>unius</strong></span> <span class='ocrx_word' id='word_1_644' title='bbox 3246 3621 3462 3667; x_wconf 66' lang='lat' dir='ltr'><strong>natura:</strong></span> 
     </span>
    </p>
   </div>
   <div class='ocr_carea' id='block_1_84' title="bbox 1883 3697 3459 3769">
    <p class='ocr_par' dir='ltr' id='par_1_84' title="bbox 1883 3697 3459 3769">
     <span class='ocr_line' id='line_1_84' title="bbox 1883 3697 3459 3769; baseline 0.002 -16"><span class='ocrx_word' id='word_1_645' title='bbox 1883 3714 2011 3754; x_wconf 80' lang='lat' dir='ltr'><strong>esse</strong></span> <span class='ocrx_word' id='word_1_646' title='bbox 2034 3697 2401 3762; x_wconf 69' lang='lat' dir='ltr'><strong>conﬁtemini,</strong></span> <span class='ocrx_word' id='word_1_647' title='bbox 2425 3700 2587 3767; x_wconf 82' lang='lat' dir='ltr'><strong>plane</strong></span> <span class='ocrx_word' id='word_1_648' title='bbox 2605 3715 2730 3753; x_wconf 90' lang='lat' dir='ltr'><strong>cum</strong></span> <span class='ocrx_word' id='word_1_649' title='bbox 2763 3700 2995 3753; x_wconf 78' lang='lat' dir='ltr'><strong>veritate</strong></span> <span class='ocrx_word' id='word_1_650' title='bbox 3022 3702 3301 3769; x_wconf 64' lang='lat' dir='ltr'><strong>pugnans.</strong></span> <span class='ocrx_word' id='word_1_651' title='bbox 3322 3700 3459 3757; x_wconf 80' lang='lat' dir='ltr'><strong>Nam</strong></span> 
     </span>
    </p>
   </div>
   <div class='ocr_carea' id='block_1_85' title="bbox 1884 3788 3454 3861">
    <p class='ocr_par' dir='ltr' id='par_1_85' title="bbox 1884 3788 3454 3861">
     <span class='ocr_line' id='line_1_85' title="bbox 1884 3788 3454 3861; baseline 0.004 -18"><span class='ocrx_word' id='word_1_652' title='bbox 1884 3796 2014 3844; x_wconf 87' lang='lat' dir='ltr'><strong>ante</strong></span> <span class='ocrx_word' id='word_1_653' title='bbox 2037 3788 2322 3854; x_wconf 86' lang='lat' dir='ltr'><strong>unionem,</strong></span> <span class='ocrx_word' id='word_1_654' title='bbox 2352 3789 2409 3843; x_wconf 82' lang='lat' dir='ltr'><strong>id</strong></span> <span class='ocrx_word' id='word_1_655' title='bbox 2427 3796 2529 3849; x_wconf 80' lang='lat' dir='ltr'><strong>est,</strong></span> <span class='ocrx_word' id='word_1_656' title='bbox 2565 3799 2691 3844; x_wconf 88' lang='lat' dir='ltr'><strong>ante</strong></span> <span class='ocrx_word' id='word_1_657' title='bbox 2717 3790 2963 3844; x_wconf 78' lang='lat' dir='ltr'><strong>divinam</strong></span> <span class='ocrx_word' id='word_1_658' title='bbox 2996 3791 3454 3861; x_wconf 72' lang='lat' dir='ltr'><strong>incarnationem,</strong></span> 
     </span>
    </p>
   </div>
   <div class='ocr_carea' id='block_1_86' title="bbox 1884 3878 3454 3954">
    <p class='ocr_par' dir='ltr' id='par_1_86' title="bbox 1884 3878 3454 3954">
     <span class='ocr_line' id='line_1_86' title="bbox 1884 3878 3454 3954; baseline 0.001 -20"><span class='ocrx_word' id='word_1_659' title='bbox 1884 3893 2010 3934; x_wconf 88' lang='lat' dir='ltr'><strong>cum</strong></span> <span class='ocrx_word' id='word_1_660' title='bbox 2037 3894 2148 3932; x_wconf 91' lang='lat' dir='ltr'><strong>una</strong></span> <span class='ocrx_word' id='word_1_661' title='bbox 2179 3885 2395 3932; x_wconf 67' lang='lat' dir='ltr'><strong>naturae</strong></span> <span class='ocrx_word' id='word_1_662' title='bbox 2426 3878 2591 3933; x_wconf 91' lang='lat' dir='ltr'><strong>unius</strong></span> <span class='ocrx_word' id='word_1_663' title='bbox 2619 3878 2911 3947; x_wconf 89' lang='lat' dir='ltr'><strong>simplicis,</strong></span> <span class='ocrx_word' id='word_1_664' title='bbox 2945 3879 3063 3937; x_wconf 72' lang='lat' dir='ltr'><strong>sive</strong></span> <span class='ocrx_word' id='word_1_665' title='bbox 3099 3880 3321 3946; x_wconf 67' lang='lat' dir='ltr'><strong>divinae,</strong></span> <span class='ocrx_word' id='word_1_666' title='bbox 3354 3884 3454 3954; x_wconf 67' lang='lat' dir='ltr'><strong>hy-</strong></span> 
     </span>
    </p>
   </div>
   <div class='ocr_carea' id='block_1_87' title="bbox 1885 3969 3458 4043">
    <p class='ocr_par' dir='ltr' id='par_1_87' title="bbox 1885 3969 3458 4043">
     <span class='ocr_line' id='line_1_87' title="bbox 1885 3969 3458 4043; baseline 0.004 -20"><span class='ocrx_word' id='word_1_667' title='bbox 1885 3970 2123 4040; x_wconf 84' lang='lat' dir='ltr'><strong>postasis</strong></span> <span class='ocrx_word' id='word_1_668' title='bbox 2151 3976 2320 4033; x_wconf 86' lang='lat' dir='ltr'><strong>esset,</strong></span> <span class='ocrx_word' id='word_1_669' title='bbox 2362 3983 2431 4024; x_wconf 76' lang='lat' dir='ltr'><strong>ne</strong></span> <span class='ocrx_word' id='word_1_670' title='bbox 2453 3969 2678 4039; x_wconf 81' lang='lat' dir='ltr'><strong>quidem</strong></span> <span class='ocrx_word' id='word_1_671' title='bbox 2705 3980 2830 4026; x_wconf 84' lang='lat' dir='ltr'><strong>erat</strong></span> <span class='ocrx_word' id='word_1_672' title='bbox 2854 3970 3134 4029; x_wconf 75' lang='lat' dir='ltr'><strong>Christus.</strong></span> <span class='ocrx_word' id='word_1_673' title='bbox 3153 3974 3262 4028; x_wconf 80' lang='lat' dir='ltr'><strong>Aut</strong></span> <span class='ocrx_word' id='word_1_674' title='bbox 3288 3974 3458 4043; x_wconf 71' lang='lat' dir='ltr'><strong>igitur</strong></span> 
     </span>
    </p>
   </div>
   <div class='ocr_carea' id='block_1_88' title="bbox 1884 4060 3459 4137">
    <p class='ocr_par' dir='ltr' id='par_1_88' title="bbox 1884 4060 3459 4137">
     <span class='ocr_line' id='line_1_88' title="bbox 1884 4060 3459 4137; baseline 0.004 -21"><span class='ocrx_word' id='word_1_675' title='bbox 1884 4062 2028 4117; x_wconf 88' lang='lat' dir='ltr'><strong>duas</strong></span> <span class='ocrx_word' id='word_1_676' title='bbox 2058 4061 2115 4115; x_wconf 93' lang='lat' dir='ltr'><strong>in</strong></span> <span class='ocrx_word' id='word_1_677' title='bbox 2153 4060 2380 4117; x_wconf 77' lang='lat' dir='ltr'><strong>Christo</strong></span> <span class='ocrx_word' id='word_1_678' title='bbox 2420 4069 2654 4118; x_wconf 86' lang='lat' dir='ltr'><strong>naturas</strong></span> <span class='ocrx_word' id='word_1_679' title='bbox 2702 4064 2931 4133; x_wconf 87' lang='lat' dir='ltr'><strong>tolletis,</strong></span> <span class='ocrx_word' id='word_1_680' title='bbox 2964 4074 3059 4120; x_wconf 81' lang='lat' dir='ltr'><strong>aut</strong></span> <span class='ocrx_word' id='word_1_681' title='bbox 3086 4065 3329 4137; x_wconf 82' lang='lat' dir='ltr'><strong>duplicis</strong></span> <span class='ocrx_word' id='word_1_682' title='bbox 3358 4082 3459 4122; x_wconf 86' lang='lat' dir='ltr'><strong>na-</strong></span> 
     </span>
    </p>
   </div>
   <div class='ocr_carea' id='block_1_89' title="bbox 1886 4151 3455 4229">
    <p class='ocr_par' dir='ltr' id='par_1_89' title="bbox 1886 4151 3455 4229">
     <span class='ocr_line' id='line_1_89' title="bbox 1886 4151 3455 4229; baseline 0.006 -22"><span class='ocrx_word' id='word_1_683' title='bbox 1886 4161 2024 4213; x_wconf 79' lang='lat' dir='ltr'><strong>turae</strong></span> <span class='ocrx_word' id='word_1_684' title='bbox 2047 4151 2332 4213; x_wconf 75' lang='lat' dir='ltr'><strong>Christum</strong></span> <span class='ocrx_word' id='word_1_685' title='bbox 2373 4161 2502 4208; x_wconf 76' lang='lat' dir='ltr'><strong>ante</strong></span> <span class='ocrx_word' id='word_1_686' title='bbox 2548 4163 2920 4224; x_wconf 21' lang='lat' dir='ltr'><strong>sumptam,“</strong></span> <span class='ocrx_word' id='word_1_687' title='bbox 2956 4157 3184 4229; x_wconf 72' lang='lat' dir='ltr'><strong>Virgine</strong></span> <span class='ocrx_word' id='word_1_688' title='bbox 3235 4173 3455 4215; x_wconf 78' lang='lat' dir='ltr'><strong>carnem</strong></span> 
     </span>
    </p>
   </div>
   <div class='ocr_carea' id='block_1_90' title="bbox 1885 4245 3459 4324">
    <p class='ocr_par' dir='ltr' id='par_1_90' title="bbox 1885 4245 3459 4324">
     <span class='ocr_line' id='line_1_90' title="bbox 1885 4245 3459 4324; baseline 0.004 -21"><span class='ocrx_word' id='word_1_689' title='bbox 1885 4245 2104 4310; x_wconf 77' lang='lat' dir='ltr'><strong>dicetis,</strong></span> <span class='ocrx_word' id='word_1_690' title='bbox 2151 4245 2293 4301; x_wconf 77' lang='lat' dir='ltr'><strong>duas</strong></span> <span class='ocrx_word' id='word_1_691' title='bbox 2346 4246 2457 4316; x_wconf 85' lang='lat' dir='ltr'><strong>ipsi</strong></span> <span class='ocrx_word' id='word_1_692' title='bbox 2506 4257 2637 4319; x_wconf 82' lang='lat' dir='ltr'><strong>post</strong></span> <span class='ocrx_word' id='word_1_693' title='bbox 2677 4249 2982 4307; x_wconf 79' lang='lat' dir='ltr'><strong>unitionem</strong></span> <span class='ocrx_word' id='word_1_694' title='bbox 3040 4260 3292 4318; x_wconf 79' lang='lat' dir='ltr'><strong>naturas,</strong></span> <span class='ocrx_word' id='word_1_695' title='bbox 3334 4270 3459 4324; x_wconf 64' lang='lat' dir='ltr'><strong>quae</strong></span> 
     </span>
    </p>
   </div>
   <div class='ocr_carea' id='block_1_91' title="bbox 212 4334 1781 4411">
    <p class='ocr_par' dir='ltr' id='par_1_91' title="bbox 212 4338 1779 4411">
     <span class='ocr_line' id='line_1_91' title="bbox 212 4338 1779 4411; baseline 0.001 -17"><span class='ocrx_word' id='word_1_696' title='bbox 212 4341 312 4395; x_wconf 73' lang='grc' dir='ltr'><strong>καὶ</strong></span> <span class='ocrx_word' id='word_1_697' title='bbox 334 4341 514 4411; x_wconf 84' lang='grc' dir='ltr'>πάσης</span> <span class='ocrx_word' id='word_1_698' title='bbox 552 4339 837 4411; x_wconf 82' lang='grc' dir='ltr'>αίρετικῆς</span> <span class='ocrx_word' id='word_1_699' title='bbox 868 4338 1156 4402; x_wconf 83' lang='grc' dir='ltr'>κακονοίας</span> <span class='ocrx_word' id='word_1_700' title='bbox 1188 4339 1620 4410; x_wconf 84' lang='grc' dir='ltr'>ἀποκρουόμενοι</span> <span class='ocrx_word' id='word_1_701' title='bbox 1648 4354 1779 4399; x_wconf 69' lang='grc' dir='ltr'>κατ-</span> 
     </span>
    </p>
   </div>
   <div class='ocr_carea' id='block_1_92' title="bbox 1885 4334 3459 4411">
    <p class='ocr_par' dir='ltr' id='par_1_92' title="bbox 1891 4334 3459 4405">
     <span class='ocr_line' id='line_1_92' title="bbox 1891 4334 3459 4405; baseline 0.008 -17"><span class='ocrx_word' id='word_1_702' title='bbox 1891 4334 2075 4405; x_wconf 81' lang='lat' dir='ltr'><strong>ipsius</strong></span> <span class='ocrx_word' id='word_1_703' title='bbox 2100 4334 2322 4403; x_wconf 75' lang='lat' dir='ltr'><strong>proprie</strong></span> <span class='ocrx_word' id='word_1_704' title='bbox 2370 4336 2502 4397; x_wconf 80' lang='lat' dir='ltr'><strong>aint,</strong></span> <span class='ocrx_word' id='word_1_705' title='bbox 2555 4336 2729 4391; x_wconf 88' lang='lat' dir='ltr'><strong>tribui</strong></span> <span class='ocrx_word' id='word_1_706' title='bbox 2769 4352 2879 4391; x_wconf 79' lang='lat' dir='ltr'><strong>non</strong></span> <span class='ocrx_word' id='word_1_707' title='bbox 2924 4340 3294 4398; x_wconf 76' lang='lat' dir='ltr'><strong>sustinentes.</strong></span> <span class='ocrx_word' id='word_1_708' title='bbox 3346 4342 3459 4400; x_wconf 85' lang='lat' dir='ltr'><strong>Nos</strong></span> 
     </span>
    </p>
   </div>
   <div class='ocr_carea' id='block_1_93' title="bbox 210 4429 1783 4501">
    <p class='ocr_par' dir='ltr' id='par_1_93' title="bbox 210 4429 1783 4501">
     <span class='ocr_line' id='line_1_93' title="bbox 210 4429 1783 4501; baseline -0.004 -14"><span class='ocrx_word' id='word_1_709' title='bbox 210 4431 435 4500; x_wconf 77' lang='grc' dir='ltr'>αιγίδαο</span> <span class='ocrx_word' id='word_1_710' title='bbox 477 4434 597 4496; x_wconf 85' lang='grc' dir='ltr'>ταῖς</span> <span class='ocrx_word' id='word_1_711' title='bbox 628 4430 825 4501; x_wconf 77' lang='grc' dir='ltr'>αὕραις</span> <span class='ocrx_word' id='word_1_712' title='bbox 870 4429 964 4484; x_wconf 83' lang='grc' dir='ltr'>τοῦ</span> <span class='ocrx_word' id='word_1_713' title='bbox 1011 4429 1361 4500; x_wconf 85' lang='grc' dir='ltr'>Πνεύματος,</span> <span class='ocrx_word' id='word_1_714' title='bbox 1392 4430 1485 4482; x_wconf 71' lang='grc' dir='ltr'>επὶ</span> <span class='ocrx_word' id='word_1_715' title='bbox 1540 4429 1642 4498; x_wconf 69' lang='grc' dir='ltr'>μὲν</span> <span class='ocrx_word' id='word_1_716' title='bbox 1683 4430 1783 4499; x_wconf 77' lang='grc' dir='ltr'>τῆς</span> 
     </span>
    </p>
   </div>
   <div class='ocr_carea' id='block_1_94' title="bbox 210 4520 1783 4592">
    <p class='ocr_par' dir='ltr' id='par_1_94' title="bbox 210 4520 1783 4592">
     <span class='ocr_line' id='line_1_94' title="bbox 210 4520 1783 4592; baseline -0.003 -16"><span class='ocrx_word' id='word_1_717' title='bbox 210 4522 376 4591; x_wconf 75' lang='grc' dir='ltr'>ἁγίας</span> <span class='ocrx_word' id='word_1_718' title='bbox 421 4522 517 4575; x_wconf 77' lang='grc' dir='ltr'>καὶ</span> <span class='ocrx_word' id='word_1_719' title='bbox 570 4522 955 4592; x_wconf 74' lang='grc' dir='ltr'>ὑπερυμνήτου</span> <span class='ocrx_word' id='word_1_720' title='bbox 1008 4520 1237 4591; x_wconf 87' lang='grc' dir='ltr'>Τριάδος</span> <span class='ocrx_word' id='word_1_721' title='bbox 1284 4520 1415 4591; x_wconf 83' lang='grc' dir='ltr'>μίαν</span> <span class='ocrx_word' id='word_1_722' title='bbox 1452 4520 1643 4573; x_wconf 77' lang='grc' dir='ltr'>οὐσίαν</span> <span class='ocrx_word' id='word_1_723' title='bbox 1686 4520 1783 4573; x_wconf 75' lang='grc' dir='ltr'>καὶ</span> 
     </span>
    </p>
   </div>
   <div class='ocr_carea' id='block_1_95' title="bbox 211 4610 1786 4684">
    <p class='ocr_par' dir='ltr' id='par_1_95' title="bbox 211 4610 1786 4684">
     <span class='ocr_line' id='line_1_95' title="bbox 211 4610 1786 4684; baseline -0.003 -18"><span class='ocrx_word' id='word_1_724' title='bbox 211 4613 379 4682; x_wconf 80' lang='grc' dir='ltr'>φύσιν</span> <span class='ocrx_word' id='word_1_725' title='bbox 399 4612 674 4684; x_wconf 82' lang='grc' dir='ltr'>θεότητος,</span> <span class='ocrx_word' id='word_1_726' title='bbox 695 4615 846 4683; x_wconf 86' lang='grc' dir='ltr'>τρεῖς</span> <span class='ocrx_word' id='word_1_727' title='bbox 872 4611 929 4666; x_wconf 57' lang='grc' dir='ltr'><strong>ἢ</strong></span> <span class='ocrx_word' id='word_1_728' title='bbox 972 4611 1181 4675; x_wconf 87' lang='grc' dir='ltr'>τελείας</span> <span class='ocrx_word' id='word_1_729' title='bbox 1209 4612 1308 4674; x_wconf 75' lang='grc' dir='ltr'><strong>τὰς</strong></span> <span class='ocrx_word' id='word_1_730' title='bbox 1348 4610 1675 4673; x_wconf 73' lang='grc' dir='ltr'>ὑποστάσεις</span> <span class='ocrx_word' id='word_1_731' title='bbox 1704 4610 1786 4663; x_wconf 82' lang='grc' dir='ltr'>σέ-</span> 
     </span>
    </p>
   </div>
   <div class='ocr_carea' id='block_1_96' title="bbox 210 4701 1784 4777">
    <p class='ocr_par' dir='ltr' id='par_1_96' title="bbox 210 4701 1784 4777">
     <span class='ocr_line' id='line_1_96' title="bbox 210 4701 1784 4777; baseline -0.003 -18"><span class='ocrx_word' id='word_1_732' title='bbox 210 4705 424 4776; x_wconf 78' lang='grc' dir='ltr'>ϐομεν,</span> <span class='ocrx_word' id='word_1_733' title='bbox 462 4704 733 4777; x_wconf 84' lang='grc' dir='ltr'>μηδεμίαν</span> <span class='ocrx_word' id='word_1_734' title='bbox 786 4704 958 4768; x_wconf 78' lang='grc' dir='ltr'>αὑτὰς</span> <span class='ocrx_word' id='word_1_735' title='bbox 1010 4703 1147 4774; x_wconf 83' lang='grc' dir='ltr'>πρὸς</span> <span class='ocrx_word' id='word_1_736' title='bbox 1191 4702 1427 4774; x_wconf 79' lang='grc' dir='ltr'>ἀλλήλας</span> <span class='ocrx_word' id='word_1_737' title='bbox 1482 4701 1784 4770; x_wconf 78' lang='grc' dir='ltr'>κεκτῆσθαι</span> 
     </span>
    </p>
   </div>
   <div class='ocr_carea' id='block_1_97' title="bbox 208 4792 1784 4866">
    <p class='ocr_par' dir='ltr' id='par_1_97' title="bbox 208 4792 1784 4866">
     <span class='ocr_line' id='line_1_97' title="bbox 208 4792 1784 4866; baseline -0.004 -17"><span class='ocrx_word' id='word_1_738' title='bbox 208 4795 476 4865; x_wconf 80' lang='grc' dir='ltr'>οιαφορὰν</span> <span class='ocrx_word' id='word_1_739' title='bbox 498 4794 888 4866; x_wconf 81' lang='grc' dir='ltr'>ὁμολογοῦντες</span> <span class='ocrx_word' id='word_1_740' title='bbox 909 4810 924 4826; x_wconf 72' lang='grc'><strong><em>⁸</em></strong></span> <span class='ocrx_word' id='word_1_741' title='bbox 960 4793 1139 4857; x_wconf 84' lang='grc' dir='ltr'>πάσας</span> <span class='ocrx_word' id='word_1_742' title='bbox 1168 4792 1224 4846; x_wconf 81' lang='grc' dir='ltr'>δὲ</span> <span class='ocrx_word' id='word_1_743' title='bbox 1259 4792 1454 4856; x_wconf 84' lang='grc' dir='ltr'>κοινῶς</span> <span class='ocrx_word' id='word_1_744' title='bbox 1471 4831 1489 4857; x_wconf 91' lang='grc'><strong>,</strong></span> <span class='ocrx_word' id='word_1_745' title='bbox 1518 4792 1611 4847; x_wconf 81' lang='grc' dir='ltr'>καὶ</span> <span class='ocrx_word' id='word_1_746' title='bbox 1651 4807 1784 4844; x_wconf 81' lang='grc' dir='ltr'>ταυ-</span> 
     </span>
    </p>
   </div>
   <div class='ocr_carea' id='block_1_98' title="bbox 206 4882 1787 4957">
    <p class='ocr_par' dir='ltr' id='par_1_98' title="bbox 206 4882 1787 4957">
     <span class='ocr_line' id='line_1_98' title="bbox 206 4882 1787 4957; baseline -0.004 -16"><span class='ocrx_word' id='word_1_747' title='bbox 206 4888 346 4950; x_wconf 75' lang='grc' dir='ltr'>τῶς,</span> <span class='ocrx_word' id='word_1_748' title='bbox 375 4887 466 4941; x_wconf 75' lang='grc' dir='ltr'>καὶ</span> <span class='ocrx_word' id='word_1_749' title='bbox 493 4885 699 4951; x_wconf 83' lang='grc' dir='ltr'>ἁπλῶς,</span> <span class='ocrx_word' id='word_1_750' title='bbox 727 4886 822 4941; x_wconf 74' lang='grc' dir='ltr'>καὶ</span> <span class='ocrx_word' id='word_1_751' title='bbox 853 4885 1097 4957; x_wconf 85' lang='grc' dir='ltr'>ἀμερῶς,</span> <span class='ocrx_word' id='word_1_752' title='bbox 1124 4885 1219 4939; x_wconf 77' lang='grc' dir='ltr'>καὶ</span> <span class='ocrx_word' id='word_1_753' title='bbox 1248 4884 1443 4948; x_wconf 86' lang='grc' dir='ltr'>όλικῶς</span> <span class='ocrx_word' id='word_1_754' title='bbox 1471 4885 1568 4947; x_wconf 86' lang='grc' dir='ltr'><strong>τὰς</strong></span> <span class='ocrx_word' id='word_1_755' title='bbox 1588 4882 1787 4937; x_wconf 89' lang='grc' dir='ltr'>θεωνυ-</span> 
     </span>
    </p>
   </div>
   <div class='ocr_carea' id='block_1_99' title="bbox 211 4974 1785 5049">
    <p class='ocr_par' dir='ltr' id='par_1_99' title="bbox 211 4974 1785 5049">
     <span class='ocr_line' id='line_1_99' title="bbox 211 4974 1785 5049; baseline -0.004 -17"><span class='ocrx_word' id='word_1_756' title='bbox 211 4978 352 5049; x_wconf 82' lang='grc' dir='ltr'>μίας</span> <span class='ocrx_word' id='word_1_757' title='bbox 384 4978 476 5031; x_wconf 71' lang='grc' dir='ltr'><strong>ἐπὶ</strong></span> <span class='ocrx_word' id='word_1_758' title='bbox 513 4977 693 5047; x_wconf 87' lang='grc' dir='ltr'>πάσης</span> <span class='ocrx_word' id='word_1_759' title='bbox 739 4976 838 5047; x_wconf 86' lang='grc' dir='ltr'>τῆς</span> <span class='ocrx_word' id='word_1_760' title='bbox 872 4976 1127 5046; x_wconf 88' lang='grc' dir='ltr'>θεότητος</span> <span class='ocrx_word' id='word_1_761' title='bbox 1176 4974 1592 5045; x_wconf 78' lang='grc' dir='ltr'>ὲκλαμὸάνομεν</span> <span class='ocrx_word' id='word_1_762' title='bbox 1616 5013 1631 5037; x_wconf 92' lang='grc'><strong>,</strong></span> <span class='ocrx_word' id='word_1_763' title='bbox 1667 4974 1785 5044; x_wconf 72' lang='grc' dir='ltr'>ἦτοι</span> 
     </span>
    </p>
   </div>
   <div class='ocr_carea' id='block_1_100' title="bbox 202 5058 1783 5139">
    <p class='ocr_par' dir='ltr' id='par_1_100' title="bbox 202 5058 1783 5139">
     <span class='ocr_line' id='line_1_100' title="bbox 202 5058 1783 5139; baseline -0.004 -17"><span class='ocrx_word' id='word_1_764' title='bbox 202 5069 325 5123; x_wconf 82' lang='grc' dir='ltr'><strong>τῶν</strong></span> <span class='ocrx_word' id='word_1_765' title='bbox 357 5067 525 5139; x_wconf 85' lang='grc' dir='ltr'>τριῶν</span> <span class='ocrx_word' id='word_1_766' title='bbox 557 5058 928 5123; x_wconf 70' lang='grc' dir='ltr'>ὑποστάσεων’</span> <span class='ocrx_word' id='word_1_767' title='bbox 952 5067 1052 5137; x_wconf 87' lang='grc' dir='ltr'>τὴν</span> <span class='ocrx_word' id='word_1_768' title='bbox 1101 5065 1309 5130; x_wconf 80' lang='grc' dir='ltr'>οὐσίαν,</span> <span class='ocrx_word' id='word_1_769' title='bbox 1339 5066 1449 5119; x_wconf 78' lang='grc' dir='ltr'>εἴτε</span> <span class='ocrx_word' id='word_1_770' title='bbox 1474 5061 1566 5119; x_wconf 74' lang='grc' dir='ltr'>ὤν</span> <span class='ocrx_word' id='word_1_771' title='bbox 1600 5064 1783 5133; x_wconf 82' lang='grc' dir='ltr'>φύσιν,</span> 
     </span>
    </p>
   </div>
   <div class='ocr_carea' id='block_1_101' title="bbox 202 5153 1783 5231">
    <p class='ocr_par' dir='ltr' id='par_1_101' title="bbox 202 5153 1783 5231">
     <span class='ocr_line' id='line_1_101' title="bbox 202 5153 1783 5231; baseline -0.005 -18"><span class='ocrx_word' id='word_1_772' title='bbox 202 5158 315 5230; x_wconf 75' lang='grc' dir='ltr'>τὴν</span> <span class='ocrx_word' id='word_1_773' title='bbox 366 5159 684 5231; x_wconf 81' lang='grc' dir='ltr'>κυριότητα,</span> <span class='ocrx_word' id='word_1_774' title='bbox 719 5160 813 5215; x_wconf 76' lang='grc' dir='ltr'>καὶ</span> <span class='ocrx_word' id='word_1_775' title='bbox 860 5158 961 5229; x_wconf 72' lang='grc' dir='ltr'>τὴν</span> <span class='ocrx_word' id='word_1_776' title='bbox 1012 5155 1306 5227; x_wconf 77' lang='grc' dir='ltr'>ἀγιότητα,</span> <span class='ocrx_word' id='word_1_777' title='bbox 1336 5156 1434 5226; x_wconf 77' lang='grc' dir='ltr'>τὴν</span> <span class='ocrx_word' id='word_1_778' title='bbox 1484 5153 1783 5226; x_wconf 84' lang='grc' dir='ltr'>βασιλείαν,</span> 
     </span>
    </p>
   </div>
   <div class='ocr_carea' id='block_1_102' title="bbox 201 5243 1788 5322">
    <p class='ocr_par' dir='ltr' id='par_1_102' title="bbox 201 5243 1788 5322">
     <span class='ocr_line' id='line_1_102' title="bbox 201 5243 1788 5322; baseline -0.004 -18"><span class='ocrx_word' id='word_1_779' title='bbox 201 5251 315 5320; x_wconf 74' lang='grc' dir='ltr'>τὴν</span> <span class='ocrx_word' id='word_1_780' title='bbox 372 5249 621 5322; x_wconf 82' lang='grc' dir='ltr'>δύναμιν,</span> <span class='ocrx_word' id='word_1_781' title='bbox 651 5250 751 5321; x_wconf 81' lang='grc' dir='ltr'><strong>τὴν</strong></span> <span class='ocrx_word' id='word_1_782' title='bbox 806 5248 1087 5320; x_wconf 74' lang='grc' dir='ltr'>ἐνέργειαν</span> <span class='ocrx_word' id='word_1_783' title='bbox 1111 5286 1127 5313; x_wconf 91' lang='grc'><strong>,</strong></span> <span class='ocrx_word' id='word_1_784' title='bbox 1160 5245 1259 5317; x_wconf 74' lang='grc' dir='ltr'>τὴν</span> <span class='ocrx_word' id='word_1_785' title='bbox 1307 5244 1542 5315; x_wconf 77' lang='grc' dir='ltr'>θέλησιν,</span> <span class='ocrx_word' id='word_1_786' title='bbox 1577 5243 1674 5316; x_wconf 82' lang='grc' dir='ltr'>τὴν</span> <span class='ocrx_word' id='word_1_787' title='bbox 1701 5245 1788 5312; x_wconf 69' lang='grc' dir='ltr'><strong>ἐξ·</strong></span> 
     </span>
    </p>
   </div>
   <div class='ocr_carea' id='block_1_103' title="bbox 203 5335 1789 5413">
    <p class='ocr_par' dir='ltr' id='par_1_103' title="bbox 203 5335 1789 5413">
     <span class='ocr_line' id='line_1_103' title="bbox 203 5335 1789 5413; baseline -0.002 -19"><span class='ocrx_word' id='word_1_788' title='bbox 203 5340 404 5396; x_wconf 81' lang='grc' dir='ltr'>ουσίαν</span> <span class='ocrx_word' id='word_1_789' title='bbox 428 5357 442 5372; x_wconf 75' lang='grc' dir='ltr'><strong>ο</strong></span> <span class='ocrx_word' id='word_1_790' title='bbox 474 5340 902 5413; x_wconf 84' lang='grc' dir='ltr'>διακεκριμένως</span> <span class='ocrx_word' id='word_1_791' title='bbox 919 5339 976 5394; x_wconf 82' lang='grc' dir='ltr'>δὲ</span> <span class='ocrx_word' id='word_1_792' title='bbox 1004 5338 1066 5393; x_wconf 80' lang='grc' dir='ltr'>τὸ</span> <span class='ocrx_word' id='word_1_793' title='bbox 1094 5335 1318 5407; x_wconf 75' lang='grc' dir='ltr'>Πατὴρ,</span> <span class='ocrx_word' id='word_1_794' title='bbox 1343 5336 1403 5391; x_wconf 80' lang='grc' dir='ltr'>τὸ</span> <span class='ocrx_word' id='word_1_795' title='bbox 1434 5336 1588 5405; x_wconf 74' lang='grc' dir='ltr'>Υἱὸς,</span> <span class='ocrx_word' id='word_1_796' title='bbox 1618 5337 1711 5391; x_wconf 82' lang='grc' dir='ltr'>καὶ</span> <span class='ocrx_word' id='word_1_797' title='bbox 1728 5338 1789 5391; x_wconf 86' lang='grc' dir='ltr'>τὸ</span> 
     </span>
    </p>
   </div>
   <div class='ocr_carea' id='block_1_104' title="bbox 1887 4426 3457 4501">
    <p class='ocr_par' dir='ltr' id='par_1_104' title="bbox 1887 4426 3457 4501">
     <span class='ocr_line' id='line_1_104' title="bbox 1887 4426 3457 4501; baseline 0.004 -18"><span class='ocrx_word' id='word_1_798' title='bbox 1887 4428 2033 4483; x_wconf 82' lang='lat' dir='ltr'><strong>enim</strong></span> <span class='ocrx_word' id='word_1_799' title='bbox 2078 4427 2173 4496; x_wconf 85' lang='lat' dir='ltr'><strong>qui</strong></span> <span class='ocrx_word' id='word_1_800' title='bbox 2210 4426 2268 4481; x_wconf 92' lang='lat' dir='ltr'><strong>in</strong></span> <span class='ocrx_word' id='word_1_801' title='bbox 2304 4432 2467 4497; x_wconf 83' lang='lat' dir='ltr'><strong>portu</strong></span> <span class='ocrx_word' id='word_1_802' title='bbox 2501 4426 2735 4483; x_wconf 69' lang='lat' dir='ltr'><strong>sincera:</strong></span> <span class='ocrx_word' id='word_1_803' title='bbox 2785 4428 3008 4496; x_wconf 82' lang='lat' dir='ltr'><strong>pietatis</strong></span> <span class='ocrx_word' id='word_1_804' title='bbox 3055 4447 3360 4501; x_wconf 79' lang='lat' dir='ltr'><strong>versamur,</strong></span> <span class='ocrx_word' id='word_1_805' title='bbox 3398 4443 3457 4490; x_wconf 86' lang='lat' dir='ltr'><strong>et</strong></span> 
     </span>
    </p>
   </div>
   <div class='ocr_carea' id='block_1_105' title="bbox 1888 4516 3458 4587">
    <p class='ocr_par' dir='ltr' id='par_1_105' title="bbox 1888 4516 3458 4587">
     <span class='ocr_line' id='line_1_105' title="bbox 1888 4516 3458 4587; baseline 0.01 -20"><span class='ocrx_word' id='word_1_806' title='bbox 1888 4518 2135 4587; x_wconf 66' lang='lat' dir='ltr'><strong>dispulsa</strong></span> <span class='ocrx_word' id='word_1_807' title='bbox 2163 4532 2258 4587; x_wconf 81' lang='lat' dir='ltr'><strong>per</strong></span> <span class='ocrx_word' id='word_1_808' title='bbox 2293 4516 2532 4586; x_wconf 89' lang='lat' dir='ltr'><strong>Spiritus</strong></span> <span class='ocrx_word' id='word_1_809' title='bbox 2562 4518 2735 4574; x_wconf 86' lang='lat' dir='ltr'><strong>sancti</strong></span> <span class='ocrx_word' id='word_1_810' title='bbox 2764 4518 2978 4575; x_wconf 70' lang='lat' dir='ltr'><strong>albatus</strong></span> <span class='ocrx_word' id='word_1_811' title='bbox 3002 4524 3151 4576; x_wconf 80' lang='lat' dir='ltr'><strong>omni</strong></span> <span class='ocrx_word' id='word_1_812' title='bbox 3190 4524 3458 4583; x_wconf 70' lang='lat' dir='ltr'><strong>haeretica:</strong></span> 
     </span>
    </p>
   </div>
   <div class='ocr_carea' id='block_1_106' title="bbox 1890 4607 3459 4682">
    <p class='ocr_par' dir='ltr' id='par_1_106' title="bbox 1890 4607 3459 4682">
     <span class='ocr_line' id='line_1_106' title="bbox 1890 4607 3459 4682; baseline 0.006 -22"><span class='ocrx_word' id='word_1_813' title='bbox 1890 4608 2152 4676; x_wconf 74' lang='lat' dir='ltr'><strong>nequitia</strong></span> <span class='ocrx_word' id='word_1_814' title='bbox 2180 4607 2446 4676; x_wconf 79' lang='lat' dir='ltr'><strong>procella,</strong></span> <span class='ocrx_word' id='word_1_815' title='bbox 2482 4607 2538 4663; x_wconf 89' lang='lat' dir='ltr'><strong>in</strong></span> <span class='ocrx_word' id='word_1_816' title='bbox 2584 4617 2776 4665; x_wconf 72' lang='lat' dir='ltr'><strong>sancta</strong></span> <span class='ocrx_word' id='word_1_817' title='bbox 2809 4618 2863 4666; x_wconf 87' lang='lat' dir='ltr'><strong>et</strong></span> <span class='ocrx_word' id='word_1_818' title='bbox 2898 4626 3231 4682; x_wconf 77' lang='lat' dir='ltr'><strong>supraqnam</strong></span> <span class='ocrx_word' id='word_1_819' title='bbox 3266 4613 3459 4669; x_wconf 79' lang='lat' dir='ltr'><strong>lauda-</strong></span> 
     </span>
    </p>
   </div>
   <div class='ocr_carea' id='block_1_107' title="bbox 1893 4696 3459 4773">
    <p class='ocr_par' dir='ltr' id='par_1_107' title="bbox 1893 4696 3459 4773">
     <span class='ocr_line' id='line_1_107' title="bbox 1893 4696 3459 4773; baseline 0.003 -19"><span class='ocrx_word' id='word_1_820' title='bbox 1893 4697 1996 4754; x_wconf 81' lang='lat' dir='ltr'><strong>bili</strong></span> <span class='ocrx_word' id='word_1_821' title='bbox 2017 4696 2294 4754; x_wconf 78' lang='lat' dir='ltr'><strong>Trinitate</strong></span> <span class='ocrx_word' id='word_1_822' title='bbox 2313 4698 2685 4754; x_wconf 81' lang='lat' dir='ltr'><strong>substantiam</strong></span> <span class='ocrx_word' id='word_1_823' title='bbox 2717 4715 2881 4755; x_wconf 82' lang='lat' dir='ltr'><strong>unam</strong></span> <span class='ocrx_word' id='word_1_824' title='bbox 2919 4709 3290 4773; x_wconf 83' lang='lat' dir='ltr'><strong>naturamque</strong></span> <span class='ocrx_word' id='word_1_825' title='bbox 3319 4705 3459 4760; x_wconf 81' lang='lat' dir='ltr'><strong>divi-</strong></span> 
     </span>
    </p>
   </div>
   <div class='ocr_carea' id='block_1_108' title="bbox 1892 4789 3457 4864">
    <p class='ocr_par' dir='ltr' id='par_1_108' title="bbox 1892 4789 3457 4864">
     <span class='ocr_line' id='line_1_108' title="bbox 1892 4789 3457 4864; baseline 0.004 -18"><span class='ocrx_word' id='word_1_826' title='bbox 1892 4790 2107 4855; x_wconf 81' lang='lat' dir='ltr'><strong>nitatis,</strong></span> <span class='ocrx_word' id='word_1_827' title='bbox 2160 4798 2277 4845; x_wconf 82' lang='lat' dir='ltr'><strong>tres</strong></span> <span class='ocrx_word' id='word_1_828' title='bbox 2320 4789 2449 4845; x_wconf 84' lang='lat' dir='ltr'><strong>item</strong></span> <span class='ocrx_word' id='word_1_829' title='bbox 2505 4790 2785 4861; x_wconf 70' lang='lat' dir='ltr'><strong>perfectas</strong></span> <span class='ocrx_word' id='word_1_830' title='bbox 2824 4793 3153 4864; x_wconf 75' lang='lat' dir='ltr'><strong>hypostaaes</strong></span> <span class='ocrx_word' id='word_1_831' title='bbox 3200 4795 3457 4862; x_wconf 83' lang='lat' dir='ltr'><strong>colimus,</strong></span> 
     </span>
    </p>
   </div>
   <div class='ocr_carea' id='block_1_109' title="bbox 1894 4880 3459 4943">
    <p class='ocr_par' dir='ltr' id='par_1_109' title="bbox 1894 4880 3459 4943">
     <span class='ocr_line' id='line_1_109' title="bbox 1894 4880 3459 4943; baseline 0.005 -8"><span class='ocrx_word' id='word_1_832' title='bbox 1894 4880 2100 4935; x_wconf 79' lang='lat' dir='ltr'><strong>nullam</strong></span> <span class='ocrx_word' id='word_1_833' title='bbox 2153 4894 2252 4935; x_wconf 73' lang='lat' dir='ltr'><strong>eoa</strong></span> <span class='ocrx_word' id='word_1_834' title='bbox 2306 4880 2451 4935; x_wconf 84' lang='lat' dir='ltr'><strong>inter</strong></span> <span class='ocrx_word' id='word_1_835' title='bbox 2506 4896 2569 4937; x_wconf 83' lang='lat' dir='ltr'><strong>se</strong></span> <span class='ocrx_word' id='word_1_836' title='bbox 2614 4882 2983 4939; x_wconf 61' lang='lat' dir='ltr'><strong>didere-tiam</strong></span> <span class='ocrx_word' id='word_1_837' title='bbox 3040 4885 3459 4943; x_wconf 69' lang='lat' dir='ltr'><strong>stihstantialem</strong></span> 
     </span>
    </p>
   </div>
   <div class='ocr_carea' id='block_1_110' title="bbox 1896 4969 3459 5039">
    <p class='ocr_par' dir='ltr' id='par_1_110' title="bbox 1896 4969 3459 5039">
     <span class='ocr_line' id='line_1_110' title="bbox 1896 4969 3459 5039; baseline 0.006 -14"><span class='ocrx_word' id='word_1_838' title='bbox 1896 4970 2100 5027; x_wconf 85' lang='lat' dir='ltr'><strong>habere</strong></span> <span class='ocrx_word' id='word_1_839' title='bbox 2151 4969 2521 5039; x_wconf 77' lang='lat' dir='ltr'><strong>conﬁtentes;</strong></span> <span class='ocrx_word' id='word_1_840' title='bbox 2582 4975 2681 5031; x_wconf 80' lang='lat' dir='ltr'><strong>sed</strong></span> <span class='ocrx_word' id='word_1_841' title='bbox 2737 4976 2922 5030; x_wconf 67' lang='lat' dir='ltr'><strong>unnia</strong></span> <span class='ocrx_word' id='word_1_842' title='bbox 2979 4976 3163 5031; x_wconf 77' lang='lat' dir='ltr'><strong>divina</strong></span> <span class='ocrx_word' id='word_1_843' title='bbox 3234 4980 3459 5036; x_wconf 85' lang='lat' dir='ltr'><strong>nomina</strong></span> 
     </span>
    </p>
   </div>
   <div class='ocr_carea' id='block_1_111' title="bbox 1893 5061 3457 5139">
    <p class='ocr_par' dir='ltr' id='par_1_111' title="bbox 1893 5061 3457 5139">
     <span class='ocr_line' id='line_1_111' title="bbox 1893 5061 3457 5139; baseline 0.006 -22"><span class='ocrx_word' id='word_1_844' title='bbox 1893 5061 2280 5125; x_wconf 86' lang='lat' dir='ltr'><strong>communiter,</strong></span> <span class='ocrx_word' id='word_1_845' title='bbox 2309 5070 2360 5117; x_wconf 88' lang='lat' dir='ltr'><strong>et</strong></span> <span class='ocrx_word' id='word_1_846' title='bbox 2378 5063 2879 5137; x_wconf 75' lang='lat' dir='ltr'><strong>unite.eodemque</strong></span> <span class='ocrx_word' id='word_1_847' title='bbox 2907 5068 3088 5133; x_wconf 83' lang='lat' dir='ltr'><strong>modo,</strong></span> <span class='ocrx_word' id='word_1_848' title='bbox 3108 5070 3457 5139; x_wconf 80' lang='lat' dir='ltr'><strong>simpliciter,</strong></span> 
     </span>
    </p>
   </div>
   <div class='ocr_carea' id='block_1_112' title="bbox 1895 5153 3458 5231">
    <p class='ocr_par' dir='ltr' id='par_1_112' title="bbox 1895 5153 3458 5231">
     <span class='ocr_line' id='line_1_112' title="bbox 1895 5153 3458 5231; baseline 0.004 -22"><span class='ocrx_word' id='word_1_849' title='bbox 1895 5153 2199 5216; x_wconf 89' lang='lat' dir='ltr'><strong>indivisim,</strong></span> <span class='ocrx_word' id='word_1_850' title='bbox 2245 5162 2300 5207; x_wconf 89' lang='lat' dir='ltr'><strong>et</strong></span> <span class='ocrx_word' id='word_1_851' title='bbox 2332 5154 2633 5211; x_wconf 64' lang='lat' dir='ltr'><strong>universus</strong></span> <span class='ocrx_word' id='word_1_852' title='bbox 2661 5157 2733 5214; x_wconf 79' lang='lat' dir='ltr'><strong>de</strong></span> <span class='ocrx_word' id='word_1_853' title='bbox 2760 5166 2875 5212; x_wconf 75' lang='lat' dir='ltr'><strong>tota</strong></span> <span class='ocrx_word' id='word_1_854' title='bbox 2909 5159 3202 5215; x_wconf 69' lang='lat' dir='ltr'><strong>divinitate</strong></span> <span class='ocrx_word' id='word_1_855' title='bbox 3246 5162 3458 5231; x_wconf 78' lang='lat' dir='ltr'><strong>accipi-</strong></span> 
     </span>
    </p>
   </div>
   <div class='ocr_carea' id='block_1_113' title="bbox 1894 5243 3460 5321">
    <p class='ocr_par' dir='ltr' id='par_1_113' title="bbox 1894 5243 3460 5321">
     <span class='ocr_line' id='line_1_113' title="bbox 1894 5243 3460 5321; baseline 0.004 -21"><span class='ocrx_word' id='word_1_856' title='bbox 1894 5260 2046 5311; x_wconf 78' lang='lat' dir='ltr'><strong>mus;</strong></span> <span class='ocrx_word' id='word_1_857' title='bbox 2083 5243 2451 5300; x_wconf 75' lang='lat' dir='ltr'><strong>substantiam</strong></span> <span class='ocrx_word' id='word_1_858' title='bbox 2480 5254 2634 5316; x_wconf 85' lang='lat' dir='ltr'><strong>puta,</strong></span> <span class='ocrx_word' id='word_1_859' title='bbox 2670 5262 2771 5305; x_wconf 78' lang='lat' dir='ltr'><strong>seu</strong></span> <span class='ocrx_word' id='word_1_860' title='bbox 2813 5258 3088 5315; x_wconf 76' lang='lat' dir='ltr'><strong>naturam,</strong></span> <span class='ocrx_word' id='word_1_861' title='bbox 3124 5252 3289 5307; x_wconf 82' lang='lat' dir='ltr'><strong>trium</strong></span> <span class='ocrx_word' id='word_1_862' title='bbox 3334 5266 3460 5321; x_wconf 80' lang='lat' dir='ltr'><strong>per-</strong></span> 
     </span>
    </p>
   </div>
   <div class='ocr_carea' id='block_1_114' title="bbox 1896 5336 3458 5417">
    <p class='ocr_par' dir='ltr' id='par_1_114' title="bbox 1896 5336 3458 5417">
     <span class='ocr_line' id='line_1_114' title="bbox 1896 5336 3458 5417; baseline 0.003 -23"><span class='ocrx_word' id='word_1_863' title='bbox 1896 5351 2187 5403; x_wconf 78' lang='lat' dir='ltr'><strong>sonarum,</strong></span> <span class='ocrx_word' id='word_1_864' title='bbox 2215 5336 2642 5397; x_wconf 80' lang='lat' dir='ltr'><strong>dominationem</strong></span> <span class='ocrx_word' id='word_1_865' title='bbox 2665 5381 2681 5410; x_wconf 92' lang='lat'><strong>,</strong></span> <span class='ocrx_word' id='word_1_866' title='bbox 2712 5349 2767 5398; x_wconf 81' lang='lat' dir='ltr'><strong>et</strong></span> <span class='ocrx_word' id='word_1_867' title='bbox 2798 5344 3172 5412; x_wconf 77' lang='lat' dir='ltr'><strong>sanctitatem,</strong></span> <span class='ocrx_word' id='word_1_868' title='bbox 3206 5339 3458 5417; x_wconf 59' lang='lat' dir='ltr'><strong>mnum,</strong></span> 
     </span>
    </p>
   </div>
   <div class='ocr_carea' id='block_1_115' title="bbox 1489 5490 2166 5552">
    <p class='ocr_par' dir='ltr' id='par_1_115' title="bbox 1489 5490 2166 5552">
     <span class='ocr_line' id='line_1_115' title="bbox 1489 5490 2166 5552; baseline 0.01 -7"><span class='ocrx_word' id='word_1_869' title='bbox 1489 5490 1725 5547; x_wconf 74' lang='lat' dir='ltr'><strong>VARUE</strong></span> <span class='ocrx_word' id='word_1_870' title='bbox 1764 5492 2166 5552; x_wconf 83' lang='lat' dir='ltr'><strong>LECTIONES.</strong></span> 
     </span>
    </p>
   </div>
   <div class='ocr_carea' id='block_1_116' title="bbox 294 5602 2384 5680">
    <p class='ocr_par' dir='ltr' id='par_1_116' title="bbox 294 5602 2384 5680">
     <span class='ocr_line' id='line_1_116' title="bbox 294 5602 2384 5680; baseline -0.001 -18"><span class='ocrx_word' id='word_1_871' title='bbox 294 5611 319 5638; x_wconf 74' lang='grc' dir='ltr'>η</span> <span class='ocrx_word' id='word_1_872' title='bbox 353 5610 622 5666; x_wconf 86' lang='lat' dir='ltr'><strong>Arabicus</strong></span> <span class='ocrx_word' id='word_1_873' title='bbox 657 5610 853 5680; x_wconf 75' lang='lat' dir='ltr'><strong>legisse</strong></span> <span class='ocrx_word' id='word_1_874' title='bbox 880 5609 1096 5663; x_wconf 84' lang='lat' dir='ltr'><strong>videtur</strong></span> <span class='ocrx_word' id='word_1_875' title='bbox 1118 5651 1132 5676; x_wconf 95' lang='lat'><strong>,</strong></span> <span class='ocrx_word' id='word_1_876' title='bbox 1175 5614 1233 5662; x_wconf 90' lang='lat' dir='ltr'><strong>ut</strong></span> <span class='ocrx_word' id='word_1_877' title='bbox 1279 5602 1590 5661; x_wconf 86' lang='lat' dir='ltr'><strong>Turrianus</strong></span> <span class='ocrx_word' id='word_1_878' title='bbox 1613 5643 1629 5671; x_wconf 86' lang='lat'><strong>,</strong></span> <span class='ocrx_word' id='word_1_879' title='bbox 1674 5606 2086 5679; x_wconf 72' lang='grc' dir='ltr'>ἀποκλήρωσις,</span> <span class='ocrx_word' id='word_1_880' title='bbox 2150 5606 2384 5662; x_wconf 71' lang='lat' dir='ltr'><strong>sortitio.</strong></span> 
     </span>
    </p>
   </div>
  </div>
