3930 6206
270 275 407 343 1481

1516 245 1815 329 CONTRA
1847 259 2267 326 JACODITAS.

3376 250 3513 318 1582

263 394 298 464 ἡ
321 393 432 446 τῶν
465 390 799 459 θεοσημειῶν
828 385 1075 456 δύναμις,
1103 385 1202 455 τὴν
1238 383 1392 437 θείαν
1424 381 1589 435 αὑτοῦ
1619 382 1832 449 ἀνακη-

1945 370 2362 445 op'ératioa‘em;
2428 388 2646 428 onmem
2712 368 2843 426 item
2899 372 3084 428 carnis
3141 374 3512 430 substantiam

264 481 452 553 ρύττει
481 479 643 548 φύσιν
665 493 723 529 τε
758 476 850 528 καὶ
880 475 1183 544 ἐνέργειαν.

1946 466 2147 539 gerens
2187 460 2340 521 nulla
2388 455 2544 535 parte
2588 465 2938 529 destitutam,
2978 466 3243 530 animam,
3290 480 3517 536 corpus,

184 634 187 635 ν
258 578 511 635 sensum,
562 586 659 628 seu
688 579 973 645 lmentem,
1005 580 1311 637 eorumque
1371 561 1665 626 naturalia,
1705 560 2047 630 adectusque
2084 567 2140 614 et
2209 558 2575 628 proprietates
2639 556 2967 626 iuculpatas,
3025 558 3281 613 liberanr
3319 561 3517 615 volun-

259 664 429 722 tatem
501 666 557 720 et
619 663 913 727 aetiouem,
965 662 1189 724 famem,
1238 658 1411 722 sitim,
1483 657 1777 727 lacrymas,
1812 666 2127 716 maerorem,
2180 662 2472 722 angorem:
2519 660 2774 706 mortem.
2829 649 2920 704 Ait
2964 649 3173 721 quippe
3224 651 3515 711 Thomas:

268 767 287 813 ι
323 760 589 816 Dominus
637 760 794 814 meus
838 766 893 813 et
949 757 1094 814 Deus
1140 771 1293 812 Ineus
1324 755 1393 810 ".
1431 752 1548 806 i'Et
1581 770 1594 807 :
1640 771 1658 803 ι
1695 751 1836 805 Deus
1872 759 1993 805 erat
2022 745 2284 811 Verbum,
2312 753 2361 800 et
2390 744 2631 800 Verbum
2662 742 2792 799 caro
2821 740 3026 796 factum
3053 742 3206 807 est“,
3240 762 3259 795 ι
3298 743 3437 799 dixit
3463 744 3520 800 in
3562 822 3565 825 γ

261 848 471 926 Spiritu
520 836 833 923 Theologus
861 894 875 907 .
924 852 1037 907 Et:
1116 871 1133 903 ι
1172 848 1230 904 1η
1276 848 1546 920 principio
1608 855 1727 901 erat
1761 841 1832 899 Ve

1944 858 2004 895 am
2047 842 2115 896 ".
2163 860 2180 892 ι
2220 840 2395 896 Item:
2452 858 2472 893 ι
2507 836 2674 907 Volo,
2722 838 2991 892 mundare
3031 837 3099 891 ⁸⁸.
3139 855 3159 890 ι
3230 837 3520 900 Rursum:

265 946 609 1017 «Nunquam
675 945 962 1000 Dominum
1019 943 1206 1014 gloriae
1269 939 1773 996 cruciﬁxissent".
1814 954 1833 988 ι
1903 931 2030 989 ΗίΒο
2081 941 2135 989 et
2187 934 2294 988 alia
2358 927 2652 1004 ejusmodi,
2720 927 3071 1001 potestasque
3131 930 3521 991 miraculorum

258 1037 498 1093 divinam
559 1028 682 1104 ejus
742 1032 995 1088 naturam
1060 1031 1445 1099 actionemque
1485 1028 1805 1100 praedicant.

329 1127 440 1197 πβ’.
474 1121 629 1189 Εἶτα,
667 1142 686 1175 ι
710 1123 988 1190 Ἐξουσίαν
1017 1121 1126 1192 ἔχω
1153 1120 1325 1176 θεῖναι
1354 1120 1453 1192 τὴν
1483 1120 1677 1190 Ψυχὴν
1711 1134 1833 1188 μου,

260 1218 354 1272 ’καὶ
374 1214 622 1283 ἐξουσίαν
653 1214 761 1285 ἔχω
788 1213 948 1266 πάλιν
980 1211 1164 1265 λαϐεῖν
1191 1211 1386 1282 αὐτὴν.
1408 1229 1426 1262 ι
1446 1210 1573 1264 Καί”
1612 1229 1628 1260 ι
1652 1206 1837 1278 Ψηλα-

260 1301 471 1379 φήσατέ
502 1322 591 1376 με,
618 1307 713 1359 καὶ
737 1305 989 1369 ἷδετε,ὅτι
1006 1302 1226 1373 πνεῦμα
1246 1303 1422 1372 σάρκα
1442 1299 1533 1354 καὶ
1549 1299 1712 1353 ὀστέα
1736 1298 1838 1351 οὐκ

260 1396 396 1467 ἔχει,
429 1394 610 1457 καθὼς
635 1394 734 1465 ἐμὲ
764 1394 1025 1465 Θεωρεῖτε
1057 1392 1271 1463 ἔχοντα.
1299 1402 1319 1445 δ
1349 1391 1456 1444 Καί
1480 1405 1493 1420 “
1528 1409 1546 1443 ι
1566 1389 1756 1461 Ἡμεῖς
1777 1388 1834 1442 δὲ

262 1488 387 1541 νοῦν
418 1486 658 1557 Χριστοῦ
687 1485 905 1556 ἔχομεν.
946 1503 965 1536 ι
998 1485 1129 1551 Καὶ,
1166 1501 1185 1535 ι
1222 1478 1497 1537 Εἰσελθὼν
1524 1482 1605 1546 εἰς
1633 1481 1830 1544 οἰκίαν,

259 1577 524 1647 ἠθέλησεν
553 1574 642 1628 ἵνα
677 1575 751 1645 μή
778 1590 862 1637 τις
894 1572 1028 1644 γνῷ,
1053 1572 1149 1626 καὶ
1170 1571 1271 1626 οὐκ
1300 1571 1542 1643 ἠδυνήθη
1561 1571 1764 1625 λαθεῖν.
1809 1590 1826 1622 ι

260 1644 482 1739 Καίπερ
504 1706 519 1731 ,
553 1680 570 1718 ι
595 1668 687 1737 Μὴ
716 1664 847 1735 ἐμὸν
880 1664 1120 1733 γενέσθω
1150 1664 1384 1736 θέλημα,
1403 1664 1539 1718 ἀλλὰ
1570 1664 1630 1717 τὸ
1665 1664 1777 1717 σόν.
1805 1683 1824 1717 ι
1865 1644 1908 1703 Β

259 1760 368 1814 Kal.
391 1761 425 1830 ή
465 1757 659 1821 κλάσις
708 1756 764 1810 δὲ
806 1756 917 1810 τῶν
970 1756 1172 1829 ἄρτων,
1220 1757 1315 1809 καὶ
1340 1757 1374 1826 ἡ
1413 1754 1643 1826 βάδισις,
1674 1755 1767 1807 καὶ
1794 1757 1828 1826 ἠ

257 1852 352 1903 ἐπὶ
385 1849 478 1904 τοῦ
504 1847 741 1919 σταυροῦ
782 1848 890 1903 τῶν
925 1846 1125 1919 χειρῶν
1148 1845 1390 1910 ἐκτασις,
1422 1846 1516 1899 καὶ
1545 1845 1578 1916 ή
1622 1844 1826 1915 νόησις,

256 1942 353 1995 καὶ
379 1944 413 2011 ἡ
441 1940 667 2011 ζωτικὴ,
699 1938 964 2011 τρεπτική
986 1938 1066 2004 τε,
1093 1936 1189 1991 καὶ
1203 1936 1498 2007 αὐξητικὴ,
1518 1936 1611 1990 καὶ
1640 1935 1830 2005 αἰσθη-

258 2032 384 2104 τικὴ
411 2032 640 2103 δύναμις
676 2031 975 2103 παρίστησι
1007 2029 1106 2102 τὴν
1134 2028 1485 2100 ἀνθρωπίνην
1524 2027 1825 2098 ἐνέργειαν.

260 2124 371 2178 Καὶ
391 2124 450 2177 τό
473 2139 485 2153 ’
519 2142 538 2176 ι
578 2124 843 2195 Ὕστερον
868 2121 1144 2175 ἐπείνασε.
1176 2138 1195 2171 ι
1231 2119 1345 2173 Καὶ
1380 2119 1442 2173 τὸ
1469 2118 1562 2171 ἐπὶ
1594 2118 1829 2187 Λαζάρῳ

257 2212 511 2285 δάκρυον,
542 2212 717 2267 καὶτὸ
741 2252 756 2277 ,
786 2231 805 2264 ι
842 2212 1012 2282 Διψῶ.
1051 2230 1069 2265 ι
1105 2211 1251 2265 Καί·
1287 2229 1307 2263 ι
1340 2210 1457 2265 Νῦν
1487 2212 1521 2282 ἡ
1544 2210 1689 2280 ψυχή
1725 2226 1826 2281 μου

259 2306 611 2376 τετάρακται.
655 2324 674 2358 ι
712 2306 843 2369 Καὶ,
881 2324 899 2357 ι
924 2304 1229 2377 Περίλυπός
1262 2306 1378 2374 εἰμι
1398 2304 1503 2367 ἕως
1534 2303 1821 2357 θανάτου.ὶ

261 2398 389 2462 Καὶ,
420 2397 659 2469 Ἤρξατο
684 2396 995 2462 λυπεῖσθαι,
1014 2398 1110 2452 καὶ
1143 2392 1559 2468 ἐπθαμϐεἶσθαι,
1590 2394 1685 2447 καὶ
1704 2393 1830 2464 ἀδη-

263 2488 467 2557 μονεῖν.
502 2489 608 2541 Καὶ
642 2489 815 2562 πέρας
843 2485 906 2537 γι
945 2508 964 2541 ι
1004 2490 1098 2552 Εἰς
1125 2490 1316 2559 χεῖράς
1350 2505 1445 2540 σου
1486 2482 1826 2558 παρατίθημι

264 2577 323 2630 τὸ
343 2577 556 2648 πνεῦμά
588 2595 689 2647 μου
709 2590 723 2610 ⁵
754 2579 851 2631 καὶ
878 2578 1037 2632 τοῦτο
1066 2572 1235 2632 εἰπὼν
1264 2577 1607 2645 ἐξέπνευσεν.
1646 2594 1665 2627 ο
1699 2571 1826 2644 ⁷Λρ’

256 2666 321 2725 οὗ
350 2671 534 2741 σαφῶς
558 2658 749 2741 ῶσπερ
769 2671 837 2724 τὰ
858 2671 1099 2742 πρότερα
1140 2672 1410 2741 μαρτυρεῖ
1434 2669 1532 2739 τὴν
1575 2662 1826 2737 θεόητὰ,

255 2763 399 2818 οὕτω
423 2764 517 2818 καὶ
554 2762 718 2817 ταῦτα
744 2762 843 2833 τὴν
865 2762 1030 2816 ἀύτοῦ
1061 2761 1480 2832 ἀνθρωπότητα,
1516 2761 1609 2814 καὶ
1639 2762 1699 2813 τὸ
1719 2760 1828 2813 τῶν

256 2854 473 2925 φύσεων
505 2854 761 2924 διᾶφορον
806 2853 905 2906 καὶ
943 2851 1291 2922 ἀσύγχυτονς
1351 2851 1474 2914 Πῶς
1501 2850 1610 2921 γὰρ
1655 2848 1829 2903 ταῦτα

257 2944 487 2998 κάκεῖνα
515 2945 608 2998 ἐπὶ
643 2946 772 3015 μιᾶς
803 2942 1127 3015 λεχθήσεται
1159 2942 1406 3013 φύάεωςὲ

326 3125 441 3185 πγ’.
472 3118 607 3182 Θεὸς
648 3118 941 3191 τοιγαροῦν
993 3121 1110 3174 ἐστι
1140 3121 1371 3187 τέλειος,
1406 3122 1499 3175 καὶ
1549 3123 1833 3194 ἄνθρωπος

253 3210 461 3274 τέλειος
478 3228 494 3242 ’
528 3212 658 3275 Θεὸς
675 3211 819 3265 κατὰ
840 3212 1035 3281 φύσιν,
1052 3214 1147 3267 καὶ
1170 3213 1456 3284 ἄνθρωπος
1486 3214 1627 3267 κατὰ
1652 3213 1832 3283 φύσιν·

255 3306 316 3358 ἐν
354 3304 569 3373 θεότητι
620 3303 845 3369 τέλειος,
884 3304 978 3356 καὶ
1018 3293 1311 3375 ἀνελλιπὴς
1339 3306 1397 3358 ἐν
1430 3305 1832 3376 ἀνθρωπὸτητι.

257 3396 322 3450 Et
355 3396 464 3467 γὰρ
504 3395 596 3450 καὶ
630 3390 749 3449 κατ’
772 3396 1082 3467 οἰκονομίαν
1117 3398 1337 3467 γέγονεν
1358 3396 1663 3469 ἄνθρωπος,
1698 3398 1836 3452 ἀλλὰ

257 3488 419 3556 φύσει
456 3486 677 3557 γέγονεν
732 3487 1049 3559 ἄνθρωπος·
1080 3488 1199 3553 ὅλος
1249 3489 1381 3549 Θεὸς
1430 3491 1523 3543 καὶ
1570 3492 1707 3562 μετὰ
1735 3492 1835 3561 τῆς

262 3578 459 3648 σαρκὸς
479 3577 664 3643 αὑτοῦ,
699 3580 791 3631 καὶ
814 3579 933 3641 ὅλος
956 3579 1052 3632 ἄνθ
1062 3596 1241 3649 ρωπος
1276 3586 1414 3651 μετὰ
1462 3582 1560 3651 τῆς
1600 3583 1700 3635 ύπε
1711 3601 1834 3653 ρου-

264 3667 375 3720 σίου
410 3666 660 3737 θεότητος
705 3667 893 3722 αὐτοῦ.
924 3667 1109 3737 Φαμὲν
1138 3669 1231 3721 καὶ
1263 3667 1421 3721 τοῦτο
1458 3669 1716 3739 δηλοῦντα
1744 3672 1835 3723 τὸν

260 3758 515 3827 Θεολόγον
546 3759 846 3830 Γρηγόριον
872 3754 1151 3830 εἰρηκέναι
1170 3768 1184 3790 δ
1222 3778 1241 3812 ι
1278 3749 1379 3812 Ὧν
1398 3759 1457 3813 τὸ
1483 3760 1584 3830 μὲν
1614 3761 1833 3827 ἐθέωσε,

258 3849 321 3903 τὸ
348 3848 403 3902 δὲ
444 3849 671 3921 ἐθεώθη,
714 3851 809 3904 καὶ
852 3850 1034 3921 τολμῶ
1058 3850 1235 3919 λέγειν
1267 3851 1508 3921 ὁμόθεον.
1542 3872 1561 3904 ι
1611 3853 1697 3917 Ὡς
1726 3854 1835 3926 γὰρ

259 3944 357 4014 τὴν
383 3943 657 4015 σάρκωσιν
690 3944 816 3998 ἄνευ
838 3944 1043 4015 τροπῆς
1069 3943 1162 3996 τοῦ
1193 3940 1366 4011 Λόγου
1404 3943 1498 3997 καὶ
1536 3946 1835 4016 μεταὸολῆς

255 4034 501 4105 οἴδαμεν,
531 4035 673 4088 οὕτω
721 4036 814 4089 καὶ
859 4036 959 4106 τὴν
1008 4034 1221 4091 θέωσιν.
1268 4032 1442 4099 Αὐτὸς
1471 4036 1576 4107 γὰρ
1610 4038 1638 4089 ὁ
1666 4034 1836 4105 Λόγος

259 4126 397 4196 σὰρξ
430 4127 663 4195 ἐγένετο,
694 4127 916 4198 κυηθεὶς
953 4127 1050 4198 μὲν
1084 4127 1147 4180 ἐκ
1166 4128 1266 4198 τῆς
1297 4128 1598 4198 Παρθένου,
1643 4130 1835 4201 προελ-

260 4218 370 4271 θὼν
401 4219 456 4271 δὲ
500 4220 633 4283 Θεὸς
680 4222 817 4290 μετὰ
863 4221 959 4291 τῆς
998 4219 1380 4291 προσλήψεως’
1405 4220 1507 4300 ήδη
1536 4223 1631 4275 καὶ
1668 4222 1835 4292 αὐτῆς

2016 1114 2108 1171 82.
2150 1116 2383 1184 Insuper
2439 1108 2517 1167 ait
2556 1128 2571 1166 :
2616 1130 2634 1164 ι
2680 1105 3013 1167 Potestatem
3066 1109 3242 1169 habeo
3281 1115 3521 1185 ponendi

1944 1205 2183 1260 animam
2234 1219 2447 1268 meam,
2482 1213 2537 1258 et
2570 1210 2904 1273 potestatem
2956 1202 3139 1259 habeo
3182 1205 3379 1260 iterum
3428 1226 3525 1265 su-

1942 1296 2125 1351 mendi
2162 1309 2283 1350 eam
2325 1296 2391 1349 ³⁸.
2441 1313 2459 1347 ι
2498 1294 2610 1349 Et:
2656 1313 2674 1347 ι
2712 1288 2941 1364 Palpate
2993 1303 3049 1350 et
3105 1286 3307 1362 videte,
3368 1302 3517 1369 quod

1941 1388 2171 1458 Spiritus
2201 1386 2424 1443 carnem
2452 1396 2506 1443 et
2546 1401 2673 1443 ossa
2705 1402 2813 1441 non
2840 1386 3027 1454 habet,
3071 1387 3218 1443 sicut
3246 1391 3331 1446 me
3366 1392 3521 1447 vide-

1940 1479 2012 1534 tis
2044 1479 2253 1535 habere
2287 1478 2353 1533 ³¹.
2396 1489 2417 1531 t
2447 1478 2580 1533 Item
2609 1497 2621 1533 :
2662 1497 2681 1530 ι
2730 1476 2841 1535 No's
2871 1488 3053 1535 autem
3098 1486 3321 1536 sensum
3357 1483 3520 1538 Chri-

1938 1573 2007 1627 sti
2041 1571 2312 1627 habemus
2341 1571 2407 1626 ³².
2441 1588 2460 1622 ι
2486 1601 2559 1610 -
2593 1570 2611 1622 ι
2648 1571 2934 1642 Ingressus
2966 1570 3217 1637 domum,
3245 1574 3521 1630 neminem

1938 1664 2110 1719 voluit
2136 1666 2301 1732 scire,
2346 1673 2400 1720 et
2436 1672 2547 1719 n0n
2588 1663 2769 1734 potuit
2797 1658 2972 1719 latere
3006 1664 3074 1721 ³³.
3114 1682 3132 1716 ι
3172 1695 3243 1708 --
3277 1683 3297 1717 ι
3333 1665 3518 1729 Pater,

1938 1770 2049 1810 non
2084 1754 2179 1811 flat
2212 1756 2475 1813 voluntas
2505 1771 2625 1811 mea
2649 1798 2665 1822 ,
2701 1756 2798 1813 sed
2832 1752 2930 1811 tua
2970 1750 3038 1810 ³³.
3081 1775 3101 1809 ι
3152 1744 3373 1813 Fractio
3424 1776 3523 1830 pa-

1936 1861 2093 1911 num,
2126 1846 2524 1914 deambulatio,
2556 1841 2810 1903 extensio
2842 1848 3106 1902 manuum
3137 1848 3191 1902 in
3219 1856 3406 1916 eruce,
3441 1853 3523 1905 in-

1936 1937 2205 2004 tellectio,
2234 1940 2319 1995 vis
2343 1939 2548 2006 vitalis,
2566 1936 2875 2004 nutriendi,
2916 1938 3152 2009 augendi
3181 1946 3236 1995 et
3285 1940 3524 1997 sentien-

1937 2026 2016 2094 di,
2049 2026 2354 2083 h‘umanum
2390 2034 2576 2084 actum
2614 2029 2925 2101 perhibent.
2958 2027 3210 2101 Illudque
3251 2038 3516 2093 rursum:

1943 2135 1962 2169 ι
2012 2116 2213 2174 Postea
2251 2120 2454 2175 esuriit
2485 2121 2568 2189 '5;
2604 2140 2624 2174 ι
2656 2129 2713 2179 et
2747 2120 2857 2176 illa:
2902 2119 3100 2176 Lazari
3130 2136 3297 2178 causa
3342 2123 3521 2195 lacry-

1937 2223 2039 2263 mae
2055 2208 2124 2272 ³⁸,
2156 2224 2377 2265 necnon
2411 2211 2547 2267 illud
2584 2228 2597 2266 :
2637 2230 2656 2264 ι
2682 2208 2822 2267 Sitio
2844 2212 2940 2265 ³⁷.»
2968 2212 3031 2266 Et
3064 2222 3078 2268 :
3108 2231 3127 2265 ι
3152 2206 3308 2269 Nunc
3338 2215 3522 2269 anima

1934 2306 2056 2354 mea.
2109 2300 2329 2356 turbata
2381 2314 2464 2358 est
2491 2302 2553 2356 ³⁸.
2588 2320 2607 2355 ι
2647 2332 2717 2342 -
2746 2320 2765 2355 ι
2807 2288 3010 2360 Tristis
3061 2311 3183 2359 sum
3218 2321 3396 2375 usque
3449 2304 3520 2359 ad

1935 2397 2170 2446 mortem
2199 2388 2266 2446 '9'.
2298 2411 2317 2445 ι
2354 2388 2435 2447 A‘d
2464 2394 2579 2448 haec
2614 2411 2630 2448 :
2671 2411 2690 2445 ι
2722 2392 2904 2465 Cispit
2930 2400 3129 2464 pavere
3155 2405 3209 2450 et
3238 2397 3442 2453 taedere
3467 2404 3524 2451 ct

1936 2489 2171 2537 mmstus
2204 2498 2326 2539 esse
2352 2481 2420 2537 ⁸ο.
2464 2501 2484 2537 ι
2518 2483 2766 2555 Denique
2801 2502 2814 2539 :
2857 2484 3084 2553 «Pater,
3117 2482 3285 2558 418
3316 2488 3369 2542 in
3403 2504 3523 2543 ma-

1936 2576 2045 2630 nus
2088 2581 2214 2630 tuas
2244 2576 2574 2631 commendo
2616 2575 2872 2647 spiritum
2929 2580 3145 2646 meum,
3175 2589 3383 2634 etcum
3416 2582 3522 2636 huc

1936 2668 2195 2735 dixisset,
2230 2669 2530 2740 exspiravit
2565 2662 2632 2725 ⁸⁸.
2659 2687 2677 2721 ι
2705 2670 2902 2724 Αηιιόη
2933 2670 3096 2739 plane
3134 2671 3278 2725 sicut
3333 2673 3522 2741 priora

1938 2760 2029 2814 illa
2064 2759 2415 2815 divinitatem
2450 2769 2748 2825 testantur,
2780 2762 2855 2815 ita
2889 2777 3114 2831 quoque
3164 2762 3279 2816 haec
3342 2764 3521 2832 ipsius

1937 2848 2362 2919 humanitatem,
2389 2853 2732 2923 duarumque
2762 2855 3086 2907 naturarum
3117 2848 3442 2923 discrimen,
3466 2868 3521 2912 et

1938 2941 2284 2998 inconiusam
2320 2943 2612 2998 unibnem?
2635 2943 2873 3013 Quinam
2914 2944 3061 3000 enim
3094 2942 3209 3000 haec
3236 2954 3294 3001 et
3330 2948 3424 3002 illa
3452 2950 3521 3004 de

1940 3049 2046 3088 una
2080 3041 2277 3087 natura
2307 3033 2606 3089 dicentur?

2007 3124 2095 3178 85.
2132 3122 2275 3178 Deus
2300 3136 2431 3193 ergo
2462 3129 2547 3178 est
2578 3119 2885 3192 perfectas,
2913 3131 2967 3179 et
3003 3124 3282 3195 perfectus
3314 3126 3517 3191 homo;

1942 3217 2140 3270 natura
2169 3213 2338 3278 Deus,
2372 3221 2428 3268 et
2456 3216 2661 3268 natura
2710 3216 2920 3271 homo:
2958 3216 3239 3286 perlectus
3279 3217 3333 3271 in
3379 3214 3523 3272 divi-

1938 3308 2133 3375 nitate,
2168 3306 2320 3361 nulla
2347 3322 2406 3362 re
2432 3306 2682 3363 defectus
2724 3306 2779 3361 in
2808 3306 3176 3365 humanitate.
3219 3306 3334 3365 Etsi
3371 3311 3519 3364 enim

1936 3396 2249 3452 secundum
2317 3396 2792 3465 dispensationem
2850 3397 3032 3453 factus
3085 3399 3248 3453 homo
3287 3407 3405 3466 est;
3464 3408 3521 3453 at

1936 3495 2135 3542 natura
2183 3496 2268 3542 est
2316 3486 2497 3542 factus
2531 3488 2698 3542 hamo
2730 3506 2742 3542 :
2779 3492 2930 3544 totus
2969 3488 3136 3555 Deus,
3172 3490 3334 3545 etiam
3389 3506 3518 3544 cum

1937 3595 2039 3637 sua
2075 3596 2268 3644 carne,
2297 3588 2352 3635 et
2384 3586 2538 3636 totus
2598 3580 2767 3635 homo
2816 3598 2941 3635 cum
2993 3584 3519 3652 supersubstantiali

1936 3671 2146 3727 Deitate
2175 3680 2299 3727 sua.
2330 3670 2435 3726 Sed
2464 3678 2518 3726 et
2546 3671 2822 3733 addimus,
2854 3673 2959 3726 hoc
2990 3668 3316 3743 Gregorium
3344 3672 3523 3729 Theo-

1938 3762 2123 3833 logum
2166 3763 2412 3817 locutum
2441 3777 2566 3818 esse
2596 3759 2641 3793 l’
2672 3780 2685 3818 :
2731 3782 2750 3813 ι
2792 3762 2867 3815 Ex
2904 3754 3111 3833 quibus
3143 3766 3402 3835 (naturis)
3430 3768 3520 3820 illa

1938 3853 2157 3924 quidem
2189 3852 2489 3919 deiﬁcavit,
2526 3853 2641 3908 haec
2676 3855 2860 3907 autem
2911 3855 3166 3910 deiﬁcata
3218 3866 3337 3924 est;
3387 3860 3521 3929 quin

1936 3954 1993 4000 et
2021 3945 2206 4000 dicere
2234 3944 2436 4011 adsim,
2463 3944 2627 4000 simul
2664 3943 2805 3999 Deus
2838 3944 2981 3998 facta
3014 3954 3154 4001 est.»
3193 3936 3350 4015 Nam,
3378 3949 3522 4003 sicut

1937 4037 2388 4092 incarnationem
2422 4034 2563 4090 citra
2613 4036 3027 4090 conversionem
3068 4034 3237 4092 Verbi
3272 4038 3523 4092 demuta-

1939 4131 2258 4197 tionemque
2292 4127 2571 4191 novimus,
2627 4127 2709 4181 sic
2760 4134 2814 4181 et
2867 4123 3297 4183 deilicationem.
3336 4126 3520 4199 ipsum

1937 4221 2139 4292 quippe
2164 4216 2405 4275 Verbqu
2439 4234 2571 4273 caro
2601 4219 2804 4274 factum
2834 4224 2942 4285 est,
2966 4235 3030 4274 ex
3058 4219 3280 4291 Virgine
3300 4223 3521 4289 quidem
3584 4206 3589 4211 ’

259 4310 351 4362 ὑπ’
377 4310 539 4365 αὐτοῦ
568 4310 862 4381 θεωθείσης
884 4311 999 4380 ἅμα
1018 4314 1082 4381 τῇ
1111 4312 1189 4373 εἰς
1210 4310 1270 4363 τὸ
1296 4306 1433 4364 εῖναι
1458 4311 1662 4382 ταύτης
1694 4330 1832 4384 παρ-

1944 4318 2297 4382 pregnatuin,
2348 4308 2652 4378 procedens
2695 4324 2826 4363 vero
2871 4308 3015 4365 Deus
3053 4325 3177 4363 cum
3230 4320 3521 4380 assumpta

258 4404 451 4472 αγωγῇ
476 4418 490 4431 ·
542 4402 617 4465 ὡς
660 4400 796 4472 ὁμοῦ
830 4401 1081 4470 γενέσθαι
1112 4402 1180 4455 τὰ
1216 4402 1361 4471 τρία,
1393 4401 1491 4472 τὴν
1521 4402 1840 4473 πρόσληψιν,

258 4493 358 4562 τὴν
383 4491 634 4563 ὓπαρξιν,
665 4491 757 4544 καὶ
774 4491 873 4560 τὴν
898 4490 1093 4545 θέωσιν
1114 4490 1208 4543 τοῦ
1229 4490 1519 4563 ἀνθρώπου
1553 4496 1597 4546 ι.
1632 4493 1781 4563 ’Ἅμα
1806 4496 1840 4564 ἠ

261 4581 520 4652 σύλληψις
565 4582 657 4634 καὶ
689 4583 722 4651 ἡ
762 4579 993 4651 ὖπαρξις
1039 4578 1583 4651 τεθαυματούργηται
1608 4582 1685 4651 σή
1743 4581 1841 4650 μὲν

260 4669 522 4741 σύλληψις
576 4669 670 4723 τοῦ
719 4670 916 4738 Λόγου,
946 4668 1045 4740 τῆς
1088 4668 1144 4722 δὲ
1194 4668 1394 4737 σαρκὸς
1425 4671 1458 4739 ἡ
1487 4670 1545 4723 ἐν
1586 4670 1735 4741 αὑτῷ
1762 4671 1840 4741 τῷ

258 4760 418 4830 Λόγῳ
453 4760 685 4831 ὖπαιρξις
704 4775 718 4789 ·
748 4760 815 4812 δι’
843 4759 1011 4831 αὐτῆς
1034 4759 1134 4829 τῆς
1162 4759 1500 4830 Θεομήτορος
1546 4760 1841 4832 ὑπερφυῶς

259 4851 603 4921 χορηγούσης
634 4850 696 4904 τὸ
725 4849 1034 4921 πλασθῆναι
1055 4848 1135 4921 τῷ
1155 4850 1388 4923 πλάστῃ,
1414 4852 1507 4903 καὶ⁵
1530 4851 1590 4904 τὸ
1626 4852 1841 4924 ἀνθρω-

259 4939 518 5009 πισθῆναι
542 4940 621 5011 τῷ
644 4941 766 5011 Θεῷ
802 4942 897 4995 καὶ
925 4944 1121 5012 ποιητῇ
1152 4940 1244 4995 τοῦ
1275 4942 1506 5006 παντὸς,
1545 4943 1753 4997 θεοῦντι
1780 4942 1842 4996 τὸ

260 5033 619 5103 πρόσλημμα,
653 5034 931 5103 σωζούσης
977 5034 1077 5104 τῆς
1132 5032 1379 5096 ἐνώσεως
1432 5032 1500 5086 τὰ
1549 5034 1837 5100 ἐνωοέντα,

257 5124 487 5191 τοιαῦτα
518 5121 606 5180 οἷα
655 5127 860 5199 ἥνωται
882 5143 895 5156 ⁶
924 5128 983 5180 ού
1016 5129 1076 5179 τὸ
1125 5126 1267 5180 θεῖον
1300 5125 1443 5194 λέγω
1478 5126 1656 5195 μόνον,
1705 5127 1845 5183 ἀλλὰ

332 5264 377 5334 ’ἦ
410 5262 569 5318 Joan.
599 5281 691 5330 xx,
720 5267 812 5321 28.
887 5268 932 5298 ’⁸
962 5266 1124 5323 Joan.
1160 5269 1277 5334 1,1,
1320 5270 1403 5322 14.
1516 5270 1561 5301 ’⁷
1596 5271 1729 5326 ibid.
1768 5273 1818 5325 l-

265 5331 308 5363 ³¹
362 5333 494 5386 Luc.
538 5338 798 5398 xxiv,39.
873 5338 915 5368 ³¹
958 5338 1122 5392 ICor.
1153 5331 1211 5404 ιι,
1257 5331 1342 5393 16.
1424 5338 1468 5371 ³³
1503 5339 1667 5395 Marc.
1700 5358 1797 5402 vn.

265 5401 354 5456 '55.
448 5402 923 5465 "Joan.xix.28.
1026 5407 1070 5440 ³⁸
1108 5406 1267 5465 Joau.
1328 5427 1425 5465 xu.
1479 5413 1571 5465 27.
1669 5412 1712 5443 ”
1747 5409 1829 5464 Ma

2018 5343 2062 5373 “
2098 5340 2229 5394 Luc.

1973 5428 2123 5465 xxvr.
2195 5409 2263 5463 38

1803 5428 1939 5467 attu.
1973 5428 2123 5477 xxvn,
2195 5428 2284 5463 οδ.

262 5401 354 5456 55.
448 5402 490 5433 ³⁷
507 5402 666 5462 Juan.
698 5424 784 5461 xix
800 5443 815 5467 .
834 5407 923 5462 28.

1026 5407 1070 5440 ³⁸
1108 5406 1267 5465 Joau.
1328 5427 1425 5479 xu,
1479 5413 1571 5465 27.

264 5469 311 5501 δ’
330 5468 487 5527 Orat.
520 5474 611 5528 42.

1943 4418 2133 4467 carne,
2169 4418 2291 4474 qua:
2316 4402 2430 4472 jam
2468 4402 2536 4455 ab
2562 4402 2683 4471 ipso
2711 4400 2966 4456 deiﬁcata
2999 4395 3186 4470 fuerit,
3225 4400 3394 4457 simul
3435 4412 3523 4456 at-

1943 4510 2053 4564 que
2087 4507 2213 4551 esse
2283 4493 2507 4563 incepit.
2541 4491 2661 4558 Quo
2687 4484 2893 4556 evenit,
2932 4502 2991 4547 ut
3027 4494 3132 4547 tria
3166 4492 3331 4549 simul
3371 4505 3523 4562 gesta
3583 4516 3599 4529 -

1943 4586 2175 4652 fuerint,
2214 4584 2546 4654 assumptio,
2577 4584 2855 4639 exstantia
2912 4593 2966 4640 et
3004 4583 3283 4640 deiﬁcatio
3325 4587 3522 4640 huma-

1942 4680 2157 4736 nitatis.
2191 4674 2512 4745 Assumptio
2544 4685 2597 4732 et
2626 4676 2955 4732 exsistentia
2989 4674 3307 4748 prodigiose
3356 4678 3522 4732 simul

1942 4779 2173 4844 patratae
2197 4777 2348 4831 sunt,
2372 4763 2553 4823 Verbo
2582 4768 2804 4837 quidem
2828 4774 3169 4834 assumcute,
3195 4783 3363 4823 carne
3394 4786 3525 4823 vero

1948 4856 2004 4920 in
2042 4860 2279 4932 ipsemet
2331 4852 2516 4914 Verbo
2565 4858 2903 4924 exsistente;
2950 4860 3124 4929 ipsius
3174 4860 3368 4930 utique
3425 4859 3521 4914 Dei

1947 4954 2245 5011 Genitricis
2304 4966 2493 5021 opera,
2552 4967 2673 5021 qua:
2738 4952 2904 5005 modo
2954 4960 3150 5006 natura
3211 4950 3521 5007 sublimiori

1946 5046 2223 5117 praestitit,
2258 5051 2318 5097 ut
2352 5044 2565 5097 eilictor
2597 5040 2970 5112 eilingcrctur,
3036 5043 3316 5113 homoque
3366 5042 3522 5096 ﬁeret

1951 5131 2092 5189 Deus
2122 5143 2175 5188 et
2204 5132 2387 5204 opifex
2423 5132 2690 5198 universi,
2737 5148 2765 5185 a
2816 5150 2926 5204 quo
2982 5142 3269 5205 assumpta
3321 5142 3520 5189 natura

1945 5272 1988 5305 ’⁸
2024 5270 2213 5324 Matth.
2241 5285 2359 5332 rm.
2410 5270 2463 5323 3.
2540 5271 2583 5301 ²⁹
2614 5269 2783 5323 lCor.
2820 5284 2878 5334 ll,
2936 5272 2988 5324 8.
3099 5271 3141 5302 ³⁰
3171 5269 3330 5324 Joan.
3369 5287 3424 5330 ι,
3462 5272 3517 5323 8.

2018 5343 2062 5373 ³⁸
2098 5340 2229 5394 Luc.
2267 5356 2403 5401 xx",
2432 5339 2520 5392 ιε.
2600 5340 2645 5370 ³⁵
2682 5339 2867 5393 Matth.
2910 5358 2985 5404 ιν.
3024 5341 3078 5395 9..
3171 5342 3216 5372 ³⁸
3253 5340 3411 5395 Joan.
3458 5356 3516 5396 νι,

2391 5409 2435 5440 ⁸ο
2464 5405 2631 5464 Marc.
2685 5426 2795 5475 xw,
2838 5410 2927 5465 55.
3004 5409 3045 5441 ⁴¹
3075 5408 3205 5465 Luc.
3243 5426 3401 5477 χλιιι,
3428 5410 3515 5464 46.

1562 5561 1788 5618 VARI/ﬁ
1823 5563 2227 5620 LECTlONES.

333 5650 547 5711 JTurr.
570 5653 702 5723 legit
729 5656 922 5725 πάτερ,
952 5663 1082 5711 utet
1105 5657 1337 5728 interpr.
1362 5656 1528 5711 Arab.
1594 5664 1616 5691 ι
1650 5653 1775 5711 Haec
1800 5671 1977 5729 usque
2001 5655 2068 5712 ad
2101 5656 2167 5711 δι’
2186 5650 2377 5729 αὐτῆς,
2419 5657 2605 5716 omisit
2628 5657 2954 5718 Turrianus.

556 5750 824 5811 PATnOL.
856 5750 976 5811 Gn.
998 5751 1206 5813 XCIV.

1399 5948 1431 5970 κ

2996 5746 3065 5814 47
