3930 6206
419 221 462 283 ³-1
474 219 580 282 483

1637 214 1700 274 S.
1727 211 2048 275 JOANNIS
2093 211 2526 272 DAMASCENI

3568 206 3694 272 ιιει

435 324 689 380 ucilicata
745 321 869 384 fuit,
921 321 1126 377 unione
1175 328 1436 378 servante
1478 334 1604 390 qua:
1639 320 1795 374 unita
1850 327 2004 385 sunt,

2115 319 2206 374 καὶ
2235 319 2294 373 τὸ
2326 319 2668 390 ἀνθρώπινον
2715 319 2812 372 τοῦ
2846 319 3086 391 Χριστοῦ
3132 319 3194 373 τὺ
3249 319 3395 390 ὑπὲρ
3433 318 3592 387 ἡμᾶς
3616 326 3697 371 καὶ

433 415 620 487 qualia
671 413 826 467 unita
874 411 1059 479 fuere;
1110 428 1220 467 non
1269 414 1325 468 id
1360 413 1537 468 solum
1574 412 1723 482 quod
1754 411 2007 468 divinum

433 515 542 572 est,
579 505 828 575 inquam;
862 503 958 558 sed
990 505 1094 560 hoc
1121 505 1289 560 etiant
1325 504 1474 574 quod
1499 503 1806 558 humanum
1841 510 1926 559 est
1953 503 2010 560 in

405 596 672 661 «Christo,
730 593 879 665 quod
925 595 1106 650 nostri
1144 595 1320 666 gratia
1373 601 1428 649 et
1461 593 1546 658 ,ad
1598 593 1774 648 instar
1821 591 2000 649 nostri

431 685 649 740 habuit.
704 682 892 754 Neque
926 684 1076 739 enim
1132 699 1258 739 cum
1312 683 1550 753 primum
1590 682 1769 738 nostri
1809 682 2009 739 similis

431 784 599 841 esset,
635 775 989 845 postmodum
1043 789 1211 844 supra
1245 789 1348 828 nos
1383 773 1564 829 lactus
1600 782 1685 829 est
1710 791 1723 827 :
1753 774 1886 844 quin
1912 787 2010 843 po-

390 887 392 890 ν
433 869 545 922 tius
571 882 813 938 semper,
846 875 903 922 et
937 882 1002 922 ex
1029 882 1139 936 quo
1170 866 1408 937 primunt
1439 866 1677 929 exstitit,
1710 873 2011 936 utrumque

2113 409 2239 464 καθ’
2272 412 2441 480 ἡμᾶς.
2477 410 2615 463 Οῦτε
2637 409 2746 481 γὰρ
2771 411 3059 481 γενόμενος
3085 409 3354 481 πρότερον
3385 409 3516 463 καθ’
3537 411 3696 479 ἡμᾶς,

2115 501 2340 573 ὕστερον
2395 501 2618 570 γέγονεν
2673 500 2816 572 ὑπὲρ
2855 503 3036 572 ἡμᾶς·
3073 501 3189 554 ἀλλ’
3221 502 3312 554 ἀεὶ
3358 501 3426 554 ὲκ
3484 499 3698 571 πρώτης

2114 592 2402 662 ὑπάρξεως
2433 593 2600 663 ἄμφω
2621 593 2836 663 ὑπῆρχε
2858 593 2948 647 διὰ
2982 593 3042 646 τὸ
3069 593 3128 659 ἐξ
3174 594 3355 664 ἄκρας
3385 591 3695 664 συλλήψεως

2113 684 2172 736 ἐν
2198 683 2344 754 αὑτῷ
2372 682 2452 754 τῷ
2471 684 2629 755 Λόγῳ
2651 685 2751 755 τὴν
2781 684 3017 755 ὓπαρξιν
3039 685 3356 756 ἐσχηκέναι.
3396 684 3696 756 Ἀνθρώπι-

2112 789 2202 827 νον
2232 771 2331 844 μὲν
2354 769 2448 826 οὖν
2477 774 2594 826 ἐστι
2631 775 2773 828 κατὰ
2795 772 2892 845 τὴν
2917 772 3123 829 οἰκείαν
3143 773 3326 844 φύσιν,
3349 772 3496 826 Θεοῦ
3530 773 3589 826 δὲ
3615 791 3697 830 ut

2115 861 2276 929 θεῖον,
2295 863 2609 935 ὑπερφυῶς.

427 961 564 1030 luit,
614 961 744 1032 quia
781 973 812 1012 a
852 955 1241 1028 conceptionis
1293 959 1416 1028 ejus
1464 958 1622 1013 initio
1673 958 1730 1012 in
1782 958 2018 1028 ipsemet
2055 954 2236 1011 Verbo
2263 957 2650 1013 exsistentiam
2677 940 2940 1013 habuere.
2967 956 3128 1024 Quod
3196 972 3333 1030 ergo
3398 958 3696 1013 humanu-

422 1063 543 1120 εει,
582 1052 888 1118 secundum
922 1067 1080 1108 suam
1128 1045 1385 1107 naturam
1430 1053 1668 1118 exsistit,
1709 1052 1856 1124 quod
1887 1067 2021 1108 vero
2057 1050 2153 1108 Dei
2182 1060 2238 1108 et
2264 1051 2538 1118 divinum,
2572 1067 2744 1124 supra
2784 1062 3060 1108 naturam.

507 1147 596 1202 84.
636 1144 807 1200 Porro
859 1151 1110 1200 sanctam
1165 1141 1447 1215 Virginem
1501 1144 1722 1215 proprie
1767 1158 2005 1214 vereque

435 1236 531 1294 Dei
572 1233 803 1288 Matrem
845 1232 1210 1302 praedicamus
1241 1252 1254 1288 :
1289 1235 1493 1304 quippe
1518 1249 1666 1300 cum,
1691 1234 1838 1290 sicut
1864 1223 2004 1289 Deus

433 1341 598 1386 verus
628 1333 714 1381 est
746 1323 840 1394 qui
886 1339 954 1378 ex
992 1338 1056 1379 ea
1087 1331 1250 1380 natus
1275 1332 1380 1391 est,
1421 1326 1502 1379 sic
1525 1340 1652 1380 vere
1684 1325 1852 1379 Mater
1885 1323 2002 1390 Dei,

431 1435 557 1492 qua:
586 1419 756 1474 Deum
787 1431 856 1471 ex
905 1430 964 1472 se
997 1430 1219 1471 carnem
1261 1415 1468 1471 factum
1510 1417 1805 1488 pepererit.
1835 1415 2003 1486 Atqui

418 1510 602 1565 Deum
631 1523 698 1562 ex
728 1508 850 1578 ipsa
897 1513 1088 1560 natum
1133 1521 1260 1562 esse
1307 1506 1510 1570 aimus,
1541 1522 1649 1561 non
1693 1515 1751 1562 ut
1781 1522 1850 1562 ex
1881 1507 2004 1577 ipsa

430 1608 688 1656 aeternam
732 1597 962 1653 Deitatis
993 1599 1333 1653 exstantiam
1389 1599 1689 1669 acceperit,
1727 1599 1822 1655 sed
1855 1598 2002 1670 quod

2181 1143 2288 1199 τπδ’.
2323 1145 2436 1216 Τὴν
2485 1145 2544 1198 δὲ
2586 1145 2747 1214 ἁγίαν
2785 1145 3059 1216 Παρθένον
3107 1145 3316 1216 κυρίως
3363 1145 3468 1199 καὶ
3494 1144 3698 1217 άληθῶς

2109 1234 2373 1290 Θεοτόκον
2396 1237 2760 1308 κηρὺττομεν.
2797 1237 2884 1300 Ὠς
2904 1237 3013 1308 γὰρ
3050 1236 3182 1300 Θεδς
3210 1235 3430 1308 ἀληθὴς
3475 1237 3507 1290 ὁ
3531 1237 3592 1304 ἐξ
3618 1241 3698 1291 αὒ-

2108 1327 2210 1396 τῆς
2239 1327 2656 1398 γεγεννημένος,
2709 1326 2852 1380 οὑτω
2873 1327 3133 1391 Θεοτόκος
3155 1325 3386 1399 ἀληθὴς,
3419 1328 3458 1398 ἡ
3486 1326 3624 1381 Θεὸν
3649 1331 3699 1398 ἐξ

2109 1417 2278 1488 αὑτῆς
2311 1417 2727 1490 σεσαρκωμένον
2759 1419 3032 1489 κυήσασα.
3057 1418 3188 1472 Θεδν
3212 1418 3272 1472 δέ
3299 1436 3498 1489 φαμεν
3528 1422 3592 1488 ἐξ
3616 1423 3702 1474 αὑ-

2107 1507 2207 1578 τῆς
2236 1507 2616 1578 γεγεννῆσθαι,
2645 1507 2746 1579 οὑχ
2778 1507 2855 1572 ὡς
2879 1510 2938 1575 ἐξ
2963 1509 3134 1576 αὑτῆς
3179 1510 3465 1582 ἐσχηκότα
3492 1513 3600 1583 τὴν
3631 1515 3703 1565 αῖ-

2107 1600 2217 1655 διον
2244 1600 2344 1672 τῆς
2378 1600 2630 1672 θεότητος
2663 1599 2924 1670 ὓπαρξιν,
2961 1600 3076 1655 ἁλλ’
3109 1599 3183 1664 ὡς
3220 1603 3282 1668 ἐξ
3319 1604 3506 1674 αὐτῆς
3546 1608 3702 1676 ἀτρέ-

430 1709 498 1749 ex
534 1691 655 1762 ipsa
685 1690 1105 1747 sitincarnatus
1140 1690 1260 1746 sine
1278 1692 1663 1757 conversione,
1695 1691 2007 1762 factusque,

2115 1709 2260 1758 πτως
2290 1693 2660 1766 σαρκωθέντα,
2682 1694 2776 1746 καὶ
2803 1693 3095 1762 γενόμενον
3123 1693 3436 1768 ἄνθρωπον,
3461 1699 3566 1751 καὶ
3591 1717 3702 1768 γεν-

430 1792 486 1839 et
534 1781 752 1853 genitus
806 1781 995 1845 homo,
1053 1779 1316 1836 Christus
1367 1796 1535 1847 unus,
1604 1779 1780 1838 Filius
1842 1797 2007 1848 unus,

2115 1783 2364 1855 νηθέντα,
2415 1783 2513 1837 ἕνα
2553 1781 2810 1853 Χριστὸν,
2857 1781 2954 1837 ἕνα
2987 1782 3136 1849 Υίδν,
3163 1784 3261 1838 ἕνα
3298 1785 3542 1858 Κύριον,
3579 1790 3701 1858 μίαν

433 1875 708 1932 Dominus
739 1888 906 1938 unus,
940 1873 1260 1944 hypostasis
1289 1888 1420 1938 una,
1453 1873 1598 1930 idem
1633 1874 1751 1945 ipse
1786 1873 1929 1930 Deus
1957 1881 2007 1930 et

2115 1877 2430 1940 ὑπόστασιν,
2482 1875 2573 1928 τὸν
2623 1873 2785 1928 αὑτὸν
2829 1873 2963 1928 Θεὸν
3015 1892 3076 1929 τε
3104 1877 3202 1930 καὶ
3253 1877 3582 1948 ἄνθρωπον,
3610 1880 3703 1951 οὐχ

433 1968 618 2035 homo,
664 1966 758 2036 qui
815 1965 1044 2020 alteram
1093 1963 1354 2021 Trinitati
1400 1979 1698 2036 personam
1755 1979 1870 2021 non
1923 1965 2010 2021 in-

433 2061 670 2116 vexerit.

502 2149 592 2206 85.
610 2148 884 2216 Quocirca
904 2147 1271 2220 adjectionem
1297 2164 1517 2220 quoque
1537 2147 1796 2220 Trisagio
1808 2148 2012 2221 hymno

434 2239 640 2295 factam
670 2239 1048 2310 blasphemam
1078 2253 1200 2295 esse
1226 2239 1599 2306 decernimus,
1626 2254 1727 2295 ceu
1757 2255 1864 2312 qua
1891 2237 2012 2295 Tri-

425 2331 594 2385 vnitati
628 2340 825 2402 quarta
862 2345 1106 2400 persona
1154 2330 1461 2397 inseratur,
1489 2339 1544 2386 et
1575 2331 1808 2387 seorsim
1846 2338 2013 2402 ponat

433 2421 836 2476 subsistentem
889 2419 982 2474 Dei
1018 2419 1281 2474 virtutem
1309 2463 1322 2487 ,
1363 2422 1707 2491 seorsimque
1753 2436 1877 2477 eum
1915 2421 2010 2491 qui

431 2511 732 2568 cruciﬁxus
762 2517 868 2575 est,
897 2524 961 2565 ac
990 2510 1040 2566 si
1079 2511 1224 2567 alius
1258 2511 1400 2568 l’oret
1429 2521 1630 2584 praeter
1681 2511 1839 2567 illum
1901 2514 2008 2582 for-

435 2615 534 2659 tem
570 2619 590 2658 :
626 2603 714 2658 vel
741 2617 850 2673 qua
879 2600 1129 2658 Trinitas
1167 2612 1364 2660 sancta
1412 2603 1669 2659 laudetur
1699 2619 1797 2659 cett
1825 2605 2009 2675 passi-

433 2696 584 2761 bilis,
621 2709 842 2766 unaque
872 2709 999 2749 cum
1027 2692 1168 2750 Filio
1201 2694 1562 2767 cruciﬁgatur
1597 2694 1758 2752 Pater
1797 2703 1853 2751 et
1887 2694 2011 2767 Spi-

431 2784 576 2840 ritus
603 2791 873 2839 sanctus:
914 2782 997 2837 vel
1047 2797 1154 2852 qua
1185 2781 1427 2854 denique
1492 2782 1735 2854 Spiritus
1781 2792 2009 2840 sanctus

426 2874 772 2942 immortalis,
811 2874 1094 2945 passibilis
1151 2875 1516 2946 significetur.
1576 2874 1714 2930 Nam
1769 2877 2008 2948 hymnus

2111 1966 2297 2039 ἕτερον
2326 1968 2384 2021 tv
2413 1969 2479 2040 τῇ
2511 1966 2700 2038 Τριὰδι
2737 1968 3148 2039 παρεισάγοντα
3199 1969 3526 2042 πρόσωπον.

2181 2147 2286 2194 πε’.
2336 2139 2618 2196 Ἐντεῦθεν
2647 2141 2740 2197 καὶ
2792 2142 2851 2198 ἐν
2900 2143 2978 2214 τῷ
3033 2145 3319 2216 Τρισαγίιρ
3371 2148 3700 2222 προσθήκην

2113 2229 2432 2304 βλάσφημον
2453 2233 2769 2305 ὀριξόμεθα,
2791 2234 2866 2299 ὠς
2896 2235 3153 2307 τέταρτον
3183 2238 3241 2292 ὲν
3266 2238 3456 2310 Τριάδι
3489 2256 3700 2312 παρεν-

2109 2324 2348 2378 τιθεῐσαν
2371 2325 2683 2396 πρόσωπον,
2720 2327 2814 2379 καὶ
2841 2326 2945 2381 ἀνά
2973 2328 3138 2400 μέρος
3157 2328 3394 2383 τιθεῖσαν
3422 2331 3518 2384 τοῦ
3548 2332 3693 2385 Θεοῦ

2109 2414 2209 2486 τὴν
2237 2416 2600 2470 ένυπόστατον
2620 2413 2871 2489 δύναμιν,
2901 2419 2996 2472 καὶ
3033 2419 3138 2473 ἁνὰ
3182 2421 3348 2492 μέρος
3375 2423 3466 2474 τὸν
3501 2425 3700 2475 ἐσταυ-

2113 2507 2376 2580 ρωμένον,
2397 2509 2472 2571 ὼς
2503 2507 2662 2562 ἄλλον
2688 2509 2814 2562 ὄντα
2845 2511 2997 2580 παρὰ
3020 2510 3114 2565 τὸν
3142 2513 3414 2580 ἰσχυρὸν,
3449 2512 3486 2584 ἦ
3523 2513 3701 2585 παθηο

2107 2600 2207 2670 τὴν
2227 2599 2324 2671 τὴν
2354 2601 2518 2669 ἁγίαν
2539 2600 2744 2671 Τριάδα
2775 2601 3125 2668 δοξάζουσαν,
3154 2602 3250 2656 καὶ
3275 2604 3700 2668 συσταυροῦσαν

2108 2691 2186 2764 τῷ
2213 2691 2330 2763 Υίῷ
2366 2691 2458 2745 τὸν
2513 2692 2735 2764 Πατέρα
2782 2694 2876 2746 καὶ
2906 2693 2966 2746 τὸ
3014 2693 3240 2766 Πνεῦμα
3266 2697 3326 2747 τδ
3354 2697 3532 2763 ἅγιον,
3565 2697 3604 2769 ἦ
3639 2697 3702 2750 τὸ

2109 2783 2333 2855 Πνεῦμα
2369 2782 2432 2837 τὸ
2476 2784 2629 2853 ἅγιον
2663 2783 2756 2836 καὶ
2802 2783 3102 2840 ἀθάνατον
3123 2827 3138 2851 ,
3179 2785 3420 2857 παθητὸν
3463 2788 3700 2841 ἀποδει-

2108 2874 2396 2929 κνύουσαν.
2437 2873 2496 2928 '0
2521 2874 2629 2946 γὰρ
2661 2873 2952 2947 Τρισὰγιος
2984 2867 3138 2940 οὗτος
3169 2875 3362 2946 ὕμνος,
3392 2877 3564 2930 πάλαι
3602 2879 3704 2949 μὲν

434 2968 524 3024 hic
556 2964 842 3037 Trisagius
877 2965 1008 3022 olim
1036 2980 1066 3020 a
1098 2965 1307 3037 Spiritu
1345 2977 1539 3022 sancto
1573 2982 1670 3038 per
1695 2966 2005 3038 Seraphim,

2115 2966 2214 3019 ὑπὸ
2234 2964 2327 3019 τοῦ
2362 2963 2679 3036 Πνεὺματος
2715 2965 2809 3018 τοῦ
2844 2967 3000 3036 ἁγίου
3033 2965 3123 3020 διὰ
3153 2967 3264 3021 τῶν
3291 2968 3705 3041 λειτουργικῶ

433 3056 724 3112 ministros
751 3055 878 3126 ejus
912 3056 1163 3126 spiritus,
1203 3057 1409 3113 videnti
1459 3056 1629 3113 Deum
1662 3057 1819 3114 Isaia:
1847 3073 2005 3112 revc~

2115 3056 2272 3112 αὑτοῦ
2312 3058 2639 3128 πνευμάτων
2670 3057 2777 3110 τῶν
2824 3059 3073 3130 Σεραφὶμ
3107 3058 3184 3129 τῷ
3229 3059 3444 3133 θεόπτῃ
3502 3062 3707 3133 Ἡσαΐᾳ.

435 3147 579 3205 latus
612 3156 698 3204 est
729 3147 796 3213 “,
847 3163 954 3222 quo
993 3155 1109 3203 tres
1156 3146 1390 3204 Deitatis
1423 3148 1751 3222 hypostases
1805 3162 2008 3204 arcano

436 3239 600 3295 modo
626 3238 1081 3306 declarabantur,
1111 3253 1365 3310 unusque
1390 3238 1727 3303 dominatus,
1756 3248 1810 3295 et
1845 3237 2012 3310 419

432 3339 660 3386 natura.
724 3329 850 3399 Ipse
912 3329 1190 3399 siquidem
1243 3327 1426 3386 Isaias-
1471 3345 1533 3386 se
1581 3329 1792 3385 vidisse
1839 3329 2007 3384 Deum

422 3429 493 3477 ἐι
537 3420 756 3475 Patrem
810 3421 921 3484 ait;
968 3419 1216 3474 Joannes
1268 3434 1403 3474 vero
1448 3418 1758 3491 Theologus
1805 3421 2007 3476 Filium

432 3514 485 3568 ei
522 3509 935 3565 manifestatum
974 3509 1053 3563 ait
1099 3508 1182 3574 “;
1223 3507 1425 3565 Paulus
1477 3509 1737 3580 denique,
1788 3511 2006 3569 divinus

424 3603 531 3658 ille
566 3601 876 3672 apostolus,
931 3598 1202 3671 Spiritum
1229 3609 1482 3655 sanctum
1519 3602 1586 3656 "‘.
1624 3600 1765 3657 Hinc
1813 3618 2007 3660 omnes

422 3688 632 3748 sancti
661 3689 852 3747 Patres
889 3699 974 3748 ter
1012 3701 1265 3748 sanctum
1290 3690 1438 3746 hunc
1467 3691 1730 3763 hymnum
1771 3693 1840 3750 de
1874 3709 2009 3749 san-

436 3799 523 3840 cta
596 3783 869 3840 Trinitate
934 3792 1291 3854 acceperunt.
1356 3785 1628 3851 Quocirca
1707 3785 2009 3859 Gregorius

419 3875 746 3948 ’Theologus
779 3875 858 3930 ait
900 3893 914 3929 :
953 3893 973 3928 ι
1004 3873 1117 3930 Hoc
1148 3884 1314 3946 pacto
1340 3875 1529 3948 itaque
1565 3886 1755 3933 sancta
1786 3888 2010 3934 sancto-

422 3983 556 4023 ‘rum
593 3982 712 4039 quae
738 3981 766 4021 ιι
801 3965 1125 4038 Seraphinis
1156 3967 1514 4039 obteguntur,
1543 3969 2008 4042 celebranturque

425 4059 613 4116 tribus
643 4057 956 4115 sanctitatis
988 4057 1507 4126 acclamationibus,
1543 4061 1599 4115 in
1634 4078 1798 4116 unam
1830 4062 2004 4118 domi-

435 4151 714 4205 nationem
743 4148 1120 4226 Deitatemque
1167 4158 1392 4218 coeunt,
1424 4151 1492 4207 de
1536 4167 1644 4223 quo
1677 4153 1820 4209 alius
1852 4155 2009 4226 quis-

425 4243 578 4312 .piam
633 4251 758 4297 ante
786 4255 888 4297 nos
920 4241 1135 4313 egregie
1177 4241 1473 4298 admodum
1502 4251 1556 4299 et
1581 4244 1852 4302 altissime
1885 4246 2006 4318 phi-

437 4335 755 4403 losomiatus
778 4341 886 4388 est.
925 4351 946 4385 ι

509 4423 592 4480 86.
650 4421 844 4478 Fertur
896 4421 1142 4477 inlibris
1189 4421 1490 4489 historicis,
1527 4421 1723 4478 Proclo
1772 4425 2008 4495 patriar-

437 4515 540 4570 cha
573 4512 1212 4584 Constantinopolitano,
1255 4528 1378 4568 cum
1425 4514 1685 4584 populus-
1722 4514 1839 4570 illic
1877 4533 2010 4586 sup-

436 4611 662 4680 plicaret
709 4615 933 4679 propter
992 4605 1087 4660 Dei
1134 4603 1426 4677 quamdam
1496 4606 2009 4675 comminationem,

438 4709 652 4773 raptum
687 4716 717 4755 e
747 4701 901 4770 plebe
953 4714 1204 4770 puerum,
1243 4699 1501 4770 hymnum
1539 4699 1861 4770 ltujusmodi
1905 4717 2008 4756 an-

436 4789 575 4861 gelis
606 4788 934 4844 docentibus
977 4788 1283 4844 didicisse:
1325 4786 1551 4843 Sanctus
1586 4789 1744 4858 Deus,
1785 4801 2002 4846 sanctus

436 4882 616 4950 fortis,
649 4891 864 4935 sanctus
913 4879 1256 4945 immortalis,
1302 4881 1552 4937 miserere
1609 4883 1798 4948 nobis;
1841 4899 2002 4954 quem

436 4979 598 5029 etiam
638 4989 834 5030 canere
863 4974 1056 5046 jussus
1103 4983 1208 5030 est.
1254 4973 1310 5032 ld
1352 4978 1495 5047 quod
1534 4979 1833 5034 revelatum
1885 4988 2005 5034 erat

436 5065 785 5121 emilirmavit
838 5073 1067 5122 eventus
1115 5084 1130 5119 :
1184 5068 1352 5122 simul
1413 5069 1559 5123 enim
1629 5078 1794 5140 atque
1859 5075 2003 5128 ceci-

438 5163 661 5222 nerunt,
692 5157 772 5210 ira
813 5157 1072 5212 cessavit.
1103 5156 1272 5226 Atqui
1326 5157 1470 5214 hanc
1504 5176 1626 5216 esse
1673 5161 1860 5233 hymni
1893 5165 1998 5216 vim

2110 3145 2602 3220 μεμυσταγώγητο,
2623 3146 2721 3210 τὰς
2747 3148 2897 3218 τρεῖς
2935 3147 3262 3212 ὑποστάσεις
3291 3148 3402 3217 τῆς
3424 3149 3704 3220 Oeam-po;

2110 3237 2392 3310 μυστικῶς
2420 3238 2774 3307 ἐμφαίνοντος
2813 3249 2838 3278 ι
2864 3281 2879 3304 ,
2925 3239 3020 3291 καλ⁸
3055 3239 3154 3310 τὴν
3193 3239 3325 3310 μίαν
3372 3242 3702 3313 κυριότητα,

2109 3329 2203 3384 καὶ
2247 3327 2425 3398 φύσιν.
2460 3327 2632 3390 Αὐτὸς
2666 3327 2765 3399 μὲν
2817 3329 2924 3399 γὰρ
2953 3330 2981 3382 ὁ
3021 3330 3246 3393 Ἡσαΐας
3281 3329 3381 3383 τὸν
3425 3331 3572 3385 Θεὸν
3614 3333 3701 3387 καὶ

2108 3421 2332 3494 Πατέρα
2357 3419 2460 3488 ἔφη
2488 3417 2793 3489 ἑωρακέναι
2812 3434 2825 3448 ·
2851 3420 2879 3472 ὁ
2911 3418 3167 3487 Θεολόγος
3219 3419 3276 3474 δὲ
3319 3421 3587 3493 Ἰωάννης
3611 3423 3700 3475 τὸν

2109 3511 2237 3566 Υἱὸν
2293 3510 2440 3582 αὑτῷ
2489 3509 2592 3582 ἔφη
2645 3510 3132 3580 ἁποκεκαλύιρθαι·
3192 3513 3408 3577 Παῦλος
3466 3514 3528 3567 δὲ
3563 3515 3700 3579 θεῖος

2109 3602 2421 3669 ἀπόστολος,
2456 3600 2516 3654 τὸ
2573 3600 2795 3672 Πνεῦμα
2823 3602 2884 3655 τὸ
2913 3602 3088 3671 ἅγιον.
3139 3603 3428 3658 Ἐντεῦθεν
3487 3606 3638 3669 ἄπας
3675 3609 3703 3660 ό

2107 3695 2213 3750 τῶν
2242 3696 2413 3764 ἁγίων
2460 3693 2721 3766 Πατέρων
2759 3695 2946 3765 ἐσμὸς,
3004 3698 3082 3759 είς
3114 3695 3216 3765 τὴν
3266 3697 3435 3765 ἁγίαν
3488 3698 3705 3769 Τριάδα

2107 3785 2293 3838 τοῦτον
2321 3787 2410 3838 τὸν
2440 3786 2733 3856 Τρισὰγιον
2786 3785 3132 3856 ὲξειλήςςασιν
3171 3787 3367 3860 ῦμνον.
3398 3791 3545 3862 Φησὶ
3569 3792 3704 3860 γοῦν

2110 3877 2137 3929 ὁ
2167 3876 2423 3945 Θεολόγος
2458 3875 2757 3946 Γρηγόριος
2776 3893 2792 3909 ’
2829 3878 3014 3931 «Οῦτω
3046 3878 3144 3948 μὲν
3171 3875 3264 3933 οὑν
3288 3880 3361 3934 τὰ
3394 3882 3570 3950 Ἅγια
3594 3883 3700 3936 ten

2107 3968 2298 4037 ἁγίων,
2325 3969 2361 4022 δι
2389 3969 2483 4022 καὶ
2505 3971 2616 4033 τοῖς
2645 3969 2896 4041 Σεραφὶμ
2920 3971 3388 4039 συγκαλύπτεται,
3412 3975 3522 4029 καὶ
3552 3975 3702 4039 δοξὲ-

2108 4059 2260 4125 ξεται
2289 4059 2467 4130 τρισὶν
2513 4060 2804 4132 ἁγωσμοίς
2844 4063 2920 4124 εί,
2952 4063 3081 4133 μίαν
3118 4063 3364 4118 συνιοῦσι
3397 4069 3707 4138 κυριότητὰ

2107 4169 2168 4206 τε
2212 4151 2306 4206 καὶ
2345 4153 2585 4224 Θεότητα
2603 4170 2616 4183 ·
2647 4153 2675 4206 ὃ
2708 4155 2801 4207 καὶ
2828 4153 2971 4225 ἄλλῳ
3007 4157 3115 4208 τινὶ
3142 4155 3251 4209 τῶν
3274 4157 3389 4228 πρὸ
3411 4159 3582 4230 ἡμῶν
3607 4178 3706 4212 πε-

2109 4245 2465 4317 φιλοσόφηται
2497 4246 2761 4301 κάλλιστά
2788 4265 2847 4301 τε
2877 4248 2972 4301 καὶ
2992 4247 3328 4319 ὑψηλότατα,
3361 4250 3428 4305 ἐκ
3469 4267 3624 4314 τινος
3651 4251 3712 4304 ει

2039 4347 2082 4402 D
2111 4338 2262 4401 θείας
2286 4338 2701 4409 ἀποκαλύψεως.

2181 4432 2298 4498 σις’.
2337 4435 2401 4487 Ai.
2437 4436 2711 4504 ἱστορικαὶ
2739 4435 3122 4506 διχγορεὺουσι
3160 4435 3360 4506 βίόλοι,
3401 4437 3512 4491 ἐπὶ
3561 4438 3712 4507 Πρε-

2110 4525 2237 4580 κλου
2265 4525 2532 4597 προέδρου
2588 4527 3254 4592 Κωνσταντινουπόλεως,
3311 4527 3716 4593 λιτανεύοντας

2113 4616 2205 4671 τοῦ
2241 4617 2428 4672 αὑτὸοι
2461 4617 2592 4673 λαοῦ
2625 4618 2712 4672 διά
2737 4636 2857 4674 τινα
2896 4619 3160 4690 θεήλατον
3206 4620 3476 4692 ἀπειλὴν,
3525 4622 3708 4692 mea?

2114 4708 2358 4778 παγῆναι
2381 4708 2472 4763 τοῦ
2501 4709 2633 4764 λαοῦ
2661 4711 2894 4778 παιδίον,
2944 4712 3042 4765 καὶ
3078 4711 3170 4766 τὸν
3205 4709 3380 4782 ῦμνον
3417 4712 3580 4767 οὕτω
3629 4715 3714 4767 ἔε-

2114 4799 2375 4870 δαχθῆναι
2421 4800 2513 4853 ὑπ’
2548 4801 2846 4873 ἁγγελικῆς
2866 4819 3010 4867 τινος
3029 4803 3429 4875 μυσταγωγίας
3456 4820 3472 4832 ·
3499 4805 3716 4875 ’Δγ-ιτς

2114 4892 2145 4944 ό
2174 4889 2336 4956 Θεὸς,
2360 4888 2525 4958 ἅγιος
2556 4890 2805 4960 ἰσχυρὸς
2824 4930 2838 4956 ,
2881 4891 3046 4961 ἅγιος
3079 4891 3403 4958 ἀθάνατος,
3433 4893 3718 4960 Macer

2113 4979 2291 5050 ἡμᾶς,
2322 4981 2416 5034 καὶ
2445 4981 2805 5053 κελευσθῆναι
2834 4982 3000 5054 ᾄδειν.
3035 4980 3318 5052 Ἐκύρωσε
3351 4983 3411 5035 δὲ
3432 4984 3545 5055 τὴν
3568 4987 3715 5038 i=9-

2109 5072 2341 5140 κάλυψιν
2375 5075 2407 5141 ἡ
2443 5071 2707 5144 σύντομος
2760 5073 3020 5140 ἔκϐασις·
3069 5075 3188 5145 ἅμα
3215 5075 3328 5145 γὰρ
3388 5069 3569 5148 ᾖσαν.
3615 5078 3716 5128 καὶ

2108 5163 2378 5218 ἐκόπασεν
2412 5166 2444 5237 ἡ
2473 5165 2632 5238 ὀργή.
2656 5166 2840 5237 Φαμὲν
2872 5165 2926 5218 δὲ
2955 5164 3160 5236 ταύτην
3191 5162 3337 5220 εἶναι
3387 5165 3493 5221 τοῦ
3529 5167 3706 5239 ὕμνου

507 5333 552 5365 ’⁸³
589 5331 689 5389 lsa.
713 5349 763 5397 ν,
799 5334 820 5386 1
854 5347 1008 5404 seqq.
1080 5329 1303 5388 "Joan.
1343 5350 1439 5402 xtt,
1464 5334 1550 5389 41.
1627 5337 1670 5370 ⁸⁸
1699 5338 1822 5392 Act.
1866 5354 2062 5405 xxvm,
2094 5337 2186 5392 23.

1729 5497 1963 5555 VARIA‘}
2005 5498 2406 5557 LECTIONES.

530 5571 545 5587 ⁸
570 5573 694 5643 Leg.
729 5578 1032 5646 ἐμφαίνων.
