3930 6206
287 161 429 226 1485

1540 159 1839 223 CONTRA
1868 156 2272 223 JACOBITAS
2295 196 2309 213 .

3393 144 3530 213 1486

280 272 384 340 τὴν
418 266 673 337 δύναμιν⁹
707 266 895 335 Ἄγιος
931 266 965 320 ό
995 264 1158 330 Θεὸς,
1180 266 1208 318 ὁ
1248 264 1439 335 Πατὴρ
1472 263 1532 328 ἐξ
1568 259 1630 318 οῦ
1660 265 1793 328 Θεὸς
1824 266 1852 317 ὁ

1968 277 2286 333 sensumque
2314 260 2574 316 dicimus.
2605 258 2833 313 Sanctus
2871 256 3011 311 Dens
3036 299 3050 320 ,
3082 254 3246 311 Pater
3282 254 3532 319 scilicet,

281 358 437 423 Υἱὸς,
468 356 562 409 καί⁵
591 356 721 417 Θεὸς
749 356 809 406 τὸ
840 354 1065 425 Πνεῦμα
1091 355 1152 407 τὸ
1170 354 1325 422 ἆγιον
1348 371 1362 384 ο
1398 353 1565 422 ἅγιος
1584 355 1854 422 ἰσχυρὸς,

280 452 312 503 ὁ
348 450 493 510 Υἱὸς,
553 449 586 517 ή
637 446 731 499 τοῦ
772 447 983 517 [ἰατρὸς
1044 447 1206 515 σοφία
1256 448 1354 500 καὶ
1393 446 1655 515 δύναμις·
1690 444 1860 512 ᾶγιος

281 538 581 603 ἀθάνατος
600 577 615 601 ,
643 538 703 589 τὸ
730 536 955 607 Πνεῦμα
980 537 1039 590 τὸ
1069 537 1226 606 ἅγιον
1245 552 1259 567 ο
1290 538 1351 591 τὸ
1379 537 1602 606 Πνεῦμα
1618 537 1724 606 γάρ
1742 539 1859 588 ἐστι

281 632 344 684 τὸ
400 628 718 694 ζωοποιοῦν,
784 630 936 683 καὶὸ
967 647 988 681 ι
1024 630 1187 701 νόμος
1231 628 1328 683 τοῦ
1385 629 1704 699 Πνεύματος
1759 626 1860 696 τῆς

281 724 455 795 ζωῆς.
489 743 507 775 ι
546 726 656 778 Καὶ
677 726 705 783 ό
743 724 1045 797 Θεοπάτωρ
1081 726 1268 779 Δαϐίδ·
1294 746 1313 779 ι
1347 726 1686 797 Ἐδίψησενή
1711 724 1857 795 ψυχή

283 833 387 887 μου
414 815 551 886 πρὸς
581 816 673 870 τὸν
699 816 852 880 Θεὸν,
884 817 976 870 τὸν
1009 818 1247 889 ἰσχυρὸν,
1282 818 1372 871 τὸν
1394 819 1593 883 ζῶντα.
1619 840 1636 869 ι
1674 817 1860 871 Ταῦτα

278 906 337 959 δὲ
368 906 623 978 λέγομεν,
652 907 713 959 οὐ
766 908 928 977 μόνον
977 906 1056 975 τῷ
1109 907 1284 979 Πατρὶ
1327 907 1733 979 περιορίζοντες
1758 906 1860 975 τὴν

200 1070 206 1075 _
280 997 531 1068 θεότητα,
566 997 689 1051 οὐδὲ
720 998 866 1069 μόνῳ
891 997 967 1067 τῷ
998 996 1113 1069 Υἱῴ
1135 999 1233 1068 τὴν
1259 998 1510 1067 δύναμιν,
1539 999 1572 1069 ἢ
1606 998 1703 1068 τὴν
1729 996 1861 1050 ἀθα-

218 1076 219 1079 ¹
280 1088 473 1142 νασιαν
511 1086 656 1159 μόνῳ
716 1086 795 1157 τῷ
840 1086 1140 1158 Πνεύματι,
1202 1087 1330 1140 ἀλλ’
1364 1089 1448 1157 ἐφ’
1484 1089 1721 1161 ἑκάστης
1752 1090 1861 1143 τῶν

283 1181 639 1234 ὐποστάσεων
665 1178 843 1243 πάσας
867 1179 966 1243 τὰς
987 1178 1289 1249 θεωνυμίας
1320 1180 1506 1244 ἁπλῶς
1535 1182 1630 1234 καὶ
1645 1183 1860 1248 ὲνιαίως
1898 1236 1903 1245 ,

284 1269 676 1339 λαμϐάνοντες,
704 1267 823 1321 ’τὸν
864 1267 1006 1322 θεῖον
1071 1267 1395 1321 Ἀπόστολον
1463 1269 1859 1341 ἐκμιμούμενοι

287 1361 565 1430 φάσκοντα
586 1374 601 1388 ο
642 1376 660 1408 ι
710 1357 874 1426 Ἡμῖν
908 1354 965 1410 δὲ
1016 1352 1096 1421 εἷς
1154 1356 1285 1421 Θεὸς
1316 1359 1342 1411 ὁ
1367 1358 1579 1429 Πατὴρ,
1614 1359 1673 1424 ἐξ
1696 1353 1757 1413 οὗ
1792 1361 1860 1414 τὰ

288 1453 490 1515 πάντα,
517 1450 612 1503 καὶ
638 1449 800 1519 ἡμεῖς
856 1445 919 1511 ἐξ
970 1446 1134 1500 αὐτοῦ
1161 1447 1189 1487 δ
1214 1462 1229 1476 ⁶
1264 1448 1358 1501 καὶ
1391 1442 1472 1509 εἷς
1502 1447 1708 1520 Κύριος
1749 1451 1858 1521 Ἰη-

287 1538 413 1602 σοῦς
429 1537 680 1608 Χριστὸς,
710 1535 777 1589 δι’
806 1531 868 1588 οῦ
896 1535 965 1589 τὰ
994 1535 1193 1599 πάντα,
1233 1536 1327 1589 καὶ
1356 1537 1519 1607 ἡμεῖς
1549 1536 1617 1589 δι’
1653 1538 1852 1592 αὑτοῦ·

286 1632 383 1685 καὶ
407 1631 465 1683 ἒν
490 1627 711 1699 Πνεῦμα
761 1627 937 1696 ἅγιον,
974 1628 1031 1681 ἐν
1059 1622 1103 1696 ᾦ
1132 1628 1202 1681 τὰ
1243 1631 1443 1692 πάντα,
1480 1632 1573 1683 καὶ
1605 1631 1767 1701 ἡμεῖς
1799 1632 1857 1685 ἐν
1886 1610 1934 1670 Β

284 1724 434 1792 αὐτῷ
464 1733 515 1778 ο.
542 1739 561 1773 ι
593 1722 669 1775 Οὐ
702 1718 819 1792 μὴν.
834 1720 971 1773 ἀλλὰ
997 1719 1092 1773 καὶ
1128 1720 1220 1773 τὸν
1250 1720 1512 1789 Θεολόγον
1558 1721 1859 1794 Γρηγόριον

285 1810 387 1885 ᾦδὲ
417 1834 493 1887 πη
519 1814 792 1883 λέγονταί
817 1814 976 1883 Ἡμῖν
1001 1812 1055 1865 δὲ
1074 1810 1155 1877 εἷς
1181 1812 1314 1876 Θεὸς
1343 1815 1370 1866 ὁ
1386 1813 1597 1885 Πατὴρ,
1616 1813 1675 1879 ἐξ
1706 1809 1766 1867 οὗ
1790 1814 1860 1868 τὰ

287 1911 488 1975 πάντα,
550 1910 646 1963 καὶ
674 1905 754 1971 εἷς
790 1907 994 1977 Κύριος
1057 1904 1265 1978 Ἰησοῦς
1315 1906 1571 1978 Χριστὸς,
1603 1905 1672 1959 δι’
1692 1899 1755 1960 οῦ
1792 1905 1862 1959 τὰ

286 2004 483 2065 πάντα,
510 2000 605 2053 καὶ
636 1999 693 2051 ἓν
754 1997 979 2069 Πνεῦμα
1020 1998 1197 2067 ἆγιον,
1224 2001 1282 2052 ὲν
1319 1992 1363 2067 ᾧ
1414 1997 1482 2052 τὰ
1516 1998 1693 2051 πάντα
1716 2015 1731 2029 ⁸
1765 1998 1860 2053 τοῦ

287 2092 348 2158 ἐξ
369 2085 564 2155 οῦ,καὶ
589 2088 655 2142 δι’
684 2082 768 2154 οῦ,
800 2089 897 2141 καὶ
936 2089 994 2140 ὲν
1048 2081 1113 2154 ᾧ,
1157 2087 1233 2159 μὴ
1282 2087 1474 2157 φύσεις
1528 2087 1859 2156 τεμνόντων,

288 2183 425 2237 ἀλλά
454 2180 966 2253 χαρακτηριξόντων
1000 2181 1130 2250 μιᾶς
1176 2182 1270 2233 καὶ
1305 2178 1615 2250 ἀσυγχύτου
1646 2178 1861 2249 φύσεως

292 2277 585 2345 ἰδιότητας.
620 2292 639 2325 ι

361 2367 467 2431 πζ¹.
494 2367 671 2429 Γέλως
694 2359 786 2420 οῦν
813 2365 983 2429 ὅντως
1031 2364 1126 2420 καὶ
1166 2366 1441 2433 παίγνιον,
1475 2366 1573 2438 τὴν
1601 2365 1668 2419 δι’
1695 2364 1863 2435 ἀγγέ-

290 2460 399 2512 λων
454 2458 754 2528 μυηθεῖσαν
806 2455 1072 2527 πρότερόν
1114 2474 1173 2509 τε
1234 2457 1329 2511 καὶ
1362 2454 1608 2527 ὕστερον,
1655 2458 1748 2510 καὶ
1794 2458 1861 2527 τῇ

289 2551 388 2619 τῆς
414 2549 705 2619 ἐπαγωγῆς
738 2547 890 2618 λήξει
913 2547 1301 2611 πιστωθεῖσαν,
1329 2549 1421 2600 καὶ
1449 2550 1515 2617 τῇ
1551 2546 1660 2600 τῶν
1692 2548 1863 2615 ἁγίων

290 2637 547 2707 Πατέρων
584 2636 861 2707 μαρτυρίᾳ
885 2634 1276 2705 βεϐαιωθεῑσαν
1300 2636 1583 2707 τρισάγιον
1608 2636 1770 2706 ᾠδὴν,
1790 2638 1865 2699 ὡς

284 2731 387 2799 τῆς
417 2732 546 2801 μιᾶς
593 2728 1027 2799 τρισυποστάτου
1071 2728 1337 2798 Θεότητος
1394 2728 1757 2799 ὲμφαντικὴν,
1796 2731 1863 2799 τῇ

285 2822 379 2875 τοῦ
401 2820 667 2889 Κναφὲως
721 2814 833 2872 οἷον
896 2819 1349 2888 καταπατηθῆναι
1409 2820 1591 2890 ἀλόγῳ
1643 2822 1817 2890 οἰήσει
1848 2835 1863 2849 ο

1960 370 2026 410 ex
2049 368 2157 424 quo
2175 352 2317 410 Deus
2336 351 2530 415 Filius,
2557 351 2810 420 Deusque
2838 347 3082 419 Spiritus
3109 355 3359 403 sanctus.
3387 346 3527 403 San-

1960 455 2074 500 ctus
2108 445 2289 514 fortis,
2317 444 2508 508 Filius,
2539 440 2813 511 sapientia
2842 440 3025 495 Patris
3056 446 3109 494 et
3140 441 3316 494 virtus
3344 457 3358 493 :
3392 438 3535 494 San-

1959 546 2075 591 etus
2107 536 2450 601 immortalis,
2482 533 2723 604 Spiritus
2777 538 3039 595 sanctus;
3086 539 3275 599 utpote
3308 530 3399 599 qui
3449 530 3533 583 vi-

1959 626 2155 683 vilicus
2180 626 2287 694 sit;
2312 631 2529 697 estque,
2561 625 2682 680 «lex
2714 622 2955 693 Spiritus
2984 621 3110 676 vitae
3135 621 3203 674 δ’.
3229 640 3247 673 ι
3278 622 3533 688 Quinimo

1964 720 2266 788 Deiparens
2298 718 2467 773 David
2506 735 2576 773 ει
2617 716 2803 772 Sitivit
2837 716 3020 769 anima
3060 729 3203 777 mea,
3233 714 3433 783 inquit,
3467 716 3533 769 ad

1960 809 2132 866 Deum
2167 808 2669 874 fortem,vivum".
2692 823 2710 856 ι
2737 806 2893 874 Quod
2940 806 3162 877 quidem
3205 820 3233 858 a
3267 805 3423 859 nobis
3452 806 3538 859 di-

1961 909 2113 957 ctum
2136 918 2246 957 non
2279 903 2371 967 sit,
2404 910 2464 957 ut
2488 903 2544 957 in
2572 902 2692 957 solo
2713 898 2877 956 Patre
2903 901 3167 956 divinitas
3189 900 3539 955 circumscri-

1949 994 2217 1060 batur,in
2238 996 2361 1051 solo
2382 993 2546 1060 Filio,
2566 994 2768 1058 virtus,
2800 1002 2853 1050 et
2881 993 2938 1048 in
2957 994 3075 1049 solo
3105 991 3312 1063 Spiritu
3342 1002 3539 1047 sancto

1962 1088 2543 1159 immortalitas;quin
2580 1089 2767 1159 potius
2795 1088 2848 1142 in
2878 1101 3210 1157 unaquaque
3252 1086 3539 1157 hypostasi

1959 1186 2160 1233 cuncta
2195 1180 2417 1235 nomina
2434 1179 2620 1233 divina
2645 1178 2972 1248 simpliciter
2995 1187 3049 1232 et
3075 1176 3431 1246 singulariter
3447 1190 3541 1229 ac-

1959 1272 2219 1342 cipimus,
2264 1273 2586 1341 Apostolum
2609 1270 2827 1338 imitati,
2864 1269 2956 1324 tibi
2996 1269 3101 1323 ait:
3136 1267 3539 1322 «Nobisautetn

1961 1379 2107 1420 unus
2130 1363 2274 1420 Deus
2303 1363 2482 1429 Pater,
2513 1377 2579 1418 ex
2611 1377 2722 1432 quo
2754 1360 2940 1416 omnia
2960 1368 3011 1413 et
3032 1373 3131 1413 nos
3149 1375 3215 1413 ex
3234 1360 3354 1429 ipso
3378 1357 3452 1423 "‘;
3486 1369 3541 1412 et

1959 1471 2104 1511 unus
2119 1453 2389 1508 Dominus
2422 1450 2589 1508 Jesus
2613 1450 2894 1515 Christus,
2928 1466 3024 1519 per
3048 1464 3209 1520 quem
3246 1450 3454 1512 omnia,
3484 1456 3541 1503 et

1960 1560 2064 1600 nos
2106 1558 2205 1614 per
2234 1543 2415 1614 ipsum
2448 1543 2493 1575 "
2520 1561 2535 1609 ;
2569 1551 2621 1597 et
2649 1557 2793 1598 unus
2821 1541 3059 1613 Sptritus
3089 1541 3410 1601 sanctus.in
3434 1556 3557 1611 quo.

1962 1634 2149 1689 omnia
2194 1641 2249 1688 et
2276 1648 2380 1689 nos
2426 1631 2480 1687 in
2514 1632 2656 1703 ipso.
2709 1652 2727 1686 ι
2772 1631 2886 1687 lmo
2939 1631 3265 1704 Gregorium
3324 1647 3543 1703 quoque

1962 1724 2299 1796 Tlteologum
2354 1723 2429 1779 ita
2488 1724 2845 1794 loquentem:
2885 1741 2904 1775 ι
2967 1722 3141 1779 Nobis
3180 1731 3359 1779 autem
3398 1739 3543 1779 unus

1963 1818 2107 1874 Deus
2154 1816 2317 1872 Pater
2343 1831 2410 1872 ex
2438 1833 2549 1887 quo
2584 1818 2794 1882 omnia,
2827 1826 2880 1873 et
2910 1832 3052 1871 unus
3083 1815 3352 1871 Dominus
3379 1815 3542 1871 Jesus

1962 1908 2220 1965 Christus
2256 1923 2353 1979 per
2396 1923 2559 1979 quem
2591 1909 2817 1973 omnia;
2849 1917 2901 1963 et
2939 1923 3082 1963 unus
3132 1906 3375 1978 Spiritus
3415 1923 3543 1961 san-

1962 2010 2085 2058 ctus
2113 2042 2128 2068 ,
2161 2002 2216 2055 in
2251 2016 2362 2071 quo
2389 2001 2595 2055 omnia.
2627 2019 2646 2052 ι
2690 2000 2826 2054 Illud
2853 2016 2921 2055 ea:
2947 2017 3071 2072 quo,
3111 2010 3165 2056 et
3192 2015 3285 2069 per
3311 2015 3461 2069 quem
3488 2011 3542 2054 et

1963 2096 2017 2148 in
2072 2110 2209 2163 quo,
2246 2100 2474 2146 naturas
2529 2106 2641 2147 non
2689 2091 3099 2156 scindentibus,
3142 2091 3239 2146 sed
3298 2089 3544 2161 proprie—

1963 2194 2108 2241 tates
2162 2184 2604 2257 exprimentibus
2663 2186 2832 2241 unius
2889 2192 2945 2239 et
2995 2199 3105 2239 non
3143 2181 3394 2239 confusa:
3442 2196 3541 2236 na-

1964 2289 2120 2333 tum.
2164 2297 2182 2330 ι

2032 2371 2122 2426 87.
2157 2369 2474 2427 Ridiculum
2505 2384 2638 2439 ergo
2679 2374 2851 2423 estet
2896 2367 3172 2422 ludicrum
3202 2405 3218 2429 ,
3265 2365 3540 2421 canticum

1965 2461 2302 2532 Tt-isagium,
2341 2462 2489 2532 quod
2533 2459 2714 2531 angeli
2764 2459 2898 2513 olim
2939 2458 3407 2529 postmodutuqne
3440 2459 3544 2511 tio-

1963 2562 2221 2619 cnerunt,
2248 2555 2398 2623 quod
2438 2553 2683 2609 cessatio
2718 2550 2936 2607 inﬂicta:
2990 2551 3162 2621 plaga:
3207 2551 3543 2619 comproba-

1964 2648 2064 2711 vit,
2094 2646 2241 2716 quod
2276 2647 2457 2703 sancti
2507 2645 2701 2701 Patres
2743 2645 3063 2700 testimonio
3098 2658 3201 2698 suo
3253 2643 3548 2697 conﬁrma-

1967 2745 2138 2800 runt,
2196 2736 2551 2793 Divinitatem
2614 2737 2779 2790 trium
2828 2749 3192 2806 personarum
3240 2733 3542 2797 declarare,

1967 2829 2162 2884 insana
2219 2828 2537 2899 arrogantia
2587 2826 2735 2882 Petri
2790 2826 3039 2881 Fullonis
3094 2824 3256 2880 modo
3308 2824 3545 2894 quodam

284 2913 361 2976 ὡς
386 2913 495 2983 γάρ
539 2912 752 2982 ἱμάτιον
778 2909 869 2963 τὸν
930 2911 1076 2981 ἱερὸν
1121 2909 1310 2963 τοῦτον
1358 2910 1526 2980 ῦμνον
1583 2911 1862 2983 καθαίρειν

1971 2919 2308 2975 conculcari.
2346 2918 2579 2973 Sacrum
2611 2918 2886 2988 siquidem
2924 2918 3189 2987 hymnum
3224 2916 3390 2970 istum
3426 2913 3547 2984 pal-

285 3005 553 3074 οίόμενος,
602 3002 697 3056 καὶ
753 3001 915 3055 πλέον
981 3000 1323 3072 λαμπρύνειν
1351 3042 1367 3067 ,
1409 3002 1443 3073 ἢ
1506 3001 1687 3067 καλῶς
1729 3002 1864 3074 ἔχει,

288 3094 607 3166 προσθήκην
664 3091 741 3161 τῷ
795 3093 1097 3162 Τρισαγίῳ,
1149 3090 1224 3155 ὡς
1275 3091 1439 3162 δῆθεν
1479 3092 1588 3146 τῶν
1618 3095 1868 3165 Σεραφὶμ

289 3185 608 3255 ὑπέρτερος,
664 3182 1012 3252 παρενέθετο,
1067 3181 1256 3252 ὥσπερ
1304 3183 1735 3253 ἀντινομοθετῶν
1788 3185 1867 3256 τῷ

288 3277 431 3345 ἁγίῳ
456 3274 755 3343 Πνεύματι.
800 3272 942 3325 Ἀλλ’
978 3273 1024 3326 ὣ
1056 3274 1157 3343 τῆς
1186 3274 1467 3340 αὑθαδίας,
1498 3275 1585 3326 ῖνα
1617 3276 1690 3345 μὴ
1723 3275 1868 3343 λέγω

288 3369 390 3437 τῆς
413 3366 595 3429 ἀνοίας
621 3366 633 3418 l
667 3363 859 3436 Ἡμεῖς
886 3365 944 3418 δὲ
968 3364 1112 3418 οὕτω
1143 3365 1347 3435 φαμὲν,
1380 3366 1486 3418 κᾶν
1527 3366 1579 3417 οἱ
1612 3365 1868 3435 δαίμονες

290 3459 753 3531 δωρῤήγνυνταιο
813 3458 1018 3525 ’Ἄγιος
1067 3460 1100 3510 ό
1170 3459 1336 3523 Θεὸς,
1376 3457 1545 3527 ἅγιος
1591 3458 1862 3526 ἰσχυρὸς,

290 3550 455 3619 (irth
477 3549 792 3614 ἀθάνατος,
822 3549 1085 3613 ἐλέησον
1110 3545 1289 3616 ἡμᾶς.

363 3648 474 3712 πη’.
507 3642 649 3712 Πρὸς
705 3641 762 3693 δὲ
803 3639 908 3691 τῶν
950 3639 1256 3709 εἰρημένων
1299 3639 1703 3701 πίστωσιν,καὶ
1728 3640 1865 3710 χρή-

295 3750 409 3797 σεις
437 3732 542 3784 τῶν
578 3732 749 3799 ἁγίων
786 3731 1071 3802 Πατέρων,
1100 3724 1175 3785 ὧν
1207 3731 1268 3782 τὸ
1298 3730 1472 3801 στόμα
1501 3729 1634 3782 Θεοῦ
1662 3748 1864 3801 κεχρη-

295 3826 489 3895 μάτικε
519 3823 716 3893 στόμα,
747 3822 1098 3892 ὑπετάξαμεν
1153 3815 1227 3875 ὧν
1247 3820 1659 3892 δυσωπηθέντες
1690 3822 1750 3875 τὸ
1776 3823 1865 3874 al-

290 3917 532 3985 δέσιμον,
567 3915 684 3985 μεθ’
710 3914 868 3985 ἡμῶν
890 3914 984 3967 καὶ
1017 3914 1115 3984 τῆς
1149 3913 1410 3983 ἀληθείας
1438 3912 1535 3965 Eva
1583 3912 1737 3977 Θεὸν,
1770 3916 1865 3966 καὶ

293 4009 425 4080 μίαν
453 4007 614 4076 φύσιν
650 4009 706 4059 ὲν
736 4006 916 4075 τρισὶν
976 4005 1329 4070 ὑποστάσεσι,
1389 4005 1483 4057 καὶ
1525 4006 1618 4059 τὸν
1651 4005 1747 4059 ἕνα
1768 4006 1866 4076 τῆς

291 4102 450 4170 ἁγίας
476 4100 725 4171 Τριάδος,
750 4100 840 4151 τὸν
876 4098 1138 4167 μονογενῆ
1163 4098 1290 4150 Υῖὸν
1301 4096 1395 4150 τοῦ
1424 4096 1583 4160 Θεοῦ,
1614 4098 1707 4150 καὶ
1727 4098 1867 4167 μετὰ

1970 3010 2027 3064 lii
2067 3011 2247 3066 instar
2298 3025 2596 3081 repurgare
2651 3024 2712 3065 se
2750 3018 2974 3080 putans,
3008 3006 3549 3079 splendidioremque

1970 3102 2224 3168 reddere,
2270 3116 2334 3156 ac
2395 3103 2439 3158 si
2477 3100 2800 3171 Serapltinis
2849 3099 2991 3155 foret
3044 3099 3414 3170 praestantior,
3450 3098 3549 3150 ad-

1964 3194 2212 3265 jectione
2276 3192 2592 3264 Tttsagium
2646 3191 2901 3255 infersit,
2955 3191 3224 3246 adversus
3282 3190 3548 3261 Spiritum

1969 3296 2219 3340 sant-tum
2256 3284 2425 3339 veluti
2482 3284 2632 3353 leges
2685 3282 2963 3337 sanciens.
3016 3282 3057 3333 0
3089 3295 3403 3350 supremam
3458 3295 3549 3334 ar-

1967 3370 2293 3441 rogantiam,
2322 3383 2389 3425 ne
2412 3369 2615 3434 dicam,
2649 3369 2955 3424 insaniam!
2978 3366 3089 3423 Nos
3111 3383 3261 3432 vero,
3288 3383 3548 3437 rumpan-

1967 3466 2058 3512 tur
2079 3459 2204 3513 Iicet
2225 3459 2570 3513 daemonibus
2602 3458 2715 3523 ilia,
2741 3459 2823 3513 sic
2846 3458 3081 3513 dicimus
3105 3477 3119 3511 :
3142 3455 3368 3512 Sanctus
3390 3455 3548 3520 Deus,

1967 3560 2181 3603 sanctus
2202 3550 2379 3616 fortis,
2407 3559 2622 3602 sanctus
2657 3550 3001 3615 immortalis,
3038 3551 3283 3603 miserere
3313 3553 3505 3604 nostri.

2038 3639 2127 3694 88.
2174 3638 2446 3694 Caeterum
2491 3640 2560 3694 ad
2591 3639 2969 3695 conﬁrmanda
3008 3658 3130 3711 qua:
3202 3644 3347 3697 dicta
3394 3652 3546 3707 sunt,

1967 3729 2328 3784 auctoritates
2380 3729 2710 3795 sultjicimus
2759 3739 3079 3785 sanctorum
3128 3730 3376 3796 Patrum,
3408 3748 3547 3801 qun-

1966 3835 2086 3875 rum
2120 3835 2215 3885 os,
2246 3835 2311 3875 os
2342 3819 2438 3875 Dei
2474 3820 2643 3876 fuerit
2675 3839 2689 3875 :
2727 3829 2787 3875 ut
2822 3836 3011 3876 eorum
3063 3824 3372 3877 reverentia
3422 3839 3547 3893 per-

1964 3912 2129 3978 culsi,
2165 3912 2442 3968 nobiscum
2464 3920 2519 3968 et
2547 3927 2673 3968 cunt
2697 3916 2932 3969 veritate
2961 3929 3133 3968 unum
3163 3913 3329 3985 420
3351 3912 3546 3979 Deum.

1966 4020 2242 4075 unamque
2278 4013 2530 4061 naturam
2565 4005 2619 4059 in
2659 4006 2842 4060 tribus
2886 4006 3161 4075 personis,
3209 4022 3378 4059 unum
3414 4009 3543 4060 item

1965 4098 2033 4152 de
2057 4106 2253 4152 sancta
2275 4096 2547 4151 Trinitatc
2581 4097 2947 4167 unigenitum,
2979 4097 3071 4151 Dei
3109 4097 3329 4160 Filium,
3352 4114 3542 4160 unum,

291 4191 570 4259 σάρκωσιν
621 4188 717 4241 ἕνα
771 4188 1026 4257 Χριστὸν,
1054 4187 1153 4239 ἕνα
1204 4186 1350 4249 Υἱδν,
1379 4186 1475 4239 ἕνα
1520 4186 1747 4258 Κύριον,
1771 4188 1862 4242 καὶ

1970 4192 2233 4259 inquam,
2300 4198 2424 4258 post
2476 4190 2912 4244 incarnationem
2968 4189 3291 4253 Christum,
3343 4187 3541 4243 Filium

295 4281 424 4352 μίαν
460 4279 755 4333 ὑπόστασιν
774 4280 831 4331 ὲν
857 4278 977 4330 δυσὶ
994 4277 1219 4345 φύσεσιν
1238 4277 1557 4348 ἀσυγχύτως
1584 4278 1678 4333 καὶ
1693 4279 1862 4334 ἀδιαι-

1976 4291 2183 4340 unum,
2241 4275 2532 4331 Dominum
2588 4294 2757 4333 unum
2785 4318 2799 4341 ,
2837 4278 3180 4349 hypostasim
3237 4294 3401 4333 unam
3430 4319 3445 4344 ,
3487 4279 3544 4332 in

294 4373 463 4445 ρέτως
508 4369 806 4440 ὀρθοδόξως
856 4368 1155 4439 κηρύξατε.

1968 4365 2185 4421 duabus
2214 4367 2449 4431 naturis,
2479 4368 2596 4423 sine
2627 4367 2981 4434 confusione,
3011 4376 3066 4423 et
3101 4370 3223 4424 sine
3253 4369 3543 4431 divisione,

1965 4467 2115 4514 recta
2149 4458 2473 4527 sinceraque
2504 4457 2608 4514 ﬁde
2644 4461 2979 4530 prrcdicetis.

539 4550 837 4603 ΧΡΗΣΕΙΣ
887 4550 1026 4603 ΤΩΝ
1064 4550 1272 4603 ΑΓΙΩΝ
1312 4548 1633 4602 ΠΑΤΕΡΩΝ

2243 4546 2792 4604 AUCTORITATES
2833 4549 2935 4605 SS.
2978 4549 3267 4604 PATRUM

302 4641 845 4697 Ἀποδεικνύουσαι.
883 4640 963 4705 ὡς
989 4635 1075 4706 εἷς
1102 4641 1274 4693 ἐστιν
1294 4642 1326 4693 ὀ
1367 4638 1635 4705 Χριστὸς,
1669 4637 1737 4691 ἐκ
1763 4637 1862 4693 δύο

1975 4640 2175 4705 Quibus
2213 4640 2609 4695 demonstratur
2657 4658 2819 4695 unum
2866 4659 2976 4697 esse
3028 4643 3299 4696 Christum
3344 4658 3409 4695 ex
3452 4658 3549 4695 na-

362 4714 624 4781 φύσεων,
659 4711 765 4781 καὶ,
786 4710 895 4763 δύο
935 4712 1174 4781 φύσεις.
1228 4710 1322 4763 καὶ
1362 4710 1431 4761 ἐν
1450 4708 1592 4781 δυσὶ
1616 4710 1862 4781 φύσεσι,

2045 4712 2177 4763 turis
2206 4710 2444 4775 duabus,
2478 4722 2527 4764 et
2566 4722 2787 4764 naturas
2818 4712 2951 4765 duas
2974 4754 2987 4775 ,
3021 4714 3177 4781 inque
3208 4713 3414 4765 duabus
3445 4730 3545 4764 ηα-

363 4779 462 4853 καὶ
499 4786 649 4850 μετὰ
709 4779 826 4849 τὴν
881 4779 1222 4847 σωτηριώδη
1269 4779 1648 4848 ὑπεράγαθον
1677 4780 1862 4833 αὑτοῦ

2045 4782 2213 4853 turis,
2244 4790 2360 4853 post
2404 4782 2517 4848 ejus
2552 4784 2842 4834 salutarem
2923 4779 3248 4853 inﬁnitaque
3297 4783 3547 4835 bonitatis

362 4852 691 4918 σάρκωσιν.

750 4940 950 4993 Σκόπει
993 4938 1403 5007 ἀναγινώσκων.

296 5033 410 5093 Τοῦ
437 5032 611 5102 ἁγίου
646 5034 966 5103 Εὶρηναίου
989 5032 1327 5085 ἐπισκόπου
1357 5030 1860 5100 Λουγδούνων,ὲκ

699 5106 805 5158 τοῦ
841 5107 993 5158 κατὰ
1026 5104 1452 5155 Οὐαλεντίνου.

368 5219 386 5251 ι
420 5202 631 5271 Ὥσπερ
660 5200 766 5269 γὰρ
793 5201 824 5269 ἠ
855 5195 1086 5259 κιὸωτδς
1147 5192 1541 5263 κεχρυσωμένη
1569 5187 1637 5263 ῆν
1665 5192 1864 5245 ἔσωθεν

294 5293 386 5347 καὶ
409 5292 609 5358 ἔξωθεν
652 5294 863 5363 χρυσίῳ
909 5286 1156 5358 καθαρῷ,
1186 5285 1359 5345 οὔτως
1392 5286 1483 5338 καὶ
1505 5284 1565 5338 τὸ
1606 5284 1697 5336 τοῦ
1730 5286 1867 5355 Χρι-

336 5406 384 5436 ⁸⁸
407 5404 563 5462 Rom.
599 5422 718 5472 vttt,
746 5404 781 5457 2
877 5403 919 5434 ⁵⁷
947 5400 1093 5457 Psal.
1126 5399 1306 5463 XLI,2.
1382 5398 1427 5427 ⁸⁸
1452 5397 1466 5450 l
1492 5396 1617 5451 Cor.
1658 5413 1773 5461 vut,
1795 5398 1847 5452 6.

2042 4851 2479 4903 incarnationem.

2485 4942 2699 5013 Inspice
2738 4944 2833 5014 qui
2878 4944 3033 5014 legis.

1974 5032 2160 5087 Sancti
2204 5033 2396 5089 [νεηιεί
2440 5036 2671 5105 episcopi
2695 5036 3102 5118 Lugdunensis,
3132 5049 3317 5092 contra
3357 5038 3549 5093 Valen-

2667 5118 2853 5159 ttnum.

2049 5212 2066 5243 ι
2120 5194 2275 5249 Sicut
2319 5196 2465 5249 enim
2499 5211 2624 5251 arca
2691 5208 2885 5251 aurata
2944 5197 3094 5252 intus
3130 5207 3183 5252 rt
3226 5208 3376 5253 extra
3432 5206 3549 5253 erat

1975 5299 2110 5339 auro
2140 5302 2313 5357 puro;
2354 5288 2435 5341 sic
2465 5290 2629 5342 etiam
2659 5289 2860 5344 Christi
2897 5305 3100 5361 corpus
3136 5308 3329 5362 ιηιιίιιιι
3362 5290 3547 5359 splen—

1598 5488 1829 5543 νΑιιιίΕ
1870 5488 2297 5545 ιΕρτιιιΝΕ8.ς

370 5590 399 5629 ι’
431 5589 548 5643 Ms.
578 5592 658 5652 si;
681 5590 863 5643 αὐτόν.

945 5601 967 5627 ο
995 5586 1121 5645 Haec
1158 5596 1436 5656 postrema
1471 5598 1601 5653 pars
1634 5584 1788 5657 deus}
1832 5582 2163 5657 iu_Arahica
2196 5584 2564 5646 translatione
2596 5586 2721 5643 etin
2756 5593 2907 5643 textu
2945 5585 3230 5657 Apostoli:
3267 5592 3318 5640 at
3353 5582 3539 5640 multis

299 5660 357 5713 in
386 5660 521 5715 locis
546 5660 744 5731 legitur
775 5660 919 5730 apud
961 5652 1377 5721 Damascenum,
1417 5652 1558 5709 utet
1586 5652 1728 5723 apud
1750 5652 2039 5707 Basiliam.

2136 5776 2251 5802 ...δι’
