3962 6202
417 307 552 376 1491

1608 328 1669 390 S.
1704 330 1948 393 JOANN
1958 335 2026 394 IS
2060 337 2490 403 DAMASCENI

3553 357 3670 423 ιιεο

410 437 500 490 vel
551 433 900 490 confusione.
961 436 1156 496 Dicere
1191 442 1340 499 enim
1387 462 1552 503 unam
1605 461 1886 520 naturam,
1941 472 1964 510 c

410 526 744 549 ..ΛΙηηιΔιι-ι-..
804 534 846 549 ,ι
903 527 1051 549 ,ΑΛ
1096 547 1109 549 _
1171 548 1174 549 ,
1263 536 1296 549 ,ο
1521 541 1534 549 .
1719 542 1733 549 -
1884 546 1910 549 ι

2101 463 2494 535 οἱασδηποτοῦν
2531 468 2913 544 διαιρέσεωςῆ
2960 470 3308 544 συγχύσεως.
3344 476 3421 530 Τὸ
3460 476 3566 549 γὰρ
3593 483 3669 537 λέο

409 526 746 581 voluntatem
799 534 852 582 et
889 527 1052 600 422
1085 536 1464 603 operationem
1520 541 1579 596 in
1633 542 1826 599 eodem
1884 546 1988 601 Do-

2093 571 2212 622 γειν
2252 558 2384 627 μίαν
2415 558 2603 628 φύσιν,
2645 563 2740 616 καὶ
2766 562 3008 631 θέλησιν,
3033 566 3135 618 καὶ
3158 565 3458 639 ἐνέργειαν
3483 573 3571 624 ἐπὶ
3587 573 3667 627 τοῖο

409 617 566 672 mino
597 627 792 673 nostro
819 618 951 676 Jesu
984 623 1231 690 Christo,
1270 636 1324 682 et
1373 645 1486 685 non
1527 631 1694 699 duas,
1731 634 1964 692 doctrin:

2105 617 2116 622 -
2252 617 2266 627 .
2427 617 2441 628 .
2589 617 2602 627 .
2884 617 2898 631 .
2995 617 3008 630 .
3058 617 3665 639 νίκη-μυμ--ν--η-

2091 647 2257 701 αὑτοῦ
2290 649 2494 721 Κυρίου
2523 653 2679 723 ἡμῶν
2710 653 2889 725 Ἰησοῦ
2916 657 3184 728 Χριστοῦ,
3215 660 3318 712 καὶ
3347 661 3411 713 οὐ
3438 661 3546 729 δόο,
3573 667 3665 716 τῶν

337 774 341 778 _
406 711 802 782 sententiaque
844 723 930 770 est
961 715 1247 772 hominum
1300 737 1577 791 perversae
1629 727 1964 797 opinionisc

2091 711 2402 802 κακοδὸξων
2432 739 2526 794 καὶ
2545 711 2896 813 ’βλασφήμων
2923 711 3018 798 καὶ
3054 711 3400 814 ὁμοῷρόνων

404 803 884 874 blasphemorum,
909 823 1214 880 eorumque
1248 813 1346 882 qui
1376 823 1558 870 tecum
1592 821 1860 876 sentiunt.
1893 841 1913 874 ι

508 893 700 949 Sancti
726 896 1034 967 Athanasii,
1070 917 1136 956 ex
1180 904 1409 972 epistola
1456 909 1526 963 ad
1559 909 1878 980 Epictetum.

476 1075 496 1105 σ
529 1054 586 1109 Si
618 1054 859 1113 Verbum
898 1058 1147 1130 ejusdem
1191 1062 1518 1120 substantiae
1563 1075 1648 1122 est
1679 1082 1746 1124 ac
1776 1083 1983 1141 corpus

397 1147 546 1216 quod
608 1147 676 1204 de
735 1160 888 1204 terra
941 1158 1198 1208 naturam
1254 1153 1458 1212 habet:
1495 1167 1580 1214 est
1623 1175 1754 1216 vero
1784 1178 1984 1219 secun-

397 1239 528 1294 dum
585 1238 808 1294 Patrum
851 1240 1286 1310 confessionem,
1345 1245 1588 1304 Verbum
1642 1250 1792 1307 Patri
1843 1268 1981 1309 con-

397 1327 811 1385 substantiale:
877 1332 986 1386 erit
1042 1332 1210 1404 igitur
1269 1333 1433 1391 Pater
1478 1341 1978 1400 consubstantialis

395 1421 642 1490 corpori,
673 1421 819 1490 quod
866 1437 897 1478 ο
931 1431 1077 1478 terra
1115 1426 1326 1480 editum
1360 1437 1468 1485 est.
1508 1429 1620 1485 Cur
1667 1432 1854 1503 itaque
1884 1450 1978 1489 ac-

395 1521 593 1565 cusant
639 1511 896 1578 Arianos,
955 1514 1051 1583 qui
1106 1514 1308 1570 Filium
1365 1533 1489 1574 esse
1535 1529 1847 1576 creaturam
1893 1523 1979 1579 di-

392 1609 547 1665 cant.
599 1601 825 1672 quando
872 1605 978 1676 ipsi
1015 1604 1236 1662 Patrem
1278 1611 1552 1666 creaturis
1603 1615 1974 1670 consubstan-

390 1691 578 1747 tialem
621 1693 816 1750 aiunt?
852 1715 871 1748 ι

2088 827 2232 898 δρῶν
2259 829 2495 902 ὑπάρχει
2525 831 2764 903 δίδαγμά
2783 851 2844 888 τε
2866 835 2963 888 καὶ
2987 836 3287 906 φρόνημα.
3325 855 3343 888 ι

2093 919 2205 974 Τοῦ
2237 921 2409 992 ἁγίου
2447 922 2818 997 Ἀθανασίου,
2858 925 2926 978 ἐκ
2966 925 3081 997 τῆς
3133 926 3299 996 πρὸς
3337 928 3651 997 Ἐπίκτητον

2696 993 3051 1064 ἐπιστολῆς.

2162 1100 2181 1133 ι
2217 1081 2279 1136 Et
2329 1082 2388 1136 δὲ
2439 1084 2727 1155 ὁμοούσιος
2779 1087 2809 1138 ὁ
2851 1086 3027 1154 Λόγος
3070 1085 3154 1158 τῷ
3205 1085 3427 1158 σώματι
3465 1090 3522 1142 ὶι
3543 1091 3635 1160 τῆς

2083 1169 2261 1240 ἔχοντι
2303 1171 2405 1243 τὴν
2449 1172 2646 1242 φύσινο
2677 1173 2964 1244 ὁμοούσιος
2980 1174 3039 1228 δὲ
3071 1176 3102 1228 ὁ
3149 1175 3342 1244 Λόγος
3374 1176 3450 1247 τῷ
3473 1178 3638 1246 Πατρὶ,

2083 1261 2226 1316 κατὰ
2251 1261 2349 1334 τὴν
2411 1264 2524 1318 τῶν
2579 1264 2842 1336 Πατέρων
2891 1266 3212 1336 ὁμολογίαν,
3253 1269 3540 1338 ὁμοοὺσιος
3569 1270 3648 1322 καὶ

2079 1355 2242 1418 αὐτὸς
2298 1355 2327 1408 ὁ
2379 1356 2568 1428 Πατὴρ
2610 1357 2689 1428 τῷ
2735 1357 2949 1428 σώματι
2993 1358 3075 1428 τῷ
3127 1360 3202 1412 ὲκ
3229 1360 3350 1428 γῆς
3380 1361 3653 1432 γενομένῳ.

2079 1447 2192 1500 Καὶ
2215 1448 2270 1501 τί
2332 1448 2411 1502 ἔτι
2460 1449 2770 1520 μέμφονται
2819 1452 2932 1512 τοῖς
2968 1451 3282 1520 ’Δρειανοῖς
3337 1453 3559 1521 λέγουσι
3582 1453 3658 1507 τὸν

2080 1537 2210 1592 Υίδν
2235 1538 2463 1610 κτίσμα,
2494 1538 2748 1608 λέγοντες
2776 1539 2932 1592 αὐτοὶ
2965 1541 3062 1593 καὶ
3087 1540 3183 1593 τὸν
3217 1542 3459 1612 Πατέρα
3489 1543 3663 1612 opunti-

2079 1643 2196 1680 σιον
2213 1645 2229 1694 ;
2273 1645 2291 1679 ι

464 1782 535 1838 Et
572 1787 732 1855 paulo
783 1795 945 1857 post:
984 1807 1003 1839 ι
1040 1787 1177 1854 Quis
1212 1789 1468 1846 infernus
1522 1795 1797 1850 ructando
1856 1795 1964 1851 hoc

2147 1805 2255 1858 Kal
2273 1803 2427 1874 μετὰ
2452 1803 2710 1872 βραχέα·
2749 1823 2766 1858 ι
2805 1805 2965 1868 ﬂcio;
3012 1806 3148 1877 ᾅδης
3184 1808 3538 1878 ὲξτςρεύξατο
3557 1812 3666 1881 ομο-

393 1875 606 1931 dictum
650 1879 904 1947 protulit,
946 1895 1151 1950 corpus
1174 1898 1240 1938 ex
1272 1881 1448 1939 Maria
1479 1886 1970 1944 consubstantiale

307 2000 312 2004 -
388 1982 513 2022 esse
544 1966 824 2025 divinitati
857 1969 1061 2026 Verbi?
1101 1991 1120 2024 ι

389 2056 578 2113 Sancti
613 2060 852 2132 Gregorii
887 2063 1246 2190 Theologjzef
1285 2066 1517 2122 secunda
1557 2069 1626 2123 ad
1655 2067 1969 2126 Cledonium

1037 2151 1146 2190 ems
1175 2153 1204 2190 ο
1232 2153 1284 2190 a.

1037 2151 1284 2203 epulata.

462 2245 488 2272 ο
518 2221 745 2280 Naturae
771 2225 996 2296 quidem
1029 2229 1171 2295 duae,
1207 2230 1354 2286 Deus
1381 2238 1438 2286 et
1470 2231 1658 2299 homo,
1700 2233 1966 2303 quoniam

383 2313 569 2368 anima
621 2324 676 2370 et
709 2331 953 2387 corpus:
1011 2320 1108 2375 tilii
1161 2336 1292 2376 vero
1339 2338 1451 2377 non
1486 2323 1619 2389 duo,
1655 2339 1836 2394 neque
1865 2325 1963 2379 dii.

383 2399 575 2472 Neque
627 2405 772 2460 enim
820 2406 912 2460 hic
953 2407 1064 2464 duo
1111 2408 1403 2479 homines;
1451 2412 1558 2468 etsi
1600 2412 1826 2477 Paulus,
1864 2411 1966 2468 ho-

381 2491 589 2548 minem
619 2494 718 2564 qui
742 2495 878 2554 toris
908 2504 1016 2563 est,
1044 2503 1100 2553 et
1128 2497 1408 2556 hominem
1430 2500 1526 2571 qui
1562 2500 1712 2558 intus
1731 2507 1842 2567 est,
1875 2517 1966 2573 apo

381 2582 606 2654 pellarit
636 2585 704 2641 ιι.
737 2604 758 2640 ι

772 2675 1054 2746 Ejusdem,
1103 2694 1170 2735 ea:
1207 2679 1568 2752 Apologctico.

459 2786 479 2820 ‹
518 2758 636 2825 Hoc
680 2769 840 2828 nobis
881 2771 966 2827 lex
1015 2772 1132 2828 vult
1177 2773 1513 2844 paulagogus
1543 2773 1590 2806 "
1623 2791 1639 2830 :
1689 2773 1798 2830 hoc
1827 2790 1964 2846 pro-

379 2857 565 2929 phette
601 2857 828 2917 Christo
853 2869 912 2919 et
937 2863 1040 2933 legi
1089 2863 1373 2935 interiecti
1407 2883 1420 2921 :
1451 2864 1559 2921 hoc
1593 2864 1853 2921 Christus
1884 2866 1964 2922 le-

378 2951 466 3021 gis
503 2951 814 3022 spintualis
871 2953 1144 3024 perfectio
1197 2962 1253 3010 et
1309 2955 1479 3012 linis:
1535 2955 1641 3012 hoc
1681 2955 1963 3013 exinanita

375 3042 566 3099 Deitas
592 3062 608 3100 :
632 3042 736 3100 hoc
763 3051 1046 3114 assumpta
1073 3060 1204 3102 caro
1233 3064 1247 3100 :
1277 3045 1382 3102 hoc
1413 3061 1555 3102 nova
1585 3047 1796 3115 mistio,
1818 3049 1962 3105 Deus

2071 1895 2256 1950 ούσιον
2290 1897 2467 1949 είπεῖν
2488 1895 2550 1950 τὸ
2573 1896 2639 1949 ὲκ
2666 1895 2887 1968 Μαρίας
2931 1896 3094 1967 σῶμα
3121 1899 3192 1968 τῇ
3210 1901 3311 1952 τοῦ
3352 1901 3537 1971 Λόγου
3560 1903 3663 1956 θεό-

2069 2005 2194 2057 τητι
2226 1987 2302 2058 (7)
2323 2005 2338 2054 ;
2384 2005 2403 2038 ι

2075 2079 2189 2135 Τοῦ
2211 2078 2384 2152 ἁγίου
2413 2077 2746 2152 Γρηγορίου
2783 2077 2890 2132 τοῦ
2927 2080 3326 2152 Θςολρτου-ἐκ
3357 2082 3476 2151 τῆς
3513 2086 3660 2152 πρὸς

2348 2146 2686 2215 Κληδόνων
2713 2146 3048 2216 ἐπιστολῆς
3067 2148 3378 2217 δευτέρας.

2144 2259 2164 2294 ι
2199 2238 2397 2304 Φύσεις
2436 2238 2536 2309 μὲν
2567 2238 2677 2309 γὰρ
2713 2239 2829 2304 δύο,
2868 2239 3004 2298 Θεὸς
3062 2240 3162 2294 καὶ
3197 2241 3509 2313 ἄνθρωπος,
3537 2248 3654 2302 ἐπεὶ

2068 2335 2166 2390 καὶ
2195 2334 2341 2408 ψυχὴ
2365 2335 2462 2389 καὶ
2493 2335 2653 2406 σῶμα
2679 2349 2694 2365 ⁸
2722 2335 2831 2387 υἱοὶ
2852 2333 2906 2387 δὲ
2926 2335 2986 2388 οὐ
3011 2334 3126 2398 δύο,
3143 2337 3269 2390 οὐδὲ
3297 2337 3422 2392 Θεοί.
3443 2339 3524 2392 Οὐ
3544 2341 3651 2411 γὰρ

2066 2425 2306 2481 ἐνταῦθα
2348 2427 2442 2481 δύο
2488 2426 2791 2498 ἄνθρωποι,
2835 2427 2885 2479 εί
2939 2425 3037 2479 καὶ
3078 2426 3258 2491 οὕτως
3295 2429 3324 2481 ὁ
3352 2429 3567 2494 Παῦλος
3597 2434 3658 2484 τὸ

2067 2517 2226 2582 ἐκτὸς
2259 2516 2354 2571 τοῦ
2386 2516 2678 2589 ἀνθρώπου
2709 2513 2804 2570 καὶ
2837 2516 2900 2570 τὸ
2938 2516 3097 2581 ἐντὸς
3125 2518 3594 2590 προσηγόρευσεν.
3626 2539 3650 2571 ι

2297 2679 2407 2734 Τοῦ
2431 2678 2642 2744 αὐτοῦ,
2669 2680 2740 2735 ἐκ
2785 2680 2894 2737 τοῦ
2931 2682 3412 2753 Ἆπολογητικοῦ.

2142 2787 2161 2821 ι
2201 2769 2375 2823 Τοῦτο
2407 2772 2542 2840 ἡμῖν
2569 2772 2598 2825 ὁ
2629 2771 2976 2840 παιδαγωγὸς
2999 2772 3253 2844 βούλεται
3272 2774 3459 2846 νόμοςο
3488 2773 3648 2829 τοῦτο

2064 2858 2116 2912 οἱ
2168 2858 2326 2930 μέσοι
2371 2860 2614 2930 Χριστοῦ
2666 2862 2762 2915 καὶ
2811 2862 2981 2933 νόμου
3014 2866 3300 2935 προφῆται
3328 2880 3344 2895 ο
3372 2863 3526 2918 τοῦτο
3551 2863 3648 2918 τοῦ

2065 2949 2441 3021 πνευματικοῦ
2467 2950 2635 3021 νόμου
2676 2951 2952 3024 τελειότης
2976 2957 3075 3010 καὶ
3107 2958 3170 3010 τὸ
3202 2955 3362 3020 τέλος
3387 2957 3646 3029 Χριστόςο

2065 3040 2225 3096 τοῦτο
2280 3042 2315 3111 ἡ
2363 3041 2663 3096 κενωθεῖοα
2694 3041 2918 3116 Θεότης·
2969 3044 3133 3099 τοῦτο
3161 3049 3198 3118 ἡ
3234 3048 3650 3118 προσληφθεῖσα

375 3139 433 3186 ct
458 3131 646 3200 homo,
668 3149 839 3188 unum
858 3149 925 3189 ex
952 3136 1244 3203 ambobus,
1267 3144 1322 3192 et
1345 3145 1581 3208 utraque
1607 3153 1705 3209 per
1722 3155 1914 3195 unum.
1936 3158 1954 3193 ι

2081 3132 2238 3204 τάρξ·
2265 3131 2426 3186 τοῦτο
2455 3135 2488 3204 ή
2520 3135 2678 3204 καινὴ
2709 3135 2878 3205 μίξις,
2933 3136 3070 3202 Θεὸς
3113 3139 3212 3192 καί
3248 3139 3564 3210 ἄνθρωπος,
3591 3141 3651 3194 ἓν

553 3306 834 3376 Ejusdem,
872 3325 939 3364 ea:
971 3327 1212 3366 sermone
1257 3314 1486 3368 secundo
1511 3315 1576 3370 de
1609 3313 1780 3371 Filio.

450 3418 471 3452 ι
509 3398 738 3470 Signum
777 3415 911 3456 vero
941 3402 1046 3458 hoc
1096 3412 1226 3459 est:
1277 3406 1506 3475 quando
1553 3415 1767 3463 naturae
1805 3408 1959 3479 cogi-

374 3492 586 3548 tatione
655 3491 1000 3563 discrepant,
1073 3495 1239 3551 simul
1307 3498 1530 3553 nomina
1607 3499 1955 3554 dividuntur.

372 3583 518 3640 Audi
558 3582 787 3639 Paulum
823 3585 1100 3643 dicentem
1130 3605 1144 3643 :
1185 3587 1256 3644 Ut
1285 3588 1427 3645 Deus
1463 3600 1514 3648 et
1543 3591 1712 3647 Pater
1740 3591 1959 3648 Domini

373 3676 546 3732 nostri
594 3674 725 3732 Jesu
780 3675 1003 3744 Christi,
1051 3678 1215 3734 Pater
1257 3680 1442 3752 gloria:
1476 3681 1553 3749 Ι⁵³;
1585 3681 1794 3738 Christi
1831 3684 1955 3754 qui-

370 3769 496 3826 dem
528 3769 699 3834 Deus,
753 3769 944 3841 gloriae
975 3785 1108 3828 vero
1157 3770 1344 3829 Pater.
1378 3771 1436 3828 Si
1473 3774 1620 3830 enim
1657 3782 1955 3846 utrumque

371 3875 579 3929 unum;
615 3865 669 3914 at
709 3875 819 3916 non
856 3869 1082 3928 natura,
1121 3863 1218 3919 sed
1251 3865 1515 3921 coitione.
1544 3883 1563 3917 ι

370 3948 654 4020 Ejusdem,
686 3951 897 4022 reliqua
928 3970 1054 4024 pars
1109 3956 1461 4010 auctoritatis
1506 3955 1668 4024 paulo
1705 3965 1828 4012 ante
1877 3957 1954 4011 ci-

683 4029 811 4076 tata:
844 4037 910 4077 ετ
936 4023 1182 4092 Epistota
1215 4026 1285 4079 ad
1304 4023 1644 4082 Ctedon’ium.

445 4124 467 4162 ι
503 4108 565 4166 Si
603 4125 736 4166 vero
783 4127 1001 4169 summa
1045 4114 1341 4172 dicendurm
1385 4123 1496 4180 est,
1539 4114 1689 4171 aliud
1727 4116 1951 4186 quidem

2063 3222 2123 3288 ἐξ
2151 3223 2372 3294 ἀμφοῖν,
2398 3225 2494 3277 καὶ
2527 3225 2596 3279 δι’
2627 3226 2747 3290 ἐνὸς
2767 3228 3111 3299 ἀμφότερα.»

2068 3314 2180 3370 Τοῦ
2206 3315 2416 3383 αὐτοῦ,
2460 3316 2532 3372 ἐκ
2577 3318 2686 3373 τοῦ
2744 3320 2879 3390 περὶ
2934 3321 3072 3376 Υίοῦ
3119 3322 3410 3392 δευτέρου
3435 3323 3649 3393 λόγου.

2137 3407 2412 3477 ιΣημεῖον
2453 3408 2532 3473 δὲ,
2592 3410 2759 3480 ἡνίκα
2811 3413 2868 3465 αἱ
2928 3411 3118 3482 φύσεις
3169 3413 3473 3466 διίστανται
3525 3417 3649 3477 ταῖς·

2057 3499 2350 3567 ἐπινοίαις,
2383 3501 2774 3573 συνδιαιρεῖται
2799 3505 2897 3558 καὶ
2921 3505 2992 3559 τὰ
3018 3505 3240 3574 ὀνόματα
3259 3519 3275 3535 ·
3296 3505 3517 3558 Παύλου
3547 3506 3644 3559 λι-

2057 3607 2245 3660 γοντος
2265 3590 2498 3648 ἄκουσον
2510 3611 2525 3627 ·
2548 3595 2674 3650 Ἵνα
2690 3599 2724 3651 ὁ
2746 3596 2888 3663 Θεὸς
2907 3598 3005 3651 καὶ
3025 3599 3054 3650 ὁ
3069 3594 3259 3664 Πατὴρ
3277 3595 3382 3649 τοῦ
3403 3597 3646 3664 Κυρίου

2057 3681 2228 3752 ἡμῶν
2261 3683 2456 3752 Ἰησοῦ
2484 3687 2766 3754 Χριστοῦ,
2805 3691 2841 3742 ό
2880 3687 3084 3757 Πατὴρ
3106 3687 3210 3756 τῆς
3235 3686 3420 3755 δόξης
3444 3702 3458 3716 ⁸
3479 3688 3639 3758 ’Χρι-

2057 3772 2186 3828 στοῦ
2214 3775 2313 3847 μὲν
2344 3776 2498 3844 Θεὸς,
2538 3779 2637 3848 τῆς
2659 3779 2715 3831 δὲ
2745 3777 2906 3850 δόξης
2939 3781 3162 3851 Πατήρ*
3188 3780 3237 3833 εί
3271 3779 3380 3849 γὰρ
3425 3779 3486 3830 th
3509 3795 3645 3833 συν-

2056 3867 2364 3940 αμφότερον
2388 3868 2468 3934 ἓν,
2503 3869 2618 3924 ἀλλ’
2645 3872 2705 3924 οὐ
2740 3875 2809 3944 τῇ
2840 3871 3025 3943 φύσει,
3055 3875 3123 3944 τῇ
3158 3871 3215 3925 δὲ
3245 3871 3470 3942 συνόδῳ.
3507 3889 3529 3922 ι

2059 3957 2172 4012 Τοῦ
2187 3959 2396 4032 αὐτοῦ.
2443 3961 2875 4032 dyon/tripodum
2917 3963 3029 4031 τῆς
3081 3963 3200 4030 πρὸ
3237 3962 3462 4032 μικροῦ
3493 3961 3640 4032 χρή-

2142 4041 2299 4095 σεως
2317 4029 2386 4084 ἐκ
2418 4030 2529 4099 τῆς
2559 4029 2710 4100 πρὸς·
2734 4029 3083 4102 Κληδόνέιον
3109 4029 3172 4098 β’
3192 4029 3550 4099 ὀὲισὲολῆξ.

2130 4136 2151 4172 ι
2184 4120 2247 4174 Εἰ
2276 4119 2333 4173 δὲ
2358 4121 2440 4174 δεῖ
2468 4123 2747 4195 συντόμως
2804 4126 3003 4191 είπεῖν,
3047 4124 3179 4180 ἄλλο
3226 4125 3326 4194 μὲν
3381 4123 3482 4177 καὶ
3510 4122 3636 4175 ἄλλο

367 4210 424 4258 et
453 4203 640 4272 aliud,
664 4219 730 4260 ea
781 4220 851 4261 ex
903 4207 1108 4275 quibus
1137 4219 1223 4264 est
1254 4207 1547 4278 Salvator;
1587 4209 1798 4282 quippe
1821 4225 1950 4265 cum

2081 4209 2121 4264 ’ὰ
2146 4211 2207 4276 ἐξ
2233 4204 2306 4267 ὧν
2336 4214 2365 4266 ὁ
2393 4213 2585 4286 Σωτή
2611 4232 2626 4246 ο
2667 4216 2828 4289 ειπερ
2857 4216 2933 4288 μὴ
2977 4217 3178 4270 ταυτὸν
3205 4217 3267 4269 τὸ
3297 4217 3530 4286 ἀόρατον
3561 4213 3633 4282 τῷ

370 4292 516 4348 idem
563 4307 675 4348 non
731 4294 846 4349 sint
898 4295 950 4351 id
987 4295 1134 4367 quod
1171 4297 1511 4368 aspectabile
1560 4305 1646 4354 est
1703 4309 1762 4353 et
1812 4298 1951 4354 illud

2087 4301 2255 4370 ρατῷ,
2286 4303 2381 4356 καὶ
2409 4303 2470 4356 τὸ
2493 4304 2725 4377 ἄχρονον
2777 4307 2858 4377 τῷ
2902 4307 3218 4378 ὑποχρόνῳ·
3261 4307 3364 4360 οὐκ
3395 4307 3552 4370 ἄλλος
3576 4307 3632 4359 δὲ

368 4381 519 4455 quod
592 4386 833 4455 spectari
895 4388 1140 4456 nequit:
1187 4402 1314 4444 esse
1374 4397 1532 4443 extra
1577 4397 1832 4458 tempus,
1895 4398 1955 4446 et

2081 4394 2152 4448 εαὶ
2184 4395 2344 4460 ἄλλος
2361 4413 2376 4428 ο
2406 4396 2481 4469 μὴ
2503 4398 2742 4466 γένοιτοί
2775 4399 2857 4454 Τὰ
2880 4399 2990 4471 γὰρ
3009 4401 3300 4472 ἀμφότερα
3323 4400 3383 4455 ἓν
3413 4403 3480 4471 τῇ
3506 4416 3630 4467 m-

368 4475 601 4532 subesse
622 4478 857 4547 tempori
885 4499 900 4533 :
932 4485 1116 4533 atnon
1135 4478 1341 4534 aliuset
1369 4479 1544 4544 alius;
1578 4479 1741 4536 absit!
1769 4481 1946 4538 Ambo

2081 4487 2272 4558 :pa'oet,
2307 4488 2443 4544 Θεοῦ
2472 4467 2479 4469 ﬁ
2504 4491 2604 4561 μὲν
2657 4467 3205 4563 ἑνανθριυπῆσαντος,
3228 4467 3550 4563 ’ἀνθρώπου
3577 4489 3631 4544 Gl

367 4567 641 4639 siquidem
673 4584 842 4623 unum
875 4569 1298 4640 temperatione,
1347 4570 1461 4625 Deo
1494 4570 1721 4628 homine
1753 4571 1903 4629 facto
1929 4614 1946 4642 ,

2081 4579 2368 4646 νεωθέντος,
2399 4582 2432 4653 ἢ
2457 4584 2606 4647 ὅπως
2657 4585 2727 4639 ἄν
2766 4601 2852 4648 τις
2885 4585 3202 4655 ὀνομάσειε.
3235 4584 3400 4652 Λέγω
3427 4585 3486 4638 δὲ
3510 4583 3632 4639 ἀλλο

367 4670 422 4716 et
462 4661 687 4717 homine
717 4659 866 4715 facto
895 4661 1030 4728 Deo,
1073 4661 1158 4717 vel
1201 4662 1709 4733 quomodocunque
1757 4664 1943 4720 nomi-

2081 4673 2147 4728 ιαὶ
2167 4673 2296 4728 ἄλλο
2320 4674 2626 4746 ἕμπαλιν,ἦ
2658 4677 2750 4731 ἐπὶ
2773 4678 2872 4747 τῆς
2911 4677 3145 4750 Τριάδος
3182 4677 3319 4747 ἔχει.
3363 4678 3519 4731 Ἐκεῖ
3538 4679 3632 4748 μὲν

368 4767 507 4810 nare
557 4753 738 4824 ipsum
786 4753 1036 4810 libuerit.
1097 4753 1236 4808 Dico
1279 4762 1464 4809 autem
1498 4753 1648 4810 aliud
1677 4763 1732 4810 et
1766 4753 1940 4820 aliud,

2081 4765 2158 4835 ’ὰρ
2191 4765 2353 4830 ἄλλος
2403 4767 2497 4820 καὶ
2555 4767 2734 4832 ἄλλος,
2765 4768 2854 4822 ἵνα
2891 4767 2968 4839 μὴ
3003 4768 3108 4832 τὰς
3145 4769 3483 4833 ὑποστάσεις
3509 4785 3633 4837 συγ-

367 4851 566 4897 contra
622 4849 788 4911 atque
839 4843 898 4898 in
942 4853 1134 4899 sancta
1165 4842 1438 4900 Trinitate
1489 4859 1551 4900 se
1607 4844 1796 4903 habet.
1827 4844 1945 4902 lllic

2081 4857 2288 4928 ςέωμεν,
2319 4861 2420 4912 οὐκ
2451 4859 2581 4914 ἄλλο
2611 4859 2670 4913 δὲ
2703 4862 2799 4915 καὶ
2826 4860 2976 4916 ἄλλο.
3006 4861 3105 4915 Ἓν
3132 4862 3245 4931 γὰρ
3265 4861 3335 4915 τὰ
3367 4862 3524 4934 τρία,
3542 4860 3632 4916 καὶ

366 4934 512 4988 enim
544 4933 689 4989 alius
732 4940 790 4989 et
829 4933 976 4990 alius
1012 4934 1242 5002 dicitur,
1284 4951 1352 4991 ne
1403 4935 1818 4992 confundamus
1846 4937 1948 5007 by-

2083 4948 2246 5003 αυτδν
2265 4951 2330 5020 τῇ
2353 4948 2600 5020 Θεότητι.
2637 4970 2656 5002 ι

369 5035 659 5092 postases:
720 5040 833 5080 non
893 5025 1028 5080 item
1065 5027 1212 5081 aliud
1269 5037 1327 5082 et
1357 5026 1529 5082 aliud.
1586 5023 1769 5082 Unum
1799 5029 1948 5084 enim

369 5115 473 5169 tria
503 5125 655 5182 sunt,
692 5114 950 5186 idemque
975 5115 1210 5171 Deitate.
1246 5134 1266 5168 ι

440 5206 762 5261 Scholittm:
815 5205 873 5259 Si
919 5220 1028 5260 non
1062 5213 1146 5261 est
1195 5205 1344 5262 aliud
1373 5215 1427 5262 et
1462 5206 1635 5274 aliud,
1686 5208 1814 5278 quia
1859 5214 1948 5262 est

2125 5213 2403 5280 Σχόλιον.
2439 5212 2502 5265 Εί
2526 5213 2627 5266 οὐκ
2647 5213 2775 5269 ἄλλο
2807 5213 2900 5268 καὶ
2929 5212 3078 5277 ἄλλο,
3105 5212 3198 5268 διὰ
3227 5212 3293 5265 τδ
3332 5213 3470 5284 μίαν
3497 5208 3632 5267 εἶναι

375 5311 484 5354 una
536 5308 759 5365 natura,
810 5298 961 5355 aliud
998 5297 1166 5365 igitur
1216 5307 1272 5355 et
1322 5298 1468 5354 aliud
1510 5316 1619 5358 non
1665 5308 1795 5357 sunt
1833 5313 1946 5353 una

2085 5303 2152 5372 ὴν
2171 5304 2353 5373 φύσιν,
2377 5303 2440 5358 τὺ
2465 5303 2593 5360 ἄλλο
2622 5306 2729 5378 ἄρα
2775 5307 2872 5361 καὶ
2902 5306 3029 5361 ἄλλο
3067 5306 3129 5359 οὺ
3173 5303 3274 5377 μία
3306 5306 3498 5376 φύσις.
3527 5305 3633 5363 Καὶ

305 5469 322 5530 .f
439 5467 485 5500 ’ί
520 5466 564 5521 ll
595 5466 724 5523 Cor.
760 5483 832 5532 Iv,
859 5467 948 5522 16.
1045 5465 1292 5523 "Galat.
1320 5482 1402 5534 Ill,
1442 5467 1533 5525 ει.
1597 5467 1642 5500 ⁸³
1669 5466 1870 5539 Ephes.
1927 5484 1964 5533 ι.

2111 5470 2195 5526 i7.

1854 5621 2086 5679 NOTAE.

453 5711 530 5786 (7)
570 5711 697 5766 Haec
715 5713 926 5786 aliaque
947 5717 1273 5776 Ambrosius
1300 5717 1545 5774 imitatus
1568 5725 1669 5782 est,
1693 5714 1945 5772 citandus
1977 5712 2140 5771 infra.
