3962 6202
332 315 471 385 H93

1593 320 1894 385 CONTRA
1916 320 2336 383 JACOBITAS.

3453 319 3587 387 1404

329 434 382 489 σί
410 432 649 504 ἔμπαλιν
696 430 731 502 ἢ
793 430 886 487 ἐπὶ
946 430 1050 501 τῆς
1081 429 1311 504 τριάδος
1341 429 1476 502 ἔχει,
1505 432 1625 486 ἐκεῖ
1662 431 1723 488 δὲ
1755 435 1908 504 τρεῖς

2035 443 2233 487 tatura.
2268 429 2334 484 Et
2362 428 2410 485 si
2435 443 2681 493 rursum,
2718 434 2917 483 contra
2959 443 3023 485 ac
3054 430 3109 485 in
3158 441 3354 488 sancta
3404 432 3592 487 Trini-

326 526 685 589 ὑποστάσεις,
726 523 817 579 διὰ
855 524 941 589 τὸ,
971 523 1131 588 ἄλλος
1176 524 1275 577 καὶ
1302 523 1482 589 ἄλλος,
1527 524 1627 595 μία
1662 524 1719 578 δὲ
1746 524 1910 595 φύσις

326 616 498 672 διὰτὸ
528 614 606 686 μὴ
639 614 767 670 ἄλλο
816 616 915 670 καὶ
973 615 1133 685 ἄλλο’
1179 613 1417 670 ἐνταῦθα
1446 613 1541 669 δύο
1575 614 1677 686 μὲν
1719 614 1910 685 φύσεις

329 708 514 776 διὰτὸ,
542 708 670 765 ἄλλο
700 709 794 764 καὶ
819 709 971 780 ἄλλο,
1021 711 1121 783 μία
1146 710 1205 767 δὲ
1244 711 1568 778 ὑπόστασις,
1606 711 1695 767 διὰ
1728 711 1790 765 τὸ
1810 712 1913 766 οὐκ

329 801 489 867 ἄλλος
521 802 616 855 καὶ
642 800 820 867 ἄλλος.

391 980 505 1038 Τοῦ
530 981 739 1049 αὑτοῦ,
768 981 837 1036 ἐκ
854 982 965 1038 τοῦ
987 981 1121 1051 περὶ
1151 983 1290 1039 Υιοῦ
1314 983 1600 1052 δευτέρου
1639 983 1847 1053 λόγου.

404 1091 425 1126 ι
447 1071 619 1126 Τοῦτό
645 1074 793 1127 ἐστιν
819 1074 849 1127 δ
877 1076 1332 1145 ποιεῖαίρετικοῖς
1353 1074 1452 1146 τὴν
1478 1076 1707 1145 πλάνην,
1733 1074 1766 1143 ἡ
1788 1072 1897 1126 τῶν

329 1162 611 1233 ὀνομάτων
644 1162 943 1231 ὲπίζευξις,
964 1164 1452 1236 ὲπαλλαττομένων
1472 1165 1581 1218 τῶν
1609 1164 1927 1235 ὀνομάτων,

328 1253 420 1307 διὰ
458 1252 559 1323 τὴν
615 1252 942 1322 σύγκρασιν.
999 1255 1235 1325 Σημεῖον
1283 1255 1341 1309 δὲ
1363 1256 1438 1319 ὡς
1459 1255 1619 1326 ἡνίκα
1643 1257 1699 1308 αἱ
1721 1255 1915 1325 φύσεις

306 1345 637 1399 διίστανται
660 1346 783 1408 ταῖς
809 1344 1104 1414 ἐπινοίαις,
1134 1347 1529 1417 συνδιαιρεῖται
1553 1346 1622 1400 τὰ
1650 1346 1911 1417 ὀνόματα.

327 1437 548 1491 Παύλου
577 1437 826 1506 λέγοντος
867 1437 1102 1493 ἄκουσον
1124 1456 1138 1470 θ
1166 1438 1293 1494 Ἵνα
1329 1441 1364 1493 ὁ
1396 1436 1541 1505 Θεὸς
1562 1436 1670 1492 τοῦ
1691 1438 1913 1506 Κυρίου

328 1528 498 1599 ἡμῶν
526 1529 731 1599 Ἰησοῦ
758 1530 1040 1599 Χριστοῦ,
1071 1534 1105 1586 ὁ
1129 1530 1336 1600 Πατὴρ
1366 1530 1475 1601 τῆς
1505 1530 1691 1600 δόξης
1711 1547 1726 1561 °
1782 1532 1915 1603 Χρι-

333 1619 462 1673 στοῦ
498 1619 597 1690 μὲν
633 1619 786 1686 Θεὸς,
812 1620 915 1691 τῆς
951 1622 1007 1674 δὲ
1026 1621 1184 1691 δόξης
1219 1622 1427 1693 Πατήρ.
1460 1620 1525 1674 Εἰ
1546 1622 1655 1693 γάρ
1687 1621 1749 1676 τὸ
1787 1638 1914 1675 συν-

330 1711 641 1783 αμφότερον
670 1711 750 1778 ἓν,
777 1712 897 1768 ἀλλ’
926 1714 986 1767 οὐ
1014 1714 1081 1785 τῇ
1113 1713 1297 1783 φύσει,
1330 1715 1397 1786 τῇ
1426 1712 1483 1767 δὲ
1517 1713 1721 1784 συνόδῳ
1747 1730 1763 1747 ο
1790 1713 1913 1769 τού-

330 1821 441 1859 των
467 1805 519 1860 τί
549 1804 616 1859 ἂν
652 1804 864 1874 γένοιτο
888 1807 1343 1880 γνωριμώτερον;
1365 1827 1385 1862 ι

403 1896 684 1965 Σχόλιον.
712 1898 792 1950 Τὰ
827 1898 902 1969 μὴ
943 1898 1103 1967 φύσει
1144 1898 1226 1966 ἓν,
1273 1901 1492 1969 πάντως
1537 1904 1650 1959 δύο.
1684 1903 1748 1957 Ei
1793 1903 1914 1974 δὲὴ

335 1984 554 2050 σύνοδος
577 1986 700 2041 καθ’
730 1988 1052 2057 ὑπόστασιν,
1076 1989 1185 2062 ἄρα
1212 1993 1247 2064 ἡ
1287 1992 1479 2067 θεότης
1519 1996 1615 2049 τοῦ
1653 1995 1914 2066 Χριστοῦ,

335 2076 491 2148 καὶὴ
543 2077 901 2152 ἀνθρωπότης
950 2079 1142 2149 αὐτοῦ,
1176 2082 1271 2137 δύο
1309 2085 1407 2155 μὲν
1439 2088 1506 2159 τῇ
1551 2086 1732 2159 φύσει,
1772 2086 1830 2141 ἓν
1858 2086 1915 2140 δὲ

333 2172 399 2240 τῇ
435 2169 756 2227 ὑποστάσει.

725 2347 838 2403 Τοῦ
863 2348 1074 2418 αὐτοῦ,
1101 2349 1171 2404 ἐκ
1198 2348 1321 2404 τῶν
1338 2351 1521 2407 ἐπῶν.

342 2455 361 2490 ι
385 2432 559 2492 Ἦλθε
590 2436 725 2504 Θεὸς
747 2438 942 2512 θνητός
965 2457 1051 2510 τε,
1086 2440 1278 2511 φύσεις
1302 2440 1396 2495 δύο
1425 2442 1504 2506 εἰς
1528 2442 1587 2497 ἓν
1608 2442 1859 2516 ἀγείρας,

345 2610 365 2643 ι
383 2590 494 2662 Τὴν
519 2591 617 2664 μὲν
636 2593 995 2667 κευθομὲνην,
1016 2596 1117 2668 τὴν
1135 2597 1180 2651 δ’
1211 2597 1490 2669 ἀμφαδίην
1517 2597 1870 2669 μερόπεσσιν.
1892 2616 1911 2651 ι

343 2744 461 2802 Τοῦ
484 2747 1086 2824 ,ιζγίουᾲἈμϐροσίου
1126 2751 1517 2824 ἐπεδιολάνων
1556 2753 1656 2824 (8),
1697 2755 1768 2809 ἐκ
1812 2756 1922 2811 τοῦ

409 2815 1065 2954 υάνθρώπήσεως,
1116 2817 1249 2889 ἦτοι
1300 2825 1452 2876 κατὰ
1507 2815 1921 2895 Ἀποζλιναρίου

418 2992 438 3027 ι
483 2952 624 3030 ’Ἀλλ’
653 2952 711 3032 ὲν
733 2979 843 3051 ὅσῳ
875 2979 1101 3046 τούτους
1124 2981 1439 3054 ἐλέγχομεν,
1464 2984 1778 3059 ἅνεφύησαν
1806 2988 1922 3042 ἔτε-

2009 531 2147 588 tate,
2181 522 2294 577 illic
2326 531 2508 575 autem
2544 528 2658 576 tres
2694 519 3028 590 hypostases
3062 533 3215 589 sunt,
3265 524 3395 594 quia
3447 524 3591 579 alius

2009 619 2065 669 et
2099 612 2280 678 alius;
2318 625 2428 666 una
2480 624 2614 666 vero
2664 620 2888 676 natura,
2922 610 3056 680 quia
3092 627 3201 667 non
3242 624 3326 670 est
3358 617 3508 672 aliud
3537 624 3593 671 et

2009 702 2161 759 aliud
2186 721 2203 770 ;
2228 703 2320 758 hic
2349 703 2516 774 igitur
2547 703 2669 758 duae
2698 702 2923 772 quidem
2971 710 3207 770 natura},
3258 708 3389 776 quia
3442 708 3592 763 aliud

2010 807 2067 853 et
2088 796 2262 863 aliud,
2294 809 2402 850 una
2441 803 2625 852 autem
2661 794 2999 867 hypostasis,
3034 797 3165 866 quia
3199 812 3309 852 non
3333 806 3418 854 est
3451 799 3592 855 alius

2009 895 2066 943 et
2094 887 2257 943 alius.

2191 979 2470 1049 Ejusdem,
2501 996 2567 1036 ea:
2603 995 2842 1035 sermone
2889 978 3116 1035 secundo
3143 978 3206 1034 de
3246 978 3412 1034 Filio.

2088 1092 2108 1125 ι
2142 1072 2309 1143 Atqui
2339 1074 2445 1128 hoc
2479 1083 2564 1129 est
2592 1071 2742 1144 quod
2793 1072 3086 1127 haereticos
3122 1072 3177 1126 in
3213 1088 3459 1128 errorem
3504 1074 3593 1130 ad-

2012 1164 2196 1226 ducit,
2265 1163 2591 1235 conjunctio
2669 1164 3176 1234 nuncupationum,
3237 1164 3595 1221 commutatis

2011 1255 2174 1327 423
2210 1262 2437 1326 propter
2468 1254 3039 1324 eontemperationem
3074 1254 3415 1309 nominibus.
3458 1253 3596 1309 Cer-
3640 1296 3643 1297 γ

2014 1357 2128 1404 tum
2168 1363 2299 1404 vero
2330 1349 2548 1419 signum
2579 1354 2684 1413 est,
2727 1347 2953 1416 quando
3001 1357 3214 1403 natura:
3261 1349 3599 1419 cegitatioue

2013 1449 2407 1505 secernuntur,
2457 1438 2626 1497 simul
2676 1442 2907 1496 nomina
2958 1440 3158 1496 dividi.
3190 1439 3333 1497 Audi
3365 1439 3596 1496 Paulum

2014 1534 2332 1590 dicentem:
2384 1532 2455 1587 Ut
2504 1533 2645 1588 Deus
2701 1533 2917 1589 Domini
2970 1535 3142 1589 nostri
3186 1532 3318 1588 Jesu
3372 1532 3595 1594 Christi.

2012 1621 2439 1694 Pater‘gloriw:
2470 1622 2679 1680 Christi
2727 1624 2950 1696 quidem
3006 1625 3176 1690 Deus,
3229 1624 3419 1695 gloriae
3466 1638 3598 1678 vero

2013 1710 2202 1769 Pater.
2236 1710 2349 1767 Etsi
2379 1726 2525 1767 enim
2559 1721 2859 1782 utrumque
2906 1729 3073 1767 unum
3107 1720 3215 1778 est,
3253 1728 3362 1767 non
3414 1720 3596 1766 tamen

1941 1774 1988 1836 Β
2015 1811 2235 1869 natura,
2268 1803 2363 1859 sed
2398 1802 2659 1859 coitione.
2681 1803 2803 1870 Quo
2826 1801 2957 1875 quid
2988 1818 3112 1861 esse
3128 1804 3315 1859 notius
3338 1801 3593 1874 possit?»

2086 1896 2385 1953 Scholium.
2454 1896 2588 1962 Quae
2648 1904 2847 1951 natura
2909 1912 3021 1952 non
3062 1903 3194 1952 sunt
3254 1911 3447 1959 unum,
3479 1911 3599 1951 om-

2014 1986 2151 2044 nino
2204 1986 2318 2042 duo
2370 1993 2526 2041 sunt.
2600 1984 2697 2041 Sin
2741 2001 2874 2041 vero
2932 1986 3100 2041 coitio
3153 1984 3463 2041 secundum
3498 1984 3599 2055 hy-

2016 2081 2287 2151 postasim
2321 2086 2451 2146 est;
2506 2091 2641 2147 ergo
2689 2077 2879 2133 Deitas
2906 2076 3113 2133 Christi
3143 2076 3372 2147 ejusque
3406 2074 3601 2129 huma-

2014 2174 2187 2236 nitas,
2225 2180 2427 2230 natura
2458 2168 2686 2241 quidem
2739 2169 2850 2225 duo
2878 2176 3030 2238 sunt,
3070 2184 3240 2224 unum
3285 2172 3470 2249 autem
3499 2166 3598 2243 hy-

2017 2264 2229 2337 postasi
2240 2304 2255 2319 .

2446 2358 2702 2430 Ejusdem
2742 2373 2807 2413 ea:
2840 2356 3076 2411 versibus
3098 2356 3169 2408 ⁸⁵.

2100 2464 2119 2498 ‹
2152 2443 2320 2503 Venit
2366 2448 2514 2507 Deus
2559 2465 2624 2506 ac
2673 2448 2949 2516 mortalis,
3003 2454 3232 2502 naturas
3285 2445 3476 2501 ambas
3545 2445 3602 2499 in

3007 2516 3200 2588 [unum
3222 2517 3514 2588 copulans,

2096 2625 2115 2660 ι
2148 2607 2328 2664 Aliam
2356 2610 2579 2682 quidem
2635 2610 2939 2675 occultam,
2997 2608 3470 2749 pateiiltem_:li)liam
3507 2608 3603 2661 IIO‘

3176 2693 3306 2732 intni
3352 2693 3441 2733 us.
3466 2694 3486 2728 ι

3176 2693 3441 2733 ιιιιιιιυυδ.
3466 2694 3486 2728 ι

2019 2764 2207 2821 Sancti
2249 2769 2520 2825 Ambrosii
2556 2769 3000 2833 Mediolanensis,
3041 2782 3107 2821 ea:
3150 2767 3286 2823 libro
3321 2768 3399 2823 De
3423 2769 3604 2823 incar-

2306 2843 2546 2909 natione,
2570 2857 2663 2896 seu
2694 2849 2883 2895 contra
2902 2838 3321 2907 Apollinarium.

2101 3013 2120 3048 ι
2160 2992 2294 3060 Sed,
2338 2994 2469 3050 dum
2511 2994 2615 3050 hos
2663 2993 3074 3066 redarguimus,
3141 2999 3433 3063 emergunt
3486 2991 3602 3059 alii,

343 3081 450 3137 ροι,
479 3065 832 3181 λέγοντεςγτδ
875 3071 1039 3141 σῶμα
1089 3070 1184 3126 τοῦ
1243 3075 1476 3146 Κυρίου,
1518 3077 1614 3131 καὶ
1661 3076 1761 3151 τὴν
1805 3077 1913 3135 θεό-

2035 3087 2120 3158 qui
2151 3100 2375 3142 carnem
2425 3086 2648 3141 Domini
2695 3095 2754 3143 et
2808 3085 3156 3141 divinitatem
3208 3084 3396 3140 dicant
3441 3084 3606 3140 unius

338 3175 482 3251 τητα
523 3160 654 3251 tua;
704 3157 843 3215 εῖναι
884 3162 1122 3232 φύσεως.
1156 3166 1313 3231 Ποῖος
1362 3167 1494 3240 ᾅδης
1531 3170 1631 3241 τὴν
1652 3172 1913 3246 τοσαύτην

2035 3157 2151 3237 esse
2177 3187 2414 3235 naturae.
2454 3180 2586 3249 Quae
2612 3188 2831 3236 tantum
2864 3178 3218 3251 sacrilegium
3254 3175 3469 3233 inferna
3502 3191 3605 3231 vo-

346 3249 697 3321 βλασφημίαν
750 3252 1051 3322 ἡρεύξατος
1112 3257 1385 3327 Ἀρειανοὶ
1440 3259 1549 3333 γὰρ
1577 3260 1679 3331 ἤδη
1715 3263 1923 3334 τυγχά-

2022 3272 2326 3328 muerunt?
2353 3270 2474 3326 Jam
2511 3270 2914 3327 tolerabiliores
2943 3276 3077 3329 sunt
3112 3267 3330 3333 Ariani,
3369 3282 3602 3338 quorum

343 3358 495 3396 νουσι
529 3342 887 3413 φορητότεροι
907 3359 920 3375 ο
954 3341 1033 3409 οἷς
1071 3348 1135 3400 ἐκ
1166 3346 1373 3401 τούτων
1403 3348 1622 3413 αὔξεται
1651 3353 1750 3423 τῆς
1780 3355 1913 3424 φιλο-

2035 3376 2122 3433 per
2144 3362 2287 3417 istos
2339 3359 2630 3432 [rixarum
2656 3360 2751 3434 et]
2796 3359 3041 3432 perﬁdia:
3090 3358 3261 3414 robur
3313 3357 3603 3421 adolescit,

343 3431 576 3497 νεικίας,
621 3433 715 3486 κα)⁸
764 3434 1023 3498 ἀπιστίας
1074 3435 1136 3490 τὸ
1176 3437 1464 3509 στέλεχος,
1492 3440 1913 3517 φιλονεικότεροι

2035 3431 2084 3508 ut
2104 3452 2314 3522 majore
2344 3453 2705 3508 contentione
2730 3431 3015 3507 iasserant
3057 3450 3279 3505 Patrem
3315 3458 3370 3506 et
3405 3448 3604 3504 Filium

343 3523 823 3595 διαϐεϐαιούμενον
871 3524 1053 3595 λέγειν
1094 3528 1187 3581 τὸν
1225 3529 1466 3601 Πατέρα,
1506 3531 1602 3585 καὶ
1647 3533 1739 3589 τὸν
1772 3535 1913 3603 Υίὸν,

2035 3553 2079 3602 et
2110 3544 2380 3615 Spiritum
2426 3552 2684 3599 sanctum
2723 3543 2889 3599 unius
2923 3558 3036 3598 non
3072 3556 3197 3598 esse
3242 3542 3601 3610 substantiae;

343 3613 439 3705 καὶ
465 3615 527 3668 τὸ
557 3614 781 3686 Πνεῦμα
804 3617 865 3670 τὸ
886 3616 1041 3687 ἅγιον
1066 3620 1196 3689 μιᾶς
1221 3618 1408 3685 οὐσίας
1438 3620 1512 3692 μὴ
1541 3616 1712 3677 εἶναι’
1735 3625 1913 3697 ἐπειδῆ

2035 3613 2168 3705 quia
2190 3634 2282 3688 isti
2312 3633 2664 3688 divinitatem
2715 3630 2937 3686 Domini
2976 3642 3034 3688 et
3068 3644 3318 3698 carnem,
3346 3631 3608 3687 substan-

344 3702 491 3763 οὗτοι
521 3708 619 3780 τὴν
653 3709 884 3781 θεότητα
912 3709 1008 3767 τοῦ
1040 3710 1246 3782 Κυρίου
1289 3711 1385 3764 καὶ
1422 3711 1522 3783 τὴν
1557 3715 1755 3785 σάρκα,
1794 3716 1913 3787 μιᾶς

2035 3702 2118 3781 tia:
2151 3726 2317 3781 unius
2346 3724 2533 3780 dicere
2571 3730 2951 3780 tentaverunt.
2984 3739 3003 3773 ι

345 3816 513 3868 φασιν
540 3800 811 3871 ὑπάρχειν
840 3801 1030 3866 οὐσίας
1145 3821 1164 3854 ι

336 3890 463 3944 ,Τοῦ
490 3890 698 3961 αὐτοῦ,
715 3892 786 3946 ἐκ
817 3890 925 3945 τοῦ
950 3890 1101 3959 πρὸς
1136 3891 1475 3961 Γρατιανὸν
1504 3891 1612 3947 τὸν
1634 3892 1922 3957 βασιλέα.

424 3961 657 4034 Ταύτην
669 3960 737 4014 δὲ
766 3961 989 4029 χρῆσιν
1011 3962 1354 4034 προήγαγεν
1378 3963 1412 4016 ό
1436 3963 1734 4032 Κύριλλος
1759 3962 1830 4018 ἐν
1851 3964 1927 4034 τῇ

417 4031 548 4084 κατ’
577 4033 840 4099 Ἔφεσον
868 4031 1132 4097 συνόδῳ.
1182 4031 1189 4033 ἡ
1230 4031 1263 4063 θ
1895 4031 1900 4033 γ

2098 4031 2320 4115 ἶῃηοάο.

425 4141 444 4175 ι
485 4123 818 4194 Φυλάξωμεν
851 4122 950 4193 τὴν
984 4123 1248 4195 διαφορὰν
1273 4124 1370 4193 τῆς
1415 4123 1672 4193 θεότητος
1704 4124 1801 4179 καὶ
1827 4124 1913 4195 τῆς

2106 4156 2125 4188 t
2161 4134 2457 4190 Servemus
2506 4129 2921 4188 distinctionem
2960 4128 3273 4185 divinitatis
3304 4135 3360 4185 et
3398 4130 3604 4185 carnis.

347 4214 553 4287 σαρκός
572 4231 586 4245 ο
614 4209 694 4279 εἷς
726 4216 835 4288 γὰρ
865 4217 923 4269 ὲν
954 4216 1196 4288 ἑκατέρᾳ
1222 4215 1368 4269 τελεῖ
1387 4225 1413 4266 ι
1443 4216 1473 4269 ὁ
1493 4217 1592 4270 τοῦ
1616 4216 1753 4271 Θεοῦ
1779 4218 1913 4285 Υἱὸς,

2035 4226 2187 4283 Unus
2240 4227 2300 4281 in
2360 4234 2594 4296 utraque
2636 4221 2884 4293 loquitur
2916 4220 3014 4277 Dei
3043 4219 3238 4287 Filius,
3274 4220 3403 4292 quia
3432 4220 3487 4275 in
3517 4233 3607 4275 co-

347 4306 651 4378 ὲπειδήπερ
676 4307 735 4360 ὲν
768 4307 917 4379 αὐτῷ
949 4307 1187 4378 ἑκατέρα
1220 4306 1382 4377 φύσις
1414 4308 1589 4364 ἐστίν.
1622 4327 1640 4360 ι

2035 4321 2152 4376 dem
2183 4329 2416 4388 utraque
2455 4326 2653 4372 natura
2690 4321 2797 4371 est.
2832 4332 2853 4367 ι

354 4396 467 4452 Τοῦ
502 4398 711 4467 αὐτοῦ,
757 4401 827 4453 ἐκ
870 4398 981 4468 τῆς
1036 4399 1356 4523 ἓξιέᾕηνείας
1403 4400 1511 4454 τοῦ
1557 4399 1721 4455 θείου
1776 4415 1913 4471 συμ-

1148 4486 1240 4524 ου.

2141 4408 2417 4466 Eiusdem.
2448 4423 2514 4464 ea:
2546 4406 2980 4478 interpretatione
3033 4405 3199 4461 divini
3238 4403 3495 4476 Symboli.

426 4580 445 4613 ι
476 4561 616 4624 Τοὺς
644 4561 701 4614 δὲ
733 4560 993 4630 λέγοντας
1027 4560 1183 4631 ψιλὸν
1222 4561 1505 4634 ἄνθρωπον
1536 4561 1628 4616 τὸν
1665 4563 1913 4634 Χριστὸν1

2109 4586 2128 4621 ι
2156 4568 2265 4624 Eos
2303 4582 2435 4623 vero
2462 4566 2559 4636 qui
2607 4567 2820 4620 nudum
2868 4562 3152 4619 hominem
3212 4561 3495 4616 Christum
3529 4558 3609 4613 di-

348 4654 383 4725 ἢ
415 4653 657 4726 παθητὸν
685 4654 774 4708 τὸν
800 4654 934 4708 Θεὸν
968 4655 1161 4722 Λόγον,
1186 4654 1218 4726 ἢ
1243 4655 1322 4718 εἰς
1359 4655 1537 4727 σάρκα
1561 4656 1860 4728 τραπέντα,
1890 4658 1913 4728 ἦ

2035 4668 2188 4727 cunt,
2232 4668 2329 4716 aut
2365 4658 2633 4729 possibile
2670 4655 2913 4713 Verbum
2943 4655 3061 4719 Dei,
3098 4661 3196 4708 aut
3247 4659 3519 4706 mutatum
3548 4651 3606 4705 in

354 4746 786 4817 συνουσιωμὲνον
812 4747 1105 4818 ἐσχηκέναι
1131 4749 1193 4800 τὸ
1222 4745 1403 4817 σῶμα,
1426 4746 1460 4819 ἢ
1480 4748 1771 4821 οὐρανόθεν
1796 4750 1913 4805 αὐτὶ

2035 4764 2281 4817 carnem,
2322 4758 2412 4804 aut
2439 4747 2981 4804 consubstantiatum
3024 4759 3150 4801 cum
3181 4741 3361 4800 Verbo
3403 4755 3607 4812 corpus

2030 3903 2307 3975 Ejusdem,
2352 3915 2419 3957 ex
2497 3905 2631 3975 libro
2690 3896 2761 3975 at!
2822 3895 3187 3975 Cratianum“
3212 3896 3604 3975 imperatorem.

2101 3964 2679 4041 Quam'auctoritatem
2707 3966 2949 4038 Cyr-illus
2988 3966 3211 4037 protulit
3254 3965 3309 4019 in
3344 3964 3608 4035 Epliesina

414 4903 465 4937 “
485 4904 671 4961 Carm.
700 4904 776 4961 De
806 4910 934 4960 test.
972 4910 1028 4959 et
1055 4903 1180 4959 adv.
1207 4902 1434 4960 Christi.

1663 4997 1899 5056 VARIIE
1936 4999 2337 5058 LECTIONES.

432 5132 453 5171 ί
489 5132 711 5203 Alioqui
768 5132 1060 5203 legendum
1094 5139 1265 5203 esset,
1329 5130 1539 5203 λέγειν-
1560 5129 1956 5203 πεπείρανται,
2021 5140 2117 5203 aut
2160 5130 2345 5187 simile
2400 5128 2708 5203 quidpiam.
2789 5130 2813 5167 8
2844 5128 2971 5203 ch‘.
3013 5127 3191 5203 λαλεῖ,
3223 5136 3285 5203 ut
3342 5125 3607 5183 Leontius

353 5210 483 5272 post
536 5198 803 5273 Cyrillum
828 5198 1113 5257 'Ambros.
1139 5268 1153 5273 Α
1175 5198 1469 5273 Loquitur.
1500 5198 1885 5273 Fragmentum
1940 5202 2085 5257 istud
2130 5217 2241 5256 non
2288 5198 2549 5255 occurrit
2578 5199 2631 5251 in
2664 5206 2897 5273 tractatu
2950 5198 3003 5252 in
3038 5198 3350 5267 Symbolum
3382 5207 3612 5273 _ap03t9~

350 5266 554 5337 lorum,
583 5266 680 5341 qui
712 5275 854 5327 inter
876 5268 1155 5343 Ambrosii
1177 5266 1344 5343 opera
1385 5270 1569 5326 editus
1604 5266 1750 5343 fuit:
1782 5281 2074 5343 acceptum
2141 5283 2271 5328 vero
2325 5278 2413 5328 est
2467 5276 2577 5324 tam
2620 5282 2650 5322 a
2680 5268 3020 5324 Damasccno
3078 5266 3242 5339 quam
3297 5284 3327 5322 a
3380 5266 3607 5322 Leontio

356 5340 665 5415 Byzantino
695 5360 762 5400 ex
792 5343 1011 5413 dialogo
1032 5342 1069 5395 2
1098 5340 1429 5399 Theodoreti
1466 5356 1592 5398 cum
1628 5342 1907 5397 Eranista.

1940 5456 2171 5515 NUTIE.

431 5572 508 5643 (8)
563 5571 695 5637 Qua:
743 5571 836 5626 hic
882 5571 1124 5643 citantur
1176 5570 1349 5643 sancti
1392 5571 1699 5643 Ambrosii
1730 5586 1893 5643 opera
1917 5610 1931 5636 ,
2042 5565 2420 5643 suam__edidit,
2446 5574 2695 5643 tuncque
2712 5563 2855 5619 adeo
2888 5563 3156 5643 translata
3187 5562 3337 5643 fuere
3366 5563 3420 5618 in
3453 5563 3604 5643 Grap-

431 5586 508 5643 (δ)
563 5586 695 5637 una:
745 5586 836 5626 nic
882 5586 1124 5627 Cltanttll‘
1176 5586 1349 5628 sancti
1392 5586 1667 5627 ambrosn
1730 5586 1762 5626 ο
1800 5587 1893 5626 era
1917 5610 1931 5636 ,
2042 5586 2199 5625 suam
2229 5586 2420 5629 eulult,
2446 5586 2685 5635 tuncque
2712 5586 2855 5619 aueo
2890 5586 3156 5620 transrata
3188 5586 3337 5620 luere
3368 5586 3420 5618 In
3453 5586 3604 5619 briu-

358 5646 533 5699 missa
568 5643 787 5697 luerunt
826 5658 856 5696 a
904 5642 1171 5697 Martiano
1209 5642 1597 5699 Mediolancnsi
1639 5642 1704 5696 ad
1750 5586 1929 5697 'Fheo-
2039 5654 2160 5693 cam
2198 5639 2465 5707 linguam.
2508 5636 2628 5702 Quo
2672 5636 2877 5707 factum
2933 5644 3022 5707 est
3079 5642 3147 5707 ut,
3195 5636 3346 5707 varia
3402 5634 3606 5707 passim

361 5714 583 5771 dosium
610 5712 914 5779 iuniorem,
946 5728 1057 5784 quo
1088 5721 1329 5782 tempore
1354 5711 1641 5771 Nestorius
1677 5714 1925 5769 hmresim
2038 5710 2231 5764 horum
2284 5703 2539 5778 excerpta
2588 5708 2752 5763 citata
2786 5706 2897 5765 sint
2925 5722 2954 5761 a
2983 5703 3184 5763 Graecis
3225 5704 3602 5775 scriptoribus;
