3930 6206
263 266 409 337 1497

1525 283 1823 355 CONTRA
1857 280 2275 356 JACOBITAS.

3358 259 3524 366 ~1193

260 386 539 483 ἁφράστῳ
564 384 805 483 λόγῳολοῦ
827 388 1173 483 κεκραμένος
1200 391 1261 444 ιν
1290 391 1460 464 αὐτῷ,
1481 395 1515 467 ἢ
1536 397 1837 470 ἀποσεσαρ·

1950 400 2045 472 qui
2084 419 2189 462 nec
2232 405 2347 463 dici
2397 421 2501 465 nec
2532 408 2768 480 exprimi
2807 412 3009 483 possit,
3050 429 3159 472 non
3192 415 3247 472 in
3286 431 3352 474 eo
3387 428 3527 476 tem-

262 478 539 549 κωμένος,
564 479 680 534 ἀλλ’
713 477 1015 544 ἀποσὼζων
1067 481 1126 535 ἐν
1156 482 1334 556 ἑαυτῷ
1360 485 1469 540 τῶν
1509 486 1604 548 δύο
1632 488 1849 557 φύσεων

261 570 374 624 τῶν
404 570 762 642 ἑτεροουσίων
791 570 1137 641 ἀσυγχύτους
1178 573 1279 638 τὰς
1313 575 1605 648 ἰδιότητας.
1634 580 1710 639 Οὐ
1737 579 1848 652 γὰρ

263 662 441 733 δήπου
476 660 792 733 ὲκράθησαν
823 662 880 715 αἱ
911 661 1105 732 φύσεις
1127 664 1187 717 έν
1206 666 1274 735 τῇ
1301 667 1525 739 ἀρρήτῳ
1550 668 1647 725 καὶ
1676 670 1849 739 ἀσυγ-

246 754 415 825 ’χύτῳ
444 753 658 817 ἑνώσει,
695 751 812 806 ἀλλ’
843 752 1134 826 ήνώθησαν
1173 756 1399 829 ἀρρήτῳ
1445 760 1541 825 καὶ
1580 760 1848 834 ἀφράστῳ

261 845 432 916 λόγῳ,
457 844 554 900 καὶ¹
585 844 919 915 ὑπερέκεινα
951 848 1157 913 παντὸς
1188 848 1280 903 νοῦ
1316 850 1669 921 τυγχάνουσι,
1704 854 1848 909 κατά

260 937 356 990 τὸν
375 935 781 1007 τρισμακάριον
802 936 897 991 καὶ
923 936 1142 1009 ἀληθῶς
1167 939 1551 1011 οἰκούμενικδν
1570 944 1669 1015 τῆς
1688 944 1847 1016 όρθο-

259 1026 418 1095 δόξου
448 1026 691 1091 πίστεως
722 1026 1065 1096 διδάσκαλον,
1094 1029 1194 1084 καὶ
1232 1031 1666 1103 ἀρχιεπίσκοπον
1689 1036 1848 1108 ἡμῶν

277 1120 626 1187 ’Δθανάσιον,
656 1120 750 1175 τὸν
790 1122 851 1175 ἐν
878 1124 948 1193 τῇ
1000 1124 1217 1196 μεγάλῃ
1269 1126 1327 1178 ὲν
1382 1126 1591 1199 Νικαία
1639 1129 1847 1202 συνόδῳ

262 1210 676 1283 διαστράψαντα
707 1210 911 1282 μεταξὺ
939 1212 1050 1267 τῶν
1081 1216 1408 1287 τριακοσίων
1435 1216 1567 1272 δέκα
1584 1220 1681 1274 καὶ
1701 1220 1847 1276 ὀκτὼ

265 1303 610 1370 ἐπισκόπων,
634 1302 897 1357 είπόντα’
926 1303 1032 1358 Δύο
1071 1306 1418 1379 πραγμάτων
1452 1309 1722 1383 ἀνομοίων
1751 1313 1847 1367 καὶ

263 1396 470 1451 ἀνίσων
495 1394 637 1449 κατά
665 1394 767 1466 τὴν
801 1393 965 1465 φύσιν
995 1394 1215 1461 σύνοδος
1239 1398 1485 1469 γέγονεν,
1512 1402 1573 1456 οὐ
1601 1402 1847 1475 σύγχρα-

265 1506 373 1554 σις,
397 1487 535 1542 Θεοῦ
558 1486 841 1559 ἀφράστου
858 1489 954 1542 καὶ
971 1488 1166 1561 θνητοῦ
1191 1490 1461 1563 σώματος,
1483 1495 1544 1550 ού
1562 1499 1682 1551 κατ’
1700 1498 1846 1567 ἀφα-

264 1581 460 1652 νισμὸν
502 1580 536 1651 ἢ
581 1580 993 1651 ἀποσάρκωσιν,
1024 1579 1163 1634 ἀλλὰ
1213 1582 1338 1636 καθ’
1380 1584 1577 1641 ἕνωσιν
1606 1587 1846 1661 ἄρρητον

263 1673 364 1726 καὶ
413 1672 829 1742 ἀνέκφραστονν
864 1672 963 1726 καὶ
1004 1671 1433 1745 ἀνεκδιήγητοψ
1477 1677 1572 1732 δύο
1628 1680 1845 1749 φύσεων

262 1765 377 1819 τῶν
398 1765 486 1820 ἑτε
495 1762 776 1835 ροουσίων,
796 1760 907 1816 τῶν
926 1762 985 1817 ὲν
1006 1762 1087 1816 Evt
1114 1763 1358 1836 Χριστῷ,
1375 1766 1494 1838 Υἱῷ
1507 1768 1565 1823 δὲ
1588 1770 1683 1823 τοῦ
1707 1771 1842 1826 Θεοῦ

268 1858 613 1930 σωζομένων,
639 1859 733 1926 καὶ
761 1859 900 1930 μήτε
927 1856 1330 1928 συγχεομένων,
1369 1862 1509 1933 μήτε
1532 1863 1846 1937 ἀπολλυμέ-

265 1969 396 2023 vnn,
424 1952 458 2024 ἢ
484 1951 916 2026 διαιρεθεισῶν.»

336 2234 611 2305 Σχόλιον.
651 2234 870 2305 Ὀρᾶτε,
899 2234 977 2301 ὡς
994 2235 1050 2289 ‘oi
1080 2236 1227 2305 ἀγιοι
1255 2233 1497 2309 Πατέρες
1518 2233 1578 2300 ἐξ
1606 2233 1726 2307 ῐσης
1745 2232 1845 2306 τὴν

269 2324 533 2396 σύγχυσιν
564 2326 659 2380 καὶ
690 2325 790 2393 τὴν
816 2325 1085 2398 διαίρεσιν
1113 2325 1429 2395 φεύγοντες,
1453 2324 1721 2390 σώζεσθαι
1745 2325 1846 2391 τάς

264 2415 361 2469 δύο
409 2415 596 2485 φύσεις
642 2416 809 2488 φασὶν
853 2417 911 2473 έν
961 2417 1045 2472 ἑνὶ
1084 2416 1347 2490 Χριστῷ,
1378 2418 1498 2490 ἦτοι
1559 2419 1661 2490 μιᾷ
1702 2418 1840 2472 ὑπο-

267 2506 475 2563 στάσει.

405 2621 516 2677 Τοῦ
544 2620 753 2687 αὐτοῦ,
785 2621 852 2675 ἐκ
876 2620 987 2676 τοῦ
1008 2622 1144 2691 περὶ
1183 2623 1444 2690 πίστεως
1488 2625 1702 2695 λόγου.

335 2729 356 2764 ι
387 2712 663 2765 Οὐδέποτε
692 2710 803 2782 γὰρ
830 2710 1043 2780 ἀπέστη
1074 2711 1177 2782 τῆς
1208 2712 1344 2776 [δίας
1369 2712 1648 2785 θεότητος,
1667 2715 1719 2768 ει
1749 2716 1844 2774 καὶ

258 2805 531 2861 ἐκένωσεν
582 2804 797 2871 ἑαυτὸν,
839 2804 1055 2876 μορφὴν
1104 2805 1294 2860 δούλου
1330 2806 1511 2862 λαϐὼν
1561 2808 1629 2862 δι’
1670 2811 1840 2881 ἡμᾶς,

255 2898 358 2952 οὐκ
390 2896 668 2960 ἀπολέσας
694 2895 795 2967 τὴν
817 2895 1007 2966 θεῖκὴν
1040 2897 1281 2970 μορφὴν,
1311 2897 1402 2953 ἵνα
1442 2899 1584 2954 κατὰ
1623 2900 1683 2953 σὲ
1710 2901 1842 2955 ἑτοί-

260 3007 381 3060 μως
432 2986 750 3058 θεοποιηθῇ,
789 2986 866 3052 ὡς
909 2987 1230 3060 ἄνθρωπος’
1284 2990 1360 3063 μὴ
1396 2992 1625 3060 γένοιτο.
1682 2993 1843 3049 Ἀλλά

1950 506 2203 569 peratus,
2249 507 2347 556 aut
2391 511 2555 557 exuta
2604 517 2817 569 carne;
2864 507 2960 563 sed
3011 508 3215 568 illaesas
3252 514 3309 568 in
3340 512 3527 584 seipso

1934 604 2182 649 .servans
2234 592 2519 648 ambarum
2575 596 2837 653 essentia:
2895 597 3128 657 diversae
3198 611 3523 660 naturarum

1949 679 2339 750 preprietates.
2371 680 2493 737 Non
2520 683 2671 739 enim
2701 694 3131 757 contemperatae
3154 700 3370 747 naturae
3396 700 3531 749 sunt

1949 770 2007 826 in
2038 772 2354 844 expiicahili
2391 782 2447 831 et
2486 774 2781 833 inconfusa
2818 776 2914 833 illa
2958 779 3188 847 unione,
3226 783 3321 839 sed
3358 798 3522 857 copu-

1948 862 2076 920 lata:
2097 872 2230 920 sunt
2260 880 2463 922 arcana
2496 868 2712 925 ratione
2740 885 2868 941 quae
2894 871 3079 929 efferri
3126 888 3386 951 sermone
3416 892 3528 933 non

1948 963 2132 1026 potest
2158 976 2175 1014 :
2198 966 2441 1030 suntque
2462 974 2630 1031 supra
2652 962 3074 1034 intelligentiam
3104 981 3343 1035 omnem,
3369 969 3526 1040 juxta

1949 1063 2014 1103 ac
2041 1050 2423 1120 pronuntiavit
2465 1051 2827 1111 beatissimus
2865 1070 3106 1127 vereque
3145 1060 3527 1117 mcumenicus

1947 1140 2271 1205 orthodoxa:
2318 1142 2444 1198 fidei
2494 1144 2783 1214 magister,
2818 1146 3390 1222 archiepi-scopusque
3419 1167 3524 1207 no-

1949 1238 2063 1288 ster
2118 1233 2475 1301 Athanasius,
2530 1235 2625 1305 qui
2680 1235 2827 1292 inter
2888 1244 3170 1295 trecentos
3225 1240 3414 1296 decem
3468 1249 3527 1299 et

1947 1332 2076 1379 octo
2130 1323 2399 1393 praesules
2445 1324 2727 1396 splenduit
2780 1327 2837 1381 in
2888 1342 3090 1399 magno
3138 1329 3378 1385 concilio
3424 1329 3523 1386 Ni-

1946 1429 2120 1471 czeno.
2151 1417 2395 1472 Duarum
2433 1432 2621 1473 rerum
2670 1417 3032 1474 dissimilium
3082 1428 3139 1477 et
3172 1420 3524 1493 inmqualium

1946 1508 2117 1564 coitio
2146 1510 2445 1566 secundum
2492 1518 2750 1566 naturam
2795 1510 2941 1568 facta
2972 1522 3079 1581 est,
3131 1530 3245 1570 non
3277 1525 3527 1572 contem-

1944 1600 2194 1670 peratio;
2238 1601 2359 1669 Dei,
2391 1600 2640 1672 inquam,
2692 1603 2786 1674 qui
2813 1604 2998 1661 verbis
3040 1606 3279 1678 exprimi
3307 1609 3523 1679 nequit,

1949 1705 2016 1747 ac
2054 1693 2307 1750 mortalis
2340 1693 2638 1765 corporis:
2682 1710 2795 1750 non
2824 1710 2927 1767 per
2950 1697 3401 1763 exstinctionem,
3430 1706 3526 1755 aut

1948 1789 2407 1859 exspoliationem
2442 1790 2655 1856 carnis,
2697 1791 2794 1847 sed
2840 1806 2939 1861 per
2980 1788 3524 1857 ineifabilem,inex-

1947 1880 2392 1953 plicabilemque,
2437 1889 2492 1937 et
2524 1881 2960 1939 incnarrabilem
2992 1883 3254 1939 unionem
3283 1884 3523 1940 duarum

1944 1971 2203 2028 essentia:
2239 1971 2473 2030 diversae
2506 1981 2855 2038 naturarum,
2888 1988 3013 2044 quae
3046 1973 3104 2029 in
3133 1988 3246 2031 uno
3271 1974 3519 2042 Christo,

1944 2061 2045 2118 Dei
2078 2069 2261 2118 autem
2313 2061 2483 2130 Filio,
2539 2064 2709 2120 salvae
2759 2070 2914 2133 sunt,
2960 2077 3071 2119 nec
3106 2064 3371 2133 confusae,
3419 2079 3523 2121 nec

1944 2152 2265 2224 deperdita,
2304 2170 2407 2211 nec
2444 2155 2657 2213 divisae.
2686 2177 2706 2210 ι

2013 2243 2177 2317 425
2207 2246 2481 2303 Scholium
2507 2264 2527 2307 :
2555 2248 2787 2312 Videtis.
2810 2249 3091 2321 quomodo
3121 2248 3299 2305 sancti
3329 2247 3523 2304 Patres

1943 2334 2327 2393 confusionem
2356 2337 2799 2407 divisionemque
2819 2356 2887 2396 ex
2908 2355 3067 2411 aequo
3097 2339 3393 2412 fugientes,
3411 2340 3523 2395 salo

1942 2441 2041 2485 vas
2072 2442 2199 2484 esse
2230 2438 2463 2487 naturas
2487 2430 2628 2488 duas
2664 2433 2864 2489 docent
2893 2432 2951 2489 in
2991 2432 3236 2500 Christo,
3271 2432 3325 2490 id
3355 2433 3523 2493 estin

1942 2532 2054 2573 una
2092 2516 2399 2590 bypostasi.
2850 2520 2853 2523 ’

2324 2628 2604 2700 Eiusdem,
2634 2648 2701 2688 ea:
2733 2632 2868 2689 libro
2902 2630 2977 2686 De
3011 2630 3137 2702 fide.

2018 2737 2039 2775 ι
2071 2720 2432 2793 Nequaquam
2460 2725 2606 2780 enim
2638 2725 2875 2781 descivit
2898 2738 2929 2778 a
2965 2738 3065 2778 sua
3097 2721 3402 2786 divinitate.
3440 2729 3519 2777 ta-

1941 2812 2106 2869 metsi
2143 2814 2498 2882 semetipsum
2528 2815 2859 2880 exinanivit,
2903 2812 3082 2869 forma
3121 2813 3267 2870 servi
3300 2820 3520 2883 propter

1941 2917 2045 2959 nos
2074 2912 2358 2976 assumpta
2383 2906 2456 2970 ⁸³,
2494 2920 2604 2961 non
2638 2906 2847 2961 amissa
2886 2904 3096 2969 divina,
3129 2914 3211 2971 ut,
3256 2902 3512 2973 quemad-

1942 2994 2164 3050 modum
2195 2995 2299 3063 ais,
2334 2998 2401 3053 de
2431 2996 2582 3053 facili
2605 3005 2880 3068 quatenus
2907 3004 3027 3053 erat
3054 2995 3241 3060 homo,
3266 2994 3520 3051 evaderet

261 3080 371 3151 γὰρ
397 3078 525 3133 ναὸν
558 3077 739 3147 ἑαυτῷ
768 3077 1032 3149 ἔμψυχον,
1064 3079 1163 3135 καὶ
1190 3080 1395 3136 τέλειον
1424 3083 1837 3148 κατασκευάσας

1945 3086 2132 3143 Deus:
2170 3088 2352 3144 absit!
2387 3089 2531 3157 Quin
2560 3091 2748 3162 potius
2786 3091 3089 3145 animatum
3118 3089 3225 3147 sibi
3257 3087 3517 3157 templum

258 3174 321 3226 ὲν
348 3172 416 3242 τῇ
448 3169 581 3243 ἁγίᾳ
602 3168 917 3241 Παρθενικῇ
953 3170 1156 3243 μήτρᾳ,
1183 3172 1278 3227 καὶ
1298 3172 1657 3245 ἐνδυσάμενος
1678 3175 1869 3240 αὐτὸν,

259 3262 360 3317 καὶ
405 3260 632 3326 ένωθεὶς
682 3259 833 3332 αὐτῷ
887 3261 1116 3333 ἀρῤήτῳ
1166 3262 1244 3333 τῷ
1284 3262 1459 3335 λόγῳ,
1517 3264 1840 3338 σωζομένων

260 3352 589 3425 ἀμφοτέρων
619 3352 728 3407 τῶν
779 3352 1017 3423 φύσεων,
1044 3354 1139 3408 καὶ
1179 3354 1243 3408 οὐ
1290 3356 1670 3428 κεκραμένων,
1702 3362 1839 3429 arfic-

261 3448 416 3519 ἦλθε,
448 3445 775 3517 φαινόμενος
817 3446 919 3517 μὲν
963 3445 1271 3517 ἄνθρωπος,
1300 3447 1590 3520 νοούμενος
1621 3450 1679 3504 δὲ
1704 3451 1837 3517 Θεὸς

276 3538 483 3611 Ἰησοῦς
512 3539 559 3593 Χ
567 3538 771 3610 ριστός.
804 3556 824 3590 ι

267 3630 379 3688 Τοῦ
398 3628 606 3698 αὑτοῦ,
623 3628 693 3683 ἐκ
712 3626 825 3697 τῆς
844 3626 994 3752 agger:
1026 3626 1315 3752 ’Ῑῧέννην
1334 3628 1442 3684 τὸν
1471 3629 1836 3699 ’Δντιογείας

947 3713 1079 3752 ιστο
1122 3716 1218 3752 nc.

947 3713 1218 3767 ιστολης.

337 3810 359 3846 ι
389 3791 501 3856 Τάς
538 3788 598 3846 δὲ
638 3788 1008 3858 εὐαγγελικάς
1040 3788 1137 3843 καὶ
1181 3789 1550 3855 ἀποπολικάς
1580 3792 1833 3863 περὶτοῦ

257 3885 469 3958 Κυρίου
500 3882 685 3955 φωνὰς
715 3882 876 3953 ίσμεν
900 3882 1027 3946 τοὺς
1054 3880 1339 3952 θεολόγους
1365 3884 1585 3957 ἄνδρας,
1611 3885 1710 3950 τὰς
1736 3886 1836 3957 μὲν

257 3975 720 4038 κοινοποιοῦντας,
747 3974 825 4037 ὡς
859 3974 948 4042 ἐφ’
977 3973 1094 4037 ἑνὸς
1121 3973 1438 4045 προσώπου,
1468 3975 1568 4041 τὰς
1607 3978 1666 4031 δὲ
1696 3978 1836 4033 διαι-

258 4068 489 4146 ροῦντας
512 4066 589 4131 ὡς
609 4066 703 4128 ἐπὶ
730 4064 826 4119 δύο
858 4064 1096 4135 φύσεων,
1118 4066 1215 4119 καὶ
1243 4065 1343 4130 τὰς
1384 4066 1483 4137 μὲν
1514 4067 1834 4139 θεοπρεπείς

256 4148 397 4215 κατά
430 4162 531 4231 τὴν
580 4156 813 4229 θεότητα
862 4156 958 4211 τοῦ
1006 4157 1269 4230 Χριστοῦ,
1318 4158 1419 4223 τὰς
1448 4159 1507 4214 δὲ
1574 4162 1831 4227 ταπεινὰς

253 4252 400 4319 κατά
423 4251 524 4323 τὴν
561 4249 983 4323 ἀνθρωπότητα.
1009 4269 1031 4303 ι

1940 3178 2362 3250 perfectumque
2390 3181 2448 3236 in
2480 3188 2639 3236 utero
2668 3180 2910 3252 Virginis
2942 3179 3253 3247 fabricavit,
3282 3178 3335 3232 in
3373 3176 3517 3247 quod

1940 3270 2249 3341 ingressus,
2310 3272 2475 3343 eique
2526 3271 2795 3328 ineffabili
2832 3271 2999 3327 modo
3050 3272 3267 3335 unitus,
3304 3268 3518 3325 naturis

1938 3362 2210 3419 ambabus
2239 3363 2431 3429 salvis,
2474 3378 2589 3419 non
2639 3378 2753 3418 una
2802 3362 3260 3433 contemperatis,
3292 3361 3516 3431 prodiit,

1937 3453 2014 3509 ita
2048 3460 2107 3508 ut
2140 3452 2310 3509 homo
2335 3454 2558 3524 quidem
2599 3462 2951 3513 cerneretur.
2982 3454 3130 3513 Deus
3160 3467 3292 3511 vero
3315 3452 3516 3509 intelli-

1937 3552 2182 3614 geretur,
2211 3543 2376 3601 Jesus
2404 3545 2684 3602 Christus.
2716 3563 2737 3597 ι

1936 3632 2226 3704 Ejusdem,
2285 3650 2351 3690 ea:
2398 3635 2626 3706 epistola
2682 3635 2751 3689 ad
2795 3634 3062 3691 Joannem
3108 3639 3511 3701 Antiochenam.

2011 3813 2030 3849 ι
2076 3795 2299 3852 Scimus
2333 3794 2487 3852 viros
2514 3794 2830 3852 divinarum
2868 3812 3053 3854 rerum
3102 3801 3315 3871 peritos
3355 3820 3513 3861 evan-

1936 3886 2141 3958 gelicas
2167 3895 2222 3944 et
2267 3887 2604 3959 apostolicas
2628 3886 2696 3943 de
2727 3886 2960 3944 Domino
2993 3904 3183 3955 voces,
3221 3893 3359 3951 alias
3385 3896 3511 3965 qui-

1935 3978 2058 4035 dem
2093 3994 2418 4035 communes
2458 3979 2661 4045 facere,
2694 3986 2957 4051 tanquam
2994 3980 3049 4035 in
3086 3997 3195 4037 una
3226 3999 3464 4055 persona
3494 4004 3510 4043 :

1935 4070 2074 4129 alias
2105 4086 2241 4128 vero
2281 4070 2548 4139 dividere,
2590 4081 2851 4142 tanquam
2902 4072 2959 4127 in
2991 4073 3209 4130 duabus
3264 4079 3510 4145 naturis;

1934 4174 2098 4235 atque
2121 4164 2265 4220 alias
2295 4163 2521 4235 quidem
2547 4178 2670 4234 quae
2705 4162 2876 4219 Deum
2901 4165 3152 4231 deceant,
3180 4183 3281 4237 pro
3302 4169 3509 4226 Christi

1933 4255 2260 4321 divinitate;
2302 4255 2440 4311 alias
2465 4269 2617 4321 vero,
2645 4270 2769 4327 quae
2799 4256 3036 4314 humiles
3069 4258 3200 4327 sint,
3231 4275 3333 4331 pro
3360 4261 3501 4333 ejus.

1933 4346 2057 4403 dem
2103 4346 2465 4402 humanitate.
2498 4363 2517 4397 ι

330 4432 606 4511 Σχόλιον.
644 4431 709 4484 Ei
758 4429 978 4501 ἀληθῶς
1021 4429 1081 4485 ἓν
1119 4431 1408 4503 πρόσωπον
1460 4433 1554 4488 hri
1582 4437 1823 4507 Χριστοῦ

2002 4438 2273 4494 Scholium
2301 4451 2320 4491 :
2354 4437 2411 4493 Si
2464 4452 2595 4493 vere
2633 4451 2742 4492 una
2777 4451 3016 4508 persona
3050 4448 3176 4509 post
3205 4440 3508 4497 unitionem

254 4525 396 4593 μετά
421 4524 520 4597 τὴν
544 4524 764 4589 ἕνωσιν,
795 4522 1016 4587 πάντως
1048 4522 1266 4595 ἀληθῶς
1295 4525 1391 4579 καὶ
1415 4525 1509 4580 δύο
1540 4526 1752 4597 φύσεις.

255 4694 364 4750 Ibi)
392 4693 600 4762 αὐτοῦ,
629 4693 699 4748 ἐκ
728 4694 839 4763 τῆς
865 4694 1016 4764 πρὸς
1044 4696 1324 4751 Ἀκὰκιον
1348 4698 1689 4759 ἐπίσκοπον
1710 4707 1827 4759 Με-

721 4764 979 4833 λιτήνης
1002 4766 1351 4838 ἐπιστολῆς.

322 4875 344 4909 ι
385 4855 550 4913 Ἀλλὰ
567 4855 678 4927 γὰρ
706 4856 835 4919 ἴσως
865 4857 1043 4917 έκεῖνο
1065 4860 1224 4928 φαῖεν
1256 4858 1323 4915 ἂν
1359 4864 1409 4919 oi
1448 4862 1517 4917 δι’
1539 4864 1825 4931 έναντίαςο

260 4950 395 5003 Ἰδοὺ
424 4948 489 5021 δὴ
521 4948 712 5018 σαφῶς
736 4949 785 5002 oi
822 4949 922 5020 τῆς
954 4950 1124 5022 ὀρθῆς
1151 4952 1393 5019 πίστεως
1416 4955 1516 5027 τὴν
1537 4958 1828 5030 ὁμολογίαν

250 5042 589 5113 ποιούμενοι,
628 5041 724 5095 δύο
752 5042 852 5112 μὲν
892 5042 1222 5114 ὀνομάζουσι
1255 5046 1466 5116 φύσεις,
1495 5050 1826 5123 διαιρεῖσθαι

239 5132 427 5199 δὲτὰς
456 5134 580 5207 ¹τῶν
616 5131 899 5203 θεηγόρων
939 5133 1123 5201 φωνὰς
1166 5135 1541 5206 διατείνονται,
1587 5142 1727 5197 κατά
1760 5160 1826 5212 γε

239 5221 342 5294 τὴν
369 5222 636 5295 διαφορὰν
668 5222 874 5287 αὐτῶν.
922 5220 1059 5279 Εἶτα
1107 5225 1228 5291 πῶς
1264 5228 1365 5283 οὐκ
1405 5230 1621 5287 ἐναντία
1649 5233 1824 5289 ταῦτα

240 5314 355 5377 τοῖς
384 5316 532 5380 σοϊς;
566 5314 641 5368 Οὐ
673 5313 782 5385 γάρ
817 5314 884 5368 ἂν
926 5315 1071 5386 ἔχεις
1099 5318 1415 5388 προσώποις
1442 5321 1619 5391 δυσὶν,
1653 5325 1822 5396 ἦγουν

246 5401 596 5471 ὑποστάσεσι,
627 5405 725 5469 τὰς
755 5406 939 5477 φωνὰς
960 5409 1235 5479 διανέμειν
1257 5426 1272 5442 ’
1297 5411 1418 5479 ἀλλ,
1440 5407 1487 5469 ὧ
1518 5414 1816 5485 βέλτιστοι,

240 5496 411 5574 φαίην
437 5496 525 5565 ἂν,
559 5498 923 5571 γεγράφαμεν
955 5501 1013 5555 ὲν
1053 5504 1167 5568 τοῖς
1205 5505 1523 5576 κεφαλαίοις
1546 5524 1559 5541 ο
1598 5530 1616 5565 ι
1640 5511 1709 5565 Εἴ
1734 5529 1817 5577 τις

302 5696 361 5767 18⁵
392 5693 622 5779 i’hilipp.
675 5711 734 5765 ιι,
761 5695 814 5769 6,
853 5697 903 5750 7.

1931 4540 2018 4588 est
2066 4531 2122 4585 in
2152 4529 2401 4595 Christo,
2426 4543 2554 4585 vere
2598 4542 2830 4600 prorsus
2863 4528 2985 4584 duae
3031 4545 3251 4601 quoque
3298 4540 3508 4589 natura

1888 4664 1889 4667 η
1932 4632 2083 4681 sunt.

2073 4709 2351 4782 Ejusdem,
2376 4723 2441 4763 ea:
2468 4708 2695 4791 epistola
2726 4710 2796 4762 ad
2820 4708 3075 4765 Acacium
3103 4709 3369 4770 Melitam:

2560 4794 2878 4847 episcopum.

2000 4891 2020 4926 ι
2046 4872 2154 4929 Sed
2175 4871 2323 4927 enim
2348 4870 2607 4927 fortassis
2632 4870 2769 4926 illud
2805 4871 2991 4927 dicent
3010 4873 3338 4932 adversarii.
3363 4876 3506 4934 Ecce

1919 4980 2036 5038 1am
2071 4965 2168 5037 qui
2198 4973 2363 5021 rectae
2387 4963 2513 5020 fidei
2544 4963 2955 5019 confessionem
2986 4966 3179 5033 edunt,
3220 4968 3360 5026 duas
3383 4972 3506 5041 qui-

1923 5061 2047 5117 dem
2078 5068 2306 5115 naturas
2336 5066 2529 5129 aperte
2555 5059 2879 5115 nominant:
2911 5061 3081 5116 dividi
3120 5077 3249 5118 vero
3273 5072 3504 5120 conten.

1930 5151 2071 5208 dunt
2105 5158 2428 5206 sanctorum
2455 5149 2683 5205 Patrum
2724 5166 2889 5208 voces
2927 5154 3233 5209 secundum
3266 5166 3499 5211 natura-

1927 5260 2051 5301 rum
2102 5245 2349 5315 ipsarum
2401 5243 2727 5300 discrimen.
2775 5245 2846 5299 At
2894 5246 3171 5316 quomodo
3217 5247 3334 5304 haec
3376 5263 3498 5319 non

1928 5334 2295 5415 adversantur
2353 5333 2650 5388 assertioni
2714 5333 2873 5387 tuae?
2928 5333 3286 5406 Nequaquam
3348 5340 3496 5393 enim

1925 5426 2112 5496 possis
2147 5440 2316 5481 voces
2362 5424 2500 5480 istas
2555 5420 2816 5495 personis
2874 5425 3090 5483 duabus
3139 5427 3494 5484 distribuere.

1925 5515 2150 5585 Verum,
2192 5532 2315 5573 cum
2343 5515 2488 5572 bona
2519 5522 2701 5573 vestra
2729 5515 2901 5589 gratia
2924 5515 3125 5586 dicam,
3155 5515 3211 5574 iu
3238 5517 3494 5592 capitulis
