3962 6202
317 278 459 350 1501

1576 294 1877 357 CONTRA
1914 296 2333 359 JACOBITAS.

3432 301 3572 370 1502

312 399 426 452 οὐδ’
473 398 540 453 ἀν
569 397 653 470 εῑη
702 400 731 452 ὀ
763 398 952 471 Πατὴρ
995 401 1095 472 τῆς
1144 400 1318 472 αὐτῆς
1358 402 1573 472 φύσεως
1617 404 1696 476 τῷ
1736 405 1852 477 Υίῷ

1996 423 2063 462 ac
2097 408 2269 465 Filius
2301 415 2512 464 naturae
2548 426 2655 466 non
2688 408 2849 467 foret.
2882 412 3137 469 Attamen
3167 421 3422 470 naturam
3444 430 3560 471 car-

314 491 468 561 δμως
498 491 589 543 καὶ
640 492 736 559 τῆς
773 490 973 561 σαρκὸς
1006 491 1341 548 ἐνδείκνυται
1368 494 1469 565 τὴν
1512 496 1710 564 φύσιν,
1752 498 1856 569 πρὸ

1991 499 2079 554 nis
2126 500 2352 566 indicat,
2390 515 2515 555 cum
2547 500 2616 554 ad
2666 501 2920 557 eumdem
2970 502 3306 561 Succensum
3346 506 3564 566 scribit.

311 580 404 633 τὸν
434 580 599 632 αὐτὸν
621 579 920 636 Σούκενσον
946 582 1204 652 γράφων·
1239 585 1377 639 ὥστε
1403 586 1451 637 εί
1482 588 1576 640 καὶ
1604 587 1727 641 καθ’
1745 588 1889 658 ὑμᾶς

1989 589 2361 656 Quamobrem
2410 592 2513 647 eisi
2577 593 2973 658 substantiam,
3028 596 3417 660 essentiamve,
3472 597 3565 652 hic

309 672 501 725 οὐσίαν
526 670 758 725 ἐνταῦθα
786 674 885 743 τὴν
917 675 1079 743 φύσιν
1111 677 1301 745 φησιν,
1328 678 1630 747 εἰσκομίζει
1664 681 1761 733 καὶ
1788 681 1853 753 τὴ

1987 689 2245 736 naturam
2298 681 2531 752 perinde
2557 698 2623 738 ac
2657 699 2753 738 vos
2806 685 3071 756 appellat,
3124 686 3343 742 inducit
3391 688 3560 741 etiam

309 764 409 833 τῆς
438 763 640 835 σαρκὸς
671 765 833 834 φύσιν
873 767 964 821 διὰ
994 766 1090 821 τοῦ
1128 772 1338 836 εἰπεῖν,
1392 772 1881 842 σεσαρκωμένην.

309 855 517 925 Γράφει
548 856 679 924 γοῦν
710 855 906 921 οὕτως·

349 945 459 1000 Τοῦ
490 948 699 1013 αὐτοῦ,
725 948 793 1003 ἐκ
834 947 946 1021 τῆς
987 951 1137 1017 πρὸς
1186 952 1537 1021 Σούκενσον
1562 953 1846 1021 δευτέρας

915 1018 1264 1088 ἐπιστολῆς.

382 1125 402 1159 ι
440 1108 504 1162 Ei
542 1108 644 1179 μὲν
677 1108 787 1177 γὰρ
812 1115 963 1179 μίαν
990 1113 1264 1177 εἰπόντες
1304 1112 1411 1167 τοῦ
1434 1113 1629 1183 Λόγου
1665 1114 1877 1183 φύσιν,

303 1199 699 1270 σεσιγήκαμεν,
730 1202 830 1254 οὐκ
857 1203 1249 1272 ἐπενεγκόντες
1281 1205 1361 1269 τὸ,
1384 1207 1875 1275 σεσαρκωμένην,

300 1288 421 1343 ἀλλ’
453 1285 565 1343 οἷον
612 1290 716 1356 ἔξω
752 1292 996 1358 τιθέντες
1039 1294 1138 1366 τὴν
1187 1297 1500 1365 οἰκονομίαν
1524 1339 1539 1362 ,
1594 1293 1662 1368 ἦν
1692 1297 1878 1362 αὐτοῖς

298 1379 444 1449 τάχα
495 1396 599 1433 που
655 1382 750 1434 καὶ
801 1382 1065 1447 ἀπίθανος
1101 1386 1130 1437 ό
1177 1383 1332 1453 λόγος
1387 1386 1877 1457 προσποιουμένοις

296 1468 532 1540 ἐρωτᾷν,
572 1472 622 1524 εί
659 1471 756 1540 μία
801 1472 966 1541 φύσις
1016 1474 1077 1528 τὸ
1110 1474 1249 1543 ὅλον,
1304 1475 1408 1531 ποῦ
1461 1476 1523 1530 τὸ
1567 1478 1771 1531 τέλειον
1817 1480 1874 1532 ὲν

294 1559 705 1633 ἀνθρωπότητι,
735 1564 768 1634 ἢ
801 1565 920 1629 πῶς
948 1565 1256 1638 ὑφέστηκεν
1282 1569 1317 1638 ή
1350 1568 1473 1621 καθ’
1502 1570 1651 1639 ἡμᾶς
1678 1569 1835 1624 οὐσία
1855 1586 1869 1600 ·

294 1655 487 1727 ἐπειδὴ
518 1656 572 1709 δὲ
607 1658 701 1711 καὶ
730 1660 762 1729 ὴ
798 1660 858 1712 ὲν
902 1661 1283 1732 ἀνθρωπότητι
1310 1662 1603 1733 τελειότης.
1651 1665 1745 1718 καὶ
1769 1665 1872 1734 τῆς

1986 780 2243 827 naturam
2274 774 2482 840 carnis,
2512 790 2637 830 cum
2672 776 2774 842 ait,
2820 777 3178 830 incarnatam.
3230 776 3311 831 lta
3359 779 3561 848 quipr

1983 867 2208 924 scribit:

2088 958 2363 1029 Ejusdem,
2385 975 2450 1013 ea:
2488 960 2720 1016 secunda
2746 959 2815 1013 ad
2843 960 3162 1015 Succensum
3195 963 3443 1031 epistola.

2056 1139 2074 1173 ι
2115 1120 2175 1175 Si
2209 1123 2357 1177 enim
2383 1138 2544 1176 unam
2591 1122 2747 1177 Verbi
2779 1132 3032 1178 naturam
3090 1124 3345 1190 dicendo,
3378 1128 3559 1180 conti-

1977 1214 2315 1279 cuissemus,
2344 1229 2447 1269 nec
2472 1215 2986 1284 subjunxissemus,
3014 1217 3367 1281 incarnatam,
3408 1220 3556 1274 velut

1976 1305 2202 1362 exclusa
2230 1306 2632 1364 incarnationis
2656 1307 3095 1378 dispensatione,
3124 1316 3271 1363 esset
3298 1308 3554 1367 fortassis

1975 1413 2165 1455 eorum
2202 1414 2311 1453 non
2344 1398 2566 1469 ineptus
2606 1416 2814 1464 sermo,
2850 1416 2977 1456 cum
3018 1415 3214 1471 rogare
3242 1401 3549 1458 simulant:

1974 1491 2020 1546 si
2054 1506 2158 1545 una
2192 1499 2388 1545 natura
2417 1500 2592 1547 totum
2621 1500 2725 1557 est,
2760 1491 2985 1547 ubinam
3010 1492 3101 1545 illa
3131 1493 3184 1546 in
3213 1492 3553 1549 humanitate

1972 1582 2241 1651 perfectio
2274 1582 2367 1645 sit.
2403 1590 2499 1636 aut
2529 1598 2639 1653 quo
2680 1594 2842 1653 pacto
2874 1590 3071 1637 natura
3126 1594 3319 1639 nostra
3368 1584 3553 1639 consi-

1974 1671 2127 1726 stat?
2154 1673 2418 1740 quoniam
2454 1686 2585 1727 vero
2615 1673 2952 1726 incarnatam
2969 1674 3403 1743 pronuntiando,
3429 1674 3550 1743 ipsa

294 1745 419 1798 καθ’
442 1747 588 1817 ἡμᾶς
621 1749 811 1814 οὐσίας
839 1752 873 1820 ή
916 1750 1149 1821 δήλωσις
1186 1754 1600 1824 είσκεκόμισται
1649 1756 1736 1809 διὰ
1773 1756 1856 1809 τοῐ

1974 1778 2191 1834 quoque
2221 1763 2492 1833 perfectio
2522 1764 2705 1835 quoad
2752 1765 3174 1827 humanitatem.
3209 1772 3264 1820 et
3295 1767 3549 1821 essentia:

290 1836 509 1901 εἰπεῖν,
557 1842 1066 1910 σεσαρκωμένηγ,
1114 1844 1521 1899 παυσάσθωσαν
1563 1846 1867 1917 καλαμίνην

290 1928 489 1998 ῥάϐδον
515 1932 729 1995 ἑαυτοῖς
758 1933 1188 2005 ὑποστήσαντες.
1218 1954 1238 1988 ι

362 2022 640 2090 Σχόλιον.
680 2023 970 2078 Παύσασθε
1010 2027 1322 2097 τοιγαροῦν,
1355 2019 1400 2081 ὦ
1430 2020 1595 2091 οὗτοι,
1631 2028 1866 2099 καλαμί-

283 2128 388 2182 νην
427 2113 621 2182 ῥάϐδον
672 2116 887 2180 ἑαυτοῖς
936 2117 1376 2188 ὑποστήσαντες,
1435 2118 1515 2189 τῷ
1559 2119 1862 2191 διδασκάλῳ

286 2204 622 2273 πειθόμενοι.
667 2205 761 2259 Ἰδὲ
793 2208 905 2279 γὰρ
935 2211 1123 2278 σαφῶς
1158 2210 1346 2280 εἴρηκε
1372 2209 1462 2263 διά
1484 2209 1598 2274 τοῦ,
1633 2225 1858 2279 σεσαρ-

284 2293 581 2363 κωμένην,
616 2297 790 2350 είπεῖν
828 2299 928 2369 τὴν
975 2300 1032 2351 ὲν
1079 2297 1460 2369 ἀνθρωπότητι
1524 2298 1855 2369 τελειότητα,

282 2385 381 2439 καὶ
417 2384 519 2455 τῆς
560 2385 683 2440 καθ’
728 2388 877 2459 ἡμᾶς
909 2388 1099 2454 οὐσίας
1142 2389 1241 2460 τὴν
1270 2388 1500 2460 δήλωσιν
1547 2389 1857 2459 είσκεκομί-

283 2477 429 2540 σθαι,
464 2478 559 2532 καὶ
591 2478 666 2544 ὡς
717 2481 778 2533 οὐ
811 2480 909 2551 μία
946 2482 1109 2551 φύσις
1146 2481 1208 2536 τὸ
1236 2481 1356 2538 ὅλον
1390 2482 1566 2537 ἐστίν’
1611 2483 1660 2535 εί
1706 2482 1764 2536 δὲ
1793 2481 1853 2536 ού

281 2568 406 2638 μία,
434 2570 601 2625 παντί
631 2588 735 2625 που
767 2572 947 2640 δῆλον,
975 2572 1049 2635 ὡς
1075 2572 1189 2626 δύο.

279 2660 397 2717 Τοῦ
434 2662 609 2725 ἁγίου
661 2663 944 2715 Ἰωάννου
991 2663 1099 2731 τοῦ
1132 2664 1593 2731 Χρυσοστόμου,
1627 2665 1698 2719 ἐκ
1744 2664 1853 2718 τοῦ

632 2733 719 2797 εἰς
748 2732 858 2785 τὸν
891 2729 1156 2800 Λάζαρον
1176 2729 1376 2801 ’λόγου
1400 2729 1497 2802 (9).

342 2837 376 2871 ,ι
404 2820 743 2891 Κασσίτερος
783 2820 1038 2891 μολίϐδου
1076 2824 1171 2874 καὶ
1201 2821 1444 2892 ἀργύρου
1480 2821 1724 2892 μετέχει·
1754 2823 1854 2894 ἀρ-

270 2907 445 2978 γύρου
488 2910 589 2982 τὴν
644 2911 792 2982 ὄψιν,
833 2912 1085 2983 μολίϐδου
1125 2913 1223 2985 τὴν
1262 2912 1460 2982 φύσινο
1500 2912 1645 2967 οὕτω
1695 2914 1787 2969 καὶ
1820 2915 1852 2968 ὁ

270 3000 510 3071 Χριστὸς
539 3002 671 3067 Θεὸς
705 3004 780 3068 ὢν
815 3005 908 3057 καὶ
951 3004 1258 3076 ἄνθρωπος,
1296 3004 1393 3069 τὰς
1441 3004 1551 3069 δύο,
1566 3004 1757 3075 φύσεις
1790 3006 1849 3059 ὲν

1967 1865 2171 1909 nostrae
2203 1854 2499 1910 declaratio
2562 1856 2732 1911 allata
2787 1865 2894 1919 est,
2961 1856 3121 1911 inniti
3147 1854 3259 1927 jam
3292 1856 3548 1912 desinant

1966 1945 2165 2001 baculo
2196 1947 2525 2001 arundineo.
2567 1967 2587 2001 ι

2036 2036 2305 2092 Scholium
2337 2055 2357 2093 :
2399 2038 2645 2095 Desinite
2706 2048 2896 2110 Itaque
2947 2050 3003 2095 et
3058 2054 3160 2096 vos
3212 2039 3409 2096 baculo
3442 2039 3544 2096 niti

1964 2130 2306 2199 arundineo,
2357 2146 2570 2188 morem
2611 2141 2873 2202 gerentes
2925 2132 3163 2188 doctori.
3212 2132 3355 2188 Ecce
3394 2132 3543 2188 enim

1962 2221 2273 2278 luculenter
2305 2222 2405 2288 ait,
2448 2224 2787 2278 incarnatam
2821 2224 3234 2293 pronuntiando
3255 2264 3273 2290 ,
3333 2225 3544 2293 signiﬁ-

1959 2312 2075 2367 cari
2107 2312 2503 2383 perfectionem
2539 2315 2723 2385 quoad
2755 2316 3171 2380 humanitatem,
3195 2331 3542 2386 expressam-

1956 2417 2066 2473 que
2120 2403 2450 2461 substantiae
2502 2414 2709 2461 nostra:
2756 2406 3231 2473 declarationem;
3282 2407 3394 2462 imo
3426 2421 3541 2462 non

1956 2507 2123 2547 unam
2155 2503 2409 2549 naturam
2448 2502 2623 2551 totum
2670 2512 2814 2553 esse.
2870 2495 2929 2551 Si
2985 2508 3170 2553 autem
3230 2515 3342 2554 non
3394 2514 3536 2567 una,

1953 2582 2159 2637 nemini
2191 2599 2301 2637 non
2339 2587 2692 2656 perspicuum
2723 2584 2811 2642 est
2838 2586 2978 2642 duas
3005 2602 3150 2642 esse.

1954 2668 2143 2727 Sancti
2160 2670 2390 2729 Joannis
2413 2674 2803 2745 Chrysostomi,
2831 2692 2894 2731 ea:
2911 2692 3148 2731 sermone
3168 2676 3221 2731 in
3240 2674 3531 2731 Lazarum.

2030 2838 2050 2872 ι
2095 2819 2366 2878 Stannum
2394 2824 2608 2895 plumbi
2636 2836 2693 2882 et
2735 2827 2948 2897 argenti
2979 2834 3258 2897 particeps
3289 2834 3398 2890 est,
3440 2843 3535 2883 ar-

1952 2911 2102 2982 genti
2125 2913 2347 2982 quidem
2375 2918 2557 2985 quoad
2589 2928 2899 2989 aspectum,
2922 2920 3129 2991 plumbi
3152 2934 3287 2975 vero
3308 2928 3529 2979 natura.

1952 3002 2044 3058 Sic
2073 3002 2331 3062 Christus
2357 3005 2581 3088 Deusqt
2606 3010 2769 3065 homo
2798 3016 2921 3065 eum
2957 3013 3049 3076 sit,
3074 3011 3213 3067 duas
3249 3013 3305 3067 in
3348 3014 3531 3084 seipso

269 3088 452 3159 ἑαυτῷ
484 3090 758 3156 ἀποσώζει
810 3091 939 3166 [τὰς
979 3071 1205 3166 φύσεις]
1235 3093 1378 3147 οὕτω
1438 3094 1533 3148 καὶ
1577 3071 1740 3160 αὐτὸς
1788 3095 1848 3150 ἐν

1974 3102 2185 3151 naturas
2219 3071 2548 3154 conservat.v
2587 3099 2682 3155 Sic
2730 3109 2786 3157 ει
2825 3103 2942 3174 ipse
2992 3103 3050 3160 ln
3086 3103 3222 3176 ipsis
3269 3112 3377 3174 cst,

268 3177 464 3241 αὐταῖς
484 3180 655 3248 ἐστιν,
679 3182 778 3252 οὐχ
810 3183 1068 3253 ὑπάρχων
1099 3184 1286 3254 ἕτερον
1315 3184 1445 3255 παρ’
1474 3184 1665 3247 αὐτάς.

1974 3186 2103 3241 iliud
2138 3196 2341 3259 praeter
2366 3191 2513 3262 ipsas
2541 3193 2782 3249 exsistit.

339 3265 501 3339 427
536 3268 809 3325 Scholium
833 3272 949 3341 (l0)
985 3290 998 3327 :
1028 3271 1266 3329 Necesse
1308 3288 1418 3328 non
1451 3282 1537 3329 est
1571 3280 1631 3326 ut
1657 3274 1967 3344 exemplum
1998 3279 2154 3333 omni
2194 3288 2354 3351 parte
2422 3283 2841 3341 similitudinem
2905 3286 3108 3343 referat
3177 3288 3329 3346 illius
3399 3303 3524 3345 cum

266 3375 385 3431 quo
419 3361 795 3431 componitur.
830 3359 1106 3418 Stannum
1141 3377 1266 3418 esse
1297 3362 1519 3433 quidem
1549 3369 1839 3434 argentum
1877 3364 2122 3435 videtur,
2200 3368 2297 3424 sed
2345 3385 2458 3425 non
2531 3382 2616 3428 est
2655 3392 2668 3428 :
2714 3374 2969 3432 Christus
3015 3388 3199 3435 autem
3255 3396 3386 3438 vere
3436 3391 3523 3441 est

268 3454 455 3511 homo.

270 3549 384 3607 Τοῦ
416 3548 619 3618 αὑτοῦ,
641 3548 709 3604 ἐκ
729 3551 841 3621 τῆς
873 3551 1023 3622 πρὸς
1044 3552 1367 3622 Καισάρων
1386 3552 1494 3606 τὸν
1511 3552 1844 3624 μσγάζοντα

728 3630 733 3636 ’
877 3621 1229 3675 ἐπιστολῆς.

910 3636 1229 3691 πιστολης.

2011 3550 2288 3618 Ejusdem,
2325 3569 2392 3607 ex
2426 3555 2648 3622 epistola
2688 3556 2757 3610 ad
2786 3558 3083 3614 Caesarium
3111 3566 3450 3620 monachum.

343 3726 363 3761 ι
392 3707 549 3764 Οὕτω
588 3711 866 3765 κάνταῦθα
891 3712 995 3782 τῆς
1025 3712 1177 3777 θείας
1206 3711 1356 3783 αὐτῷ
1388 3711 1605 3783 φύσεως
1632 3712 1841 3784 ἐνιδρυ-

2017 3742 2035 3775 ι
2076 3723 2170 3779 Sic
2202 3724 2370 3780 etiam
2403 3726 2495 3783 hic
2527 3728 2715 3784 divina
2747 3742 2943 3788 natura
2980 3734 3036 3788 in
3069 3734 3190 3805 ipso
3220 3737 3517 3807 insidente,

264 3797 463 3872 σάσης,
490 3800 588 3855 ἕνα
616 3801 768 3869 Υίδν,
797 3803 855 3857 ἓν
878 3803 1190 3875 πρόσωπον,
1213 3803 1277 3858 τὸ
1303 3805 1713 3876 συναμφότερον
1733 3805 1840 3857 ἀπ·-

1982 3829 2110 3868 num
2156 3814 2381 3881 Filium,
2426 3834 2591 3873 unam
2632 3837 2947 3891 personam,
2986 3832 3285 3897 utrumque
3315 3831 3522 3886 consti-

259 3893 500 3958 ετέλεσε,
529 3893 933 3966 γνωριζόμενον
978 3896 1167 3966 μέντοι
1212 3896 1505 3967 ἀδιαιρέτῳ
1540 3897 1636 3950 καὶ
1669 3897 1839 3966 ἀσυγ-

1974 3905 2076 3972 uit;
2127 3907 2224 3976 qui
2277 3910 2497 3977 quidem
2552 3911 2792 3970 indivisa
2844 3893 3252 3989 inconfusaque
3304 3923 3519 3983 ratione

258 3983 412 4055 χύτῳ
434 3984 609 4055 λόγῳ·
640 3986 740 4039 οὐκ
769 3988 827 4041 ὲν
861 3988 961 4058 μιᾷ
1004 3988 1143 4060 μόνῃ
1171 3990 1236 4059 τῇ
1264 3988 1448 4058 φύσει,
1473 3987 1589 4041 ἀλλ’
1617 3991 1675 4041 ὲν
1715 3988 1838 4042 δυσὶ

1974 3998 2273 4065 gnoscitur,
2310 4016 2419 4055 non
2452 4001 2506 4056 in
2532 4019 2641 4059 una
2672 4006 2791 4061 sola
2835 4017 3055 4073 natura,
3086 4010 3180 4066 sed
3214 4010 3270 4065 in
3301 4012 3517 4070 duabus

257 4072 660 4140 τελείαις.Ἐπ“ι
693 4077 801 4150 γὰρ
829 4081 981 4148 μιᾶς,
1017 4079 1123 4132 ποῦ
1153 4080 1213 4134 τὸ
1249 4081 1594 4151 ἀσύγχυτονς
1641 4079 1745 4133 ποῦ
1775 4080 1836 4135 τὸ

1974 4087 2219 4149 erfectis.
2242 4091 2299 4147 Si
2333 4093 2556 4163 quidem
2585 4097 2642 4150 in
2677 4112 2809 4163 una,
2850 4099 2943 4154 ubi
2970 4103 3128 4169 illud,
3154 4106 3296 4159 citra
3320 4104 3513 4160 confu-

257 4166 605 4239 ἀδιαίρετον;
641 4168 747 4222 ποῦ
781 4171 814 4239 ἡ
843 4168 1036 4234 ἓνωσις
1061 4170 1274 4242 λεχθείη
1302 4187 1316 4202 ·
1347 4172 1513 4243 ἑαυτῇ
1544 4171 1655 4243 γὰρ
1686 4171 1837 4226 ἐνοῦ-

1974 4182 2186 4238 ionem?
2209 4184 2299 4240 ubi
2316 4194 2471 4240 extra
2496 4187 2868 4246 divisionem?
2897 4193 2985 4247 ubi
3018 4166 3149 4251 unio
3175 4196 3283 4250 dici
3315 4197 3516 4267 queat?

257 4257 384 4313 σθαι
432 4258 465 4330 ἦ
516 4260 839 4328 διαιρεῖσθαι
886 4261 1169 4316 ἀδύνατον.
1204 4262 1362 4327 Ποῖος
1403 4262 1538 4335 ᾅδης
1566 4262 1833 4334 ὴρεύξατο

1974 4268 2111 4325 lnam
2158 4275 2304 4329 enim
2340 4276 2445 4331 sibi
2490 4276 2595 4348 ipsi
2645 4280 2813 4346 uniri,
2844 4284 2930 4338 vel
2963 4284 3134 4341 dividi
3166 4257 3513 4358 impossibile

257 4348 390 4421 μίαν
416 4350 512 4405 ἐπὶ
539 4353 779 4423 Χριστοῦ
811 4351 972 4421 φύσιν
1003 4353 1184 4423 λέγειν
1217 4354 1357 4425 μετὰ
1397 4355 1495 4425 τὴν
1534 4355 1760 4423 ἓνωσιν;
1794 4356 1826 4429 ἤ

1974 4367 2037 4416 st.
2095 4360 2231 4428 Quis
2291 4365 2542 4424 infernus
2597 4372 2906 4428 eructando
2940 4376 3187 4444 protulit,
3234 4348 3400 4430 unam
3454 4377 3511 4432 in

250 4440 367 4513 γὰρ
407 4441 507 4512 τὴν
553 4441 704 4495 θείαν
758 4442 916 4510 φύσιν
962 4444 1308 4514 κρατοῦντες,
1341 4444 1440 4517 τὴν
1490 4446 1835 4519 ἀνθρωπίνην

1974 4451 2165 4508 :hristo
2196 4464 2450 4513 naturam
2505 4470 2631 4531 post
2659 4464 2965 4520 unitionem
2988 4464 3135 4520 ?’Vel
3168 4468 3314 4523 enim
3368 4468 3509 4522 divi-

252 4531 570 4602 ἀρνοῦνται,
606 4534 752 4605 φημὶ
775 4533 874 4606 τὴν
904 4536 1180 4607 ἡμετέραν
1212 4538 1515 4607 σωτηρίανο
1551 4540 1584 4611 ἢ
1622 4540 1721 4611 τὴν
1740 4542 1832 4594 ἀν-

1974 4558 2058 4597 am
2116 4554 2374 4603 naturam
2434 4560 2721 4621 tenentes,
2773 4556 3069 4612 humanam
3129 4568 3360 4630 negant,
3398 4560 3509 4614 imo

252 4623 537 4695 θρωπίνην
577 4628 921 4697 κατέχοντες,
948 4628 1053 4697 τῆς
1085 4628 1237 4693 θείας
1279 4630 1495 4700 φύσεως
1525 4631 1627 4703 τὴν
1658 4633 1829 4705 ἀρνη-

1974 4644 2173 4692 ostram
2204 4639 2429 4711 inquam
2464 4646 2700 4701 salutem
2735 4665 2749 4703 :
2787 4657 2881 4703 aut
2915 4649 3212 4705 humanam
3233 4658 3505 4719 tenentes,

252 4733 342 4771 σιν
385 4717 702 4772 ποιοῦνταν
738 4719 861 4773 ἐπεὶ
904 4719 1216 4790 λεγέτωσαν
1261 4723 1390 4776 ποῖα
1432 4722 1743 4779 ἀπολώλεκε
1769 4727 1830 4781 τὸ

1974 4729 2171 4783 ivinam
2202 4744 2459 4788 naturam
2516 4737 2755 4807 ejurant.
2798 4740 3077 4808 Quocirca
3112 4743 3320 4806 dicant,
3355 4759 3504 4815 quae-

254 4804 431 4871 ίδιον;
464 4807 529 4860 Εἰ
556 4807 667 4880 γάρ
716 4807 798 4862 ἔτι.
846 4808 1086 4880 ἔρρωται
1131 4812 1165 4881 ἡ
1211 4810 1428 4874 ἓνωσις,
1476 4813 1695 4878 πάντως
1735 4817 1831 4870 καὶ

1974 4833 2054 4873 am
2094 4823 2242 4891 quod
2292 4804 2581 4898 proprium
2637 4832 2745 4887 sibi
2784 4843 2927 4901 erat,
2982 4836 3214 4891 amisit?
3264 4804 3401 4889 Nam
3456 4836 3503 4893 si

251 4896 395 4964 μετά
444 4900 542 4969 τῆς
583 4897 827 4963 ὲνώσεως
861 4899 1127 4970 ἰδιώματα
1173 4899 1555 4964 ἀποσώζεσθαι
1585 4906 1821 4978 ἀνάγκη.

1974 4909 2112 4968 dhuc
2153 4915 2305 4971 salva
2348 4920 2480 4975 unio
2532 4932 2645 4989 est,
2702 4928 3076 4996 proprietates
3116 4929 3344 4983 omnino
3381 4943 3504 4985 esse

261 4984 418 5040 Ἐπεὶ
446 4988 543 5058 οὐχ
574 4988 765 5052 ἓνωσις
788 4987 965 5056 τοῦτο,
997 4988 1131 5045 ἀλλά
1174 4989 1449 5062 σύγχυσις
1480 4992 1576 5046 καὶ
1623 4995 1820 5065 ἀφανι-

1974 5004 2110 5060 ilvas
2137 5016 2377 5077 oportet.
2409 5012 2627 5084 Alioqui
2679 4984 2953 5074 hocunio
3008 5037 3118 5077 non
3167 5028 3356 5089 esset,
3405 5022 3501 5079 sed

245 5075 386 5146 σμὸς
413 5078 522 5134 τῶν
552 5078 788 5149 φύσεων.
822 5096 842 5132 ι

1974 5095 2174 5154 infusio
2199 5110 2254 5154 et
2282 5104 2581 5162 exstinctio
2610 5118 2946 5166 naturarum.
2980 5131 3001 5165 ι

1757 5270 1989 5331 NOTAE.

435 5398 767 5483 Excerptum
810 5399 965 5483 istud
1020 5418 1129 5459 non
1182 5408 1362 5483 reperi
1428 5410 1812 5483 inﬁgenuinis,

242 5468 521 5535 dubiisve,
549 5478 645 5544 aut
674 5470 877 5539 spuriis
904 5468 1287 5544 Chrysostonii
1320 5468 1587 5539 bomilii‘si
1610 5485 1678 5539 de
1709 5468 1815 5539 L5:

243 5554 398 5610 garo,
435 5554 556 5609 qua:
585 5538 850 5610 hactenus
883 5538 1044 5598 editas
1075 5553 1224 5600 sunt.
1267 5538 1553 5605 Caeterum
1581 5538 1811 5610 Chalce-

241 5608 731 5694 donensisnsynodi
782 5617 942 5666 aetate
973 5616 1247 5694 recentior
1296 5618 1520 5694 h_omilia
1554 5632 1656 5691 est,
1689 5608 1813 5694 pro-

243 5678 487 5750 indequc
508 5678 903 5751 Cbrysostomo
932 5700 946 5737 :
975 5686 1434 5754 quemadmodum
1480 5678 1810 5763 cpistoliiad

1922 5414 2233 5504 Philippum
2267 5422 2431 5504 paulo
2457 5432 2584 5480 ante
2612 5426 2781 5481 citata
2811 5444 2933 5499 qua:
2985 5430 3233 5504 Gregorii
3258 5432 3491 5503 Nysseni

1924 5502 2122 5559 nomen
2154 5492 2395 5559 praefert.

1947 5558 2445 5648 :_(_l_0)_‘;S_ciholi‘uni
2471 5633 2481 5648 Ι
2508 5564 2649 5648 istud
2691 5568 2835 5648 quod
2881 5570 2935 5648 in
2965 5569 3216 5648 Tu_r_ria_ni
3260 5576 3483 5632 transla-

1922 5633 2068 5685 tione
2090 5633 2290 5700 repcri,
2330 5633 2670 5691 desideratur
2705 5633 2761 5695 in
2815 5641 3006 5698 codice
3043 5640 3334 5703 Vaticano.
