3962 6202
415 120 557 187 150⁸1

1583 119 1644 178 S.
1685 115 2006 180 JOANNIS
2060 113 2490 176 DAMASCENI

3546 117 3689 179 ὶξιῡὸ

406 229 866 298 MAN.Quidnam
911 243 1043 301 ergo
1072 239 1158 286 est
1194 227 1448 284 falsitas?
1495 225 1706 283 ORTll.
1759 226 1989 291 Eorum,

2101 224 2262 279 ὄντων
2291 225 2553 294 ἀγνωσία.
2628 225 2803 279 MAN.
2853 225 3066 298 Ὀρθῶς
3095 225 3356 299 εἴρηκας.
3432 225 3589 280 οΡθ.
3633 229 3691 280 ει

403 341 527 396 qua:
544 330 695 386 sunt,
715 322 1011 390 ignoratio.
1046 318 1212 376 MAN.
1245 319 1415 374 Recte
1449 319 1662 376 dixisti.
1694 317 1903 374 08TH.
1933 319 1990 374 Si

403 419 572 487 igitur
596 415 832 475 veritas,
875 427 1066 468 eorum
1097 426 1222 485 quae
1260 418 1418 474 sunt,
1466 410 1709 480 cognitio
1735 417 1842 475 est,
1874 409 1993 464 fal—

402 510 540 564 sitas
566 512 748 560 autem
783 504 907 573 ejus
940 503 1085 572 quod
1119 511 1227 565 est,
1261 500 1572 572 ignoratio;
1604 501 1848 572 cognitio
1885 500 1990 553 ha-

402 599 629 654 bitusue
657 596 778 652 est?
813 593 977 648 MAN.
1014 592 1111 649 Est
1148 593 1335 663 plane.
1373 590 1586 647 Oll'l‘ll.
1633 592 1690 647 Si
1745 592 1992 663 cognitio

403 699 493 746 est
543 688 788 752 habitus,
847 686 1122 756 ignOratio
1175 685 1337 754 plane
1391 684 1628 753 privatio
1656 685 1784 739 erit.
1820 681 1986 739 MAN.

406 781 522 836 lmo
556 778 832 849 ignoratio
889 791 1112 845 quoque
1169 774 1395 829 habitus
1425 782 1530 829 est.
1570 774 1784 830 ORTH.
1844 773 1990 840 Quid

408 881 493 928 est
545 868 856 938 ignoratio?
931 865 1100 920 MAN.
1164 864 1284 920 Non
1340 865 1540 920 habere
1592 865 1986 935 cognitionem.

408 958 618 1016 OPJ‘H.
654 959 957 1021 Particula,
999 972 1132 1023 non,
1166 958 1623 1027 privationemne,
1655 972 1724 1012 an
1757 957 1993 1012 alﬁrma-

411 1055 642 1113 tionem,
673 1059 726 1104 et
756 1050 1004 1104 habitum
1029 1049 1345 1119 signiﬁcat?
1393 1048 1558 1102 MAN.
1586 1048 1984 1104 Privationem.

409 1136 620 1192 OBTl-l.
651 1135 913 1205 Nunquid
938 1151 1045 1190 non
1077 1136 1315 1191 dicimus
1341 1151 1449 1192 non
1480 1153 1598 1204 ens,
1625 1139 1676 1193 id
1702 1139 1848 1209 quod
1881 1154 1991 1193 non

410 1227 576 1282 habet
611 1237 668 1280 ut
721 1228 837 1282 sit?
868 1225 1033 1280 MAN.
1077 1225 1350 1282 Profecto.
1405 1226 1614 1282 ORTH.
1672 1227 1816 1300 Ergo
1868 1243 1992 1284 cum

410 1318 687 1390 ignoratio
725 1318 864 1372 nihil
914 1318 1064 1372 aliud
1119 1317 1191 1373 sit
1241 1333 1407 1388 quam
1459 1319 1825 1389 cognitionem
1878 1334 1993 1374 non

408 1409 649 1474 habere;
683 1407 955 1478 particula
988 1419 1199 1472 autem,
1230 1425 1364 1473 non,
1389 1408 1556 1480 430
1588 1409 1856 1479 privativa
1889 1413 1992 1476 sit;

410 1499 684 1569 ignoratio
709 1495 941 1566 proinde
981 1497 1218 1566 privatio
1253 1505 1359 1562 est,
1388 1513 1498 1551 non
1541 1497 1789 1554 habitus.
1823 1497 1989 1552 MAN.

2090 311 2185 368 οὖν
2212 315 2246 384 ή
2279 315 2378 385 μὲν
2407 313 2637 384 ἀλήθεια
2665 314 2774 366 τῶν
2799 314 2967 366 ὅντων
2995 315 3116 367 ἐστὶ
3143 314 3374 382 γνῶσις,
3397 314 3542 367 τὸδὲ
3564 313 3683 385 ᾠοῦ·

2090 407 2181 470 δος
2231 407 2425 473 ἄγνοια
2467 404 2562 460 τοῦ
2613 406 2788 473 ὄντος,
2836 406 2955 460 εἰπέ
3011 425 3126 478 μοι,
3176 409 3212 477 ή
3261 407 3497 476 γνῶσις,
3545 406 3694 483 ἓξις;

2089 498 2264 553 MAN.
2306 497 2435 552 Ναί.
2511 497 2666 550 ΟΡΘ.
2707 498 2771 550 El
2825 497 2858 567 ἡ
2905 498 3140 566 γνῶσις,
3191 497 3332 563 ἕξις,
3384 499 3422 569 ἠ
3481 499 3700 563 ἄγνοια,

2091 591 2310 652 πάντως
2366 589 2644 660 στέρησις.
2754 589 2928 645 MAN.
2989 589 3103 642 Kal.
3151 591 3187 660 ἡ
3236 589 3489 657 ἄγνοια,
3569 589 3702 652 ἕξις.

2092 681 2246 737 υΡΘ.
2286 681 2353 734 Τί
2386 683 2536 734 ἔστιν
2560 683 2786 750 ἄγνοια;
2863 681 3038 736 MAN.
3081 681 3154 734 Τὸ
3185 682 3256 751 μὴ
3288 682 3446 751 ἔχειν
3472 681 3705 748 γνῶσιν.

2092 773 2244 830 ΟΡΘ.
2289 774 2383 835 Τὸ,
2421 773 2518 845 μὴ,
2557 774 2877 844 στερητικόν
2924 774 3108 837 ὲστιν;
3159 773 3191 843 ἣ
3237 773 3711 843 ἁποφαντιχὸν,ἢ

2091 866 2332 922 ὲκτικόν.
2390 867 2564 921 MAN.
2589 867 2684 931 Τὸ,
2707 865 2803 937 μὴ,
2829 865 3153 935 στερητικόν
3175 866 3340 916 ἐστιν.
3402 865 3576 917 ΟΡΘ.
3622 864 3712 932 Μή

2091 957 2152 1011 δν
2188 958 2455 1030 λέγομεν;
2493 958 2556 1010 τδ
2585 957 2950 1028 ἐστερημένον
2984 955 3078 1009 τοῦ
3121 952 3298 1020 εῐναις
3369 955 3564 1008 MAN.
3610 956 3712 1022 Δη-

2093 1049 2294 1104 λονότι.
2367 1049 2520 1103 ΟΡΘ.
2563 1047 2774 1102 Οὐκοῦν
2797 1050 2832 1119 ἡ
2859 1046 3075 1116 ἄγνοια,
3102 1047 3166 1100 τὸ
3199 1046 3276 1118 μὴ
3305 1045 3456 1115 ἔχειν
3493 1047 3710 1114 γνῶσίν

2094 1143 2211 1196 ἐστι
2231 1159 2245 1172 ·
2273 1142 2338 1196 τδ
2359 1142 2438 1207 δὲ,
2473 1142 2570 1214 μή,
2599 1141 2946 1212 στερητικὸν·
2977 1142 3010 1209 ὴ
3041 1139 3236 1208 ἄγνοια
3264 1138 3380 1209 ἄρα
3409 1139 3707 1208 στέρησις,

2094 1237 2192 1290 καὶ
2241 1237 2340 1307 οὐχ
2379 1236 2512 1302 ἕξις.
2561 1237 2776 1289 'MAN.
2837 1233 3046 1304 Ὀρθῶς
3093 1235 3350 1303 εἷρηκας.
3434 1231 3602 1284 ΟΡΘ.
3651 1232 3707 1284 Ei

2093 1324 2187 1382 οῦν
2213 1329 2442 1398 ἀλήθεια
2479 1327 2702 1397 γνῶσις,
2735 1326 2848 1391 ἕξις
2877 1325 3122 1397 δηλονότι
3148 1341 3162 1356 ’
3200 1327 3249 1378 εί
3282 1324 3364 1388 δὲ,
3397 1325 3465 1377 τὸ
3506 1323 3709 1389 ψεῦδος

2093 1422 2311 1490 ἄγνοια,
2371 1419 2629 1491 στέρησις
2686 1419 2832 1472 κατὰ
2879 1418 2974 1472 τὸν
3023 1419 3124 1490 τῆς
3169 1417 3444 1488 ἀληθείας
3496 1416 3706 1483 λόγον·

2095 1512 2249 1566 ἔσται
2292 1506 2386 1565 οῦν
2428 1511 2461 1583 ἡ
2497 1511 2596 1582 μὲν
2625 1510 2855 1581 ἀλήθεια
2889 1509 3027 1574 ἕξις,
3069 1511 3130 1562 τὸ
3155 1509 3212 1562 δὲ
3240 1508 3468 1578 ψεῦδος,
3504 1508 3712 1576 στέρη-

409 1591 651 1664 Optime.
705 1590 916 1647 ORTll.
967 1591 1106 1647 Cum
1146 1593 1315 1664 igitur
1340 1594 1551 1649 veritas
1615 1593 1860 1665 cognitio
1894 1594 1986 1658 sit,

2101 1619 2214 1667 σις’
2247 1603 2343 1657 καὶ
2384 1572 2540 1657 ἔσται
2585 1605 2620 1672 ή
2665 1572 2764 1674 μέν
2795 1572 3046 1674 ἀλήθεια,
3076 1600 3156 1667 ὃν,
3190 1572 3336 1653 esse
3368 1572 3715 1668 ψεῦδοςίειὴ

411 1684 634 1740 habitus
659 1699 878 1754 quoque
904 1684 1010 1738 erit
1045 1702 1059 1740 :
1093 1684 1400 1756 eodemque
1429 1686 1594 1740 modo
1619 1702 1744 1740 cum
1778 1684 1992 1742 falsitas

410 1774 686 1844 ignoratio
715 1777 808 1842 sit,
837 1791 944 1830 non
971 1785 1055 1831 est
1099 1776 1328 1830 dubium
1370 1775 1503 1848 quin
1545 1778 1873 1846 privationis
1901 1793 1990 1833 ra-

410 1865 618 1919 tionem
646 1865 910 1920 obtineat.
943 1864 1145 1936 Sicque
1177 1865 1386 1920 veritas
1443 1867 1664 1923 habitus
1715 1868 1841 1936 erit,
1887 1869 1988 1924 fal-

411 1955 546 2010 sitas
577 1957 812 2026 privatio
849 1974 861 2010 :
895 1971 960 2009 ac
987 1955 1193 2010 veritas
1213 1957 1438 2026 quidem
1470 1972 1590 2020 ens,
1620 1957 1835 2013 falsitas
1885 1973 1988 2013 au-

411 2051 522 2100 tem
556 2060 664 2100 non
697 2060 819 2102 ens.
851 2044 1018 2100 MAN.
1051 2045 1131 2100 lta
1176 2061 1331 2101 sane.
1379 2044 1591 2102 ORTH.
1627 2047 1852 2112 Malum,
1885 2049 1989 2105 fal-

2094 1694 2176 1750 δν.
2251 1695 2425 1749 MAN.
2471 1695 2569 1749 Ἐκ
2617 1696 2845 1757 παντὸς.
2919 1694 3072 1748 ΟΡΘ.
3113 1692 3328 1753 Ψεῦδος
3362 1693 3396 1761 ή
3429 1690 3651 1753 κακία,
3679 1690 3712 1758 ἦ

2095 1785 2356 1857 ἀλήθεια;
2430 1786 2603 1842 MAN.
2646 1785 2880 1848 Ψεῦδος.
2955 1784 3108 1837 ΟΡΘ.
3151 1784 3269 1836 Οὐκ
3302 1783 3366 1836 ὄν
3393 1783 3508 1852 ἄρα
3541 1785 3578 1852 ἡ
3611 1798 3713 1833 κα-

2094 1877 2211 1945 κία,
2238 1879 2335 1932 καὶ
2363 1877 2533 1941 ὅντως
2563 1879 2844 1948 στέρησις,
2875 1876 2971 1929 καὶ
3003 1876 3077 1946 μή
3107 1876 3167 1928 δν
3187 1894 3203 1908 ·
3249 1875 3344 1927 καὶ
3379 1874 3461 1936 ὡς
3503 1874 3714 1942 στέρη·

2099 1985 2181 2033 σις
2229 1969 2364 2034 ἔξει,
2393 1969 2696 2023 ἀντίκειται
2740 1968 2822 2040 τῷ
2855 1967 3067 2038 ἀγαθῷ.
3086 1967 3230 2020 Ἀλλ’
3260 1968 3353 2020 ἐπὶ
3380 1967 3444 2019 τὸ
3477 1963 3709 2036 προκεί-

2097 2075 2258 2130 μενον
2287 2059 2689 2128 ἐπανέλθωμεν.
2763 2057 2937 2112 MAN.
2974 2055 3282 2126 Ἔλθωμεν.

423 2133 638 2189 sitasne
669 2142 866 2196 est.an
897 2134 1136 2190 veritas?
1161 2133 1327 2188 MAN.
1358 2135 1618 2190 Falsitas.
1674 2133 1887 2191 Olt'l‘ll.
1957 2139 2159 2200 Malum
2229 2161 2361 2219 ergo
2414 2157 2498 2202 est
2556 2162 2664 2201 non
2708 2162 2830 2214 ens,
2895 2160 3134 2216 vereque
3175 2144 3417 2214 privatio
3462 2154 3571 2207 est,
3643 2157 3710 2196 ac

412 2225 552 2280 nihil
613 2242 628 2279 :

414 2314 584 2370 MAN.
625 2315 760 2384 Age,
794 2315 1108 2372 redeamus.

481 2407 538 2462 2.
585 2405 797 2462 ORTH.
857 2405 1036 2461 Unum
1095 2407 1240 2464 dicis
1293 2424 1478 2464 rerum
1529 2412 1889 2483 principium,
1923 2430 1996 2472 an

413 2498 565 2554 duo?
591 2496 769 2552 MAN.
825 2497 942 2553 Duo
986 2516 1000 2552 :
1041 2514 1216 2553 unum
1246 2500 1474 2568 bonum,
1498 2503 1729 2557 alterum
1765 2506 1992 2564 malum.

413 2591 492 2644 Ac
525 2589 728 2643 bonum
760 2585 1007 2656 quidem,
1041 2583 1299 2642 arborem
1347 2589 1547 2644 bonam
1591 2593 1832 2662 appello,
1871 2609 1996 2664 quae

417 2681 622 2756 bonum
683 2691 848 2732 omne
906 2675 1209 2741 contineat,
1241 2686 1298 2733 et
1338 2677 1562 2747 eliiciat,
1611 2696 1715 2736 nec
1753 2682 1994 2737 fructum

416 2770 622 2825 malum
649 2768 812 2825 edere
831 2777 998 2838 queat
1036 2786 1050 2822 :
1092 2768 1297 2823 malum
1329 2782 1534 2836 autem,
1562 2773 1840 2840 tenebras,
1869 2789 1995 2829 cor-

415 2862 754 2932 ruptionem,
804 2860 1055 2914 arborem
1099 2861 1335 2927 malam,
1384 2877 1506 2932 quae
1570 2865 1770 2918 malum
1837 2881 2001 2920 omne

417 2953 648 3022 Vitiique
675 2966 851 3022 genus
877 2965 1041 3006 omne
1095 2950 1288 3016 faciat,
1341 2968 1444 3009 nec
1493 2953 1735 3010 fructum
1790 2956 1995 3011 bonum
2026 2935 2070 2996 (ἶ

419 3043 569 3097 ferre
607 3041 801 3112 possit.
831 3039 1040 3096 OllTll.
1069 3039 1454 3112 Quidquamne
1502 3045 1647 3100 inter
1712 3047 1830 3101 hzec
1887 3048 1999 3102 duo

417 3131 690 3202 principia
747 3132 1071 3187 commercii
1143 3143 1267 3199 est,
1329 3136 1544 3191 necne?
1622 3135 1793 3192 MAN.
1852 3136 2000 3194 Nihil

420 3240 673 3295 prorsus.
758 3223 866 3280 Sed
941 3227 1175 3281 alterum
1253 3229 1416 3284 alteri
1491 3232 1834 3284 contrarium
1893 3239 2000 3287 est.

419 3311 634 3368 Oll'l‘ll.
667 3309 835 3367 Estne
879 3329 1046 3366 unum
1077 3316 1131 3367 in
1159 3316 1288 3380 alio,
1317 3329 1411 3370 aut
1444 3331 1570 3371 cum
1619 3319 1765 3386 alio;
1802 3335 2003 3377 numve

420 3404 542 3458 loco
585 3403 828 3456 discreta
863 3403 1034 3456 sunt?
1063 3403 1228 3456 MAN.
1269 3403 1513 3460 Discreta
1536 3408 1773 3476 primum
1817 3419 2000 3476 erant,

420 3504 585 3563 atque
669 3503 964 3563 utrumque
1043 3495 1164 3550 suis
1231 3511 1290 3552 se
1375 3495 1574 3553 ﬁnibus
1653 3501 1999 3557 continebat.

420 3583 635 3639 ORTH.
655 3585 904 3650 Quonam
935 3584 1104 3655 igitur
1125 3593 1285 3656 pacto
1304 3603 1449 3642 nunc
1467 3589 1610 3645 inter
1632 3605 1692 3646 se
1710 3594 2002 3649 commista

423 3676 592 3732 sunt?
620 3673 787 3731 MAN.
822 3674 1010 3732 Bonus
1045 3677 1244 3733 inloco
1274 3694 1400 3746 suo,
1438 3680 1666 3736 inomni
1688 3683 1932 3739 bonitate
1949 3691 2004 3740 et

425 3768 691 3824 felicitate
739 3768 954 3839 agebat.
989 3767 1218 3823 Materia
1267 3779 1473 3838 autem,
1510 3772 1615 3828 hoc
1655 3781 1740 3828 est
1770 3774 1999 3842 malum,

422 3874 550 3914 cum
579 3859 698 3914 sine
739 3860 868 3924 vita,
900 3859 1022 3913 sine
1051 3869 1222 3924 motu,
1267 3875 1492 3930 spurca,
1527 3862 1820 3919 horrendae
1844 3871 2001 3921 tene—

422 3951 555 4016 bras,
587 3965 618 4004 a
644 3964 813 4004 sensu
841 3957 1073 4016 remota,
1116 3950 1308 4005 multis
1337 3960 1486 4006 retro
1517 3955 1738 4011 saeculis
1766 3955 1999 4021 fuisset;

426 4053 540 4096 tum
580 4049 774 4112 postea
825 4056 1013 4096 secum
1067 4042 1180 4110 ipsa
1219 4043 1392 4113 C(Bpil.
1443 4043 1740 4112 dissidere,
1770 4046 2003 4116 ejusque

427 4133 643 4188 fructus
685 4140 877 4186 mutuo
924 4132 1068 4186 inter
1101 4147 1160 4187 se
1196 4149 1470 4204 pugnare.
1501 4136 1752 4206 Cumque
1785 4137 1881 4192 alii
1911 4138 2002 4192 in-

689 2232 745 2278 et
800 2223 1270 2295 quemadmodum
1330 2225 1565 2295 privatio
1643 2227 1875 2294 habitui,
1930 2232 2013 2288 sic
2071 2235 2218 2291 bono
2283 2238 2608 2309 opponitur.
2673 2236 2779 2292 Sed
2834 2235 2906 2291 ad
2975 2235 3321 2306 propositum
3375 2234 3707 2288 redi-anuus.

2174 2418 2243 2490 β’.
2281 2417 2431 2473 ΟΡΘ.
2473 2417 2620 2471 Μίαν
2671 2417 2852 2487 ἀρχὴν
2895 2417 3078 2485 λέγεις
3121 2417 3233 2470 τῶν
3277 2417 3470 2481 δντωνν
3499 2419 3530 2489 ἦ
3561 2419 3707 2484 διδοῖ

2101 2509 2275 2564 MAN.
2302 2509 2424 2571 Δύο,
2458 2509 2588 2579 μίαν
2621 2508 2722 2579 μὲν
2747 2507 2980 2576 ἀγαθὴν,
3007 2509 3102 2560 καὶ
3137 2507 3269 2577 μίαν
3292 2510 3574 2578 πονηράνο
3604 2509 3706 2562 καὶ

2100 2603 2200 2675 τὴν
2259 2603 2358 2673 μὲν
2410 2600 2622 2672 ἀγαθὴν
2670 2601 2925 2672 ὀνομάζω
2969 2600 3188 2671 δένδρον
3238 2601 3457 2668 ἀγαθὸν,
3486 2603 3706 2666 παντὸς

2099 2693 2308 2764 ἀγαθοῦ
2356 2691 2702 2764 περιεκτικὸν
2753 2691 2850 2745 καὶ
2896 2691 3213 2761 ποιητικὸν,
3272 2691 3346 2762 μή
3390 2691 3705 2763 δυνάμενον

2101 2787 2314 2857 καρπὸν
2342 2786 2513 2839 κακὸν
2551 2787 2725 2838 ποιεῖν
2745 2801 2758 2815 ’
2791 2783 2888 2855 τὴν
2916 2784 2974 2836 δὲ
3012 2784 3278 2856 πονηράν,
3320 2784 3534 2847 σκὰτος,
3567 2785 3707 2854 φθο-

2105 2879 2228 2950 ρὰν,
2258 2878 2473 2948 δένδρον
2506 2877 2766 2948 πονηρὸν,
2806 2877 3013 2940 παντὸς
3059 2876 3301 2948 πονηροῦ
3354 2876 3455 2929 καὶ
3498 2877 3704 2942 κακίας

2101 2969 2385 3040 ποιητικὸν
2412 3009 2428 3034 ,
2479 2969 2554 3040 μὴ
2599 2967 2898 3038 δυνάμενον
2942 2968 3154 3038 καρπὸν
3213 2968 3431 3036 ἀγαθὸν
3502 2971 3700 3022 ποιεῖν.

2102 3062 2254 3115 ΟΡΘ.
2296 3060 2663 3116 Κοινωνοῦσιν
2711 3059 2976 3131 ἀλλήλαις
3016 3054 3178 3114 αὗται
3223 3060 3283 3114 αἱ
3314 3059 3412 3113 δύο
3439 3059 3635 3131 ἀρχαὶ,
3667 3061 3700 3132 ἢ

2101 3151 2200 3218 οῦς
2290 3153 2467 3208 MAN.
2527 3151 2817 3216 Παντελῶς
2869 3152 3254 3222 ἀκοινώνητον..
3305 3153 3403 3206 καὶ
3454 3154 3702 3207 ἐναντίαι

2101 3244 2356 3315 ἀλλήλαις
2401 3243 2760 3315 ὑπάρχουσιν.
2837 3243 2988 3297 ΟΡΘ.
3035 3245 3124 3296 Ἑν
3153 3243 3439 3313 ἀλλήλαις,
3468 3245 3568 3298 καὶ
3605 3246 3698 3298 σὺν

2101 3335 2363 3405 ἀλλήλαις
2410 3335 2571 3398 εἰσιν,
2622 3335 2654 3406 ἢ
2710 3335 3152 3405 κεχωρισμένως
3228 3337 3404 3389 MAN.
3447 3337 3692 3407 Κεχωρι-

2103 3427 2296 3496 σμέναι
2321 3421 2460 3496 ἦσαν
2495 3423 2554 3489 ἐξ
2593 3426 2789 3494 ἀρχῆς,
2820 3425 3028 3497 ἑκάστη
3077 3428 3138 3479 ὲν
3185 3429 3299 3490 τοῖς
3337 3427 3490 3488 ίδίοις
3521 3429 3695 3496 ὅροις.

2103 3515 2253 3570 ΟΡΘ.
2295 3516 2420 3579 Πῶς
2440 3512 2534 3569 οῦν
2563 3515 2658 3569 νῦν
2679 3517 2787 3568 εἰσι
2811 3517 3306 3587 συμμεμιγμέναι;
3377 3517 3558 3571 MAN.
3587 3513 3698 3570 Ἦν

2102 3608 2131 3660 ὁ
2159 3606 2363 3676 ἀγαθὸς
2410 3609 2468 3662 ὲν
2513 3608 2592 3678 τῷ
2637 3609 2752 3679 ἰδίῳ
2783 3610 2957 3680 τόπῳ,
2985 3609 3045 3663 ἐν
3073 3611 3223 3682 πάσῃ
3257 3610 3570 3681 ἁγαθοσύνῃ
3601 3611 3699 3663 καὶ

2105 3698 2494 3770 μακαριότητι,
2543 3701 2578 3769 ή
2623 3699 2682 3753 δὲ
2729 3700 2871 3772 ὕλη,
2919 3701 3091 3771 ήγουν
3141 3703 3176 3772 ἡ
3222 3701 3430 3767 κακία,
3481 3703 3696 3768 ᾶζωος,

2102 3792 2376 3860 ἀκίνητος,
2423 3792 2648 3862 αἰσχρά,
2682 3792 2872 3856 σκότος
2911 3792 3176 3857 δυσειδὲς,
3223 3794 3561 3864 ἀναίσθητος
3613 3797 3697 3847 ἐπὶ

2102 3881 2330 3945 πολλοὺς
2362 3881 2602 3944 αῑῶναςο
2649 3880 2879 3952 ὕστερον
2916 3881 2974 3934 δὲ
3012 3883 3336 3936 ἐστασίασεν
3363 3884 3398 3952 ἡ
3429 3883 3530 3953 ὖλη
3565 3884 3697 3955 πρὸς

2102 3972 2324 4043 ἑαυτὴν,
2355 3973 2448 4025 καὶ
2471 3975 2519 4026 οἱ
2549 3973 2756 4044 καρποὶ
2785 3973 2959 4042 αὐτῆς
2983 3974 3334 4044 ἐπολέμησαν
3357 3974 3500 4044 πρὸς
3532 3975 3698 4046 ἀλλή-

2101 4057 2260 4125 λους⁹
2295 4062 2389 4114 καὶ
2431 4061 2540 4115 τῶν
2595 4062 2694 4132 μὲν
2743 4062 3069 4126 διωκόντων,
3098 4064 3206 4116 τῶν
3247 4063 3306 4116 δὲ
3352 4066 3694 4132 φευγόντων,

2104 4153 2351 4222 ἔφθασαν
2382 4155 2460 4216 εἰς
2482 4153 2554 4207 τὰ
2581 4153 2705 4225 ὅρια
2732 4154 2828 4207 τοῦ
2856 4155 3033 4224 φωτός
3053 4171 3068 4185 °
3100 4155 3197 4209 καὶ
3231 4155 3434 4218 ἰδόντες
3459 4157 3524 4208 τὺ
3561 4157 3696 4224 φῶς,

423 4229 813 4294 sequerentur,
849 4220 1100 4290 fugerent
1133 4223 1249 4288 alii,
1289 4223 1356 4276 ad
1389 4223 1529 4279 lucis
1562 4224 1702 4281 fines
1734 4240 1996 4296 pervene-

2108 4243 2462 4314 ὲπεθύμησαν
2493 4242 2588 4296 τοῦ
2624 4244 2855 4309 κάλλους
2899 4245 3086 4311 αὐτοῦ,
3118 4247 3213 4298 καὶ
3253 4246 3576 4301 ἐπαύσαντο
3606 4245 3695 4298 τοῦ

424 4327 590 4384 runt;
650 4318 718 4372 ad
771 4317 933 4387 cujus
967 4324 1274 4387 aspectum,
1340 4317 1776 4384 pulchritudinis
1824 4319 1996 4388 ipsius

2109 4334 2247 4407 πρὸς
2295 4333 2557 4405 ἀλλήλους
2605 4335 2864 4404 πολέμου,
2900 4336 2994 4389 καὶ
3040 4339 3510 4406 συμφωνήσαντες
3563 4336 3697 4406 πρὸς

423 4409 724 4482 cupiditate
765 4409 951 4479 capti,
995 4423 1192 4480 pugnae
1246 4417 1451 4463 mutuas
1501 4408 1663 4463 linem
1713 4409 2002 4478 facientes,

429 4501 676 4557 unanimi
737 4516 1017 4557 consensu
1082 4499 1260 4553 lucem
1337 4500 1549 4556 adoriri
1615 4500 2000 4556 instituerunt.

426 4591 794 4659 Quamobrem
821 4605 946 4645 cum
989 4594 1173 4651 bonus
1206 4590 1468 4645 virtutem
1507 4607 1574 4646 ex
1607 4605 1666 4646 se
1699 4591 2000 4658 emisisset,

424 4691 686 4739 conserto
717 4683 934 4753 pralio,
962 4683 1315 4738 tenebrarum
1371 4683 1653 4754 principes
1699 4684 1840 4739 lucis
1876 4699 2005 4755 par-

424 4781 534 4830 tem
568 4781 925 4830 voraverunt.
959 4773 1144 4830 Bonus
1170 4775 1374 4844 quippe
1405 4776 1665 4830 virtutem
1717 4775 1868 4829 illam
1895 4775 2004 4830 sibi

425 4866 563 4936 eripi
594 4879 793 4936 passus
823 4872 947 4929 est;
983 4864 1195 4920 veritus
1247 4880 1315 4920 ne
1343 4879 1446 4919 suo
1476 4879 1698 4935 quoque
1722 4864 1844 4919 loco
1880 4872 2003 4917 tan-

425 4957 547 5015 dem
578 4957 658 5012 illi
686 4955 1018 5029 potirentur.
1046 4955 1160 5012 lIoc
1191 4963 1373 5010 autem
1418 4971 1481 5011 ea
1517 4965 1700 5011 mente
1755 4954 1908 5020 fecit,
1940 4962 2002 5009 ut

426 5066 524 5122 per
571 5065 692 5107 eam
736 5057 974 5120 partem.
1005 5063 1175 5118 quam
1234 5047 1560 5111 tradiderat,
1618 5047 1909 5118 imperium
1945 5047 1998 5100 in

427 5144 632 5198 malum
660 5143 956 5199 obtineret.
1005 5143 1207 5211 Sicque
1243 5141 1374 5196 boni
1405 5139 1649 5212 malique
1687 5139 2004 5196 commistio

427 5235 724 5306 contingit.
757 5233 893 5290 Nam
937 5248 1002 5288 ex
1053 5232 1308 5302 portione
1360 5231 1514 5294 boni,
1553 5230 1785 5294 animae;
1834 5237 1888 5282 et
1934 5244 2002 5285 ex

428 5327 553 5379 mali
581 5326 916 5392 substantia,
949 5338 1182 5392 corpora
1215 5320 1560 5392 prodierunt.
1589 5319 1800 5376 ORTH.
1823 5318 2003 5388 Nunc,

433 5429 638 5485 quaeso,
669 5420 782 5474 haec
806 5434 915 5474 una
943 5416 1383 5476 consideremus.
1417 5413 1586 5472 MAN.
1633 5413 1836 5486 Utique
1867 5430 2002 5471 cou-

432 5508 755 5564 sideri-mus.

2109 4424 2392 4496 ἀλλήλους,
2424 4423 2681 4477 ἐπέθεντο
2699 4423 2777 4494 τῷ
2795 4425 2936 4493 φωτί
2954 4440 2969 4455 ⁸
2997 4426 3114 4489 καὶ,
3145 4425 3472 4478 ἀπέστειλεν
3499 4429 3532 4480 ὀ
3558 4427 3695 4491 ἀγα-

2110 4515 2200 4581 θὸς
2250 4516 2348 4588 τὴν
2402 4515 2634 4587 δύναμιν
2669 4517 2798 4587 παρ’
2828 4514 3017 4582 αὐτοῦ,
3049 4517 3143 4570 καὶ
3171 4517 3499 4587 συμπλοκῆς
3547 4533 3693 4586 γενο-

2112 4607 2300 4677 μένης.
2321 4605 2524 4676 ἔφαγον
2549 4607 2713 4678 μέρος
2736 4606 2829 4659 τοῦ
2858 4607 3059 4674 φωτὸς,
3077 4609 3127 4660 οἱ
3159 4609 3422 4678 ἄρχοντες
3451 4609 3546 4662 τοῦ
3577 4609 3694 4662 07.6-

2108 4712 2254 4760 τους.
2284 4695 2656 4768 Παρεχώρησε
2691 4695 2800 4767 γὰρ
2827 4698 2856 4749 ὁ
2884 4687 3090 4764 ἀγαθὸς
3117 4697 3438 4768 ἁρπαγῆναι
3467 4698 3695 4767 δύναμιν

2105 4786 2167 4852 ἐξ
2191 4787 2357 4841 αὐτοῦ
2382 4803 2396 4818 ο
2427 4788 2522 4841 καὶ
2547 4787 2828 4858 φοϐηθεὶς,
2860 4787 2948 4841 ἵνα
2976 4787 3053 4857 μὴ
3081 4789 3573 4858 κατακυριεῦσωσι
3605 4788 3694 4842 τοῦ

2104 4879 2272 4932 τόπου
2306 4877 2492 4945 αὑτοῦ,
2519 4878 2681 4933 τοῦτο
2707 4877 2986 4950 ἐποίησεν,
3015 4878 3103 4931 ἵνα
3126 4878 3214 4933 διὰ
3249 4879 3351 4949 τῆς
3382 4881 3606 4954 μοίρας,
3633 4876 3693 4952 ἧς

2109 4970 2418 5040 παρέδωκε,
2446 4971 2859 5043 κατακυριεύσῃ
2877 4971 2976 5040 τῆς
3000 4971 3215 5034 κακίας.
3234 4972 3351 5025 Καὶ
3377 4971 3559 5036 οὕτως
3579 4976 3691 5040 ὲγέο

2109 5079 2230 5115 νετο
2260 5060 2567 5132 σύγκρασις
2588 5061 2681 5114 τοῦ
2708 5060 2915 5130 ἀγαθοῦ
2941 5062 3035 5116 καὶ
3060 5061 3154 5115 τοῦ
3180 5063 3448 5134 πονηροῦ.
3468 5065 3566 5117 Ἐκ
3589 5063 3695 5134 γὰρ

2107 5156 2207 5222 τῆς
2229 5151 2428 5224 μοίρας
2449 5152 2544 5206 τοῦ
2574 5151 2804 5221 ἀγαθοῦ,
2827 5153 3079 5220 ἐγένοντο
3103 5155 3160 5206 αἱ
3183 5153 3382 5222 ψυχαὶ.
3414 5155 3483 5206 ἐκ
3512 5154 3573 5208 δὲ
3597 5156 3693 5220 τῆς

2111 5244 2299 5307 οὐσίας
2347 5244 2446 5313 τῆς
2489 5243 2710 5307 κακίας,
2743 5243 2813 5296 τὰ
2841 5244 3091 5312 σώματα.
3164 5245 3319 5297 ΟΡΘ.
3363 5244 3517 5308 Τέως
3567 5245 3692 5317 περὶ

2111 5334 2316 5390 τούτων
2348 5333 2792 5406 διασκεψώμεθα.
2869 5334 3041 5387 MAN.
3081 5333 3546 5405 Διασκεψὼμεθα.
