3930 6206
218 194 366 260 1509

1218 195 1600 257 DIALOGUS
1637 196 1935 257 CONTRA
1967 197 2447 258 MANICH/EOS.

3333 195 3470 266 1510

284 314 358 382 γ’.
381 306 534 362 οΡθ.
551 306 617 360 Ἦ
638 306 782 377 ἀρχὴ
800 303 1053 376 ποσαχῶς
1065 303 1433 375 λαμϐάνεται;
1474 307 1649 360 MAN.
1667 308 1804 379 Φρά-

1974 313 2030 367 3.
2065 309 2278 367 ORTH.
2324 311 2528 382 Ἀρχὴ,
2560 308 2614 364 id
2644 318 2750 375 est,
2781 309 3139 381 principium,
3169 320 3304 381 quot
3350 329 3470 368 mo-

219 417 311 455 σον
358 403 448 457 σύ.
524 399 675 453 ΟΡΘ.
712 398 983 466 ’Λναρχον
1033 395 1133 467 μέν
1175 397 1314 463 ἐστι,
1345 397 1406 451 τὸ
1452 398 1527 469 μὴ
1567 399 1803 470 ὲσχηκδς

218 490 430 561 ἀρχήνο
463 486 524 540 τὸ
548 487 605 539 δὲ
637 488 737 556 τῆς
765 486 941 555 ἀρχῆς
966 485 1159 556 ὄνομα,
1191 485 1483 557 ὁμώνυμόν
1515 488 1636 540 ἐστι
1656 502 1670 517 ⁸
1708 491 1805 543 καὶ

220 580 330 650 γὰρ
357 576 525 632 πολλὰ
548 575 837 647 σημαίνει·
865 575 1086 644 λέγεται
1116 577 1227 646 γάρ
1251 577 1394 647 ἀρχὴ
1422 576 1561 631 κατὰ
1584 578 1798 649 χρόνον·

221 673 296 735 ὼς
326 671 559 739 λέγομεν
588 666 764 738 ἀρχὴν
795 668 1031 738 ἡμέρας,
1064 668 1163 738 τὴν
1193 668 1290 722 τοῦ
1320 667 1472 737 ἡλίου
1514 668 1801 739 ἀνατολὴν,

221 760 316 813 καὶ
347 758 490 829 ἀρχὴ
520 756 766 809 ἐνιαυτοῦ
797 756 1051 825 λέγεταιο
1086 758 1263 828 ἀρχὴν
1293 758 1389 811 xui.
1432 758 1577 811 κατὰ
1606 758 1807 823 τόπους

221 849 472 919 λέγομεν,
507 846 682 917 ἀρχὴν
711 847 856 913 ὁδοῦ,
888 848 984 901 καὶ
1008 848 1183 919 ἀρχὴν
1216 847 1310 901 τοῦ
1339 847 1548 914 Φυσὼν,
1576 848 1668 902 τὸν
1702 866 1807 903 πα-

224 938 492 1011 ράδεισον.
528 937 765 1004 Λέγεται
796 936 941 1008 ἀρχὴ
972 938 1065 990 καὶ
1093 936 1236 992 κατὰ
1276 938 1339 991 τὸ
1360 937 1577 1009 ἀξίωμα
1600 938 1696 993 καὶ
1726 939 1809 1006 ἐξ·

222 1028 448 1092 ουσίαν,
481 1026 559 1089 ὡς
609 1026 847 1097 λέγομεν
892 1027 1069 1097 ἀρχὴν
1110 1025 1250 1082 εἶναι
1297 1028 1390 1082 τὸν
1434 1028 1660 1099 βασιλέα
1696 1029 1807 1084 τῶν

226 1116 510 1188 ὑπηκόων⁸
547 1115 767 1184 λέγεται
795 1116 963 1187 ἀρχὴ,
993 1119 1089 1171 καὶ
1130 1118 1193 1171 τὸ
1232 1118 1394 1186 φύσει
1423 1119 1708 1190 πρότερον,
1731 1120 1809 1185 ὡς

229 1207 320 1261 ἰπὶ
355 1205 452 1260 τοῦ
502 1206 773 1277 ἀριθμοῦο
826 1206 921 1259 δύο
958 1208 1057 1277 μὲν
1091 1207 1201 1279 γὰρ
1228 1208 1418 1275 ὄντων,
1451 1208 1511 1273 ἐξ
1557 1211 1809 1278 ἀνάγκης

227 1298 344 1352 ἐστὶ
384 1297 447 1351 τὸ
490 1297 735 1361 ἕν.⁸Ενὸς
764 1297 822 1350 δὲ
856 1298 1010 1360 ὄντος
1038 1300 1141 1353 οὐκ
1171 1300 1231 1366 ἐξ
1261 1300 1508 1371 ἀνάγκης
1538 1302 1645 1355 εἰσὶ
1671 1301 1766 1354 δύο
1789 1317 1804 1332 ·

228 1389 381 1442 ἔσται
431 1388 538 1458 γὰρ
587 1386 698 1452 δύο,
728 1388 787 1441 ἓν
820 1389 914 1443 καὶ
947 1388 1039 1443 ἕν’
1085 1389 1146 1443 τὸ
1186 1389 1243 1443 δὲ
1286 1389 1365 1455 ἐν,
1404 1391 1465 1444 οὐ
1500 1389 1611 1446 δύο.
1643 1391 1809 1464 Ἀρχὴ

226 1478 318 1536 οῦν
348 1482 457 1534 τῶν
494 1479 608 1545 δύο,
636 1480 698 1534 τὸ
729 1480 787 1533 ἓν
815 1480 1056 1550 λέγεται.
1074 1481 1243 1553 Ἀρχὴ
1286 1482 1381 1537 καὶ
1421 1483 1564 1537 κατὰ
1611 1483 1766 1548 τάξιν
1788 1500 1804 1515 ο

229 1574 303 1638 ὡς
332 1573 552 1645 πρῶτον
581 1573 642 1627 τὸ
668 1572 762 1626 τοῦ
796 1571 1145 1641 ἀναγνώστου
1172 1572 1410 1646 ἀξίωμα,
1440 1572 1560 1629 εἶτα
1587 1576 1810 1631 ὑποδιὰ-

1901 400 1987 456 dis
2068 401 2408 472 usurpatur?
2484 398 2649 453 ΜΛΝ.
2706 398 2763 452 Id
2837 408 2895 453 tu
2970 400 3092 470 ipse
3166 401 3468 458 edisseras.

1904 486 2113 544 ORTH.
2134 489 2425 559 Ἀναρχον,
2449 487 2676 548 dicitur,
2704 486 2856 555 quod
2877 487 3214 557 principium
3242 498 3348 542 no’n
3374 489 3472 543 ha-

1902 577 2024 632 buit
2057 618 2072 635 .
2101 591 2209 631 vox
2243 590 2425 630 autem
2455 574 2600 646 ἀρχὴ
2640 575 3000 645 (principium)
3038 579 3322 647 aequivoca
3360 589 3468 642 est;

1904 666 2073 722 Multa
2098 668 2297 737 quippe
2319 666 2613 737 signiﬁcat.
2650 666 2785 720 Nam
2825 674 2880 721 et
2905 666 2973 721 de
2996 676 3239 737 tempore
3269 670 3473 738 princi-

1906 758 2056 829 pium
2071 758 2294 813 dicitur.
2316 755 2408 812 Sic
2438 757 2546 813 diei
2575 758 2931 827 principium,
2952 758 3086 813 solis
3114 766 3298 813 ortum
3327 762 3468 813 dici-

1905 864 2029 904 mus
2060 848 2228 905 :anni
2250 863 2471 918 quoque
2501 847 2833 918 principium
2865 847 3200 916 assignatur.
3238 847 3369 903 Item
3403 849 3472 904 de

1907 940 2044 996 locis
2083 939 2414 1009 principium
2456 939 2712 1001 dicimus,
2760 946 2822 993 ut
2868 940 2970 994 vim
3008 938 3375 1008 principium;
3417 947 3473 993 et

1908 1028 2253 1095 Paradisum,
2288 1027 2530 1084 ﬂuminis
2552 1028 2765 1099 Pliyson
2789 1028 3142 1098 principium.
3164 1028 3306 1094 Quin
3331 1027 3473 1099 ἀρχὴ

1906 1136 2127 1191 quoque
2165 1120 2234 1176 de
2268 1120 2537 1191 dignitate
2572 1126 2627 1174 et
2664 1121 2908 1190 potentia
2946 1120 3187 1174 dicitur:
3219 1120 3371 1173 velut
3396 1134 3476 1173 re-

1906 1225 2026 1281 gem
2076 1208 2423 1265 subditorum
2450 1209 2627 1280 ἀρχὴν
2663 1209 2743 1276 (id
2778 1216 2883 1273 est,
2925 1208 3305 1278 principatum)
3337 1208 3475 1262 dici-

1908 1315 2031 1356 mus
2056 1300 2098 1353 ¹.
2127 1301 2209 1355 Ad
2236 1300 2349 1355 haec
2378 1301 2709 1371 principium
2753 1299 2975 1365 dicitur,
3018 1299 3072 1353 id
3105 1299 3252 1368 quod
3279 1308 3476 1353 natura

1908 1392 2064 1462 prius
2092 1402 2200 1457 est,
2234 1392 2383 1446 velut
2438 1393 2492 1447 in
2549 1407 2802 1447 numero.
2852 1389 3069 1449 Etenim
3114 1392 3161 1447 si
3203 1393 3312 1446 duo
3340 1393 3475 1455 sint,

1908 1481 2225 1537 necessario
2255 1496 2425 1536 unum
2454 1481 2560 1537 erit
2592 1501 2606 1537 :
2638 1482 2724 1537 sin
2773 1488 2954 1537 autem
2985 1496 3154 1536 unum
3212 1489 3318 1547 est,
3365 1496 3477 1538 non

1910 1573 2039 1628 item
2067 1572 2176 1629 duo
2198 1588 2320 1629 esse
2360 1587 2652 1629 necessum
2713 1580 2822 1629 est.
2874 1572 3053 1627 Erunt
3096 1572 3301 1642 quippe
3343 1572 3473 1635 duo,

227 1680 402 1729 κονος,
434 1664 524 1717 καὶ
553 1661 725 1729 οὕτως
751 1664 1143 1737 πρεσϐύτερος,
1169 1666 1265 1720 καὶ
1285 1665 1459 1732 οὕτως
1482 1669 1799 1733 ἐπίσκοπος.

1909 1680 2072 1720 ιιιιιιω
2102 1671 2160 1720 et
2190 1680 2359 1720 unum
2396 1682 2411 1719 :
2443 1679 2612 1720 unum
2647 1670 2853 1728 autem,
2888 1664 2999 1719 duo
3039 1678 3148 1719 non
3172 1672 3278 1719 est.
3314 1662 3388 1718 lla
3421 1665 3481 1717 lit

227 1756 455 1823 Λέγεται
488 1756 579 1808 καὶ
613 1757 756 1828 ἀρχὴ
785 1756 927 1810 κατὰ
956 1757 1017 1810 τὸ
1041 1756 1233 1823 αἴτιον,
1262 1758 1535 1814 καὶτοῦτο
1566 1760 1765 1833 τριχῶς
1785 1778 1800 1793 ·

226 1841 261 1913 ἢ
306 1841 415 1913 γὰρ
465 1842 715 1911 φυσικὸν,
764 1844 839 1907 ὡς
877 1843 1019 1915 ἁρχὴ
1046 1844 1208 1911 υἱοῦ,
1238 1847 1455 1919 πατήρ·
1505 1848 1539 1919 ἢ
1590 1867 1804 1921 ποιητιο

229 1931 342 1999 κὸν,
393 1931 470 1995 ὡς
520 1934 663 2005 ἁρχὴ
721 1934 973 2001 κτίσεως,
1011 1948 1040 2000 ό
1083 1936 1342 2007 κτίστηςσ
1401 1937 1436 2009 ἢ
1489 1940 1805 2010 μιμητικὸν,

229 2021 303 2085 ὡς
348 2022 491 2094 ἀρχὴ
543 2025 753 2087 είκόνος
789 2024 849 2078 τὸ
878 2026 1310 2099 είκονιζόμενον’
1346 2030 1488 2083 κατὰ
1518 2029 1811 2097 τοσούτους

229 2110 321 2167 οὖν
346 2116 604 2185 τρόπους,
646 2115 948 2188 λεγομένης
992 2118 1095 2189 τῆς
1141 2120 1339 2191 ἀρχῆς,
1374 2122 1550 2176 ἐκεῖνό
1594 2124 1712 2179 ἐστι
1747 2124 1809 2178 τὸ

242 2204 410 2268 ὅντως
437 2205 669 2277 ἄναρχον
688 2205 979 2277 λεγόμενον
996 2224 1009 2237 ·
1035 2208 1153 2273 πῶς
1176 2207 1270 2264 οῦν
1291 2211 1384 2265 δύο
1404 2213 1576 2285 ἀρχὰς
1606 2214 1670 2267 σὺ
1702 2215 1808 2286 φὴς

233 2295 531 2367 ἀνάρχους;
638 2297 811 2351 MAN.
870 2299 1027 2353 Κατὰ
1087 2288 1299 2364 πάντας
1357 2302 1485 2366 τοὺς
1551 2303 1805 2374 τρόπους.

234 2387 384 2444 ΟΡΘ.
441 2388 671 2452 δῡῦτως
717 2389 826 2461 γὰρ
871 2388 1086 2443 ἔσονται
1126 2392 1389 2462 ἄναρχοι·
1447 2394 1563 2448 ἀλλ’
1597 2394 1808 2464 ἐψεύσω

235 2479 379 2532 κατὰ
398 2479 495 2549 τῆς
517 2478 742 2533 σεαυτοῦ
771 2479 1017 2551 κορυφῆς
1038 2497 1051 2510 ο
1086 2481 1195 2534 ἀπὸ
1224 2482 1452 2551 ψεύδους
1477 2483 1805 2555 ἀρξάμενος,

232 2570 489 2641 ἀδόκιμον
520 2569 661 2636 ἕξεις
692 2573 752 2625 τὸ
781 2574 953 2637 τέλος.
1029 2575 1203 2629 MAN.
1244 2576 1369 2639 Πῶς
1402 2575 1561 2630 τοῦτο
1587 2577 1806 2648 λέγεις;

232 2662 383 2715 ΟΡΘ.
424 2662 528 2716 Δύο
561 2663 751 2730 εἰπὼν,
780 2665 887 2719 ἀπὸ
912 2665 1146 2736 ἀριθμοῦ
1178 2667 1328 2738 ἤρξω
1350 2684 1365 2698 ·
1387 2667 1466 2721 τὰ
1489 2669 1544 2723 δὲ
1571 2669 1686 2738 δύο,
1708 2673 1810 2726 οὐκ

228 2753 371 2824 ἀρχή
393 2769 407 2783 °
436 2754 571 2824 ἄλλη
603 2755 710 2824 γάρ
739 2754 881 2825 ἁρχὴ
908 2755 1017 2809 τῶν
1046 2755 1160 2813 δύο.
1184 2758 1217 2828 ἡ
1251 2757 1440 2828 μονάς.
1464 2760 1601 2831 Περὶ
1633 2762 1809 2832 ἀρχῆς

228 2844 321 2898 οὖν
364 2845 769 2916 διαλεγόμενος,
821 2847 952 2917 μίαν
1001 2847 1176 2919 ἀρχὴν
1210 2849 1355 2915 εἰπὲ,
1386 2851 1473 2905 ἵνα
1562 2852 1744 2906 τελεία
1772 2855 1806 2923 ἡ

228 2934 402 3005 ἀρχήο
453 2933 614 3002 φύσει
660 2935 767 3005 γὰρ
817 2934 1005 3006 μονάς,
1036 2938 1181 3008 ἀρχὴ
1218 2937 1427 3002 δυάδος.
1460 2940 1525 2992 Εἰ
1574 2935 1668 2994 οὖν
1713 2941 1808 2995 δύο

1908 1762 1968 1810 ιιι
1994 1771 2160 1810 unum
2184 1754 2345 1826 431
2374 1755 2610 1811 duorum
2642 1754 2979 1826 principium
3005 1754 3241 1809 dicatur.
3267 1753 3480 1808 Princi-

1905 1846 2056 1919 pium
2081 1845 2149 1902 de
2172 1847 2370 1901 ordine
2397 1860 2619 1917 quoque
2643 1846 2851 1901 dicitur
2873 1862 2889 1912 ;
2922 1853 2983 1900 ut
3009 1846 3186 1915 prima
3216 1844 3479 1914 dignitas,

1906 1938 2081 1994 lector
2128 1944 2241 2004 est,
2289 1937 2489 1994 deinde
2529 1938 2929 2002 subdiaconus,
2963 1944 3157 2007 postea
3185 1936 3478 2000 diaconus,

1906 2037 2022 2084 tum
2055 2030 2366 2101 presbyter,
2393 2044 2456 2084 ac
2482 2024 2699 2084 demum
2722 2030 3038 2100 episcOpus.
3064 2026 3307 2098 Denique
3330 2026 3482 2097 prin-

1906 2121 2111 2191 cipium
2147 2119 2216 2177 de
2259 2136 2427 2177 causa
2477 2121 2722 2188 dicitur;
2790 2120 2957 2191 idque
3014 2119 3306 2176 trifariam.
3372 2120 3482 2173 Aut

1904 2213 2050 2268 enim
2083 2226 2252 2268 causa
2300 2212 2569 2269 naturalis
2616 2221 2723 2279 est,
2768 2219 2829 2267 ut
2868 2213 3203 2283 principium
3256 2210 3352 2266 lilii
3398 2222 3484 2266 est

1907 2310 2063 2373 pater
2114 2320 2129 2358 :
2180 2310 2276 2358 aut
2308 2302 2566 2367 eiiiciens,
2622 2309 2682 2358 ut
2719 2304 2798 2359 rei
2857 2303 3095 2357 condita:
3150 2300 3480 2371 principium

1907 2401 1993 2449 est
2030 2392 2283 2448 conditor
2310 2410 2326 2449 :
2380 2402 2477 2449 aut
2519 2393 2872 2463 exemplaris,
2902 2400 2962 2445 ut
2993 2392 3247 2461 imaginis
3278 2392 3483 2461 princi-

1904 2484 2057 2554 pium
2084 2493 2170 2539 est
2202 2482 2256 2538 id
2295 2498 2326 2539 a
2365 2498 2476 2554 quo
2509 2484 2689 2552 imago
2721 2481 2964 2537 ducitur.
3012 2480 3150 2535 Cum
3194 2481 3359 2551 igitur
3407 2487 3487 2533 tot

1907 2576 2086 2633 modis
2120 2576 2376 2647 principii
2428 2589 2628 2630 nomen
2680 2582 2954 2636 sumatur,
2983 2571 3036 2627 id
3083 2572 3302 2627 demum
3359 2586 3487 2626 vere

1906 2670 2161 2739 ἄναρχον,
2194 2669 2310 2724 sive
2332 2667 2589 2738 principii
2620 2681 2835 2737 expers,
2856 2662 3240 2734 dieituriquod
3272 2662 3485 2717 nullum

1906 2760 2239 2831 principium
2278 2757 2574 2829 agnoscit].
2613 2756 2848 2823 Quinam
2891 2755 3060 2825 igitur
3081 2753 3191 2808 duo
3219 2751 3488 2823 principia

1906 2866 2030 2907 esse
2052 2851 2158 2915 ais,
2187 2865 2309 2921 quae
2349 2849 2622 2920 principio
2655 2847 2919 2903 careant?
2956 2843 3123 2900 MAN.
3172 2844 3486 2899 Secundum

1908 2956 2104 2997 omnes
2150 2940 2290 2998 istos
2323 2938 2543 2995 modos.
2587 2937 2800 2994 ORTH.
2841 2936 2934 2992 Sic
2987 2936 3178 3006 utique
3224 2935 3345 2991 sine
3376 2935 3490 2988 ullo

229 3026 416 3097 αρχαὶ,
436 3027 537 3078 ποῦ
566 3027 598 3098 ἡ
633 3028 793 3097 φύσει
816 3028 1055 3101 προτέρα
1081 3030 1244 3101 ἁρχὴ,
1259 3031 1535 3085 τουτέστιν
1551 3034 1585 3103 ἡ
1605 3034 1773 3102 μονάς
1794 3051 1808 3097 ;

1916 3032 2191 3104 principio
2235 3041 2419 3086 erunt.
2457 3030 2659 3093 Verum
2708 3028 2972 3084 mentitus
3010 3044 3070 3083 es
3106 3036 3297 3083 contra
3326 3034 3491 3096 caput

233 3127 386 3174 tuum
414 3134 430 3172 :
459 3133 695 3189 cumque
732 3134 762 3173 a
801 3121 943 3175 falso
971 3121 1261 3191 inceperis,
1292 3121 1566 3178 infelicem
1596 3139 1813 3195 quoque
1852 3124 2012 3180 ﬁnem
2043 3124 2338 3180 obtinebis.
2364 3120 2646 3178 MANICH.
2691 3120 2795 3188 Qui
2826 3120 3084 3176 tandem?
3111 3118 3321 3175 ORTH.
3372 3117 3518 3182 Quo-

234 3211 403 3274 niam,
456 3224 581 3264 eum
629 3210 739 3265 duo
783 3212 1013 3279 dixeris,
1063 3228 1094 3268 a
1138 3230 1373 3271 numero
1425 3217 1705 3288 incepisti.
1780 3217 2035 3275 Binarius
2094 3226 2276 3273 autem
2335 3217 2670 3287 principium
2739 3229 2846 3271 non
2891 3223 2996 3271 est.
3066 3212 3269 3268 Binarii
3317 3207 3491 3281 siqui-

234 3301 357 3357 dem
409 3298 556 3354 aliud
615 3301 944 3371 principium
987 3310 1091 3365 est,
1133 3319 1331 3374 nempe
1387 3305 1597 3362 unitas.
1660 3306 1841 3373 Quare
1911 3322 2035 3363 cum
2060 3306 2128 3362 de
2157 3306 2430 3377 principio
2450 3305 2701 3367 disseris,
2721 3317 2888 3357 unum
2915 3301 3069 3356 dicas
3092 3309 3310 3372 oportet
3340 3302 3493 3371 prin-

234 3394 462 3465 cipium,
494 3407 603 3463 quo
631 3391 932 3463 perfectum
957 3395 1289 3466 principium
1320 3396 1414 3455 sit.
1447 3397 1646 3455 Unitas
1662 3400 1813 3456 enim
1850 3399 2052 3455 binarii
2078 3398 2408 3470 principium
2432 3406 2539 3454 est.
2571 3396 2630 3451 Si
2660 3397 2835 3466 igitur
2883 3394 2994 3449 duo
3020 3403 3150 3448 sunt
3203 3392 3493 3463 principia,

238 3490 464 3543 ubinam
499 3487 826 3559 principium
870 3488 1003 3545 illud
1050 3490 1176 3558 erit,
1221 3492 1364 3561 quod
1400 3501 1601 3548 natura
1632 3495 1809 3564 prius
1846 3494 1942 3561 sit,
1979 3495 2083 3549 hoc
2114 3502 2203 3549 est
2234 3492 2457 3549 unitas?

309 3580 369 3637 δ’.
409 3582 581 3638 ΜΛΝ.
622 3581 695 3634 Σὺ
742 3578 837 3635 οὖν
884 3586 1033 3652 τρεῖς
1068 3584 1397 3649 ὑποστάσεις
1438 3587 1655 3655 λέγειςς
1704 3588 1815 3642 Καὶ

243 3674 358 3737 πῶς
386 3673 589 3741 λέγεις,
607 3674 688 3727 ὅτι
711 3674 818 3727 άπὸ
850 3674 1075 3744 μονάδος
1100 3674 1182 3726 δεῖ
1207 3675 1499 3746 άρχεσθαι;
1574 3677 1722 3731 ΟΡΘ.
1749 3678 1814 3732 Ei

242 3765 335 3816 καὶ
358 3765 505 3832 τρεῖς
538 3762 863 3825 ὑποστάσεις
892 3762 1057 3830 λέγω,
1092 3762 1229 3816 ἀλλὰ
1256 3763 1385 3833 μίαν
1422 3765 1599 3836 ἀρχήν
1628 3783 1771 3837 φημι
1795 3780 1811 3799 ⁸

240 3852 416 3925 ἀρχὴν
449 3852 555 3923 γὰρ
592 3854 621 3907 ὁ
671 3851 860 3922 Πατὴρ
885 3851 1013 3905 Υἰοῦ
1060 3853 1157 3907 καὶ
1205 3853 1543 3924 Πνεύματος,
1578 3856 1639 3909 οὐ
1671 3856 1814 3910 κατὰ

239 3947 451 4017 χρόνον,
483 3942 619 3998 ἀλλὰ
646 3942 767 3996 κατ’
792 3941 992 3997 αἰτίαν.
1010 3942 1107 3995 Ἐκ
1138 3943 1350 4015 Πατρδς
1379 3944 1489 4016 γὰρ
1520 3945 1693 4013 Λόγος
1722 3945 1818 3999 καὶ

240 4035 490 4106 Πνεῦμα,
523 4036 572 4088 εἰ
602 4032 696 4088 xui.
732 4033 806 4105 μὴ
836 4032 976 4104 μετά
1004 4033 1469 4107 Πατέρα.”Ωσπερ
1494 4035 1602 4107 γὰρ
1629 4038 1694 4091 ὲκ
1719 4036 1815 4091 τοῦ

240 4128 410 4201 πυρὸς
442 4127 685 4197 φῶς,κα.ὶ
708 4126 767 4179 οὐ
790 4125 1110 4196 προτερεύει
1134 4126 1278 4181 κατὰ
1303 4128 1494 4198 χρόνον
1517 4129 1577 4183 τὸ
1595 4129 1706 4199 πῦρ
1723 4128 1818 4184 τοῦ

241 4220 421 4289 φωτός
442 4236 455 4249 ·
500 4219 762 4274 ἀδύνατον
786 4217 896 4290 γὰρ
922 4214 1064 4272 εἶναι
1094 4218 1205 4290 πῦρ
1231 4220 1562 4289 ἀφώτιστον
1596 4223 1740 4294 ἀρχὴ
1764 4222 1822 4277 δέ

2028 3589 2079 3645 4.
2122 3586 2290 3641 MAN.
2338 3587 2502 3656 Atqui
2539 3591 2599 3638 ιιι
2639 3597 2860 3653 quoque
2891 3589 3004 3635 tres
3043 3594 3308 3647 personas
3335 3578 3495 3636 dicis.

1918 3676 2060 3742 Quid
2085 3676 2253 3747 igitur
2278 3682 2385 3739 est,
2422 3688 2522 3726 cur
2562 3672 2631 3724 ab
2657 3670 2867 3724 unitate
2902 3668 3275 3737 incipiendum
3310 3668 3496 3723 dicas!

1917 3765 2128 3824 ORTH.
2158 3764 2275 3821 Etsi
2312 3771 2426 3819 tres
2454 3775 2718 3831 personas
2752 3760 2914 3826 dico;
2956 3766 3136 3813 tamen
3168 3758 3495 3828 principium

1919 3873 2090 3913 unum
2121 3871 2247 3912 esse
2276 3855 2384 3908 aio.
2410 3852 2571 3907 Pater
2599 3851 2745 3905 enim
2777 3849 2899 3904 Filii
2948 3857 3004 3904 et
3049 3848 3289 3917 Spiritus
3319 3848 3497 3903 sancti

1921 3949 2253 4021 principium
2283 3955 2403 4012 est;
2437 3958 2547 3998 non
2594 3941 2879 4011 temporis,
2910 3939 3008 3996 sed
3041 3954 3222 3995 causa:
3259 3940 3494 3994 ratione.

1924 4041 2206 4111 Siquidem
2246 4047 2300 4095 et
2354 4037 2528 4093 Filius
2564 4046 2619 4091 et
2662 4035 2898 4105 Spiritus
2944 4040 3175 4089 sanctus
3225 4047 3290 4086 ex
3336 4031 3499 4087 Patre

1925 4143 2089 4199 sunt,
2142 4148 2253 4187 non
2306 4139 2491 4187 tamen
2551 4135 2675 4200 post
2736 4126 2977 4182 Patrem.
3028 4125 3497 4191 Quemadmodum

1923 4241 1988 4282 ex
2017 4227 2141 4297 igne
2173 4225 2264 4279 lux
2291 4223 2486 4285 oritur,
2517 4236 2619 4276 nec
2652 4228 2834 4274 tamen
2866 4218 3010 4289 ignis
3042 4218 3220 4271 lucem
3256 4223 3498 4285 tempore

240 4313 381 4377 ἐστι,
414 4312 507 4365 καὶ
535 4311 683 4365 αἰτία
714 4310 774 4363 τὸ
804 4309 915 4381 πῦρ
959 4309 1053 4363 τοῦ
1104 4311 1165 4376 ἐξ
1212 4311 1375 4365 αὑτοῦ
1427 4314 1636 4382 φωτός·
1678 4314 1808 4369 οὖτα

1920 4318 2196 4373 antecedit
2230 4328 2433 4386 tneque
2473 4312 2620 4368 enim
2657 4310 2771 4365 ﬁeri
2806 4313 3018 4379 potest,
3073 4316 3134 4362 ιιι
3178 4307 3323 4378 ignis
3380 4306 3502 4361 luce

242 4404 338 4455 xui.
366 4404 394 4455 ό
423 4400 613 4472 Πατὴρ
661 4398 839 4472 ἀρχὴ,
874 4400 968 4453 καὶ
1015 4400 1164 4455 αἰτία
1216 4401 1312 4455 τοῦ
1358 4403 1533 4472 Λόγου
1584 4405 1680 4458 καὶ
1723 4404 1808 4459 τοῦ

1919 4415 2149 4480 careat),
2189 4422 2379 4463 verum
2413 4405 2555 4476 ignis
2588 4403 2815 4458 luminis
2850 4402 2995 4457 illius
3032 4401 3177 4471 quod
3203 4416 3267 4455 ex
3301 4415 3360 4454 se
3390 4398 3500 4453 ori-

242 4494 593 4563 Πνεῦματοςο
625 4494 690 4545 ὲκ
716 4492 812 4545 τοῦ
848 4491 1062 4562 Πατρὸς
1094 4493 1203 4564 γὰρ
1234 4492 1407 4562 Λόγος
1436 4496 1534 4549 καὶ
1563 4496 1808 4568 πνεῦμα·

1924 4513 2032 4566 tur,
2050 4500 2386 4572 principium
2413 4507 2582 4568 atque
2617 4511 2784 4551 causa
2818 4504 2901 4550 est
2933 4512 2947 4549 :
2983 4494 3172 4548 eodem
3206 4494 3370 4546 modo
3401 4490 3500 4544 Pa-

240 4586 305 4640 οὐ
335 4585 651 4657 προτερεύει
682 4584 738 4637 δὲ
764 4584 958 4657 χρόνῳ.
976 4583 1261 4639 Ἀδύνατον
1287 4589 1399 4659 γάρ
1424 4583 1565 4642 εἶναι
1591 4590 1808 4662 Πατέρα

1918 4602 2003 4650 ter
2030 4608 2252 4663 quoque
2316 4590 2483 4647 Verbi
2512 4598 2567 4645 et
2599 4587 2836 4660 Spiritus
2866 4587 3045 4644 sancti
3084 4584 3414 4656 principium
3449 4593 3502 4638 et

242 4676 310 4730 ἐκ
335 4675 429 4729 τοῦ
457 4674 609 4743 Υίοῦ,
642 4674 672 4743 ἢ
698 4676 894 4744 Λόγου,
929 4674 993 4727 ὲκ
1016 4673 1112 4727 τοῦ
1138 4675 1515 4748 Πνεῦματοςο.
1544 4679 1689 4735 Μίαν
1720 4677 1808 4735 οὖν

1922 4698 2089 4738 causa
2113 4691 2194 4739 est
2219 4682 2370 4753 (nam
2387 4689 2443 4738 et
2457 4680 2699 4736 Verbum
2721 4686 2776 4736 et
2802 4677 3044 4750 Spiritus
3061 4691 3128 4731 ex
3148 4674 3308 4730 Patre
3328 4672 3502 4743 sunt),

326 4816 343 4847 ι
402 4810 537 4868 Vide
571 4810 797 4867 Dialect.
823 4822 946 4881 cap.
974 4810 1005 4864 7
1048 4818 1102 4868 et
1121 4809 1210 4868 59.

1492 4975 1729 5033 VARUS
1787 4972 2189 5030 LECTIONES.

288 5134 319 5175 ιι
340 5133 467 5190 Haec
482 5136 643 5191 verba
665 5135 965 5192 Manichan
990 5134 1277 5204 tribuenda
1294 5143 1484 5190 censet
1502 5132 1696 5204 Billius
1722 5133 2291 5204 refragantibusmss.
2306 5172 2321 5195 ,
2348 5132 2428 5204 uti
2459 5146 2560 5204 nec
2588 5131 2705 5204 ipse
2725 5130 3031 5204 militetur;
3052 5146 3081 5183 a
3098 5128 3305 5204 quibus
3319 5134 3505 5204 tamen

247 5203 535 5277 discedere
568 5205 704 5277 nii_iil
736 5220 838 5261 nos
873 5206 1042 5276 cogit.
1105 5203 1367 5277 cLegis_s_e
1398 5206 1616 5277 videtur
1650 5203 1808 5277 Biliiu

1909 5207 2041 5269 ,κτὸς
2069 5203 2162 5277 τοῦ
2184 5203 2420 5277 Λόγου,ἦ
2456 5197 2649 5277 Λόγον,
2672 5202 2830 5277 sxto;
2858 5197 3505 5277 co§_llvediturog..Yertit

246 5276 443 5329 enim:
500 5284 558 5327 ut
626 5275 790 5329 Pater
844 5270 968 5329 sine'
988 5276 1159 5338 verbo,
1206 5270 1254 5327 ei
1299 5273 1522 5328 Verbum
1552 5275 1664 5327 sine
1694 5275 1884 5341 spiritu
1914 5276 2005 5329 sit.
2058 5276 2136 5329 Λιι
2192 5270 2335 5328 idin
2375 5270 2859 5344 cod._rcardinalis
2914 5270 3124 5344 Sirleti_
3158 5270 3371 5338 legerit,
3420 5278 3505 5344 me

247 5360 485 5413 prorsus
522 5346 676 5401 latet.
710 5346 910 5401 Verum
941 5347 1047 5399 alia
1095 5335 1343 5413 auctoris
1376 5358 1531 5398 mens
1552 5357 1674 5398 esse
1702 5335 1943 5400 ridetur.
1984 5344 2238 5400 Declarat
2266 5357 2465 5412 nempe
2506 5340 2822 5413 divinarum
2859 5335 3299 5413 Aprocessio‘nt‘im
3357 5335 3507 5413 ordi-

248 5402 402 5486 nem,
435 5431 547 5486 quo
576 5415 695 5471 ﬁeri
728 5416 941 5486 nequit,
971 5423 1034 5470 ut
1059 5414 1219 5469 Pater
1251 5411 1379 5469 Filii
1422 5413 1755 5486 principium
1791 5430 1906 5486 non,
1933 5416 2025 5475 sit.
2058 5422 2155 5468 aut
2188 5428 2216 5465 a
2250 5402 2463 5486 Spiritu
2499 5414 2698 5486 saneto
2733 5402 3330 5486 originemuaccipiat
3365 5402 3504 5486 Verf

249 5478 409 5537 bum.
445 5478 520 5541 De
555 5478 866 5540 divinarum
896 5478 1098 5557 quippe
1139 5478 1500 5557 personarum
1543 5478 1708 5557 unico
1736 5485 2009 5556 principio
2039 5478 2666 5555 disputat'Ortboduxus
2689 5522 2705 5551 ,
2738 5478 2849 5537 non
2890 5481 2958 5538 de
3003 5480 3222 5536 illarum
3258 5478 3399 5532 inter
3443 5485 3507 5527 se

247 5556 646 5612 communione
670 5553 929 5623 indivisa,
965 5553 1047 5613 de
1071 5553 1178 5626 qua
1203 5554 1345 5610 infra
1381 5553 1701 5612 disseritur.
1736 5553 1751 5556 '
1917 5553 1932 5556 “
2129 5553 2143 5555 ⁷
3112 5586 3115 5591 μ
