3930 6206
431 125 566 190 1511

1598 123 1661 182 S.
1693 120 2016 183 JOANNIS
2052 116 2487 186 DAMASCENI

3558 124 3679 189 151?

428 256 529 296 nec
562 245 1020 308 tamentempore
1044 236 1115 295 iis
1149 236 1435 308 antiquior
1470 245 1576 293 est.
1613 235 1798 307 Neque
1852 237 1997 292 enim

2126 239 2268 310 ιρχὴν
2297 240 2561 310 ὁμολογῶ,
2592 242 2667 304 ὡς
2702 243 2874 296 αίτιον
2904 242 3154 312 φυσικὸν,
3183 242 3275 295 τὸν
3310 234 3544 311 Πατέρα
3594 240 3681 293 ΜΒ.

428 330 549 385 lieri
586 338 765 401 potest
793 337 853 383 ut
882 327 1042 383 Pater
1078 344 1145 384 ex
1182 328 1326 384 Filio
1371 328 1484 392 sit,
1531 336 1626 382 aut
1656 328 1892 384 Verbum
1931 343 1998 383 ex

2126 345 2200 391 ron
2244 330 2339 383 atat
2381 331 2718 402 Πνεύματος.
2751 335 2822 387 Σὺ
2850 335 2904 386 δὲ
2942 335 3003 387 οὐ
3036 333 3217 402 λέγεις
3252 335 3315 385 ὲκ
3348 331 3451 385 τοῦ
3485 331 3679 399 ἀγαῦσίί

430 420 638 492 Spiritu
673 429 888 478 sancto.
923 419 1195 485 Quocirca
1225 420 1558 490 principium
1605 434 1773 473 unum
1823 418 1997 474 conli-

2100 421 2195 473 τὸν
2224 423 2484 494 πονηρὸν,
2511 424 2633 478 οὐδὲ
2655 425 2745 480 τὸν
2768 425 2971 494 ἀγαθὸν
2995 429 3059 478 ὲκ
3080 426 3178 479 τοῦ
3205 425 3479 496 πονηροῦ.

427 526 569 574 reor,
611 520 671 565 ut
698 510 863 566 Verbi
889 524 954 563 ac
980 508 1221 579 Spiritus
1242 510 1415 565 sancti
1444 521 1611 563 causa
1648 507 1917 563 naturalis
1951 506 2024 563 sit
2058 506 2241 567 Pater.
2263 512 2332 568 At
2362 520 2421 567 tu
2450 501 2551 569 nec
2575 514 2778 569 malum
2805 522 2870 569 ex
2892 514 3056 579 bono,
3081 530 3183 570 nec
3244 523 3449 572 rursus
3492 514 3685 570 bonum

428 617 495 657 ex
522 602 667 656 man
699 610 881 656 ortum
913 602 1114 657 habere
1142 602 1306 657 dicis.

499 693 553 748 5.
591 692 749 759 Quod
778 702 958 748 autem
989 692 1105 747 ﬁeri
1140 701 1395 762 nequeat,
1412 702 1473 749 ut
1502 694 1613 750 duo
1641 703 1820 752 vestra
1847 694 2005 766 prino

428 786 573 856 cipia
614 784 875 854 temporis
914 784 1129 839 ratione
1168 785 1440 855 principio
1475 795 1719 850 careant,
1751 786 1819 842 ad
1856 786 2005 842 hunc

430 875 651 931 modum
674 889 1093 945 cognoscemus.
1120 873 1278 940 Quod
1304 885 1481 931 ortum
1514 891 1623 931 non
1653 877 1867 945 habuit,
1900 877 2005 931 im-

2180 700 2241 751 ε’.
2272 696 2395 751 Ὀτι
2420 695 2479 750 δὲ
2508 696 2569 749 οὒ
2596 696 2738 750 κατὰ
2766 690 2959 767 χρόνον
2984 697 3253 768 ἀνάρχους
3291 690 3439 751 εἶναι
3471 698 3689 751 δυνατ>.ν

2107 785 2208 848 τὰς
2238 786 2359 840 καθ’
2391 786 2539 857 ὑμᾶς
2578 786 2673 840 δύο
2704 787 2901 857 ἀρχάς,
2930 786 3075 841 οὕτω
3117 788 3478 858 γνωσόμεθαο
3537 788 3600 839 τὸ
3627 790 3692 858 μὴ

2108 877 2418 949 ἀρξάμενον
2443 878 2536 931 τοῦ
2565 876 2727 945 εἶναι,
2749 872 3020 950 ἄτρεπτόν
3040 882 3187 932 ἐστιν
3207 890 3220 909 ⁴
3238 882 3288 934 εί
3312 880 3428 952 γάρ
3456 880 3689 950 ἐτράπη.

430 968 695 1024 mutabile
717 978 823 1023 est.
857 963 994 1021 Nam
1045 981 1094 1021 st
1125 974 1397 1021 mutatum
1447 974 1551 1032 est,
1598 966 1745 1021 haud
1777 967 2003 1022 omnino

2126 968 2168 1021 ὠ
2204 967 2481 1032 παντελῶς
2512 970 2660 1023 ἐστιν
2691 970 3306 1041 ἄναρχον.Τρεπόμενον
3324 972 3443 1042 γὰρ
3469 971 3535 1038 ἐξ
3562 969 3691 1024 ﬁmo

430 1068 555 1115 ortu
589 1066 763 1114 caret.
788 1056 1003 1115 Etenim
1026 1070 1153 1110 cum
1200 1056 1270 1111 ab
1308 1057 1644 1126 incorporeo
1683 1059 1737 1111 in
1780 1072 2008 1127 corpus,

432 1158 528 1205 aut
553 1152 623 1205 ab
653 1148 875 1205 informi
899 1149 957 1202 in
986 1145 1243 1211 formam,
1273 1155 1367 1200 aut
1398 1148 1467 1201 ab
1495 1147 1761 1202 immobili
1794 1148 1861 1202 ad
1891 1163 2010 1202 mo-

433 1251 572 1307 tum,
628 1249 723 1296 aut
752 1256 783 1294 a
830 1239 1015 1311 quiete
1058 1246 1113 1293 ct
1149 1238 1553 1308 tranquillitate
1608 1239 1661 1293 in
1714 1238 2007 1295 dissidium

433 1345 698 1401 mutatur,
741 1335 936 1405 incipit
958 1333 1075 1389 ﬁeri
1099 1333 1151 1388 id
1183 1332 1328 1402 quod
1357 1340 1483 1387 ante
1508 1347 1616 1387 non
1649 1341 1767 1387 erat
1794 1352 1807 1388 :
1834 1347 2010 1403 eoque

434 1428 494 1484 lit
557 1436 618 1483 ut
660 1442 838 1498 neque
879 1425 1151 1497 principio
1184 1432 1387 1489 careat,
1424 1439 1490 1478 eo
1521 1423 1669 1495 quod
1699 1438 1823 1478 cum
1857 1425 2008 1495 prius

434 1518 578 1573 initii
619 1531 817 1587 expers
846 1525 1015 1580 esset,
1044 1521 1289 1569 mutetur
1322 1513 1377 1567 in
1410 1513 1513 1566 hoc
1542 1512 1690 1583 quod
1716 1527 1841 1569 esse
1869 1513 2011 1567 inci—

2113 1058 2284 1129 μάτου
2315 1060 2395 1123 είς
2424 1058 2607 1129 σῶμα,
2643 1058 2676 1132 ἢ
2721 1061 2782 1126 ἐξ
2823 1062 3064 1115 άνειδέου
3098 1063 3176 1126 είς
3204 1058 3371 1128 εἶδος,
3401 1064 3438 1132 ἢ
3480 1064 3546 1127 ἐξ
3577 1064 3695 1115 ἀκι-

2110 1150 2280 1220 νήτου
2312 1150 2391 1211 είς
2418 1151 2655 1220 κίνησιν,
2689 1152 2724 1222 ἢ
2753 1152 2812 1217 ὲξ
2837 1154 3071 1223 ἡσυχίας
3101 1154 3134 1224 ἢ
3161 1154 3403 1231 ήρεμίας
3438 1155 3526 1217 είς
3573 1156 3691 1207 στάς

2110 1255 2217 1303 σιν,
2241 1237 2466 1309 ἄρχεται
2492 1239 2586 1293 τοῦ
2613 1239 2861 1309 γίνεσθαι
2885 1243 3026 1313 ὅπερ
3049 1244 3149 1297 οὐκ
3172 1238 3240 1314 ἦν
3264 1243 3551 1314 πρότερον
3569 1260 3581 1273 ·
3612 1245 3694 1297 καὶ

2109 1328 2210 1381 οὐκ
2238 1328 2384 1381 ἔστιν
2412 1330 2669 1400 ἄναρχον,
2695 1332 3028 1401 τρεπόμενον
3057 1333 3116 1397 ἐξ
3140 1334 3385 1404 άνάρχου
3417 1335 3506 1396 είς
3540 1334 3695 1405 ἀρχό.

2115 1436 2275 1491 μενον
2294 1436 2309 1451 °
2356 1420 2418 1473 τὸ
2459 1420 2569 1490 γὰρ
2616 1420 2787 1491 ἀρχὴν
2811 1421 3109 1493 λαμϐάνον,
3139 1424 3234 1477 καὶ
3258 1425 3580 1494 ἠργμένον,
3609 1426 3697 1477 οὐκ

2111 1512 2363 1581 ἄναρχον.
2438 1513 2613 1569 MAN.
2653 1513 2719 1566 Τί
2741 1509 2864 1579 οὖν;
2894 1515 2923 1566 6
2953 1516 3095 1569 κατά
3119 1515 3179 1568 σὲ
3200 1516 3335 1579 Θεὸς
3355 1516 3467 1569 οὐκ
3490 1516 3698 1584 ἐτράπη

434 1613 537 1684 pit.
572 1611 706 1667 Nam
745 1610 891 1682 quod
922 1611 1137 1665 initium
1167 1608 1335 1664 sumit
1378 1616 1433 1661 et
1464 1604 1691 1674 incepit,
1738 1604 2010 1674 principio

2126 1607 2379 1674 γεννήσας
2401 1604 2552 1668 Υἱδν,
2579 1606 2675 1659 καὶ
2704 1605 3036 1677 προαγαγὼν
3064 1606 3328 1677 Πνεῦμα;
3410 1604 3572 1659 ore.
3605 1608 3701 1657 οι.

435 1720 546 1760 non
601 1712 771 1759 caret.
827 1700 993 1756 MAN.
1044 1700 1188 1767 Quid
1242 1697 1451 1771 igitur?
1504 1695 1659 1750 Tuus
1699 1695 1795 1750 ille
1844 1695 2015 1767 Deus,

434 1782 620 1852 annon
660 1810 791 1850 cum
836 1792 1032 1847 Filium
1069 1792 1277 1862 genuit,
1313 1804 1376 1843 ac
1408 1786 1676 1857 Spiritum
1732 1786 2015 1856 produxit,

434 1885 793 1941 mutationem
834 1883 1049 1939 subiit?
1097 1880 1307 1937 ORTﬂ.
1350 1877 1601 1933 Minime.
1639 1875 1825 1946 Neque
1868 1878 2015 1932 enim

434 1973 586 2039 dico,
617 1989 743 2029 cum
776 1973 932 2044 prius
961 1971 1125 2027 Pater
1154 1986 1265 2027 non
1295 1976 1464 2035 esset,
1500 1967 1662 2039 532
1695 1975 1879 2037 postea
1913 1967 2017 2022 Pa-

2117 1696 2303 1766 δαμῶς
2323 1712 2337 1726 ο
2365 1697 2426 1749 οὐ
2454 1696 2564 1767 γὰρ
2595 1697 2760 1766 λέγω,
2787 1698 2862 1768 μὴ
2896 1698 2972 1751 ῶν
3000 1700 3266 1768 πρότερον
3289 1699 3520 1768 Πατὴρ,
3549 1697 3701 1749 ῦστε-

2121 1803 2211 1857 ρον
2236 1787 2425 1856 γέγονε
2460 1789 2678 1858 Πατήρ·
2716 1788 2831 1842 ἀλλ’
2859 1790 2946 1844 ἀεὶ
2983 1786 3072 1860 ἦν,
3105 1789 3245 1860 ἔχων
3282 1790 3344 1854 eg
3388 1784 3597 1842 ἑαυτοῦ
3622 1790 3703 1841 τὸν

2118 1878 2284 1931 αὐτοῦ
2310 1879 2503 1947 Λόγον,
2538 1884 2632 1934 καὶ
2660 1880 2747 1935 διὰ
2775 1880 2873 1935 τοῦ
2910 1882 3085 1950 Λόγου
3119 1881 3288 1935 αὑτοῦ
3335 1881 3401 1948 ἐξ
3445 1881 3621 1934 αὐτοῦ
3650 1881 3703 1932 τὸ

2116 1970 2344 2041 Πνεῦμα
2373 1972 2537 2026 αὐτοῦ
2563 1974 3015 2044 ἐκπορευόμενον.

434 2072 572 2123 trem
596 2082 722 2122 esse
742 2066 984 2122 factum:
1016 2065 1136 2129 sed,
1156 2078 1370 2136 semper
1394 2062 1634 2119 Verbum
1665 2072 1826 2117 suum
1848 2076 1915 2118 ex
1947 2077 2007 2118 se
2042 2063 2310 2134 genitum,
2343 2074 2398 2121 et
2450 2081 2548 2137 per
2575 2065 2817 2122 Verbum
2871 2081 3033 2123 suum
3094 2065 3360 2137 Spiritum
3431 2079 3609 2120 suum
3644 2079 3697 2119 ex

447 2173 509 2216 se
543 2158 928 2228 procedentem
962 2156 1241 2212 habuisse.

506 2252 560 2307 6.
600 2248 767 2304 MAN.
808 2249 947 2305 Cum
993 2249 1225 2318 posthac
1267 2246 1522 2303 universa
1557 2242 1783 2306 creavit,
1829 2254 2013 2296 annon

434 2352 677 2399 mutatus
706 2350 813 2402 est.
852 2340 1107 2394 conditor
1142 2353 1325 2393 rerum
1355 2338 1570 2395 factus?
1593 2334 1803 2393 ORTH.
1828 2333 2015 2388 Nulla-

434 2440 618 2488 tenus.
655 2429 819 2485 MAN.
848 2428 1031 2484 Eccur
1051 2428 1271 2484 tandem
1299 2429 1486 2485 istud?
1508 2427 1720 2485 ORTH.
1740 2424 2011 2492 Quoniam

437 2524 494 2579 id
526 2536 689 2577 omne
719 2521 867 2591 quod
898 2519 1163 2583 condidit,
1192 2528 1302 2573 nan
1333 2534 1399 2575 ex
1428 2518 1736 2574 substantia
1760 2531 1882 2581 sua,
1914 2513 2011 2571 sed

437 2628 537 2670 sua
570 2613 853 2668 voluntate
881 2627 949 2667 ex
990 2610 1164 2666 nihilo
1210 2609 1494 2680 produxit.
1548 2606 1715 2664 MAN.
1766 2609 1838 2662 At
1881 2620 2012 2663 vero

436 2717 565 2761 cum
594 2718 683 2760 res
711 2701 964 2759 conditas
1002 2704 1271 2758 exsistere
1305 2702 1503 2770 voluit,
1531 2716 1715 2757 annon
1764 2707 2009 2755 mutatus

436 2803 541 2858 est,
569 2808 693 2850 cum
726 2792 803 2859 id,
830 2791 983 2863 quod
1015 2800 1174 2847 antea
1206 2806 1317 2847 non
1352 2791 1601 2859 volebat,
1641 2791 1779 2846 velle
1802 2788 2010 2859 coepit?

2118 2246 2148 2274 τ’
2190 2247 2268 2307 ς’.
2306 2241 2480 2296 ΜΛΝ.
2519 2235 2653 2295 Εἶτα
2697 2241 2819 2295 οὐδὲ
2866 2243 3057 2307 κτίσας
3101 2242 3331 2312 ὕστερον
3366 2243 3467 2313 τήν
3493 2242 3694 2306 κτίσιν.

2118 2333 2333 2404 ἐτράπη
2397 2332 2728 2405 δημιουργὸς
2780 2334 3103 2405 γενόμενος;
3196 2335 3347 2389 ΟΡΘ.

2116 2424 2288 2479 MAN.
2330 2425 2456 2489 Πῶς
2501 2425 2660 2479 τοῦτο
2701 2425 2917 2494 λέγεις;
2994 2426 3147 2481 ΟΡΘ.
3176 2426 3302 2481 Ὀτι
3348 2429 3457 2481 οὐκ
3504 2430 3570 2481 ἐκ
3610 2427 3704 2499 τῆς

2116 2516 2303 2581 οὐσίας
2345 2516 2513 2570 αὐτοῦ
2553 2515 2653 2587 τὴν
2681 2516 2858 2571 κτίσιν
2888 2518 3227 2589 προήγαγεν,
3262 2517 3376 2571 ἀλλ’
3398 2518 3471 2571 ἐκ
3500 2517 3601 2572 τοῦ
3629 2522 3702 2591 μὴ

2113 2609 2266 2673 ὄντος
2310 2610 2391 2672 είς
2430 2607 2493 2661 τὸ
2536 2603 2702 2673 εἶναι,
2726 2607 3012 2679 Θελήματι.
3088 2609 3260 2663 MAN.
3299 2605 3426 2663 Εἶτα
3456 2612 3552 2664 ὅτε
3584 2613 3705 2680 ἠθέ-

2114 2701 2247 2771 λησε
2271 2700 2526 2769 γενέσθαι
2560 2700 2659 2771 τὴν
2689 2699 2891 2764 κτίσιν,
2914 2701 3014 2753 οὐκ
3040 2701 3277 2771 ἐτράπη,
3306 2699 3535 2770 θελήσας
3561 2704 3709 2773 ὅπερ

2115 2789 2217 2841 οὑκ
2238 2787 2396 2858 ἤθελε
2422 2788 2720 2858 πρότερον;
2800 2788 2950 2840 ΟΡΘ.
2994 2788 3259 2857 Οὐδαμῶς
3280 2799 3295 2816 ⁸
3331 2790 3393 2840 οὗ
3427 2791 3540 2858 γὰρ
3572 2792 3711 2862 πρὸ·

435 2884 647 2945 OR'I'H.
682 2883 1033 2955 Neutiqnam.
1065 2881 1185 2939 Non
1213 2884 1359 2938 enim
1383 2897 1508 2937 cum
1545 2882 1700 2953 prius
1723 2881 2011 2943 noluisset,

2126 2895 2274 2948 τερον
2319 2878 2395 2949 μὴ
2441 2877 2632 2943 Θέλων,
2666 2878 2893 2950 ὕστερον
2925 2874 3212 2949 ἠθέλησεν,
3240 2878 3364 2931 ἀλλ’
3402 2879 3498 2933 ἀεὶ
3527 2880 3707 2950 ἢθελεν

436 2986 630 3050 postea
654 2977 829 3032 voluit
858 2995 873 3032 :
907 2974 1006 3031 sed
1039 2989 1257 3045 semper
1278 2974 1384 3029 hoc
1411 2973 1609 3042 voluit,
1652 2980 1713 3026 ut
1751 2983 2018 3028 creaturae

2126 2971 2177 3024 ὲν
2220 2970 2298 3040 τῷ
2334 2970 2428 3023 ὑπ’
2452 2970 2618 3023 αὑτοῦ
2644 2969 2935 3043 ὡρισμένῳ
2960 2969 3134 3041 καιρῷ
3162 2970 3430 3037 γενέσθαι
3466 2971 3564 3041 τὴν
3600 2971 3706 3023 xti-

436 3071 653 3135 lierent,
676 3083 789 3140 quo
818 3069 937 3139 ipse
972 3075 1221 3136 tempore
1254 3066 1643 3121 constituerat.

508 3161 563 3216 Ἰ.
597 3158 716 3214 Jam
763 3158 911 3229 quod
945 3174 1014 3213 ne
1057 3155 1280 3226 quidem
1324 3155 1434 3210 duo
1481 3168 1604 3209 esse
1643 3153 1878 3223 possint,
1925 3152 2020 3222 qui

438 3250 713 3322 principio
778 3248 1081 3303 secundum
1139 3248 1321 3301 locum
1390 3252 1640 3308 careant,
1692 3244 1797 3298 hoc
1858 3243 2023 3297 modo

439 3339 859 3411 perspiciemus.
895 3336 1013 3389 Duo
1042 3337 1171 3401 ista,
1202 3342 1299 3388 aut
1330 3335 1565 3388 alterum
1589 3334 1645 3387 in
1662 3334 1837 3388 altero
1860 3340 2022 3387 clunt

441 3433 522 3500 (at
566 3425 907 3496 impossibile
936 3431 1022 3479 est
1074 3432 1134 3477 ut
1169 3424 1263 3477 lux
1289 3430 1345 3478 et
1386 3423 1628 3477 tenebrae
1675 3422 1837 3477 simul
1874 3423 2023 3475 exsi-

440 3526 625 3584 stant;
671 3532 799 3573 cum
850 3516 989 3571 lucis
1023 3514 1319 3586 praesentia
1378 3512 1637 3569 tenebras
1688 3513 1899 3583 pellat),
1930 3521 2025 3568 aut

440 3619 737 3680 utrumque
770 3606 1006 3663 seorsim
1036 3607 1093 3660 in
1136 3605 1257 3660 loco
1291 3604 1517 3675 proprio
1564 3612 1669 3660 est.
1718 3603 2026 3674 Utrumque

439 3701 608 3771 igitur
639 3715 741 3755 suo
760 3699 887 3753 loco
911 3696 1420 3760 circumscribetur,
1452 3705 1617 3766 atque
1642 3695 1805 3750 unius
1832 3694 2025 3750 termi-

440 3805 569 3856 nus,
601 3788 830 3844 alterius
876 3788 1099 3843 initium
1130 3786 1257 3842 erit.
1296 3784 1499 3841 Verum
1534 3785 1649 3841 ﬁeri
1682 3801 1793 3841 non
1845 3790 2027 3856 potest

441 3886 575 3959 quin
609 3885 795 3940 lumen
835 3882 1080 3939 tenebris
1123 3878 1517 3943 admisceatur,
1554 3880 1660 3936 nisi
1708 3880 1913 3950 aliquid
1954 3878 2028 3934 sit

441 3976 825 4047 interiectum,
874 3973 1025 4045 quod
1079 3972 1373 4042 utriusque
1422 3971 1870 4041 conjunctionem
1925 3970 2028 4024 im-

442 4070 649 4142 pediat.
682 4064 835 4138 Opus
884 4066 1070 4134 itaque
1125 4061 1319 4127 fuerit,
1357 4071 1473 4117 tum
1521 4064 1695 4117 lucem
1740 4061 2028 4131 ipsiusque

444 4164 649 4227 locum,
679 4170 794 4213 turn
836 4157 1093 4213 tenebras
1136 4154 1493 4225 ipsarumque
1543 4155 1724 4208 locum
1769 4169 1929 4219 esse;
1963 4167 2028 4210 ac

2120 3078 2225 3116 σιν.

2189 3150 2253 3215 ζ’.
2291 3151 2417 3204 Ὅτι
2444 3151 2503 3204 δὲ
2525 3150 2646 3204 οὐδὲ
2678 3151 2822 3204 κατὰ
2852 3152 3017 3204 τόπον
3050 3148 3281 3204 δυνατὸν
3321 3150 3424 3205 δύο
3451 3146 3594 3204 εἶναι
3624 3154 3706 3205 ἀνα

2122 3242 2342 3313 άρχοος,
2384 3240 2529 3294 οὕτω
2566 3242 2922 3313 γνωσόμεθα⁹
2972 3242 3040 3296 τά
3087 3242 3203 3306 δύο,
3253 3242 3292 3311 ἦ
3345 3245 3406 3295 ὲν
3464 3243 3702 3315 ἀλλήλοις

2122 3333 2285 3386 είσίνο
2316 3332 2579 3387 ἀδύνατον
2604 3333 2662 3385 δὲ
2691 3334 2826 3402 φῶς,
2850 3333 2945 3386 καὶ
2968 3333 3161 3396 σκότος
3180 3335 3238 3385 ὲν
3261 3334 3531 3403 ἀλλήλοις
3558 3331 3695 3386 εἶναι·

2122 3422 2300 3494 φωτὸς
2327 3424 2435 3495 γάρ
2464 3425 2759 3495 παρουσία,
2800 3427 2986 3488 σκότος
3008 3425 3218 3479 διαλύει
3240 3438 3255 3455 ⁶
3292 3426 3326 3496 ἢ
3361 3425 3600 3478 ἕκαστον
3618 3426 3699 3479 αὒ-

2122 3517 2230 3571 τῶν
2277 3519 2337 3571 ὲν
2384 3517 2465 3588 τῷ
2516 3517 2772 3581 ἰδιάζοντι
2801 3516 2951 3587 τόπῳ
2982 3516 3121 3570 ὲστί.
3156 3516 3587 3587 Περιορξζονται
3622 3513 3708 3568 οἲν

2124 3608 2355 3664 ἕκαστον
2381 3611 2439 3663 ὲν
2461 3608 2541 3679 τῷ
2572 3608 2687 3678 ἰδίῳ
2713 3609 2882 3679 τόπῳ,
2908 3608 3003 3662 καὶ
3029 3608 3092 3662 τὸ
3117 3608 3274 3672 τέλος
3295 3609 3393 3662 τοῦ
3424 3610 3592 3661 τόπου
3618 3606 3711 3660 τοῦ

2126 3701 2265 3766 ἑνὸς,
2295 3700 2441 3772 ἀρχὴ
2475 3699 2570 3753 τοῦ
2615 3699 2801 3770 ἑτέρου
2840 3700 3050 3768 γίνεται
3077 3716 3094 3731 ο
3126 3700 3265 3753 άλλὰ
3320 3701 3417 3754 καὶ
3454 3700 3712 3753 ἀδύνατον

2125 3792 2359 3862 ἄμικτον
2387 3786 2528 3845 είναι
2555 3790 2634 3861 τῷ
2664 3792 2845 3843 σκότει
2873 3791 2933 3843 τὸ
2960 3790 3098 3860 φῶς,
3134 3792 3211 3863 μὴ
3233 3791 3390 3855 ὄντος
3420 3792 3576 3854 τινὸς
3608 3792 3713 3843 διεδ

2127 3881 2470 3953 φράγματος,
2512 3880 2606 3934 τοῦ
2659 3881 2959 3945 κωλύοντος
2999 3881 3382 3952 ωγκραθῆναι
3439 3882 3712 3951 ἀλλήλοις.

2126 3973 2249 4044 Χρὴ
2277 3972 2371 4026 οῦν
2402 3968 2542 4026 εἶναι
2570 3971 2631 4025 τὸ
2660 3972 2797 4041 φῶς,
2827 3972 2924 4026 καὶ
2966 3973 3059 4026 τὸν
3089 3974 3255 4025 τόπον
3297 3972 3498 4035 αὐτοῦ,
3528 3974 3629 4025 καὶ
3668 3973 3720 4022 τὸ

2130 4065 2321 4128 σκότος
2348 4065 2565 4118 καὶτὸν
2600 4064 2765 4118 τόπον
2812 4064 2998 4129 αὐτοῦ,
3038 4066 3133 4117 καὶ
3178 4063 3239 4117 τδ
3284 4064 3630 4135 διάφραγμα
3670 4065 3724 4115 τὸ

2128 4157 2454 4227 διατειχίζον
2498 4158 2591 4209 καὶ
2636 4156 2871 4227 διορίζον
2904 4157 3137 4210 ἑκάστου
3168 4157 3347 4209 αὐτῶν
3378 4161 3479 4210 τὸν
3515 4159 3685 4211 τόπον
3706 4174 3719 4186 ·

441 4253 681 4322 denique
713 4250 767 4304 id
798 4248 948 4321 quod
978 4248 1271 4316 interiectu
1310 4260 1413 4301 suo
1445 4246 1728 4315 utriusque
1752 4244 2018 4315 regionem

2134 4248 2227 4301 καὶ
2254 4247 2488 4314 ἔσονται,
2522 4248 2583 4301 οὐ
2612 4247 2704 4301 δύο
2729 4249 2918 4318 ἀρχαὶ,
2956 4248 3091 4301 ἀλλὰ
3131 4248 3312 4301 πέντε.

443 4344 651 4399 dirimit
681 4350 735 4397 et
775 4341 1034 4397 secernit.
1071 4339 1303 4408 ltajam,
1341 4352 1449 4393 non
1481 4339 1611 4404 duo,
1657 4338 1753 4394 sed
1786 4338 2029 4408 quinque

443 4433 710 4506 principia
746 4440 927 4488 erunt.

482 4523 569 4583 .8.
604 4521 770 4588 MAN.
832 4522 976 4588 Quid
1028 4522 1236 4592 igitur?
1272 4535 1456 4575 annon
1507 4520 1697 4577 eadem
1758 4523 1813 4576 in
1872 4532 2026 4577 tuum

444 4628 666 4685 quoque
692 4613 886 4676 Deum,
918 4611 1152 4681 ejusque
1184 4609 1412 4674 Filium,
1454 4620 1619 4682 atque
1653 4612 1827 4681 ipsius
1851 4611 2028 4682 Spiri-

443 4712 563 4759 tum
620 4702 857 4758 cadent?
910 4700 1124 4756 ORTH.
1184 4700 1429 4758 Minime.
1486 4700 1675 4772 Neque
1734 4701 1879 4755 enim
1928 4716 2028 4772 ego

443 4796 614 4853 Deum
654 4795 710 4849 in
740 4794 864 4849 loco
901 4807 1027 4849 esse
1064 4791 1211 4848 dico.
1249 4790 1590 4858 Quantitatis
1628 4790 1775 4846 enim
1810 4798 1895 4845 est
1928 4806 2027 4845 ex-

442 4903 595 4959 pers,
646 4894 811 4956 atque
865 4884 1362 4955 incomprehensus
1405 4899 1420 4937 :
1458 4896 1562 4937 nec
1603 4890 1716 4937 tres
1759 4896 2027 4951 personas

443 4980 587 5035 inter
614 4993 676 5035 se
700 4976 1010 5047 disiunctas
1055 4991 1180 5032 esse
1224 4988 1437 5031 assero.
1471 4972 1697 5039 Verum,
1733 4973 1810 5027 uti
1842 4987 2029 5027 sermo

441 5070 539 5142 qui
573 5084 642 5127 ex
688 5076 871 5124 mente
902 5067 1161 5139 gignitur,
1194 5067 1265 5122 ab
1295 5080 1360 5120 ea
1391 5079 1502 5120 non
1533 5064 1770 5127 excedit,
1812 5078 1913 5118 nec
1940 5077 2027 5117 se-

434 5161 711 5233 iungitur,
747 5159 843 5216 sed
864 5161 920 5215 in
951 5161 1068 5230 ipsa
1099 5168 1183 5214 est
1214 5175 1229 5213 :
1262 5157 1329 5211 ad
1362 5155 1616 5224 eumdem
1651 5169 1871 5225 quoque
1909 5168 2029 5207 mo-

444 5252 574 5307 dum
602 5250 774 5308 Filius
796 5260 849 5308 et
871 5251 1111 5322 Spiritus
1142 5259 1370 5305 sanctus
1407 5263 1473 5303 ex
1502 5246 1664 5302 Patre
1687 5257 1740 5301 et
1768 5247 1822 5301 in
1864 5245 2027 5300 Patre

444 5350 596 5397 sunt.
628 5340 749 5396 Una
777 5343 923 5397 enim
964 5340 1271 5398 substantia
1322 5346 1429 5401 est,
1460 5352 1561 5392 nec
1606 5351 1637 5389 a
1684 5351 1746 5391 se
1791 5335 2022 5390 invicem

444 5445 695 5500 personae
747 5439 1114 5502 separantur;
1164 5427 1630 5501 quemadmodum
1679 5440 1780 5481 nec
1823 5425 2023 5481 mentis

447 5521 735 5578 facultates
766 5523 840 5580 ab
872 5536 936 5579 ea
972 5522 1208 5579 distrahi
1248 5528 1477 5592 qucunt.
1535 5518 1698 5575 Modo
1744 5517 2020 5590 siquidem

2200 4520 2270 4583 η’.
2311 4514 2482 4568 ΜΔΝ.
2525 4514 2589 4567 Τί
2620 4509 2732 4578 οὖν,
2761 4514 2790 4565 6
2818 4513 2961 4567 κατὰ
2991 4513 3051 4567 σὲ
3078 4514 3229 4579 Θεὸς,
3260 4515 3355 4567 καὶ
3384 4516 3416 4567 6
3452 4516 3586 4579 Υἱὸς
3642 4516 3727 4568 αό-

2130 4604 2245 4669 τοῦ,
2282 4608 2371 4658 καὶ
2404 4607 2463 4659 τὸ
2494 4607 2713 4677 Πνεῦμα
2744 4607 2932 4671 αὐτοῦ,
2956 4608 3018 4659 οὺ
3066 4610 3177 4671 τοῖς
3221 4609 3414 4671 αὐτοῖς
3471 4624 3727 4681 παραιτεο

2130 4694 2379 4762 σοῦνται;
2456 4697 2610 4754 ΟΡΘ.
2650 4698 2945 4769 Οὐδαμῶς·
2998 4699 3110 4767 ἐγὼ
3147 4701 3255 4771 γάρ
3302 4702 3405 4754 οὐκ
3458 4705 3527 4755 ἐν
3582 4704 3729 4768 τόπῳ

2132 4788 2275 4859 φημὶ
2304 4783 2441 4841 εἷναι
2481 4789 2541 4841 τὸ
2570 4776 2759 4844 Θεῑονἰ
2804 4790 3008 4844 ἄποσον
3036 4792 3145 4863 γὰρ
3195 4793 3289 4845 καὶ
3336 4794 3728 4865 ἀπερίληπτὼ

2129 4880 2313 4934 ἐστιν’
2344 4880 2465 4935 οὐδὲ
2503 4881 2915 4952 κεχωρισμένας
2945 4884 3189 4954 ἀλλήλων
3224 4885 3369 4954 φημὶ
3421 4885 3537 4949 τὰς
3586 4886 3731 4957 τρεῖς

2133 4970 2457 5034 ὑποστάσεις
2471 4988 2494 5026 .·
2524 4971 2641 5025 ἀλλ’
2672 4971 2861 5045 ὥσπερ
2888 4975 2917 5026 6
2946 4976 3104 5044 λόγος
3147 4977 3212 5029 ἐκ
3245 4975 3342 5028 τοῦ
3381 4976 3487 5029 νοῦ
3520 4977 3728 5045 γεννώ-

2134 5078 2314 5129 μενος,
2341 5061 2440 5113 οὐκ
2472 5062 2700 5134 ἐκφοιτᾷ
2725 5063 2783 5129 ἐξ
2812 5064 3001 5127 αὑτοῦ,
3026 5065 3144 5117 οὐδὲ
3169 5064 3500 5136 χωρίζεται,
3532 5066 3663 5120 ἀλλ’
3681 5063 3736 5127 ἒξ

2129 5151 2294 5204 αὑτοῦ
2329 5155 2603 5221 γεννᾶται,
2632 5155 2727 5207 καὶ
2757 5157 2814 5209 ἐν
2840 5156 2987 5229 αὐτῷ
3010 5158 3178 5220 ἐστιν,
3210 5158 3385 5221 οῦτως
3414 5160 3447 5210 ὀ
3476 5159 3620 5221 Υἱὸς
3648 5158 3734 5209 καὶ

2127 5241 2189 5295 τὸ
2225 5240 2450 5311 Πνεῦμα
2500 5243 2565 5296 ἐκ
2610 5242 2705 5297 τοῦ
2744 5246 2956 5318 Πατρός
2984 5249 3111 5310 είσι,
3144 5249 3239 5301 καὶ
3283 5250 3343 5301 ἐν
3389 5249 3580 5319 αὐτῷ.
3620 5246 3738 5299 Μία

2130 5331 2239 5403 γάρ
2260 5332 2437 5395 οὐσία,
2469 5333 2565 5385 καὶ
2598 5334 2926 5400 ὑποστάσεις
2949 5337 3281 5403 ἁδιάστατοι,
3305 5337 3497 5407 ἐπειδὴ
3546 5339 3613 5388 αἱ
3644 5335 3742 5387 δυο

2126 5428 2321 5498 νάμεις
2362 5428 2457 5480 τοῦ
2501 5427 2594 5481 νοῦ
2635 5430 2948 5485 άδιάστατοι
2992 5432 3157 5486 αὑτοῦ
3203 5428 3745 5500 εἰσινΩΥπερφοῶς

2128 5518 2236 5587 γὰρ
2266 5517 2294 5571 6
2321 5516 2490 5586 Λόγος
2523 5518 2616 5572 καὶ
2660 5519 2721 5573 τδ
2768 5520 3015 5594 Πνεῦμα,
3057 5521 3151 5576 καὶ
3175 5521 3438 5591 δυνάμεις
3470 5520 3608 5573 εἰσὶ
3646 5517 3745 5571 τοῦ
