3930 6206
220 288 342 351 1513

1204 279 1580 341 DIALOGUS
1620 276 1911 337 CONTRA
1954 271 2433 334 MANICHAZOS.

3331 265 3465 333 1514

219 395 415 465 Πατρὸς
443 393 842 462 ἀνεκφοὶτητοι,
867 392 959 445 καὶ
985 392 1306 451 ὑποστάσεις
1326 389 1529 440 τελεῖαι
1548 403 1560 416 ’
1589 386 1775 456 ἐπειδὴ

1888 394 2123 437 naturam
2178 372 2566 451 exsuperante,
2619 379 2854 436 Verbum
2908 387 2965 435 et
3026 380 3286 451 Spiritus,
3341 391 3459 437 tum

216 488 400 557 πρέπει
428 488 528 548 τὰς
559 486 652 538 τοῦ
684 484 979 553 ὑπερφυῶς
1009 484 1144 535 Θεοῦ
1192 483 1449 551 δυνάμεις
1480 477 1771 549 ὑπερφυῶς

212 573 340 627 εἶναι
364 572 712 632 ὑποστάσεις.
740 571 829 624 Διὸ
879 572 929 623 εί
973 572 1067 624 καὶ
1104 572 1253 640 τρεῖς
1278 568 1623 633 ὑποστάσεις,
1651 566 1775 619 ἀλλ’

212 658 284 725 εἷς
311 663 464 729 Θεὸς,
490 664 582 716 καὶ
608 663 670 715 οὐ
698 665 866 733 τρεῖς.
883 663 943 714 Ὀ
972 661 1082 732 γὰρ
1115 661 1238 723 νοῦς
1269 660 1364 713 καὶ
1388 660 1564 726 λόγος,
1590 658 1684 710 καὶ
1719 658 1778 709 τὸ

212 752 420 822 πνεῦμα
452 751 636 816 αὑτοῦ,
665 747 744 814 εἷς
770 751 913 814 νοῦς,
938 752 1033 804 καὶ
1050 751 1111 803 οὑ
1138 752 1288 821 τρεῖς
1313 749 1459 811 νόεςδ
1491 747 1567 808 ὡς
1594 745 1655 798 τὸ
1679 761 1779 813 (ρυ-

212 842 294 892 τὸν
324 839 418 892 τοῦ
456 838 634 909 ῥόδου,
675 840 857 893 καὶτὸ
889 839 1071 902 ἄνθος,
1114 838 1210 891 καὶ
1248 840 1282 907 ἡ
1314 834 1513 888 εὐωδία
1545 834 1777 887 ἑκάστου

213 928 404 993 αὐτῶν,
432 930 583 1000 ῥόδον
613 930 851 997 λέγεται,
871 928 967 981 καὶ
993 928 1108 981 ἐστι
1127 945 1142 960 ο
1164 928 1259 981 καὶ
1287 928 1347 979 οὐ
1378 926 1503 995 τρία
1536 925 1664 994 ῥόδα
1698 924 1781 978 λέ-

212 1038 388 1099 γονται
409 1022 469 1074 ἐν
498 1024 565 1092 τῇ
592 1022 1008 1092 συναριθμήσει,
1034 1019 1172 1073 ἀλλά
1208 1018 1358 1089 ῥόδον
1386 1019 1419 1086 ἡ
1462 1016 1605 1087 ῥίζα,
1621 1016 1714 1068 καὶ
1751 1017 1781 1068 6

214 1111 418 1178 κλάδος,
442 1112 537 1165 καὶ
563 1112 624 1164 τὸ
651 1112 832 1175 ἄνθος.

1880 473 2274 543 inseparabiles
2303 473 2478 527 Patris
2518 472 2805 527 facultates
2836 480 2990 537 sunt,
3032 483 3146 528 tum
3201 474 3461 546 perfecta!

1881 579 2151 633 personat.
2211 564 2653 617 Consentaneum
2699 562 2901 632 quippe
2956 570 3062 627 est,
3119 574 3176 617 ut
3223 566 3317 635 qui
3368 565 3465 620 Dei

1884 666 2137 710 naturam
2192 671 2411 711 omnem
2462 654 2779 710 excedentis
2828 656 3061 711 virtutes
3104 668 3256 721 sunt,
3301 658 3466 712 modo

1886 746 2111 816 perinde
2143 754 2337 799 natura
2372 745 2692 800 sublimiore
2725 759 2972 813 persona:
3030 748 3163 800 sint.
3218 747 3339 812 Quo
3407 748 3467 800 tit

1889 847 1948 889 ut
1989 838 2113 892 licet
2150 846 2265 893 tres
2304 838 2416 892 sint
2448 850 2718 906 personae,
2746 853 2892 892 unus
2938 845 3121 891 tamen
3170 837 3314 893 Deus
3370 840 3465 905 sit,

1886 941 1997 981 non
2039 937 2170 984 tres.
2209 928 2361 982 Mens
2396 928 2541 981 enim
2576 934 2631 981 et
2666 928 2893 982 verbum
2927 937 2980 981 et
3013 929 3185 997 ipsius
3217 930 3465 998 Spiritus,

1889 1032 1998 1071 una
2023 1033 2179 1073 mens
2206 1026 2309 1081 est,
2337 1034 2444 1072 non
2488 1027 2601 1072 tres
2635 1024 2847 1072 mentes
2872 1037 2885 1071 :
2924 1020 3069 1073 sicut
3104 1035 3301 1090 nempe
3328 1037 3469 1076 rosa:

1887 1108 2097 1176 planta,
2122 1119 2175 1164 et
2200 1109 2322 1172 llos,
2359 1119 2415 1163 et
2446 1109 2763 1179 irawutia,
2808 1109 3004 1163 horum
3034 1111 3291 1182 quodque
3337 1128 3465 1167 rosa

217 1204 427 1268 dicitur,
461 1210 661 1269 etest;
703 1218 805 1258 nec
849 1211 1032 1257 tamen
1087 1210 1199 1255 tres
1253 1214 1391 1255 rosa:
1439 1197 1779 1254 numerando
1815 1198 2095 1268 dicuntur,
2136 1202 2232 1256 sed
2273 1216 2421 1267 rosa,
2446 1218 2569 1272 quae
2601 1203 2781 1268 radix,
2816 1210 2874 1257 et
2910 1204 3193 1271 surculus,
3250 1214 3306 1260 et
3367 1207 3467 1261 llos

214 1298 443 1352 exsistit.

284 1389 346 1443 θ’.
375 1389 495 1441 Ὀτι
532 1386 588 1440 δὲ
629 1386 749 1438 οὐδὲ
786 1384 929 1438 κατά
969 1383 1186 1452 ἀξίωμα.
1211 1382 1306 1436 καὶ
1332 1384 1528 1453 κράτος
1558 1381 1773 1435 ἔσονται

214 1474 300 1532 δύο
326 1478 515 1549 ἀρχαὶ,
530 1476 672 1529 οὕτω
693 1474 1053 1545 γινώσκομεν.
1083 1473 1187 1526 Δύο
1212 1472 1407 1543 μόνονά
1430 1473 1619 1537 ὄντων,
1640 1470 1775 1524 Θεοῦ

213 1570 301 1623 καὶ
324 1568 477 1637 ὕλης,
498 1566 531 1636 ἢ
572 1569 600 1619 6
642 1566 827 1635 ἓτερος
850 1565 945 1616 τοῦ
969 1563 1158 1633 ἑτέρου
1184 1562 1427 1631 ἐκράτει,
1451 1561 1546 1614 καὶ
1580 1557 1778 1631 ἦρχεν,

213 1664 244 1731 ἥ
266 1662 354 1714 καὶ
373 1658 508 1713 ἄλλα
528 1654 668 1728 ἦσαν
687 1657 756 1710 τὰ
773 1654 1191 1722 ὑποτασσόμενα
1213 1653 1315 1705 ὑπὸ
1336 1652 1443 1705 τῶν
1467 1650 1560 1704 δύο
1576 1651 1782 1721 ἀρχῶν,

215 1752 449 1805 συναῖδια
492 1749 679 1810 αὑταῖς
700 1763 713 1778 ⁸
759 1748 852 1800 καὶ
903 1746 962 1798 οὐ
1009 1744 1102 1797 δύο
1145 1743 1302 1813 μόνον
1351 1744 1565 1796 ἔσονται
1593 1781 1609 1805 ,
1650 1741 1787 1795 ἀλλὰ

212 1840 429 1893 πλείονα
445 1854 461 1869 ·
483 1837 575 1889 δύο
598 1836 697 1902 μὲν
718 1836 786 1889 τὰ
808 1834 1068 1904 ἄρχοντα,
1091 1834 1255 1903 ἔτερα
1278 1833 1336 1885 δὲ
1373 1834 1441 1886 τὰ
1479 1833 1779 1903 ἀρχόμενα.

214 1932 282 1984 Ἥ
303 1932 351 1983 εἰ
377 1928 452 1999 μὴ
475 1923 616 1998 ἦσαν
637 1926 705 1979 τὰ
727 1927 1007 1996 ἀρχόμενα
1033 1925 1282 1978 συναῖδια
1304 1925 1436 1991 ,ταῖς
1475 1924 1692 1994 ἀρχαῖς,
1714 1920 1783 1995 ἦν

211 2039 336 2075 ποτε
355 2021 566 2091 χρόνος,
589 2019 678 2071 ὅτε
698 2018 799 2071 οὐκ
818 2014 959 2086 ἦσαν
980 2016 1162 2085 ἀρχαί.
1239 2017 1412 2069 ΜΛΝ.
1452 2012 1582 2069 Εἶτα
1600 2017 1693 2068 κα)⁸
1706 2016 1784 2086 τῷ

206 2113 287 2184 σῷ
309 2112 446 2183 Θεῷ,
464 2111 523 2163 οὐ
550 2112 620 2162 τὰ
644 2110 784 2161 αὐτὰ
809 2125 871 2161 συ
880 2108 1146 2177 μὸήσεται
1174 2125 1188 2173 ;
1215 2108 1248 2178 ἢ
1274 2108 1379 2177 γὰρ
1406 2106 1675 2171 συναῖδιος
1694 2108 1785 2161 αὐ-

211 2200 390 2275 τῷῆν,
414 2203 447 2272 ἢ
469 2200 777 2270 ὑποχείριος
798 2199 946 2268 αὑτῷ
982 2201 1013 2268 ἡ
1056 2198 1319 2268 κτίσις³ἢ
1353 2196 1421 2268 ἦν
1458 2200 1649 2269 καιρὸς
1694 2200 1783 2252 ὅτε

208 2297 307 2349 οὐκ
340 2291 528 2365 ἦρχεν.
606 2291 755 2344 ΟΡΘ.
798 2292 910 2360 Οὐχ
942 2289 1220 2351 οὖτως.Ίι
1248 2288 1347 2358 μὲν
1379 2289 1489 2359 γὰρ
1513 2290 1689 2351 κτίσις
1721 2290 1781 2342 οὐ

213 2387 473 2448 ωναῖδιος
495 2384 643 2453 αὑτῷ
663 2401 675 2411 ·
703 2383 791 2436 ἀεὶ
823 2382 880 2434 δὲ
919 2382 1013 2434 καὶ
1053 2379 1259 2450 Κύριος
1280 2375 1370 2449 ἦν,
1400 2382 1495 2433 καὶ
1517 2379 1671 2434 ἔσται
1698 2380 1785 2444 ἐξ·

211 2477 475 2539 ουσιάζων
493 2476 556 2527 ὲκ
574 2474 667 2527 τοῦ
696 2474 771 2543 μὴ
794 2473 944 2534 ὄντος
966 2472 1045 2534 εἰς
1064 2471 1124 2523 τὸ
1145 2467 1287 2524 εἶναι
1305 2473 1575 2539 παράγειν
1595 2472 1784 2536 οὐσίας

216 2566 299 2635 τῷ
322 2566 479 2633 Λόγῳ
509 2563 672 2617 αὐτοῦ
698 2566 791 2616 καὶ
820 2563 898 2633 τῷ
936 2561 1211 2632 Πνεύματι
1244 2562 1338 2615 τοῦ
1383 2564 1651 2632 στόματος
1685 2564 1785 2617 αὐ-

207 2656 322 2709 τοῦ.
344 2656 479 2708 Οὔτε
510 2657 566 2709 δὲ
601 2659 629 2707 6
663 2656 835 2721 Λόγος
870 2655 1034 2707 αὑτοῦ
1059 2654 1414 2724 προφορικὸς,
1443 2655 1559 2707 ἀλλ’
1584 2656 1781 2708 οὐσιῶ-

205 2746 301 2817 ἓης
325 2748 419 2799 καὶ
440 2747 825 2809 ὲνυπόττατος,
850 2744 973 2797 οὔτε
994 2746 1054 2798 τὸ
1080 2746 1255 2815 στόμα
1276 2746 1463 2810 αὐτοῦ,
1492 2746 1654 2815 μέλος
1677 2765 1782 2799 σω·-

208 2839 457 2908 ματικὺν,
482 2836 606 2890 οὔτε
639 2837 700 2888 τὸ
728 2835 952 2904 Πνεῦμα
990 2836 1178 2901 αὐτοῦ,
1209 2837 1347 2907 πνοὴ
1370 2837 1628 2906 λυομένη,
1656 2836 1783 2890 ἀλλ’

206 2929 507 2998 ὑπερούσια
539 2928 718 2979 πάντα
758 2926 828 2978 τὰ
864 2925 956 2977 τοῦ
999 2926 1327 2998 ὑπερουσίου
1350 2938 1397 2991 θ,
1418 2929 1466 2980 εἰ
1504 2928 1599 2979 καὶ
1623 2928 1784 2996 ἡμεῖς

204 3022 267 3072 ὲκ
286 3018 394 3070 τῶν
416 3017 539 3071 καθ’
558 3018 707 3087 ἡμᾶς
729 3014 1103 3085 κατανοοῦμεν
1128 3016 1196 3068 τὰ
1220 3016 1360 3086 ὑπὲρ
1382 3019 1551 3087 ἡμᾶς.

1947 1378 1999 1433 9.
2040 1378 2109 1432 At
2138 1393 2267 1433 vero
2284 1378 2430 1447 quod
2473 1392 2573 1432 nec
2612 1377 2897 1447 dignitatis
2923 1379 3139 1448 quidem
3170 1387 3222 1433 et
3254 1380 3468 1450 imperii

1880 1471 2093 1524 ratione
2112 1469 2225 1524 duo
2248 1470 2520 1539 principia
2543 1471 2680 1533 sint,
2706 1470 2781 1523 ita
2807 1471 3153 1539 exploratum
3180 1471 3465 1527 habemus.

1881 1563 2017 1615 Cum
2068 1562 2179 1616 duo
2228 1561 2495 1615 duntaxat
2539 1570 2747 1627 essent,
2784 1562 2928 1617 Deus
2978 1562 3237 1616 nimirum
3269 1571 3323 1617 et
3354 1579 3471 1618 ma-

1886 1653 2041 1719 teria,
2074 1663 2167 1708 aut
2196 1655 2428 1707 alterum
2454 1654 2610 1707 alteri
2639 1654 3027 1708 dominabatur
3052 1663 3104 1709 et
3130 1655 3466 1723 imperabat,

1886 1753 1982 1801 aut
2014 1746 2121 1799 alia
2152 1759 2372 1815 quoque
2396 1752 2579 1810 erant,
2618 1762 2740 1815 quae
2773 1747 2995 1801 duobus
3021 1748 3307 1817 principiis
3336 1748 3471 1803 sub-

1880 1840 2208 1909 jicerentur,
2225 1837 2583 1907 ejusdemque
2607 1852 2730 1891 cum
2765 1838 2874 1892 illis
2899 1839 3223 1893 aeternitatis
3240 1848 3427 1894 essent
3450 1857 3466 1905 ;

1886 1928 2100 1996 hacque
2146 1926 2362 1979 ratione
2391 1941 2499 1979 non
2525 1925 2637 1979 duo
2674 1931 2909 1989 tantum,
2939 1924 3035 1981 sed
3068 1926 3225 1994 plura
3260 1926 3469 1995 princi-

1885 2017 1972 2085 pia
2005 2024 2187 2069 erunt.
2234 2013 2351 2068 Duo
2380 2014 2640 2085 nimirum
2675 2029 2797 2083 quae
2824 2014 3114 2083 imperent,
3149 2013 3254 2066 alia
3284 2021 3467 2068 autem

1884 2121 2008 2175 qua:
2031 2106 2271 2160 subsint.
2316 2107 2423 2158 Aut
2455 2105 2502 2160 si
2538 2104 2788 2173 ejusdem
2824 2121 2949 2159 cum
2987 2106 3273 2176 principiis
3309 2114 3468 2159 αξιοι·-

1887 2199 2079 2253 nitatis
2110 2214 2222 2253 non
2252 2204 2409 2253 erant
2445 2213 2510 2253 ea
2543 2213 2665 2267 quae.
2700 2197 2988 2266 parebant,
3039 2196 3199 2268 533
3251 2204 3469 2264 tempus

1882 2290 2013 2355 fuit,
2038 2307 2150 2360 quo
2180 2291 2456 2361 principia
2502 2305 2612 2344 non
2650 2296 2830 2345 erant.
2876 2287 3043 2342 MAN.
3095 2292 3288 2343 Annon
3335 2296 3467 2342 tuus

1884 2382 1974 2438 hic
2001 2398 2219 2452 quoque
2258 2381 2401 2437 Deus
2452 2383 2645 2437 iisdem
2684 2380 2941 2437 absurdis
2990 2382 3095 2436 erit
3149 2381 3469 2435 obnoxius?

1886 2481 1982 2529 aut
2012 2474 2159 2528 enim
2186 2484 2472 2528 comternae
2492 2474 2570 2527 illi
2599 2481 2760 2528 erant
2786 2488 2877 2527 res
2908 2484 3127 2536 creatae,
3163 2482 3259 2525 aut
3290 2473 3467 2540 ipsius

1886 2563 2116 2618 arbitrio
2141 2563 2417 2633 subjectae,
2440 2571 2769 2632 auttempus
2798 2562 2921 2625 fuit,
2950 2577 3074 2617 cum
3100 2563 3467 2633 principatum

1892 2655 2101 2709 nullum
2137 2663 2367 2723 gereret.
2413 2653 2625 2709 ORTH.
2678 2652 3054 2722 Nequaquam.
3085 2652 3272 2721 Neque
3320 2653 3468 2706 enim

1889 2760 1979 2800 res
2003 2744 2242 2798 conditae
2264 2744 2369 2813 ipsi
2392 2751 2678 2798 coaeternae
2696 2743 2937 2806 luerunt,
2964 2752 3016 2795 et
3040 2748 3224 2796 tamen
3253 2756 3470 2811 semper

1890 2844 2009 2892 erat
2040 2835 2323 2898 Dominus,
2356 2835 2595 2904 eritque,
2639 2842 2699 2886 ut
2728 2833 2821 2901 qui
2858 2848 3040 2887 rerum
3090 2834 3361 2887 essentias
3400 2847 3469 2886 ex

1892 2930 2070 2984 nihilo
2104 2928 2445 2997 producendi
2481 2934 2752 2995 potestate
2790 2926 3028 2993 polleat;
3060 2923 3243 2979 Verbo
3274 2938 3470 2993 nempe

1895 3033 2000 3075 suo
2028 3032 2093 3071 ac
2126 3017 2337 3086 Spiritu
2389 3016 2504 3071 oris
2539 3014 2650 3069 sui.
2704 3013 2815 3068 Nec
2854 3028 2987 3068 vero
3034 3013 3272 3069 Verbum
3317 3014 3470 3067 illius

204 3110 548 3182 prolatitium
594 3116 721 3171 est,
770 3107 866 3162 sed
921 3107 1329 3161 substantivum
1382 3124 1447 3163 ac
1499 3123 1789 3180 personam
1829 3110 2209 3180 constituens;
2248 3122 2424 3177 neque
2456 3121 2519 3162 os
2556 3106 2677 3173 ejus
2743 3105 3049 3159 membrum
3118 3121 3466 3175 corporeum,

205 3214 384 3268 neque
431 3196 673 3268 Spiritus
723 3196 873 3265 ejus,
924 3194 1131 3250 halitus
1186 3205 1312 3263 est,
1360 3197 1455 3267 qui
1528 3199 1581 3254 in
1641 3212 1808 3252 auras
1884 3198 2042 3253 abeat
2082 3217 2095 3253 :
2130 3213 2319 3253 verum
2377 3197 2527 3253 illius
2560 3196 2652 3266 qui
2699 3196 3067 3251 substantiam
3108 3211 3326 3252 omnem
3371 3214 3467 3253 su-

204 3298 399 3362 perat,
455 3288 643 3342 omnia
698 3302 916 3357 quoque
973 3301 1139 3356 supra
1196 3288 1562 3342 substantiam
1631 3294 1786 3349 sunt,
1827 3287 2045 3344 etiamsi
2072 3302 2175 3342 nos
2208 3302 2275 3341 ex
2305 3287 2394 3341 bis
2423 3300 2545 3355 quae
2572 3285 2718 3340 circa
2741 3299 2842 3339 nos
2882 3292 3035 3350 sunt,
3074 3300 3151 3340 ea
3217 3287 3469 3356 specule—

202 3396 333 3437 niur
360 3393 482 3448 qua:
510 3387 637 3431 sunt
674 3391 840 3446 supra
876 3392 1002 3431 nos.

282 3469 334 3525 ι’.
380 3469 518 3522 Ἀλλ’
566 3468 687 3521 οὐδὲ
733 3468 876 3522 κατά
916 3469 1151 3540 φυσικὴν
1184 3470 1278 3523 καὶ
1320 3470 1553 3543 οὑσιὼδη
1592 3471 1772 3526 αἰτίαν

1947 3466 2033 3523 10.
2071 3464 2212 3532 Quin
2246 3478 2347 3520 nec
2382 3463 2472 3517 illa
2506 3470 2688 3518 vestra
2720 3477 2834 3532 quo
2875 3462 3146 3534 principia
3194 3466 3464 3521 naturalis

205 3563 423 3617 ἔσονται
474 3561 532 3614 αἱ
588 3559 711 3613 καθ’
746 3560 891 3629 ὑμᾶς
945 3560 1045 3613 δύο
1101 3561 1308 3631 ἀρχαι·
1360 3564 1389 3615 6
1435 3562 1546 3633 γὰρ
1598 3563 1789 3634 Πατὴρ

203 3651 492 3723 ὁμοουσίου
524 3649 653 3702 Υἱοῦ
706 3649 1009 3718 γεννήτωρ,
1039 3648 1209 3712 ἀΐδιος
1271 3650 1465 3715 ἀϊδίου,
1498 3649 1787 3720 ἀσώματος

202 3742 527 3811 ἀσωμάτου.
559 3743 622 3797 Ei
657 3736 749 3793 οὖν
786 3742 841 3793 αἱ
893 3740 1013 3793 καθ’
1046 3740 1190 3809 ὑμᾶς
1221 3740 1314 3794 δύο
1342 3741 1531 3811 ἀρχαὶ,
1555 3742 1698 3794 κατὰ
1730 3741 1789 3794 τὸ

202 3834 440 3905 φυσικὸν
494 3832 667 3887 αἴτιον
720 3833 884 3904 ἀρχαί
918 3835 1026 3885 εισι
1077 3831 1186 3885 τῶν
1238 3832 1441 3897 ὄντων,
1473 3832 1687 3886 ἔσονται
1722 3832 1788 3885 τά

200 3924 387 3978 πάντα
409 3924 691 3994 ὁμοούσια,
712 3924 807 3977 καὶ
835 3924 1084 3978 συναῖδια
1115 3926 1235 3987 ταῖς
1259 3925 1380 3978 καθ’
1396 3925 1540 3995 ὑμᾶς
1567 3925 1782 3994 ἀρχαῖς·

198 4015 268 4068 Εἰ
294 4014 354 4066 δὲ
374 4015 470 4067 καὶ
506 4015 672 4078 ἀΐδια,
692 4015 787 4067 καὶ
824 4014 1088 4085 ἄτρεπτα,
1120 4015 1214 4067 καὶ
1244 4015 1493 4079 ἐναντία,
1518 4016 1611 4068 καὶ
1633 4017 1787 4068 ἀκοι-

196 4100 445 4171 νώνητα,
478 4103 574 4154 καὶ
594 4102 852 4173 ἄρχοντα,
888 4104 980 4156 καὶ
1011 4103 1113 4156 οὐκ
1151 4103 1448 4174 ἀρχόμενα,
1472 4106 1569 4158 καὶ
1598 4105 1783 4174 κύριοι,

196 4193 299 4246 καὶ
324 4193 384 4245 οὐ
418 4192 602 4247 δοῦλα.
631 4195 693 4247 Εἰ
735 4195 792 4246 δὲ
825 4195 966 4247 κατά
994 4194 1055 4247 τὸ
1099 4195 1380 4267 ποιητικὸν
1411 4194 1589 4250 αἴτιον
1623 4198 1785 4268 ἀρχαι

196 4284 312 4335 εἱσι
344 4282 452 4334 τῶν
482 4282 652 4335 ὄντων
675 4284 731 4335 αἱ
766 4283 889 4335 καθ’
922 4284 1065 4351 ὑμᾶς
1098 4283 1191 4336 δύο
1233 4284 1421 4353 ἀρχαὶ,
1457 4286 1557 4350 οὐκ
1590 4286 1654 4338 ἐκ
1687 4286 1786 4354 τῆς

193 4372 395 4435 οὐσίας
429 4373 520 4424 τοῦ
569 4372 704 4424 Θεοῦ
762 4374 817 4424 αἱ
861 4373 1051 4442 ψυχαὶ,
1082 4373 1205 4425 οὐδὲ
1246 4374 1310 4424 ὲκ
1336 4375 1433 4442 τῆς
1466 4374 1653 4436 οὐσίας
1687 4375 1787 4443 τῆς

195 4462 341 4533 ῦλης
388 4462 456 4514 τὰ
488 4463 735 4531 σώματα,
774 4461 888 4514 ἀλλ’
924 4464 989 4514 ὲκ
1026 4462 1119 4513 τοῦ
1163 4462 1237 4531 μὴ
1267 4461 1414 4523 ὄντος
1441 4464 1522 4524 είς
1547 4462 1606 4514 τὸ
1647 4459 1785 4515 εἶναι

194 4536 577 4624 παρήχθησαν
610 4570 624 4584 ο
662 4555 756 4606 καὶ
779 4553 902 4606 οὔτε
935 4553 1273 4621 ἐπολέμησεν
1316 4553 1351 4621 ἡ
1382 4551 1480 4621 ὕλη
1520 4552 1655 4620 μετά
1689 4552 1784 4604 τοῦ

196 4645 410 4714 φωτὸς,
430 4646 525 4699 καὶ
550 4642 671 4696 οὔτε
693 4645 941 4715 ἥρπασεν
960 4643 1020 4706 ἐξ
1043 4642 1207 4695 αὑτοῦ
1237 4642 1532 4712 μέρος,καὶ
1561 4644 1784 4713 ἐποίησε

199 4737 304 4797 τὰς
358 4735 559 4803 ψυχάς.
600 4736 726 4797 Πῶς
780 4733 836 4786 δὲ
865 4773 879 4797 ,
909 4735 1003 4787 καὶ
1054 4733 1124 4785 τὰ
1173 4732 1390 4785 ἐναντία
1444 4732 1784 4805 ἀκοινώνητα

1900 3557 2356 3615 substantialisve
2390 3570 2571 3610 causae
2616 3555 2890 3609 rationem
2932 3555 3157 3610 habent.
3194 3553 3328 3609 Nam
3365 3556 3469 3611 Pa-

1893 3659 1980 3705 ter
2005 3648 2128 3702 Filii
2168 3645 2662 3700 consubstantialis
2708 3645 2813 3699 sibi
2850 3645 3064 3713 genitor
3096 3656 3200 3709 est,
3264 3647 3470 3716 sempi-

1891 3750 2085 3795 ternus
2105 3735 2363 3790 videlicet
2386 3732 2732 3802 sempiterni,
2754 3733 3114 3801 incorporeus
3134 3734 3466 3804 incorporei.

1890 3830 2167 3897 Quocirca
2192 3827 2243 3881 si
2282 3826 2390 3880 duo
2418 3832 2608 3879 vestra
2656 3824 2933 3894 principia
2984 3825 3253 3882 naturalis
3286 3841 3469 3883 causae

1891 3919 2105 3973 ratione
2133 3930 2322 3970 rerum
2352 3913 2598 3968 omnium
2624 3913 2899 3982 principia
2935 3921 3086 3977 sunt,
3109 3919 3295 3970 omnia
3320 3926 3468 3972 certe

1889 4006 2135 4079 ejusdem
2184 4020 2309 4058 cum
2363 4001 2565 4057 vestris
2604 4002 2897 4071 principiis
2932 4010 2985 4057 et
3035 4003 3363 4059 substantia:
3410 4016 3467 4060 et

1888 4097 2216 4153 aeternitatis
2250 4103 2436 4149 erunt.
2477 4093 2633 4159 Quod
2661 4093 2705 4148 si
2730 4102 2961 4158 aeterna,
2985 4110 3095 4149 non
3118 4102 3203 4150 est
3233 4096 3461 4152 dubium

1888 4191 2021 4263 quin
2066 4187 2425 4242 immutabilia
2457 4194 2509 4240 et
2553 4186 2853 4253 contraria,
2895 4196 2949 4239 et
2999 4188 3069 4241 ab
3113 4188 3261 4242 omni
3314 4204 3463 4243 com-

1889 4282 2097 4337 mercio
2132 4279 2330 4341 aliena,
2357 4293 2587 4347 quaeque
2611 4278 2903 4345 imperent,
2936 4293 3043 4331 non
3075 4279 3309 4347 imperio
3334 4281 3467 4335 sub«

1890 4375 2093 4428 dantur
2124 4389 2139 4437 ;
2174 4371 2552 4433 dominentur,
2584 4384 2696 4424 non
2731 4369 2997 4423 serviant.
3024 4368 3120 4423 Sin
3147 4380 3328 4426 autem
3366 4389 3462 4427 ve-

1889 4473 2002 4521 stra
2026 4463 2137 4517 duo
2169 4461 2437 4531 principia
2464 4459 2750 4515 efficientis
2776 4476 2956 4515 rerum
2988 4477 3168 4515 causa:
3193 4465 3461 4518 rationem

1888 4554 2169 4618 habeant;
2199 4552 2445 4621 profecto
2478 4566 2579 4605 nec
2620 4551 2816 4605 animae
2852 4568 2918 4606 ex
2950 4550 3066 4618 Dei,
3095 4568 3195 4607 nec
3232 4570 3463 4623 corpora

1887 4662 1956 4701 ex
1994 4646 2247 4699 materiae
2282 4644 2618 4710 substantia,
2649 4645 2742 4700 sed
2770 4662 2837 4710 ex
2862 4646 3030 4700 nihilo
3062 4648 3284 4701 condita
3310 4662 3461 4706 sunt.

1888 4736 1999 4791 Nec
2034 4734 2264 4805 proinde
2302 4735 2534 4789 materia
2559 4736 2669 4789 luci
2704 4737 2905 4791 bellum
2942 4738 3149 4803 intulit,
3191 4752 3290 4791 nec
3339 4753 3462 4807 par-

199 4825 683 4895 συνεόιϐἁσθησαν
715 4826 795 4887 εἰς
842 4823 960 4887 ὲνδς
1010 4825 1218 4893 κόσμου
1254 4823 1505 4892 ποίησιν;
1539 4823 1571 4894 ἧ
1606 4826 1720 4887 πῶς
1754 4827 1781 4876 6

1888 4835 1997 4882 tem
2029 4828 2132 4895 ipsi
2156 4826 2381 4896 eripuit,
2415 4826 2736 4896 animasque
2768 4828 3037 4882 condidit.
3072 4829 3176 4894 Qui
3202 4806 3464 4899 praeterea
3514 4806 3526 4841 ί

199 4918 311 4987 μὲν
364 4917 599 4987 πονηρὸς
655 4916 1027 4969 κατεσκεύασε
1086 4915 1145 4967 τὸ
1180 4917 1359 4984 σῶμα,
1399 4917 1427 4967 6
1477 4915 1534 4967 δὲ
1583 4916 1786 4984 ἀγαθὸς

191 5009 307 5080 τὴν
340 5009 543 5079 ψυχὴν,
571 5010 663 5063 καὶ
693 5009 748 5060 ἓν
780 5008 914 5072 ζῶον
963 5008 1054 5061 τὸν
1093 5007 1379 5075 ἄνθρωπον
1417 5006 1785 5073 ἁπετέλεσαν;

194 5098 269 5151 Εἰ
296 5100 357 5150 δὲ
388 5100 527 5152 κατὰ
565 5100 818 5169 μίμησιν,
845 5097 918 5160 ὡς
962 5098 1318 5168 πρωτότυπον
1347 5098 1554 5159 εἰκόνος
1590 5099 1783 5163 αἴτιον,

194 5189 264 5242 τὸ
295 5191 724 5259 εἰκονιςόμενον,
762 5192 816 5243 αἱ
870 5190 990 5243 καθ’
1024 5190 1166 5258 ὑμᾶς
1202 5190 1390 5258 ἀρχαὶ,
1422 5188 1571 5241 ἄλλοι
1594 5191 1786 5258 κόσμοι

194 5266 480 5342 εἰσὶν,’ὦν
534 5280 658 5334 καθ’
701 5280 958 5350 ὁμοίωσιν
998 5278 1220 5347 γέγονεν
1258 5281 1285 5331 6
1318 5281 1537 5348 κόσμος.
1571 5280 1644 5331 Οὐ
1680 5281 1789 5351 γὰρ

194 5364 263 5422 ἓν
298 5365 467 5434 εἶδος,
500 5370 620 5423 οὐδὲ
657 5370 753 5440 μία
784 5371 815 5441 ἢ
872 5369 965 5423 δύο
1002 5370 1205 5440 μορφαὶ
1228 5370 1284 5421 ἐν
1321 5370 1433 5433 τοῖς
1464 5368 1635 5434 οὖσιν,
1666 5370 1781 5422 ἀλλ’

1888 4919 2008 4973 ﬁeri
2040 4918 2240 4987 potuit,
2268 4927 2327 4972 ut
2355 4932 2477 4986 qua:
2509 4917 2786 4971 contraria
2817 4928 2994 4983 erant,
3025 4928 3192 4988 atque
3220 4920 3288 4973 ab
3314 4920 3463 4972 omni

1888 5010 2030 5065 inter
2059 5024 2118 5064 se
2150 5008 2485 5065 commercio
2513 5008 2915 5072 abhorrebant,
2948 5008 3013 5061 ad
3056 5009 3222 5063 unius
3273 5009 3463 5063 mundi

1890 5098 2236 5155 etl‘eetionem
2273 5099 2658 5163 convenerint,
2691 5113 2755 5152 ac
2786 5100 2964 5153 malus
2996 5100 3211 5169 quidem
3239 5115 3464 5169 corpus,

1891 5193 2073 5248 bonus
2103 5200 2285 5247 autem
2327 5193 2566 5260 animam
2603 5196 2946 5262 praepararit,
2978 5203 3141 5262 atque
3167 5194 3328 5249 ambo
3361 5194 3459 5247 ho-

1891 5282 2120 5344 minem,
2165 5281 2366 5335 animal
2404 5296 2571 5335 unum
2601 5281 2905 5336 eﬂecerint.
2931 5281 3026 5336 Sin
3051 5283 3289 5354 denique
3310 5284 3463 5353 priu-

1892 5375 2037 5444 cipia
2074 5381 2257 5430 vestra
2292 5376 2635 5444 exemplares
2662 5390 2861 5432 causas
2895 5391 3018 5433 esse
3045 5377 3128 5431 ais
3155 5396 3168 5433 :
3198 5377 3465 5446 quemad-

1513 5530 1748 5589 VARUE
1793 5534 2194 5592 LECTIONES.

281 5625 313 5669 δ
352 5627 577 5685 Leuncl.
616 5626 815 5695 μόνων.
896 5635 919 5663 θ
952 5624 1121 5679 Basil.
1156 5624 1295 5695 ὑπὲρ
1320 5624 1530 5679 οὐσίαν.

540 5722 808 5783 Ρλτιιοι..
850 5718 966 5780 Gn.
1004 5716 1202 5777 XCIV.

3067 5709 3141 5768 48
