3930 6206
483 240 620 305 1515

1684 233 1743 292 s.
1785 195 2102 293 10lele
2130 235 2560 300 DAMASCENI

3613 248 3745 315 ’1516

483 354 708 410 modum
745 351 1046 423 exemplar,
1087 349 1342 419 imaginis
1383 363 1504 416 quae
1554 364 1618 402 ex
1673 348 1765 402 illa
1815 349 2044 418 ducitur,

2160 352 2474 424 ἀνάριθμοι.
2533 355 2644 409 Καὶ
2700 357 2818 421 πῶς
2879 359 3234 432 ἀναρίθμητα
3284 360 3408 433 εἴδη
3475 362 3594 416 τῶν
3645 369 3753 434 παρ’

481 462 652 503 causa
683 455 788 512 est,
815 445 874 500 tit
900 445 1060 515 plane
1081 451 1138 497 ut
1163 442 1360 519 easint
1386 440 1576 496 mundi
1606 440 1695 493 alii
1725 440 1791 494 ad
1821 455 2053 511 quorum

484 538 906 596 similitudinem
941 537 1178 593 mund-us
1202 536 1309 592 iste
1349 535 1531 589 factus
1580 533 1673 589 sit.
1705 533 1773 587 At
1805 548 1912 586 non
1949 549 2055 587 una

481 637 568 684 est
603 627 656 681 in
690 628 858 683 rebus
893 627 1132 696 species,
1166 640 1266 680 nec
1293 638 1422 689 una,
1457 621 1696 677 autduae
1727 621 1936 688 formae,
1963 623 2056 678 sed

482 717 938 775 innumerabiles.
966 717 1070 782 Qui
1101 731 1232 786 ergo
1280 716 1336 768 lit
1379 724 1438 768 ut
1496 715 1798 769 innumerae
1841 714 2056 785 species

484 811 719 866 duorum
743 819 1054 867 vestrorum
1087 806 1482 879 principiorum
1519 805 1788 875 imagines
1837 815 2053 875 gerant.

483 902 560 958 Ex
594 918 703 973 quo
757 901 1108 972 perspicuum
1176 905 1263 954 est
1333 898 1484 952 nullo
1537 897 1700 952 modo
1751 897 2058 952 consistere

2161 443 2291 514 ὑμῖν
2320 444 2416 498 δύο
2461 447 2667 516 ἀρχῶν,
2697 449 2908 513 εἰκόνες
2938 452 3076 505 εἰσίν
3100 471 3116 519 ;
3144 452 3328 517 οὕτως
3369 455 3649 508 ἀδύνατον
3675 467 3748 509 ut

2161 535 2466 592 ἀσύστατον
2513 539 2574 592 τὺ
2605 541 2735 611 παρ’
2759 541 2893 612 ὑμῖν
2925 545 3055 614 περὶ
3109 545 3222 598 τῶν
3256 545 3458 616 ἀρχῶν
3489 547 3748 617 φρόνημα.

2173 626 2520 699 Ἐρωτήσατε
2553 631 2661 703 γὰρ
2687 632 2790 701 τὴν
2827 634 3204 704 ἀπειρόκακον
3238 638 3352 690 τῶν
3381 637 3608 691 παίδων
3633 644 3751 708 πλη-

2161 716 2280 782 θὺν,
2321 718 2354 789 ἦ
2389 719 2521 784 δυὰς
2567 723 2756 794 ἄρχει,
2788 725 2823 795 ἦ
2871 727 2907 796 ἡ
2956 728 3166 796 μονάςς
3199 730 3299 782 καὶ
3347 731 3609 801 spatium,
3637 732 3753 803 εἰκή

2165 809 2332 878 μονὰς
2387 809 2545 881 ἄρχει
2606 813 2808 878 παντὸς
2856 814 3124 886 ἀριθμοῦ.
3175 814 3249 871 Ὦ
3303 820 3532 890 νηπίων
3572 839 3752 891 νηπια-

2163 899 2406 971 δέστεροί
2439 918 2499 954 τε
2525 903 2621 957 καὶ
2645 905 3038 977 ἀφρονέστεροι
3063 910 3076 961 !

483 1012 646 1068 posse
679 1007 916 1052 vestram
983 995 1051 1051 de
1105 993 1318 1049 duobus
1375 992 1662 1062 principiis
1723 991 2064 1061 opinionem.
2102 989 2208 1048 Sed
2238 995 2380 1048 vela
2411 995 2666 1066 simplice
2699 1013 3005 1068 puerorum
3031 1004 3192 1058 turba
3260 1006 3432 1061 velim
3501 1010 3750 1081 quaerite:

483 1091 818 1148 Binariusne
866 1087 1200 1159 principium
1285 1093 1406 1155 eg;
1470 1101 1612 1139 anne
1679 1099 1810 1138 vero
1896 1083 2126 1140 unitas?
2198 1086 2428 1140 omnino
2484 1089 2903 1158 respondebunt
2967 1093 3238 1150 unitatem
3304 1099 3507 1156 omnis
3563 1101 3754 1156 numai

485 1179 815 1252 principium
850 1193 995 1234 esse.
1029 1175 1074 1231 Ο
1097 1176 1348 1231 homines
1397 1174 1585 1244 pueris
1635 1172 1968 1242 pueriliores
2004 1182 2059 1226 et
2117 1172 2563 1242 insipientiores!

562 1280 647 1330 ll.
682 1277 747 1329 At
777 1290 906 1328 vero
937 1287 1160 1327 rursum
1208 1269 1620 1325 sciscitantibus
1659 1268 1821 1322 nobis
1867 1267 2056 1332 dicite,

487 1380 671 1426 utrum
705 1368 932 1426 bonum,
969 1364 1186 1428 stabile,
1224 1361 1551 1432 ordinisque
1605 1368 1768 1415 tenax
1803 1359 1874 1414 sit
1913 1360 2057 1413 mul-

483 1476 689 1526 torum,
727 1474 795 1514 an
851 1459 1014 1512 unius
1043 1453 1367 1524 imperium?
1396 1451 1611 1508 Nemini
1662 1449 1913 1521 profecto
1952 1449 2055 1504 du-

481 1554 633 1608 bium
665 1557 772 1613 est,
822 1548 954 1617 quin
1021 1545 1319 1598 multorum
1375 1541 1750 1611 principatus,
1810 1540 2055 1610 regimen

482 1658 646 1699 omne
667 1641 889 1696 tandem
927 1637 1272 1699 submoveat,
1305 1633 1722 1702 seditionisque,
1763 1633 1914 1696 belli,
1951 1647 2055 1701 pu-

2237 1275 2326 1322 ια’.
2369 1270 2479 1322 Kal.
2525 1270 2685 1323 τοῦτο
2735 1271 2790 1324 δὲ
2830 1273 2961 1342 ἡμῖν
3009 1275 3293 1346 ἐρωτῶσιν
3331 1281 3574 1333 εἴπατε·
3611 1283 3644 1351 ἠ
3677 1303 3754 1337 πι-

2165 1358 2400 1430 λυαρχία
2429 1363 2547 1414 ἐστὶ
2575 1363 2759 1426 καλὸν.
2790 1365 2884 1418 καὶ
2915 1367 3205 1437 στάσιμον,
3233 1371 3334 1423 καὶ
3356 1374 3655 1447 τακτικὸν,
3679 1376 3749 1447 ﬁt;

2169 1451 2437 1521 μοναρχία
2457 1469 2473 1517 ;
2492 1453 2636 1507 Πᾶσι
2657 1454 2838 1524 δῆλον,
2862 1456 2937 1520 ὡς
2956 1459 2992 1528 ἡ
3014 1458 3329 1530 πολυαρχία
3361 1443 3619 1534 haud;

2164 1545 2256 1595 καὶ
2288 1542 2614 1612 στασιώδης,
2645 1546 3031 1617 καὶπολέμου,
3067 1551 3163 1602 καὶ
3205 1553 3420 1620 μάχης,
3458 1555 3562 1608 καὶ
3590 1558 3754 1611 κακῶν

2162 1634 2332 1701 αἰτία,
2369 1636 2463 1688 καὶ
2488 1635 2699 1698 λύσεως
2721 1654 2737 1670 ο
2773 1640 2805 1708 ἡ
2836 1639 2894 1692 δὲ
2929 1642 3203 1712 μοναρχία
3253 1642 3465 1711 βεόαία
3501 1648 3604 1698 καὶ
3629 1649 3758 1702 ἒννο-

479 1749 619 1806 gnae,
648 1733 942 1795 malorum,
975 1742 1040 1782 ac
1060 1726 1283 1781 tandem
1309 1723 1619 1779 eversionis
1643 1723 1860 1792 imperii
1890 1736 2044 1777 causa

2163 1740 2283 1794 μος,
2318 1724 2413 1777 καὶ
2445 1726 2669 1796 εἰρήνης
2697 1728 2849 1780 αἰτία
2887 1728 2932 1791 τ,
2966 1731 3062 1782 καί
3091 1731 3327 1795 τάξεως,
3367 1732 3475 1786 καὶ
3506 1736 3753 1805 γαλήνης,

479 1828 588 1881 sit:
627 1832 819 1879 contra
869 1835 1000 1876 vero
1039 1818 1207 1874 unius
1258 1814 1546 1885 imperium
1604 1815 1818 1869 tirmum
1863 1815 1966 1880 sit,
2004 1823 2056 1870 et

477 1922 720 1988 acquum,
768 1925 1092 1984 pacemque,
1124 1917 1178 1965 et
1199 1909 1472 1973 ordinem,
1495 1914 1548 1961 et
1577 1907 2054 1976 tranquillitatem,

476 2006 819 2075 etjustitiam
873 2001 1154 2063 conciliet,
1214 2012 1412 2067 resque
1478 1996 1532 2049 in
1587 1996 1783 2051 melius
1832 2005 2049 2067 augeat.

477 2098 847 2165 Quamobrem
873 2093 918 2150 si
955 2093 1022 2148 de
1071 2097 1254 2146 vestra
1302 2085 1575 2142 sententia
1621 2086 1728 2140 duo
1786 2087 2056 2156 principia

476 2200 625 2254 sunt,
669 2185 920 2258 principii
957 2182 1226 2254 expertia,
1256 2177 1542 2248 multiplici
1575 2177 1711 2232 adeo
1745 2177 2051 2246 principatu

477 2299 570 2338 res
604 2287 890 2350 reguntur.
929 2275 1048 2342 Quo
1079 2274 1136 2328 lit
1166 2281 1227 2327 ut
1269 2273 1472 2324 malum
1521 2269 1686 2325 rebus
1735 2269 1939 2339 praesit,
1987 2284 2052 2323 ac

476 2374 642 2446 434
665 2372 893 2444 proinde
919 2384 1086 2423 unum
1121 2367 1456 2438 principium
1485 2365 1577 2429 sit,
1611 2380 1805 2433 nempe
1827 2364 2048 2417 malum.

474 2467 596 2521 Jam
633 2477 762 2519 vero
788 2460 1060 2531 quomodo
1088 2459 1200 2513 duo
1233 2458 1322 2511 illa
1358 2456 1649 2528 principia,
1681 2470 1804 2526 qua:
1843 2457 2052 2508 contin-

483 2555 672 2619 xistis,
709 2551 847 2610 nihil
869 2551 1011 2604 inter
1045 2563 1104 2604 se
1134 2562 1430 2601 commune
1459 2545 1661 2600 habere
1692 2543 2046 2599 contenditis.

473 2645 610 2701 Nam
635 2644 681 2699 si
714 2643 816 2697 hoc
837 2639 1073 2703 exsistit,
1097 2645 1152 2692 et
1177 2636 1309 2690 illud
1342 2650 1594 2706 quoque:
1630 2643 1677 2688 ct
1713 2635 1759 2688 si
1792 2634 1895 2687 hoc
1917 2633 2051 2688 sub-

474 2738 679 2796 stantia
705 2745 786 2791 est
815 2731 1072 2803 principii
1103 2744 1304 2800 expers
1331 2743 1400 2782 ac
1429 2727 1788 2796 sempiterna,
1827 2734 1880 2780 et
1920 2727 2051 2780 illud

2163 1818 2256 1871 καὶ
2284 1817 2658 1890 δικαιοσύνης,
2693 1819 2787 1874 καὶ
2821 1821 2923 1891 τῆς
2953 1823 3048 1875 ἐπὶ
3081 1823 3142 1875 τὸ
3169 1826 3434 1893 κρεῖττον
3461 1826 3754 1898 αὐξήσεως.

2162 1909 2224 1962 Εἰ
2270 1907 2362 1961 οὖν
2405 1907 2498 1961 δύο
2548 1910 2717 1981 ἀρχαὶ
2768 1910 2996 1981 ἄναρχοι
3047 1913 3171 1966 καθ’
3219 1917 3381 1985 ἡμᾶς
3405 1956 3425 1980 ,
3463 1917 3758 1989 πολυαρχία

2161 1999 2318 2070 ἄρχει
2350 1999 2460 2052 τῶν
2490 2001 2683 2066 ὄντων,
2720 2005 2814 2056 καὶ
2857 2005 3002 2076 ἀρχὴ
3035 2004 3145 2059 τῶν
3169 2008 3399 2062 πάντων
3435 2010 3616 2064 κακία
3638 2028 3652 2042 ·
3675 2014 3755 2066 καί

2160 2089 2306 2143 οὕτω
2332 2091 2433 2161 μία
2461 2091 2627 2162 ἀρχὴ,
2653 2095 2685 2163 ἡ
2713 2095 2901 2147 κακία.
2933 2095 3059 2160 Πῶς
3086 2097 3144 2150 δὲ
3179 2099 3602 2170 ἀκοινωνήτους
3631 2121 3751 2156 παν-

2160 2179 2331 2242 τελῶς
2361 2180 2549 2248 λέγετε
2583 2181 2681 2245 τὰς
2711 2181 2806 2236 δύο
2847 2184 3044 2253 ἀρχὰς,
3073 2184 3140 2248 ἃς
3173 2187 3340 2240 αὐτοὶ
3389 2189 3752 2244 ave-talione.

2159 2273 2222 2325 Ei
2253 2272 2361 2342 γὰρ
2390 2273 2484 2326 καὶ
2511 2273 2651 2346 αὕτη
2683 2275 2824 2340 ἐστὶ,
2867 2277 3094 2348 κάκείνη
3117 2294 3131 2307 '
3165 2279 3262 2332 καί
3287 2279 3325 2350 ἠ
3352 2282 3377 2320 ε
3414 2281 3556 2352 αὕτη
3601 2283 3754 2337 οὐσία

2157 2364 2306 2416 ἐστὶν
2329 2364 2567 2435 ἄναρχος
2594 2366 2736 2437 ἀρχὴ
2767 2367 2863 2420 καὶ
2914 2368 3107 2431 ἀΐδιος,
3137 2371 3377 2441 κάκείνη
3403 2373 3632 2441 ὁμοίως,
3654 2372 3758 2428 οὔκ

2157 2455 2266 2507 εἰσι
2297 2455 2580 2519 παντελῶς
2606 2456 2986 2528 ἀκοινώνητοι.
3011 2459 3354 2513 Κοινιονοῦσι
3389 2461 3504 2533 γὰρ
3537 2465 3757 2518 utﬁt:

2156 2545 2216 2598 τδ
2241 2539 2402 2606 εἰναι,
2430 2547 2524 2600 καὶ
2553 2547 2696 2600 κατά
2729 2548 2808 2609 τὸ,
2842 2549 3025 2614 οὐσία,
3058 2552 3152 2604 καί
3193 2551 3434 2622 ἄναρχος
3466 2554 3643 2625 ἀρχή,
3667 2558 3758 2609 καὶ

2157 2637 2327 2699 ἀΐδιος
2351 2631 2493 2690 εἶναι
2514 2655 2527 2670 ·
2566 2640 2660 2692 καὶ
2698 2639 2842 2694 κατά
2889 2641 3068 2695 πάντα
3102 2643 3303 2714 ψευδὴς
3326 2647 3355 2696 ὁ
3390 2643 3562 2712 λόγος
3597 2647 3757 2716 ὑμῶν

2161 2727 2563 2782 ἀπδέδεικται.

473 2831 749 2894 similiter,
777 2825 894 2881 ﬁeri
923 2823 1150 2880 omnino
1179 2837 1290 2876 non
1322 2827 1501 2892 potest
1531 2828 1590 2873 ut
1626 2819 1763 2874 nihil
1809 2819 1954 2874 inter
1985 2833 2049 2873 ea
2125 2833 2422 2874 commune
2489 2823 2579 2876 sit.
2622 2821 2738 2885 lloc
2778 2825 2926 2878 enim
2982 2825 3128 2880 inter
3175 2842 3241 2881 ea
3289 2841 3589 2883 commune
3639 2839 3760 2901 est,

470 2924 616 2996 quod
649 2927 801 2984 sunt,
833 2917 979 2989 quod
1009 2914 1334 2970 substantia:
1364 2923 1514 2974 sunt,
1548 2912 1805 2981 quodque
1841 2909 2102 2980 principii
2127 2913 2374 2980 expertia
2406 2912 2676 2984 principia
2741 2923 2895 2980 sunt,
2969 2931 3033 2971 ac
3107 2919 3475 2987 sempiterna.
3553 2917 3761 2992 Sicque

471 3016 654 3072 modis
683 3011 944 3068 omnibus
990 3007 1242 3064 doctrina
1296 3013 1478 3061 vestra
1529 3001 1790 3058 falsitatis
1816 3003 2188 3057 convincitur.

542 3108 632 3162 12.
662 3107 740 3160 Ac
768 3117 1000 3160 rursus:
1028 3103 1085 3157 Si
1109 3101 1220 3157 duo
1238 3099 1509 3170 principia
1545 3098 1820 3170 principio
1847 3111 2043 3151 caren—

2223 3095 2311 3165 ιβ’.
2342 3098 2452 3151 Καὶ
2499 3097 2664 3151 πάλιν
2699 3115 2713 3128 ·
2745 3099 2793 3151 εἰ
2848 3098 2944 3152 δύο
2993 3100 3158 3172 ἀρχαὶ
3215 3105 3452 3178 ἄναρχοι
3477 3151 3494 3176 ,
3527 3112 3761 3166 ἕκαστον

471 3201 545 3256 tia
581 3207 731 3262 sunt,
779 3206 1077 3264 utrumque
1111 3207 1176 3257 eo
1225 3191 1372 3261 quod
1406 3205 1567 3246 suum
1619 3198 1701 3244 est
1743 3187 1944 3258 gaudet
1999 3192 2052 3240 et

476 3291 825 3353 oblectatur;
875 3287 1073 3356 suique
1127 3282 1604 3338 conservationem
1663 3280 1868 3333 bonum
1930 3292 2052 3332 esse

397 3427 402 3432 .
473 3391 684 3436 censet.
709 3378 1018 3446 Unicuique
1046 3377 1244 3430 etenim
1273 3375 1352 3428 rei
1388 3373 1520 3426 illud
1545 3374 1746 3426 bonum
1771 3378 1874 3432 est,
1903 3369 2048 3438 quod

472 3469 648 3540 ipsius
680 3475 934 3522 naturam
967 3473 1172 3520 tuetur.
1206 3463 1384 3533 Atque
1413 3453 1549 3517 adeo
1611 3462 1707 3516 ille
1753 3475 1916 3531 quem
1950 3461 2048 3514 bo-

467 3579 622 3626 num,
660 3569 715 3616 et
750 3560 888 3614 alter
924 3571 1087 3629 quem
1120 3555 1325 3610 malum
1379 3569 1504 3610 esse
1548 3553 1757 3618 dicitis,
1814 3561 2048 3623 uterque

466 3657 535 3710 de
567 3655 750 3723 seipse
777 3650 1000 3722 gaudet,
1037 3649 1221 3718 iisque
1251 3662 1374 3718 quae
1411 3661 1511 3701 sua
1541 3656 1671 3701 sunt
1711 3645 2041 3701 oblectatur.

467 3747 602 3815 Quis
641 3747 811 3817 igitur
840 3753 944 3807 est,
981 3741 1074 3814 qui
1105 3741 1338 3796 alterum
1388 3739 1618 3803 bonum,
1650 3737 1881 3792 altermn
1924 3751 2044 3790 ma-

463 3814 577 3894 lum
613 3814 1046 3907 es‘sejudicavit.
1089 3830 1183 3886 llle
1218 3828 1460 3900 profecto
1498 3827 1643 3882 Deus
1691 3827 1872 3897 potior
1913 3814 2040 3891 erit,

461 3931 864 3998 amborumque
898 3923 1270 3995 praestantior.
1317 3919 1568 3976 Deterius
1601 3918 1746 3974 enim
1807 3932 1837 3970 a
1899 3931 2040 3986 pra!-

461 4019 716 4078 stantiori
747 4037 761 4085 ;
796 4026 849 4072 et
879 4018 926 4072 is
953 4016 1049 4086 qui
1092 4015 1305 4079 subest,
1337 4013 1403 4066 ab
1429 4027 1494 4066 eo
1525 4011 1618 4082 qui
1653 4019 1867 4081 praeest,
1892 4007 2042 4078 judi-

460 4124 637 4169 catur.

533 4203 620 4258 15.
659 4200 802 4267 Quin
827 4197 958 4253 illud
989 4211 1208 4268 quoque
1240 4195 1395 4251 dicas
1438 4194 1601 4249 velim
1630 4207 1644 4245 :
1681 4193 1825 4248 inter
1854 4199 2038 4246 vestra

2153 3191 2245 3244 ἐπὶ
2281 3191 2356 3261 τῷ
2406 3191 2593 3262 οἰκείῳ
2623 3191 2805 3262 χαίρει
2849 3193 2945 3246 καὶ
2975 3195 3263 3267 τέρπεται,
3296 3202 3395 3255 καὶ
3425 3204 3639 3259 ἑαυτοῦ
3671 3209 3761 3261 cni-

2155 3297 2364 3344 στασιν,
2396 3280 2602 3349 ἀγαθὸν
2635 3280 2911 3350 λογίζεται
2934 3299 2950 3314 ο
2973 3285 3195 3357 ἑκάστῳ
3220 3289 3336 3359 γὰρ
3373 3291 3596 3359 ἀγαθόν
3619 3297 3756 3360 ἐστι,

2150 3371 2210 3424 τὸ
2239 3373 2564 3426 συστατικὺν
2592 3375 2692 3444 τῆς
2729 3374 2938 3436 οἰκείας
2962 3376 3186 3445 φύσεως
3205 3395 3224 3410 '
3255 3382 3355 3435 καὶ
3394 3384 3425 3435 ὁ
3454 3388 3596 3456 παρ’
3630 3388 3760 3457 ὑμῖν

2149 3460 2244 3518 οὖν
2275 3465 2480 3533 ἀγαθὸς
2507 3505 2522 3529 ,
2547 3467 2642 3520 καὶ
2671 3468 2699 3520 ὁ
2742 3469 2874 3538 παρ’
2909 3469 3038 3540 ὑμῖν
3087 3473 3336 3543 πονηρὸς
3357 3517 3371 3541 ,
3397 3477 3645 3541 ἕκαστος
3667 3482 3756 3546 ἐρ’

2149 3555 2329 3626 ἑαυτῷ
2371 3557 2574 3630 χαίρει,
2605 3555 2700 3610 κάἰ
2728 3561 2844 3624 τοῖς
2878 3561 3104 3627 οἰκείοις
3131 3565 3516 3636 ἐπιτέρπεται,
3542 3571 3650 3622 καὶ
3686 3571 3757 3625 τὰ

2147 3648 2323 3700 οἰκεῖα
2373 3647 2553 3716 ἀγαθά
2597 3647 2896 3716 λογίζεται.
2929 3645 3026 3715 Τίς
3079 3647 3175 3706 οὖν
3222 3657 3251 3708 ὁ
3281 3657 3484 3726 κρίνας
3533 3658 3630 3711 τὸν
3657 3661 3758 3713 ἕνα

2107 3736 2421 3814 ’πονηρόν;
2453 3744 2549 3796 καὶ
2600 3743 2852 3807 κάκεῖνος
2903 3745 3105 3816 μᾶλλον
3161 3750 3281 3803 ἐστι
3335 3751 3498 3815 Θεὸς,
3543 3755 3758 3824 μείζων

2145 3833 2495 3906 ἀμφοτέρων.
2529 3834 2604 3888 Τὸ
2637 3836 2745 3906 γὰρ
2779 3836 2998 3890 ἔλαττον
3027 3838 3137 3891 ὑπὸ
3166 3840 3262 3894 τοῦ
3285 3843 3640 3912 κρείττονος,
3663 3849 3756 3900 καὶ

2143 3926 2205 3979 τὸ
2234 3926 2540 3998 ἀρχόμενον
2567 3927 2672 3981 ὑπὸ
2701 3927 2794 3981 τοῦ
2831 3929 3091 4000 ἄρχοντος
3123 3933 3393 4002 κρίνεται.

2213 4197 2303 4259 ιγ’.
2340 4192 2475 4246 Εἰπὲ
2502 4192 2558 4246 δὲ
2609 4193 2705 4247 καὶ
2757 4194 2951 4248 τοῦτο·
2981 4197 3336 4252 κοινωνοῦσιν
3382 4200 3672 4271 ἀλλήλαις
3696 4202 3751 4256 al

458 4295 567 4349 duo
622 4290 892 4362 principia
944 4287 1223 4356 aliquidne
1275 4298 1570 4340 commune
1619 4272 1712 4345 sit,
1765 4298 1834 4336 an
1901 4281 2037 4335 nihil

2156 4284 2270 4352 παρ’
2303 4284 2436 4352 ἡμῖν
2461 4283 2556 4336 δύο
2591 4284 2830 4355 ἀρχα“ι,ῆ
2856 4287 3133 4352 παντελῶς
3164 4289 3307 4341 εἰσιν
3331 4290 3747 4362 ἀκοινώνητα;

455 4380 914 4454 prorsusHlAN.
962 4379 1108 4433 Nihil
1163 4392 1415 4448 prorsus.
1464 4374 1746 4446 Siquidem
1801 4373 2034 4428 alterum

2156 4372 2386 4426 ἰίΑΝΙΧ.
2447 4373 2830 4446 Ἀκοινὼνητοι
2881 4372 3023 4448 ἦσαν
3072 4378 3358 4442 παντελῶς
3387 4397 3402 4409 ·
3429 4382 3468 4450 ἡ
3502 4383 3615 4452 μὲν
3643 4384 3752 4452 γὰρ

455 4480 511 4530 in
549 4474 957 4530 confertissima
997 4473 1271 4527 bonorum
1307 4467 1464 4538 copia
1496 4467 1843 4527 versabatur,
1892 4465 2029 4518 alte-

2156 4463 2240 4517 ιία
2275 4466 2333 4518 ὲν
2373 4463 2704 4536 πληρώματι
2749 4466 2861 4520 τῶν
2908 4447 3134 4536 ἀγαθῶν
3181 4465 3270 4540 ἦν,
3308 4472 3342 4539 ἡ
3373 4447 3666 4544 δεξιτερᾷ
3693 4447 3750 4527 ιί

454 4584 578 4622 rum
613 4564 808 4620 mediis
843 4565 895 4618 in
929 4563 1107 4617 malis.
1134 4561 1334 4616 Verum
1373 4558 1653 4628 permistio
1681 4565 1865 4627 postea
1895 4571 2030 4610 con-

2156 4551 2460 4624 πληρώματι
2511 4553 2621 4607 τῶν
2673 4553 2862 4608 κακῶν
2895 4573 2908 4588 ο
2938 4556 3054 4609 ἀλλ’
3089 4557 3307 4627 ἐγένετο
3353 4560 3504 4630 μετά
3563 4562 3747 4615 ταῦτα

455 4657 594 4729 tigit.
621 4654 835 4713 ORTH.
864 4655 1239 4726 Supersedeas
1282 4652 1552 4722 tantisper
1576 4650 1736 4705 velim
1776 4649 1844 4704 ab
1882 4650 2029 4705 edis—

2156 4643 2635 4716 ιύγκρασις.ΟΡΘ.
2678 4647 2976 4702 Ἀναϐαλοῦ
3028 4650 3166 4714 τέως
3207 4653 3300 4704 τὸν
3349 4651 3458 4720 τῆς
3492 4655 3748 4724 συγ-χρεία

454 4747 692 4804 serenda
725 4747 832 4801 ista
862 4744 1259 4816 permistione;
1292 4757 1355 4797 ac
1383 4741 1517 4795 mihi
1565 4741 1719 4812 prius
1771 4754 2022 4804 enarres,

452 4855 585 4895 num
625 4853 723 4894 ens
751 4837 886 4902 enti,
913 4836 1214 4891 secundum
1253 4834 1398 4905 quod
1429 4841 1538 4898 est,
1571 4841 1862 4902 repugnet,
1895 4846 2026 4884 num

449 4947 581 4989 vero
606 4947 716 4987 non
745 4946 844 4986 ens
894 4929 1054 4986 enti?
1091 4927 1253 4983 MAN.
1304 4927 1360 4982 ld
1392 4929 1539 4996 quod
1588 4926 1792 4980 malum
1828 4933 1934 4990 est,
1973 4923 2022 4979 ci

451 5022 599 5093 quod
629 5031 716 5078 est
744 5021 970 5085 bonum,
1003 5028 1294 5089 repugnat.
1333 5015 1543 5070 ORTH.
1569 5017 1683 5070 Hoc
1704 5015 2023 5070 sciscitatus

453 5131 560 5170 non
591 5129 732 5180 sum,
759 5121 938 5167 utrum
981 5110 1133 5174 boni,
1164 5110 1248 5165 vel
1284 5109 1410 5162 mali
1450 5107 1666 5163 ratione
1692 5148 1706 5173 ,
1739 5107 1833 5163 sed
1868 5122 1934 5160 an
1969 5107 2022 5160 in

2133 4753 2269 4800 σεως
2299 4736 2476 4805 λόγον.
2506 4738 2720 4808 Φράσον
2748 4741 2804 4793 δὲ
2825 4741 2962 4812 ἡμῖν
2986 4742 3254 4813 πρότερον
3278 4760 3292 4772 ·
3332 4743 3395 4795 τὸ
3428 4744 3495 4796 ὃν
3521 4747 3611 4815 τῷ
3635 4748 3748 4799 Evt:

2130 4827 2275 4880 κατά
2303 4829 2364 4880 τὸ
2399 4824 2536 4882 εἶναι
2560 4831 2822 4896 ἐναντίον,
2853 4832 2886 4903 ἢ
2925 4833 2986 4886 τὸ
3020 4834 3096 4904 μὴ
3125 4833 3184 4886 ὃν
3204 4833 3282 4905 τῷ
3308 4837 3449 4888 ὄντι.
3473 4838 3743 4890 ΜΔΝῘΧ.

2131 4921 2206 4974 Τὸ
2235 4921 2293 4975 ὃν
2343 4921 2652 4993 κακὸν,τῷ
2687 4923 2802 4977 ὄντι
2852 4925 3043 4996 ἀγαθῷ
3091 4927 3357 4982 ἐναντίον.
3399 4929 3570 4982 υΡΘ.
3625 4930 3746 4984 Οὐκ

2133 5015 2412 5086 ἠρώτησα.
2427 5016 2474 5068 εἰ
2501 5015 2643 5070 κατά
2663 5016 2722 5070 τδ
2753 5016 2922 5070 κακὸν
2944 5017 3036 5071 καὶ
3056 5017 3264 5087 ἀγαθόν
3287 5020 3431 5072 εἰσιν
3483 5021 3741 5083 ἐναντία,

2134 5107 2268 5161 ἀλλά
2299 5106 2440 5161 κατά
2469 5107 2528 5160 τὸ
2557 5102 2719 5161 εἶναι.
2744 5107 2826 5161 Τά
2851 5108 2960 5180 γὰρ
2980 5108 3134 5174 ὅντα,
3159 5109 3222 5161 οὐ
3252 5107 3546 5173 παντελῶς
3579 5112 3743 5162 ἐνατ-

2133 5198 2222 5250 τία
2244 5213 2259 5228 ’
2300 5197 2441 5250 κατά
2473 5197 2583 5268 γὰρ
2611 5197 2744 5251 αὐτὸ
2773 5197 2834 5252 τὸ
2863 5193 3002 5251 εἶναι
3052 5198 3413 5254 κοινωνοῦσιν
3445 5201 3738 5270 ἀλλήλοις.

2129 5287 2208 5357 τῷ
2243 5288 2297 5341 δὲ
2324 5289 2436 5341 ὄντι
2468 5289 2529 5341 τὸ
2569 5289 2644 5359 μὴ
2695 5283 2835 5343 εἶναι
2883 5289 3123 5344 ἐναντίον
3145 5307 3159 5320 ·
3191 5289 3336 5343 ὥστε
3361 5291 3410 5343 εἰ
3443 5288 3745 5353 παντελῶς

2127 5380 2370 5434 ἐναντίον
2400 5368 2478 5451 τῖῖ)
2512 5379 2703 5451 ἀγαθῷ
2728 5381 2788 5434 τὸ
2815 5380 2986 5436 κακον
3006 5419 3023 5445 ,
3055 5378 3174 5435 ἐστι
3203 5379 3261 5433 δὲ
3285 5380 3346 5434 τὸ
3369 5379 3610 5448 ἀγαθὸν,
3633 5376 3744 5433 οὐκ

453 5223 519 5263 eo
548 5207 694 5278 quod
725 5214 876 5272 sunt,
909 5205 1053 5260 inter
1083 5217 1142 5259 se
1177 5206 1444 5273 pugnent.
1467 5198 1600 5253 Nam
1629 5214 1692 5255 ea
1725 5215 1848 5269 quae
1875 5208 2022 5267 sunt,

452 5300 875 5369 haudquaquam
911 5296 1061 5352 omni
1103 5311 1168 5351 cx
1205 5304 1359 5364 parte
1412 5301 1677 5365 pugnant.
1739 5292 2022 5362 Siquidem

455 5391 561 5444 hac
591 5390 708 5459 ipsa
740 5388 952 5443 ratione
985 5384 1129 5455 quod
1161 5393 1313 5451 sunt,
1343 5384 1487 5439 inter
1537 5398 1597 5438 se
1652 5383 2013 5437 conveniunt.

1759 5553 2005 5612 VARle
2045 5551 2455 5609 LECTIONES.

547 5645 757 5700 ‘Basil.
793 5649 946 5705 deest
977 5651 1144 5702 αἰτία.
1260 5653 1283 5689 ε
1317 5647 1460 5718 Lego
1483 5650 1553 5701 εἰ.
1591 5663 1714 5703 cum
1759 5647 2118 5702 Leunclavio.
