3930 6206
301 241 437 309 1517

1290 244 1668 305 DIALOGUS
1705 242 1997 301 CONTRA
2040 242 2514 303 MANICH/EOS.

3410 239 3546 307 1518

297 357 418 409 ἐστι
447 356 505 409 δὲ
538 356 599 409 τὸ
619 357 805 411 κακόν.
832 357 994 409 Ὥστε
1021 354 1125 407 τδὶι
1151 354 1319 407 κακὸν
1352 351 1605 424 στέρησίς
1635 353 1749 403 ἐστι
1777 347 1853 401 τοῐ

1977 350 2043 401 At
2075 364 2204 402 vero
2242 350 2291 403 ei
2323 350 2470 418 quod
2506 356 2613 413 est,
2647 350 2781 404 illud
2822 352 2965 421 quod
3007 368 3115 409 non
3148 364 3252 420 est,
3290 354 3543 413 adversar

299 441 460 510 εἶναι,
496 446 592 507 καὶ
624 447 791 500 κακὸν
838 446 1059 514 λέγεται
1094 463 1109 511 ;
1142 445 1237 499 καὶ
1266 445 1314 497 εί
1358 443 1516 497 οὑσία
1548 441 1611 494 τὸ
1642 438 1866 508 ἀγαθὸν,

300 534 553 588 άνοὺσιον
575 535 637 590 τὸ
662 537 850 600 κακὸν,
872 537 906 607 ἢ
932 538 995 591 οὑ
1026 538 1202 607 πάντη
1240 536 1481 591 ἐναντία.

1977 446 2101 489 tnr.-
2120 438 2402 507 Adeoque,
2435 438 2480 493 si
2523 438 2726 492 malum
2760 440 2903 494 bono
2945 444 3014 495 sit
3059 460 3288 513 prorsus
3326 456 3547 501 contra-

1979 530 2144 593 rium,
2169 543 2294 582 cum
2331 530 2474 585 bono
2511 530 2615 585 soli
2655 546 2778 585 esse
2827 535 3140 599 conveniat,
3188 538 3393 590 malum
3446 552 3546 591 nec

299 628 405 681 erit
435 628 674 696 quidem.
706 627 895 699 Itaque
932 632 1135 684 malum
1162 631 1284 699 ejus
1314 628 1462 699 quod
1494 634 1600 689 est,
1636 623 1870 694 privatio
1909 630 2013 685 est,
2046 635 2168 690 qua:
2199 622 2400 675 malum
2427 624 2769 678 nominatur.
2844 625 2986 689 Quin
3014 628 3060 679 si
3100 630 3300 684 bonum
3358 648 3546 688 essen-

299 716 370 768 tia
412 724 517 775 est,
566 717 772 770 malum
813 719 1048 787 proinde
1088 719 1327 774 essentia
1377 726 1567 772 caret:
1634 712 1879 781 alioquin
1912 726 1975 763 ex
2011 710 2161 764 omni
2193 718 2354 779 parte
2381 726 2488 765 non
2519 711 2902 768 adversantur.

370 804 451 858 ιδ’.
481 805 654 860 MAN.
684 802 819 860 Εἶτα
858 810 958 879 οὑχ
983 812 1189 880 δρᾶται
1237 810 1405 862 κακία
1445 811 1503 861 ὲν
1545 809 1656 869 τοῖς
1687 801 1869 869 οῦσινς

297 898 447 949 ΟΡΘ.
488 896 552 947 Ἦ
589 898 859 970 παντελὴς
879 898 1087 953 κακίαι
1116 902 1213 969 οὑχ
1242 901 1435 971 δρᾶται
1468 900 1527 951 ἐν
1553 900 1665 960 τοῖς
1699 894 1868 950 οὖσιν·

296 988 419 1041 οὔτε
448 989 556 1057 γάρ
577 989 710 1052 Θεὸς
740 992 767 1042 6
794 990 963 1055 ὅντως
994 989 1089 1052 ὢν,
1119 990 1331 1044 καὶτοῦ
1366 986 1507 1043 εἶναι
1536 973 1751 1051 αἴτιος,
1769 1005 1870 1041 κα-

300 1082 413 1144 κία,
448 1080 572 1132 οὔτε
615 1098 669 1132 τι
714 1081 822 1134 τῶν
873 1082 1195 1148 γεγονότων,
1245 1082 1380 1135 καθὸ
1437 1083 1649 1150 γέγονε,
1676 1081 1866 1145 κακὸν,

300 1173 437 1226 ἀλλὰ
461 1173 522 1225 τό
572 1188 632 1224 τε
660 1171 772 1225 τῶν
810 1172 1026 1226 πάντων
1054 1174 1245 1237 αἴτιον,
1270 1173 1471 1241 ἀγαθὸν
1495 1172 1542 1245 ι,
1572 1172 1665 1225 καὶ
1691 1173 1867 1224 πάντα

299 1264 365 1317 τὰ
396 1264 664 1332 γενόμενα
702 1265 794 1317 ὑπ’
833 1264 998 1317 αὑτοῦ
1044 1264 1244 1332 ἀγαθά.
1280 1266 1461 1319 Πάντα
1504 1266 1562 1319 δὲ
1606 1265 1673 1319 τά
1714 1266 1863 1328 ὅντα,

302 1358 389 1408 ὑπ’
419 1356 609 1419 αὑτοῦ,
639 1358 703 1410 ὲκ
735 1355 827 1408 τοῦ
885 1358 960 1425 μὴ
1006 1357 1158 1421 ὄντος
1184 1359 1263 1420 είς
1300 1358 1361 1409 τὸ
1391 1353 1532 1410 εἶναι
1580 1356 1859 1428 παρήχθη,

298 1443 390 1495 καὶ
432 1444 612 1496 πάντα
664 1441 824 1502 καλὰ,
855 1443 950 1495 καὶ
986 1443 1105 1497 λίαν
1128 1444 1301 1497 καλά·
1334 1444 1394 1496 τὸ
1428 1444 1485 1497 δὲ
1522 1444 1687 1497 κακὸν
1715 1443 1866 1497 οὐδὲν

294 1534 478 1603 ἕτερόν
530 1534 664 1594 ἔστι,
694 1534 743 1584 εἰ
778 1532 853 1603 μὴ
894 1533 1136 1603 ἀποϐολὴ
1181 1537 1273 1587 καὶ
1320 1535 1575 1605 στέρησις
1620 1534 1865 1595 ἑκούσιος

2051 802 2138 855 14.
2177 801 2340 854 ΜΛΝ.
2378 801 2601 865 Verum,
2634 806 2884 874 nunquid
2930 808 3130 861 malum
3168 810 3223 863 in
3249 815 3411 867 rebus
3434 831 3543 870 non

1974 893 2333 963 perspicitur.
2371 894 2579 951 ORTll.
2611 895 2810 950 Malum
2871 898 3115 967 undique
3142 900 3443 969 perfectum
3487 906 3542 960 in

1971 986 2141 1039 rebus
2174 1001 2284 1041 non
2317 989 2588 1041 cernitur.
2631 987 2768 1041 Nam
2801 1004 2899 1043 nec
2932 988 3097 1054 Deus,
3137 994 3229 1060 qui
3279 1011 3405 1051 vere
3435 1006 3539 1065 est,

1972 1075 2206 1145 aliisque
2251 1078 2417 1132 rebus
2460 1086 2681 1148 przestat
2723 1090 2781 1132 ut
2829 1079 2959 1143 sint,
3016 1082 3217 1135 malum
3263 1095 3386 1149 est;
3441 1103 3543 1142 nec

1970 1168 2270 1245 quidquam
2304 1184 2493 1224 eorum
2535 1186 2656 1239 qua:
2694 1170 2764 1225 ab
2789 1171 2907 1240 ipso
2953 1174 3173 1227 condita
3230 1187 3379 1241 sunt,
3434 1194 3541 1248 qna

1970 1260 2253 1315 conditum
2297 1269 2382 1315 est
2422 1261 2654 1328 ratione,
2703 1263 2903 1317 malum
2954 1275 3060 1319 est.
3106 1264 3365 1330 Quinimo
3425 1280 3539 1323 tum

1969 1367 2152 1406 rerum
2213 1353 2591 1408 universarum
2642 1368 2832 1417 causa,
2872 1363 2987 1409 tum
3035 1372 3155 1425 qua:
3200 1373 3264 1412 eo
3319 1369 3543 1415 auctore

1969 1444 2273 1510 exsistunt,
2303 1446 2448 1500 bona
2482 1454 2629 1499 sunt.
2659 1444 2831 1500 Porro
2881 1461 2968 1501 res
3021 1463 3210 1503 omnes
3255 1450 3323 1505 ab
3362 1466 3428 1506 eo
3474 1467 3541 1507 ex

1968 1535 2140 1590 nihilo
2184 1548 2310 1592 sunt
2339 1535 2536 1591 editae:
2574 1546 2740 1605 atque
2767 1539 2945 1591 omnia
2976 1540 3135 1600 bona,
3172 1538 3415 1603 fuerunt,
3481 1552 3535 1596 et

292 1624 397 1676 τῶν
424 1624 529 1675 ὑπὸ
563 1622 696 1676 Θεοῦ
721 1626 785 1694 τῇ
812 1624 1002 1693 λογικῇ
1037 1624 1195 1691 φύσει
1219 1624 1609 1695 δεδωρημένων
1634 1642 1646 1654 ·
1678 1625 1853 1693 ὥσπερ

1969 1628 2191 1696 quidem
2228 1628 2365 1682 bona
2382 1628 2532 1682 valde
2556 1631 2596 1680 ³.
2634 1628 2835 1682 Malum
2865 1640 3044 1684 autem
3072 1631 3207 1684 nihil
3244 1626 3393 1687 aliud
3431 1642 3536 1697 est,

292 1714 475 1777 πενία,
501 1712 734 1766 πλούτου
790 1714 1072 1781 ἀποϐολή·
1112 1714 1340 1777 πλοῦτος
1398 1717 1495 1784 μὲν
1538 1716 1648 1784 γάρ
1690 1718 1859 1777 ἐστιν,

290 1805 461 1859 ὄντων
498 1808 711 1876 κτῆσις,
740 1806 966 1876 χρυσοῦ,
1000 1806 1095 1859 κα)⁸
1126 1807 1389 1877 ἀργύρου,
1410 1808 1504 1861 καὶ
1530 1806 1691 1860 λίθων
1712 1808 1859 1859 διαυ-

293 1897 403 1965 γῶν
435 1898 530 1950 καὶ
562 1897 790 1966 ἐσθῆτος
824 1898 1107 1968 διαφόρου,
1142 1898 1371 1964 παίδων,
1404 1898 1499 1951 καὶ
1533 1898 1856 1961 παιδισκῶν,

288 1986 521 2053 ἀλόγων,
554 1985 648 2038 καὶ
679 1986 929 2055 ἀρουρῶν
950 2026 963 2047 ,
992 1988 1085 2039 καὶ
1134 1985 1242 2038 τῶν
1294 1988 1550 2040 τοιούτων
1574 2026 1589 2050 ,
1621 1980 1695 2040 ὧν
1728 1987 1858 2040 ἕκα-

289 2091 413 2127 στον
457 2076 614 2128 οὐσία
654 2077 792 2128 ἐστί.
824 2075 916 2127 Διό
950 2077 1046 2128 καὶ
1079 2075 1333 2137 πλούσιος
1382 2075 1600 2143 λέγεται
1631 2077 1659 2126 ὁ
1687 2074 1859 2126 ταῦτα

288 2167 631 2235 κτησάμενος
654 2184 667 2196 ·
697 2159 807 2219 οἷόν
848 2183 932 2227 τις
983 2165 1429 2237 πολυπεριούσιος
1449 2207 1463 2229 ,
1492 2165 1690 2236 πολλὴν
1721 2166 1859 2234 ἔχων

290 2258 420 2328 περὶ
448 2257 610 2310 αὑτὸν
638 2257 846 2311 οὐσίαν.
884 2258 946 2309 '11
973 2256 1029 2310 δὲ
1062 2258 1242 2321 πενία,
1276 2258 1477 2329 μερικὴ
1507 2258 1626 2327 μὲν,
1657 2257 1856 2327 μερικὴ

287 2348 493 2400 τούτων
526 2348 784 2417 ἀποϐολὴ,
820 2349 1090 2417 παντελὴς
1126 2349 1203 2413 δὲ,
1241 2348 1509 2418 παντελὴς
1560 2348 1814 2417 στέρησις
1840 2363 1853 2376 ο

289 2440 387 2492 καὶ
411 2440 595 2511 ὥσπερ
621 2442 653 2511 ἡ
681 2441 973 2512 ὀλοκληρία
1005 2442 1098 2494 τοῦ
1125 2439 1377 2511 σώματος
1404 2440 1588 2501 καλὸν,
1616 2441 1649 2507 ἡ
1678 2439 1735 2491 δὲ
1761 2436 1855 2490 τοῦ

288 2531 411 2592 ἑνὸς
440 2531 636 2600 μέρους
664 2531 928 2601 ἀποϐολὴ,
956 2530 1181 2602 μερικδν
1208 2531 1398 2593 κακὸν,
1420 2531 1517 2599 οὑχ
1540 2530 1782 2599 ὑπάρχον
1804 2527 1853 2594 ιι,

281 2620 400 2673 ἀλλ’
425 2622 759 2692 ὑπάρχοντος
808 2625 1084 2694 στέρησις.
1130 2623 1356 2693 Ὀρᾶται
1394 2624 1470 2688 δὲ,
1503 2624 1623 2691 ἦτοι
1653 2624 1854 2674 νοεῖται

275 2716 341 2765 ἐν
365 2714 443 2783 τῷ
471 2715 609 2780 δντι,
640 2716 738 2785 οὑχ
766 2716 841 2779 ὡς
884 2715 963 2776 ὃν,
998 2715 1110 2767 ἀλλ’
1142 2716 1216 2777 ὡς
1265 2715 1665 2783 ἀπογενόμενον
1691 2730 1706 2745 ο
1743 2708 1853 2765 οἷον

274 2806 561 2876 ὀφθαλμὸς
600 2808 694 2859 καὶ
721 2808 929 2874 ὅρασις,
963 2807 1198 2876 ὑπάρχει
1233 2806 1327 2858 καὶ
1377 2806 1558 2865 ἔστιν,
1587 2807 1620 2873 ἠ
1664 2804 1719 2855 δὲ
1758 2802 1852 2856 τὺ-

275 2899 509 2967 φλωσις,
559 2900 659 2949 οὑκ
722 2896 867 2948 ἐστιν
926 2896 1123 2961 οὐσία,
1157 2895 1291 2948 ἀλλά
1346 2894 1441 2947 τοῦ
1510 2894 1854 2963 ὑπάρξαντος

274 2989 562 3059 ὀφθαλμοῦ
583 2989 847 3042 ἀπώλεια.
874 2989 1174 3060 Θεωρεῖται
1206 2988 1263 3040 δὲ
1287 2989 1344 3039 ὲν
1373 2987 1449 3057 τῷ
1482 2984 1855 3054 συνισταμένῳ

274 3082 375 3133 καὶ
413 3080 525 3132 ὅντι
581 3078 793 3148 σώματι
822 3118 836 3143 ,
870 3080 965 3147 οὑχ
1013 3078 1088 3140 ὡς
1119 3077 1214 3145 δν,
1244 3075 1358 3129 ἀλλ’
1389 3076 1465 3138 ὡς
1515 3073 1855 3143 ὑπάρξαντος

274 3169 559 3241 ὀφθαλμοῦ
590 3170 847 3239 στέρησις
872 3186 884 3198 ·
904 3170 1000 3223 καὶ
1036 3168 1209 3233 οὑτως
1258 3170 1398 3221 κατὰ
1436 3167 1599 3237 μέρος
1625 3167 1657 3236 ή
1689 3180 1855 3234 προσο

276 3264 424 3332 θήκη
460 3264 556 3330 τῆς
600 3260 708 3313 τῶν
747 3260 923 3330 μελῶν
971 3260 1312 3330 στερήσεως,
1342 3256 1631 3327 προσθήκη
1681 3252 1853 3307 κακοῦ

274 3355 533 3421 λέγεται*
586 3352 648 3404 οὑ
682 3352 790 3423 γὰρ
829 3353 946 3404 ἐστι
998 3350 1057 3403 τὸ
1098 3350 1288 3411 κακὸν,
1320 3348 1456 3401 ἀλλά
1483 3349 1719 3415 λέγεται,
1761 3346 1853 3398 καὶ

276 3442 648 3514 θεωρεῖταιὲν
682 3441 760 3511 τῷ
806 3440 1205 3509 ὑπολελειμένῳ
1254 3438 1467 3509 σώματι
1520 3440 1554 3509 ἡ
1586 3437 1695 3491 τῶν
1720 3438 1853 3490 ἀπο-

276 3535 586 3605 ϐληθέντων
632 3532 964 3601 ἀνυπαρξία,
1002 3532 1099 3600 οὑχ
1137 3532 1211 3593 ὡς
1239 3530 1320 3595 ὃν,
1360 3529 1475 3584 ἀλλ’
1518 3530 1592 3592 ὡς
1644 3529 1719 3599 μὴ
1751 3530 1809 3582 ὃν
1833 3547 1848 3562 ·

274 3626 379 3696 οὑχ
407 3626 481 3687 ὡς
513 3625 644 3690 ἕξις,
682 3623 794 3677 ἀλλ’
836 3623 911 3685 ὡς
951 3622 1206 3692 στέρησις
1239 3638 1254 3653 ·
1281 3622 1425 3675 οὑτω
1466 3623 1561 3675 καὶ
1590 3624 1623 3692 ὴ
1656 3622 1848 3684 κακία,

276 3718 399 3787 ἤτοι
452 3716 719 3786 ἁμαρτία,
753 3713 1001 3775 ὲκοὺσιός
1039 3714 1156 3764 ἐστι
1207 3712 1317 3763 τῶν
1346 3714 1411 3764 ὲκ
1446 3710 1581 3763 Θεοῦ
1611 3711 1849 3781 δεδωρη-

279 3810 458 3877 μένων
479 3811 543 3878 τῇ
581 3807 773 3875 λογικῇ
814 3805 974 3874 φύσει
1004 3802 1227 3871 ἀγαθῶν
1274 3803 1517 3872 ἀποϐολή
1540 3801 1558 3840 ι
1578 3819 1591 3832 ·
1626 3803 1719 3855 ἐπὶ
1752 3803 1849 3872 μὲν

275 3900 386 3968 γὰρ
426 3900 531 3951 τῶν
562 3898 771 3965 ἀλόγων
802 3898 896 3949 καί
930 3894 1293 3964 advexe)va
1315 3894 1461 3946 ἔστιν
1486 3895 1659 3946 εἰπεῖν
1691 3890 1849 3945 ἑκού-

276 4008 411 4053 σιον,
464 3990 580 4043 ἀλλ’
628 3991 719 4041 ἐπὶ
753 3988 1009 4056 λογικῶν.
1048 3988 1235 4040 Ἔστιν
1284 3982 1375 4039 οὖν
1408 3988 1440 4053 ἡ
1472 3984 1639 4039 κακία
1672 3987 1704 4054 ή
1738 3984 1847 4037 τῶν

274 4081 522 4151 φυσικῶν
548 4081 830 4150 δυνάμεων
867 4079 1239 4150 παράχρησις.
1287 4079 1350 4131 Ei
1382 4078 1491 4147 γὰρ
1516 4076 1847 4147 ’χρησόμεθα

272 4176 393 4235 ταῖς
421 4173 571 4243 παρὰ
620 4172 753 4224 Θεοῦ
786 4171 1189 4243 δεδωρημέναις
1235 4174 1301 4241 τῇ
1334 4173 1480 4240 ψυχῇ
1527 4169 1844 4239 δυνάμεσιν,

272 4266 362 4331 ἐφ’
380 4260 423 4334 ᾧ
444 4263 994 4332 ὲλάϐομεν,τουτέστι
1028 4262 1170 4315 κατά
1186 4265 1277 4315 τὸν
1305 4262 1584 4332 νόμονητοῦ
1614 4262 1845 4314 δεδωκό-

272 4372 387 4420 τος,
419 4354 600 4408 καλόν.
626 4354 690 4407 Εἰ
722 4354 778 4407 δὲ
808 4354 906 4407 οὑκ
931 4349 1075 4424 ὲφ’ᾧ
1101 4355 1386 4426 ἐλάϐομεν,
1418 4355 1555 4409 ἀλλὰ
1577 4355 1725 4425 παρὰ
1756 4357 1845 4407 τὸν

273 4447 441 4515 νόμον
467 4445 556 4498 τοῦ
579 4445 870 4509 δεδωκότος
901 4446 1237 4517 χρησόμεθα,
1271 4446 1441 4499 κακόν
1463 4464 1477 4479 ’
1516 4446 1611 4501 καὶ
1632 4448 1732 4500 οὑκ
1755 4447 1847 4499 αὑ-

272 4539 367 4592 ταὶ
403 4540 460 4592 αἱ
487 4537 770 4607 δυνάμεις,
804 4538 926 4590 οὑδὲ
969 4540 1002 4607 ή
1050 4538 1242 4608 χρῆσις
1289 4538 1469 4591 αὑτῶν
1506 4541 1619 4591 ἐστι
1675 4540 1842 4607 κακὴ,

274 4628 392 4683 ἀλλ’
423 4630 452 4681 ὁ
485 4629 653 4691 κακὸς
675 4630 874 4699 τρόπος
902 4629 1000 4698 τῆς
1033 4630 1342 4700 χρήσεως,ὁ
1374 4629 1525 4698 παρὰ
1561 4629 1651 4683 τὸν
1682 4630 1846 4699 νόμον

272 4718 369 4771 τοῦ
391 4717 679 4781 δεδωκότος
708 4716 865 4771 Θεοῦ.
898 4718 961 4769 Ei
1012 4720 1119 4787 γὰρ
1147 4716 1351 4784 ἀγαθὸς
1393 4718 1421 4769 ὁ
1464 4718 1616 4780 Θεὸς,
1641 4716 1844 4785 ἀγαθὸς

275 4808 372 4861 καὶ
404 4810 433 4861 ό
465 4810 629 4878 νόμος
655 4807 842 4873 αὑτοῦ,
878 4808 1127 4875 φυσικὸς,
1158 4810 1251 4862 καὶ
1284 4808 1359 4861 ὢν
1394 4808 1452 4875 ἐξ
1478 4809 1647 4872 ὄντος.
1696 4809 1757 4859 Ἡ
1787 4807 1844 4860 δὲ

270 4899 465 4952 τούτου
496 4899 772 4970 παρακοὴ,
806 4900 1059 4969 στέρησις
1088 4898 1181 4951 τοῦ
1226 4899 1566 4968 ὑπάρξαντος
1600 4902 1729 4970 ἡμῖν
1757 4899 1843 4951 νό-

275 5008 380 5063 μου
413 5007 427 5021 ’
464 4985 577 5044 οἷον
606 4993 639 5061 ὴ
669 4990 935 5061 ἐπιθυμία
964 5031 978 5053 ,
1008 4993 1101 5043 καί
1137 4992 1165 5043 6
1194 4990 1387 5060 θυμὸς,
1421 4992 1515 5044 καὶ
1556 4993 1589 5061 ή
1623 4990 1840 5061 πρᾶξις,

270 5085 361 5137 καὶ
388 5085 422 5151 ἡ
452 5082 717 5153 ἐνέργεια,
744 5083 835 5135 καὶ
860 5082 967 5152 πρὸ
994 5082 1197 5134 τούτων
1225 5085 1254 5135 6
1285 5082 1560 5151 λογισμὸς,
1595 5083 1654 5134 οὑ
1678 5083 1842 5147 κακά,

270 5174 410 5229 ἀλλά
441 5174 602 5238 καλά,
638 5172 733 5226 ὲάν
782 5172 866 5240 ἐφ’
970 5172 1233 5243 ἐλάϐομεν
1282 5159 1618 5242 χρησώμεθα
1638 5214 1653 5237 ,
1703 5172 1843 5226 κατὰ

338 5294 360 5322 ³
384 5290 520 5345 Gen.
553 5306 591 5353 I,
619 5292 673 5343 5.

1970 1719 2075 1772 nisi
2107 1719 2330 1774 amissio
2352 1719 2657 1773 voluntaria
2704 1733 2768 1774 ac
2802 1722 3034 1790 privatio
3068 1738 3256 1776 eorum
3285 1738 3405 1792 qua:
3440 1738 3540 1777 na.

1970 1819 2109 1865 turre
2140 1810 2450 1865 rationabili
2477 1826 2504 1863 a
2529 1810 2639 1865 Deo
2659 1825 2925 1866 concessa
2954 1822 3112 1865 sunt:
3141 1812 3217 1866 uti
3244 1822 3538 1882 paupertas

1967 1908 2050 1953 est
2079 1914 2243 1968 opum
2286 1901 2535 1953 amissio.
2572 1898 2705 1952 Nam
2730 1901 3007 1969 opulentia
3037 1912 3118 1956 est
3155 1918 3335 1957 rerum
3384 1903 3534 1972 ipsa~

1967 2008 2090 2046 rum
2119 1992 2420 2061 possessio,
2452 2001 2603 2061 puta,
2639 1994 2779 2057 auri,
2824 1994 3060 2062 argenti,
3107 1995 3535 2063 pellucidorum,

1966 2084 2131 2137 variae
2159 2083 2349 2147 vestis,
2402 2098 2713 2145 servorum,
2751 2084 3106 2147 ancillarum,
3135 2085 3533 2152 jumentorum,

1967 2187 2245 2241 agrorum,
2280 2178 2445 2241 atque
2478 2172 2528 2225 id
2577 2188 2750 2241 genus
2796 2173 3049 2237 aliorum,
3082 2190 3319 2243 quorum
3360 2192 3535 2232 unum

1964 2264 2226 2332 quodque
2254 2264 2564 2319 substantia
2599 2275 2703 2317 est.
2754 2262 2873 2328 Quo
2914 2265 3077 2318 etiam
3117 2266 3173 2317 lit
3238 2273 3298 2318 ut
3350 2266 3537 2321 Graece

1965 2351 2240 2415 πλούσιος,
2278 2351 2553 2419 opulentus
2583 2354 2909 2420 appelletur,
2962 2355 3053 2422 qui
3087 2354 3191 2409 ista
3244 2370 3537 2425 compara-

1966 2444 2140 2506 verit;
2168 2443 2333 2497 veluti
2360 2443 2806 2510 πολυπεριοὺσιος
2828 2444 3125 2512 quispiam,
3152 2461 3247 2501 seu
3277 2448 3535 2503 substano

1964 2538 2093 2592 tiam
2117 2538 2278 2610 535
2324 2540 2547 2593 multam
2596 2541 2875 2595 obtinens.
2930 2540 3129 2594 Contra
3185 2551 3421 2612 egestas,
3486 2544 3535 2599 si

1963 2629 2145 2697 aliqua
2167 2644 2231 2682 ex
2261 2643 2413 2697 parte
2445 2630 2763 2701 contingat,
2804 2629 3037 2697 alicujus
3092 2630 3309 2684 illorum
3360 2633 3535 2700 partis

1965 2721 2192 2777 amissio
2223 2723 2365 2776 erit:
2397 2724 2443 2776 si
2467 2728 2649 2775 autent
2683 2721 3022 2783 omnimoda,
3050 2722 3365 2775 omnimoda
3396 2739 3533 2792 quo~

1963 2828 2070 2879 que
2102 2813 2357 2879 spoliatio
2386 2812 2493 2865 erit
2524 2831 2537 2867 :
2568 2828 2679 2867 non
2711 2826 2871 2865 secus
2895 2813 3149 2867 videlicet
3192 2829 3253 2868 ac
3279 2819 3533 2885 corporis

1962 2899 2251 2966 integritas
2282 2899 2483 2951 bonum
2517 2910 2638 2963 est;
2666 2899 2831 2952 unius
2862 2908 3045 2953 autem
3076 2902 3246 2969 partis
3278 2904 3528 2967 amissio.

1962 2988 2291 3057 particulare
2319 2988 2522 3041 malum
2556 3006 2570 3053 ;
2608 2989 2751 3057 quod
2790 2989 3012 3059 quidem
3047 3005 3152 3043 non
3185 3003 3267 3046 est
3318 2994 3530 3063 aliquid

1960 3078 2256 3139 exsistens,
2271 3076 2364 3130 sed
2379 3074 2499 3144 ejus
2522 3076 2668 3145 quod
2684 3085 2803 3130 erat
2822 3077 3077 3146 privatio.
3095 3078 3356 3134 Cernitur
3376 3098 3527 3148 vero,

1961 3166 2061 3220 hoc
2079 3174 2163 3222 est
2181 3164 2563 3220 consideratur
2580 3166 2633 3219 in
2653 3180 2717 3219 eo
2732 3166 2875 3235 quod
2893 3175 3110 3231 est,uon
3134 3178 3388 3237 tanquam
3408 3187 3530 3238 ens,

1958 3256 2053 3312 sed
2069 3267 2325 3326 tanquam
2346 3256 2396 3309 id
2409 3256 2553 3325 quod
2572 3256 2748 3312 abest.
2765 3258 2863 3311 Ex.
2883 3273 2965 3327 gr.
2988 3252 3184 3314 octilus
3201 3268 3254 3313 ct
3278 3262 3430 3317 visus
3448 3279 3526 3318 re-

1956 3365 2084 3404 vera
2114 3358 2269 3403 sunt:
2305 3359 2359 3402 at
2385 3349 2605 3404 cmcitas
2625 3365 2731 3402 non
2754 3358 2837 3403 est
2866 3350 3072 3419 aliquid
3098 3353 3394 3418 exsistens,
3433 3354 3528 3410 sed

1954 3441 2074 3510 ejus
2114 3440 2261 3511 quod
2320 3448 2473 3505 erat,
2507 3440 2653 3493 oculi
2706 3440 2916 3494 scilicet
2962 3441 3191 3496 amissio
3224 3462 3235 3495 :
3276 3453 3438 3513 atque
3473 3446 3528 3499 in

1954 3548 2184 3603 corpore
2233 3530 2381 3600 quod
2430 3531 2688 3587 consistit
2724 3540 2780 3587 et
2828 3541 2947 3599 est,
2984 3534 3388 3601 consideratur,
3422 3552 3527 3592 non

1955 3635 2217 3693 tanquam
2271 3623 2530 3687 ens,sed
2581 3632 2847 3689 tanquam
2911 3624 3098 3684 oeuli,
3154 3626 3248 3692 qui
3309 3624 3524 3695 fuerat,

1951 3716 2189 3769 orbitas.
2221 3712 2343 3777 Quo
2380 3712 2435 3764 fit
2483 3721 2542 3764 ut
2584 3712 2815 3779 repetita
2870 3712 3241 3765 membrorum
3282 3714 3526 3780 amissio,

1951 3802 2080 3856 mali
2114 3802 2515 3855 incrementum
2542 3798 2746 3853 dicitur
2774 3815 2788 3851 :
2823 3814 3141 3867 quanquam
3176 3802 3379 3855 malum
3411 3817 3525 3857 non

1951 3899 2060 3956 est,
2096 3890 2190 3945 sed
2216 3888 2457 3952 dicitur;
2492 3895 2659 3958 atque
2688 3887 2742 3941 in
2788 3887 3004 3957 reliquo
3032 3903 3263 3958 corpore
3295 3891 3531 3947 amisso-

1951 3996 2070 4034 rum
2103 3978 2477 4034 membrorum
2514 3976 2772 4033 iuteritus
2803 3978 3215 4043 consideratur,
3245 3995 3356 4035 non
3397 3990 3521 4037 tan-

1948 4086 2110 4141 quam
2140 4086 2261 4135 ens,
2296 4069 2391 4126 sed
2430 4077 2488 4123 ut
2522 4084 2631 4123 non
2664 4085 2799 4133 ens;
2832 4085 2934 4124 nec
2970 4080 3230 4141 tanquam
3276 4072 3523 4140 habitus,
3586 4142 3589 4145 γ

1950 4164 2044 4220 sed
2073 4171 2131 4218 ut
2158 4162 2414 4233 privatio.
2465 4160 2547 4215 Ad
2582 4160 2838 4216 eumdem
2888 4162 3051 4215 etiam
3087 4162 3309 4217 modum
3366 4164 3522 4219 mali-

1948 4259 2045 4323 tia,
2066 4258 2181 4312 sive
2216 4264 2524 4325 peccatum,
2543 4261 2628 4310 est
2657 4254 2970 4307 voluntaria
3015 4254 3282 4310 bonorum
3305 4270 3522 4320 eorum,

1951 4364 2073 4420 qum
2105 4359 2310 4402 natura:
2355 4346 2571 4400 ratione
2602 4345 2848 4415 praiditaa
2881 4360 2911 4397 a
2945 4344 3057 4400 Deo
3090 4361 3357 4428 concessa
3388 4358 3521 4403 sunt

1953 4443 2202 4499 amissio.
2229 4438 2362 4494 Nam
2399 4439 2452 4493 in
2485 4438 2553 4493 iis
2578 4452 2701 4508 quae
2732 4437 2945 4493 ratione
2988 4446 3152 4506 atque
3207 4440 3389 4493 anima
3425 4453 3520 4493 ca-

1956 4542 2097 4595 rent,
2134 4531 2504 4587 voluntarium
2527 4528 2635 4584 dici
2674 4544 2783 4583 non
2817 4535 3021 4597 potest,
3049 4528 3142 4582 sed
3173 4531 3225 4583 in
3260 4529 3371 4583 illis
3400 4546 3520 4600 quat

1953 4629 2171 4682 ratione
2201 4632 2455 4678 utuntur.
2497 4622 2769 4689 Quocirca
2800 4620 3011 4675 malitia
3053 4620 3191 4674 nihil
3234 4621 3379 4674 aliud
3413 4631 3519 4684 εει.

1948 4735 2111 4789 quam
2165 4716 2498 4771 naturalium
2561 4714 2881 4768 facultatum
2933 4713 3160 4768 abusus.
3211 4713 3420 4769 Etenim
3471 4715 3518 4769 si

1949 4810 2158 4864 viribus
2215 4807 2329 4862 illis
2359 4821 2481 4875 qua:
2525 4805 2722 4859 animm
2774 4820 2801 4856 a
2839 4802 2950 4859 Deo
2997 4804 3218 4858 tributa:
3256 4811 3406 4860 sunt.
3449 4805 3517 4858 ad

1920 4894 2038 4955 illa
2086 4907 2329 4961 utamur,
2372 4905 2592 4969 promer
2639 4910 2761 4965 qua:
2812 4896 2960 4965 ipsas
3012 4895 3367 4964 accepimus,
3413 4894 3517 4949 hoc

1946 5002 2051 5055 est,
2081 4989 2384 5046 secundum
2420 4988 2591 5055 legem
2629 4986 2779 5041 illius
2813 4988 2905 5057 qui
2950 5002 3045 5042 eas
3084 4986 3383 5051 concessit,
3417 4984 3515 5040 bo-

1952 5096 2081 5136 num
2111 5088 2228 5134 est:
2259 5077 2344 5133 sin
2372 5085 2551 5130 autem
2580 5092 2692 5131 non
2729 5076 2797 5131 ad
2825 5077 2899 5142 id,
2931 5077 3094 5147 cujus
3122 5091 3291 5131 causa
3314 5090 3410 5131 eas
3427 5092 3514 5130 ac.-

1952 5172 2235 5241 ecpimus,
2270 5167 2364 5222 sed
2414 5174 2606 5220 contra
2636 5181 2801 5236 quam
2838 5167 3021 5221 sanxit
3065 5166 3156 5221 ille
3200 5165 3293 5236 qui
3341 5164 3509 5230 dedit,

1583 5374 1817 5429 VARle
1858 5376 2262 5431 LECTIONES.

342 5478 369 5517 ιι
406 5462 635 5531 Emend.
682 5475 1069 5533 Leunclavins.
1125 5474 1205 5525 ὅτι
1230 5474 1312 5534 τὸ,
1350 5480 1408 5524 ut
1439 5470 1751 5538 assignetur
1776 5471 1917 5523 ratio
1938 5485 2036 5524 cur
2062 5470 2263 5523 malum
2305 5484 2372 5524 ex
2407 5472 2475 5525 iis
2506 5486 2613 5524 non
2646 5472 2740 5536 sit,
2770 5470 2972 5540 quibus
2995 5468 3249 5540 convenit
3281 5478 3338 5540 ut
3375 5469 3512 5532 sint.

269 5547 466 5617 sedsit
503 5547 736 5617 privatio
753 5560 817 5617 ac
850 5543 1121 5617 defectus.

271 5616 327 5673 in
375 5615 539 5674 Basil.
643 5616 757 5670 Hi.
792 5615 1047 5681 ὑπάρχει.

1204 5546 1219 5580 ί
1262 5540 1485 5612 Leuncl.
1519 5540 1815 5612 legendum
1854 5549 2036 5612 mouet
2089 5541 2141 5593 in
2178 5554 2349 5610 marg.
2393 5540 2722 5612 παντελῶςὴ
2760 5540 2950 5596 κακία.

1148 5608 1167 5649 ι
1199 5612 1368 5665 Abest
1397 5607 1637 5679 ἀποϐολὴ
1663 5607 1715 5662 in
1750 5608 1915 5666 Basil.

3031 5539 3043 5589 ἱ
3077 5541 3258 5606 Deest,
3286 5539 3512 5607 ἀγαθόν,
