3930 6206
424 182 563 249 1519

1635 183 1694 242 S.
1730 183 2048 243 JOANNIS
2079 183 2474 244 DAMASCEN
2483 183 2510 242 Ι

3553 181 3686 244 15ίῦ

423 300 649 354 malum.
684 287 803 353 Non
834 293 978 363 quod
1010 292 1300 350 facultates
1331 296 1483 366 ipsas,
1517 305 1609 351 aut
1644 311 1833 352 earum
1869 311 1994 351 usus

2102 297 2191 350 τὸν
2224 297 2386 366 νόμον
2419 296 2511 348 τοῦ
2565 295 2873 358 δεδωκότος.
2907 297 3069 350 Κακά
3103 297 3162 349 δὲ
3204 297 3305 349 οὐκ
3344 295 3531 360 αὐτὰ,
3555 296 3684 349 ἀλλὰ

421 391 603 446 malus
639 390 731 453 sit,
771 388 866 444 sed
901 387 1044 457 quod
1078 386 1252 441 malus
1304 386 1491 441 utendi
1533 387 1730 442 modus
1774 393 1828 439 et
1869 401 1996 440 cum

425 481 711 553 largientis
745 479 841 535 Dei
883 480 998 550 lege
1025 493 1302 549 pugnans.
1343 477 1478 532 Nam
1521 479 1568 533 si
1622 478 1765 533 Deus
1817 478 1996 533 bonus

423 585 529 638 est,
567 575 708 627 bona
747 587 969 643 quoque
998 583 1082 628 est
1115 575 1201 626 lex
1229 571 1436 642 ipsius;
1467 571 1736 625 naturalis
1759 571 1994 636 scilicet,

424 674 480 721 ct
509 680 632 736 quae
669 679 768 719 ens
804 671 888 718 est
921 679 985 716 ex
1030 670 1196 718 cnle:
1230 662 1352 732 ejus
1381 669 1561 715 autem
1603 660 1994 731 transgressio,

423 757 698 814 exstantis
722 756 776 809 in
806 755 969 810 nobis
1003 756 1139 825 legis
1164 755 1398 825 privatio
1440 763 1544 810 est.
1580 754 1640 808 γ.
1669 771 1749 825 gr.
1784 754 1996 825 appeti-

423 859 536 912 tus,
562 858 613 901 et
637 848 743 911 ira,
768 855 821 902 et
839 848 1002 912 actio,
1029 855 1081 900 et
1105 847 1376 915 operatio,
1400 855 1455 900 et
1478 862 1599 916 qua:
1632 847 1718 902 his
1742 846 1997 901 omnibus

423 941 580 1011 praeit
615 940 778 1002 ratio,
816 939 931 992 haec
975 953 1084 991 non
1127 938 1269 991 mala
1321 947 1470 1003 sunt,
1503 939 1596 993 sed
1649 940 1788 992 bona
1811 978 1825 1003 ,
1851 939 1897 993 si
1929 937 1997 992 ad

423 1048 547 1088 eum
608 1031 790 1092 ﬁnem,
816 1031 888 1084 ob
919 1044 1083 1098 quem
1131 1029 1466 1098 accepimus,
1500 1044 1562 1084 ea
1612 1029 1995 1092 adhibeamus,

423 1125 528 1179 hoc
558 1133 642 1178 est
665 1121 968 1177 secundum
995 1120 1218 1190 Dei,qui
1254 1121 1425 1184 dedit,
1462 1122 1653 1192 legem.
1687 1121 1807 1191 Ipsa
1831 1135 1996 1190 porro

422 1214 568 1267 mala
595 1227 703 1266 non
735 1219 885 1275 sunt,
909 1212 1002 1266 sed
1029 1226 1218 1266 eorum
1244 1227 1402 1274 usus,
1437 1226 1600 1266 secus
1624 1227 1688 1266 ac
1721 1211 1836 1282 lege
1860 1225 1994 1265 con-

421 1305 673 1360 cedentis
720 1303 1110 1374 praescribitur.
1142 1302 1357 1357 Etenim
1412 1303 1458 1358 si
1493 1303 1639 1366 cilio,
1671 1310 1726 1358 et
1756 1309 1906 1372 potu,
1944 1311 1997 1356 et

422 1410 640 1460 somno,
674 1395 909 1464 aliisque
968 1394 1019 1447 id
1049 1393 1267 1464 generis
1292 1433 1306 1457 ,
1357 1393 1640 1448 servanda:
1677 1393 1802 1447 vitae
1827 1407 1996 1448 causa

421 1490 654 1549 utimur,
680 1486 912 1557 quodvis
935 1487 1131 1539 horum
1158 1485 1364 1539 bonum
1389 1493 1492 1540 est.
1520 1485 1724 1540 Eodem
1757 1485 1919 1540 modo
1948 1485 1995 1539 si

422 1597 549 1652 erga
582 1579 748 1635 Deum
774 1579 865 1649 qui
893 1578 1045 1634 solus
1085 1584 1281 1631 natura
1305 1577 1644 1646 expetendus
1691 1586 1796 1641 est,
1831 1586 1995 1644 atque

2101 389 2160 442 τὸ
2193 390 2266 459 μὴ
2308 389 2446 442 κατά
2476 389 2566 442 τὸν
2610 388 2772 459 νόμον
2800 387 2892 440 τοῦ
2924 388 3217 451 δεδωκότος
3253 387 3602 459 χρήσασθαι.
3633 389 3690 439 E‘:

2101 481 2208 551 γὰρ
2239 481 2375 551 πρὸς
2429 480 2686 533 σύστασιν
2726 478 2826 546 τῆς
2873 479 3017 548 ζωῆς
3057 479 3402 550 χρησώμεθα
3461 478 3689 549 βρώσει,

2100 571 2282 635 πόσει,
2316 570 2490 642 ὕπνῳ,
2527 571 2622 624 καὶ
2659 572 2774 634 τοῖς
2806 569 3090 633 τοιούτοις,
3121 569 3284 623 καλὸν
3311 569 3533 622 τούτων
3559 570 3693 622 ἐκα-

2103 677 2229 714 στον
2251 675 2263 690 '
2288 661 2384 714 καὶ
2411 662 2460 713 εί
2486 663 2551 730 τῇ
2586 660 2856 728 ἐπιθυμίᾳ
2892 659 2986 712 καὶ
3015 663 3079 729 τῇ
3121 661 3312 730 ἀγάπῃ
3343 659 3692 729 χρησώμεθα

2099 754 2237 825 πρὸς
2267 753 2358 807 τὸν
2393 753 2546 816 Θεὸν,
2579 753 2670 806 τὸν
2730 753 2895 822 νόμον
2944 751 3102 821 φύσει
3163 751 3512 821 ἐπιθυμητὸν
3535 791 3554 812 ,
3601 754 3696 804 καὶ

2101 835 2239 922 πρός
2262 844 2355 898 τὸν
2383 845 2614 914 πλησίον
2641 844 2785 897 κατά
2828 843 2920 895 τὸν
2965 847 3130 912 νόμον
3171 843 3264 896 τοῦ
3295 842 3461 905 Θεοῦ,
3485 843 3690 894 καλόν·

2100 937 2193 990 καὶ
2227 938 2276 990 εἰ
2297 939 2365 1008 τῇ
2393 935 2535 1006 μίξει
2561 936 2893 1007 χρησώμεθα
2918 937 3041 998 ταῖς
3069 935 3279 988 ἑαυτῶν
3303 935 3534 1003 γυναιξὶ
3558 936 3695 1004 πρὸς

2098 1028 2446 1098 τεκνογονίαν
2476 1028 2619 1082 κατά
2666 1028 2757 1080 τὸν
2811 1028 2974 1096 νόμον
3019 1027 3113 1080 τδν
3159 1027 3386 1080 δοθέντα
3421 1031 3489 1096 τῇ
3531 1027 3696 1094 φύσει

2097 1122 2253 1192 παρά
2279 1121 2373 1175 τοῦ
2397 1119 2554 1186 Θεοῦ,
2586 1119 2750 1174 καλὸν
2767 1136 2781 1148 ·
2806 1122 2854 1172 εί
2871 1119 2938 1172 ’δὲ
2963 1119 3296 1190 χρησώμεθα
3321 1121 3390 1188 τῇ
3418 1119 3697 1190 ἐπιθυμία

2099 1214 2238 1286 πρὸς
2275 1213 2343 1266 τὰ
2379 1212 2636 1282 ἀλλότρια
2669 1211 2820 1280 παρά
2847 1211 2938 1263 τὸν
2959 1212 3124 1280 νόμον
3169 1210 3264 1264 τοῦ
3295 1212 3460 1269 Θεοῦ.
3489 1212 3691 1264 κακόν.

2099 1299 2235 1357 Είπε
2266 1302 2374 1374 γὰρ
2408 1305 2436 1356 ό
2455 1302 2589 1365 Θεός
2612 1319 2626 1332 ο
2665 1320 2683 1352 t
2721 1301 2836 1354 Οὐκ
2865 1299 3230 1369 ἐπιθυμήσεις
3260 1300 3350 1352 τὸν
3385 1301 3573 1368 ἀγρὸν
3604 1300 3695 1352 τοῦ

2099 1395 2327 1464 πλησίον
2360 1411 2476 1459 σου,
2512 1392 2635 1446 οὐδὲ
2662 1393 2763 1463 τὴν
2787 1395 3022 1460 γυναῖκα
3047 1390 3232 1454 αὐτοῦ,
3255 1391 3379 1444 οὐδὲ
3407 1393 3516 1444 ὅσα
3543 1392 3699 1461 αὖτῷ

2098 1491 2267 1544 ἐστιν.
2305 1507 2325 1540 ι
2354 1488 2418 1540 Ἥ
2445 1486 2673 1557 πορνεία
2705 1487 2766 1537 οὐ
2793 1483 2880 1537 διὰ
2906 1483 3006 1554 τὴν
3036 1482 3332 1551 συνάφειάν
3359 1483 3487 1534 ἐστι
3519 1483 3694 1552 κακὴ,

2099 1580 2234 1634 ἀλλά
2277 1579 2364 1633 διὰ
2395 1579 2458 1632 τὸ
2509 1580 2610 1649 τὴν
2662 1576 2952 1648 ἀλλοτρίαν
3008 1575 3368 1645 ωναφθῆναι.
3409 1575 3478 1626 Ἢ
3532 1591 3695 1626 κενο-

421 1687 552 1739 erga
603 1671 907 1741 proximum
934 1712 950 1738 ,
986 1669 1448 1734 quemadmodum
1497 1668 1617 1738 lege
1657 1667 1750 1722 Dei
1798 1666 1994 1731 fertur,

2098 1669 2268 1736 δοξία,
2301 1669 2360 1722 οὐ
2395 1667 2484 1722 διὰ
2508 1668 2569 1720 τὸ
2590 1669 2813 1738 ἀγαπᾷν
2840 1668 2940 1736 τὴν
2978 1665 3170 1732 δόξαν,
3206 1665 3374 1734 κακὴ,
3409 1664 3558 1716 ἀλλὰ
3605 1665 3694 1716 διὰ

421 1762 665 1832 appetitu
700 1768 752 1815 ει
773 1775 959 1814 amore
993 1769 1248 1822 utamur,
1295 1757 1498 1813 bonum
1537 1766 1643 1814 est.
1675 1757 1731 1812 Si
1768 1757 1995 1827 insuper

419 1853 888 1925 procreandorum
926 1851 1228 1905 liberorum
1267 1865 1435 1904 causa
1466 1892 1479 1915 ,
1528 1857 1588 1903 ut
1638 1849 1743 1903 fert
1771 1849 1858 1904 lex
1897 1863 1995 1902 na-

421 1957 561 2000 turze
607 1959 638 1998 a
697 1943 806 1998 Deo
862 1943 1006 2008 lata,
1060 1940 1293 1996 maritali
1342 1940 1540 2009 copula
1573 1955 1697 2000 cum
1731 1939 1993 1994 uxoribus

420 2035 631 2092 nostris
666 2042 909 2097 utamur,
946 2034 1154 2088 bonum
1203 2041 1308 2086 est.
1349 2031 1446 2086 Sin
1487 2046 1640 2096 vero,
1680 2038 1872 2084 contra
1901 2029 1995 2084 Dei

421 2127 636 2196 legem,
675 2139 807 2192 erga
867 2123 1046 2178 aliena
1096 2121 1394 2191 appetitum
1463 2121 1832 2189 applicemus,
1874 2131 1992 2170 ma-

418 2218 533 2272 lum
591 2225 695 2272 est.
729 2214 878 2268 Dixit
926 2215 1072 2268 enim
1133 2213 1277 2268 Deus
1327 2230 1340 2266 :
1382 2229 1402 2263 ι
1451 2211 1571 2265 Non
1635 2208 1995 2279 concupisces

421 2321 614 2376 agrum
665 2304 898 2374 proximi
931 2304 1052 2369 tui;
1085 2317 1194 2356 non
1251 2316 1476 2356 uxorem
1519 2300 1660 2370 ejus,
1705 2315 1805 2354 nec
1844 2313 1995 2368 qua:-

420 2411 638 2466 tunque
693 2396 868 2465 ipsius
898 2405 1028 2448 sunt
1061 2394 1100 2445 ³.
1137 2411 1154 2442 ι
1217 2391 1281 2444 Ει
1331 2391 1552 2460 quidem
1593 2398 1650 2443 ut
1702 2388 1995 2442 fornicatio

420 2487 627 2542 malum
685 2485 792 2551 sit,
827 2499 936 2538 non
969 2483 1302 2538 concubitus
1353 2481 1522 2548 facit,
1577 2482 1672 2538 sed
1709 2481 1836 2551 quia
1867 2494 1992 2533 eum

421 2580 600 2635 aliena
652 2578 711 2632 lit
747 2561 1088 2646 conjunctio.
1139 2573 1231 2628 Sic
1287 2576 1469 2631 inanis
1517 2574 1724 2644 gloria,
1769 2587 1881 2626 non
1938 2571 1994 2625 in

421 2686 488 2724 eo
538 2668 680 2724 mala
730 2677 850 2733 est,
889 2668 1037 2736 quod
1092 2665 1263 2737 gloria
1303 2673 1556 2729 ametur;
1592 2663 1687 2719 sed
1737 2662 1885 2732 quod
1930 2677 1995 2718 ea

421 2762 595 2831 gloria
651 2774 760 2813 non
821 2767 1056 2823 ametur,
1109 2772 1234 2827 quae
1303 2771 1371 2812 ex
1429 2754 1538 2810 Deo
1593 2761 1676 2808 est
1711 2753 1753 2806 ⁸.
1794 2753 1993 2807 Odium

420 2853 550 2904 item
583 2856 637 2902 et
679 2848 781 2912 ira,
813 2846 856 2901 si
893 2847 1111 2916 quidem
1147 2845 1412 2900 adversus
1440 2859 1535 2899 eos
1561 2844 1654 2913 qui
1689 2843 1994 2897 animarum

421 2951 738 2998 nostrarum
785 2940 945 2996 saluti
1001 2939 1396 3010 impedimento
1445 2949 1615 3003 sunt,
1653 2944 1707 2991 et
1753 2951 1821 2991 ne
1867 2950 1990 2990 cum

421 3033 532 3089 Deo
572 3049 668 3104 per
698 3033 1113 3104 obsequentiam
1172 3032 1514 3102 copulemur,
1545 3044 1754 3099 nosque
1804 3027 1876 3083 ab
1927 3041 1994 3082 eo

422 3126 783 3191 abstrahunt;
822 3127 924 3178 hoc
969 3131 1053 3178 est
1093 3122 1360 3178 adversus
1413 3121 1731 3183 diabolum,
1766 3119 1995 3190 ejusque

421 3217 706 3271 ministros
733 3195 1076 3280 exerceatur,
1104 3215 1307 3270 bonum
1331 3203 1444 3268 est.
1463 3211 1550 3267 Ait
1579 3213 1725 3267 enim
1749 3228 1762 3264 :
1795 3229 1814 3260 ο
1845 3209 1995 3265 Non-

420 3323 492 3361 ne
525 3308 617 3376 qui
649 3307 882 3360 oderunt
913 3315 994 3370 te,
1035 3307 1294 3369 Domine,
1335 3305 1580 3368 oderam,
1613 3311 1666 3358 et
1693 3319 1858 3372 super
1891 3303 1997 3357 ini-

419 3397 594 3448 micos
616 3405 741 3448 tuos
759 3376 1152 3447 tabescebam?
1179 3391 1426 3461 perfecto
1449 3391 1575 3446 odio
1597 3391 1818 3446 oderam
1847 3392 1992 3459 illos,

417 3485 584 3558 536
601 3494 656 3540 et
683 3484 896 3540 inimici
930 3482 1056 3537 facti
1091 3491 1218 3538 sunt
1258 3483 1390 3536 mihi
1422 3484 1465 3537 '.
1498 3501 1517 3536 ι
1552 3481 1744 3538 Sancti
1773 3499 1996 3554 quoque

419 3587 692 3646 martyres
717 3574 870 3646 justa
915 3573 1182 3628 adversus
1213 3580 1482 3644 tyrannos
1509 3573 1799 3629 iracundia
1847 3575 1993 3629 inar-

419 3663 736 3719 descebant.
769 3664 846 3719 Ac
879 3664 923 3719 si
965 3663 1232 3718 adversus
1275 3679 1452 3720 meam
1492 3665 1668 3734 ipsius
1699 3666 1992 3736 cogitatio-

418 3767 542 3806 nem
574 3768 604 3806 a
631 3751 738 3808 Deo
761 3769 846 3808 me
868 3752 1230 3808 abducentem
1251 3769 1627 3818 succenseam,
1662 3755 1865 3810 bonum
1888 3764 1990 3811 est.

422 3844 480 3901 Si
502 3846 629 3914 quis
648 3845 780 3900 mihi
798 3846 1028 3901 Salutem
1053 3845 1274 3901 auferre
1292 3847 1570 3912 moliatur,
1592 3847 1644 3900 in
1664 3863 1788 3902 eum
1808 3846 1993 3915 irasci,

415 3941 471 3990 et
507 3935 653 3990 hunc
682 3936 869 3992 odisse
913 3938 1115 3992 bonum
1148 3945 1252 3992 est.
1290 3935 1385 3990 Sin
1430 3937 1723 3992 mundanis
1748 3938 1802 3991 in
1831 3938 1994 3993 rebus

418 4027 745 4084 molestiam
780 4029 911 4083 mihi
943 4029 1160 4095 all‘erat,
1185 4043 1311 4084 eum
1343 4027 1604 4084 utilitatis
1637 4036 1832 4084 auctor
1857 4030 1994 4084 mihi

416 4122 516 4185 sit,
551 4130 897 4176 terrenorum
929 4121 1578 4190 scilicetexspoliatione,
1605 4120 1985 4176 benevolentia

2094 1763 2155 1816 τὸ
2185 1762 2259 1832 μὴ
2276 1761 2374 1832 τὴν
2401 1762 2462 1813 ὲκ
2482 1759 2618 1814 Θεοῦ
2656 1759 2814 1825 δόξαν
2843 1760 3064 1829 ἀγαπᾷν
3083 1773 3097 1787 ·
3119 1757 3182 1809 τὸ
3206 1759 3362 1827 μῖσος
3400 1756 3501 1808 καὶ
3531 1758 3563 1807 ὁ
3593 1755 3692 1808 θυ-

2099 1850 2296 1920 μὸς,·εί
2327 1849 2427 1920 μὲν
2460 1847 2600 1902 κατά
2637 1847 2746 1900 τῶν
2773 1847 3092 1900 κωλυόντων
3130 1847 3231 1916 τὴν
3275 1847 3562 1916 σωτηρίαν
3593 1846 3692 1914 τῆς

2093 1938 2270 2009 ψυχῆς
2292 1979 2306 2004 ,
2343 1939 2438 1991 καὶ
2474 1938 2574 2008 τὴν
2610 1938 2746 2008 πρὸς
2789 1936 2923 1990 Θεὸν
2955 1936 3022 1989 δι’
3062 1935 3312 2004 ὑπακοῆς
3343 1933 3517 1987 αὐτοῦ
3564 1951 3690 1987 συν-

2096 2030 2311 2099 άφειαν,
2345 2031 2439 2083 καὶ
2471 2029 2825 2099 ἀφιστώντων
2851 2030 2915 2082 ἐκ
2946 2027 3105 2092 Θεοῦ,
3136 2029 3376 2081 τουτέστι
3403 2027 3553 2080 κατὰ
3587 2025 3689 2078 τοῦ

2094 2120 2341 2173 διαϐόλου
2372 2119 2468 2173 καὶ
2514 2119 2624 2172 τῶν
2672 2117 3020 2188 θεραπόντων
3069 2113 3272 2182 αὐτοῦ,
3308 2115 3490 2168 καλόν.
3539 2116 3687 2185 Φησὶ

2095 2213 2234 2283 γάρ’
2259 2229 2277 2262 ι
2311 2211 2446 2281 Οὑχὶ
2476 2211 2602 2272 τοὺς
2628 2207 2923 2278 μισοῦντάς
2954 2223 3032 2270 σε,
3063 2207 3261 2277 Κύριε,
3295 2207 3551 2276 ἐμίσησα,
3583 2206 3680 2258 καὶ

2096 2300 2187 2352 ἐπὶ
2210 2300 2336 2362 τοὺς
2366 2298 2592 2369 ἐχθρούς
2614 2314 2709 2351 σου
2737 2297 3074 2367 ἐξετηκόμην
3099 2314 3114 2361 ;
3141 2297 3344 2349 τέλειον
3365 2298 3516 2364 μῖσος
3543 2297 3674 2364 ἐμί-

2097 2408 2225 2444 σουν
2256 2391 2472 2453 αὐτοὺς,
2504 2391 2584 2453 είς
2612 2387 2842 2460 ἐχθροὺς
2878 2387 3126 2457 ἐγένοντό
3152 2405 3296 2456 μοι.»
3331 2388 3446 2440 Καὶ
3465 2388 3513 2438 οἱ
3532 2387 3682 2452 Ξιγιοι

2100 2481 2372 2551 μάρτυρες
2406 2479 2701 2550 ἐθυμοῦντο
2746 2478 2889 2532 κατὰ
2932 2478 3039 2531 τῶν
3091 2478 3371 2546 τυράννων
3398 2518 3414 2542 ,
3448 2477 3684 2540 δικαίως

2097 2569 2461 2640 θυμούμενον
2498 2570 2593 2622 καὶ
2621 2568 2716 2621 ἐὰν
2741 2567 2885 2621 κατά
2915 2568 3010 2621 τοῦ
3039 2567 3245 2620 οἰκείου
3282 2567 3540 2636 λογισμοῦ
3576 2567 3680 2619 Ou-

2099 2661 2286 2730 μωθῶ,
2317 2659 2640 2732 χωρίζοντός
2671 2677 2738 2731 με
2766 2661 2831 2713 ἐκ
2863 2659 2998 2712 Θεοῦ
3023 2698 3038 2722 ,
3069 2659 3234 2712 καλόν
3253 2675 3268 2690 ο
3300 2660 3387 2710 ἐὰν
3415 2675 3502 2720 τις
3526 2661 3680 2712 ἀπο-

2098 2755 2262 2824 στερῇ
2298 2770 2363 2822 με
2387 2755 2488 2823 τῆς
2518 2751 2816 2822 σωτηρίας,
2840 2749 3005 2804 καλὸν
3034 2750 3354 2822 θυμωθῆναι
3379 2751 3474 2803 καί
3505 2749 3676 2820 μισῆ-

2099 2861 2188 2898 σαι
2213 2860 2226 2874 ·
2263 2843 2358 2896 ἐὰν
2383 2843 2438 2896 δὲ
2471 2843 2612 2913 λυπῇ
2642 2841 2786 2895 κατὰ
2824 2842 3051 2912 κόσμον,
3088 2843 3184 2894 καὶ
3224 2841 3498 2909 ὠφελείας
3529 2841 3684 2908 γίνε-

2097 2953 2188 2990 ται
2235 2935 2534 3005 πρόξενος,
2568 2934 2887 3004 ἀποστερῶν
2957 2932 3066 2985 τῶν
3123 2932 3329 2985 ὑλικῶν
3356 2974 3370 2995 ,
3411 2934 3688 3001 ἀγαπήσω

2103 3027 2323 3098 μᾶλλον,
2351 3027 2497 3096 ἥπερ
2553 3027 2790 3096 μισήσω.
2833 3024 2892 3077 Ὀ
2921 3024 3083 3092 φόνος
3115 3024 3286 3076 κακόν
3307 3039 3322 3051 ⁸
3359 3025 3533 3092 μόνον
3578 3024 3687 3093 γὰρ

2099 3119 2235 3172 Θεοῦ
2255 3119 2316 3171 τὸ
2340 3117 2597 3188 χωρίζειν
2615 3117 2714 3186 τὴν
2734 3116 2913 3185 ψυχὴν
2939 3116 3004 3169 ὲκ
3023 3113 3118 3168 τοῦ
3148 3113 3433 3185 σώματος,
3473 3113 3568 3167 τοῦ
3596 3116 3688 3167 καὶ

2102 3208 2461 3278 συνδήσαντος
2484 3225 2497 3239 ο
2529 3209 2579 3260 εἰ
2611 3208 2666 3260 δὲ
2698 3207 2960 3276 φωνεύσω
2991 3207 3094 3260 ὑπὸ
3129 3207 3264 3261 Θεοῦ
3296 3207 3684 3277 κελευόμενος,

2101 3301 2292 3356 καλόν’
2321 3303 2430 3354 πᾶν
2458 3300 2566 3370 γὰρ
2601 3301 2663 3352 ἐκ
2698 3299 2792 3351 τοῦ
2825 3298 3055 3366 ἀγαθοῦ,
3099 3298 3330 3366 ἀγαθόν.
3360 3299 3557 3352 Κακὸν
3597 3295 3684 3352 οὖν

2094 3391 2153 3444 τὸ
2184 3389 2470 3460 ἐπιθυμεῖν
2510 3389 2798 3458 ἁρπάζειν,
2829 3389 2858 3441 ὃ
2883 3389 2984 3441 οὐκ
3025 3389 3174 3440 ἔστιν
3204 3388 3510 3458 ἡμέτερον,

2091 3481 2188 3535 τοῦ
2212 3481 2368 3537 Θεοῦ.
2405 3483 2470 3534 Ἦ
2510 3481 2839 3552 κατάκρισις
2867 3482 3012 3550 κακή
3049 3495 3062 3509 ⁸
3101 3481 3241 3534 Θεοῦ
3277 3481 3390 3550 γὰρ
3422 3483 3591 3549 μόνου
3625 3481 3690 3534 τὸ

2099 3572 2306 3642 κρίνειν
2331 3612 2346 3636 ,
2374 3571 2470 3626 καὶ
2513 3572 2684 3626 κακὸν
2732 3572 3003 3643 ἁρπάζειν
3036 3569 3098 3624 τὸ
3131 3573 3195 3623 ἐκ
3250 3570 3392 3623 Θεοῦ
3438 3571 3686 3640 ἀξίωμα,

2099 3659 2180 3726 οἷς
2213 3664 2288 3734 μὴ
2323 3662 2530 3716 δέδοται
2575 3662 2729 3732 παρά
2756 3660 2892 3714 Θεοῦ
2936 3661 2998 3713 τὸ
3023 3659 3249 3732 κρίνειν.
3293 3660 3360 3714 Ἦ
3406 3663 3690 3728 κενοδοξία

2101 3755 2248 3826 καὶὴ
2280 3755 2662 3826 ὑπερηφανεία
2705 3754 2850 3824 κακή
2871 3767 2884 3780 ·
2915 3751 3034 3822 Θεῷ
3065 3752 3174 3823 γάρ
3206 3753 3357 3822 μόνῳ
3387 3754 3602 3820 πρέπει
3631 3753 3695 3805 τὸ

2101 3845 2328 3918 ἔπαρμα
2366 3845 2459 3899 καὶ
2508 3846 2541 3916 ἡ
2587 3843 2748 3908 δόξα·
2786 3841 2929 3896 ὥστε
2977 3843 3132 3895 οὐδὲν
3195 3843 3386 3912 ἕτερόν
3445 3845 3603 3896 ἐστιν
3657 3844 3694 3912 ἡ

2103 3939 2296 4002 κακία,
2326 3939 2374 3992 εί
2411 3939 2485 4009 μὴ
2510 3938 2571 3991 τὸ
2604 3937 2756 4008 παρὰ
2807 3937 2969 4007 φύσιν
3015 3936 3109 3988 καὶ
3142 3936 3234 3987 τὸν
3275 3935 3444 4005 νόμον
3481 3937 3692 4005 κεχρῆ-

2105 4032 2229 4085 σθαι
2257 4033 2380 4094 ταῖς
2413 4019 2670 4100 φῦσικαῖς
2703 4031 2998 4101 δυνάμεσιν
3041 4047 3056 4062 ο
3090 4031 3119 4084 ὃ
3150 4031 3252 4083 οὐκ
3297 4030 3450 4082 ἐστιν
3505 4029 3692 4090 οὐσία,

2095 4120 2211 4174 ἀλλ’
2240 4120 2512 4192 ἡμέτερον
2551 4120 2912 4191 ἐπιτήδευμα.

415 4210 627 4278 potius,
657 4226 822 4280 quam
854 4211 980 4266 odio
1025 4211 1080 4264 in
1125 4225 1249 4266 eum
1283 4209 1508 4266 alliciar.
1544 4208 1799 4265 Hominis
1822 4211 1998 4266 caedes
2031 4211 2237 4264 malum
2267 4218 2372 4266 est.
2413 4209 2594 4267 Unius
2634 4214 2780 4264 enim
2827 4210 2922 4265 Dei
2954 4219 3038 4264 est
3070 4209 3314 4264 animam
3375 4223 3406 4261 a
3485 4223 3688 4277 corpo-

423 4317 483 4356 re
516 4303 854 4373 disjungerc,
900 4313 961 4358 ut
1012 4305 1103 4375 qui
1153 4318 1218 4359 ea
1247 4304 1412 4358 simul
1449 4303 1864 4360 constrinxerit.
1905 4304 2174 4358 Caeterum
2224 4303 2270 4358 si
2303 4302 2394 4358 Dei
2439 4303 2600 4372 jussu
2665 4302 2868 4358 caedem
2935 4301 3244 4365 admittam,
3329 4302 3542 4354 bonum
3585 4308 3690 4355 est.

421 4396 635 4450 Etenim
687 4396 891 4451 bonum
927 4405 1028 4462 est,
1063 4395 1333 4465 quidquid
1368 4405 1453 4450 est
1486 4411 1550 4450 ex
1592 4396 1757 4450 bono.
1789 4394 1991 4449 Malum
2033 4396 2218 4467 itaque
2255 4405 2357 4461 est,
2381 4411 2653 4467 usurpare
2685 4395 2820 4452 velle
2856 4394 3002 4464 quod
3044 4404 3296 4450 nostrum
3395 4408 3513 4448 non
3588 4402 3695 4452 est.

428 4485 524 4538 sed
557 4484 673 4540 Dei.
707 4485 1026 4541 Proximum
1070 4487 1437 4542 condemnare
1491 4484 1693 4539 malum
1741 4493 1864 4551 est;
1897 4487 1987 4540 Dei
2029 4465 2173 4542 enim
2209 4465 2413 4543 ‘solius
2479 4465 2566 4544 est
2593 4487 2866 4558 judicare.
2897 4489 2977 4542 Ac
3005 4487 3237 4557 proinde
3271 4488 3487 4542 malum
3517 4499 3610 4544 est
3633 4491 3695 4543 iis

429 4577 634 4646 quibus
659 4576 951 4646 judicandi
978 4592 1180 4632 munus
1202 4593 1231 4630 a
1257 4577 1366 4632 Deo
1388 4591 1712 4634 concessum
1736 4593 1846 4633 non
1876 4579 1998 4645 fuit,
2041 4579 2134 4635 Dei
2167 4582 2554 4638 auctoritatem
2589 4583 2694 4637 sibi
2728 4595 3012 4652 arrogare.
3038 4579 3228 4635 lnanis
3248 4581 3424 4650 gloria
3485 4592 3541 4636 et
3595 4599 3690 4637 suo

419 4670 608 4738 perbia
651 4670 791 4724 mala
827 4679 944 4736 est;
982 4687 1110 4725 nam
1143 4671 1312 4727 Deum
1356 4671 1532 4726 solum
1568 4671 1725 4726 decet
1769 4672 1991 4729 celsitas
2033 4681 2087 4727 et
2119 4675 2319 4744 gloria.
2358 4674 2561 4730 Malum
2593 4667 2778 4746 itaque
2803 4677 2943 4731 nihil
2973 4676 3120 4731 aliud
3154 4683 3240 4731 est
3299 4691 3470 4745 quam
3533 4679 3674 4732 viri-

421 4760 526 4816 hus
567 4760 912 4815 naturalibus
946 4771 1141 4816 contra
1174 4777 1336 4833 quam
1369 4772 1567 4818 natura
1597 4768 1652 4816 et
1698 4763 1784 4817 lex
1847 4762 2006 4829 ferat,
2051 4765 2126 4818 uti
2156 4784 2172 4818 ι
2201 4767 2346 4837 quod
2377 4767 2600 4839 quidem
2633 4769 2944 4824 substantia
2978 4783 3088 4823 non
3118 4783 3223 4833 εει,
3287 4767 3382 4823 sed
3408 4776 3671 4823 nostrum

417 4853 689 4925 quoddam
723 4853 1024 4908 inventum.

489 4943 576 4998 15.
620 4942 789 4998 Nosse
841 4944 1041 4999 etenim
1095 4961 1275 5016 operae
1326 4949 1564 5017 pretium
1621 4957 1739 5014 est,
1787 4949 1994 5017 duplici

2175 4953 2254 5000 ιε’.
2305 4948 2423 5018 Χρὴ
2475 4948 2584 5020 γὰρ
2631 4947 2827 5001 εἰδέναι
2859 4989 2874 5012 ,
2908 4950 2984 5010 ὡς
3019 4947 3208 5010 διττῶς
3255 4947 3484 5014 λέγεται
3527 4949 3593 5000 τό
3635 4966 3692 5001 τε

417 5033 604 5099 modo,
637 5043 747 5088 tam
804 5036 1030 5099 bonum,
1083 5052 1247 5106 quam
1303 5038 1512 5091 malum
1563 5040 1728 5092 sumi.
1781 5041 1990 5094 Bonum

2103 5037 2330 5106 ἀγαθὸν,
2365 5039 2459 5091 καὶ
2493 5037 2553 5091 τὸ
2592 5039 2764 5091 κακόν
2786 5055 2798 5067 ⁸
2837 5037 3038 5105 ἀγαθόν
3066 5039 3178 5108 γὰρ
3202 5040 3408 5105 κυρίως
3443 5039 3686 5106 λέγεται,

417 5127 564 5180 οιιίιη
607 5126 829 5194 pr0prie
857 5124 1064 5179 dicitur
1093 5125 1146 5179 id
1185 5127 1329 5194 quod
1377 5128 1637 5181 donatum
1672 5138 1760 5184 est
1795 5145 1821 5182 a
1859 5130 1991 5190 Deo,

2101 5130 2164 5182 τὸ
2200 5133 2264 5182 ἐκ
2310 5130 2404 5182 τοῦ
2433 5129 2593 5198 φύσει
2627 5128 2833 5198 ἀγαθοῦ
2877 5129 3010 5182 Θεοῦ
3045 5130 3442 5200 δεδωρημένον.
3477 5132 3688 5200 Ὠσπερ

420 5218 512 5288 qui
545 5227 745 5270 natura
795 5233 893 5273 sua
955 5218 1132 5272 bonus
1157 5226 1264 5271 est.
1300 5217 1770 5283 Quemadmodum
1811 5221 1994 5275 lumen

2107 5223 2215 5275 πᾶν
2247 5221 2362 5289 φῶς
2396 5219 2456 5286 ἐξ
2489 5221 2662 5291 ἡλίου,
2693 5223 2811 5293 ἦτοι
2852 5221 3021 5292 πυρὸς
3054 5220 3368 5290 φωτίζεται,
3393 5222 3539 5274 οῦτω
3576 5226 3685 5276 πᾶν

421 5325 585 5364 Omne
613 5325 641 5362 a
692 5311 808 5364 sole
844 5311 923 5365 vel
960 5310 1084 5381 igne
1114 5312 1313 5376 oritur,
1367 5311 1440 5364 ita
1490 5310 1692 5364 bonum
1732 5328 1895 5366 omne
1928 5314 1994 5366 ah

2107 5313 2310 5380 ἀγαθὸν
2351 5314 2414 5365 ἐκ
2449 5313 2543 5365 τοῦ
2573 5313 2830 5384 ἀορίστου
2861 5315 2954 5367 καὶ
2986 5314 3373 5384 ἀκαταλήπτου
3404 5315 3684 5380 πελάγους

419 5396 642 5454 infinito
701 5399 795 5454 illo
859 5401 1514 5472 incomprchensibilique
1586 5402 1778 5473 pelago
1836 5403 1994 5458 habet

2105 5405 2207 5474 τῆς
2240 5405 2575 5476 ἀγαθότητος
2627 5406 2726 5478 τὴν
2780 5405 3012 5476 ὕπαρξιν
3058 5405 3192 5476 ἔχει,
3227 5406 3321 5459 καὶ
3377 5405 3480 5459 ὅσα
3521 5405 3681 5474 παρὰ

500 5551 518 5581 ³
548 5575 720 5628 Exod.
777 5591 866 5640 xx,
903 5576 990 5628 l7.
1088 5577 1107 5608 ⁸
1142 5534 1301 5630 1(κῇιῖ
1353 5595 1403 5640 v,
1446 5579 1533 5634 Ill.
1603 5579 1788 5636 'Psal.
1826 5593 2092 5647 cxxxvnt,
2127 5576 2220 5645 2|,
2250 5577 2338 5633 22.
