3930 6206
236 334 334 398 1521

1170 329 1546 390 DIALOGUS
1586 330 1879 389 CONTRA
1927 328 2404 393 MANICHA‘IOS.

3293 325 3429 389 1522

233 451 356 517 Θεοῦ,
383 449 560 520 ἀγαθὰ
584 449 784 521 κυρίως
808 447 899 501 καὶ
930 446 1164 516 ἀληθῶς.
1186 449 1420 515 Λέγεται
1446 449 1501 500 δὲ
1534 447 1757 515 ἀγαθὸν,

1885 464 2006 515 :sse,
2045 465 2107 505 ac
2142 451 2407 522 quidquid
2447 467 2477 505 a
2508 449 2621 505 Deo
2652 449 3039 519 proﬁciscitur,
3072 447 3273 502 bonum
3304 458 3431 513 pro-

232 546 281 599 οὐ
306 547 489 616 κυρίως
512 586 526 607 ,
554 545 686 598 ἀλλὰ
732 542 1204 613 καταχρηστικῶς,
1239 543 1331 595 καὶ
1386 543 1508 595 καθ’
1557 540 1758 612 ὴμετὲο

237 655 315 706 ραν
354 637 655 707 συνήθειαν,
685 635 746 688 τὸ
772 638 837 704 τῇ
870 634 1117 703 αἰσθήσει
1157 633 1316 702 ἡμῶν
1366 634 1460 686 κα)¹
1488 635 1551 702 τῇ
1578 632 1761 700 ἐφέσει

234 727 522 795 φαινόμενον
564 726 660 794 ἡδύ
685 740 698 753 ·
730 726 759 777 ὃ
782 725 930 794 ζπρὸς
991 723 1179 793 καιρὸν
1217 724 1314 793 μὲν
1362 723 1575 793 τέρπει,
1605 722 1762 774 ὕστε-

234 832 306 885 ρον
344 815 393 866 δὲ
436 816 634 886 πικρὸν
680 816 889 887 καρπὸν
938 816 1228 867 ἀποδίδωσι
1254 853 1269 877 ,
1294 814 1445 883 παρὰ
1486 814 1576 866 τὸν
1601 814 1763 883 νόμον

230 906 305 959 τοῦ
342 907 634 966 Κτίσαντος
686 906 968 977 γινόμενον
993 946 1007 968 ,
1038 908 1130 959 καὶ
1175 905 1367 959 δοκοῦν
1421 905 1627 973 ἀγαθὸν
1683 904 1764 959 εί-

232 1017 319 1065 ναι,
340 1001 468 1069 ὅπερ
518 1000 620 1051 οὐκ
676 998 821 1051 ἐστιν
870 997 1281 1065 ἀγαθὸν,’ἀλλὰ
1333 999 1539 1067 κυρίως
1573 996 1761 1050 κακόν.

229 1091 321 1144 Καὶ
351 1089 408 1141 τὸ
447 1089 615 1142 κακὸν
661 1090 861 1158 ὁμοίως
884 1105 897 1120 ·
933 1089 1136 1159 κυρίως
1183 1088 1283 1158 μὲν
1316 1088 1482 1142 κακὸν
1524 1088 1638 1141 ἔστι
1673 1089 1766 1141 καλ⁸

227 1182 458 1248 λέγεται,
485 1180 547 1231 τὸ
580 1180 730 1251 παρὰ
757 1179 849 1233 τὸν
894 1180 1056 1248 νόμον
1091 1179 1184 1232 τοῦ
1216 1178 1516 1242 κτίσαντος
1547 1182 1768 1250 γινόμε-

226 1288 318 1324 νον.
350 1270 572 1337 Λέγεται
627 1269 721 1321 καὶ⁵
751 1269 941 1333 κακὸν,
975 1271 1036 1321 οὐ
1069 1269 1298 1338 κυρίως,
1318 1270 1454 1333 ἀλλᾲ
1498 1271 1638 1323 κατὰ
1670 1270 1768 1341 τὴν

222 1362 474 1431 ἡμετέραν
523 1361 851 1430 συνήθειαν,
896 1362 959 1414 τὸ
1010 1361 1130 1415 καθ’
1175 1361 1455 1432 ἡμετέραν
1514 1362 1769 1431 αἴσθησιν

224 1452 456 1503 ἐπίπονον
487 1452 582 1504 καὶ
624 1450 875 1521 ἀληθινόν
895 1460 934 1487 ω
964 1468 976 1483 ⁸
1017 1453 1176 1521 ὅπερ,
1204 1452 1339 1522 πρὸς
1372 1452 1470 1522 μὲν
1506 1455 1568 1505 τὸ
1597 1454 1771 1523 παρὸν

223 1542 411 1607 ὀδύνας,
444 1542 671 1612 ὕστερον
718 1542 774 1596 δέ
824 1543 1039 1614 καρπὸν
1086 1545 1359 1614 σωτηρίας
1411 1543 1770 1607 καὶ,ἁεννάου

222 1631 543 1700 εὐφροσύνης
577 1632 926 1687 ἀποδίδωσιν.

287 1720 370 1785 ις’.
399 1722 529 1775 Εἰπὲ
550 1723 627 1787 δὲ,
662 1724 805 1794 ἀρχὴ
839 1726 1042 1789 παντὸς
1076 1726 1402 1797 πράγματος
1430 1727 1551 1798 μία,
1581 1730 1613 1796 ἢ
1642 1729 1769 1797 δύο;

222 1807 322 1863 οἷον
387 1815 420 1882 ἡ
480 1814 622 1883 ἀρχὴ
675 1816 770 1867 καὶ
816 1817 965 1870 αίτία
1007 1818 1107 1886 τῆς
1153 1817 1349 1888 ψυχῆς,
1404 1820 1501 1890 μία
1555 1820 1587 1890 ἢ
1636 1820 1773 1886 bdo;

225 1906 379 1959 MAN.
400 1907 535 1959 Μία.
562 1908 624 1959 Ei
646 1908 756 1978 γὰρ
773 1907 887 1974 δύο,
918 1910 1033 1973 πῶς
1053 1912 1118 1963 ἐκ
1138 1910 1231 1963 δύο
1257 1912 1513 1966 ἐναντίων
1536 1914 1593 1967 ἓν
1611 1916 1779 1968 καὶτὸ

221 1996 345 2048 αὐτὸ
360 1997 682 2067 προέρχεται
702 2014 716 2062 ;
744 1998 813 2051 τὰ
832 2000 940 2070 γὰρ
955 2002 1229 2066 παντελῶς
1247 2004 1464 2057 ἐναντία
1485 2006 1781 2077 ἀκοινώνη-

122 2156 137 2173 ὶ
224 2102 307 2137 τον
331 2084 506 2154 ἔχουσι
530 2087 809 2151 παντελῶς
827 2091 927 2159 τὴν
949 2090 1229 2160 ἐνέργειαν
1250 2107 1263 2121 ⁶
1295 2092 1409 2157 πῶς
1431 2095 1541 2166 γὰρ
1564 2098 1597 2166 ἡ
1619 2097 1781 2161 ἄῦλος

224 2178 362 2247 ψυχὴ
388 2178 446 2242 ἐξ
468 2180 633 2233 ἀΰ).ου
690 2181 783 2233 κα)⁵
821 2181 954 2252 ὕλης
990 2183 1181 2249 lerat;
1215 2184 1242 2253 ἢ
1278 2187 1393 2249 πῶς,
1420 2187 1496 2256 τῷ
1536 2188 1684 2258 αὑτῷ
1713 2189 1781 2242 τὰ

227 2269 431 2320 ἐναντία
480 2270 874 2339 παρήχθησαν,
913 2271 987 2341 μὴ
1038 2275 1409 2344 ὁμονοήσαντα
1448 2294 1462 2342 ;
1495 2279 1784 2343 Παντελῶς

225 2360 327 2428 γὶρ
356 2360 713 2430 ἀκοινώνητα,
740 2362 805 2415 τὰ
849 2363 991 2416 κατὰ
1031 2364 1193 2431 φύσιν
1220 2367 1461 2423 ἐναντία.
1492 2370 1642 2423 ΟΡΘ.
1675 2373 1786 2424 Κα-

225 2451 327 2513 λῶς
355 2451 778 2520 ἔφηςοέκὰστου
831 2453 939 2506 τῶν
986 2454 1155 2507 ὄντων
1203 2456 1421 2510 πάντων
1468 2460 1565 2527 μία
1619 2461 1783 2531 ἀρχή.

224 2544 392 2595 MAN.
426 2544 593 2596 Παντὶ
644 2544 849 2615 τρόπῳ.
895 2545 1047 2599 ΟΡΘ.
1080 2546 1154 2598 Τὸ
1181 2542 1321 2601 εἶναι
1346 2590 1359 2612 ,
1384 2549 1527 2620 ἀρχὴ
1554 2550 1662 2603 τῶν
1692 2551 1786 2605 δύο

220 2633 423 2702 ἀρχῶν,
456 2634 560 2686 τῶν
591 2635 731 2687 κατὰ
771 2636 855 2699 σὲ,
894 2638 1064 2701 ἐστὶν,
1098 2637 1131 2707 ἢ
1170 2638 1226 2690 αἱ
1256 2638 1350 2691 δύο
1392 2640 1593 2711 ἀρχαὶ,
1619 2644 1786 2713 ἀρχαὶ

217 2724 312 2777 τοῦ
373 2719 510 2777 εἶναι
548 2742 562 2788 ;
594 2726 764 2778 MAN.
822 2726 967 2796 Πρὸς
1011 2726 1064 2779 τί
1098 2726 1208 2796 γὰρ
1262 2729 1526 2783 συντείνει
1578 2733 1784 2799 τοῦτο;

214 2816 370 2870 ΟΡΘ.
397 2818 460 2869 Εί
485 2817 583 2885 μὲν
607 2816 663 2869 τὸ
697 2813 837 2868 εῖναι
868 2817 1010 2887 ἁρχὴ
1036 2818 1144 2871 τῶν
1173 2819 1315 2872 κατὰ
1355 2821 1416 2873 σὲ
1451 2821 1545 2874 δύο
1576 2823 1785 2893 ἀρχῶν,

219 2908 325 2959 ίδοὺ
357 2907 457 2975 μία
489 2906 651 2976 ἀρχὴ,
680 2906 774 2959 καὶ
802 2907 864 2958 οὐ
886 2907 997 2960 δύο.
1024 2909 1087 2961 Εί
1120 2908 1228 2978 γὰρ
1265 2909 1326 2962 τὸ
1349 2906 1487 2965 εἶναι
1528 2913 1669 2984 ἀρχὴ
1694 2915 1787 2969 τοῦ

214 2995 354 3052 εἶναι
397 2997 475 3061 ἓν,
522 2998 619 3067 μία
672 2993 766 3051 οὖν
809 3000 972 3070 ἀρχή.
1013 3000 1086 3053 Οὐ
1120 3000 1230 3070 γὰρ
1266 3001 1327 3053 τὸ
1367 3004 1589 3057 τοιῶσδε
1628 3002 1787 3074 εἶναι,

1864 542 1982 611 prie
2011 553 2065 596 et
2107 558 2235 598 vere
2266 553 2368 598 est.
2402 544 2615 598 Rursus
2664 543 2866 597 bonum
2902 557 3006 596 non
3062 540 3303 610 proprie,
3334 534 3428 591 sed

1863 648 1929 687 ex
1981 634 2272 699 abusione,
2312 642 2366 689 et
2422 644 2611 689 nostra
2662 632 3086 694 consuetudine,
3122 630 3173 684 id
3200 629 3428 687 dicitur,

1864 725 2011 794 quod
2035 735 2224 781 nostro
2241 726 2427 782 sensui
2451 736 2503 781 et
2528 710 2792 796 appetitui
2826 738 2993 779 suave
3014 721 3231 775 videtur
3252 739 3264 771 :
3286 717 3432 787 quod

1865 817 2087 885 quidem
2127 818 2194 872 ad
2229 826 2446 889 tempus
2484 816 2704 888 aliquod
2763 818 3033 877 delectat,
3070 812 3299 883 posthac
3333 825 3434 861 au—

1866 917 1977 962 tem
2032 910 2294 963 acerbum
2368 909 2606 965 fructum
2659 908 2812 975 edit,
2863 923 2926 962 eo
2975 904 3123 976 quod
3176 903 3436 956 adversus

1865 998 2143 1055 Creatoris
2173 1001 2345 1069 legem
2377 999 2469 1053 fiat
2511 1018 2523 1053 :
2561 1014 2623 1054 ac
2650 1000 2854 1053 bonum
2880 997 3100 1068 quidem
3133 1009 3255 1049 esse
3289 993 3436 1045 vide—

1868 1100 1978 1157 tur,
2016 1107 2139 1147 eum
2191 1107 2303 1146 non
2357 1090 2449 1157 ﬁt,
2489 1090 2581 1146 sed
2631 1090 2850 1161 proprie
2910 1089 3132 1140 malum.
3176 1084 3440 1137 Similiter

1870 1184 2073 1237 malum
2105 1184 2324 1253 proprie
2358 1182 2492 1237 illud
2524 1188 2609 1237 est
2643 1189 2695 1235 et
2737 1180 2959 1243 dicitur,
2994 1178 3137 1246 quod
3174 1177 3440 1229 adversus

1870 1273 2150 1330 Creatoris
2216 1276 2390 1345 legem
2454 1280 2819 1343 perpetratur.
2870 1269 3167 1338 [inproprie
3224 1274 3438 1327 autem,

1872 1380 1936 1419 ac
1962 1371 2154 1420 nostro
2179 1380 2351 1429 more,
2371 1365 2516 1435 quod
2541 1363 2724 1420 sensui
2746 1377 2908 1432 grave
2932 1372 3010 1415 est
3034 1376 3095 1414 ac
3112 1360 3439 1413 molestum:

1873 1456 2017 1527 quod
2071 1456 2291 1526 quidem
2343 1457 2475 1512 licet
2524 1456 2580 1510 in
2631 1454 2890 1525 prmsenti
2943 1452 3185 1506 dolorem
3230 1449 3441 1513 alferat,

1874 1556 2115 1603 attamen
2155 1554 2341 1618 postea
2382 1547 2578 1603 salutis
2609 1561 2672 1602 ac
2712 1546 3057 1615 scmpiternm
3100 1541 3297 1596 laetitia:
3330 1542 3445 1594 fru-

1875 1645 2021 1692 ctum
2060 1640 2285 1706 praebet.

1948 1730 2037 1786 16.
2079 1732 2178 1785 Dic
2216 1747 2403 1801 porro,
2433 1746 2676 1786 unumne
2708 1729 2974 1799 cujusque
3011 1729 3087 1783 rei
3119 1726 3449 1798 principium

1878 1832 1987 1885 est,
2018 1838 2085 1877 an
2119 1824 2271 1879 duo?
2304 1840 2356 1878 ν.
2391 1839 2473 1893 gr.
2510 1837 2749 1877 unumne
2778 1828 2861 1876 est
2895 1821 3091 1875 animm
3114 1819 3449 1889 principium

1880 1925 1933 1971 et
1975 1931 2181 1980 causa,
2240 1931 2307 1969 an
2370 1915 2520 1969 duo?
2569 1912 2735 1967 MAN.
2796 1911 2995 1967 Unum.
3062 1910 3195 1964 Nam
3256 1910 3301 1964 si
3343 1911 3451 1963 duo

1883 2009 2021 2070 sint,
2054 2007 2149 2077 qui
2206 2006 2426 2059 tandem
2472 2018 2539 2057 ex
2585 2004 2803 2057 duobus
2842 2000 3137 2056 contrariis
3183 2014 3351 2053 unum
3398 2005 3454 2052 et

1882 2098 2023 2154 idem
2102 2097 2355 2151 oriatur?
2416 2095 2631 2150 Etenim
2714 2108 2833 2163 quae
2894 2094 3120 2148 omnino
3174 2090 3454 2145 contraria

1883 2194 2049 2253 sunt,
2088 2186 2480 2241 nullam‘inter
2508 2200 2567 2240 se
2615 2199 2847 2255 prorsus
2886 2184 3157 2237 actionem
3204 2195 3455 2234 conmm-

1884 2295 2007 2333 nem
2060 2278 2287 2333 habent.
2334 2277 2583 2342 Quonam
2625 2279 2769 2331 enim
2829 2275 2994 2329 modo
3045 2274 3227 2327 anima
3266 2287 3387 2342 quae
3426 2288 3455 2323 ιι

1886 2374 2116 2426 materia
2141 2378 2353 2424 remota
2378 2380 2481 2436 est,
2506 2384 2570 2423 ex
2607 2384 2673 2422 eo
2707 2369 2811 2423 erit
2839 2367 2987 2437 quod
3018 2383 3046 2420 a
3074 2367 3304 2421 materia
3333 2370 3458 2419 alic-

1889 2475 2018 2516 num
2050 2468 2159 2525 est,
2188 2460 2465 2529 simulque
2496 2474 2561 2513 ex
2590 2457 2864 2512 materia?
2889 2463 2983 2510 aut
3017 2470 3259 2526 quonam
3301 2464 3459 2524 pacto

1886 2569 2008 2622 quze
2058 2550 2337 2606 contraria
2384 2558 2550 2613 sunt,
2603 2564 2716 2603 rem
2779 2549 3028 2603 eamdem
3081 2546 3461 2617 produxerunt

1886 2657 2013 2696 eum
2047 2641 2196 2695 inter
2224 2655 2283 2695 se
2309 2638 2717 2694 dissentirent?
2744 2636 2956 2692 Etenim
2987 2653 3108 2705 quae
3144 2644 3339 2704 suapte
3364 2651 3462 2687 na-

1888 2739 2012 2785 tura
2046 2730 2331 2785 contraria
2379 2736 2531 2791 sunt,
2568 2728 2618 2781 id
2652 2728 2858 2781 habent
2894 2736 2952 2780 ttt
3002 2727 3136 2779 nihil
3171 2727 3311 2779 inter
3342 2728 3460 2794 ipsa

1889 2837 2179 2877 commune
2205 2837 2329 2876 esse
2361 2819 2786 2891 possit.ORTll.
2823 2818 2989 2873 Recte
3010 2818 3224 2872 dixisti.
3256 2817 3458 2886 Cujus-

1890 2915 2024 2969 libet
2047 2928 2112 2968 ex
2146 2913 2215 2967 iis
2235 2913 2401 2968 rebus
2422 2926 2544 2981 qua!
2569 2918 2720 2976 sunt,
2740 2911 2965 2963 unicum
2993 2916 3076 2964 est
3102 2908 3457 2979 principium.

1891 3005 2060 3060 MAN.
2111 3004 2370 3060 Omnino.
2419 3001 2628 3057 OliTH.
2674 3002 2855 3071 Ipsum
2896 3002 3469 3071 esse,principiumne

214 3090 402 3159 φημὶ,
430 3089 679 3141 τουτέστι
718 3090 889 3142 κακὸν
929 3086 1067 3144 εἶναι
1107 3090 1140 3161 ἢ
1179 3092 1374 3158 καλὸν,
1400 3093 1516 3147 ἀλλ’
1551 3094 1685 3149 αὐτὸ
1730 3098 1781 3150 τὲ

1891 3106 1977 3152 εει
2011 3105 2232 3149 tuorum
2286 3094 2521 3148 duorum
2569 3093 3004 3163 principiorum;
3058 3107 3125 3145 an
3166 3100 3360 3146 contra
3399 3107 3467 3146 ex

213 3180 407 3242 ἁπλῶς
448 3175 622 3234 εἶναι·
649 3181 793 3250 ἀρχὴ
838 3177 975 3235 οὖνιι
1005 3181 1114 3235 τῶν
1167 3184 1309 3236 κατὰ
1349 3183 1409 3236 σὲ
1452 3184 1545 3239 δύο
1583 3186 1788 3256 ἀρχῶν,

216 3274 321 3343 μία
351 3272 512 3343 ἁρχὴ,
546 3273 642 3326 καὶ
680 3273 740 3325 οὐ
771 3272 893 3325 δύο·
919 3275 967 3326 εί
1008 3272 1063 3325 δέ
1092 3274 1147 3326 αί
1187 3274 1329 3328 κατὰ
1368 3275 1430 3327 σὲ
1469 3276 1656 3347 ἀρχαὶ,
1689 3279 1790 3349 ἀρ·

213 3367 313 3434 χαὶ
354 3362 448 3417 τοῦ
497 3361 658 3429 εἶναι,
690 3364 904 3419 ἔσονται
932 3365 1024 3419 δύο
1047 3366 1265 3419 ἐναντία
1288 3366 1383 3420 τοῦ
1417 3367 1581 3421 αὐτοῦ
1613 3370 1791 3439 πράγ-

216 3474 414 3525 ματος.
454 3458 665 3529 Ὥσπερ
699 3457 810 3527 γὰρ
847 3460 880 3528 ἡ
923 3458 1110 3520 ἁπλῶς
1142 3458 1320 3524 οὐσία,
1362 3460 1460 3529 μία
1502 3462 1680 3525 οὐσία,
1707 3462 1794 3514 δε-

213 3548 386 3617 κτική
436 3549 551 3600 ἐστι
594 3549 866 3619 διαφόρων
922 3550 1258 3619 ποιοτήτων.
1298 3551 1391 3604 καὶ
1439 3552 1581 3605 κατὰ
1636 3552 1794 3606 τοῦτο

213 3637 474 3706 λέγονται
504 3639 697 3692 πολλαὶ
725 3640 924 3706 οὐσίαι,
950 3640 1093 3693 οὕτω
1122 3640 1216 3693 καὶ
1246 3640 1306 3693 τὸ
1343 3641 1532 3703 ἁπλῶς
1557 3636 1698 3695 εἷναι
1731 3644 1794 3695 ἓν

209 3732 355 3798 ἐστι,
390 3733 438 3784 εί
475 3732 570 3786 καὶ
622 3736 679 3786 ἐν
727 3733 1005 3804 διαφόροις
1060 3732 1467 3804 Θεωρούμενον,
1520 3735 1692 3787 πολλὰ
1726 3735 1795 3789 τὰ

205 3825 350 3874 ὂντα
383 3823 727 3893 παρωνύμως
770 3826 914 3877 ποιεῖ
945 3824 1436 3894 κατονομάξεσθαι.
1477 3825 1679 3895 Ὀρίσω
1702 3820 1795 3880 οὖν

203 3914 585 3986 ἀκοινώνητον
619 3913 758 3971 εἶναι
794 3916 1074 3980 παντελῶς
1105 3916 1203 3989 τὴν
1221 3918 1328 3970 τῶν
1356 3916 1617 3973 ἐναντίων
1643 3917 1795 3989 ἐνέρ-

200 4019 378 4071 γειαν
400 4021 413 4034 ·
453 4007 552 4059 οὐκ
580 4008 645 4060 ἐκ
668 4007 762 4059 δύο
778 4006 963 4077 ἀρχῶν
983 4006 1045 4059 τὸ
1067 4001 1230 4072 εῖναι,
1256 4006 1491 4079 μάλιστα
1521 4006 1618 4060 καὶ
1641 4007 1795 4060 ἐναν-

197 4095 372 4161 τίων,
401 4096 516 4149 ἁλλ³
544 4097 609 4149 ἐκ
632 4099 781 4166 μιᾶς.
804 4099 880 4152 Οὐ
920 4098 1031 4168 γάρ
1086 4115 1187 4151 που
1217 4099 1277 4151 τὸ
1331 4094 1471 4153 εἶναι
1501 4100 1675 4152 αἴτιον
1701 4097 1794 4151 τοῦ

194 4186 373 4249 ὄντος
392 4202 407 4217 ’
436 4187 497 4239 οὐ
529 4188 637 4257 γὰρ
659 4187 835 4258 προῆν
862 4187 923 4240 τὸ
944 4183 1080 4239 εἶναι
1102 4186 1196 4240 τοῦ
1229 4186 1401 4251 ὄντος.
1436 4187 1525 4241 Ἐν
1551 4186 1655 4240 τίνι
1689 4186 1796 4257 γὰρ

191 4276 545 4348 ἐθεωρεῖτο;
582 4278 722 4330 Ἀλλ’
774 4280 831 4331 ἐν
870 4276 947 4347 τῷ
996 4277 1216 4348 ἀνάρχῳ
1251 4278 1369 4331 ὄντι
1403 4278 1465 4331 τὸ
1491 4275 1632 4333 εἶναι
1659 4279 1797 4334 θεω-

196 4369 579 4439 ρούμενον,ἐν
600 4368 767 4439 αὐτῷ,
792 4370 887 4422 καὶ
912 4369 970 4433 ἐξ
996 4368 1163 4423 αὐτοῦ
1192 4370 1267 4433 ὡς
1287 4369 1460 4423 αἰτίου
1486 4371 1759 4441 ὑφέστηκε
1778 4388 1791 4402 ·

1893 3186 2109 3241 duobus
2158 3183 2449 3252 principiis
2501 3190 2682 3235 ortum
2731 3181 2931 3236 habet?
2979 3180 3144 3235 MAN.
3193 3181 3467 3247 Quorsum

1894 3277 2042 3332 istud
2072 3275 2283 3331 tendit?
2310 3272 2521 3328 ORTH.
2555 3273 2612 3327 Si
2644 3272 2917 3343 principia
2958 3279 3054 3326 tua
3081 3288 3146 3327 ex
3198 3273 3317 3342 ipso
3345 3286 3470 3327 esse

1894 3376 2016 3423 orta
2047 3379 2201 3435 sunt,
2232 3383 2299 3423 en
2332 3366 2666 3435 principium
2697 3381 2889 3430 unum,
2924 3380 3033 3419 non
3064 3365 3194 3418 duo.
3228 3364 3283 3418 Si
3315 3378 3470 3416 nam-

1894 3477 2002 3531 que
2043 3476 2203 3524 esse,
2256 3458 2592 3528 principium
2645 3456 2756 3510 illis
2790 3471 2959 3510 unum
3008 3454 3309 3510 exsistendi
3349 3460 3468 3515 est,

1899 3554 1958 3607 lit
2010 3567 2147 3608 sane
2183 3566 2351 3605 unum
2400 3548 2735 3618 principium
2775 3562 2916 3601 esse.
2976 3546 3093 3599 Non
3133 3546 3277 3599 enim
3332 3542 3470 3610 quo-

1895 3638 2500 3713 quomodo'537esse,
2531 3640 2639 3694 hoc
2654 3645 2736 3693 est
2753 3638 2957 3692 bonum
2982 3637 3066 3690 vel
3086 3637 3289 3689 malum
3307 3650 3431 3689 esse
3449 3654 3464 3691 :

1896 3731 1995 3786 sed
2046 3731 2228 3798 ipsum
2282 3743 2404 3782 esse
2464 3726 2793 3795 simpliciter
2822 3725 3058 3795 duplicis
3104 3725 3182 3777 tui
3216 3723 3472 3792 principii

1896 3822 2227 3894 principium
2251 3820 2378 3875 erit.
2405 3820 2501 3873 Sin
2533 3825 2713 3873 autem
2736 3832 2804 3872 ex
2836 3817 2947 3873 tuis
2974 3816 3262 3887 principiis
3291 3817 3470 3884 ipsum

1896 3930 2018 3971 esse
2052 3920 2235 3967 ortum
2258 3909 2473 3973 habuit,
2494 3909 2603 3963 duo
2628 3908 2913 3963 contraria
2934 3906 3184 3976 ejusdem
3216 3905 3291 3959 rei
3319 3906 3471 3973 prin-

1898 4011 2040 4081 cipia
2065 4015 2245 4065 erunt.
2267 4005 2733 4073 Quemadmodum
2756 4005 2901 4059 enim
2934 4003 3166 4073 simplex
3197 4002 3469 4064 essentia,

1899 4120 2009 4159 una
2032 4116 2155 4157 cum
2189 4101 2281 4163 sit,
2315 4099 2656 4154 diversarum
2691 4096 3023 4166 qualitatum
3054 4109 3225 4165 capax
3254 4103 3358 4161 est,
3390 4103 3474 4146 at-

1897 4209 2007 4266 que
2038 4192 2142 4246 hac
2162 4190 2374 4245 ratione
2396 4189 2580 4242 multa:
2609 4187 2865 4242 essentia:
2884 4185 3179 4241 dicuntur:
3210 4184 3289 4238 sic
3308 4184 3471 4237 etiam

1900 4301 2023 4342 esse
2061 4282 2407 4351 simpliciter,
2446 4281 2574 4336 licet
2606 4295 2777 4335 unum
2808 4280 2900 4344 sit,
2923 4288 3106 4333 tamen
3146 4292 3271 4332 cum
3309 4276 3362 4329 in
3391 4275 3476 4330 di-

1902 4377 2078 4432 versis
2116 4374 2287 4430 rebus
2319 4370 2729 4435 consideretur,
2768 4370 2872 4425 hoc
2911 4369 3091 4433 edicit,
3140 4377 3197 4422 ut
3220 4367 3474 4423 essentia:

193 4459 313 4527 μία
344 4457 446 4514 οὖν
473 4458 616 4529 ἀρχὴ
654 4458 749 4512 τοῦ
780 4454 942 4527 εἶναι,
972 4460 1066 4513 καὶ
1096 4459 1157 4513 τὸ
1185 4460 1427 4515 ἐναντίον
1456 4461 1659 4524 ταύτης
1693 4462 1781 4514 οὐκ

1902 4466 2085 4520 multae
2126 4480 2193 4519 ex
2248 4478 2317 4519 eo
2363 4478 2457 4532 per
2496 4460 3003 4516 denominationem
3063 4469 3473 4529 nuncupentur.

190 4550 357 4603 ἔστι.

1901 4554 2094 4608 Statuo
2115 4554 2283 4624 igitur
2306 4567 2493 4606 eorum
2516 4564 2638 4619 quae
2666 4550 2898 4605 invicem
2927 4549 3209 4603 contraria
3232 4549 3362 4611 sint,
3385 4561 3480 4601 ac-

190 4646 431 4699 tionem
464 4661 965 4703 communem-esse
996 4662 1103 4702 non
1134 4663 1334 4719 posse:
1362 4664 1539 4718 neque
1564 4663 1629 4704 ex
1689 4649 1925 4713 duobus,
1986 4664 2049 4703 ac
2106 4646 2413 4716 praesertim
2449 4645 2768 4709 contrariis,
2797 4644 2892 4699 sed
2935 4660 2997 4699 ex
3028 4658 3138 4696 uno
3209 4641 3478 4696 duntaxat

190 4737 505 4807 principio
536 4745 716 4791 ortum
772 4739 998 4793 habere.
1044 4737 1161 4794 Non
1193 4739 1343 4793 etaim
1401 4755 1525 4794 esse
1563 4749 1687 4794 ente
1729 4740 2015 4807 antiquius
2068 4746 2187 4792 erat
2247 4738 2349 4795 (in
2411 4750 2520 4804 quo
2601 4735 2878 4805 siquidem
2933 4732 3474 4803 copsideraretur?)

187 4848 417 4887 verum
456 4849 579 4888 esse
609 4836 664 4889 in
693 4850 758 4890 eo
798 4834 944 4904 quod
977 4835 1097 4890 siue
1124 4835 1397 4905 principio
1435 4835 1950 4890 estconsideratum
1976 4874 1990 4895 ,
2074 4833 2129 4887 in
2188 4832 2332 4903 ipso,
2387 4838 2442 4885 et
2484 4846 2550 4884 ex
2609 4830 2727 4897 ipso
2791 4836 3051 4898 tanquam
3113 4846 3180 4883 ex
3252 4838 3477 4883 auctore

185 4927 456 4980 exstitit.
504 4927 684 4997 Ipsius
740 4928 907 4998 igitur
957 4942 1079 4981 esse
1160 4943 1327 4981 unum
1413 4935 1632 4982 tantum
1720 4927 2046 4999 principium
2109 4934 2231 4991 est,
2308 4924 2397 4983 cui
2464 4922 2601 4977 nihil
2657 4936 2888 4991 prorsus
2950 4921 3294 4975 contrarium
3379 4923 3478 4977 ad-

186 5025 497 5072 versatur.

276 5109 391 5175 ιζ’.
427 5112 538 5164 Καὶ
563 5112 754 5165 πάλιν·
804 5111 868 5163 Ἦ
898 5112 1040 5181 ἀρχὴ
1073 5110 1173 5181 τῆς
1205 5110 1439 5165 ἑκάστου
1488 5110 1597 5163 τῶν
1639 5111 1781 5164 ὖντωπ

1985 5107 2071 5161 l7.
2107 5106 2181 5159 Ac
2224 5119 2419 5160 rursus
2471 5116 2487 5155 :
2538 5099 2723 5155 Motus
2757 5096 3054 5169 cujuslibet
3116 5093 3199 5148 rei
3241 5106 3484 5181 unumne

182 5203 516 5273 κινήσεως,
552 5203 671 5272 μία,
705 5203 738 5272 ἢ
770 5202 895 5269 bdo;
935 5178 1278 5274 δίπαρκτική
1299 5220 1380 5267 τε,
1415 5202 1505 5256 καὶ
1529 5205 1781 5273 ἐνεργητι

1913 5197 2243 5267 principium
2269 5195 2452 5258 habet,
2487 5207 2555 5245 an
2593 5191 2782 5260 duo?(
2815 5184 3153 5258 Principium
3180 5187 3363 5235 autem
3395 5178 3484 5274 hic

181 5290 301 5360 κὴ,
326 5270 439 5344 καὶ
482 5270 702 5363 τοπικὴ,
728 5270 833 5345 καὶ
879 5270 1124 5363 χρονικίι.
1168 5270 1513 5363 Ύπαρκτικὴ
1557 5270 1675 5363 μέν,
1707 5270 1775 5361 τῆ

1913 5290 2183 5360 intelligo,
2203 5296 2313 5343 tam
2344 5285 2707 5343 substantiale
2730 5324 2743 5348 ,
2780 5294 2945 5353 quam
2994 5277 3262 5343 efﬁciens,
3309 5287 3375 5328 ac
3400 5270 3489 5328 io-

1508 5467 1735 5525 VARI/E
1778 5468 2067 5525 LECTION
2075 5470 2175 5524 ES.

182 5691 216 5746 τ
277 5634 325 5657 ι’·
372 5623 598 5707 Leuncl.
626 5626 764 5682 bene
786 5629 1039 5686 emendat
1061 5628 1347 5697 ἀλγεινόνι
1379 5626 1458 5684 sic
1491 5627 1716 5698 interpr.
1752 5626 1913 5683 Basil.
1939 5627 2075 5695 quod
2102 5624 2372 5679 molestum
2400 5628 2497 5674 est.
2574 5626 2601 5653 η
2638 5616 2794 5673 Deest
2822 5610 2914 5670 οὖν
2950 5615 3003 5669 itt
3036 5609 3221 5676 Basil.,
3256 5618 3307 5664 et
3333 5620 3477 5663 con»

214 5709 347 5746 U33
395 5712 573 5746 omnta
605 5706 752 5746 Slllll.

214 5709 347 5751 υεα
395 5706 574 5753 omnia
605 5706 752 5755 Slllll.
