3930 6206
473 293 612 363 i523

1645 305 1728 375 'S.
1760 309 2083 375 JOANNIS
2124 316 2567 380 DAMASCENE

3629 323 3741 390 ιεει

468 422 586 476 mle
616 428 668 476 et
697 421 1024 493 temporale.
1051 423 1432 483 Substantiale
1466 437 1650 484 autem
1685 432 1752 485 ad
1784 435 2056 504 cujusque

2181 435 2394 490 ,κάστου
2421 439 2692 506 γενέσεως
2714 455 2727 468 ⁸
2755 443 2983 514 χρονικὴ
3007 445 3085 508 δὲ,
3113 445 3209 514 ἀφ’
3235 438 3299 498 οὗ
3321 446 3527 517 χρόνου
3558 447 3747 514 ἦρξατε

469 522 656 568 ortum
709 522 964 584 spectat;
1024 519 1333 588 temporale
1393 529 1618 587 autem,
1671 525 2057 596 indicataquo

470 613 721 676 tempore
758 606 1078 663 inchoatum
1108 610 1223 677 sit;
1255 611 1454 681 locale,
1497 628 1526 665 a
1554 630 1662 685 quo
1699 617 1822 672 loco
1851 634 2056 672 unum-

469 700 731 771 quodque
773 703 982 757 moveri
1033 703 1340 775 inceperit;
1383 706 1630 764 eﬂiciens
1676 710 1951 782 denique,
1988 729 2057 766 ex

469 805 578 859 qua
609 792 662 846 vi
697 800 982 863 operetur,
1020 793 1073 849 id
1115 795 1265 865 quod
1307 797 1510 867 agitur.
1546 798 1791 854 Primum
1833 809 1918 856 est
1957 805 2054 856 ho-

470 883 637 940 minis
661 885 1016 954 exsistentia;
1043 887 1244 944 deinde
1268 904 1333 944 ex
1361 905 1474 960 quo
1499 893 1732 948 exsistat
1763 901 2014 964 tempore
2041 914 2054 949 :

471 985 587 1030 tum
618 992 650 1031 a
673 992 784 1049 quo
818 978 943 1034 loco
965 981 1176 1036 moveri
1207 985 1375 1052 cmpit
1415 999 1427 1035 :
1469 992 1599 1053 puta
1632 986 1938 1051 ambulare,
1973 998 2058 1040 at-

473 1083 581 1137 que
650 1069 969 1126 ambulandi
1049 1071 1311 1129 facultate
1376 1075 1503 1144 uti).
1611 1075 1779 1131 MAN.
1847 1079 2054 1134 Unum.

473 1158 684 1216 ORTH.
708 1159 925 1230 Optime
965 1177 1116 1221 vero.
1168 1162 1354 1235 Neque
1399 1166 1546 1221 enim
1593 1168 1706 1224 ﬁeri
1750 1176 1952 1239 potest.
2001 1178 2062 1224 ut

473 1252 585 1308 duo
622 1253 964 1310 exsisteutiae
993 1255 1071 1310 rei
1092 1255 1259 1310 unius
1291 1257 1561 1329 principia
1584 1261 1716 1314 sint.
1744 1258 1911 1314 MAN.
1939 1259 2059 1315 Non

473 1357 630 1400 sane.
666 1341 877 1398 ORTH.
921 1343 1140 1399 lstudne
1193 1345 1514 1416 singulatim
1553 1349 1606 1402 in
1662 1349 1830 1404 rebus
1875 1351 2060 1404 omni-

475 1435 580 1490 bus
630 1435 1041 1499 consideratur,
1079 1437 1282 1493 necne?
1319 1437 1487 1494 MAN.
1517 1441 1850 1511 Singulatim
1883 1442 1940 1496 in
1973 1457 2060 1496 re-

475 1523 581 1578 bus
614 1524 893 1580 omnibus.
947 1523 1159 1580 ORTIl.
1223 1525 1380 1593 Quod
1437 1528 1603 1598 igitur
1644 1530 1964 1601 singulatim
2007 1532 2064 1586 in

475 1632 816 1687 unaquaque
858 1633 921 1674 re
947 1621 1305 1690 perspicitur,
1342 1621 1394 1674 id
1448 1621 1501 1674 in
1541 1623 1804 1678 omnibus
1845 1639 2068 1694 quoque

475 1709 850 1765 communiter
892 1711 1340 1767 considerabitur
1385 1729 1478 1767 :v.
1516 1728 1601 1783 gr.
1637 1714 1787 1783 quod
1831 1715 2067 1784 quilibet

2159 526 2229 580 τὰ
2281 529 2390 580 ἀπὸ
2423 531 2616 584 τούτου
2665 533 2978 603 ἀρχόμενα⁹
3011 538 3210 608 τοπικὴ
3245 537 3325 601 δὲ,
3378 537 3476 604 ἀφ’
3508 529 3575 588 οὗ
3597 538 3748 589 τόπσσ

2159 616 2391 670 ἕκαστον
2414 618 2618 689 ἤρξατο
2644 622 2914 675 κινεῖσθαι
2935 639 2950 653 ·
2976 625 3304 695 ὲνεργητικὴ
3335 625 3395 677 δὲ
3418 625 3482 688 ἐξ
3507 619 3582 694 ἧς
3611 626 3749 693 ἐνερ-

2158 709 2314 777 γείας
2347 712 2564 780 ἐνεργεῖ
2592 713 2654 765 τὸ
2685 714 3081 784 ἐνεργούμενον
3101 733 3115 746 ⁸
3144 711 3257 770 οἷον
3289 719 3324 786 ἠ
3350 715 3554 787 πρώτη
3585 713 3751 784 ὓπαρ-

2161 800 2245 867 ξις
2279 801 2374 855 τοῦ
2414 802 2726 876 ἀνθρώπου,
2770 807 2865 859 καὶ
2898 808 2994 876 ἀφ’
3027 802 3090 862 οὗ
3143 808 3339 878 χρόνου
3390 807 3642 876 ἐγένετο.
3668 807 3752 858 καὶ

2159 892 2254 960 ἀφ’
2279 886 2340 946 οὗ
2389 894 2556 946 τόπου
2584 894 2786 964 ἤρξατο
2832 898 3129 961 κινεῖσθαι,
3165 897 3407 968 βαδίζειν
3441 895 3641 965 τυχὸν,
3671 897 3753 946 καὶ

2159 985 2258 1052 τῆς
2301 985 2622 1056 βαδιστικῆς
2660 987 2966 1056 ἐνεργείας.
3002 989 3177 1042 MAN.
3227 989 3366 1044 Μία.
3406 989 3572 1040 ΟΡΘ.
3614 986 3754 1054 Ἀλη-

2162 1075 2273 1140 θῶς
2301 1076 2475 1147 ἔφης·
2523 1078 2790 1133 ἀδύνατον
2823 1080 2934 1151 γὰρ
2975 1079 3071 1134 δύο
3119 1079 3294 1151 ἀρχὰς
3336 1075 3486 1132 εἶναι
3534 1079 3639 1149 τῆς
3673 1078 3752 1130 τεῦ

2162 1168 2283 1233 ἑνὸς
2313 1170 2626 1239 ὑπάρξεως.
2673 1173 2847 1225 MAN.
2884 1171 3073 1235 Οὕτως
3106 1171 3241 1242 ἔχει.
3274 1171 3428 1227 οΡΘ.
3469 1169 3655 1223 Τοῦτο
3684 1171 3755 1237 ἐφ’

2165 1263 2396 1316 ἑκάστου
2427 1262 2536 1323 τῶν
2586 1262 2758 1316 ὄντων
2803 1263 3114 1332 θεωρεῖται,
3167 1263 3201 1332 ἢ
3238 1261 3341 1322 οὕς
3395 1261 3591 1316 MAN.
3653 1262 3756 1330 Ἐφ’

2165 1353 2400 1407 ἑκάστου
2449 1353 2558 1406 τῶν
2605 1354 2779 1407 ὄντων
2828 1355 3108 1407 ἁπάντων.
3136 1354 3289 1408 ΟΡΘ.
3345 1355 3541 1423 Ὅπερ
3567 1347 3664 1405 οὖν
3686 1353 3755 1421 ἐφ’

2165 1444 2399 1497 ἑκάστου
2425 1444 2532 1497 τῶν
2569 1452 2594 1478 ⁰
2630 1443 2888 1498 ἁπάντων
2925 1445 3237 1515 θεωρεῖται,
3279 1446 3378 1497 καὶ
3410 1445 3516 1496 ἐπὶ
3553 1445 3759 1496 πάντων

2166 1535 2363 1596 κοινῶς
2389 1535 2821 1608 θ,εωρηθήσεται·
2856 1531 2970 1590 οἷον
2990 1539 3127 1607 ὅπερ
3149 1537 3382 1612 ἕκαστος
3408 1535 3532 1588 τῶν
3562 1534 3758 1604 ἀνθρὼ-

2168 1644 2285 1679 πων
2319 1625 2452 1694 ἔχει,
2487 1628 2582 1680 καὶ
2611 1629 2764 1681 πᾶσα
2806 1629 2838 1697 ἡ
2875 1628 3235 1698 ἀνθρωπότης
3276 1627 3429 1696 ἔχει·
3474 1626 3558 1688 ὡς
3593 1626 3654 1678 τδ
3679 1627 3762 1694 ζῇν

2167 1719 2261 1770 καὶ
2285 1717 2346 1770 τὸ
2375 1717 2683 1786 λογίζεσθαι
2705 1735 2719 1749 ο
2751 1720 2846 1771 καὶ
2870 1719 3008 1789 ὅπερ
3033 1719 3242 1786 ἑκάστη
3260 1719 3422 1771 οὐσία
3447 1718 3595 1787 ἔχει,
3627 1719 3762 1784 καὶή

478 1798 643 1872 homo
673 1799 857 1865 habet,
889 1801 996 1857 hoc
1029 1809 1145 1864 tota
1175 1817 1396 1872 quoque
1440 1781 1723 1858 hominum
1753 1781 1949 1860 natura
1971 1805 2066 1859 ha-

2181 1809 2326 1876 κοινὴ
2357 1781 2517 1860 οὐσία
2539 1807 2652 1878 ἔχει
2674 1826 2687 1839 ·
2710 1808 2786 1872 ὡς
2809 1809 2871 1862 τὸ
2893 1781 3300 1880 αὺθύπαρκτον,
3331 1809 3430 1860 καὶ
3581 1808 3641 1858 ἐν
3661 1781 3765 1856 tsi;

478 1886 591 1957 het,
625 1900 752 1962 puta
789 1893 990 1958 vivere,
1044 1893 1408 1958 ratiocinari;
1454 1895 1678 1962 etquod
1715 1895 1925 1965 quaevis
1981 1910 2066 1950 es-

479 1987 659 2040 sentia
705 1985 891 2053 habet,
951 1987 1056 2042 hoc
1107 1995 1160 2042 et
1204 1989 1518 2043 communis
1571 1988 1738 2043 habet
1775 1990 2012 2044 essentia
2049 2004 2060 2039 :

479 2075 744 2132 nimirum
807 2087 866 2131 ut
913 2092 1011 2147 per
1041 2093 1101 2134 se
1131 2081 1363 2134 exsistat
1393 2121 1406 2142 ,
1436 2093 1538 2134 nec
1569 2094 1692 2135 esse
1716 2079 1770 2133 in
1813 2080 1922 2134 alio
1971 2081 2066 2134 ha-

481 2168 629 2224 beat.
663 2168 805 2240 Ergo
868 2169 1060 2226 eodem
1093 2171 1260 2226 etiam
1300 2172 1485 2233 modo,
1526 2172 1572 2227 si
1612 2187 1701 2228 res
1741 2173 1972 2242 singula:
1999 2189 2068 2228 ex

482 2273 591 2316 uno
616 2259 888 2330 principio
939 2269 1074 2316 orta:
1107 2270 1261 2326 sunt,
1297 2262 1568 2316 universa:
1599 2277 1818 2330 quoque
1843 2277 1912 2316 ex
1956 2277 2066 2318 uno
2109 2265 2384 2337 principio
2435 2268 2784 2338 prodierunt,
2829 2285 2894 2325 ac
2939 2285 3048 2324 non
3087 2285 3154 2325 ex
3227 2268 3442 2325 duobus

483 2366 592 2409 non
627 2352 740 2406 duo
772 2351 1042 2420 principia
1073 2360 1257 2416 erunt,
1285 2351 1380 2407 sed
1412 2367 1602 2406 unum.

555 2443 642 2496 18.
668 2441 835 2496 MAN.
876 2442 1016 2508 Quid
1064 2451 1150 2496 est
1179 2441 1536 2512 quamobrem
1594 2441 1738 2496 Deus
1790 2442 2068 2511 principio

484 2536 710 2590 careat?
736 2531 948 2590 ORTH.
977 2533 1115 2600 Quia
1143 2533 1193 2588 id
1232 2534 1379 2604 quod
1402 2548 1510 2589 non
1533 2541 1638 2596 est,
1667 2549 1696 2586 a
1723 2535 1909 2599 seipso
1947 2549 2071 2588 esse

488 2643 596 2682 non
651 2628 834 2684 habet.
885 2627 1043 2694 Quod
1081 2642 1244 2696 porro
1271 2625 1320 2694 ξε
1357 2627 1539 2696 seipso
1573 2640 1696 2680 esse
1730 2641 1840 2680 non
1883 2625 2068 2692 habet,

487 2718 765 2789 quomodo
804 2733 834 2772 a
870 2717 1054 2786 seipso
1071 2716 1221 2771 erit?
1248 2713 1485 2770 Necesse
1514 2722 1598 2770 est
1627 2714 1817 2782 igitur,
1843 2721 1904 2768 ut
1925 2715 2071 2784 quod

489 2824 601 2868 non
630 2820 738 2878 est,
773 2811 842 2866 ab
875 2810 1061 2880 aliquo
1102 2817 1247 2879 quod
1286 2809 1390 2873 sit,
1427 2807 1662 2876 accipiat
1713 2821 1860 2862 esse.
1892 2805 1973 2861 Ita
2017 2807 2077 2860 tlt

491 2914 554 2960 ut
587 2906 825 2977 primum
875 2903 1016 2959 illud
1070 2902 1215 2973 quod
1262 2902 1431 2957 rebus
1454 2899 1581 2954 aliis
1609 2908 1669 2953 ut
1705 2900 1818 2954 sint
1845 2899 2074 2966 tribuit,

494 3007 660 3068 atque
689 3013 720 3054 a
743 2996 931 3066 seipso
956 2996 1122 3051 habet
1163 3004 1222 3048 ut
1250 2995 1351 3059 sit,
1386 2993 1570 3049 omnis
1595 3007 1795 3064 expers
1824 2993 1896 3048 sit
1924 2991 2077 3062 prin-

497 3090 649 3160 cipii.

567 3181 658 3237 19.
692 3181 858 3237 MAN.
880 3180 1063 3237 Eccur
1091 3179 1426 3250 principium
1452 3192 1623 3236 unum
1649 3177 1777 3240 erit,
1807 3191 1916 3230 non
1937 3175 2081 3230 duo?

498 3271 709 3328 ORTH.
743 3272 1014 3338 Quoniam
1046 3269 1298 3326 binarius
1327 3270 1396 3325 ab
1426 3269 1637 3324 unitate
1666 3277 1926 3336 tanquam
1955 3265 2083 3320 uni-

500 3363 634 3416 tatis
665 3362 814 3416 fetus
834 3360 1215 3433 progreditur,
1253 3370 1308 3415 et
1346 3359 1549 3415 binarii
1584 3359 1743 3428 origo
1762 3358 1950 3411 unitas
1975 3363 2080 3422 εει,

501 3465 567 3506 ac
614 3451 891 3505 binarium
941 3465 1176 3519 prorsus
1243 3447 1520 3502 antecedit
1571 3447 1778 3502 unitas.
1835 3445 1902 3501 Et
1950 3446 2084 3516 quia

503 3552 672 3598 unum
705 3540 784 3598 rei
831 3539 1081 3610 cujusvis
1129 3547 1214 3596 est
1248 3539 1580 3608 principium
1604 3581 1619 3604 ,
1653 3554 1824 3593 unum
1867 3555 2087 3609 quoque

504 3633 677 3689 totius
703 3631 1088 3687 universitatis
1126 3629 1460 3700 principium
1509 3629 1634 3685 erit.
1660 3628 1796 3682 Nam
1821 3645 1944 3698 qua;
1989 3645 2087 3699 pro

504 3724 740 3797 singulis
773 3723 1088 3794 quibusque
1116 3722 1290 3778 rebus
1325 3721 1470 3776 ratio
1500 3720 1779 3787 redditur,
1805 3720 1944 3776 nihil
1968 3730 2086 3788 est,

503 3833 604 3872 cur
633 3831 736 3889 pro
764 3816 1046 3872 universis
1069 3829 1180 3870 non
1209 3813 1495 3869 reddatur.

572 3908 665 3964 20.
718 3907 802 3963 Ad
837 3907 982 3969 haec.
1031 3906 1080 3962 si
1132 3906 1243 3960 duo
1281 3905 1552 3976 principia
1581 3913 1741 3972 sunt,
1789 3905 2089 3960 multorum

506 4010 592 4058 est
615 4000 987 4072 principatus.
1021 3997 1078 4053 Si
1114 3997 1286 4052 multa
1329 3998 1702 4068 principatum
1726 3997 1953 4064 habent,
2006 4004 2093 4052 est

507 4092 726 4148 seditio.
753 4091 920 4163 438
949 4089 1007 4144 Si
1033 4088 1232 4146 seditio
1262 4079 1445 4144 reru'm
1469 4088 1800 4159 principium
1827 4095 1946 4153 est,
1975 4103 2093 4142 ma-

509 4186 624 4240 lum
653 4183 888 4240 exsistit.
914 4183 1252 4254 principium
1292 4196 1503 4237 rerum.
1559 4178 1772 4235 Seditio
1793 4181 1939 4234 enim
1987 4193 2095 4232 ma-

510 4273 623 4326 lum
655 4279 761 4326 est.
788 4269 910 4324 iam
938 4283 1071 4324 vero
1098 4275 1535 4324 consentaneum
1572 4275 1680 4330 est,
1705 4265 1880 4322 Deum
1918 4265 2096 4320 omni-

510 4365 614 4420 bus
651 4377 775 4434 qua:
799 4363 1091 4429 dicuntur,
1126 4369 1221 4415 aut
1257 4360 1596 4431 cogitantur,
1629 4359 1896 4428 majorem
1947 4373 2093 4421 esse,

2175 1917 2256 1970 ρῳ
2300 1899 2444 1970 ἔχειν
2472 1900 2533 1954 τὸ
2561 1895 2722 1955 εἶναι.
2761 1899 2919 1954 Οὕτω
2947 1902 3126 1954 τοίνυν
3159 1902 3255 1954 καὶ
3295 1902 3347 1952 εί
3394 1899 3642 1952 ἕκαστον
3671 1897 3768 1948 τῶν

2173 1991 2342 2046 ὄντων
2374 1994 2441 2045 ἐκ
2483 1996 2614 2064 μιᾶς
2641 1994 2816 2065 ἀρχῆς
2849 1996 3173 2065 συνέστηκε,
3197 1994 3292 2047 καὶ
3326 1993 3515 2045 πάντα
3543 1993 3617 2044 τὰ
3651 1991 3766 2043 εντα

2173 2086 2239 2137 ὲκ
2267 2086 2396 2155 μιᾶς
2427 2085 2604 2156 ἀρχῆς
2651 2071 2974 2156 συνέστηκε,
3005 2089 3098 2143 καὶ
3120 2087 3222 2139 οὐκ
3255 2087 3320 2138 ἐκ
3373 2085 3470 2138 δύο
3491 2102 3505 2113 ο
3540 2084 3638 2136 καὶ
3678 2084 3763 2136 οὐκ

2174 2175 2391 2230 ἔσονται
2424 2177 2520 2230 δύο
2548 2178 2737 2249 ἁρχαὶ,
2768 2179 2904 2233 ἀλλὰ
2934 2179 3052 2250 μία.

3485 2285 3500 2320 :
3571 2279 3766 2334 sreque

2252 2452 2342 2516 ιη’.
2380 2448 2552 2502 MAN.
2576 2447 2676 2500 Διά
2707 2447 2761 2500 τί
2795 2448 3034 2516 ἄναρχος
3069 2447 3099 2498 ὁ
3129 2445 3301 2507 Θεὸς;
3329 2441 3488 2496 ΟΡΘ.
3535 2442 3668 2493 Ὅτι
3708 2445 3769 2495 τὸ

2184 2538 2258 2608 μὴ
2287 2537 2366 2603 ὂν,
2399 2539 2499 2592 οὐκ
2525 2540 2638 2608 ἔχει
2662 2538 2757 2606 ἀφ’
2791 2537 2987 2591 ἑαυτοῦ
3016 2537 3077 2590 τδ
3101 2532 3246 2589 εἶναι
3264 2553 3278 2566 ·
3311 2537 3375 2588 τὸ
3404 2531 3502 2589 οὖν
3524 2536 3622 2602 ἀφ’
3646 2537 3768 2587 ἑαυ-

2178 2628 2274 2682 τοῦ
2312 2629 2386 2700 μὴ
2419 2630 2558 2700 ἔχων
2589 2629 2650 2683 τὺ
2693 2625 2856 2692 εἶναι,
2891 2629 3011 2692 πῶς
3054 2629 3148 2696 ἀφ’
3200 2626 3398 2679 ἑαυτοῦ
3441 2627 3637 2689 Eatur;
3678 2627 3767 2677 καὶ

2180 2721 2286 2792 χρὴ
2314 2717 2406 2776 οὖν
2437 2721 2503 2775 ἐκ
2533 2738 2679 2784 τινος
2707 2721 2860 2784 ὄντος
2887 2719 2952 2773 τὸ
2992 2718 3066 2788 μὴ
3093 2718 3154 2772 δν
3195 2719 3258 2772 τὸ
3289 2713 3426 2770 εἶναι
3453 2717 3644 2769 λαϐεῖν
3662 2733 3682 2747 ο
3707 2715 3769 2769 τδ

2183 2812 2239 2865 δὲ
2261 2812 2476 2882 πρῶτον
2511 2811 2864 2882 μεταδοτικδν
2897 2809 2992 2864 τοῦ
3018 2805 3183 2872 εἶναι,
3231 2810 3291 2876 ἐξ
3325 2808 3517 2866 ἑαυτοῦ
3545 2808 3674 2876 ἕχον
3709 2806 3771 2858 τὺ

2184 2901 2344 2972 εἶναι,
2361 2905 2596 2976 ἄναρχον
2626 2905 2715 2958 ἀεὶ
2741 2903 2917 2958 ἔσται.

2205 3203 2208 3206 ~
2256 3171 2340 3223 t0’.
2372 3171 2546 3226 MAN.
2577 3170 2678 3224 Διὰ
2699 3172 2750 3223 τί
2783 3171 2880 3241 μία
2899 3170 3068 3241 ἀρχὴ,
3090 3169 3185 3223 καὶ
3207 3169 3270 3222 οὐ
3299 3167 3432 3233 δύος
3469 3165 3629 3220 οΡΘ.
3661 3166 3774 3218 Ὀτι

2183 3263 2314 3321 δυὰς
2352 3265 2416 3315 ὲκ
2449 3262 2676 3333 μονάδος
2711 3262 3063 3333 προέρχεται,
3102 3259 3180 3325 ὡς
3230 3259 3465 3330 μονάδος
3509 3258 3772 3326 γέννημα.

2185 3357 2280 3410 καὶ
2308 3355 2451 3426 ἀρχὴ
2483 3355 2674 3431 δυάδος
2707 3355 2899 3424 μονὰς,
2925 3357 3020 3409 καὶ
3053 3355 3160 3424 πρὸ
3200 3355 3298 3422 τῆς
3337 3351 3536 3414 δυάδος

2191 3450 2359 3519 μονάς
2380 3465 2393 3478 ⁶
2431 3447 2527 3502 καὶ
2555 3449 2638 3501 ὅτι
2667 3448 2872 3509 παντὸς
2903 3447 3234 3516 πράγματος
3255 3445 3401 3514 ἁρχὴ
3438 3445 3542 3514 μία
3563 3460 3577 3471 ο
3610 3444 3701 3495 καὶ
3732 3441 3776 3492 εἰ

2189 3541 2421 3594 ἑκάστου
2443 3540 2553 3592 τῶν
2574 3539 2743 3592 ὄντων
2769 3540 2913 3609 ἀρχὴ
2942 3539 3061 3608 μία,
3081 3539 3177 3590 καὶ
3201 3536 3422 3591 πάντων
3452 3536 3611 3587 ἐσται
3641 3534 3780 3602 ἁρχὴ

2195 3632 2291 3702 μία
2311 3651 2324 3664 ·
2356 3633 2385 3684 ὁ
2411 3633 2520 3703 γὰρ
2545 3633 2630 3701 ἐφ’
2658 3633 2890 3685 ἑκάστου
2927 3632 3037 3683 τῶν
3072 3630 3245 3683 ὄντων
3273 3629 3673 3697 amatam“
3699 3625 3778 3676 λὸ-

2190 3741 2306 3793 γος,
2343 3727 2440 3779 καὶ
2471 3725 2564 3778 ἐπὶ
2597 3725 2814 3778 πάντων
2834 3723 3250 3794 ἀποδοθήσεται.

2264 3913 2333 3960 κ’.
2369 3907 2480 3960 Καὶ
2505 3906 2667 3960 πάλιν
2686 3923 2698 3935 ⁸
2729 3908 2779 3958 εἰ
2806 3904 2900 3958 δύο
2925 3904 3118 3974 ἀρχαὶ,
3143 3903 3476 3972 πολυαρχία.
3515 3903 3583 3954 Εἰ
3609 3901 3674 3953 δὲ
3695 3917 3777 3951 ιιι-

2193 3995 2449 4067 λυαρχία,
2479 3995 2689 4058 στάσις.
2725 3995 2788 4047 Εἰ
2819 3994 2876 4048 δὲ
2917 3995 3108 4057 στάσις
3136 3993 3279 4061 ἁρχὴ
3310 3992 3423 4045 τῶν
3455 3993 3668 4053 ὗντων,
3697 4006 3779 4042 xz-

2195 4089 2288 4143 κία
2309 4088 2417 4142 τῶν
2442 4073 2613 4141 ὄντων
2636 4088 2780 4157 ἀρχή
2801 4102 2814 4114 ·
2846 4088 3038 4150 στάσις
3061 4085 3171 4156 γὰρ
3198 4085 3370 4138 κακία
3398 4084 3526 4138 ἐστί
3546 4102 3562 4114 ι
3595 4085 3783 4153 πρέπει

2195 4178 2288 4235 οὖν
2310 4180 2391 4250 τῷ
2438 4179 2580 4250 Θεῷ,
2615 4181 2875 4233 ἁπάντων
2913 4179 3022 4233 τῶν
3060 4178 3378 4247 λεγομένων
3407 4177 3443 4247 ἦ
3481 4176 3784 4246 mugitu

2200 4271 2424 4340 μείζονα
2456 4266 2596 4324 εἶναι
2625 4271 2722 4324 καὶ
2755 4269 2922 4340 ἔχειν.
2961 4271 3120 4324 Ποῖον
3157 4266 3252 4324 οὖν
3288 4268 3506 4339 μεῖζον,
3528 4269 3597 4322 τὸ
3617 4269 3682 4332 ἐξ
3700 4268 3786 4320 οὒκ

2198 4363 2368 4417 ὄντων
2391 4363 2729 4432 οεωπρεπῶς
2768 4366 2929 4426 ποῐας
2951 4373 2978 4413 ι’
3006 4362 3218 4426 οὐσίας,
3246 4362 3278 4431 ἢ
3305 4360 3689 4432 ἀνθρωπίνως

511 4469 578 4509 ac
630 4453 876 4524 potiores
917 4461 1108 4523 partes
1147 4452 1355 4507 habere
1429 4459 1748 4505 utrumnam
1808 4450 1990 4517 majus
2039 4466 2069 4505 e

2199 4455 2588 4526 δημιουργικῇ,
2634 4455 2836 4526 μᾶλλον
2871 4455 2930 4508 δὲ
2963 4457 3252 4525 τεκτονικῇ
3283 4455 3460 4526 τέχνῃ
3512 4455 3680 4523 παρὰ
3706 4454 3786 4521 τὴν

512 4550 865 4618 praestantius
904 4557 1012 4612 est,
1049 4563 1117 4603 ex
1145 4547 1342 4611 nihilo,
1367 4554 1428 4600 ut
1463 4545 1574 4600 Deo
1593 4544 1819 4615 dignum
1850 4553 1968 4609 est,
2005 4559 2072 4600 re:

2203 4546 2337 4617 ὓλην
2365 4546 2790 4616 καταγίνεσθαι;
2825 4548 2998 4601 MAN.
3028 4547 3274 4611 Πάντως.
3297 4547 3380 4599 ὅτι
3405 4549 3475 4598 ἐκ
3507 4547 3592 4616 μὴ
3611 4548 3786 4598 bum.

512 4641 786 4709 condere;
820 4655 890 4695 an
915 4640 1160 4695 humano
1182 4653 1334 4695 more
1372 4653 1468 4709 per
1489 4636 1847 4703 ell‘ectricem,
1872 4637 1957 4692 vel
2001 4653 2072 4706 po

2203 4639 2356 4691 ΟΡΘ.
2382 4638 2594 4692 Οὐκοῦν
2620 4639 2821 4708 πρέπει
2839 4639 2961 4709 Θεῷ
2991 4641 3055 4692 ὲκ
3078 4641 3153 4710 μὴ
3172 4639 3344 4691 ὄντων
3372 4641 3564 4691 ποιεῖν
3587 4640 3788 4696 οὐσίας·

513 4734 627 4789 ιίυε
646 4732 899 4787 fabrilem
928 4738 1103 4802 artem
1123 4731 1180 4786 in
1215 4731 1449 4787 materia
1482 4731 1692 4786 versari
1716 4726 1921 4784 YMAN.
1947 4729 2072 4783 Prm-

2199 4732 2294 4783 καὶ
2327 4730 2428 4782 οὐκ
2455 4725 2523 4800 ἦν
2554 4729 2679 4800 ὖλη,
2711 4729 2827 4783 ἀλλ’
2859 4730 2966 4783 ὑπὸ
2986 4730 3126 4784 Θεοῦ
3151 4729 3391 4796 ἐγένετο.

517 4824 757 4880 stantius
777 4823 1007 4879 omnino
1028 4831 1117 4880 est
1145 4839 1212 4881 ex
1245 4825 1418 4888 nihilo
1452 4840 1542 4882 res
1572 4825 1835 4880 condere.
1860 4823 2073 4880 OR’I‘H.
2115 4823 2256 4894 Ergo
2279 4824 2388 4879 Deo
2421 4834 2649 4880 naturas
2670 4839 2739 4880 ex
2789 4826 2964 4880 nihilo
2989 4839 3184 4881 creare
3245 4825 3515 4880 convenit
3540 4839 3558 4877 :

515 4924 636 4974 erat
663 4917 914 4986 materia,
949 4915 1044 4972 sed
1081 4930 1113 4971 a
1150 4915 1263 4972 Deo
1293 4917 1564 4988 producta
1594 4924 1699 4972 est.

587 5006 678 5061 2|.
707 5004 876 5060 MAN.
908 5003 1052 5060 Deus
1070 5006 1270 5076 quovis
1295 5005 1460 5060 modo
1483 5006 1739 5076 principii
1766 5020 1964 5076 expers
1980 5016 2064 5060 est

2272 5011 2376 5056 κα’.
2410 5004 2583 5058 MAN.
2627 5005 2686 5057 Ὀ
2730 5003 2864 5068 Θεὸς
2902 5003 3045 5058 κατὰ
3074 5005 3253 5057 πάντα
3276 5005 3429 5057 ἐστὶν
3469 5005 3788 5075 ἄναρχες.ξ

517 5113 588 5153 au
616 5098 798 5168 aliqua
820 5098 1036 5153 ratione
1065 5111 1265 5169 expers
1284 5106 1369 5152 est
1390 5137 1406 5162 ,
1429 5098 1611 5167 aliqua
1638 5112 1745 5152 non
1768 5096 2017 5152 ?0RTH.
2042 5097 2072 5152 ε

2202 5097 2349 5151 κατά
2372 5113 2424 5147 τι
2459 5096 2578 5164 μὲν,
2610 5097 2754 5149 κατὰ
2778 5113 2830 5148 τι
2860 5095 2919 5148 δὲ
2950 5094 3047 5160 ob;
3073 5096 3226 5150 ΟΡΘ.
3260 5097 3324 5149 Ei
3353 5097 3417 5148 οὐ
3452 5100 3608 5150 κατὰ
3637 5100 3792 5150 τεά-δτι

519 5205 632 5244 non
672 5189 819 5245 omni
881 5189 1098 5246 ratione
1149 5189 1411 5259 principii
1452 5195 1538 5243 est
1572 5204 1802 5257 expers,
1841 5189 2007 5242 simul
2050 5205 2072 5241 ε

2207 5187 2464 5256 ἄναρχος,
2496 5186 2588 5238 καὶ
2623 5185 2883 5254 ἄναρχος,
2917 5185 3014 5239 καὶ
3048 5185 3150 5238 οὐκ
3177 5184 3439 5253 ἄναρχος.
3482 5187 3550 5238 Εἰ
3577 5187 3646 5240 δὲ
3672 5184 3796 5238 κατὰ

521 5281 778 5352 principii
818 5297 1016 5352 expers
1041 5289 1163 5348 est,
1194 5288 1250 5336 et
1279 5295 1387 5336 non
1415 5296 1641 5349 expers.
1679 5278 1736 5334 Si
1781 5295 1914 5334 vero
1948 5295 2072 5334 omn

2212 5280 2390 5333 πάντα
2421 5280 2678 5350 ἄναρχος,
2709 5279 2878 5342 ὅντως
2907 5278 3164 5348 ἄναρχος,
3204 5277 3303 5330 καὶ
3334 5276 3500 5346 φύσει
3527 5279 3795 5348 ἄναρκιῖ

520 5388 586 5427 ex
620 5382 776 5444 parte
813 5375 932 5430 sine
970 5374 1246 5456 principio
1277 5383 1362 5429 est
1384 5416 1397 5438 ,
1424 5388 1550 5428 vere
1576 5380 1630 5427 et
1656 5381 1850 5427 natura
1893 5373 2071 5443 princi

2205 5374 2268 5427 τὸ
2288 5373 2344 5425 δὲ
2376 5372 2634 5442 ἄναρχον,
2666 5369 2764 5424 καὶ
2788 5369 3116 5441 ἀπέραντον.
3149 5369 3245 5422 Ἐν
3275 5368 3385 5440 γὰρ
3413 5369 3605 5440 ἀρχῆς
3649 5364 3796 5428 εἶδες.

3633 4837 3789 4890 ...με

1765 5533 2000 5591 νΑῐῖῐᾹΞ
2030 5532 2434 5591 LECTIONES.

614 5621 940 5702 "chnclav.
994 5626 1284 5702 legendum
1327 5625 1700 5702 _monet._':t'6v
1750 5626 1940 5683 ὄντων.
2050 5640 2076 5678 P
2123 5627 2368 5685 Emendo
2423 5642 2546 5683 cum
2577 5626 2806 5682 Leuncl.
2839 5623 3133 5688 ποιεῖσθαι,
3168 5621 3250 5677 vel
3277 5621 3476 5674 sectati).
3516 5617 3794 5673 Undeis-

531 5691 698 5754 tcrpr.
732 5691 895 5745 Basil.
926 5691 1110 5759 posrﬁt
1148 5695 1402 5747 essentias
1441 5695 1744 5755 producere.
