3962 6202
239 309 377 374 1525

1233 330 1615 394 DIALOGUS
1653 335 1952 396 CONTRA
1993 337 2470 399 MANICILEOS.

3361 313 3496 408 l526

235 427 421 524 xci-rb
465 430 637 495 τᾶλος.
673 433 786 486 Πᾶν
826 428 919 488 οὖν
949 435 1099 508 ,ἐχον
1149 441 1348 513 ἀρχὴν,
1385 445 1482 500 καὶ
1510 446 1666 510 τέλος
1698 447 1798 517 ἔχει

1914 450 1986 520 pii
2024 458 2222 520 expers
2277 439 2515 506 exsistit.
2569 449 2724 516 Quod
2776 458 2954 506 autem
3003 453 3335 524 principium
3384 473 3492 511 non

231 518 372 572 κατὰ
393 520 501 611 ’τὴν
533 523 724 576 ἑαυτοῦ
756 524 919 594 φύσιν
939 544 953 558 σ
984 529 1080 584 καὶ
1108 533 1218 585 πᾶν
1250 534 1402 600 τέλος
1425 536 1568 607 ἔχον,
1594 539 1685 592 καὶ
1714 541 1835 611 ἀρ-,

232 611 333 698 χὴν
376 609 492 681 ἔχει
519 628 534 642 ·
571 615 661 668 καὶ
693 616 744 668 οἱ
789 616 1011 687 ἄγγελοι
1043 621 1175 690 γοῦν
1217 626 1394 698 ἀρχὴν
1437 627 1674 698 ἔχοντες,
1723 609 1816 686 καὶ

231 697 385 793 τέλος
405 701 589 793 ἔχουσι
635 706 779 760 κατὰ
805 707 905 780 τὴν
929 711 1140 765 ἑαυτῶν
1171 697 1356 784 φύσιν,
1387 718 1436 770 εί
1463 697 1556 773 καὶ
1585 724 1652 792 τῇ
1694 721 1817 793 θείᾳ

231 788 416 859 χάριτι
449 792 613 846 πάλιν
636 795 894 867 ἄρχονται
926 801 1020 854 τοῦ
1040 798 1204 868 εἶναι,
1233 805 1326 859 καὶ
1352 788 1811 874 ἀνακαινίζονταιι

232 880 446 952 Ὠσπερ
473 885 583 952 γὰρ
617 887 679 939 rb
710 889 970 962 ἀκίνητον
1009 904 1037 944 ιι
1074 895 1236 966 σῶμα
1270 897 1576 968 ἀρξάμενον
1601 901 1695 954 τοῦ
1726 919 1812 956 κι-

227 972 460 1063 νεῖσθαι,
519 977 584 1028 ὲκ
634 978 801 1034 τόπου
860 981 1088 1054 ἤρξατο,
1133 987 1377 1042 τουτέστι
1423 991 1484 1043 rb
1532 993 1811 1063 κυκλικὸν,

229 1061 435 1154 φθάνον
455 1065 512 1119 δὲ
544 1068 637 1122 τὸν
669 1070 832 1126 τόπον
865 1074 989 1129 ὅθεν
1015 1076 1240 1148 ἤρξατο,
1275 1079 1565 1152 ἐπλήρωσε
1593 1082 1691 1154 τὴν
1718 1061 1814 1138 πε,

229 1153 515 1223 ριφέρειαν
539 1160 634 1212 καὶ
663 1162 724 1214 rb
749 1166 1029 1230 κυκλικὸν,
1072 1169 1234 1224 πάλιν
1261 1171 1316 1224 δὲ
1348 1173 1576 1243 ἄρχεται
1609 1153 1708 1246 τῆς
1733 1195 1813 1230 κι-

225 1247 458 1342 νήσεως,
492 1252 585 1304 καὶ
609 1253 736 1308 νέαν
769 1257 945 1329 ἀρχὴν
972 1262 1238 1331 κινήσεως
1267 1267 1521 1331 ποιεῖται,
1556 1271 1650 1322 καὶ
1671 1270 1813 1323 οὓτω

218 1336 468 1407 διαμένει
499 1343 839 1414 κινούμενον,
869 1347 974 1412 ἕως
1006 1349 1073 1406 ἂν
1124 1355 1152 1408 ὀ
1194 1355 1432 1409 κελεύων
1469 1358 1602 1412 αὐτὸ
1647 1362 1812 1412 κινεῖ-

223 1428 352 1482 σθαι
386 1431 517 1504 θέλῃ
541 1451 553 1463 ·
588 1435 732 1491 οὕτω
757 1441 848 1493 καὶ
869 1441 917 1493 oi
947 1442 1176 1512 ἄγγελοι
1207 1447 1518 1517 κινούμενοι
1542 1448 1810 1516 ζωτικῶς,

219 1521 316 1573 καὶ
340 1522 636 1591 φθάνοντες
660 1528 723 1582 rb
768 1533 998 1599 φυσικὸν
1041 1535 1195 1600 τέλος
1244 1537 1346 1607 τῆς
1389 1539 1599 1593 ἑαυτῶν
1632 1540 1811 1611 ὑπάρ-

220 1612 381 1681 ξεως,
406 1615 664 1686 ἄρχονται
686 1621 787 1692 τῆς
811 1622 1049 1694 ζωτικῆς
1073 1629 1341 1698 κινήσεως
1369 1629 1550 1696 πάλιν,
1575 1632 1812 1703 προστά-

217 1703 301 1791 ξει
351 1704 446 1758 τοῦ
485 1709 816 1782 ποιήσαντος
860 1715 1081 1779 αὐτούς.
1124 1717 1240 1773 Ἀεὶ
1264 1719 1372 1790 γὰρ
1403 1720 1554 1791 παρὰ
1584 1721 1720 1775 Θεοῦ
1751 1725 1810 1778 rb

1921 541 2134 608 habuit,
2164 557 2264 597 nec
2288 541 2448 596 ﬁnem
2483 541 2700 613 quidem
2727 541 3042 597 habiturum
3071 553 3177 600 est.
3209 545 3494 615 Siquidem

1922 633 2047 688 linis
2074 649 2295 704 quoque
2324 649 2491 688 unum
2518 633 2771 704 principii
2803 649 2975 705 genus
2993 642 3096 689 est.
3124 635 3311 708 itaque
3333 637 3495 707 quid—

1919 723 2050 794 quid
2093 723 2311 779 initium
2338 724 2568 789 habuit,
2603 731 2797 793 suapte
2837 731 3035 777 natura
3067 726 3229 779 ﬁnem
3279 741 3500 798 quoque

1920 814 2143 870 habebit.
2178 830 2190 866 :
2229 829 2293 870 ac
2326 830 2521 870 rursus
2555 812 2817 884 quidquid
2852 813 3013 869 ﬁnem
3056 814 3252 876 habet,
3299 825 3354 870 et
3394 816 3500 870 ini-

1921 906 2058 961 tium
2090 905 2282 962 habuit
2311 924 2326 973 ;
2360 905 2503 960 unde
2531 905 2634 976 ipsi
2657 920 2877 976 quoque
2905 906 3105 976 angeli,
3146 921 3274 962 cum
3318 916 3499 961 ortum

1919 997 2234 1063 habuerint,
2276 995 2434 1051 ﬁnem
2472 996 2637 1051 etiam
2668 1011 2766 1051 sua
2797 1004 2993 1050 natura
3027 995 3249 1060 habent,
3281 1000 3499 1053 tametsi

1919 1087 2106 1143 divina
2130 1089 2302 1158 gratia
2329 1103 2454 1144 esse
2485 1101 2680 1142 rursus
2729 1087 3002 1156 incipiunt
3035 1102 3098 1142 ac
3139 1097 3495 1143 renovantur.

1919 1178 2393 1244 Quemadmodum
2458 1178 2606 1232 enim
2643 1191 2848 1246 corpus
2881 1192 3098 1247 semper
3136 1178 3358 1242 mobile,
3395 1177 3499 1234 hoc

1916 1275 1999 1321 est
2029 1265 2379 1336 sphaericum,
2411 1278 2532 1317 cum
2561 1264 2765 1318 moveri
2813 1264 2997 1332 coepit,
3041 1279 3069 1316 a
3101 1264 3219 1320 loco
3247 1265 3447 1334 incepit
3480 1281 3492 1315 :

1916 1372 2038 1411 cum
2102 1365 2283 1411 autem
2348 1357 2414 1411 ad
2487 1357 2668 1411 locum
2729 1356 3022 1425 pervenit,
3078 1355 3220 1410 unde
3273 1357 3496 1425 incepit,

1916 1448 2354 1502 circumductum
2419 1461 2579 1503 sumn
2630 1454 2682 1501 et
2733 1446 2978 1502 orbicum
3037 1455 3243 1501 motum
3312 1448 3497 1503 absol-

1915 1539 2015 1601 vit,
2091 1552 2157 1591 ac
2220 1553 2417 1593 rursus
2478 1545 2685 1593 motum
2754 1537 3100 1608 auspicatur,
3187 1552 3500 1608 novumque

1917 1639 2096 1683 motus
2130 1627 2346 1683 initium
2374 1627 2543 1694 facit;
2574 1636 2739 1698 atque
2762 1628 2838 1682 ita
2871 1628 3076 1683 moveri
3097 1628 3294 1698 pergit,
3316 1628 3498 1698 quoad

1915 1723 1961 1775 is
2026 1719 2304 1783 voluerit,
2365 1718 2458 1788 qui
2529 1719 2708 1788 ipsttm
2777 1718 2989 1772 moveri
3039 1718 3226 1789 jussit.
3294 1719 3496 1779 Eodem

215 1786 382 1860 εἶναι,
423 1797 517 1851 καὶ
545 1799 795 1866 ζωτικῶς
829 1807 921 1858 καὶ
963 1808 1162 1879 νοερῶς
1193 1783 1461 1866 κινεῖσθαι
1484 1783 1798 1884 ’λαμσὰνου-

1916 1810 2078 1864 modo
2107 1809 2286 1879 angeli
2326 1783 2626 1879 quoque},
2675 1807 2767 1878 qui
2808 1807 2959 1863 vitali
3002 1783 3148 1862 motu
3194 1795 3493 1879 agitantur,

215 1902 326 1949 σιν,
359 1887 461 1941 οὐκ
490 1889 548 1956 ἐξ
597 1892 810 1947 ἑαυτῶν
841 1894 1059 1967 ἔχοντες
1112 1899 1293 1955 τοῦτο.
1323 1903 1564 1974 ,Ὥσπερ
1614 1905 1806 1976 τροχὸς

213 1977 485 2048 κινηθεὶς,
510 1985 741 2038 κινεῖται
781 1988 874 2041 καὶ
906 1989 1173 2044 παύεται·
1206 1992 1300 2046 ἐὰν
1320 1993 1377 2047 δὲ
1415 1994 1513 2067 ἔχῃ
1537 1996 1598 2049 τὸ
1620 1997 1807 2051 ἀεικί-

210 2085 382 2160 νητον
412 2080 460 2161 ξ,
509 2073 595 2127 ἀεὶ
624 2080 876 2143 κινεῖται,
922 2082 1024 2139 οὐκ
1055 2083 1114 2148 ἐξ
1146 2084 1342 2138 ἑαυτοῦ
1375 2080 1496 2158 ἔχον
1520 2089 1617 2159 τὴν
1649 2090 1806 2161 κίνη-

212 2175 300 2247 σιν
324 2159 347 2188 “·
378 2159 520 2215 οὕτω
550 2165 646 2218 καὶ
679 2168 728 2220 οἱ
761 2169 1008 2238 ἄγγελοι,
1031 2174 1132 2227 οὐκ
1162 2173 1219 2242 ἐξ
1244 2175 1455 2231 ἑαυτῶν
1481 2177 1695 2247 ἔχοντες
1743 2159 1805 2232 τὸ

209 2244 379 2315 εἶναι,
415 2251 539 2307 ὅσον
591 2260 733 2312 κινεῖ
778 2263 978 2327 αὐτοὺς
1008 2265 1036 2317 ὁ
1092 2267 1348 2336 ποιήσας,
1390 2268 1701 2323 κινοῦνταιο
1734 2271 1800 2325 ἂν

214 2339 408 2429 μέντοι
435 2343 644 2410 ἐκεῖνος
675 2347 749 2420 μὴ
804 2353 1000 2424 κινήσῃ
1023 2393 1038 2420 ,
1082 2355 1348 2411 παύονται
1383 2359 1481 2429 τῆς
1509 2361 1800 2429 κινήσεως.

209 2428 384 2486 Ὥστε
417 2435 477 2488 rb
509 2436 684 2511 ἀρχὴν
716 2441 860 2512 ἔχον,
905 2445 1124 2510 πάντως
1162 2449 1254 2502 καὶ
1283 2428 1466 2512 τέλος·
1499 2452 1595 2505 καὶ
1623 2428 1684 2504 rb
1717 2452 1801 2504 τέ-

207 2519 304 2584 λος
333 2521 456 2593 ἔχον
486 2528 704 2594 πάντως
740 2533 838 2586 καὶ
887 2535 1087 2607 ἀρχήν.
1126 2538 1234 2591 Καὶ
1262 2538 1324 2592 τὸ
1375 2539 1534 2608 φύσει
1565 2541 1800 2612 ἄναρχον

208 2615 360 2669 κατὰ
398 2618 574 2674 πάντα
617 2623 852 2696 ἄναρχόν
883 2629 1020 2692 ἐστι,
1055 2630 1196 2685 κατά
1234 2649 1292 2684 τε
1318 2632 1520 2699 αἰτίαν,
1552 2635 1645 2688 καὶ
1671 2633 1800 2704 χρό-

206 2722 325 2784 νον,
359 2711 452 2764 καὶ
486 2713 672 2779 τόπον,
708 2717 800 2770 καὶ
825 2718 1100 2784 ἐξουσίαν.

1913 1915 2039 1955 cum
2074 1898 2142 1953 ad
2181 1899 2486 1953 naturalem
2520 1898 2810 1954 exstantior
2850 1912 2963 1953 suae
2996 1905 3195 1952 metam
3235 1913 3497 1968 pervene-

1914 1993 2066 2052 runt,
2092 1985 2373 2042 Creatoris
2409 1985 2572 2055 jussu
2610 1983 2829 2040 vitalem
2870 1992 3078 2038 motum
3106 1999 3266 2039 suum
3299 1999 3495 2038 rursus

1914 2081 2198 2136 inehoant.
2233 2079 2462 2150 Semper
2503 2079 2648 2134 enim
2699 2094 2729 2132 a
2767 2078 2905 2142 Deo,
2956 2085 3070 2131 tum
3106 2085 3165 2132 ttt
3200 2078 3346 2141 sint,
3383 2087 3494 2130 tum

1915 2183 1973 2228 ut
2037 2174 2190 2228 vitali
2238 2181 2294 2228 et
2339 2171 2700 2228 intellectuali
2745 2170 2906 2224 modo
2960 2180 3307 2235 moveantur,
3349 2169 3494 2223 acci-

1907 2265 2103 2334 piunt;
2162 2277 2286 2318 cum
2337 2262 2390 2316 id
2447 2269 2644 2331 suapte
2698 2269 2895 2315 natura
2955 2261 3182 2315 minime
3230 2259 3486 2314 habeant.

1907 2355 2067 2410 Velut
2093 2356 2240 2410 enim
2264 2355 2491 2410 trochus
2530 2354 2800 2425 impulsus
2832 2362 3114 2419 movetur,
3150 2367 3213 2408 ac
3272 2351 3489 2406 tandem

1906 2449 2111 2504 desinit
2177 2464 2189 2499 :
2250 2448 2394 2518 quod
2465 2448 2511 2504 si
2549 2455 2818 2517 perpetuo
2847 2446 3186 2515 impellatur,
3231 2449 3493 2512 perpetuo

1904 2554 2123 2611 quoque
2159 2548 2436 2604 movetur,
2483 2539 2699 2594 etiamsi
2729 2553 2756 2591 a
2791 2552 2849 2592 se
2875 2546 3080 2591 motum
3105 2551 3214 2590 non
3249 2534 3444 2589 habeat
3477 2551 3489 2584 :

1909 2631 1989 2686 sic
2019 2630 2246 2701 perinde
2276 2629 2488 2701 angeli,
2522 2643 2647 2683 cum
2684 2643 2713 2681 a
2745 2626 2966 2698 seipsis,
2995 2633 3054 2680 ut
3100 2626 3211 2679 sint
3246 2639 3356 2677 non
3391 2619 3492 2677 ha-

1907 2721 2094 2787 beant,
2132 2721 2470 2776 tantumdem
2500 2726 2811 2782 moventur,
2844 2724 3110 2788 quantum
3143 2715 3269 2770 illos
3298 2713 3491 2769 condi-

203 2809 298 2862 tor
341 2813 526 2860 movet
571 2809 764 2876 :quod
809 2812 855 2865 si
893 2811 986 2867 ille.
1017 2828 1237 2870 movere
1276 2815 1540 2880 desierit,
1590 2817 1794 2872 moveri
1861 2817 2135 2872 desinent.
2202 2814 2392 2886 Itaque
2433 2816 2580 2886 quod
2633 2814 2848 2869 initium
2913 2811 3112 2876 habet,
3158 2810 3384 2865 omnino
3427 2817 3483 2863 et

205 2901 382 2955 ﬁnem
434 2899 600 2955 habet
641 2917 654 2953 :
715 2918 778 2959 ac
830 2904 1074 2960 vicissim
1125 2910 1268 2978 quod
1309 2909 1469 2965 ﬁnem
1524 2911 1712 2978 habet,

1794 2910 1845 2966 id
1892 2925 2112 2982 quoque
2167 2909 2331 2964 habet
2380 2909 2619 2962 initium.
2660 2905 2924 2976 Quodque
2978 2913 3175 2960 natura
3225 2901 3481 2974 principii

197 3003 413 3056 expers
436 2999 542 3057 est,
575 2992 723 3048 omni
747 3007 815 3049 ex
845 3001 1002 3065 parte
1020 3007 1104 3052 est
1133 2998 1393 3070 principii
1425 3016 1619 3070 expers
1650 3018 1664 3068 ;
1694 3002 1796 3055 hoc
1834 3008 1939 3064 est,
1973 3007 2028 3055 et
2051 3014 2252 3066 causae,
2283 3006 2338 3054 et
2367 2999 2651 3068 temporis,
2697 3004 2749 3051 et
2783 2997 2910 3059 loci,
2984 3004 3039 3053 et
3084 2999 3340 3066 potentiae
3398 3009 3491 3050 ra.

197 3081 385 3133 tione.

275 3166 392 3237 κβν.
432 3167 516 3222 Τὰ
561 3169 654 3225 οὖν
689 3169 801 3239 δύο,
845 3171 878 3244 ἢ
928 3174 986 3227 ἐν
1017 3174 1266 3248 ἀλλήλοις
1296 3175 1598 3249 ἔσονται,ἢ
1650 3178 1798 3250 τόπῳ

1973 3173 2064 3227 2‘2.
2107 3170 2380 3238 Quocirca
2404 3171 2425 3201 ⁷
2453 3170 2562 3225 duo
2597 3170 2890 3240 principia,
2920 3170 3000 3226 vel
3047 3171 3276 3227 alterum
3303 3172 3358 3226 in
3410 3173 3491 3226 al-

202 3254 743 3334 περιγραφήσονται,
787 3267 882 3318 καὶ
911 3267 1012 3320 οὐκ
1034 3268 1247 3340 ἄναρχά
1281 3271 1388 3322 εἰσι
1410 3287 1421 3300 ·
1457 3271 1575 3332 πῶς
1600 3271 1708 3342 γὰρ
1741 3272 1799 3324 ἐν

200 3351 468 3423 ἀλλήλοις
497 3353 558 3405 rb
590 3353 708 3422 φῶς
754 3355 939 3409 καὶτὸ
969 3357 1195 3424 σκότος;
1241 3359 1302 3412 τὺ
1348 3359 1456 3432 γὰρ
1509 3365 1647 3429 φῶς,
1702 3362 1796 3416 τοῦ

204 3443 442 3507 σκότους
467 3445 831 3515 ἀναιρετικόν.
865 3448 929 3501 Εἰ
955 3449 1012 3501 δὲ
1039 3460 1059 3486 ³
1088 3449 1320 3521 μεθόριὰ
1341 3451 1449 3502 εἱσι
1471 3450 1564 3504 τοῦ
1598 3453 1792 3521 φωτὸς,

203 3533 298 3585 καὶ
325 3533 563 3604 μεθόρια
582 3535 680 3588 τοῦ
709 3536 958 3601 σκότους,
991 3539 1112 3592 οὐδὲ
1141 3539 1200 3593 rb
1221 3541 1336 3610 φῶς
1356 3543 1790 3613 ἀπερίγραπτον,

201 3624 278 3687 ὡς
304 3625 383 3696 μὴ
410 3627 687 3698 πανταχοῦ
714 3627 796 3694 ὃν,
815 3629 933 3693 οὐδὲ
962 3631 1021 3683 rb
1050 3631 1238 3694 σκότος
1260 3650 1273 3663 ·
1308 3633 1402 3687 καὶ
1422 3635 1482 3687 οὑ
1514 3635 1794 3698 παντελῶς

202 3715 444 3787 ἅναρχα,
480 3717 672 3788 ἔχοντα
705 3721 946 3791 τοπικὴν
978 3722 1174 3793 ἀρχήν.
1223 3723 1528 3794 Ἀμήχανον
1553 3725 1682 3798 γὰρ,
1719 3725 1812 3794 μὴ·

199 3805 354 3870 ὄντος
397 3807 553 3872 τινος
601 3809 1183 3881 διατειχίσματοςικαῒ⁹
1211 3813 1392 3884 τοίχου
1436 3815 1794 3885 ἀνεπίμικτον

196 3899 494 3962 παντελῶς
527 3895 666 3954 εῖναι
689 3901 749 3953 rb
780 3901 895 3971 φῶς
925 3903 1018 3956 καὶ
1046 3902 1107 3958 rb
1135 3904 1349 3968 σκότος.
1376 3905 1438 3958 Εἰ
1470 3906 1578 3976 γὰρ
1610 3907 1668 3959 ὲν
1699 3925 1792 3961 νυο

192 3989 282 4041 κτὶ
318 3989 524 4060 λύχνον
564 3991 882 4064 ἀνάψωμεν,
916 3996 944 4048 ὁ
989 3994 1088 4064 μὲν
1122 3996 1252 4066 περὶ
1284 3996 1376 4050 τὸν
1407 3997 1600 4068 λύχνον
1629 3999 1794 4062 τόπος

195 4080 601 4153 φωτεινότερος
629 4082 804 4150 ἔσται,
855 4086 998 4140 κατὰ
1029 4088 1226 4157 μικρὸν
1251 4087 1308 4142 δὲ
1329 4087 1603 4160 διάστημα
1638 4089 1791 4144 ἔσται

200 4171 652 4243 σκοτεινότερον,
713 4174 908 4244 μέχρις
938 4175 1004 4229 ἂν
1027 4176 1246 4240 τελείως
1286 4177 1515 4252 ἐκλείπῃ
1547 4179 1610 4232 rb
1653 4179 1789 4249 φῶς,

199 4262 294 4314 καὶ
326 4263 575 4334 καθαρὸν
613 4265 805 4329 σκότος
833 4266 1075 4337 γένηται,
1106 4270 1284 4337 φωτὸς
1309 4269 1687 4340 ἀνεπίμικτον.
1719 4271 1793 4324 ’Ἡ

199 4355 308 4425 γὰρ
330 4353 391 4419 ἐξ
421 4355 605 4426 ἀρχῆς
633 4357 892 4427 ἐμίγνυτο
925 4358 1002 4428 τῷ
1034 4361 1176 4428 φωτὶ
1219 4361 1280 4414 τὸ
1317 4362 1526 4428 σκότος,
1566 4362 1658 4416 καὶ
1690 4363 1790 4417 ούκ

198 4442 424 4498 ἐναντία
462 4444 746 4509 παντελῶς
782 4447 978 4511 ταῦτα,
1013 4449 1108 4503 καὶ
1139 4450 1478 4522 ἀκοινώνητα
1500 4469 1513 4480 ’
1546 4451 1579 4522 ἦ
1607 4452 1789 4525 ἔτερόν

1905 3276 2022 3323 tero
2049 3271 2231 3327 erunt,
2266 3265 2349 3320 vel
2393 3265 2516 3318 loco
2569 3263 3124 3331 circumscribentur,
3190 3278 3290 3320 nec
3334 3278 3489 3320 care-

1901 3357 2037 3412 bunt
2078 3355 2368 3426 principio.
2401 3353 2505 3421 Qui
2535 3369 2700 3425 porro
2722 3357 2814 3410 lux
2844 3365 2897 3410 et
2923 3357 3162 3412 tenebrae
3187 3396 3200 3420 ,
3249 3357 3486 3412 alterum

1901 3451 1955 3503 in
1981 3449 2151 3503 altero
2206 3463 2327 3504 esse
2359 3447 2602 3518 queant?
2639 3447 2752 3501 Lux
2797 3448 2943 3501 enim
2999 3448 3253 3504 tenebras
3322 3438 3484 3504 tellit.

1899 3541 2056 3608 Quod
2088 3540 2134 3596 si
2167 3541 2302 3595 lines
2333 3549 2464 3594 suOs
2494 3539 2608 3605 lux,
2637 3542 2773 3596 lines
2807 3542 2936 3596 item
2974 3555 3103 3596 suos
3123 3542 3362 3597 tenebrae
3390 3541 3485 3598 ha-

1899 3631 2047 3692 bent,
2073 3631 2186 3708 jam
2214 3646 2315 3685 nec
2349 3629 3007 3700 lux-circumscriptionis
3041 3647 3238 3700 expers
3269 3640 3390 3698 est,
3423 3645 3507 3687 ut

1897 3731 2019 3785 qure
2045 3717 2247 3785 ubique
2287 3729 2392 3769 non
2455 3715 2570 3770 sit:
2605 3731 2708 3770 nec
2743 3715 2908 3769 etiam
2955 3719 3214 3772 tenebrae.
3261 3719 3338 3771 lta
3383 3735 3486 3775 nec

1898 3804 2047 3859 omni
2071 3818 2137 3857 ex
2187 3809 2341 3872 parte
2388 3802 2664 3873 principio
2709 3802 3002 3869 carebunt,
3035 3813 3093 3858 ut
3147 3819 3270 3874 qua;
3308 3805 3485 3860 locale

1898 3894 2232 3966 principium
2273 3894 2530 3949 habeant.
2563 3893 2708 3950 Fieri
2749 3909 2882 3950 vero
2914 3911 3024 3951 non
3060 3903 3274 3966 potest,
3311 3906 3370 3950 ut
3391 3897 3485 3951 lux

1894 3997 1949 4044 et
1971 3989 2236 4052 tenebrae,
2271 3986 2373 4041 nisi
2407 3988 2480 4044 sit
2516 3988 2717 4059 aliquis
2783 3988 2948 4044 veluti
2999 4005 3189 4045 murus
3259 3990 3484 4060 interje—

1895 4091 2038 4146 ctus,
2090 4080 2359 4137 mistionis
2406 4095 2634 4152 prorsus
2683 4089 2934 4151 expertes
2979 4083 3111 4138 sint.
3161 4081 3376 4138 Etenim
3434 4086 3482 4138 si

1896 4179 2062 4226 noctu
2092 4171 2369 4226 lucernam
2398 4171 2788 4238 accendamus,
2812 4172 2970 4230 locus
3004 4174 3095 4228 ille
3120 4214 3134 4238 ,
3167 4174 3262 4244 qui
3310 4174 3483 4229 lucer-

1895 4279 1978 4318 na:
2029 4264 2374 4334 propinquus
2455 4272 2538 4320 est
2575 4259 2608 4329 ,’
2653 4263 2993 4333 splendidior
3057 4265 3162 4320 erit
3211 4282 3224 4317 :
3281 4265 3482 4320 obscu-

1893 4355 2010 4410 rior
2043 4371 2195 4420 vero,
2230 4358 2322 4427 qui
2387 4358 2551 4428 paulo
2595 4355 2881 4422 remotior,
2917 4357 3096 4423 quoad
3136 4358 3227 4413 lux
3257 4361 3480 4413 omnino

1893 4444 2144 4513 deﬁciat,
2174 4463 2236 4503 ac
2267 4463 2415 4518 pura:
2435 4445 2600 4527 5,39
2625 4448 2690 4501 ab
2720 4446 2869 4502 omni
2927 4449 3046 4503 luce
3071 4448 3478 4504 tenebratliant.

198 4549 248 4584 τι
275 4533 600 4605 μεσότοιχον
633 4530 703 4607 ἦν
741 4535 836 4590 ἀπ’
866 4537 1041 4609 ἀρχῆς
1080 4541 1142 4593 rb
1170 4540 1346 4595 ταῦτα
1395 4520 1626 4613 χωρίζον
1649 4561 1662 4572 θ
1698 4520 1793 4598 καὶ

1906 4537 2006 4592 Aut
2035 4539 2233 4594 enima
2268 4522 2537 4610 principio
2566 4539 2809 4595 tenebra:
2857 4540 2966 4594 luci
3009 4540 3478 4608 admiscebantnr,

196 4622 383 4678 οὐκέτι
412 4625 512 4679 δύο
535 4627 719 4698 ἀρχαὶ,
758 4627 894 4683 ἀλλὰ
932 4633 1099 4700 τρεῖς.
1142 4632 1216 4684 Τὸ
1248 4631 1408 4701 φύσει
1445 4633 1688 4702 πεφυκὸς
1729 4635 1789 4688 οὐ

202 4715 532 4785 μεθίσταται
552 4736 566 4750 ο
598 4720 660 4773 rb
688 4721 746 4774 δὲ
779 4722 1276 4794 μεταϐαλλόμενον,
1317 4725 1376 4778 ού
1408 4725 1588 4794 φύσει.
1613 4727 1674 4780 Et
1696 4725 1789 4779 οὖν

200 4807 362 4875 φύσει
393 4811 741 4883 ἀκοινώνητα
770 4813 830 4867 rb
861 4815 977 4885 φῶς
1005 4816 1100 4870 καὶ
1128 4817 1188 4870 rb
1215 4817 1438 4882 σκότος,
1491 4817 1609 4882 πῶς
1653 4819 1790 4871 ὲκοιο

200 4897 413 4969 νώνησε
471 4903 614 4972 μετὰ
660 4903 870 4970 ταῦτα;
909 4906 1034 4970 Πῶς
1072 4908 1130 4973 ἐξ
1156 4906 1366 4975 ἀγαθοῦ
1399 4908 1494 4962 καὶ
1523 4908 1782 4979 πονηροῦ,

199 4983 256 5036 ἒν
292 4988 436 5052 ζῶον
469 4991 836 5064 ἀπετελέσθη,
861 4995 888 5047 ὁ
919 4993 1240 5066 ἄνθρωπος;
1266 4997 1326 5049 Et
1360 4996 1469 5066 γὰρ
1500 4997 1788 5050 συνεϐιϐά-

203 5075 435 5146 σθησαν,
459 5081 836 5154 ἐκοινώνησαν
864 5084 1137 5156 ἀλλήλοις.
1167 5086 1227 5139 '0
1264 5086 1372 5156 γὰρ
1409 5087 1787 5157 συμϐιϐασμὸς

202 5170 463 5227 κοινωνέα
496 5173 723 5246 γνώμης
766 5175 910 5229 ἐπί·
947 5176 1042 5230 καὶ
1079 5176 1201 5231 οὔτε
1226 5180 1253 5232 ό
1274 5178 1477 5246 ἀγαθὸς
1506 5177 1780 5249 καθαρῶς,

1898 4632 2088 4703 sicque
2159 4633 2275 4688 haec
2312 4648 2543 4704 prorsus
2591 4633 2734 4688 inter
2783 4647 2842 4688 se
2901 4633 3219 4699 contraria,
3273 4644 3328 4691 et
3409 4637 3479 4691 ab

1896 4724 2042 4777 omni
2084 4722 2284 4778 ﬁndere
2318 4731 2372 4779 et
2401 4722 2729 4779 commercio
2759 4723 2934 4778 aliena
2967 4739 3072 4779 non
3098 4733 3257 4780 erant
3307 4744 3319 4781 :
3383 4738 3480 4781 aut

1897 4814 2042 4868 aliud
2070 4813 2329 4884 quiddam
2367 4815 2716 4886 interjectum
2742 4815 2812 4870 ab
2855 4815 3013 4870 initio
3063 4825 3179 4871 erat
3199 4858 3212 4883 ,
3240 4819 3386 4888 quod
3414 4835 3475 4874 ea

1897 4916 2209 4962 secerneret
2269 4925 2280 4960 :
2352 4915 2516 4976 atque
2579 4906 2650 4960 ita
2705 4920 2816 4961 non
2858 4907 2968 4962 duo
3030 4909 3333 4977 duntaxat,
3379 4912 3476 4966 sed

1899 5000 2001 5052 tria
2061 4998 2328 5068 principia
2362 5007 2546 5053 erunt.
2578 4997 2697 5052 Jam
2736 5015 2866 5055 vero
2906 5001 3051 5071 quod
3085 5010 3283 5055 natura
3320 5017 3474 5057 com-

1899 5101 2147 5158 paratum
2181 5101 2286 5155 est,
2313 5089 2515 5144 mutari
2552 5091 2742 5160 nequit
2777 5107 2790 5143 :
2827 5093 2973 5162 quod
3005 5101 3184 5147 autem
3208 5102 3471 5158 mutatur,

1894 5189 2089 5235 natura
2126 5195 2234 5235 non
2266 5188 2370 5236 est.
2403 5181 2670 5248 Quocirca
2705 5198 2752 5238 st
2787 5184 2891 5240 hoc
2912 5191 3108 5240 natura
3144 5186 3389 5251 ferebat,
3412 5195 3474 5240 ιιι

247 5347 270 5378 ε
300 5348 554 5408 Damasc.
585 5352 678 5409 lib.
715 5370 752 5419 ι,
777 5369 896 5425 cap.
930 5357 1002 5422 8;
1059 5358 1154 5413 lib.
1191 5375 1250 5416 tt.
1295 5376 1416 5429 cap.
1452 5361 1486 5415 5
1549 5368 1602 5414 ct
1632 5359 1664 5413 6
1697 5380 1707 5414 :
1787 5362 1798 5392 ³

1906 5401 1916 5413 .
1948 5362 2039 5414 lib.
2083 5377 2155 5425 tv,
2183 5378 2304 5432 cap.
2333 5363 2384 5418 4.

1485 5516 1720 5572 νΑιιιιΕ
1754 5519 2158 5579 LECTIONES.

278 5621 590 5709 f‘t‘gomhel.
620 5625 751 5709 legit
780 5627 1107 5709 ἀεικίνητον,
1146 5643 1204 5709 ιιι
1232 5635 1394 5709 infra,
1426 5639 1515 5693 ubi
1547 5640 1614 5693 de
1648 5649 1793 5694 tnotu
1821 5643 2020 5709 trochi,
2055 5642 2528 5699 consentientibus
2573 5659 2704 5698 mss.
2741 5655 2794 5702 et
2840 5645 3154 5704 Lcunclavii
3199 5649 3469 5706 cditione..

215 5699 236 5726 τ
264 5689 426 5748 Basil.
459 5694 521 5747 rb
545 5689 821 5766 ἀκίνῆτον.
901 5712 921 5739 ³

1006 5703 1132 5760 asil.
1159 5707 1205 5757 εἰ
1228 5705 1340 5773 οὗν,
1378 5708 1508 5778 Reg.
1538 5711 1585 5762 εξ
1621 5711 1700 5777 ού,
1741 5721 1798 5766 ιιι
1838 5703 2100 5768 librarius
2135 5714 2384 5772 otniscrit
2420 5713 2652 5770 litteram
2685 5731 2732 5771 ν.
