3930 6206
469 277 486 340 ί
500 280 602 344 5’27

1620 286 1681 347 S.
1721 286 1959 348 IOANN
1969 288 2039 350 IS
2065 288 2493 352 DAMASCENI

3600 289 3718 358 1528

466 393 610 441 imer
639 388 819 445 lucem
861 398 917 446 et
957 391 1215 449 tenebras
1241 389 1382 448 nihil
1425 408 1718 452 commune
1738 399 1920 463 esset‘;
1946 399 2039 468 qui

2170 397 2266 451 Ore
2297 399 2517 463 τελείως
2561 399 2778 470 ἔμεινεν
2827 401 3050 469 ἀγαθὸς,
3083 400 3210 455 οὕτε
3263 401 3293 454 ὁ
3321 399 3589 472 πονηρὸς,
3619 402 3720 456 ἀλλ’

467 486 656 545 postea
689 478 895 535 factum
929 490 1014 537 est
1041 491 1101 537 ut
1134 485 1522 539 commercium
1555 487 1694 542 inter
1737 503 1796 544 se
1835 489 2045 544 habue-

467 570 614 624 rint?
643 570 891 636 Quonam
918 575 1080 628 modo
1101 589 1166 630 ex
1196 576 1340 631 bono
1366 586 1420 631 et
1448 578 1596 631 malo
1625 578 1825 632 animal
1850 596 2040 644 unum,

469 660 629 716 homo
659 679 886 732 nempe,
931 663 1182 720 ell'ectum
1209 665 1348 721 fuit?
1381 667 1515 720 Nam
1541 669 1585 722 si
1631 674 2041 733 cunvenerunt‘,

2150 492 2450 561 ἀμφότεροι
2483 493 2827 563 ἐτράπησαν.
2859 494 2932 546 Τὸ
2955 495 3016 546 δὲ
3047 493 3412 564 τρεπόμενον,
3452 491 3558 544 οὐκ
3579 493 3721 561 ἀναρ-

2150 599 2264 651 χον,
2301 582 2420 634 οὐδὲ
2457 582 2609 647 Θεός.
2647 585 2666 619 τ
2715 585 2773 636 Ὁ
2810 584 2919 654 γὰρ
2967 583 3100 646 Θεὸς
3130 585 3313 637 πάντα
3356 580 3632 653 προειδὼς
3669 582 3726 634 τὰ

2149 673 2235 740 ἐφ’
2267 675 2421 744 ἡμῖν,
2462 674 2640 728 πάντα
2669 674 2741 728 τὰ
2769 675 2870 728 οὐκ
2898 676 2980 744 ἐφ’
3013 677 3144 746 ἡμῖν
3163 675 3360 748 ὁρίζει.

468 762 600 803 sane
633 751 1021 806 commercium
1085 755 1225 808 inter
1266 770 1325 810 se
1377 755 1706 811 habuerunt.
1762 755 2081 814 Concursus
2158 771 2348 816 mutuo
2393 764 2537 817 enim
2582 766 2870 819 sententiae
2911 767 3336 820 communicatio
3377 773 3488 821 est.
3536 762 3722 830 Sicque

469 851 567 890 nec
601 836 780 893 bonus
835 853 968 908 pure
1021 855 1085 895 ac
1128 841 1286 909 plene
1336 841 1515 897 bonus
1546 845 1882 912 permansit,
1943 861 2044 900 nec
2083 849 2282 913 malus,
2316 852 2493 908 malus
2526 873 2537 906 :
2569 853 2663 908 sed
2688 861 2918 924 uterque
2941 863 3184 910 mutatus
3204 865 3307 910 est.
3365 852 3534 920 Quod
3580 867 3728 921 porro

470 932 732 991 mutatur,
752 926 804 980 id
833 943 934 982 nec
970 928 1226 999 principii
1264 938 1349 986 est
1371 947 1566 1001 expers
1591 973 1606 999 ,
1635 946 1736 987 nec
1779 933 1942 989 Deus.
2019 932 2164 993 Dens
2191 939 2359 1005 enim,
2391 956 2515 996 cum
2545 944 2844 1012 prevideat
2876 945 3061 1000 omnia
3097 960 3206 1015 qua
3244 945 3299 999 in
3356 953 3554 1001 nostra
3587 949 3728 1012 pote-

470 1024 614 1073 state
647 1024 798 1082 sunt,
831 1019 1098 1089 quidquid
1126 1020 1180 1074 in
1207 1037 1271 1076 ea
1314 1023 1552 1092 positum
1588 1040 1697 1078 non
1735 1032 1855 1092 est,
1902 1025 1957 1080 id
1989 1025 2207 1082 demum
2244 1030 2494 1097 praelinit.

539 1113 618 1166 Ac
664 1128 858 1167 rursus
897 1131 911 1166 :
969 1111 1024 1166 Id
1068 1116 1211 1183 quod
1257 1126 1379 1182 est,
1433 1121 1557 1174 eine
1602 1119 1748 1189 quod
1795 1128 1915 1184 est,
1980 1135 2049 1175 an

471 1203 520 1258 ei
551 1204 698 1275 quod
735 1219 845 1258 non
875 1214 994 1269 est,
1044 1208 1406 1263 adversatur?
1433 1209 1600 1267 MAN.
1635 1211 1694 1266 Ei
1741 1213 1893 1283 quod
1937 1228 2049 1266 non

471 1302 577 1349 est.
611 1291 818 1348 οιιτυ.
867 1293 1010 1366 Ergo
1059 1313 1090 1352 e
1133 1297 1350 1356 duobus
1412 1302 1729 1372 principiis,
1784 1318 1906 1372 qua:
1962 1313 2053 1357 tua

473 1388 688 1442 ratione
723 1395 884 1458 atque
909 1391 1177 1445 sententia
1197 1405 1425 1460 prorsus
1474 1393 1621 1448 inter
1679 1409 1738 1448 se
1779 1395 2054 1448 contraria

473 1489 628 1540 sunt,
662 1481 896 1534 alterum
929 1481 1056 1545 erit,
1086 1483 1320 1536 alterum
1356 1500 1465 1538 non
1499 1487 1626 1542 erit.

543 1569 633 1624 25.
671 1570 902 1641 Insuper
927 1591 940 1626 :
970 1571 1026 1627 ld
1056 1574 1204 1644 quod
1237 1583 1322 1630 est
1343 1616 1357 1639 ,
1395 1577 1519 1631 eiue
1549 1577 1692 1646 quod
1723 1586 1808 1632 est
1863 1577 2054 1632 adver-
2083 1595 2134 1657 Β

475 1663 670 1716 satur?
695 1662 859 1716 MAN.
894 1663 1092 1718 Malum
1120 1681 1266 1744 esse,
1291 1675 1345 1721 et
1376 1667 1578 1722 bonum
1612 1683 1762 1732 esse,
1798 1668 1912 1723 haec
1949 1669 2055 1724 sibi

477 1755 865 1811 adversantur.
899 1754 1113 1811 ORTH.
1148 1757 1320 1829 Igitur
1356 1759 1447 1813 uni
1483 1767 1539 1814 et
1565 1759 1740 1814 eidem
1776 1762 2055 1816 contraria

478 1847 644 1900 simul
674 1845 888 1913 insunt,
927 1861 992 1901 ac
1027 1848 1191 1903 simul
1222 1850 1519 1904 essentiam
1552 1851 1775 1906 habent.
1814 1852 2056 1917 Quomo-

480 1937 742 2009 d’oigitnr
765 1941 1046 1994 contraria
1091 1951 1239 1996 sunt.
1274 1939 1439 1996 MAN.
1476 1941 1597 1998 Non
1645 1959 1744 1998 ens
1769 1959 1836 1998 ne
1880 1945 2058 1998 nomi-

482 2030 605 2084 nari
627 2029 849 2100 quidem
877 2040 1078 2100 potest.
1117 2030 1280 2086 Prius
1313 2033 1460 2086 enim
1495 2034 1700 2104 aliquid
1724 2051 1847 2091 esse
1887 2051 2056 2106 opor-

481 2129 582 2185 tet,
621 2135 689 2176 ac
743 2121 941 2177 deinde
997 2123 1293 2178 nominari.
1344 2123 1592 2190 Quonam
1635 2126 1820 2196 itaque
1855 2136 2053 2197 pacto,

483 2212 537 2265 id
564 2211 707 2280 quod
735 2226 845 2266 non
887 2221 993 2276 est,
1024 2227 1246 2290 cum_eo
1277 2214 1424 2284 quod
1470 2223 1588 2280 est,
1622 2220 1868 2288 pugnat?
1919 2217 2057 2273 Nam

485 2304 773 2372 quaeinter
806 2320 866 2360 se
892 2313 1156 2375 pugnant,
1191 2307 1424 2374 primum
1448 2316 1506 2361 ut
1537 2309 1648 2363 sint
1671 2324 1896 2366 necesse
1952 2320 2055 2378 est,

486 2408 550 2447 ac
581 2393 777 2448 deinde
805 2401 864 2447 ut
895 2403 1156 2463 pugnent,
1188 2403 1411 2464 tumque
1443 2398 1737 2469 pugnantia
1774 2399 2061 2453 nominen-

488 2497 596 2539 tur.
629 2483 784 2548 Quod
809 2493 991 2538 autem
1021 2483 1313 2553 nequidem
1339 2495 1441 2548 est,
1467 2503 1566 2540 cur
1590 2488 1753 2542 etiam
1786 2489 2058 2542 nominari

485 2573 690 2642 queat?
716 2571 927 2628 ORTH.
961 2572 1098 2628 Cum
1134 2589 1242 2627 non
1277 2589 1376 2629 ens
1409 2575 1619 2641 dixisti,
1653 2577 2056 2642 nominastine,

489 2665 716 2722 annon?
743 2663 908 2720 MAN.
944 2663 1258 2731 Nominavi,
1301 2665 1394 2720 sed
1425 2682 1520 2735 per
1543 2669 1907 2737 negationem,
1949 2683 2058 2723 non

490 2774 584 2827 per
645 2757 1086 2812 aﬁirmationem.
1165 2754 1708 2812 0RTl~l.Atlirmatio
1747 2758 2061 2814 habitumne

486 2849 774 2920 signiﬁcat.
809 2857 974 2918 atque
1003 2848 1220 2916 negatio
1253 2847 1649 2918 privationem?
1679 2846 1842 2901 MAN.
1878 2847 2057 2904 Certe.

2229 1125 2339 1178 Kal
2389 1127 2584 1180 πάλιν·
2633 1129 2706 1182 Τὸ
2753 1125 2891 1181 εἶναι
2937 1127 3034 1180 τοῦ
3078 1124 3220 1182 εἶναι
3271 1128 3546 1192 ἐναντίον,
3602 1129 3636 1197 ἢ
3679 1126 3730 1180 τὸ

2159 1208 2298 1266 εἶναι
2324 1214 2400 1284 τῷ
2425 1216 2501 1286 μὴ
2528 1212 2697 1282 εἷναι;
2724 1217 2894 1270 MAN.
2919 1217 2992 1269 Τὸ
3017 1213 3177 1284 εἶναι,
3203 1217 3278 1288 τῷ
3293 1218 3367 1288 μὴ
3387 1213 3557 1271 εἶναι.
3593 1217 3726 1270 ΟΡΘ.

2162 1305 2370 1359 Οὐκοῦν
2389 1306 2496 1359 τῶν
2526 1308 2671 1360 κατὰ
2698 1309 2757 1361 σὲ
2785 1309 2878 1361 δύο
2911 1308 3195 1372 παντελῶς
3240 1309 3511 1362 ἐναντίων
3539 1307 3730 1377 ἀρχῶν,

2159 1395 2192 1464 ἠ
2224 1393 2319 1464 μία
2351 1394 2526 1460 ἔσται,
2559 1399 2591 1468 ἡ
2621 1397 2678 1450 δὲ
2705 1397 2936 1463 δευτέρα
2964 1399 3064 1451 οὐκ
3093 1397 3264 1468 ἔσται.

2231 1578 2339 1640 κγ’.
2362 1572 2472 1624 Kal.
2503 1572 2687 1626 πάλιν·
2720 1574 2781 1627 τὸ
2804 1570 2942 1627 εῖναι
2974 1573 3052 1644 τῷ
3086 1570 3226 1626 εἶναι
3251 1575 3538 1642 ἐναντίονς
3571 1577 3738 1632 MAN.

2157 1662 2233 1716 Τὸ
2270 1658 2411 1716 εἶναι
2462 1663 2649 1728 κακὸν,
2696 1664 2775 1735 τῷ
2821 1659 2962 1719 εἶναι
3013 1665 3237 1734 ἀγαθὸν,
3284 1667 3556 1722 ἐναντίον.
3591 1668 3737 1722 0P9.

2157 1752 2366 1807 Οὐκοῦν
2398 1753 2480 1806 ἐνὶ
2515 1754 2610 1807 καὶ
2641 1755 2720 1824 τῷ
2771 1756 2919 1827 αὐτῷ
2971 1759 3374 1828 συνυπάρχουσι
3402 1761 3503 1812 καὶ
3557 1777 3741 1813 συνου-

2159 1841 2378 1896 σίωνται
2399 1845 2465 1898 τὰ
2486 1843 2722 1900 ἐναντία.
2744 1847 2854 1900 Καὶ
2877 1847 2992 1910 πῶς
3021 1848 3241 1902 ἐναντία
3268 1860 3294 1887 ιι
3315 1866 3330 1913 ;
3355 1849 3539 1905 MAN.
3568 1851 3644 1904 Τὸ
3672 1853 3742 1922 μὴ

2157 1935 2216 1987 ὃν
2245 1935 2726 2006 ἀκατωνόμαστον.
2769 1939 2861 1989 Δεῖ
2891 1937 2999 2008 γὰρ
3026 1935 3186 2003 εἶναι,
3221 1941 3314 1993 καὶ
3341 1940 3522 2004 οὕτως
3545 1942 3742 2012 ὀνομάο

2159 2027 2369 2091 ζεσθαι.
2404 2027 2528 2090 Πῶς
2556 2022 2650 2080 οὖν
2679 2029 2738 2080 τὸ
2767 2029 2840 2099 μὴ
2870 2028 2928 2081 ὃν
2963 2030 3201 2083 ἐναντίον
3226 2031 3304 2101 τῷ
3336 2031 3483 2096 ὄντις
3521 2034 3607 2086 Τὰ
3637 2034 3740 2104 γὰρ

2159 2117 2378 2170 ἐναντία
2409 2117 2682 2188 ἀλλήλοις,
2704 2118 2786 2171 δεῖ
2817 2119 3033 2188 πρῶτον
3062 2115 3222 2187 εἶναι,
3246 2122 3340 2174 καὶ
3366 2123 3484 2175 τότε
3518 2125 3737 2177 ἐναντία

2160 2203 2321 2272 εἶναι,
2367 2209 2461 2262 καὶ
2512 2209 2634 2262 τότε
2657 2209 3023 2279 ὀνομάζεσθαι
3055 2213 3303 2266 ἐναντία·
3338 2214 3475 2284 ὅπερ
3501 2215 3616 2284 γὰρ
3645 2216 3745 2268 οὐκ

2160 2299 2299 2367 ἔστι,
2324 2300 2379 2352 τί
2407 2301 2501 2354 καὶ
2530 2301 2890 2371 ὀνομάζεται;
2925 2302 3164 2355 ΟΡΘΟΔ.
3200 2302 3287 2374 Μὴ
3304 2304 3363 2356 ὂν
3391 2304 3576 2370 εἰπὼν,
3596 2306 3738 2358 ὠνό-

2165 2411 2364 2462 μασας,
2410 2393 2444 2465 ἢ
2487 2392 2548 2445 οὔ
2573 2412 2588 2462 ;
2616 2396 2788 2448 MAN.
2831 2397 3099 2466 Ὠνὸμασα
3134 2397 3276 2450 κατὰ
3328 2399 3625 2466 ἀπόφασιν,
3676 2401 3744 2452 οὺ

2163 2484 2305 2538 κατὰ
2325 2485 2653 2553 κατάφασιν.
2690 2486 2842 2540 ΟΡΘ.
2882 2487 2945 2540 ’ίί
2976 2487 3284 2556 κατάφασις
3308 2488 3421 2554 ἕξιν
3446 2491 3623 2560 δηλοῖ,
3650 2493 3745 2543 καὶ

2162 2578 2440 2646 ἀπόφασις
2471 2577 2760 2649 στέρησινς
2791 2579 2960 2633 MAN.
2992 2579 3120 2635 Ναί.
3145 2581 3293 2634 ΟΡΘ.
3323 2582 3392 2634 Τὸ
3419 2584 3593 2635 κακὸν
3619 2584 3745 2635 καθ’

2162 2668 2276 2733 ἕξιν
2306 2667 2549 2736 λέγεται,
2602 2669 2636 2739 ἢ
2686 2669 2826 2722 κατὰ
2866 2671 3160 2742 στέρησιν;
3215 2672 3376 2725 MAN.
3423 2673 3570 2725 Καθ’
3597 2673 3743 2737 ἕξιν.

2163 2758 2314 2812 ΟΡΘ.
2347 2760 2420 2812 Τὸ
2455 2759 2618 2813 καλὸν
2645 2759 2770 2813 καθ’
2791 2761 2903 2826 ἕξιν
2938 2762 3180 2830 λέγεται,
3206 2764 3240 2836 ἢ
3269 2764 3404 2817 κατὰ
3432 2765 3745 2836 στέρησινς

2163 2850 2338 2904 MAN.
2372 2851 2512 2904 Καθ’
2533 2850 2668 2915 ἕξιν.
2700 2852 2850 2905 ΟΡΘ.
2886 2853 3092 2906 Οὐκοῦν
3117 2855 3178 2907 οὐ
3215 2855 3391 2925 πάντη
3412 2857 3655 2910 ἐναντίον
3686 2855 3751 2910 τὸ

492 2940 702 2996 ORTH.
728 2940 928 2996 Malum
961 2940 1252 2997 habitusne
1284 2941 1494 2994 ratione
1545 2941 1777 3006 dicitur,
1827 2957 1893 2997 an
1955 2943 2061 3011 pri-

2171 2942 2339 2996 κακὸν
2403 2942 2481 3012 τῷ
2544 2942 2754 3013 ἀγαθῷ.
2807 2943 2961 3010 ’Ἐξις
3009 2944 3117 3016 γὰρ
3170 2944 3280 3010 ἕξει
3329 2921 3429 2998 ad):
3480 2947 3747 3001 ἐναντίον.

490 3035 773 3090 vationis?
820 3031 985 3088 MA’N.
1065 3031 1296 3087 Habitus
1373 3031 1605 3086 ratione.
1679 3030 1890 3087 OR'I‘H.
1960 3033 2061 3089 Bo-

487 3140 618 3180 num
649 3125 778 3180 item
812 3123 1146 3186 habitusne,
1187 3137 1255 3176 an
1301 3123 1620 3192 privationis
1663 3123 1875 3180 ratione
1923 3125 2062 3180 dici-

489 3216 616 3270 tur?
645 3214 810 3270 MAN.
857 3215 1088 3270 Habitus
1142 3214 1377 3269 ratione.
1417 3213 1628 3270 ORTH.
1675 3215 1818 3286 Ergo
1859 3217 2062 3271 malum

491 3307 636 3361 bono
660 3321 768 3360 non
803 3321 1032 3375 prorsus
1066 3307 1412 3362 adversatur.
1444 3307 1642 3377 :Neque
1668 3308 1812 3362 enim
1853 3309 2070 3366 habitus

491 3396 698 3449 babitui
723 3396 1038 3451 contrarius
1057 3404 1142 3451 est
1160 3396 1182 3447 ?
1197 3395 1364 3449 MAN.
1385 3396 1547 3461 Quid.
1587 3402 1782 3452 Annon
1845 3401 2070 3456 morbus

490 3501 616 3541 cum
635 3485 872 3541 sanitate
888 3485 1136 3555 pugnat?
1163 3482 1370 3540 ORTH.
1397 3486 1474 3539 lta
1501 3487 1718 3557 quidem
1739 3507 1754 3556 ;
1774 3490 1866 3544 sed
1889 3499 1946 3544 ut
1962 3491 2071 3561 pri-

489 3580 637 3634 vatio
679 3593 806 3632 cum
859 3578 1088 3643 habitu,
1142 3587 1198 3633 et
1232 3577 1482 3634 delectus
1526 3593 1651 3634 cum
1727 3581 2068 3652 integritate.

491 3669 658 3726 MAN.
692 3672 760 3724 Et
789 3669 920 3742 quid
950 3671 1078 3726 ais?
1108 3667 1323 3724 ORTH.
1355 3669 1478 3726 Pari
1517 3671 1678 3727 modo
1697 3672 1876 3743 ipsum
1906 3675 2071 3729 etiam

2170 3034 2342 3088 MAN.
2370 3034 2480 3086 Καὶ
2533 3033 2635 3086 οὐκ
2687 3032 2804 3086 ἔστι
2853 3033 3006 3098 νόσος
3057 3036 3242 3103 ὑγείας
3273 3037 3559 3102 ὲναντίονς
3595 3038 3745 3093 ΟΡΘ.

2168 3123 2308 3178 Ναί·
2341 3123 2456 3176 ἀλλ’
2489 3122 2562 3186 ὡς
2587 3122 2698 3188 ’ἐξει
2736 3124 3012 3195 στέρησις,
3041 3128 3133 3180 καὶ
3159 3127 3400 3196 ἔλλειψις
3428 3127 3750 3199 ὁλοκληρία.

2169 3215 2336 3272 MAN.
2356 3216 2466 3269 Καὶ
2491 3216 2543 3268 τί
2569 3216 2706 3286 φῄς;
2734 3216 2885 3270 ΟΡΘ.
2908 3217 3062 3270 Οὕτω
3094 3220 3187 3272 καί
3214 3218 3275 3271 τὸ
3296 3220 3471 3274 κακὸν
3495 3220 3752 3291 στέρησις

2171 3307 2369 3379 μᾶλλον
2408 3306 2580 3374 ἔσται,
2600 3309 2694 3360 καὶ
2723 3307 2893 3372 οὕτως
2923 3309 3163 3363 ἐναντίον
3194 3311 3506 3382 τῷάγαθῷ,
3539 3313 3616 3375 ὡς
3645 3311 3751 3375 ἕξις

2171 3401 2424 3472 στερήσει
2441 3415 2455 3430 ο
2477 3398 2670 3471 τὸγὰρ
2691 3399 2862 3453 κακὸν
2887 3400 3035 3453 οὐδὲν
3055 3402 3240 3474 ἕτερόν
3271 3405 3438 3468 ἐστιν,
3472 3405 3522 3457 εί
3558 3407 3637 3473 μὴ
3660 3403 3752 3455 τοῦ

2169 3490 2377 3561 ἀγαθοῦ
2409 3489 2667 3560 στέρησις
2691 3506 2704 3518 '
2728 3491 2825 3544 καὶ
2853 3492 3110 3557 παντελὲς
3133 3493 3325 3558 κακὸν,
3355 3494 3636 3560 παντελὴς
3658 3493 3752 3547 τοῦ

2169 3583 2378 3654 ἀγαθοῦ
2407 3582 2684 3653 στέρησις.
2711 3583 2802 3636 Διὸ
2829 3583 2890 3636 τὸ
2911 3584 3077 3637 κακόν
3099 3602 3303 3656 φαμεν,
3333 3587 3408 3656 μὴ
3427 3585 3487 3637 ὃν
3520 3584 3757 3656 μᾶλλον,

2171 3675 2246 3738 ὡς
2276 3674 2530 3745 στέρησιν
2558 3672 2657 3742 τῆς
2688 3671 2923 3743 φυσικῆς
2948 3673 3135 3740 ἕξεως,
3170 3675 3330 3744 εἴπερ
3361 3676 3417 3727 ὗν
3447 3683 3498 3729 τ.

489 3765 695 3819 malum
739 3763 976 3834 privatio
1005 3764 1192 3834 potius
1237 3765 1386 3830 erit,
1434 3764 1626 3834 sicque
1657 3765 1806 3820 bono
1849 3767 2216 3831 contrarium,
2244 3765 2415 3820 veluti
2474 3763 2769 3836 privationi
2808 3763 3048 3819 habitus.
3111 3763 3309 3818 Malum
3387 3765 3536 3819 enim
3596 3763 3756 3818 aliud

488 3860 628 3914 nihil
661 3867 766 3925 est,
790 3874 955 3930 quam
991 3859 1117 3914 boni
1145 3859 1410 3930 privatio,
1437 3867 1492 3915 et
1531 3860 1908 3915 omnimodum
1945 3861 2174 3925 malum,
2247 3859 2552 3915 omnimodi
2616 3859 2746 3914 boni
2784 3858 3041 3930 privatio.
3105 3859 3183 3914 Ac
3227 3859 3462 3930 proinde
3523 3860 3758 3916 malum.

491 3968 600 4008 non
625 3967 726 4008 ens
756 3952 937 4022 potius
957 3991 972 4017 ,
1001 3951 1170 4006 veluti
1202 3950 1472 4006 naturalis
1513 3951 1732 4007 habitus
1774 3952 2159 4022 privationem,
2216 3967 2380 4022 quam
2411 3967 2510 4006 ens
2540 3949 2799 4006 dicimus.

560 4049 653 4103 24.
704 4047 979 4113 Quidnam
1029 4046 1198 4116 igitur
1259 4061 1381 4102 esse
1427 4047 1713 4101 materiam
1774 4046 1950 4113 dicis;
1991 4045 2071 4102 vi-

495 4153 678 4196 tamne
716 4154 786 4194 an
825 4138 1236 4209 corruptionem
1268 4153 1332 4194 ac
1354 4139 1624 4194 mortem?
1652 4137 1792 4193 Num
1824 4147 2031 4194 motum
2052 4176 2068 4204 ,

2242 4047 2340 4100 κδ’.
2368 4046 2433 4099 Τί
2468 4041 2561 4099 οὖν
2590 4047 2696 4119 φῄς
2713 4045 2812 4115 τὴν
2835 4043 2999 4114 ὒλην;
3029 4044 3204 4114 ζωὴν,
3237 4043 3504 4114 ascopa“.
3540 4048 3642 4101 καὶ
3671 4048 3756 4100 ei.

2171 4152 2328 4191 νατον
2352 4151 2367 4200 ;
2405 4135 2636 4204 Κίνησιν
2663 4133 2758 4186 καὶ
2787 4132 3138 4202 κινουμένην,
3166 4133 3197 4202 ἤ
3231 4134 3532 4202 ἀκινησίαν
3569 4138 3671 4190 καὶ
3694 4156 3768 4191 κι-

494 4243 546 4288 et
586 4233 641 4286 in
682 4238 835 4285 motu
882 4229 1164 4300 positam?
1204 4244 1275 4285 an
1325 4229 1477 4285 omni
1529 4229 1849 4285 destitutam
1892 4239 2061 4294 motu,

2171 4226 2331 4296 νητόν
2355 4235 2420 4291 ις
2453 4224 2590 4294 φῶς,
2617 4224 2650 4295 ἢ
2685 4223 2914 4289 σκότος;
2945 4224 3114 4277 MAN.
3143 4223 3352 4294 Φθορὰν
3373 4227 3472 4278 καὶ
3505 4227 3763 4290 θάνατον.

492 4323 659 4395 440
709 4331 876 4392 atque
932 4320 1318 4376 immobilem?
1375 4321 1590 4385 lucem,
1639 4336 1710 4376 an
1773 4321 2070 4378 tenebras?

495 4411 1106 4482 MAN.Corruptionem
1153 4419 1206 4468 et
1246 4418 1499 4478 mortem,
1541 4420 1725 4466 motus
1766 4411 2067 4466 absentiam

495 4516 660 4575 atque
697 4503 1057 4572 immobilem,
1102 4503 1377 4569 tenebras,
1407 4503 1732 4558 nonlucem.
1765 4500 1975 4556 ORTH.
2012 4499 2068 4556 Si

495 4597 662 4666 igitur
684 4594 1090 4664 corruptioest,
1105 4606 1342 4662 quonam
1362 4599 1521 4661 pacto
1539 4589 1752 4644 fructus
1770 4588 2026 4660 produxit
2050 4607 2067 4658 ;

495 4701 738 4752 quonam
787 4693 951 4755 pacto
994 4683 1167 4738 vixit?
1214 4683 1496 4753 corruptio
1543 4681 1687 4736 enim
1735 4695 1849 4735 non
1897 4680 2064 4745 vivit,

495 4791 600 4832 nec
654 4777 828 4831 vitam
887 4775 1072 4842 habet,
1119 4783 1212 4829 aut
1243 4774 1509 4845 impertit.
1555 4770 1691 4828 Nam
1750 4771 1894 4842 quod
1943 4773 2069 4841 quis

496 4884 607 4924 non
639 4869 804 4926 habet
870 4870 963 4940 qui
990 4867 1209 4939 tandem
1259 4866 1366 4923 hoc
1388 4865 1514 4923 aliis
1543 4865 1677 4920 dare
1707 4863 1920 4935 possit?
1961 4878 2071 4934 quo

2133 4325 2137 4328 ’
2174 4315 2464 4386 ἀκινησίαν
2490 4316 2586 4370 καὶ
2604 4315 2879 4384 ἀκίνητον,
2899 4315 3108 4379 σκότος,
3135 4314 3229 4367 καὶ
3243 4316 3303 4366 οὐ
3336 4315 3479 4383 φῶς.
3515 4320 3680 4372 ΟΡΘ,
3707 4321 3764 4373 Et

2175 4409 2266 4464 οὖν
2311 4407 2507 4479 φθορὰ,
2537 4408 2654 4468 πῶς
2683 4407 2928 4476 καρποὺς
2975 4405 3324 4474 προσήγαγες
3377 4406 3502 4469 πῶς
3527 4408 3765 4477 gap-5y;

2173 4503 2207 4571 ἡ
2239 4499 2348 4569 γὰρ
2386 4497 2560 4568 φθορὰ
2579 4499 2639 4551 οὐ
2665 4495 2754 4566 ζῇ,
2783 4494 2905 4548 οὐδὲ
2933 4493 3077 4565 ζωὴν
3103 4494 3234 4564 ἔχει,
3267 4495 3388 4547 οὐδὲ
3415 4495 3570 4568 ζωῆς
3593 4517 3766 4568 μεται-

2175 4591 2408 4646 δίδωσιν.
2449 4591 2512 4643 Ὃ
2546 4588 2654 4659 γάρ
2683 4604 2767 4650 τις
2799 4588 2899 4640 οὐκ
2927 4585 3062 4655 ἔχει,
3096 4585 3214 4648 πῶς
3241 4587 3617 4655 μεταδίδωσι;
3656 4591 3768 4654 πῶς

2174 4681 2231 4736 δὲ
2259 4682 2353 4734 καὶ
2380 4680 2635 4749 ἀκίνητος
2673 4674 2808 4731 οὖσα
2837 4677 3086 4747 ἐκινήθη,
3131 4679 3227 4730 καὶ
3258 4676 3423 4746 μέχρι
3461 4679 3576 4731 τῶν
3602 4682 3766 4750 ὀρξεςκ

2172 4773 2269 4828 τοῦ
2291 4773 2466 4842 φωτὸς
2492 4768 2723 4839 ἔφθασε;
2746 4769 2829 4830 τίς
2853 4770 2883 4822 ὁ
2902 4768 3077 4841 ταύτῃ
3101 4768 3223 4831 δοὺς
3253 4768 3351 4838 τὴν
3384 4770 3565 4842 ζωὴν,
3591 4773 3699 4825 καὶ
3717 4773 3772 4823 τὸ

2177 4863 2431 4934 κινητόν;
2463 4862 2510 4915 εί
2543 4860 2643 4932 μὲν
2672 4863 2701 4915 ὁ
2731 4859 2958 4928 ἀγαθὸς,
2988 4859 3089 4912 οὐκ
3125 4857 3354 4928 ἀγαθὸς,
3387 4860 3517 4914 οὐδὲ
3558 4863 3735 4932 σοφός
3755 4877 3767 4890 ’

1796 5047 2028 5103 νΑιιιλΕ
2068 5045 2245 5101 LEC'l‘
2252 5043 2364 5100 lON
2373 5041 2475 5098 ES.

574 5164 590 5199 ¹
621 5161 740 5216 Non
763 5168 963 5216 vacant
989 5161 1128 5221 haec,
1159 5160 1343 5229 inquit
1371 5157 1759 5225 Combelisius,
1783 5170 1842 5214 ut
1872 5160 2050 5229 visum
2075 5165 2160 5213 est
2192 5154 2520 5229 Billiozused
2554 5162 2686 5229 sunt
2723 5153 2864 5208 ratio
2899 5153 3101 5208 divinae
3124 5152 3632 5229 immutabilitatis,
3664 5167 3772 5229 nan

498 5231 756 5287 obstante
788 5231 1166 5300 contingentia
1188 5223 1494 5300 voluntatis
1511 5223 1795 5300 humanae,
1802 5244 1984 5300 quam
2013 5228 2161 5300 Deus
2190 5225 2641 5300 sibiArel_inquit_,_
2671 5231 2730 5277 ut
2771 5234 2955 5300 motus
2987 5239 3118 5278 suos
3162 5229 3288 5291 agat
3317 5223 3527 5300 libere,
3566 5223 3770 5291 praevi-

501 5302 638 5356 dens
661 5301 792 5368 quid
834 5293 1046 5354 factura
1067 5301 1159 5352 sit.
1185 5298 1339 5354 Dam.
1367 5299 1466 5352 lib.
1494 5315 1555 5364 ll,
1577 5316 1630 5354 v.
1653 5298 1742 5354 29.
1779 5293 1904 5353 Hinc
1936 5298 2022 5368 vir
2044 5297 2259 5352 doctus.
2293 5296 2511 5368 Quibus
2539 5295 2735 5368 addam
2770 5293 2953 5348 simile

501 5364 727 5450 currere
758 5370 861 5450 libr:
888 5368 1304 5450 t_De‘ﬁdf,.cap_..
1329 5369 1395 5422 17
1423 5369 1604 5450 initio,
1638 5369 1824 5450 ubide
1845 5364 2819 5450 divina_immutabilitatedisputat:

3031 5307 3221 5348 rorsus
3264 5293 3638 5345 ratiocinium
3679 5305 3768 5344 oc-

2925 5371 2951 5398 υ
2984 5361 3194 5426 Billius,
3224 5361 3340 5416 haec
3393 5363 3450 5415 in
3499 5375 3774 5430 persona

501 5439 648 5494 dicta
684 5440 800 5492 vult
821 5431 1123 5492 Orthod'oxi
1151 5431 1340 5494 invitis
1369 5431 1677 5493 codicibus.
1705 5437 1820 5508 Ego
1853 5436 2136 5492 Manichaai
2162 5437 2423 5508 existimo
2453 5431 2852 5508 quicuntraria
2884 5433 3154 5508 principia
3191 5446 3313 5494 sua,
3373 5431 3544 5484 ambo
3611 5431 3774 5508 entia

501 5523 625 5563 esse
655 5508 957 5572 contendit,
988 5521 1161 5576 eaque
1195 5513 1399 5562 bonum
1427 5514 1476 5561 et
1507 5508 1710 5561 malum
1737 5495 1900 5572 eusse;
1936 5515 2001 5562 ut
2041 5514 2094 5562 et
2145 5506 2350 5576 malum
2382 5495 2485 5576 ens
2529 5505 2621 5568 sit,
2660 5495 2978 5576 perinde'_ac
3002 5495 3243 5576 bonum;
3276 5516 3386 5553 non
3419 5514 3576 5576 vero,
3611 5495 3774 5567 quod

503 5576 856 5632 ()rthodoxus
889 5569 1115 5647 evincit,
1146 5578 1382 5647 privatio
1411 5576 1541 5633 boni
1572 5585 1626 5634 et
1655 5577 1822 5636 entis.
1863 5569 1988 5633 Haec
2038 5573 2284 5633 Combef.
2362 5584 2389 5612 ν
2421 5573 2552 5647 Leg.
2586 5569 2755 5646 ἥπερ.
2833 5579 2859 5608 ι
2893 5571 3117 5628 Leunel.
3168 5570 3222 5625 in
3255 5585 3430 5639 marg.
3471 5569 3774 5637 ἀκίνητον.

507 5652 566 5694 ut
593 5659 787 5700 sensus
819 5646 1079 5715 postulat.
