3962 6202
306 284 311 287 ⁷
367 304 500 369 1529

1344 289 1721 354 DIALOGUS
1763 286 2062 348 CONTRA
2114 279 2592 343 ΜΑΝΙΟΗᾸΞΟΞ.

3477 265 3616 334 1530

362 419 463 470 οὐκ
490 412 695 481 ἀγαθὸς
730 409 851 480 μὲν,
890 406 990 477 τὴν
1018 402 1235 457 κακίαν
1261 400 1513 467 ζωώσας,
1550 398 1646 451 καὶ
1672 394 1899 464 κινήσας
1917 408 1929 419 ·

2068 400 2168 444 tem
2212 385 2400 449 modo,
2456 399 2577 454 quae
2606 391 2757 435 motu
2801 380 3026 437 carebat
3056 421 3071 445 ,
3120 376 3356 447 impulsa
3387 375 3507 441 fuit,
3558 384 3618 431 ut

362 510 427 562 οὐ
479 504 637 573 σοφὸς
685 501 762 565 δὲ,
795 498 917 552 οὐδὲ
962 493 1296 566 γνωστικὸς,
1346 490 1524 558 ἐαυτῷ
1574 482 1938 558 παρεσχηκὼς

364 598 638 667 πολέμους
678 594 772 647 καὶ
808 592 1144 661 πράγματα,
1196 586 1293 639 καὶ
1330 582 1450 636 καθ’
1481 577 1679 634 ἑαυτοῦ
1708 577 1940 644 κινήσας

362 690 464 761 τὴν
506 686 700 741 κακίαν
746 680 1061 752 ἠρεμοῦσαν
1111 676 1207 730 καὶ
1255 672 1653 745 ἡσυχάζουσαν.
1693 667 1940 725 Στάσεως

364 756 476 852 γαρ
507 780 600 833 καὶ
624 776 809 831 κακῶν
848 774 1066 842 ἐγένετο
1089 768 1368 838 πρόξενος.
1413 766 1476 817 Εἰ
1506 763 1564 816 δὲ
1593 762 1691 830 οὐχ
1717 761 1745 812 ὁ
1787 756 1936 819 Θεὸς,

366 848 575 942 ἕτερος,
611 871 707 923 καὶ
744 866 930 922 οὐκέτι
971 863 1098 925 δύο,
1137 859 1275 914 ἀλλὰ
1312 859 1483 927 τρεῖς.
1511 856 1575 908 Ὃ
1598 853 1707 921 γάρ
1734 866 1817 911 τις
1842 848 1942 901 οὐκ

368 936 503 1030 ἔχει,
528 960 587 1012 οὐ
617 957 836 1011 δύναται
867 953 959 1023 ἀφ’
995 948 1188 1007 ἑαυτοῦ
1217 945 1545 1018 κτήσασθαι.
1572 942 1746 996 MAN.
1781 936 1942 992 Ἀλλὰ

366 1027 595 1118 δυνάμει
625 1046 739 1117 ἔχει
762 1047 822 1098 τὸ
851 1044 949 1114 ζῇν
979 1042 1074 1096 καὶ
1101 1038 1199 1109 τὴν
1237 1037 1474 1107 κίνησιν.
1504 1032 1655 1086 ΟΡΘ.
1690 1031 1751 1084 Εἰ
1784 1027 1943 1082 δυνάο

373 1156 467 1209 μει
498 1136 613 1208 εἶχε
647 1136 792 1206 ζωὴν
815 1135 911 1187 καὶ
942 1132 1179 1200 κίνησιν,
1203 1128 1429 1197 δυνάμει
1458 1120 1525 1195 ἦν
1556 1121 1755 1191 ἀγαθὴ,
1785 1120 1941 1187 εἴπερ

372 1232 488 1301 ζωὴ
515 1231 611 1285 καὶ
634 1229 846 1298 κίνησις
866 1264 882 1289 ,
917 1222 1118 1293 ἀγαθή.
1149 1220 1321 1273 MAN.
1369 1217 1433 1269 Ἢ
1458 1214 1561 1284 τῆς
1593 1212 1793 1273 κακίας
1825 1209 1942 1279 ζωὴ

372 1300 740 1389 καὶίκὶνησις,
770 1316 874 1369 οὐκ
911 1312 1135 1381 ἀγαθὸν,
1168 1308 1304 1362 ἀλλὰ
1341 1305 1530 1360 κακόν.
1580 1302 1732 1356 ΟΡΘ.
1770 1300 1844 1353 Τὸ
1880 1301 1944 1353 ἐκ

371 1388 652 1481 δυνάμεως
677 1405 973 1478 ἐρχόμενον
996 1403 1074 1463 εἰς
1092 1398 1396 1470 ἐνέργειαν,
1416 1391 1651 1463 τρεπτδν
1670 1391 1765 1443 καὶ
1788 1388 1944 1459 ἀρχόο

377 1477 560 1575 μενον,
612 1477 717 1554 καῖ
749 1499 850 1551 οὐκ
880 1495 1116 1565 ἄναρχον
1138 1508 1150 1520 ·
1184 1490 1279 1543 καὶ
1308 1488 1357 1540 εἰ
1398 1484 1625 1555 δυνάμει
1651 1477 1766 1552 εἶχε
1800 1478 1944 1548 ζωὴν

375 1570 469 1650 καὶ
490 1594 727 1663 κίνησιν,
761 1588 1041 1658 ἐνέργειαν
1073 1584 1230 1653 ἔσχεν
1261 1579 1486 1649 ὕστερον
1506 1594 1520 1608 ο
1560 1575 1609 1627 εἰ
1657 1573 1712 1626 δὲ
1743 1570 1885 1640 κακὴ
1908 1571 1940 1637 ή

2040 481 2108 536 ad
2132 478 2268 533 lucis
2299 476 2434 529 ﬁnes
2472 472 2824 544 pervenerit?
2866 472 3004 536 Quis
3050 469 3199 525 dedit
3243 469 3296 523 ei
3356 467 3523 521 vitam
3563 476 3617 521 et

2040 569 2281 626 motum?
2311 568 2358 623 si
2390 568 2568 620 bonus
2610 586 2620 619 :
2647 573 2703 618 at
2733 563 2819 617 hic
2848 569 2997 616 certe
3024 577 3124 615 nec
3149 561 3362 625 bonus,
3393 574 3494 613 nec
3524 573 3615 612 sa-

2040 662 2197 731 piens
2227 658 2421 713 fuerit.
2453 656 2575 710 Non
2598 657 2799 718 bonus,
2834 653 2925 722 qui
2962 652 3103 704 malo
3130 653 3292 704 vitam
3326 660 3380 706 et
3412 660 3619 704 motum
3682 631 3689 639 ’

2041 749 2209 814 dedit,
2237 764 2347 803 non
2378 747 2599 816 sapiens
2640 755 2695 799 et
2724 742 2964 813 prudens
2990 740 3177 803 fuerit,
3212 741 3308 808 qui
3342 742 3447 795 sibi
3478 740 3619 792 bella

2042 849 2096 897 et
2118 838 2405 895 molestias
2447 835 2830 898 facessiverit,
2877 833 3102 893 malum,
3149 832 3295 899 quod
3344 830 3620 898 tranquil-

2043 929 2155 985 lum
2224 937 2279 984 et
2325 929 2576 999 quietum
2626 932 2781 984 erat,
2824 923 3114 976 adversum
3169 936 3227 974 se
3267 920 3617 973 concitando.

2042 1017 2408 1074 Dissidiorum
2443 1016 2589 1071 enim
2624 1014 2741 1084 ipse
2770 1028 2831 1068 ac
2867 1013 3134 1064 malorum
3158 1016 3350 1063 auctor
3380 1008 3619 1061 exstitit.

2046 1110 2143 1166 Sin
2165 1118 2345 1166 autem
2376 1109 2551 1163 bonus
2576 1122 2685 1160 non
2718 1105 2890 1165 dedit.
2926 1104 3065 1155 alter
3123 1099 3331 1153 dederit
3399 1112 3625 1152 necesse

2044 1210 2149 1259 est.
2194 1201 2270 1255 Ita
2300 1216 2408 1256 non
2446 1200 2560 1269 jam
2590 1199 2738 1259 duo,
2785 1196 2883 1253 sed
2916 1203 3027 1248 tres
3055 1200 3235 1246 erunt.
3286 1190 3419 1243 Nam
3473 1188 3623 1258 quod

2045 1296 2169 1364 quis
2207 1308 2319 1347 non
2358 1292 2545 1355 habet,
2592 1290 2699 1344 hoc
2745 1302 2775 1340 a
2825 1302 2884 1342 se
2936 1284 3202 1351 consequi
3256 1297 3362 1336 non
3417 1288 3621 1349 potest.

2045 1384 2211 1441 MAN.
2229 1385 2297 1438 At
2318 1383 2562 1452 potentia
2578 1380 2745 1435 vitam
2762 1377 2997 1431 habebat
3013 1370 3313 1428 ειίιιυιιιιιι.
3338 1371 3549 1425 ORTH.
3568 1370 3625 1426 Si

2044 1475 2286 1547 potentia
2314 1473 2481 1527 vitam
2518 1478 2572 1526 et
2617 1477 2827 1523 motum
2873 1467 3147 1531 habebat;
3190 1479 3321 1535 ergo
3380 1464 3630 1530 potentia

2047 1582 2264 1638 quoque
2310 1566 2457 1619 bona
2485 1571 2603 1618 erat
2641 1578 2654 1613 :
2699 1559 2974 1627 siquidem
3008 1558 3118 1609 vita
3156 1563 3210 1611 et
3259 1562 3441 1607 motus
3488 1553 3632 1607 inter

375 1647 580 1755 ταύτης
756 1697 815 1733 τε
854 1647 958 1731 ’κᾷι
1009 1647 1243 1743 κίνησις,
1300 1647 1526 1737 δυνάμει
1563 1660 1631 1736 ἦν
1662 1660 1828 1731 κακὴ.
1852 1659 1947 1712 καὶ

2068 1674 2195 1715 )ona
2229 1658 2339 1712 sint
2388 1653 2685 1709 censenda.
2717 1648 3032 1705 MAN.Mali
3069 1647 3177 1699 vita
3205 1653 3257 1698 ct
3282 1654 3486 1707 motus,
3522 1659 3630 1698 non

2401 1743 2416 1755 1
2529 1742 2541 1755 1
2729 1749 2740 1755 -
2800 1735 2987 1755 nnmll
3046 1734 3195 1755 l\,_-.l
3228 1749 3249 1755 -
3290 1732 3531 1755 ⁸...Δηιῐιι
3564 1730 3629 1755 ,τι

377 1774 479 1831 οὐκ
516 1718 795 1843 ὲινεῖιγεέᾳο
820 1769 915 1824 καὶ
948 1768 1101 1820 ἔσται
1120 1718 1165 1835 Ιή
1189 1718 1360 1817 κακία
1392 1718 1493 1813 οῦκ
1523 1718 1775 1825 ἄναρχος.
1794 1718 1865 1805 Ἐἰ
1893 1751 1948 1804 δὲ

2068 1762 2283 1810 bonum,
2324 1743 2419 1798 sed
2438 1742 2640 1796 malum
2664 1749 2766 1797 est.
2798 1735 3012 1794 ORTII.
3045 1734 3199 1801 Quod
3226 1749 3255 1786 a
3290 1732 3537 1802 potentia
3563 1730 3629 1785 ad

379 1864 583 1936 ἀγαθὸν
607 1836 887 1934 ήταύτης
925 1858 1037 1928 ζωή
1062 1873 1121 1908 τε
1152 1854 1244 1907 καὶ
1272 1852 1507 1919 κίνησις,
1545 1848 1608 1899 ὲκ
1633 1843 1831 1903 κακίας
1859 1836 1954 1909 ἦλ-

382 1932 474 2013 οέν
494 1959 574 2019 εις
602 1932 825 2021 ἀγαθάν.
848 1949 1019 2004 MAN.
1057 1947 1121 1999 Τί
1147 1944 1232 2005 δές
1262 1942 1409 2012 οὐχὴ
1443 1937 1619 2007 φθορὰ
1654 1935 1841 2004 ἐτέρου
1858 1932 1956 2000 γέ-

381 2064 560 2112 νεσις;
591 2044 742 2099 ΟΡΘ.
766 2043 879 2112 Οὐχ
901 2042 933 2109 ὴ
959 2037 1136 2108 φθορὰ.
1155 2035 1362 2104 γίνεται
1401 2030 1635 2098 γένεσις,
1665 2024 1779 2079 ἀλλ’
1800 2033 1829 2073 1
1853 2021 1957 2075 ὑπὸ

382 2109 520 2189 θεοῦ
548 2109 615 2188 εκ
646 2132 740 2187 τοῦ
789 2109 878 2202 μή*
912 2129 1064 2191 ὄντος
1096 2127 1176 2182 εἰς
1217 2123 1275 2175 τὸ
1309 2116 1449 2173 εῖναι
1486 2113 1781 2187 προστάξει
1820 2109 1955 2163 Θεοῦ

383 2222 874 2298 δημιουργηθεῖσα,
900 2216 1108 2288 τρεπτὴ
1138 2212 1293 2277 οὖσα,
1322 2211 1396 2273 ὡς
1424 2209 1532 2264 ἀπὸ
1553 2204 1763 2276 τροπῆς
1791 2203 1959 2270 ἀρχοα

393 2288 549 2389 μόνη.
585 2288 774 2386 Ϋροπὴ
820 2314 929 2384 γάρ
959 2313 1096 2374 ἐστι,
1144 2307 1205 2359 τὸ
1232 2306 1295 2356 ὲκ
1340 2302 1416 2372 μὴ
1444 2301 1596 2361 ὄντος
1626 2298 1705 2357 εἰς
1728 2294 1788 2347 τὸ
1817 2288 1957 2346 εἶναι

385 2383 581 2464 ἑλθείν.
607 2383 708 2461 Ὧν
737 2383 795 2458 δὲ
826 2383 1056 2457 τὸεῖναι
1085 2397 1192 2450 ἀπὸ
1229 2394 1433 2466 τροπῆς
1485 2390 1708 2462 ἣρξατο,
1747 2383 1958 2455 τρεπτὰ

386 2503 629 2566 πάντως,
658 2498 752 2551 καὶ
769 2492 1036 2550 amoma
1060 2506 1075 2520 ο
1096 2485 1303 2558 τρεπτὴ
1331 2480 1463 2536 οὖσα
1501 2482 1535 2548 ἠ
1569 2478 1689 2547 ῦλη,
1723 2474 1800 2545 τῷ
1831 2473 1959 2542 θείῳ

389 2562 771 2666 προστάγματι
831 2584 1104 2651 ζωοῦται,
1153 2577 1248 2633 καὶ
1298 2573 1597 2643 φθείρεται,
1654 2568 1750 2621 καὶ
1798 2562 1959 2618 πάλιν

389 2657 657 2753 ζωοῦταιξ
700 2681 840 2734 ὥστε
884 2676 982 2745 οὐχ
1007 2676 1041 2744 ή
1084 2670 1258 2742 φθορὰ
1288 2664 1612 2738 δημιουργεῖ
1636 2660 1736 2729 τὴν
1766 2657 1961 2725 γέννη-

393 2798 477 2834 σιν
510 2787 556 2840 ι,
580 2774 717 2828 ἀλλὰ
740 2770 801 2824 τὸ
824 2769 965 2823 θεῖον
995 2764 1324 2834 πρόσταγμα
1356 2758 1484 2822 ζωοῖ
1526 2755 1623 2808 καὶ
1648 2762 1962 2819 γενεσιουρ-

397 3243 491 3298 dat
518 3249 574 3295 et
609 3235 884 3307 producit.

471 3342 574 3391 κε’.
600 3294 735 3388 ίῖιίπὲ
757 3332 812 3384 δὲ
836 3328 930 3382 καὶ
957 3324 1142 3379 τοῦτο’
1179 3324 1247 3376 τὰ
1277 3321 1369 3374 τοῦ
1400 3317 1576 3388 φωτὸς
1607 3316 1729 3384 ὅρια
1749 3352 1764 3377 ,
1796 3307 1961 3378 φωτὸς

2144 3296 2237 3350 25.
2303 3294 2463 3348 Dicas

402 3427 779 3497 πεπλήρωται,
808 3420 842 3490 ἦ
868 3417 962 3484 οῠ;
989 3416 1159 3469 MAN.
1192 3411 1360 3467 Παντι
1395 3425 1500 3462 που
1537 3405 1715 3473 δῆλον,
1755 3400 1829 3462 ὼς
1860 3415 1970 3467 φω-

400 3519 494 3581 τὸς
521 3490 899 3584 πεπλήρωται.
923 3507 1074 3561 ΟΡΘ.
1109 3504 1181 3557 Τὸ
1208 3502 1325 3571 φῶς
1354 3500 1451 3555 καὶ
1485 3497 1545 3551 τὸ
1570 3493 1760 3554 σκότος
1795 3490 1971 3543 δεκτι-

403 3579 485 3665 κὰν
520 3579 766 3679 ἀλλήλων
799 3604 957 3667 εἰσὶν,
1012 3600 1046 3669 ἢ
1086 3594 1442 3657 ἀνεπίδεκτα;
1498 3586 1671 3643 MAN.
1715 3579 1970 3635 Δεκτικά.

404 3701 559 3755 ΟΡΘ.
592 3669 801 3753 Οῦκοῦν
826 3692 926 3746 οῦκ
972 3692 1078 3742 εἰσι
1108 3686 1290 3755 φύσει,
1343 3682 1372 3733 ὅ
1404 3682 1541 3732 εἰσιο
1574 3676 1635 3728 τὸ
1662 3672 1772 3741 γὰρ
1816 3669 1976 3736 φύσει

407 3789 673 3858 πεφυκὸς,
704 3786 765 3839 οὺ
804 3782 1155 3854 μεθίσταται·
1192 3774 1287 3827 καὶ
1315 3773 1349 3842 ἠ
1387 3768 1547 3837 φῦσει
1574 3763 1688 3833 ζωὴ
1726 3758 1978 3814 ἀνεπίδε-

410 3848 535 3943 κτος
562 3848 815 3933 θανάτου.
841 3872 966 3933 Πῶς
987 3866 1082 3923 οὖν
1109 3865 1355 3935 ὡμίλησε
1389 3858 1527 3929 φωτὶ
1553 3856 1615 3908 τὸ
1644 3853 1853 3914 σκότος,
1885 3848 1979 3903 καὶ

406 3975 470 4025 uti
504 3937 756 4038 διελύθη;
790 3962 923 4019 Εἶτα
952 3964 981 4015 ὁ
1013 3959 1175 4020 τόπος
1216 3952 1307 4008 τοῦ
1339 3950 1515 4021 φωτὸς
1545 3942 1851 4015 ἐπληροῦτο
1884 3937 1978 3993 τοῦ

410 4061 615 4131 ἀγαθοῦ
647 4031 751 4113 καὶ.
796 4054 888 4108 τοῦ
932 4050 1130 4121 φωτὸς,
1180 4046 1212 4117 ἢ
1257 4043 1353 4109 οὓς
1407 4039 1581 4095 MAN.
1626 4031 1978 4106 Ἐπληροῦτο.

412 4124 564 4208 Ul’O.
600 4151 724 4213 Πῶς
763 4143 856 4201 οὖν
890 4142 1144 4215 ὲχωρήθη
1193 4139 1254 4191 τὸ
1302 4135 1524 4196 σκότοςς
1578 4129 1640 4185 οὐ
1677 4126 1782 4197 γὰρ
1834 4124 1983 4195 μεδι-

418 4245 607 4313 μναῖον
652 4239 873 4305 ἀγγεῖον
902 4272 917 4297 ,
975 4229 1214 4302 χωρήσει
1266 4225 1615 4294 διμέδιμνον·
1667 4215 1940 4270 τουτέστιν
1966 4252 1981 4277 ,

413 4303 636 4405 αγγεῖον
665 4303 783 4391 ἑνός
823 4325 1005 4398 μοδίου
1039 4317 1367 4392 χωρητικὸν,
1398 4315 1497 4368 οὐκ
1523 4313 1590 4366 ἂν
1620 4308 1859 4380 χωρήσει
1893 4303 1985 4358 δύο

418 4426 655 4498 μοδίους.

487 4599 602 4667 κς’.
633 4594 768 4653 Εἶτα
806 4593 1138 4653 εἰσελθόντες
1180 4588 1229 4640 οἱ
1269 4584 1363 4639 τοῦ
1408 4580 1640 4641 σκότους
1674 4572 1878 4646 καρποὶ
1907 4571 1987 4633 εἰς

415 4695 485 4749 τὰ
513 4695 637 4763 ὅρια
687 4688 781 4743 τοῦ
814 4684 1010 4754 φωτὸς,
1045 4680 1097 4734 τι
1130 4678 1527 4745 πεποιήκασινς
1568 4670 1679 4741 ἢτί
1712 4664 1986 4722 πεπόνθα-

322 4786 325 4787 ⁷
418 4754 745 4849 ann-MAN.
769 4772 921 4831 Εἷδον
938 4775 999 4827 τὸ
1020 4772 1156 4841 φῶς,
1193 4771 1289 4823 καὶ
1321 4763 1733 4836 προσεκύνησαν
1762 4770 1787 4798 α
1819 4754 1988 4825 αὐτῷ,

420 4880 518 4935 καὶ
546 4877 627 4937 εἰς
659 4874 836 4944 ἔρωτα
879 4865 1046 4920 αὑτοῦ
1095 4860 1279 4934 ἦλθον.
1305 4861 1457 4915 ΟΡΘ.
1511 4859 1575 4913 Ὢ
1605 4850 1872 4907 σκοτεινοὶ
1901 4849 1995 4903 καὶ

422 4968 640 5038 ἀνόητοι
663 4939 913 5030 ’.τυφλὸν
936 4959 997 5011 τὸ
1024 4956 1234 5017 σκότος,
1276 4952 1309 5021 ἢ
1344 4947 1639 5019 φωτεινόν;
1679 4941 1852 4997 MAN.
1884 4939 1993 4991 Tu-

2060 1844 2241 1891 actum
2280 1832 2525 1895 transiit,
2557 1829 2851 1883 mutationi
2886 1827 3100 1888 subest,
3129 1832 3422 1892 ortumque
3447 1822 3631 1883 habet,

2060 1942 2164 1983 nec
2206 1925 2359 1979 initio
2387 1930 2555 1977 caret.
2589 1920 2660 1974 Ut
2703 1935 2826 1974 cum
2867 1916 3112 1987 potentia
3134 1915 3301 1967 vitam
3341 1921 3395 1965 et
3429 1920 3631 1964 motum

2062 2019 2308 2079 haberet,
2377 2023 2560 2069 actum
2592 2011 2824 2082 posthac
2847 2004 3208 2087 habuerit.-‘Si
3247 2012 3428 2056 autem
3460 2002 3635 2071 ipsius

2063 2109 2173 2164 vita
2205 2121 2267 2160 ac
2295 2106 2468 2160 motio
2498 2104 2644 2157 mala
2671 2111 2776 2165 est,
2808 2099 3053 2171 potentia
3092 2096 3303 2164 utique,
3340 2110 3448 2148 non
3482 2102 3633 2160 actu,

2065 2201 2208 2255 mala
2237 2206 2357 2253 erat
2399 2214 2414 2251 :
2441 2197 2633 2264 sicque
2653 2194 2852 2247 malum
2879 2190 3139 2262 principii
3161 2202 3358 2258 expers
3380 2201 3487 2240 non
3509 2186 3632 2240 erit.

2067 2289 2162 2344 Sin
2198 2295 2377 2341 autem
2430 2285 2603 2355 ipsius
2637 2282 2745 2335 vita
2772 2291 2826 2336 et
2862 2281 3030 2334 motio
3058 2280 3200 2333 bona
3229 2283 3312 2332 est
3348 2292 3362 2327 :
3392 2291 3455 2329 ex
3493 2275 3637 2328 malo

2065 2381 2231 2451 igitur
2261 2378 2315 2431 in
2348 2377 2551 2431 bonum
2597 2373 2843 2429 transit“.
2872 2370 3036 2424 MAN.
3076 2370 3214 2435 Quid
3248 2368 3414 2420 vero?
3454 2381 3635 2419 annon

2065 2472 2231 2526 unius
2265 2468 2565 2534 corruptio,
2588 2464 2818 2518 alterius
2841 2462 3125 2531 generatio
3151 2467 3256 2514 est.
3275 2456 3486 2511 ORTll.
3506 2456 3642 2510 Cor-

2065 2560 2249 2629 ruptio
2280 2557 2705 2625 haudquaquam
2769 2551 3049 2622 generatio
3124 2550 3255 2611 lit”,
3283 2546 3375 2601 sed
3414 2545 3431 2615 [
3469 2554 3643 2597 mate-

2066 2650 2191 2721 ria]
2229 2666 2257 2703 a
2286 2649 2394 2703 Deo
2424 2648 2582 2715 jussu
2614 2646 2811 2715 ipsius,
2857 2659 2923 2697 ex
2958 2642 3133 2695 nihilo
3167 2638 3414 2700 condita,
3459 2643 3643 2689 muta-

2068 2742 2207 2795 tioni
2265 2738 2506 2793 obnoxia
2545 2744 2652 2800 est,
2705 2744 2766 2789 ut
2807 2748 2931 2803 quae
2987 2746 3016 2785 a
3062 2729 3366 2783 mutatione
3425 2724 3641 2778 initium

2069 2829 2410 2901 sumpserit(
2439 2828 2667 2882 Mutatio
2712 2826 2855 2879 enim
2913 2832 3030 2885 est,
3064 2837 3095 2875 a
3130 2835 3239 2874 non
3284 2833 3409 2873 esse
3435 2815 3499 2869 ad
3524 2828 3647 2868 esse

2511 3303 2641 3345 vero
2669 3295 2722 3343 et
2748 3285 2894 3342 istud
2948 3295 3176 3353 quoque
3220 3295 3236 3332 :
3290 3274 3430 3330 lucis
3483 3274 3638 3335 fines,

2072 3397 2276 3445 suntne
2330 3387 2451 3439 luce
2477 3380 2648 3451 pleni,
2734 3371 3143 3433 necne?MAN.
3192 3369 3383 3424 Cuivis
3442 3364 3655 3435 perspi-

2072 3495 2238 3537 cuum
2266 3484 2372 3543 est,
2406 3477 2529 3529 luce
2556 3472 2753 3542 plenos
2783 3483 2925 3524 esse.
2964 3461 3177 3520 ORTH.
3220 3458 3476 3528 Nunquid
3498 3493 3515 3517 .
3560 3456 3654 3508 lux

2071 3578 2125 3624 et
2154 3569 2393 3624 tenebrat
2417 3579 2540 3621 sese
2570 3563 2805 3616 invicem
2831 3559 3122 3612 admittere
3142 3561 3394 3622 possunt,
3426 3564 3527 3603 nec
3552 3546 3658 3601 ne?

2074 3655 2241 3711 MAN.
2282 3654 2586 3707 Admittere
2612 3666 2670 3704 se
2700 3648 2933 3701 invicem
2974 3650 3233 3715 possunt.
3260 3636 3470 3693 ORTII.
3512 3636 3656 3705 Ergo

2075 3760 2189 3799 non
2222 3748 2417 3796 natura
2450 3747 2602 3801 sunt,
2622 3737 2674 3789 id
2701 3733 2846 3805 quod
2879 3742 3032 3788 sunt.
3057 3730 3270 3785 Etenim
3295 3727 3441 3794 quod
3459 3735 3655 3779 natura

2077 3840 2455 3903 comparatum
2483 3835 2588 3893 est,
2625 3840 2733 3880 non
2756 3830 3026 3877 mutatur.
3058 3819 3192 3875 Nam
3224 3826 3275 3870 et
3307 3830 3429 3884 quae
3461 3822 3657 3867 natura

2078 3927 2189 3982 vita
2213 3931 2317 3987 est,
2351 3928 2579 3976 mortem
2613 3916 2902 3971 admittere
2945 3910 3152 3980 nequit.
3190 3907 3439 3973 Quonam
3498 3904 3664 3973 igitur

2079 4014 2245 4071 modo
2265 4012 2504 4067 tenebrae
2527 4008 2606 4063 sic
2633 4022 2762 4060 cum
2787 4006 2911 4059 luce
2946 4010 3173 4057 versatae
3206 4007 3358 4061 sunt,
3394 3999 3528 4067 quin
3551 3996 3665 4051 dis-

2081 4105 2274 4174 sipatae
2302 4097 2542 4154 fuerint?
2576 4093 2716 4148 Illud
2763 4094 2892 4147 item
2926 4104 3150 4162 qmero,
3191 4088 3350 4141 locus
3390 4085 3527 4138 lucis
3568 4084 3667 4138 bo-

2081 4210 2226 4251 none
2265 4206 2331 4246 ac
2378 4188 2585 4243 lumine
2641 4186 2841 4256 plenus
2887 4193 3043 4248 erat,
3082 4181 3301 4236 annon?
3342 4177 3505 4231 MAN.
3547 4176 3669 4229 Plc-

2081 4303 2186 4344 nus
2219 4294 2355 4340 erat.
2406 4279 2617 4336 ORTH.
2651 4278 2755 4344 Qui
2798 4278 2965 4345 igitur
2998 4274 3121 4343 capi
3171 4280 3339 4340 atque
3385 4268 3661 4323 contineri

2083 4377 2321 4435 tenebrae
2366 4371 2689 4444 potuerunt?
2734 4384 2911 4437 neque
2950 4366 3097 4421 enim
3137 4380 3232 4419 vas
3263 4363 3430 4416 unius
3472 4358 3663 4423 modii,

2094 4470 2231 4525 duos
2260 4466 2475 4521 modios
2504 4478 2702 4532 capere
2733 4466 2920 4530 queat.

2157 4560 2249 4615 26.
2287 4556 2490 4612 Deinde
2532 4554 2884 4609 tenebrarum
2938 4548 3160 4602 fructus
3209 4544 3351 4597 lucis
3410 4542 3544 4596 ﬁnes
3580 4539 3667 4593 in-

2016 4636 2065 4694 Ῑ)
2093 4651 2297 4723 gressi,
2318 4648 2444 4719 quid
2466 4652 2719 4717 egerunt,
2740 4651 2833 4695 aut
2853 4640 2982 4711 quid
3016 4638 3159 4707 passi
3182 4635 3343 4689 sunt?
3373 4628 3538 4685 MAN.
3564 4629 3676 4682 Lu-

2096 4757 2212 4798 cem
2255 4739 2533 4797 vidernnt,
2582 4734 2868 4803 ipsiusque
2911 4726 3275 4783 admiratione
3321 4720 3495 4790 capti,
3532 4719 3677 4771 hanc

2101 4814 2489 4891 adoraverunt,
2528 4831 2926 4892 creperuntque
2955 4818 3229 4889 deperire.
3277 4811 3486 4868 Oll'l‘H.
3516 4808 3560 4862 Ο
3582 4823 3679 4862 vos

2101 4924 2421 4980 tenebrosos
2473 4925 2528 4972 ct
2609 4914 2866 4969 stolidos!
2952 4908 3214 4964 Tenebrae
3281 4917 3439 4957 crecae
3511 4905 3679 4958 sunt,

425 4991 640 5038 ανοητυι
665 4991 675 4994 ν
713 4991 912 5030 τυψηυν
938 4991 997 5011 -υυ
1024 4991 1234 5017 uno...”
1283 4991 1309 5021 ,ι
1345 4991 1597 5019 ,τυ---ην
1625 4991 1639 5011 ,
1679 4991 1848 4997 -.--ηη

425 5058 575 5128 φλόν.
612 5054 764 5109 ΟΡΘ.
796 5053 905 5106 Καὶ
928 5050 1043 5112 πῶς
1065 5048 1196 5116 ὁρᾷν
1226 5042 1448 5095 δύναται
1465 5037 1525 5091 τὸ
1552 5034 1783 5104 τυφλόν;
1817 5032 1850 5089 ἢ
1880 5028 1961 5082 πῶ

2102 5033 2169 5072 an
2189 5013 2330 5068 lucis
2360 5024 2612 5080 capaces.
2646 5004 2809 5059 MAN.
2835 5002 3034 5057 Cascae?
3082 4995 3293 5052 ORTH.
3331 4991 3563 5059 Quinam
3591 5002 3681 5042 er-

2112 5124 2165 5128 ~-
2206 5106 2254 5128 ³-³
2305 5100 2446 5128 ο---ΑᾹ
2487 5114 2689 5128 nmnnm
2723 5106 2799 5128 no!
2845 5094 3029 5128 uirlnro
3055 5088 3268 5128 ητιααῖιῖ
3306 5097 3482 5128 ηιιονρ
3522 5085 3681 5128 ῃςισῑο

427 5118 489 5201 τὸ
524 5145 803 5207 παντελῶς
841 5142 1010 5197 κακὸν
1062 5134 1370 5205 θαυμάσει,
1416 5131 1450 5201 ἢ
1492 5123 1848 5198 ὲρασθήσεται
1898 5118 1992 5172 τοῦ

429 5234 637 5305 ἀγαθοῦ
656 5252 671 5298 ;

2105 5124 2173 5180 go
2206 5106 2256 5160 id
2302 5100 2447 5175 quod
2485 5114 2690 5155 caecum
2722 5094 3029 5159 cst,vidcre
3055 5088 3268 5159 possit?
3306 5097 3482 5154 quove
3522 5085 3682 5148 pacto

2106 5196 2264 5269 M1
2327 5191 2472 5263 quod
2526 5188 2751 5245 omnino
2779 5184 2982 5239 malum
3014 5189 3120 5245 est,
3153 5178 3282 5233 boni
3320 5170 3683 5230 admiratione

2109 5289 2392 5348 afﬁcietur,
2430 5294 2481 5338 et
2518 5280 2653 5336 illud
2687 5275 2947 5350 appetet?

502 5431 525 5463 ⁸
563 5428 725 5484 Lib.t
762 5425 971 5495 Physic.
1022 5438 1144 5492 cap.
1193 5422 1242 5476 8.
1328 5420 1349 5451 '
1381 5418 1497 5473 Lib.
1537 5414 1653 5479 LrDe
1681 5428 1797 5482 gen.
1855 5411 1941 5464 tit.
1987 5407 2051 5460 17
2078 5413 2132 5459 et
2162 5402 2255 5456 20.

1699 5498 1930 5555 VARI/ﬁ
1970 5488 2380 5549 LECTIONES.

445 5604 449 5608 ’
508 5617 536 5657 1
580 5609 778 5660 υυιιεεε
802 5602 999 5659 viderit
1035 5603 1156 5672 ῦλη,
1193 5602 1275 5655 vel
1306 5598 1608 5655 subaudiri.
1691 5603 1711 5629 ι
1755 5584 2277 5646 l.cunrl.ememlat,
2320 5578 2556 5647 γένεσιν.

441 5680 545 5733 tius
569 5677 911 5739 apvctierunl.

2635 5584 2658 5612 ι
2692 5569 2858 5627 Basil.
2918 5561 3379 5637 προσεκὶσσησαν,
3418 5555 3678 5608 vehemen-
