3930 6206
338 247 472 312 1531

1533 254 1593 316 S.
1630 255 1872 315 ΙΟᾹΝΝ
1880 256 1951 314 IS
1988 251 2418 315 DAMASCENI

3473 240 3618 306 1532

405 359 495 441 27.
541 356 680 414 Tum
723 375 888 427 vero;
934 360 1052 417 hare
1109 361 1221 417 duo
1272 363 1542 435 principia
1575 381 1771 422 sesene
1823 369 1906 421 in-

2083 367 2189 431 κζ.
2231 366 2436 438 Ὀμῶς,
2468 359 2624 418 αὗται
2657 365 2715 417 αἱ
2765 363 2858 417 δύο
2897 361 3068 432 ἀρχαὶ
3104 358 3410 430 φθαρτικαὶ
3439 357 3614 427 ἀλλή-

332 450 510 504 νί‹·ειη
558 452 960 520 corrumpunt?
1002 451 1170 506 MAN.
1203 453 1460 510 Maxime.
1507 454 1720 511 ORTll.
1767 455 1911 527 Ergo

2033 476 2119 511 ιων
2143 457 2248 510 εἰσί
2268 474 2283 522 ;

2013 547 2182 600 κακία
2231 548 2348 599 ἐστὶ
2395 544 2590 616 φθορὰ,
2625 545 2762 598 ἀλλά
2793 546 2888 599 καὶ
2936 546 2965 599 ό
3010 544 3240 612 ἀγαθός.
3320 542 3498 596 ΜΛΝ.
3549 539 3622 594 Ἦ

333 555 445 594 non
475 541 675 594 malum
709 543 890 596 solum
927 545 1213 613 corruptio
1239 553 1343 607 est,
1379 545 1476 599 sed
1503 545 1670 599 etiam
1707 545 1906 600 bonus.

336 630 502 684 MAN.
561 632 760 685 Malum
809 636 1097 704 corruptio
1128 643 1233 699 est,
1296 635 1478 690 bonus
1541 642 1728 690 autem
1777 637 1908 691 vita.

331 722 545 779 ORTII.
580 726 752 794 Igitur
789 727 996 779 malum
1048 726 1274 794 quidem
1325 726 1533 781 bonum
1575 728 1908 797 corrumpit,

2379 457 2552 510 MAN.
2593 455 2733 521 Nai.
2809 453 2963 508 0P8.
3005 451 3224 505 Οὐκοῦν
3269 450 3334 503 οὗ
3391 450 3533 520 μόνη
3578 451 3617 518 ἡ

2018 641 2116 710 μὲν
2154 640 2322 693 κακία
2345 680 2359 703 ,
2398 638 2591 708 φθορά.
2608 637 2670 691 '0
2696 639 2759 690 δὲ
2793 637 3027 703 ἀγαθὸς,
3054 637 3196 706 ζωή.
3273 634 3430 687 ΟΡΘ.
3472 633 3623 686 Οὐκο

2012 732 2107 785 οὖν
2138 733 2171 802 ἡ
2205 731 2305 800 μὲν
2331 731 2500 784 κακία
2524 729 2736 799 φθείρει
2759 730 2850 780 τὸν
2875 727 3104 793 ἀγαθὸν,
3131 726 3230 779 καὶ
3257 727 3358 794 οὐχ
3383 724 3624 792 ὑφίστα-

333 829 434 868 nec
459 816 569 867 vim
605 816 653 868 ei
691 817 854 868 ullam
890 817 1226 870 subsistendi
1263 817 1493 872 tribuit:
1517 817 1699 873 bonus
1727 826 1908 873 autem

2033 842 2108 878 ται
2128 840 2144 855 ·
2176 826 2203 876 ὁ
2228 823 2284 876 δὲ
2314 821 2518 890 ἀγαθὸς
2549 821 2682 885 ζωοῖ
2707 819 2808 890 τὴν
2832 819 3070 872 κακίαν·
3105 817 3201 869 καὶ
3239 815 3623 886 ὑποστήσεται

335 906 479 958 malo
518 907 682 958 vitam
738 907 1002 974 impertit.
1061 905 1264 976 Sicque
1299 907 1503 961 malum
1554 909 1811 972 exsistet,
1849 923 1914 963 ac

334 1004 529 1048 eontra
565 996 744 1050 bonus
770 997 1043 1051 interibit.
1073 997 1302 1053 Materia
1337 999 1544 1068 itaque,
1584 1007 1643 1053 ut
1675 1014 1703 1053 a
1734 1008 1790 1054 te
1821 1016 1916 1054 su-

335 1087 527 1156 perius
559 1088 765 1142 dictum
797 1098 904 1153 est,
963 1091 1193 1153 malum,
1238 1100 1292 1145 et
1339 1093 1648 1162 corruptio,
1677 1101 1734 1146 et
1766 1107 1916 1147 mors

337 1183 446 1229 est.
474 1174 677 1229 Malum
716 1192 868 1243 vero,
899 1179 946 1233 si
977 1179 1103 1234 aliis
1135 1188 1220 1235 est
1253 1181 1478 1243 malum,
1508 1182 1612 1236 sibi
1645 1197 1778 1236 vero
1811 1182 1914 1252 ipsi

338 1266 567 1328 bonum.
599 1267 843 1336 seipsum
891 1269 1113 1339 quidem
1153 1278 1489 1337 'conservat,
1546 1287 1647 1328 nec
1682 1272 1918 1342 proinde

339 1356 489 1409 omni
517 1372 583 1410 ex
619 1366 776 1426 parte
801 1360 1005 1413 malum
1037 1369 1143 1422 est,
1175 1376 1278 1416 nec
1312 1365 1365 1416 in
1400 1371 1573 1416 totum
1609 1363 1915 1432 corruptio.

339 1442 474 1497 Nam
507 1460 614 1515 qua
665 1448 882 1503 ratione
926 1465 1048 1505 sese
1103 1459 1318 1520 tuetur,
1369 1453 1472 1506 hac
1512 1462 1660 1507 certe
1711 1454 1915 1507 malum

342 1550 452 1588 nou
487 1538 612 1591 erit.
653 1536 747 1593 Sin
777 1555 1008 1610 prorsus
1057 1543 1264 1597 malum
1313 1558 1378 1598 ac
1428 1544 1716 1613 corruptio
1763 1559 1922 1614 pror-

2023 914 2122 984 μὲν
2153 915 2184 981 ἡ
2227 912 2418 976 κακία,
2454 911 2756 963 ἀπωλεῖται
2785 908 2843 962 δὲ
2887 911 2915 962 6
2959 905 3298 975 ἀγαθός.⁹ος
3325 902 3423 958 οὖν
3452 905 3620 974 ἔφης,

2021 1005 2056 1073 ἠ
2085 1003 2206 1072 ὖλη,
2239 1001 2428 1063 κακὸν,
2453 1000 2546 1053 καὶ
2571 998 2769 1072 φθορὰ,
2793 997 2888 1049 καὶ
2915 996 3169 1057 θάνατος.
3199 993 3274 1044 T6
3302 988 3398 1044 οὖν
3421 991 3624 1054 κακὸν,

2023 1093 2072 1144 εί
2126 1091 2225 1160 μὲν
2271 1089 2453 1152 ἀλλοις
2501 1087 2694 1149 κακὸν,
2731 1085 2909 1155 ἑαυτῷ
2937 1084 2996 1137 δὲ
3029 1083 3258 1152 ἀγαθὸν,
3291 1081 3624 1134 συνίσταται

2022 1183 2122 1252 μὲν
2169 1181 2355 1245 ἑαυτὸ,
2388 1181 2482 1233 καὶ
2523 1180 2585 1232 οὐ
2639 1176 2921 1240 παντελῶς
2970 1175 3166 1237 κακὸν,
3211 1173 3276 1226 οὐ
3324 1170 3623 1232 παντελῶς

2021 1272 2232 1343 φθορά·
2269 1270 2534 1326 συνιστῶν
2561 1270 2671 1340 γάρ
2705 1269 2888 1332 ἑαυτὸ,
2921 1267 3065 1320 κατά
3107 1265 3270 1318 τοῦτο
3305 1265 3412 1316 οὐκ
3458 1263 3622 1314 ἔσται

2021 1362 2193 1416 κακόν
2215 1377 2229 1392 ⁸
2266 1364 2315 1416 εί
2340 1362 2396 1416 δὲ
2427 1360 2710 1424 παντελῶς
2734 1359 2926 1422 κακὸν,
2955 1359 3051 1410 καὶ⁵
3094 1355 3376 1416 παντελῶς
3411 1353 3624 1423 φθορὰ,

2024 1456 2120 1508 καὶ
2159 1454 2354 1508 ἑαυτοῦ
2386 1455 2540 1508 ἔσται
2583 1453 2932 1524 ἀναιρετικὸν
2959 1451 3055 1504 καὶ
3095 1446 3632 1518 ἀνύπαρκτονπεκ-

2028 1545 2122 1599 θου
2152 1546 2208 1599 δὲ
2242 1547 2376 1617 ἡμῖν
2403 1545 2500 1600 καὶ
2526 1543 2585 1598 δν
2618 1543 2755 1614 ἔφης
2785 1542 3143 1611 συγκράσεως
3165 1540 3349 1607 λόγον.

342 1643 438 1683 sus
473 1641 580 1692 est,
614 1632 719 1686 sibi
763 1633 928 1688 etiam
980 1636 1208 1691 exitium
1251 1637 1430 1702 aﬂ‘ert,
1481 1639 1725 1709 atquein
1769 1639 2006 1693 nihilum
2042 1640 2220 1696 cedet.
2256 1639 2362 1696 Sed
2389 1641 2501 1711 jam
2535 1638 2912 1710 permistionis
2981 1635 3156 1697 illius,
3224 1633 3296 1688 de
3365 1645 3481 1701 (1⁸³
3540 1630 3628 1685 ιο-

341 1719 630 1792 quebaris,
668 1737 979 1780 sermonem
1011 1728 1174 1783 nobis
1203 1730 1439 1799 explica.

414 1810 506 1865 28.
548 1812 714 1868 MAN.
754 1813 945 1879 Erant,
988 1825 1048 1870 ut
1088 1820 1323 1886 aiebam,
1377 1819 1522 1876 Deus
1569 1827 1625 1876 et
1670 1820 1925 1883 materia,

2101 1825 2208 1890 κη’.
2251 1817 2425 1873 MAN.
2452 1813 2582 1881 Ἦν,
2614 1813 2690 1880 ὡς
2729 1814 2887 1886 ἔφην,
2914 1813 3048 1876 Θεὸς
3089 1813 3187 1867 καὶ
3232 1811 3359 1883 ὕλη,
3385 1811 3630 1868 ἕκαστον

347 1909 582 1972 uterque
619 1905 675 1959 in
708 1906 826 1961 suis
857 1906 1096 1973 ﬁnibus;
1135 1909 1280 1965 Deus
1314 1910 1599 1975 nimirum,
1634 1912 1765 1975 vita,
1809 1911 1923 1977 lux,

347 2001 550 2057 motus,
581 1997 848 2066 cognitio,
877 1999 1262 2070 intelligentia,
1299 2009 1463 2072 atque
1501 2018 1664 2057 omne
1695 2003 1922 2058 bonum:

349 2087 576 2160 materia
606 2095 813 2153 autem,
845 2089 1070 2154 malum,
1105 2095 1414 2162 corruptio,
1455 2094 1720 2156 tenebrat,
1755 2108 1925 2155 mors,

351 2184 543 2244 pacata
569 2185 622 2231 et
651 2179 859 2248 quieta,
897 2189 1191 2252 motusque
1221 2184 1537 2239 omnimode
1563 2199 1761 2239 vacua.
1799 2182 1931 2238 Mul-

351 2266 424 2320 tis
479 2267 682 2323 deiude
735 2272 957 2326 saeculis
1006 2273 1235 2343 elapsis,
1293 2277 1526 2330 materia
1579 2286 1692 2328 tum
1739 2290 1926 2330 secum

353 2354 494 2423 ipsa,
536 2364 649 2408 tum
694 2357 911 2413 fructus
958 2360 1157 2428 ipsius,
1222 2363 1430 2417 mutuis
1497 2363 1747 2419 dissidiis
1785 2364 1931 2418 inter

352 2457 414 2496 se
437 2455 768 2514 pugnarunt.
797 2447 919 2513 Quo
953 2448 1156 2503 factum
1205 2458 1290 2505 est
1330 2460 1410 2516 ut,
1463 2451 1594 2506 dum
1651 2453 1745 2506 alii
1780 2455 1930 2508 inse-

352 2543 658 2596 ctarentur,
719 2535 969 2606 ingerent
1020 2537 1136 2601 alii,
1189 2539 1256 2592 ad
1291 2540 1436 2595 lueis
1481 2540 1617 2596 lines
1669 2556 1932 2612 perveneo

352 2623 720 2693 rint.J\tquc,
754 2633 814 2678 ut
848 2627 985 2693 dixi,
1013 2630 1160 2684 Deus
1187 2637 1242 2684 et
1277 2631 1529 2705 materia,
1565 2631 1671 2685 hoc
1700 2639 1782 2687 est
1820 2631 1932 2686 duo

353 2716 648 2786 principia,
711 2727 872 2773 erant
906 2739 920 2774 :
957 2735 1018 2776 ac
1052 2722 1196 2777 lucis
1242 2723 1463 2789 quidem
1516 2725 1698 2794 portio
1745 2725 1928 2778 anima

350 2814 460 2869 est,
496 2808 841 2863 tenebrarum
886 2818 1068 2865 autem
1121 2820 1175 2866 et
1222 2813 1469 2867 materie
1504 2829 1667 2883 opus,
1697 2828 1924 2884 corpus.

353 2897 529 2953 Porro
611 2903 946 2967 commistio,
1011 2902 1080 2956 ad
1157 2905 1304 2959 hunc
1378 2906 1603 2960 modum
1677 2907 1930 2978 contigit.

354 2991 664 3062 Utrumque
721 2993 918 3048 horum
974 2997 1209 3051 seorsim
1259 3004 1422 3062 erat;
1479 2999 1658 3052 bonus
1710 2999 1763 3052 in
1825 3015 1933 3053 una

357 3093 535 3151 parte.
587 3086 764 3141 malus
797 3101 930 3142 vero
969 3089 1024 3142 in
1058 3089 1261 3143 tribus.
1299 3088 1494 3144 Postea
1535 3085 1740 3145 malus'
1778 3093 1933 3147 inor.

2027 1914 2086 1966 ὲν
2104 1913 2216 1974 τοῖς
2243 1909 2465 1972 οἰκείοις
2483 1908 2632 1978 ὅροις
2649 1922 2664 1936 ’
2689 1907 2718 1958 6
2747 1904 2847 1976 μὲν
2871 1905 3024 1968 Θεὸς,
3053 1903 3190 1975 ζωὴ,
3218 1904 3356 1972 φῶς,
3380 1903 3628 1975 κίνησις,

2027 2003 2252 2073 γνῶσις,
2284 2000 2491 2070 νόησις,
2526 2000 2624 2052 καὶ
2651 1999 2761 2050 πᾶν
2799 1995 3004 2064 ἀγαθόν
3029 2011 3043 2026 ο
3075 1997 3110 2066 ἡ
3153 1995 3213 2047 δὲ
3258 1993 3382 2065 ὕλη,
3425 1997 3632 2058 κακία,

2029 2093 2226 2164 φθορὰ,
2258 2092 2467 2157 σκότος,
2493 2089 2744 2154 θάνατος,
2778 2089 2835 2141 ὲν
2881 2086 3089 2158 ἠρεμίᾳ.
3130 2089 3226 2140 καὶ
3269 2088 3476 2157 ἡσυχία
3527 2087 3630 2139 καὶ

2027 2180 2287 2251 ἀκινησίᾳ
2317 2179 2594 2232 παντελεῖ.
2623 2173 2755 2230 Εἶτα
2785 2176 2926 2247 μετά
2956 2177 3187 2239 πολλοὺς
3219 2175 3423 2239 αἰῶνας
3454 2179 3625 2230 ἑστα-

2031 2273 2217 2326 σίασεν
2246 2273 2279 2342 ἡ
2303 2271 2404 2341 ὕλη
2433 2271 2567 2342 πρὸς
2591 2267 2810 2339 ἑαυτὴν,
2842 2268 2937 2322 καὶ
2956 2268 3006 2321 οἱ
3027 2267 3230 2337 ταύτης
3253 2269 3453 2337 καρποὶ
3475 2268 3612 2337 πρὸς

2031 2361 2316 2430 ἀλλήλους,
2353 2357 2474 2431 [καὶ
2512 2356 2676 2429 οὕτω]
2724 2358 2837 2410 τῶν
2890 2357 2990 2428 μὲν
3035 2357 3364 2419 διωκόντων,
3396 2355 3506 2408 τῶν
3555 2357 3617 2409 δὲ

2030 2453 2378 2524 διωκομένων
2400 2469 2414 2482 ·
2456 2452 2551 2505 καὶ
2578 2446 2668 2522 ἦν,
2703 2450 2778 2514 ὡς
2814 2449 2973 2519 ἔφην,
3011 2450 3146 2513 Θεὸς
3176 2451 3270 2504 καὶ
3297 2450 3417 2520 ὕλη,
3453 2465 3618 2503 τουτ-

2033 2545 2149 2596 έστι
2181 2542 2274 2595 δύο
2312 2541 2479 2613 ἀρχαί
2503 2558 2517 2572 ’
2568 2541 2664 2594 καὶ
2702 2540 2798 2594 τοῦ
2850 2540 2950 2611 μὲν
2998 2540 3180 2609 φωτὸς
3209 2539 3367 2612 μέρος
3391 2540 3548 2594 ἐστὶν
3579 2541 3616 2610 ἡ

2031 2635 2203 2706 ψυχὴ,
2237 2633 2332 2688 τοῦ
2363 2634 2419 2687 δὲ
2449 2633 2674 2696 σκότους
2700 2633 2795 2684 καὶ
2823 2631 2924 2702 τῆς
2952 2631 3088 2701 ὕλης
3116 2633 3524 2702 δημιούργημα,
3549 2633 3613 2684 τὸ

2036 2728 2196 2798 σῶμα
2214 2745 2227 2758 ·
2257 2726 2292 2798 ἡ
2320 2726 2378 2779 δὲ
2409 2725 2555 2796 μίξις
2579 2724 2755 2786 οὕτως
2779 2723 2996 2792 ἐγένετο
3014 2739 3029 2753 ⁸
3055 2724 3292 2777 ἕκαστον
3313 2724 3487 2776 αὐτῶν
3506 2739 3616 2776 κα-

2033 2821 2102 2874 τὰ
2138 2819 2303 2890 μέρος
2333 2813 2499 2888 ἦν.⁹0
2529 2816 2629 2886 μὲν
2659 2816 2862 2885 ἀγαθὸς
2891 2818 2950 2869 ὲν
2985 2817 3065 2870 ένῑ⁹
3096 2816 3252 2886 μέρει
3280 2812 3371 2886 ἦν,
3393 2816 3619 2869 66km-

2035 2911 2200 2984 νηρδς
2257 2911 2316 2963 ὲν
2364 2907 2564 2980 τρισίν.
2593 2904 2727 2962 Εῒτα
2771 2907 2998 2979 ἐκινήθη
3046 2909 3076 2962 6
3122 2908 3363 2978 πονηρὸς
3398 2909 3625 2978 ἀτάκτῳ

2035 3005 2180 3075 ὁρμῇ
2209 3003 2272 3055 ὲκ
2297 3001 2403 3055 τῶν
2428 3001 2590 3072 ὁρίων
2619 3000 2808 3065 αὑτοῦ,
2841 3002 2936 3055 καὶ
2959 2996 3128 3072 ἦλθεν
3153 3001 3236 3065 είς
3274 3001 3348 3053 τὰ
3373 3002 3506 3072 ὅρια
3530 3000 3626 3054 τοῦ

2037 3095 2242 3163 ἀγαθοῦ
2263 3112 2276 3124 θ
2305 3095 2398 3148 καὶ
2432 3095 2594 3163 γνοὺς
2617 3093 2645 3147 6
2675 3093 2899 3162 ἀγαθὸς,
2929 3093 3297 3163 προεϐάλλετο
3323 3094 3382 3160 ἑξ
3425 3094 3622 3148 ἑαυτοῦ

356 3174 547 3229 dinato
603 3178 838 3245 quodam
891 3180 1135 3248 impulsu
1185 3190 1518 3248 commotus,
1560 3182 1760 3238 ﬁnibus
1815 3185 1930 3240 suis

2033 3183 2263 3252 δύναμιν
2295 3181 2594 3251 λεγομένην
2630 3182 2843 3254 μητέρα
2873 3182 3039 3252 ζωῆς.
3071 3183 3182 3236 Καὶ
3221 3185 3256 3253 ἠ
3300 3186 3490 3255 μήτηρ
3529 3184 3632 3253 τῆς

359 3265 664 3329 excedens,
690 3269 754 3321 ad
792 3269 921 3324 boni
953 3273 1088 3327 ﬁnes
1131 3274 1394 3328 accessit.
1427 3274 1585 3340 Quod
1627 3275 1717 3328 ubi
1759 3276 1938 3333 bonus

361 3359 605 3425 agnovit,
665 3361 928 3414 virtutem
983 3365 1304 3431 quamdam,
1352 3379 1517 3433 quam
1554 3367 1678 3420 vita:
1717 3377 1940 3422 matrem

361 3455 583 3511 vocant,
617 3463 683 3502 ex
715 3464 774 3504 se
806 3453 1073 3519 protulit:
1108 3454 1334 3524 hzecque
1360 3457 1487 3510 vitae
1507 3465 1683 3510 mater
1703 3458 1938 3527 primum

362 3540 642 3594 hominem
668 3541 955 3610 produxit.
989 3542 1148 3600 Hunc
1181 3561 1348 3616 porro
1383 3547 1622 3616 primum
1661 3549 1938 3605 hominem

363 3635 600 3703 appello,
632 3636 878 3706 quinque
911 3637 1204 3701 elementa,
1247 3640 1510 3694 nimirum
1559 3656 1769 3702 acrem,
1806 3658 1941 3696 ven-

363 3732 505 3785 tum.
539 3726 743 3787 lumen,
775 3743 974 3797 aquam
1036 3737 1089 3784 et
1121 3731 1334 3800 ignem:
1377 3747 1497 3803 qua:
1543 3747 1669 3786 cum
1723 3731 1816 3788 ille
1852 3734 1939 3787 in.

361 3817 596 3880 duisset,
633 3819 795 3884 abiit,
824 3820 1144 3891 bellumque
1191 3837 1317 3876 cum
1363 3824 1608 3879 tenebris
1650 3824 1840 3895 gessit.
1873 3825 1943 3878 At

362 3925 496 3964 vero
531 3913 878 3968 tenebrarum
911 3913 1190 3983 principes
1227 3924 1523 3969 armatura:
1557 3915 1677 3985 ejus
1702 3923 1937 3986 partem,

363 4003 469 4058 hoc
519 4011 606 4059 est
657 4004 918 4067 animam,
973 4005 1362 4075 cleglutierunt.
1417 4006 1561 4072 Quin
1610 4015 1665 4062 et
1699 4008 1939 4077 primum

365 4097 646 4153 hominem
680 4097 1076 4154 detinuerunt:
1125 4099 1218 4169 qui
1251 4114 1377 4152 cum
1419 4101 1486 4152 ah
1534 4099 1671 4169 ipsis
1703 4100 1758 4153 in
1787 4109 1942 4154 tene-

365 4189 498 4244 bras
523 4190 809 4253 detrusus,
841 4191 1282 4256 excruciaretur,
1327 4190 1456 4245 boni
1487 4205 1593 4260 ope
1621 4191 1940 4262 implorata,

366 4283 625 4334 virtutem
659 4281 752 4336 ille
783 4281 1010 4336 alteram
1047 4281 1241 4347 edidit,
1306 4297 1426 4351 quae
1484 4281 1718 4348 Spiritus
1771 4282 1942 4336 vivens

365 4371 697 4426 dicebatur:
731 4379 896 4440 atque
942 4371 1016 4425 ita
1062 4372 1426 4434 descendens,
1476 4373 1655 4442 ipsum
1688 4355 1943 4440 porrecta

367 4466 561 4516 dextra
611 4463 664 4516 in
697 4462 867 4516 altum
903 4463 1074 4517 vexit.
1110 4463 1334 4518 Interim
1391 4471 1576 4516 tamen
1630 4462 1939 4532 portionem

2043 3273 2188 3344 ζωῆς
2236 3271 2597 3344 προεϐάλλετο
2623 3272 2714 3326 τὸν
2747 3273 2960 3344 πρῶτον
2996 3273 3314 3344 ἅνθρωπονο
3348 3275 3542 3328 τοῦτον
3573 3275 3631 3327 δὲ

2040 3363 2132 3417 τὸν
2158 3362 2371 3433 πρῶτον
2393 3362 2682 3432 ἄνθρωπον
2701 3363 2868 3430 λέγω,
2893 3363 2962 3417 τὰ
2991 3363 3151 3417 πέντε
3180 3367 3446 3434 στοιχεῖα,
3469 3366 3632 3420 ἀτινά

2042 3456 2212 3518 ἐστιν,
2248 3455 2380 3524 ἀὴρ.
2409 3453 2629 3523 ἄνεμος.
2665 3455 2801 3522 φῶς,
2834 3453 2999 3526 ὕδωρ,
3027 3457 3124 3508 καὶ
3153 3457 3290 3526 πῦρ.
3324 3455 3509 3510 Ταῦτα
3530 3453 3628 3510 οὖν

2041 3547 2402 3616 ἐνδυσάμενος
2445 3545 2677 3614 ἀπῆλθε,
2706 3546 2802 3600 καὶ
2841 3547 3149 3617 ἐπολέμησε
3193 3547 3274 3617 τῷ
3325 3548 3532 3601 “6:3-
3574 3551 3632 3601 oi.

2042 3637 2101 3690 δὲ
2129 3637 2223 3690 τοῦ
2258 3637 2482 3699 σκότους
2506 3637 2767 3706 ἄρχοντες
2811 3635 3014 3705 εφαγον
3063 3638 3129 3689 ὲκ
3175 3638 3282 3706 τῆς
3325 3637 3630 3701 πανοπλίας

2043 3725 2207 3779 αὑτοῦ
2239 3726 2424 3797 μέρος,
2465 3727 2494 3779 6
2524 3728 2637 3779 ἐστι
2668 3726 2816 3798 ψυχή
2839 3742 2854 3756 ο
2887 3727 3344 3797 κατέσχονδὲκαὶ
3364 3729 3460 3781 τὸν
3481 3729 3633 3798 πρῶ-

2043 3834 2136 3870 τον
2167 3817 2475 3888 ἄνθρωπον,
2514 3819 2608 3871 καὶ
2640 3817 2994 3884 ἐϐασανίζετο
3023 3821 3114 3873 ὑπ’
3140 3821 3341 3883 αὐτῶν,
3364 3822 3444 3874 ὢν
3473 3823 3533 3872 ἐν
3553 3821 3638 3892 τῷ

2047 3910 2259 3964 σκότει·
2293 3909 2390 3964 καὶ
2423 3911 2615 3980 ἐϐόησε
2647 3910 2784 3980 πρὸς
2827 3911 2920 3964 τὸν
2962 3911 3190 3978 ἀγαθὸν,
3225 3912 3322 3964 καὶ
3352 3911 3638 3981 προεϐάλ-

2042 4005 2166 4058 λετο
2186 4003 2353 4074 ἀλλην
2373 4003 2626 4074 δύναμιν,
2651 4002 2953 4073 λεγομένην
2976 4002 3085 4066 ζῶν
3111 4002 3355 4073 πνεῦμα·
3379 4003 3477 4055 καὶ
3498 4019 3638 4056 κατ-

2043 4096 2196 4167 ῆλθε,
2225 4096 2321 4148 καὶ
2351 4095 2519 4148 ἔδωκε
2545 4095 2727 4161 δεξιὰν
2754 4095 2832 4164 τῷ
2863 4093 3066 4166 πρώτῳ
3095 4093 3390 4164 ἀνθρώπῳ,
3418 4096 3640 4147 καὶάν-

2045 4190 2254 4260 ήγαγεν
2302 4188 2467 4242 αὐτόν
2487 4203 2501 4216 ο
2528 4187 2711 4256 ἀφῆκε
2740 4187 2800 4239 δὲ
2838 4187 2988 4241 κάτω
3013 4188 3074 4240 τὸ
3107 4186 3272 4256 μέρος
3292 4186 3341 4248 δ,
3373 4186 3402 4239 ὃ
3428 4185 3640 4254 ἔφαγον

2046 4281 2096 4333 οί
2126 4279 2408 4350 ἄρχοντες,
2437 4277 2685 4330 τουτέστι
2707 4277 2806 4346 τὴν
2827 4277 3006 4347 ψυχήν
3026 4292 3043 4308 ο
3077 4279 3142 4330 ὲκ
3165 4275 3273 4346 γὰρ
3295 4277 3398 4346 τῆς
3432 4277 3636 4345 μοίρας

2046 4371 2141 4425 τοῦ
2171 4369 2398 4439 ἀγαθοῦ,
2432 4369 2682 4436 ἐγένοντο
2703 4369 2760 4420 αἱ
2781 4367 2950 4438 ψυχαί
2971 4383 2983 4395 ·
3017 4369 3081 4420 ὲκ
3108 4367 3167 4420 δὲ
3192 4368 3291 4436 τῆς
3320 4367 3516 4430 οὐσίας
3530 4366 3638 4434 τῆς

2046 4459 2262 4523 κακίας,
2290 4459 2364 4511 τὰ
2396 4457 2625 4528 σώματα

365 4571 532 4623 quam
580 4563 906 4609 voraverant
958 4554 1263 4624 principes,
1317 4554 1558 4607 animam
1595 4553 1830 4619 scilicet,
1885 4553 1940 4607 in
1981 4560 2132 4609 terra
2161 4551 2409 4622 reliquit.
2485 4549 2617 4603 Nam
2667 4563 2735 4604 ex
2803 4549 2940 4604 "boni
2988 4549 3265 4620 portione,
3312 4550 3537 4613 animae,
3585 4564 3640 4606 et

366 4666 433 4703 ex
470 4648 596 4701 mali
630 4648 962 4714 substantia,
991 4663 1224 4717 corpora
1265 4648 1530 4718 producta
1571 4658 1721 4703 sunt.

436 4742 527 4796 29.
559 4740 772 4796 ORTH.
809 4741 890 4805 Si,
926 4750 984 4796 ut
1017 4743 1237 4797 divinus
1263 4741 1560 4812 Apostolus
1585 4741 1661 4795 ait
1693 4742 1761 4803 ¹⁶,
1794 4741 1930 4794 nulla

2119 4739 2223 4793 κθ¹.
2265 4737 2418 4792 ΟΡΘ.
2459 4734 2682 4789 Είκατά
2712 4733 2803 4787 τδν
2831 4733 2974 4787 θεῖον
3013 4733 3354 4797 Ἀπόστειλον,
3389 4735 3494 4787 οὐκ
3518 4735 3636 4789 εστι

367 4849 494 4887 Cum
528 4831 774 4897 tenebris
831 4840 918 4888 est
970 4833 1078 4888 luci
1134 4831 1396 4897 societas,
1433 4832 1527 4901 qui
1569 4831 1688 4886 ﬁeri
1743 4830 1942 4900 potuit,

372 4932 432 4976 ut
459 4925 640 4978 anima
670 4933 725 4979 et
753 4941 954 4996 corpus
997 4925 1143 4978 inter
1173 4941 1232 4980 se
1270 4923 1675 4980 miscerentur?
1712 4923 1768 4977 ld
1795 4922 1942 4978 enim

367 5031 493 5070 esse
524 5015 886 5084 impossibile,
933 5017 1017 5071 vel
1048 5019 1168 5086 ipsa
1214 5016 1579 5086 experientia,
1620 5031 1743 5086 qua:
1781 5014 1940 5070 vanis

369 5108 728 5163 sermonibus
761 5109 1030 5163 valentior
1067 5119 1172 5173 est,
1221 5107 1436 5164 edocet.
1473 5108 1578 5175 Qui
1607 5109 1752 5165 enim
1791 5116 1948 5164 tene-

371 5198 484 5252 bra:
517 5201 572 5253 in
601 5200 742 5254 lucis
772 5200 908 5256 lines
930 5201 1190 5272 ingressae
1220 5210 1373 5269 sunt,
1405 5202 1536 5272 quin
1564 5216 1792 5272 prorsus
1827 5199 1945 5255 dis-

371 5291 569 5346 soluta:
604 5291 846 5346 fuerint?

453 5427 495 5458 ⁸⁸
529 5427 567 5481 ιι
608 5427 736 5482 Cor.
767 5444 842 5495 vl,
899 5429 984 5484 14.

2053 4828 2306 4884 κοινωνία
2347 4825 2487 4896 φωτὶ
2530 4825 2666 4896 πρὸς
2697 4824 2907 4886 σκότος,
2935 4823 3050 4886 πῶς
3084 4823 3301 4892 ἐγένετο
3329 4822 3638 4894 σύγκρασις

2051 4923 2234 4994 ψυχῆς
2260 4921 2356 4973 καὶ
2383 4918 2636 4988 σώματος
2656 4934 2672 4984 ;
2694 4915 2805 4969 Καὶ
2827 4915 2964 4984 αὑτὴ
2999 4915 3055 4967 δὲ
3080 4916 3114 4984 ἡ
3147 4916 3332 4985 πεῖρα,
3363 4917 3489 4985 ἥτις
3518 4917 3636 4967 ἐστὶ

2051 5015 2160 5068 τῶν
2204 5011 2448 5083 ματαίων
2487 5009 2664 5077 λόγων
2713 5006 3059 5077 ἰσχυροτέρα,
3086 5005 3350 5058 διδάσκει.
3376 5004 3637 5070 Eia-7110:,

2052 5107 2114 5160 τὸ
2144 5105 2334 5167 σκότος
2365 5105 2445 5166 εἰς
2472 5103 2542 5156 τὰ
2567 5103 2696 5171 ὅρια
2723 5099 2816 5153 τοῦ
2846 5098 3041 5168 φωτὸς,
3067 5097 3162 5151 καὶ
3183 5098 3284 5151 οὐκ
3315 5095 3503 5166 ἐλύθη.

1619 5536 1855 5592 ἺΔΒΙᾹΞ
1913 5529 2319 5591 LECTIONES.

520 5628 612 5680 Sic
644 5626 833 5682 Billius
874 5628 1161 5697 emendat;
1219 5628 1443 5684 Leunel.
1479 5629 1574 5682 καὶ
1613 5629 1674 5680 τὸ
1724 5625 1908 5699 μέρος.
1961 5623 2124 5678 Basil.
2170 5619 2311 5672 κατά
2345 5622 2434 5670 τό.

450 5595 474 5632 b
