3930 6206
376 294 513 358 1333

1362 296 1740 358 DIALOGUS
1786 296 2081 356 CONTRA
2133 297 2608 357 MANICIIEOS.

3500 298 3637 364 1534

448 413 561 465 Καὶ
611 412 802 465 πάλινυ
840 409 963 471 Πῶς
1006 407 1261 479 ἒχωρήϐη
1313 410 1373 460 τὸ
1404 410 1591 472 σκότος
1625 411 1683 462 ἐν
1718 413 1830 473 τοῖς
1861 389 1943 461 tot?

2135 409 2213 463 Ae
2242 422 2479 463 rursus:
2528 406 2777 472 Quonam
2826 414 2985 476 pacto
3036 410 3091 463 in
3126 409 3269 466 lucis
3300 410 3524 500 regione
3552 413 3636 467 lo-

367 502 550 571 ῳωτὸς
582 501 750 569 ὁρίοις
770 516 785 564 ;

442 591 553 643 Καὶ
584 590 745 643 πάλιν
761 606 774 618 ·
800 590 861 641 Εἰ
893 588 991 657 μὲν
1015 588 1176 657 σοφὸς
1202 584 1270 659 ἦν
1293 590 1321 641 6
1345 590 1569 656 ἀγαθὸς,
1593 590 1711 654 πῶς
1736 590 1799 642 οὐ
1824 607 1949 660 προ·

368 680 511 745 έγνω
542 677 641 748 τὴν
675 678 972 748 ἐπιδρομὴν
996 677 1089 731 τοῦ
1124 679 1387 749 πονηροῦ,
1418 681 1512 732 καὶ
1548 680 1950 750 προωχύρωσεν

368 769 560 823 ἑαυτὸν
607 768 701 821 καὶ
746 771 838 821 τὸν
875 768 1039 822 τόπον
1078 766 1285 829 αὐτοῦς
1325 770 1373 820 εί
1406 768 1514 838 γάρ
1550 771 1623 839 μὴ
1656 765 1724 840 ἦν
1761 771 1946 838 σοφὸς,

368 858 503 927 μηδὲ
541 858 917 929 προγνώστης,
952 860 1161 930 μωρός’
1197 860 1288 913 τὸν
1317 860 1372 912 δὲ
1402 861 1605 930 μωρὸν,
1630 860 1747 923 πῶς
1772 861 1951 929 λέγεις

366 947 574 1015 ἀγαθόν
594 966 607 1013 ;

438 1039 550 1093 Καὶ
582 1039 744 1092 πάλιν
762 1056 777 1072 ο
810 1040 872 1092 Εἰ
904 1039 1023 1093 ὅλον
1048 1040 1109 1093 τὸ
1134 1040 1322 1104 σκότος
1346 1040 1595 1108 εἰσῆλθεν
1629 1042 1709 1105 είς
1735 1042 1806 1095 τὰ
1824 1042 1949 1113 ὅρια

374 1133 460 1186 τοῦ
500 1134 699 1201 σωτὸς,
736 1133 891 1197 κενός
919 1134 1134 1202 ἔμεινεν
1157 1136 1185 1187 6
1212 1135 1377 1196 τόπος
1403 1134 1567 1186 αὑτοῦ
1589 1150 1603 1165 θ
1636 1135 1759 1187 εἰδὲ
1785 1136 1950 1207 μέρος

370 1225 555 1285 αὐτοῦ,
593 1224 710 1285 πῶς
742 1227 908 1294 μέρος
940 1228 1156 1295 ἐνίκησε
1185 1228 1276 1279 τὸν
1310 1228 1413 1279 ὑπὸ
1452 1227 1543 1279 τοῦ
1576 1227 1783 1294 ἀγαθοῦ
1810 1230 1950 1281 ἀπο-

371 1315 630 1367 σταλέντα
654 1317 956 1385 πολεμῆσαι
981 1317 1163 1387 αὐτῷῖς
1192 1318 1395 1385 ἄσοφος
1418 1318 1526 1387 γὰρ
1551 1318 1579 1369 ό
1606 1318 1949 1371 ἀποστέλλων

370 1404 760 1475 ἀσθενέστερον
795 1406 930 1475 πρὸς
964 1407 1309 1476 ἰσχυρότερον
1330 1418 1353 1446 ο
1380 1421 1393 1435 ⁸
1430 1408 1462 1477 ἦ
1494 1406 1727 1475 ἀσθενὴς
1755 1410 1782 1460 ό
1812 1409 1950 1475 ἀγα-

366 1492 481 1556 θὸς,
513 1496 541 1547 6
563 1494 619 1547 δὲ
659 1496 893 1565 πονηρὸς
922 1498 1290 1565 ἰσχυρότερος.

435 1779 548 1833 Καὶ
579 1780 770 1833 πάλινο
808 1781 869 1833 El
902 1781 999 1851 μὲν
1029 1782 1293 1847 ἑκουσίως
1328 1784 1633 1855 προέδωκεν
1676 1784 1705 1835 ό
1744 1780 1949 1850 ἀγαθὸς

374 1869 541 1938 μέρος
567 1871 755 1933 αὐτοῦ,
787 1873 1034 1925 τουτέστι
1059 1874 1159 1941 τὴν
1186 1875 1385 1943 ψυχὴν,
1417 1875 1517 1929 οὐκ
1549 1874 1773 1942 ἀγαθὸς,
1811 1876 1948 1940 ἀγα-

370 1962 463 2014 Θὸν
490 1961 643 2031 κακῷ
671 1962 929 2026 ἐκδιδούς.
974 1964 1098 2027 Πῶς
1122 1964 1179 2016 δὲ
1210 1967 1391 2028 αὐτὸς,
1423 1966 1479 2029 ὃς
1510 1966 1725 2019 ἔκδοτον
1749 1966 1947 2018 δέδωκε

365 2054 464 2123 τὴν
495 2053 783 2123 ψυχὴν,τῷ
814 2054 1053 2124 πονηρῷ,
1085 2057 1259 2128 κρίνει
1305 2059 1432 2121 τοὺς
1477 2059 1831 2121 δουλεύοντας
1871 2058 1949 2127 τῷ

366 2145 613 2215 πονηρῶς
667 2145 849 2216 ἐροῦσι
898 2148 1006 2218 γὰρ
1059 2147 1237 2218 αὐτῷ’
1284 2150 1354 2203 Σῦ
1408 2151 1729 2221 παρέδωκας
1780 2152 1945 2219 ἡμᾶς.

381 2245 671 2315 Ἀνῄρηται
704 2248 737 2317 ἡ
774 2249 976 2317 κρίσις.
1012 2249 1073 2300 Εί
1101 2248 1158 2299 δὲ
1188 2246 1349 2298 αὐτοῦ
1378 2247 1451 2316 μὴ
1488 2246 1732 2310 θέλοντος
1764 2248 1947 2319 ἀφήρ-

368 2351 548 2387 πασαν
579 2336 743 2404 μέρος
775 2336 940 2390 αὐτοῦ
966 2338 1016 2388 οί
1041 2338 1299 2407 ἄρχοντες
1324 2337 1424 2406 τῆς
1449 2337 1648 2401 κακίας
1674 2377 1688 2399 ,
1724 2338 1945 2391 ἀσθενέ-

372 2426 560 2493 στερός
590 2427 727 2490 ἐστι,
763 2429 853 2481 καὶ
896 2427 1307 2500 ἀμαθέστερος
1340 2431 1387 2481 εί
1418 2428 1633 2499 πρῶτον
1666 2428 1764 2497 μὲν
1799 2432 1946 2482 ἀπο-

372 2514 531 2577 λέσας
560 2517 724 2585 μέρος
748 2517 935 2579 αὑτοῦ,
961 2517 1216 2588 δεύτερον
1250 2518 1323 2587 μὴ
1350 2517 1598 2586 δυνηθεὶς
1620 2518 1944 2587 ἀφαρπασαι

371 2602 432 2655 τὸ
462 2603 520 2667 ἐξ
552 2605 717 2657 αὐτοῦ
747 2607 1020 2676 ἀρπαγὲν.
1050 2608 1114 2659 Εἰ
1141 2607 1250 2677 γὰρ
1276 2606 1334 2670 ἐξ
1354 2606 1529 2677 ἀρχῆς
1551 2607 1650 2659 οὐκ
1683 2606 1940 2677 ἠδυνήθη,

375 2693 498 2748 οὐδὲ
535 2696 674 2764 μετά
698 2697 872 2749 ταῦτα
897 2698 1277 2768 δυνηθήσεται.

441 2843 565 2906 Πῶς
610 2846 666 2897 δὲ
722 2846 1053 2918 παραλαϐὼν
1099 2848 1225 2911 τοὺς
1280 2848 1543 2919 ἄρχοντας
1599 2850 1699 2919 τῆς
1746 2850 1943 2911 κακίας

364 2934 700 3004 ὲσταύρωσε,
735 2938 827 2989 καὶ
859 2938 923 2989 ὲκ
949 2939 1059 2991 τῶν
1090 2941 1310 3010 σαρκῶν
1341 2941 1503 2993 αὐτοῦ
1551 2943 1774 3013 ἐποίησε
1817 2944 1943 3006 τοὺς

2056 514 2155 552 eus
2192 497 2314 559 fuit,
2347 497 2439 566 qui
2476 496 2828 551 tenebrarum
2860 510 3037 567 capax
3065 512 3232 554 esset.

2124 589 2286 661 442
2329 590 2405 642 Ac
2453 596 2755 658 praeterea:
2795 586 2853 642 Si
2902 588 3080 643 solers
3126 605 3411 659 sagaxque
3452 591 3632 646 bonus

2053 690 2192 743 erat,
2221 696 2321 733 cur
2353 680 2481 733 mali
2510 680 2789 733 incursum
2832 687 2961 733 ante
2994 694 3105 733 non
3158 682 3355 746 sensit,
3410 683 3621 737 locum-

2052 787 2160 840 que
2216 785 2377 825 suum
2425 770 2812 839 prtemunivit?
2868 770 3004 824 Nam
3061 771 3107 825 si
3161 787 3262 825 nec
3305 788 3493 843 sagax,
3530 791 3631 829 nec

2053 864 2323 933 praescius
2353 862 2475 927 fuit,
2511 862 2721 918 stultus
2752 861 3002 930 profecto
3035 870 3174 917 erat.
3205 862 3440 918 Stultum
3464 882 3629 935 porro

2052 971 2290 1025 quonam
2320 955 2484 1009 modo
2526 955 2731 1010 bonum
2765 952 3006 1007 dixeris?

2125 1051 2374 1119 Insuper,
2406 1051 2452 1105 si
2487 1049 2730 1104 tenebrae
2756 1048 3029 1102 universae
3074 1050 3126 1101 in
3171 1049 3310 1103 lueis
3344 1050 3625 1120 regionem

2053 1139 2314 1209 ingressa:
2358 1147 2521 1205 sunt;
2551 1153 2682 1208 ergo
2724 1138 2970 1208 ipsarum
3012 1137 3167 1191 locus
3226 1153 3432 1193 vacuus
3473 1154 3629 1192 man-

2052 1229 2141 1283 sit.
2176 1227 2270 1281 Sin
2318 1235 2500 1283 autem
2559 1242 2747 1282 earum
2800 1228 3048 1296 quzedam
3105 1228 3372 1282 duntaxat
3423 1232 3624 1299 portio.

2051 1333 2158 1388 qua
2185 1319 2396 1373 ratione
2427 1320 2610 1388 portio
2637 1334 2761 1373 eum
2794 1318 2953 1381 vicit,
2985 1319 3078 1387 qui
3115 1336 3144 1372 a
3183 1320 3328 1373 bono
3360 1320 3625 1377 adversus

2050 1425 2167 1463 eam
2206 1419 2553 1480 pugnaturus
2596 1411 2803 1465 missus
2848 1410 3060 1464 fuerat?
3108 1410 3429 1480 imprudens
3476 1414 3622 1467 enim

2052 1499 2240 1565 fuerit,
2278 1502 2373 1571 qui
2424 1501 2839 1555 imbecilliorem
2888 1510 3082 1555 contra
3138 1502 3417 1557 fortiorem
3466 1503 3626 1558 mise-

2051 1592 2123 1643 rit
2158 1611 2170 1645 :
2202 1599 2297 1645 aut
2327 1599 2479 1647 certe
2526 1592 2734 1657 bonus,
2792 1593 3085 1657 inﬁrmus;
3140 1595 3317 1648 malus
3350 1610 3500 1658 vero,
3530 1595 3624 1648 illo

2054 1680 2271 1736 fortior.

2123 1769 2206 1824 Ad
2241 1771 2377 1834 hzec,
2412 1771 2457 1825 si
2493 1772 2672 1826 bonus
2699 1772 2844 1825 ultro
2875 1772 2958 1825 sui
2996 1772 3332 1841 portionem,
3362 1773 3477 1827 sive
3508 1771 3625 1825 ani-

2053 1875 2198 1914 mam
2238 1861 2506 1931 prodidit.
2536 1865 2713 1915 limus
2759 1863 2950 1930 utique
2985 1878 3092 1915 non
3131 1871 3234 1926 est,
3277 1863 3372 1931 qui
3420 1863 3621 1917 bonum

2054 1949 2197 2001 malo
2247 1949 2615 2018 prostituerit.
2667 1950 2917 2015 Quanam
2976 1959 3158 2005 autem
3210 1950 3448 2016 ratione,
3497 1965 3623 2005 cum

2050 2039 2288 2092 animam
2332 2040 2450 2108 ipse
2484 2040 2628 2093 man
2676 2039 2975 2102 dediderit,
3011 2054 3102 2094 eos
3134 2048 3322 2109 postea
3359 2039 3625 2094 damnare

2049 2138 2233 2197 queat,
2275 2130 2368 2197 qui
2427 2130 2573 2181 malo
2612 2144 2671 2191 se
2712 2130 3119 2198 manciparint?
3167 2129 3394 2183 omnino
3418 2129 3625 2199 quippe

2048 2220 2255 2274 dicturi
2287 2230 2413 2274 sunt
2444 2240 2456 2274 :
2488 2219 2567 2273 Tu
2605 2236 2705 2274 nos
2736 2221 2855 2288 ipse
2885 2220 3185 2275 tradidisti.
3222 2221 3313 2274 Sic
3349 2219 3621 2288 judicium

2048 2326 2209 2365 omne
2241 2311 2518 2365 sublatum
2566 2319 2673 2364 est.
2722 2311 2817 2363 Sin
2855 2318 3033 2363 autem
3080 2312 3204 2379 ipso
3239 2311 3462 2364 nolente
3494 2308 3623 2361 mali

2050 2400 2328 2469 principes
2372 2413 2582 2468 partem
2616 2401 2789 2469 ipsius
2831 2400 3247 2467 corripuerunt,
3287 2399 3623 2453 imbecillior

2047 2500 2215 2559 atque
2252 2491 2559 2559 imperitior
2602 2498 2719 2550 est;
2770 2497 2908 2549 tum,
2938 2489 3066 2556 quia
3118 2488 3203 2541 sui
3246 2498 3452 2556 partem
3482 2487 3623 2539 ami-

2047 2582 2141 2643 sit,
2194 2592 2306 2635 tum
2338 2582 2468 2651 quia
2519 2580 2570 2635 id
2636 2581 2780 2648 quod
2825 2589 3042 2649 raptum
3089 2580 3191 2635 sibi
3234 2579 3432 2641 fuerat,
3462 2593 3618 2633 recu-

2045 2686 2237 2741 perare
2266 2686 2373 2724 non
2404 2668 2747 2723 valuit.Nam
2778 2669 2824 2724 si
2858 2670 2929 2724 ab
2950 2669 3104 2723 initio
3138 2683 3247 2721 non
3280 2669 3479 2737 potuit,
3514 2667 3619 2721 hoc

2045 2761 2290 2831 profecto
2320 2777 2600 2830 nunquam
2633 2762 2860 2831 poterit.

2114 2847 2234 2904 5am
2289 2866 2440 2913 vero,
2493 2865 2731 2919 quonam
2775 2849 2937 2903 modo
2976 2848 3352 2919 appreliensos
3395 2848 3621 2902 malitiae

2045 2940 2322 3008 principes
2380 2941 2434 2993 in
2468 2954 2691 2993 crucem
2746 2939 2878 3009 egit,
2911 2955 3089 3007 exque
3124 2954 3316 2993 eorum
3353 2940 3623 2993 carnibus

364 3025 719 3095 ἀνθρώπουςς
759 3030 823 3082 ὲκ
868 3030 924 3082 δὲ
963 3030 1070 3084 τῶν
1100 3032 1271 3085 ὀστῶν
1316 3032 1479 3085 αὐτοῦ
1526 3033 1594 3086 τὰ
1641 3034 1763 3105 όρη,
1799 3034 1857 3087 τὸ
1884 3034 1940 3088 δὲ

2056 3030 2315 3093 homines,
2355 3038 2408 3084 et
2443 3045 2507 3084 ex
2540 3031 2781 3093 ossibus,
2817 3040 3034 3085 montes
3066 3029 3346 3094 condidit;
3378 3045 3501 3084 eum
3534 3031 3619 3083 in-

368 3118 534 3187 μέρος
560 3119 723 3171 αὑτοῖν
752 3120 811 3172 τὸ
848 3122 1095 3189 ἀρπαγὲν
1129 3122 1189 3175 οὐ
1223 3123 1533 3193 παρέλα6ε;
1568 3124 1660 3175 καὶ
1692 3122 1863 3186 οὕτως
1884 3124 1940 3176 δὲ

364 3208 667 3279 ἀναιρεῖται
698 3211 740 3286 ἡ
760 3211 959 3282 κρίσις.
981 3212 1237 3267 Ἀναίτιοι
1277 3214 1386 3284 γὰρ
1417 3215 1466 3266 οἱ
1500 3214 1904 3284 ἁμαρτάνοντες
1924 3231 1937 3244 ⁸

364 3300 413 3351 εἰ
443 3299 550 3369 γὰρ
576 3300 738 3363 αὐτὸς
760 3302 861 3355 οὐκ
890 3304 1122 3375 ἐδυνήθη
1153 3304 1214 3356 τὸ
1239 3305 1407 3373 μέρος
1439 3304 1603 3357 αὑτοῦ
1625 3305 1940 3368 ἀπολαϐεῖν,

368 3387 483 3451 πῶς
517 3390 550 3459 ἡ
574 3390 721 3461 ψυχὴ
748 3394 1240 3471 κατακυριευθείσα
1270 3394 1632 3465 δυνηθήσεται
1668 3394 1741 3464 μὴ
1770 3396 1942 3464 ἁμαρ·

366 3479 569 3542 τάνειν,
601 3483 696 3534 καὶ
724 3482 965 3548 ἀναίτιος
995 3484 1181 3549 ἕσται;
1214 3486 1323 3538 Καὶ
1344 3489 1392 3539 εί
1422 3488 1727 3542 τελευταῖον
1752 3487 1943 3557 δεσμή-

365 3585 447 3621 σει
494 3572 523 3623 ό
572 3572 773 3639 ἀγαθὸς
803 3574 900 3643 τὴν
930 3576 1148 3636 κακίαν,
1187 3577 1524 3647 ἀπολήψεται
1576 3578 1796 3641 τελείως
1845 3578 1943 3647 τὴν

362 3658 563 3731 ψυχὴν,
590 3662 684 3714 καὶ
716 3664 777 3715 οὐ
806 3664 1205 3745 κολασθήσεται
1242 3666 1549 3738 ἄνθρωπος.

435 3920 543 3973 Καὶ
582 3920 770 3973 πάλιν·
806 3921 868 3973 Ei
902 3922 966 3974 ὲκ
995 3919 1088 3973 τοῦ
1122 3920 1372 3992 σώματος
1403 3924 1468 3995 τῇ
1505 3922 1649 3996 ψυχῇ
1690 3926 1724 3995 ἡ
1752 3925 1938 3990 κακία,

365 4012 605 4075 ἀναίτιος
629 4014 660 4083 ἡ
694 4012 861 4083 ψυχή.

435 4104 545 4156 Καὶ
576 4104 738 4157 πάλιν
759 4120 773 4133 ·
806 4105 878 4157 T6
910 4105 1069 4175 σῶμα
1092 4105 1283 4175 νεκρὸν
1312 4106 1585 4176 κείμενον,
1617 4108 1714 4178 οὐχ
1758 4109 1941 4178 ἁμαρ-

361 4195 534 4247 τάνει.
569 4194 780 4247 Οὐκοῦν
826 4195 925 4249 οὐκ
951 4197 1016 4250 ἐκ
1042 4195 1135 4249 τοῦ
1178 4198 1426 4266 σώματος
1458 4200 1491 4269 ἡ
1519 4199 1782 4269 ἁμαρτία,
1816 4198 1942 4251 ἀλλ’

360 4287 427 4338 ἐκ
457 4286 552 4355 τῆς
586 4285 782 4355 ψυχῆς.

2048 3122 2513 3191 teritu'abrcptam
2544 3121 2627 3175 sui
2658 3121 2963 3190 portionem
2994 3120 3109 3190 ipse
3154 3136 3262 3173 non
3314 3117 3620 3189 receperit?

2046 3213 2098 3267 in
2131 3226 2241 3282 quo
2274 3212 2439 3266 etiam
2480 3212 2753 3281 judicium
2797 3211 3024 3265 tollitur.
3071 3210 3164 3265 Sic
3195 3211 3340 3265 enim
3373 3211 3465 3279 qui
3495 3225 3623 3279 pec-

2045 3310 2195 3363 cant.
2243 3311 2398 3356 extra
2457 3302 2675 3371 culpam
2727 3307 2879 3356 sunt.
2914 3298 3050 3353 Nam
3100 3317 3224 3355 cum
3276 3302 3504 3369 ipsemet
3535 3302 3620 3354 sui

2045 3392 2352 3461 portionem
2399 3406 2732 3459 recuperare
2777 3390 3106 3459 nequiverit,
3152 3391 3378 3459 quinam
3413 3392 3617 3453 anima,

2045 3498 2164 3552 qua:
2192 3482 2481 3554 tyrannide
2512 3498 2784 3553 Oppressa
2829 3490 2935 3548 est,
2978 3484 3178 3551 poterit
3206 3482 3340 3551 quin
3394 3482 3620 3551 peccet?

2045 3588 2109 3626 ac
2152 3572 2377 3640 proinde
2404 3574 2602 3629 insons
2631 3575 2756 3628 erit.
2797 3573 2951 3638 Quod
2989 3574 3035 3626 si
3068 3584 3351 3642 postremo
3398 3574 3617 3628 tandem

2046 3661 2222 3715 bonus
2271 3663 2473 3714 malum
2529 3670 2791 3731 tanquam
2843 3662 3056 3715 catenis
3093 3662 3449 3716 d‘evinctnrus
3493 3644 3617 3728 est,

2046 3765 2268 3819 prorsus
2292 3766 2513 3821 quoque
2543 3752 2779 3806 animam
2809 3759 3134 3820 recepturus
3173 3760 3279 3816 est,
3313 3769 3413 3806 nec
3440 3754 3618 3822 pmnis

2044 3840 2314 3895 alliciclut‘
2342 3842 2527 3895 homo.

2115 3930 2366 3988 Rursus:
2401 3931 2459 3986 Si
2496 3948 2697 4001 corpus
2734 3934 2788 3988 in
2824 3949 2991 3991 causa
3019 3943 3127 4000 est,
3160 3950 3259 3990 cur
3290 3937 3471 3989 anima
3494 3951 3621 4005 pec-

2043 4034 2147 4086 cet,
2185 4024 2365 4076 anima
2395 4026 2511 4093 ipsa
2545 4026 2707 4093 culpa
2740 4036 2924 4080 vacat.

2112 4116 2318 4171 Deinde
2348 4137 2361 4170 :
2398 4118 2607 4185 Corpus
2644 4126 2819 4174 morte
2867 4120 3203 4176 exstinctum
3239 4134 3348 4174 non
3385 4126 3613 4190 peccat:

2041 4222 2171 4275 ergo
2197 4224 2306 4262 non
2338 4224 2365 4260 ο
2402 4224 2653 4278 corpore,
2713 4210 2808 4265 sed
2849 4210 2918 4263 ab
2968 4212 3147 4266 anima
3178 4220 3464 4282 peccatum
3498 4225 3616 4278 pro-

2042 4298 2328 4354 ficiscitur.

432 4375 495 4427 λ’.
540 4376 675 4442 Περὶ
705 4376 877 4441 ὕλης,
902 4377 956 4427 εἰ
986 4375 1319 4443 ἀσώματος.
1360 4405 1426 4416 -
1453 4376 1655 4429 Εἴπατε
1694 4376 1751 4428 δὲ
1784 4378 1934 4446 ἡμῖν,

2112 4392 2201 4444 50.
2241 4390 2311 4444 De
2372 4393 2618 4455 materia,
2674 4394 2807 4446 sitne
2846 4394 3085 4461 corporis
3129 4396 3446 4461 expersI—
3474 4393 3610 4445 illud

362 4458 407 4515 ὦ
437 4466 745 4535 Μανιχαῖοι,
780 4469 811 4535 ἡ
866 4467 995 4536 παρ’
1027 4468 1154 4535 ὑμῖν
1189 4466 1423 4536 ἄναρχος
1459 4468 1644 4530 κακία,
1694 4467 1761 4537 ἣν
1808 4466 1939 4539 ὓλην

362 4557 678 4625 ὀνομάζετε.
710 4556 997 4627 ἀσώματός
1047 4560 1217 4619 ἐστιν,
1255 4558 1287 4626 ἢ
1340 4559 1522 4627 σῶμα,
1554 4557 1586 4628 ἢ
1641 4558 1935 4625 σύνθετον;

362 4654 456 4706 καὶ
483 4654 530 4706 εί
570 4654 667 4723 μὲν
699 4654 1007 4724 ἀσώματος,
1036 4654 1150 4718 πῶς
1180 4653 1278 4723 ὖλη
1302 4670 1316 4718 ;
1342 4656 1374 4724 ή
1409 4654 1519 4723 γὰρ
1547 4654 1645 4724 ὕλη
1678 4654 1775 4707 οὐκ
1797 4654 1939 4707 ἀσώ-

365 4761 551 4813 ματος.
571 4745 711 4797 Ἀλλ’
742 4746 869 4807 ἴσως
918 4747 1115 4816 ἐρεῖτε,
1146 4746 1229 4798 ὅτι
1280 4744 1571 4816 ἀσώματος
1622 4745 1722 4815 μὲν
1770 4747 1936 4810 ἐστιν,

362 4833 584 4903 ἐποίησε
611 4834 667 4886 δὲ
698 4834 759 4887 τὸ
791 4834 967 4903 σῶμα.
1000 4835 1202 4888 Εἴπατε
1233 4830 1325 4888 οὖν
1357 4838 1509 4906 ἡμῖν,
1537 4838 1599 4889 ἐκ
1630 4837 1726 4906 τῆς
1749 4837 1936 4899 οὐσίας

361 4924 554 4989 αὐτῆς,
583 4924 614 4993 ἦ
647 4924 711 4975 ὲκ
740 4923 832 4977 τοῦ
867 4925 939 4994 μὴ
969 4925 1151 4987 er-cog:
1190 4926 1297 4978 Καὶ
1328 4928 1373 4979 εί
1404 4927 1503 4996 μὲν
1533 4929 1595 4979 ἐκ
1616 4926 1714 4993 τῆς
1736 4928 1936 4996 ἑαυτῆς

362 5011 551 5072 οὐσίας
589 5012 808 5082 εἴπητε,
842 5012 1236 5080 ψεύδεσθε.Ἐκ
1276 5014 1382 5083 γὰρ
1414 5016 1707 5084 ἀσωμάτου
1751 5017 1936 5079 οὐσίας

366 5100 525 5170 σῶμα
546 5102 606 5153 οὐ
633 5102 960 5173 προέρχεται
980 5120 993 5133 ⁸
1019 5104 1080 5155 τὸ
1100 5102 1206 5171 γὰρ
1233 5103 1390 5171 φύσει
1423 5104 1682 5173 πεφυκὸς,
1706 5107 1765 5157 οὐ
1803 5107 1935 5174 μεθ-

367 5190 580 5246 ίσταται
599 5207 614 5222 ⁸
639 5192 760 5246 οὔτε
792 5194 848 5257 ἐξ
880 5195 1170 5263 ἀσωμάτου
1201 5197 1279 5259 είς
1303 5198 1459 5267 σῶμα
1486 5198 1643 5272 οὐσία.
1662 5199 1937 5269 τραπήσε-

365 5299 478 5345 ται,
507 5282 627 5335 οὐδὲ
650 5285 713 5337 ὲκ
736 5284 985 5355 σώματος
1010 5287 1087 5349 είς
1108 5285 1416 5356 ἀσώματον,
1450 5287 1570 5339 οὐδὲ
1604 5290 1667 5339 ἐκ
1691 5288 1933 5355 λογικοῦ,

366 5374 445 5436 είς
461 5373 673 5443 ἄλογον,
688 5376 805 5429 οὐδὲ
828 5376 887 5440 ἐξ
909 5377 1104 5447 ἀλόγου
1119 5380 1199 5442 είς
1215 5379 1448 5447 λογικόν,
1467 5378 1528 5433 Ἦ
1546 5381 1655 5451 γὰρ
1675 5380 1936 5451 οὐσιώδης
1982 5398 1983 5401 ‘

2042 4498 2207 4551 porro
2256 4482 2437 4543 nobis,
2496 4500 2529 4537 ο
2590 4482 2895 4548 Manichaei,
2931 4470 3144 4539 aicite:
3196 4484 3393 4537 Malum
3458 4482 3613 4546 illud,

2041 4573 2185 4643 quod
2226 4573 2487 4642 principii
2521 4590 2719 4644 expers
2753 4590 2879 4630 esse
2927 4577 3188 4638 censetis,
3234 4590 3298 4629 ac
3332 4574 3612 4628 materiam

2041 4668 2353 4736 appellatis,
2381 4682 2685 4736 corporeue
2736 4678 2917 4733 vacat,
2966 4677 3021 4723 ct
3064 4669 3502 4736 compositione;
3545 4682 3611 4719 an

2041 4771 2265 4825 corpus,
2292 4771 2356 4811 ac
2387 4759 2752 4827 compositum
2788 4758 2908 4812 est?
2932 4758 3010 4811 Ac
3047 4758 3093 4813 si
3121 4758 3340 4828 quidem
3380 4772 3614 4827 corpore

2041 4859 2219 4915 vacat,
2244 4851 2337 4920 qui
2389 4854 2613 4907 materia
2670 4869 2794 4909 esse
2834 4844 3039 4923 queat:
3086 4870 3213 4909 cum
3246 4855 3472 4909 materia
3503 4871 3610 4908 non

2042 4942 2113 4997 sit
2151 4942 2515 5011 incorporea?
2547 4944 2626 4997 Au
2681 4943 2937 5000 fortassis
2983 4945 3188 5001 dicturi
3232 4948 3389 5012 estis,
3420 4963 3615 5016 corpo-

2043 5043 2189 5080 ream
2225 5029 2446 5098 quidem
2475 5031 2619 5083 illam
2653 5048 2759 5085 non
2789 5049 2933 5098 esse,
2969 5044 3225 5090 caeterum
3260 5052 3460 5106 corpus
3483 5052 3606 5090 con-

2043 5119 2261 5173 fecisse.
2305 5121 2616 5186 Quaerimus
2649 5123 2833 5193 itaque
2862 5142 2927 5180 ex
2955 5128 3134 5191 vobis,
3172 5144 3237 5181 ex
3270 5143 3447 5183 suane
3477 5129 3611 5183 sub-

2043 5212 2266 5275 stantia,
2293 5227 2359 5265 an
2389 5228 2452 5267 ex
2483 5214 2695 5267 nihilo?
2720 5216 2774 5268 Si
2804 5233 2867 5270 ex
2910 5233 3011 5272 sua
3044 5220 3355 5273 substantia
3401 5219 3615 5273 dixeri-

2044 5300 2137 5363 tis,
2176 5314 2204 5351 a
2239 5318 2372 5370 vero
2402 5318 2580 5358 sermo
2614 5313 2795 5359 vester
2834 5308 3175 5363 abhorrebit.
3207 5308 3263 5362 Si
3292 5309 3514 5379 quidem
3542 5325 3608 5364 ex

2045 5405 2107 5445 ea
2139 5392 2448 5447 substantia
2479 5411 2599 5463 qua:
2632 5412 2866 5467 corpore
2909 5410 3089 5464 vacat,
3129 5416 3333 5472 corpus
3385 5400 3607 5457 minime

1640 5514 1877 5571 VARIAS
1919 5518 2317 5579 LECTIONES.

405 5651 429 5681 ο
471 5641 637 5698 Basil.
670 5646 802 5711 πρὸς
837 5649 1183 5721 ἰσχυρότερα.
1230 5652 1299 5706 At
1327 5650 1513 5706 Latina
1561 5652 1853 5708 translatio
1889 5654 2051 5711 habet
2098 5657 2329 5726 fortiori.
