3962 6202
356 281 495 345 1535

1610 275 1670 334 S.
1705 272 2027 335 JOANNIS
2061 274 2456 336 DAMASCEN
2463 277 2490 337 Ι

3484 279 3626 337 1.536

359 392 756 464 progredimur.
796 389 936 444 Nam
989 388 1130 458 quod
1181 395 1376 442 natura
1430 386 1658 441 insitum
1712 395 1818 448 est,
1877 387 1931 439 in

2049 385 2280 455 ποιότης,
2296 389 2554 459 ἀκίνητος
2571 406 2586 420 ο
2604 387 2673 443 τὰ
2685 390 2741 442 δὲ
2763 391 3163 462 μεταϐάλλοντα
3181 390 3278 445 καὶ
3294 391 3626 460 τρεπόμενα,

357 478 512 540 aliud
547 499 656 538 non
697 483 900 553 migrat
926 495 1058 536 :nec
1085 480 1197 533 ulla
1229 479 1539 534 substantia
1571 494 1634 533 ex
1674 478 1934 546 incorpo-

359 592 454 630 reo
485 577 538 630 in
573 591 775 644 corpus
803 575 1056 636 vertitur,
1106 586 1207 625 nec
1236 587 1303 624 ex
1333 585 1569 640 corpore
1596 571 1651 623 in
1679 571 1937 638 incorpo-

360 684 535 729 reum,
581 682 681 721 ncc
715 683 780 720 ex
813 663 1070 718 rationali
1103 664 1156 716 in
1201 664 1432 716 rationis
1483 677 1702 730 expers,
1738 676 1838 715 nec
1871 677 1934 714 ex

361 764 591 818 rationis
646 769 888 830 experte,
958 761 1014 812 in
1072 759 1310 813 ratimuis
1383 761 1684 828 particeps.
1746 760 1938 828 Neque

362 856 508 908 enim
530 851 842 907 cssentialis
877 850 1121 918 qualitas
1178 848 1498 902 submoveri
1549 857 1748 918 potest.
1807 850 1938 915 Quae

360 954 540 999 autem
594 951 898 1006 mutantur,
967 940 1270 995 accidentis
1323 941 1554 1007 {ratione
1608 950 1934 994 mutantur:

359 1051 480 1106 quae
541 1035 762 1103 quidem
828 1032 1139 1086 accidentia
1195 1031 1400 1085 adsunt
1440 1040 1493 1086 et
1535 1033 1736 1086 absunt
1798 1033 1937 1085 citra

362 1129 594 1196 subjecti
661 1125 1098 1193 corruptionem.
1152 1122 1312 1187 Quod
1353 1123 1399 1177 si
1459 1138 1526 1176 ex
1563 1123 1722 1193 443
1769 1124 1939 1176 nihilo

361 1219 656 1288 dixeritis:
691 1217 826 1269 illud
857 1231 1055 1268 rursus
1082 1230 1108 1266 a
1153 1215 1312 1269 vobis
1357 1229 1620 1283 quaeram,
1679 1214 1937 1282 quidnam

360 1324 542 1364 causae
574 1310 665 1372 sit,
697 1322 871 1375 quare
915 1321 1038 1359 cum
1078 1306 1444 1373 incorporeus
1469 1312 1523 1359 et
1559 1305 1736 1358 malus
1769 1315 1938 1368 esset,

360 1401 428 1454 de
459 1400 622 1453 malis
677 1399 1126 1451 commistionem
1173 1397 1321 1449 illam
1376 1413 1486 1450 non
1544 1396 1778 1451 fecerit?
1839 1411 1940 1449 cur

362 1503 472 1542 non
507 1488 718 1540 animas
745 1500 968 1554 quoque
1001 1492 1205 1538 natura
1258 1484 1432 1538 malas
1474 1485 1623 1548 fecit,
1670 1484 1938 1554 quemad-

361 1575 582 1630 modihm
629 1585 680 1630 et
725 1591 953 1644 corpus,
994 1575 1142 1644 quod
1181 1585 1379 1628 natura
1431 1575 1634 1628 malum
1691 1591 1816 1630 esse
1855 1590 1940 1630 as-

362 1669 592 1724 seritis?
623 1668 898 1733 Quidnam
931 1682 1114 1721 causa:
1146 1675 1249 1731 est,
1281 1666 1642 1735 quamobrem
1681 1668 1940 1736 nequitia:

366 1853 469 1906 hoc
519 1851 670 1905 fecit.
721 1851 802 1904 Ex
857 1865 968 1920 quo
999 1848 1320 1910 conﬁcitur,
1353 1857 1428 1901 Qut
1465 1865 1573 1902 non
1624 1850 1808 1918 plene,
1842 1864 1945 1905 nec

365 1959 597 2013 prorsus
651 1942 854 2004 malus,
894 1939 992 1995 sed
1044 1939 1283 2009 quadam
1318 1954 1385 1993 ex
1439 1948 1595 2009 parte
1629 1939 1806 1994 bonus
1847 1941 1940 1995 sit.

364 2035 542 2101 Atque
571 2034 686 2086 haec
718 2047 745 2082 a
775 2030 934 2084 vobis
965 2028 1150 2083 atl'erri
1191 2035 1422 2098 queant,
1455 2027 1500 2083 si
1545 2043 1671 2082 eum
1713 2043 1946 2099 corpore

368 2137 562 2176 vacare
609 2120 883 2174 dixeritis.
937 2117 1035 2172 Sin
1080 2105 1508 2188 autem'corpus
1557 2126 1664 2183 est,
1701 2133 1943 2187 quonam

366 2221 528 2282 pacto
562 2222 742 2266 motus
773 2210 916 2264 fuit?
969 2208 1143 2264 Omne
1193 2209 1467 2278 siquidem
1515 2224 1718 2278 corpus
1748 2225 1948 2264 secun-

2041 477 2184 530 κατὰ
2206 479 2552 550 συμϐεϐηκὸς
2581 483 2865 551 τρέπεται,
2885 484 2918 535 ἆ
2942 501 3059 536 τινα
3085 483 3350 550 γίνονται,
3371 480 3464 532 καὶ⁵
3487 483 3628 531 ἁπο-

2038 576 2280 643 γίνονται
2303 577 2425 645 δίχα
2457 576 2557 645 τῆς
2589 576 2684 630 τοῦ
2721 578 3082 645 ὑποκειμένου
3111 578 3344 646 φθορᾶς.
3373 576 3433 627 Ei
3461 575 3522 628 δὲ
3553 576 3631 626 εῐ-

2039 684 2180 736 πητε
2205 669 2269 720 ὲκ
2297 667 2390 720 τοῦ
2422 668 2496 738 μὴ
2527 668 2703 732 ὄντος,
2731 669 2925 723 εἴπατε
2951 672 3109 738 ἡμῖν,
3136 669 3223 721 διὰ
3250 668 3304 720 τί
3330 666 3633 736 ἀσώματος

2039 755 2173 811 οὖσα
2204 761 2298 812 καὶ
2331 761 2566 831 πονηρὰ,
2601 761 2675 830 μὴ
2707 759 2934 829 ἐποίησε
2966 761 3066 830 τὴν
3094 759 3358 828 σύμμιξιν
3383 758 3504 812 ἀπὸ

2038 851 2249 923 νηρῶν;
2286 851 2375 904 διὰ
2398 853 2452 905 τί
2482 852 2558 923 μὴ
2584 852 2806 921 ἐποίησε
2832 855 2926 906 καὶ
2955 851 3135 921 ψυχὰς
3165 851 3321 918 φύσει
3353 849 3632 919 πονηρὰς,

2040 934 2115 1002 ὣς
2150 943 2243 994 καὶ
2288 941 2348 993 τὸ
2397 942 2577 1012 σῶμα,
2608 945 2684 1006 ὡς
2740 943 2954 1010 λέγετε,
2989 942 3150 1010 φύσει
3196 943 3397 1006 κακόν;
3449 940 3543 993 διὰ
3581 939 3634 990 τί

2043 1030 2344 1100 συνέκρασε
2374 1035 2438 1102 τῇ
2471 1033 2665 1085 ἑαυτοῦ
2692 1033 2863 1104 κακίᾳ
2897 1033 3062 1103 μέρος
3082 1032 3173 1085 τοῦ
3200 1031 3407 1099 ἀγαθοῦ
3430 1049 3446 1095 ;
3473 1034 3502 1083 ό
3525 1031 3635 1100 γὰρ

2040 1121 2243 1187 ἀγαθὸς
2275 1122 2433 1174 τοῦτο
2464 1123 2564 1175 οὐκ
2609 1126 2899 1194 ἐποίησεν·
2949 1125 3024 1186 ὥς
3063 1141 3124 1175 τε
3168 1125 3228 1175 οὐ
3264 1123 3470 1184 τελέως
3518 1123 3634 1173 ἐστὶ

2044 1211 2276 1282 πονηρὰ,
2306 1213 2422 1266 ἀλλ’
2453 1213 2563 1283 ἔχει
2596 1214 2761 1284 μέρος
2797 1214 3021 1281 ἀγαθόν.
3061 1215 3170 1268 Καὶ
3203 1214 3378 1266 ταῦτα
3418 1213 3545 1281 μὲν,
3587 1213 3634 1263 εἰ

2041 1303 2334 1373 ἀσώματον
2354 1305 2562 1372 λέγετε.
2590 1307 2652 1358 Ei
2675 1307 2732 1360 δὲ
2756 1307 2937 1377 σῶμα,
2962 1307 3079 1368 πῶς
3101 1305 3326 1375 ἐκινήθη
3347 1322 3362 1368 ;
3386 1305 3511 1356 Πᾶν
3527 1304 3636 1372 γὰρ

2043 1393 2202 1463 σῶμα
2241 1395 2361 1447 καθ’
2385 1395 2546 1448 ἑαυτὸ
2580 1395 2982 1467 ἀπροαίρετονά
3004 1397 3100 1449 καὶ
3124 1395 3316 1465 νεκρόν
3338 1410 3351 1422 ·
3379 1394 3506 1457 πῶς
3543 1389 3638 1446 οὖν

2043 1485 2294 1557 ἐκινήθης
2336 1487 2419 1550 τίς
2457 1487 2604 1558 αὐτῷ
2639 1488 2841 1542 δέδωκε
2875 1490 2973 1557 τὴν
3011 1488 3261 1556 κίνησιν;
3295 1487 3354 1539 Ὀ
3384 1486 3638 1554 ἁγαθὸςς

2043 1578 2142 1630 οὐκ
2180 1577 2274 1630 οὐν
2314 1579 2416 1631 οὐκ
2439 1578 2664 1646 ἀγαθὸς,
2691 1579 2723 1649 ἢ
2750 1580 2809 1631 οὐ
2838 1579 3021 1647 σοφὸς,
3049 1578 3171 1630 οὐδὲ
3194 1575 3588 1648 προνοητικδς,
3611 1577 3639 1626 ὁ

1997 1721 2002 1726 .
2045 1669 2272 1730 κινήσας
2292 1669 2390 1730 τὴν
2413 1668 2629 1723 κακίαν.
2657 1669 2719 1722 El
2743 1669 2799 1721 δὲ
2827 1668 3079 1722 σύνθετον
3104 1670 3315 1730 εἴπητε,
3349 1665 3532 1730 γνῶτε
3558 1667 3637 1717 ὅτι

364 1669 592 1724 seritis?
623 1669 898 1733 Quidnam
931 1682 1114 1721 causa:
1146 1675 1249 1731 est,
1281 1669 1642 1735 quamobrem
1681 1669 1940 1736 nequitia:
1997 1721 2002 1726 ,
2045 1669 2272 1738 κινήσας
2292 1669 2390 1739 τὴν
2413 1669 2629 1723 κακίαν.
2657 1669 2719 1722 El
2743 1669 2799 1721 δὲ
2827 1669 3079 1722 σύνθετον
3104 1670 3315 1737 εἴπητε,
3349 1683 3383 1733 γ

364 1770 479 1815 Suae
513 1769 721 1829 partem
755 1760 885 1813 boni
917 1757 1322 1812 admiscuerit?
1351 1755 1540 1826 Neque
1573 1757 1720 1811 enim
1762 1758 1939 1813 bonus
1973 1739 2013 1792 Β
2041 1761 2150 1813 πᾶν
2182 1759 2242 1813 τὸ
2277 1759 2552 1827 σύνθετον,
2580 1762 2924 1816 εὐδιάλυτον·
2953 1760 3048 1813 καὶ
3071 1759 3285 1828 ἀνάγκη
3309 1776 3383 1828 πρ

2041 1761 2150 1813 πᾶν
2182 1759 2242 1813 τὸ
2277 1759 2552 1827 σύνθετον,
2580 1762 2924 1816 εὐδιάλυτονο
2953 1760 3048 1813 καὶ
3071 1759 3285 1828 ἀνάγκη
3309 1758 3540 1828 πρῶτον
3558 1751 3636 1808 εἷ-

2041 1867 2129 1903 ναι
2170 1850 2238 1903 τὰ
2279 1850 2448 1914 ἁπλᾶ,
2473 1851 2532 1917 ἐξ
2569 1845 2644 1905 ὧν
2682 1853 2714 1922 ἡ
2763 1851 3015 1914 σύνθεσις
3038 1850 3293 1918 γέγονεν’
3319 1849 3396 1910 ὡς
3417 1848 3638 1917 ἀνάγκη

2041 1939 2258 2010 πρῶτον
2295 1938 2433 1995 εἶναι
2455 1941 2551 2012 τὴν
2575 1942 2779 1994 πίσσαν
2809 1941 2930 1994 καθ’
2953 1941 3176 2010 ἑαυτὴν,
3200 1939 3296 1993 καὶ
3331 1937 3422 1991 τὸν
3463 1935 3639 2007 κηρὸν

2043 2031 2166 2086 καθ’
2189 2032 2403 2098 ἑαυτὸν,
2442 2035 2536 2087 καὶ
2572 2034 2694 2086 τότε
2733 2035 2990 2102 γενέσθαι
3026 2034 3125 2103 τὴν
3163 2032 3259 2086 τοῦ
3295 2030 3634 2102 κηροπίσσου

2046 2124 2583 2181 σύνϐεσιν.¹Ἐσονται
2610 2122 2702 2181 οὖν
2742 2127 2844 2197 τῆς
2881 2128 3074 2190 κακίας
3105 2124 3276 2196 ἁρχαὶ
3309 2123 3425 2188 δύο,
3450 2122 3551 2176 καὶ
3569 2122 3633 2175 οὐ

2051 2216 2170 2286 μία.

365 2307 495 2360 dum
528 2324 586 2360 se
619 2307 834 2360 consilii
872 2319 1072 2373 expers
1139 2311 1194 2357 et
1239 2312 1520 2357 mortuum
1573 2305 1690 2359 est?
1739 2305 1976 2371 Quinam
2055 2325 2192 2381 ergo
2241 2321 2423 2368 motus
2483 2315 2604 2369 est?
2656 2315 2793 2380 Quis
2840 2316 2941 2383 ipsi
2996 2323 3207 2369 motum
3258 2313 3443 2370 dedit?
3489 2313 3627 2367 Num

365 2401 581 2454 bonus?
617 2401 780 2466 Atqui
811 2415 910 2452 nec
955 2401 1158 2462 bonus,
1190 2413 1290 2451 nec
1328 2401 1574 2468 sapiens.
1607 2416 1707 2455 nec
1750 2403 2014 2471 providus
2042 2407 2138 2473 sit,
2183 2408 2277 2478 qui
2309 2409 2455 2463 malo
2521 2417 2731 2464 motum
2800 2407 3079 2462 indiderit.
3131 2406 3291 2472 Quod
3361 2408 3408 2462 si
3485 2423 3634 2464 com-

367 2495 605 2565 positum
661 2493 882 2553 dicatis,
943 2493 1077 2545 illud
1131 2492 1578 2558 animadvertite,
1630 2495 1904 2566 quidquid
1983 2503 2360 2571 compositum
2410 2511 2516 2567 est,
2589 2504 2644 2558 id
2715 2503 2880 2558 facile
2939 2503 3171 2558 dissolvi
3225 2517 3410 2573 posse,
3465 2503 3632 2567 Quin,

368 2587 643 2657 simplicia
676 2600 897 2655 quoque
935 2585 1087 2653 prius
1133 2599 1252 2638 esse
1300 2599 1593 2639 necessum
1662 2594 1769 2650 est,
1821 2602 1986 2657 quam
2057 2593 2392 2663 compositio
2433 2593 2714 2650 exsistat:
2764 2593 3226 2663 quemadmodum
3266 2593 3421 2662 prius
3447 2593 3630 2662 picem

368 2680 631 2743 scorsim,
668 2692 731 2732 ac
775 2691 958 2731 ceram
997 2677 1126 2731 item
1179 2677 1413 2731 seorsim
1453 2693 1577 2734 esse
1604 2687 1845 2747 oportet,
1885 2689 1946 2735 ut
1986 2683 2063 2738 ita
2091 2684 2316 2741 demum
2353 2688 2626 2757 ceropicis
2651 2687 2985 2758 compositio
3017 2687 3131 2740 ﬁat.
3199 2685 3376 2740 Erunt
3439 2688 3632 2756 itaque

370 2775 497 2827 mali
526 2772 794 2842 principia
831 2770 964 2835 duo,
999 2786 1106 2824 non
1150 2786 1345 2825 unum.

437 2867 525 2920 51.
552 2865 728 2919 Dicite
759 2867 965 2935 itaque,
1001 2881 1033 2918 ο
1062 2863 1369 2928 Mauicluei,
1395 2881 1527 2918 num
1573 2865 1683 2920 duo
1729 2867 1940 2936 princi-

369 2961 456 3029 pia
483 2967 662 3014 vestra
701 2958 835 3012 nihil
872 2958 1098 3011 omnino
1127 2971 1423 3010 commune
1461 2956 1720 3024 habeant,
1757 2973 1824 3013 an
1884 2959 1938 3013 in

2119 2866 2216 2937 λβ’.
2263 2869 2466 2922 Εἴπατε
2509 2865 2623 2932 οὖν,
2667 2863 2710 2922 ὦ
2747 2870 3072 2938 Μανιχαῖοιο
3121 2869 3176 2922 αἱ
3215 2869 3348 2940 παρ’
3372 2870 3505 2939 ὑμῖν
3546 2872 3636 2926 δύο

2049 2961 2216 3030 ἀρχαὶ
2242 2945 2522 3026 παντελῶς
2560 2964 2698 3015 εἰσιν
2724 2961 3157 3031 ἁκοινὼνητοι,ῆ
3201 2960 3261 3014 ἔν
3297 2979 3414 3014 τισι
3448 2981 3640 3018 κοινω-

367 3051 700 3119 quibusdam
749 3050 1101 3114 conveniant,
1153 3057 1208 3103 et
1268 3049 1322 3102 in
1375 3049 1706 3119 quibusdam
1777 3051 1941 3105 dissi-

2049 3053 2218 3114 νοῦσι,
2245 3055 2338 3108 καὶ
2383 3055 2439 3109 ἔν
2477 3073 2586 3108 τισι
2632 3056 2980 3126 διατρέρουσι;
3006 3055 3099 3107 καὶ
3136 3055 3184 3106 εἰ
3229 3056 3328 3124 μὲν
3356 3056 3639 3120 παντελῶς

369 3145 576 3198 deant?
609 3144 824 3197 Etenim
862 3143 906 3197 si
945 3142 1082 3196 nillil
1112 3157 1343 3211 prorsus
1387 3156 1680 3198 commune
1719 3143 1941 3209 habent,

370 3253 539 3290 unum
569 3236 696 3298 erit,
719 3244 770 3290 et
798 3235 1028 3289 alterum
1056 3249 1162 3286 non
1193 3234 1319 3287 erit.
1345 3231 1439 3286 Sin
1471 3226 1651 3287 autem
1677 3241 1946 3303 quatenus

371 3335 522 3391 sunt,
552 3335 784 3379 eatenus
816 3327 959 3379 inter
991 3340 1049 3378 se
1083 3323 1446 3388 conveniunt,
1482 3331 1596 3376 tum
1631 3323 1864 3376 alterum
1891 3323 1945 3377 in

371 3418 545 3470 altero
574 3417 877 3477 exsistent;
916 3416 995 3468 uti
1023 3415 1338 3467 substantia
1372 3421 1425 3467 et
1460 3414 1737 3478 accidens,
1774 3415 1948 3482 siqui-

370 3505 495 3557 dem
525 3502 784 3556 accidens
812 3518 909 3572 per
941 3518 998 3556 se
1031 3487 1138 3556 non
1171 3502 1423 3556 subsistit
1450 3519 1463 3556 :
1498 3501 1580 3555 sic
1619 3503 1773 3556 color
1817 3503 1944 3557 abs-

371 3610 477 3662 que
507 3608 735 3663 corpore
774 3593 1045 3658 exsistere
1077 3592 1292 3662 nequit.
1335 3591 1550 3662 Corpus
1602 3608 1767 3661 porro
1813 3591 1946 3647 sub-

372 3685 574 3738 stantia
609 3693 713 3747 est,
746 3684 922 3746 color,
955 3683 1234 3736 accidens.
1271 3681 1545 3736 Accidens
1587 3689 1770 3736 autem
1823 3681 1949 3737 abs-

371 3792 478 3845 que
521 3775 755 3844 subjecti
810 3775 1166 3845 corruptione
1202 3774 1418 3829 accedit
1475 3780 1640 3845 atque
1691 3773 1943 3828 decedit:

372 3869 630 3922 nimirum
689 3869 976 3921 immutato
1030 3868 1239 3932 colore,
1291 3882 1499 3936 corpus
1555 3866 1699 3920 idem
1737 3873 1944 3922 manet.

375 3959 708 4013 Utrumlibet
780 3959 945 4029 igitur
1021 3958 1210 4023 vultis,
1293 3957 1666 4012 substantiam
1735 3956 1943 4010 dicite:

373 4050 696 4103 utrumlibet
753 4064 972 4106 rursus.
1018 4048 1297 4104 accidens.
1335 4047 1492 4113 Quod
1549 4047 1594 4102 si
1653 4056 1948 4116 utrumque

373 4143 687 4196 substantia
741 4151 847 4204 est,
883 4140 1018 4195 illud
1063 4141 1285 4203 scitote,
1335 4138 1699 4193 substantiam
1736 4151 1765 4190 a
1819 4137 1950 4193 sub-

374 4234 577 4288 stantia
611 4249 719 4288 non
762 4233 1054 4296 dissidere,
1096 4247 1200 4286 nec
1244 4230 1610 4286 substantiam
1630 4227 1948 4282 substantiae

375 4323 680 4386 adversari,
713 4323 823 4378 nisi
855 4321 1161 4376 accidentis
1191 4321 1430 4374 ratione.
1488 4317 1762 4382 Quocirca
1794 4316 1840 4370 si
1894 4324 1948 4370 et

2049 3149 2185 3200 εἰσιν
2209 3147 2584 3217 ἁκοινὼνητοι,
2612 3151 2644 3218 ἡ
2675 3147 2770 3217 μία
2792 3147 2965 3210 ἔσται,
2997 3146 3089 3199 καὶ
3124 3148 3156 3217 ἡ
3190 3145 3289 3215 μία
3311 3147 3416 3199 οὐκ
3446 3147 3634 3202 ἔσται·

2048 3239 2097 3291 εί
2133 3237 2189 3290 δὲ
2231 3238 2546 3291 κοινωνοῦσι
2572 3239 2712 3292 κατὰ
2733 3239 2792 3292 τὸ
2817 3234 2978 3300 εἶναι,
3003 3239 3078 3301 ὡς
3111 3239 3272 3292 οὐσία
3309 3240 3404 3294 καὶ
3439 3239 3628 3311 συμϐε.

2049 3330 2236 3399 ϐηκὸς,
2263 3330 2322 3382 τὸ
2342 3330 2398 3382 ἓν
2421 3331 2479 3382 ὲν
2507 3331 2678 3400 ἑτέρῳ
2705 3331 2817 3400 ἔχει
2846 3332 2943 3398 τὴν
2975 3330 3210 3400 ὓπαρξιν
3234 3348 3248 3362 ·
3277 3332 3337 3384 τὸ
3359 3330 3469 3401 γὰρ
3500 3350 3638 3401 συμ-

2049 3419 2303 3489 ϐεϐηκὸς,
2330 3421 2450 3474 καθ’
2475 3420 2633 3472 ἑαυτὸ
2656 3420 2753 3490 οὐχ
2791 3421 3081 3489 ὑφίσταται
3103 3437 3115 3450 ·
3143 3420 3219 3484 ὡς
3255 3421 3315 3474 τὸ
3350 3421 3553 3491 χρῶμα
3579 3421 3638 3474 οὐ

2048 3511 2273 3565 δύναται
2300 3514 2561 3583 συστῆναι
2585 3513 2713 3567 ἄνευ
2742 3511 3184 3580 σῶματος.Ἔστι
3219 3511 3279 3564 δὲ
3314 3511 3372 3563 τὸ
3411 3512 3510 3580 μὲν
3534 3510 3634 3563 σύ-

2053 3621 2148 3673 μα,
2175 3604 2353 3665 οὐσία,
2381 3603 2441 3657 τὸ
2467 3603 2522 3656 δὲ
2546 3604 2765 3674 χρῶμα,
2795 3603 3142 3674 συμϐεϐηκός
3160 3619 3174 3632 ·
3199 3603 3262 3656 τὸ
3284 3603 3338 3656 δὲ
3362 3602 3629 3672 συμϐεϐηο

2049 3694 2144 3757 κὸς
2175 3694 2386 3761 γίνεται
2433 3695 2527 3747 καὶ
2577 3695 2902 3762 ἀπογίνεται
2945 3694 3115 3764 χωρὶς
3146 3694 3247 3763 τῆς
3278 3692 3483 3762 φθορᾶς
3541 3689 3634 3743 τοῦ

2050 3785 2440 3856 ὑποκειμένου,
2488 3785 2584 3839 τοῦ
2639 3784 2932 3858 χρώματος
2981 3785 3432 3855 ἁλλασσομένου,
3472 3785 3539 3837 τὸ
3584 3783 3640 3835 δὲ

2052 3877 2213 3946 σῶμα
2239 3876 2301 3930 τὸ
2333 3876 2465 3930 αὐτὸ
2501 3875 2677 3947 μένει.
2698 3871 2824 3930 Οἷον
2854 3876 3061 3938 Θέλετε,
3086 3877 3278 3928 εἴπατε
3307 3875 3524 3940 οὐσίαν,
3551 3875 3641 3928 καὶ

2049 3960 2160 4019 οἷον
2193 3966 2374 4019 θέλετε
2402 3978 2448 4030 θ,
2485 3965 2868 4037 συμϐεϐηκός·
2908 3967 2956 4018 εί
2998 3965 3054 4018 δὲ
3088 3967 3402 4036 ἀμφότεραι
3436 3966 3641 4028 οὐσίαι,

2049 4056 2224 4124 γνῶτε
2268 4055 2352 4108 ὅτι
2397 4055 2457 4108 οὐ
2489 4054 2733 4126 διαφέρει
2767 4054 2925 4108 οὐσία
2958 4054 3169 4118 οὐσίας,
3199 4053 3296 4107 καὶ
3342 4054 3447 4106 οὐκ
3493 4054 3644 4106 ἔστιν

2049 4147 2272 4201 ἐναντία
2315 4147 2472 4200 οὐσία
2505 4147 2715 4213 οὐσίας,
2749 4147 2796 4199 εί
2843 4146 2918 4218 μὴ
2969 4146 3114 4199 κατὰ
3167 4145 3544 4215 συμϐεϐηκός.
3583 4147 3644 4200 Εἰ

2051 4240 2198 4293 ἔστιν
2237 4243 2265 4294 ό
2300 4238 2558 4310 πονηρὸς,
2587 4241 2682 4293 καὶ
2717 4238 2865 4293 ἐστιν
2884 4239 2912 4292 ὁ
2934 4237 3162 4306 ἀγαθὸς,
3183 4237 3276 4290 καὶ
3305 4237 3468 4289 οὐσία
3492 4239 3644 4290 ἐστὶν

2052 4331 2242 4394 ἀΐδιος,
2275 4332 2566 4400 ἄτρεπτος,
2605 4328 2931 4402 ὲνεργητικὴ
2951 4369 2966 4396 ,
2997 4326 3373 4397 δημιουργικὴ
3395 4367 3410 4390 ,
3444 4328 3641 4380 ἑκάτε-

374 4415 552 4468 malus
583 4422 636 4467 et
681 4413 856 4467 bonus
909 4421 1058 4488 sunt,
1118 4421 1174 4466 et
1221 4411 1382 4466 ambo
1426 4409 1736 4464 substantia
1797 4417 1943 4470 sunt,

2055 4441 2149 4495 ρον
2183 4422 2385 4483 αὐτῶν,
2416 4421 2475 4475 ἓν
2501 4423 2609 4474 εἰσι
2643 4424 2710 4493 τῇ
2746 4421 2906 4493 οὐσίᾳ
2946 4419 3268 4490 ἀμφότεροι,
3301 4417 3557 4489 ποιότητι
3588 4417 3642 4470 δὲ

375 4503 749 4568 immutabilis,
782 4503 994 4570 ellicax,
1022 4503 1293 4567 creatrix;
1321 4501 1484 4554 ambo
1509 4507 1657 4555 certe
1687 4499 1950 4556 substan-

375 4595 465 4650 tia:
512 4597 726 4651 ratione
766 4611 936 4650 unum
996 4602 1152 4659 sunt,
1200 4602 1256 4649 et
1299 4590 1567 4663 qualitate
1618 4591 1735 4646 sola
1791 4590 1950 4648 αισθ-

374 4697 524 4743 runt.

450 4781 844 4849 Rursumque:
879 4779 1172 4847 elementa,
1207 4779 1448 4850 annique
1479 4779 1862 4849 tempestates,
1894 4785 1950 4831 et

375 4874 602 4937 cmlum,
630 4881 684 4926 et
714 4881 939 4936 terram,
977 4886 1242 4942 mareque
1280 4872 1474 4928 eodem
1509 4887 1570 4927 se
1615 4870 1779 4924 modo
1806 4883 1953 4924 sem-

377 4983 475 5034 per
508 4965 713 5019 habere
760 4965 1081 5027 cernimus;
1120 4971 1448 5034 noctemque
1495 4977 1560 5017 ac
1602 4961 1770 5028 diem,
1818 4958 1953 5015 solis

379 5075 441 5112 ac
469 5057 753 5112 stellarum
788 5055 994 5121 m'otus,
1029 5064 1083 5113 et
1116 5057 1346 5122 imbres,
1390 5069 1621 5126 quaeque
1648 5061 1794 5109 terra
1823 5067 1953 5122 pro-

378 5146 552 5210 ducit,
585 5154 735 5201 certa
767 5147 980 5203 ratione
1032 5161 1096 5201 ac
1127 5147 1272 5202 serie
1321 5146 1624 5202 constituta
1660 5154 1826 5213 atque
1857 5159 1951 5213 gu-

378 5236 626 5292 bernata.
662 5236 898 5293 Proinde
929 5238 974 5294 si
1005 5238 1117 5293 duo
1159 5238 1304 5293 inter
1340 5253 1398 5293 se
1434 5237 1706 5292 contraria
1749 5235 1955 5305 princi-

382 5329 468 5396 pia
502 5341 647 5393 sunt,
677 5331 1087 5400 quonammodo
1120 5330 1300 5384 omnia
1342 5330 1444 5383 rite
1470 5329 1874 5399 gubernantur,
1905 5325 1949 5379 si

381 5431 489 5472 non
528 5421 785 5474 amicitia:
814 5419 993 5476 foedus
1026 5420 1388 5476 intercessit?

2051 4515 2392 4588 διαφέρουσι.

2123 4776 2235 4830 Καὶ
2266 4774 2428 4831 πάλιν
2446 4790 2460 4804 ·
2487 4774 2703 4846 ὁρῶμεν
2722 4773 2792 4827 τὰ
2816 4774 3077 4842 στοιχεῖα,
3110 4771 3209 4827 καὶ
3233 4773 3362 4834 τοὺς
3385 4771 3643 4841 καιροὺς,

2053 4867 2282 4940 οὐρανόν
2329 4883 2412 4931 τε,
2447 4865 2544 4919 καὶ
2590 4864 2717 4935 γῆν,
2751 4863 2847 4917 καὶ
2894 4861 3195 4925 Θάλασσαν,
3240 4861 3327 4914 ἀεὶ
3377 4859 3644 4918 ὡσαύτως

2053 4959 2267 5030 ἔχοντα,
2308 4958 2402 5011 καὶ
2435 4956 2628 5020 νύκτα,
2661 4956 2756 5009 καὶ
2785 4956 3038 5026 ἡμέραν,
3078 4954 3234 5026 ἡλίου
3261 4969 3321 5006 τε
3354 4951 3449 5006 καὶ
3476 4947 3641 5004 ιὶστέ⁸

2059 5065 2164 5122 ρων
2195 5049 2458 5119 κινήσεις,
2485 5047 2577 5099 καὶ⁴
2606 5045 2868 5117 ὁμόρους.
2894 5045 2988 5098 καὶ
3020 5045 3087 5098 τὰ
3118 5045 3218 5114 τῆς
3251 5043 3358 5112 γῆς
3385 5040 3634 5111 ἐκφόρια,

2055 5136 2198 5190 κατὰ
2235 5135 2394 5204 λόγον
2439 5135 2531 5188 καὶ
2580 5132 2700 5187 καθ’
2728 5134 2919 5204 εἱρμὸν
2946 5133 3282 5203 τεταγμένα,
3316 5129 3413 5183 καὶ
3445 5128 3632 5199 ῥυθμιο

2056 5228 2279 5299 ζόμενα.
2309 5229 2370 5281 Ei
2393 5222 2486 5281 οὖν
2513 5226 2606 5279 δύο
2634 5225 2801 5297 ἀρχαὶ
2834 5225 3088 5296 ἀλλήλοις
3113 5224 3378 5286 ἐναντίαι,
3408 5219 3524 5283 πῶς
3547 5217 3633 5269 εὐ-

2057 5322 2229 5386 Οὲτως
2278 5321 2347 5375 τὰ
2392 5321 2570 5374 πάντα
2612 5317 2944 5388 διεξάγεται,
2977 5319 3024 5372 εί
3058 5317 3133 5390 μὴ
3166 5314 3631 5381 συνεϐιϐἀσθησαν

2057 5415 2256 5486 φιλικῷ
2285 5414 2489 5485 τρόπῳ.

1665 5549 1897 5608 νΑῘζΙίΕ
1942 5547 2344 5606 LECTIONES.

454 5642 483 5684 ἀ
526 5646 715 5704 Billius
775 5647 1183 5722 subrogandum
1239 5657 1427 5704 censet
1483 5646 1754 5718 ἀκίνητον.
1801 5658 1994 5703 contra
2027 5661 2159 5701 mss.
2195 5644 2376 5699 tidem.
2460 5640 2675 5697 eBasil.
2717 5638 2858 5696 etB.
2885 5636 3099 5708 Θὲλητε.
