3962 6202
317 275 339 326 1
357 267 454 329 537

1280 259 1661 321 DIALOGUS
1689 254 1988 317 CONTRA
2030 251 2507 311 MANICHEOS.

3430 253 3565 319 1538

390 376 455 427 Εἰ
500 371 696 443 ἑαυτὴν
729 371 1014 442 ἀνήλισκεν
1054 372 1087 440 ἡ
1130 368 1253 440 ὕλη,
1289 372 1407 434 πῶς
1452 372 1721 434 ὲκινεῖτο;
1763 369 1811 419 εί
1841 366 1895 417 δὲ

2070 361 2307 415 Deinde:
2338 361 2385 415 si
2408 362 2636 414 materia
2658 361 2893 430 seipsam
2923 368 3302 435 consumebat,
3332 385 3563 439 quanam

321 466 459 538 πρὸς
488 466 583 536 τὴν
621 466 817 534 ἑαυτῆς
847 464 1118 519 ἀνάλωσιν
1165 466 1420 526 ἐκινεῖτο,
1459 463 1576 523 πῶς
1607 458 1770 531 ἦλθεν
1805 460 1897 511 ἐπὶ

321 558 388 610 τὰ
425 557 519 609 τοῦ
548 558 722 625 φωτὸς
756 558 909 626 aptat;

394 731 457 783 El
487 731 813 801 κατωφερὴς
860 734 893 801 ἡ
940 731 1062 801 ὕλη,
1092 732 1186 784 καὶ
1238 732 1465 800 φυσικὸς
1516 732 1680 794 τόπος
1728 731 1898 800 αὐτῆς

320 820 390 874 τὰ
435 820 721 891 κατώτερα
774 823 866 875 καὶ
919 823 1316 893 σκοτεινότερα,
1352 823 1468 885 πῶς
1517 822 1750 876 ἐλθοῦσα
1804 822 1896 874 ἐπὶ

320 912 388 965 τὰ
439 911 533 965 τοῦ
589 914 767 983 φωτὸς
814 914 979 983 ὅρια,
1032 913 1251 983 ἐξῆλθεν
1297 916 1360 966 ἐκ
1403 914 1503 983 τῆς
1549 912 1750 983 ἑαυτῆς
1798 912 1898 980 φύ-

323 1020 458 1063 σεως
473 1020 487 1067 ;

390 1094 463 1147 Τὸ
497 1096 687 1159 σκότος
718 1097 949 1167 τυφλόν·
986 1096 1099 1160 πῶς
1133 1094 1223 1152 οῦν
1250 1094 1356 1149 εἶδε
1388 1096 1446 1150 τὸ
1480 1096 1630 1165 φῶς;

390 1268 455 1319 Εἰ
484 1269 715 1332 ἄτακτος
745 1270 839 1322 καὶ
870 1270 1028 1333 ἄνους
1062 1273 1095 1341 ὴ
1128 1270 1248 1341 ὕλη,
1280 1272 1397 1335 πῶς
1428 1273 1542 1341 ἔχει
1588 1272 1853 1342 ἄρχοντας
1877 1289 1893 1337 ;

321 1359 438 1422 πῶς
470 1359 527 1412 δὲ
560 1360 656 1412 καὶ
695 1361 1002 1432 πολεμῆσαι
1044 1361 1268 1416 δύναται
1301 1362 1380 1432 τῷ
1419 1362 1577 1430 λόγον
1616 1364 1712 1416 καὶ⁵
1741 1362 1895 1427 τάξιν

320 1449 528 1518 ἒχοντι;
563 1449 599 1517 ἦ
645 1449 741 1502 καὶ
768 1450 1082 1520 πολεμοῦσα
1108 1452 1549 1523 ὲπικρατεστέρα
1578 1452 1891 1522 γενήσεται,

321 1539 462 1592 ὥστε
500 1541 743 1610 ἁρπάσαι
784 1559 837 1593 τι
882 1544 1032 1613 παρὰ
1059 1543 1151 1596 τοῦ
1188 1543 1374 1611 σοφοῦ,
1411 1545 1503 1597 καὶ
1536 1544 1611 1615 μὴ
1640 1545 1895 1615 ἁρπαγῆ-

322 1647 441 1694 ναι;
482 1630 543 1682 El
569 1630 626 1683 δὲ
651 1633 679 1683 6
707 1633 913 1700 ἀγαθὸς
944 1632 1288 1704 συνεχώρησε
1324 1634 1488 1704 μέρος
1513 1634 1679 1688 αὑτοῦ
1709 1636 1893 1705 ἁρπα-

323 1692 511 1788 γῆναι,
541 1720 629 1773 διὰ
656 1720 716 1772 τὸ
742 1692 984 1791 έπισίεῖν
1009 1692 1177 1794 αὐτὴν
1203 1692 1297 1776 τοῦ
1436 1692 1699 1795 προϐῆναι
1728 1692 1806 1787 al;
1828 1724 1897 1778 τὰ
1928 1692 1969 1747 Β

325 1809 518 1862 ἑαυτοῦ
568 1809 712 1881 ὅρια,
745 1811 806 1863 οὐ
852 1810 1137 1882 δυνηθείς·
1188 1813 1304 1865 ἀλλ’
1338 1814 1683 1884 ἰσχυρότερος
1721 1816 1749 1866 6
1800 1831 1896 1866 πο-

324 1902 508 1970 νηρὸς,
535 1904 626 1954 καὶ
656 1902 976 1967 δολοπλόκος
999 1904 1028 1955 ό
1062 1904 1284 1971 ἀγαθός.
1322 1906 1431 1959 Καὶ
1469 1905 1586 1968 πῶς
1631 1905 1835 1974 ἀγαθὸς
1868 1905 1897 1957 6

326 1990 457 2055 Θεὸς
480 1990 523 2060 ί,
563 1994 719 2065 δόλῳ,
760 1996 855 2049 καὶ
882 1994 958 2066 μὴ
988 1995 1216 2066 δυνάμει
1246 1994 1557 2067 χρώμενος;
1656 2056 1663 2065 ,

397 2256 471 2309 Τὸ
522 2256 608 2311 ἀεὶ
653 2255 915 2321 ὡσαύτως
962 2256 1104 2327 ἕχον,
1137 2257 1368 2327 ἀλήθειά
1392 2258 1541 2312 ἐστιν
1565 2274 1578 2287 ⁸
1608 2261 1641 2330 ἡ
1674 2258 1731 2312 δὲ
1762 2260 1895 2330 ἀλή-

327 2352 447 2405 θεια
480 2351 682 2420 ἀγαθόν
704 2368 717 2382 ³
749 2351 809 2404 τὸ
858 2351 915 2404 δὲ
966 2353 1219 2420 ἄναρχον,
1250 2350 1543 2422 ἄτρεπτον.
1578 2352 1640 2404 El
1680 2348 1773 2405 οῦν
1799 2353 1896 2405 ἄν-

326 2462 493 2515 αρχος
539 2446 571 2514 ἡ
620 2444 741 2515 ὕλη,
780 2443 871 2497 καὶ
912 2444 1179 2513 ἄτρεπτος
1224 2443 1413 2496 ἔσται·
1443 2444 1491 2495 εί
1521 2444 1578 2495 δὲ
1608 2445 1894 2515 ἄτρεπτος,

325 2537 413 2587 ἀεὶ
460 2536 720 2598 ὡσαύτως
763 2535 989 2606 ἔχουσα*
1042 2538 1089 2587 εἰ
1127 2535 1183 2587 δὲ
1229 2534 1319 2588 ἀεὶ
1362 2534 1625 2598 ὡσαύτως
1675 2536 1894 2606 ἔχουσα,

326 2626 552 2697 ἀλήθειά
578 2628 725 2678 ἐστιν
746 2644 759 2656 ·
792 2627 843 2678 εί
871 2626 928 2679 δὲ
961 2626 1193 2696 ἀλήθειά
1231 2629 1401 2691 ἐστιν,
1434 2627 1637 2695 ἀγαθὸν
1668 2628 1842 2684 ἔσται.

403 2886 466 2938 El
492 2885 548 2937 δὲ
576 2883 831 2955 τρέπεται
862 2882 895 2952 ἡ
922 2880 1044 2951 ὕλη,
1075 2881 1134 2944 ἐξ
1163 2882 1368 2950 ἀγαθοῦ
1394 2883 1660 2952 τρέπεται
1688 2886 1767 2946 εἰς
1798 2901 1899 2936 κα-

331 2978 446 3039 κὸν,
480 2976 572 3029 καὶ
602 2973 865 3045 πρότερον
903 2969 1037 3025 οῦσα
1066 2974 1266 3043 ἀγαθὴ,
1296 2974 1521 3043 ὕστερον
1551 2975 1764 3041 ἐγένετο
1791 2992 1893 3026 xor--

330 3069 403 3138 κή
424 3084 438 3097 °
471 3067 503 3137 ἦ
534 3068 597 3119 ἐκ
630 3063 800 3119 κακοῦ
835 3066 915 3125 εἰς
942 3063 1165 3131 ἀγαθὸν,
1205 3065 1299 3116 καὶ
1332 3065 1595 3135 πρότερον
1631 3060 1763 3116 οὖσα
1795 3081 1894 3117 κα-

304 3160 422 3231 κὴ,
452 3158 675 3229 ὕστερον
705 3154 917 3224 ἐγένετο
944 3154 1124 3225 ἀγαθή
1149 3172 1163 3187 ο
1206 3156 1240 3226 ἡ
1274 3156 1381 3226 γάρ
1423 3157 1593 3227 τροπὴ
1623 3157 1701 3219 είς
1727 3155 1788 3209 τὸ
1813 3156 1899 3210 ὲν-

330 3250 512 3304 αντίον
550 3250 695 3318 ἄγει.

410 3342 474 3394 Ἦ
519 3340 686 3404 ἀΐδιος
732 3341 910 3404 οὐσία,
943 3338 1212 3411 ἄτρεπτός
1238 3339 1421 3391 ἐστιν·
1460 3337 1520 3391 ού
1556 3337 1664 3407 γὰρ
1704 3338 1769 3390 ὲκ
1819 3337 1896 3407 μὴ

335 3432 479 3494 ὄντος
506 3428 664 3503 ἦλθεν
696 3432 777 3494 εἰς
806 3430 867 3484 τὸ
895 3426 1033 3483 εἶναι
1058 3446 1071 3458 ·
1104 3429 1225 3482 οὐδὲ
1252 3431 1286 3499 η
1323 3428 1555 3499 ὕπαρξις
1600 3430 1666 3481 ἐκ
1697 3444 1900 3499 προκο-

333 3524 439 3592 πῆς
460 3541 473 3555 ο
509 3524 774 3593 ἄτρεπτος
817 3522 926 3594 γὰρ
953 3525 986 3593 ἠ
1016 3520 1203 3574 οὐσίαο
1235 3519 1439 3587 ἀγαθὸς
1468 3514 1559 3572 οῦν
1584 3520 1612 3570 6
1645 3518 1776 3581 Θεὸς
1804 3517 1898 3570 καὶ

332 3615 521 3677 ἀῖδιος,
547 3615 645 3683 οὐχ
690 3614 946 3681 ὑπέμεινε
978 3612 1207 3682 τροπὴν,
1250 3609 1364 3663 ἀλλ’
1391 3610 1477 3662 ἀεὶ
1514 3609 1715 3676 ἀγαθός
1740 3610 1895 3659 ἐστι’

332 3708 424 3759 καὶ
453 3705 501 3758 ἃ.
520 3706 574 3758 δὲ
619 3708 764 3757 ποιεῖ
790 3704 970 3772 ἀγαθά
999 3707 1173 3756 ἐστιν·
1207 3704 1270 3755 ὲκ
1299 3701 1405 3771 γὰρ
1437 3699 1531 3753 τοῦ
1561 3698 1765 3765 ἀγαθοῦ
1799 3697 1900 3750 οὐκ

332 3800 564 3871 ἐγχωρεί
592 3797 738 3851 κακά
768 3797 1044 3865 γίνεσθαι·
1073 3796 1223 3864 ὅμως
1268 3792 1324 3845 δὲ
1361 3790 1591 3862 τρεπτὰ,
1610 3788 1808 3858 ἐπειδὴ
1836 3789 1900 3840 ὲκ

332 3891 425 3945 τοῦ
462 3892 536 3962 μὴ
572 3891 724 3953 ὄντος
757 3893 837 3953 είς
877 3890 937 3941 τὸ
971 3884 1110 3942 εἶναι
1139 3887 1400 3957 παράγει.
1433 3884 1515 3936 Τὰ
1542 3882 1635 3935 οῦν
1681 3880 1898 3945 λογικὰ,

332 3984 557 4037 δεκτικά
592 3983 688 4053 μέν
733 3984 850 4034 ἐστι
896 3981 1126 4053 τροπῆς,
1160 3978 1247 4031 διὰ
1275 3977 1373 4046 τὴν
1405 3975 1469 4028 ὲκ
1499 3973 1594 4026 τοῦ
1642 3974 1717 4043 μὴ
1749 3971 1902 4032 ὄντος

333 4077 415 4136 εἰς
439 4074 499 4127 τὸ
527 4068 664 4126 εἶναι
694 4070 1055 4143 παραγωγὴν,
1085 4069 1199 4123 ἀλλ’
1232 4065 1574 4129 αὐτεξούσια,
1604 4065 1693 4118 διὰ
1722 4061 1783 4115 τὸ
1811 4062 1900 4113 λο-

332 4166 464 4234 γικὰ
513 4159 672 4217 εἶναι.
724 4161 1056 4226 Αύτεξούσια
1095 4160 1149 4212 δὲ
1193 4158 1374 4229 μένειν
1397 4197 1411 4222 ,
1448 4155 1629 4217 καθὼς
1664 4154 1852 4222 γέγονε
1882 4190 1899 4218 ,

331 4257 612 4310 τουτέστιν
655 4255 854 4323 ἀγαθὰ,
889 4254 1070 4316 δοῦλα,
1105 4253 1199 4305 καὶ
1248 4249 1622 4319 ἐπιγνώμονα,
1658 4246 1753 4301 καὶ
1800 4245 1903 4299 ὑπ-

2000 452 2214 505 ratione
2245 451 2610 505 movebatur?
2662 452 2707 505 si
2748 463 2932 507 autem
2964 457 3029 509 ad
3086 460 3168 512 sui
3208 461 3379 529 ipsius
3436 476 3567 513 con-

1999 543 2367 610 Sumptionem
2407 544 2813 611 impellebatur,
2880 551 3283 611 quonammodo
3310 552 3375 607 ad
3428 553 3565 606 lucis

2000 632 2134 687 ﬁnes
2160 648 2218 686 se
2246 633 2524 686 contulit?

2068 725 2211 789 Quin
2246 726 2433 789 etiam,
2470 725 2514 780 si
2547 726 2804 783 deorsum
2840 726 3019 782 fertur
3056 732 3309 795 materia,
3343 743 3567 789 natura-

1998 818 2178 889 lisque
2205 821 2379 890 ipsius
2408 821 2583 885 locus,
2619 820 2907 877 inferiores
2930 838 2993 877 ac
3025 824 3428 881 tenebrosiores
3456 847 3566 897 par-

1998 924 2081 965 tes
2121 918 2270 976 sunt,
2313 926 2550 980 quonam
2598 921 2784 981 pacto,
2833 928 2956 966 cum
2989 913 3056 967 ad
3118 916 3255 970 lucis
3292 918 3564 986 regionem

1998 1002 2267 1072 pervenit,
2304 1018 2333 1056 a
2362 1013 2577 1056 suamet
2602 1011 2802 1056 natura
2841 1006 3119 1059 excessit?

2069 1092 2374 1147 Praeterea:
2414 1107 2537 1147 cum
2571 1093 2813 1148 tenebrae
2845 1109 3001 1148 czecze
3032 1095 3165 1160 sint,
3197 1098 3290 1166 qui
3324 1096 3437 1152 fieri
3475 1116 3571 1169 po-

1996 1180 2122 1240 tuit,
2155 1191 2215 1233 ut
2252 1181 2428 1235 lucem
2453 1181 2786 1235 cernerent?

2066 1272 2147 1325 Ad
2179 1272 2293 1325 haec
2318 1290 2332 1327 :
2361 1272 2407 1325 si
2445 1272 2659 1325 ordinis
2701 1287 2763 1326 ac
2792 1273 2994 1327 mentis
3022 1287 3219 1342 expers
3271 1286 3353 1330 est
3400 1290 3573 1332 male-

1999 1363 2100 1427 ria,
2135 1363 2413 1431 quomodo
2445 1364 2726 1432 principes
2766 1363 2977 1419 habet?
3010 1366 3283 1433 quomodo
3327 1356 3589 1438 pugnare-

1995 1452 2517 1524 potestmcum
2570 1453 2661 1507 illo
2692 1453 2838 1523 quod
2890 1456 3101 1508 ratione
3160 1466 3325 1525 alque
3380 1462 3571 1513 ordine

1995 1544 2285 1612 praeditum
2322 1543 2446 1597 est?
2498 1544 2605 1596 Aut
2652 1543 2816 1597 etiam
2872 1544 3168 1613 pugnando
3219 1562 3394 1616 usque
3437 1551 3569 1602 adeo

2000 1634 2256 1704 superior
2287 1644 2395 1697 est,
2426 1642 2487 1688 ut
2520 1634 2757 1703 sapienti
2794 1635 3002 1703 aliquid
3048 1636 3270 1705 eripiat,
3314 1654 3415 1692 nec
3468 1640 3569 1706 ipsi

2000 1723 2219 1778 interim
2255 1724 2555 1793 quidquam
2582 1723 2875 1777 adimatur.
2909 1724 3063 1789 Quod
3114 1728 3158 1779 si
3208 1728 3384 1782 bonus
3433 1729 3571 1785 Deus

1997 1831 2061 1870 ea
2095 1816 2301 1869 ratione
2333 1822 2539 1883 partem
2569 1815 2669 1896 sibi
2712 1813 2919 1869 auferri
2966 1831 3164 1884 passus
3195 1827 3299 1881 est,
3356 1828 3412 1871 ιιι
3450 1834 3569 1873 eam

1997 1906 2241 1974 regionis
2268 1921 2382 1960 sua:
2413 1905 2562 1958 aditu
2595 1906 2931 1974 prohiberet,
2996 1908 3290 1961 imbecillis
3326 1910 3571 1978 profecto

1997 1997 2136 2049 fuit:
2173 1997 2428 2066 quinimo
2452 1997 2629 2051 malus
2664 1999 2887 2067 quidem
2922 1998 3125 2051 robore
3162 2008 3407 2067 praestat,
3466 2001 3569 2054 bo-

1997 2101 2102 2141 nus
2131 2096 2314 2140 autem
2349 2088 2507 2141 dolos
2534 2087 2726 2141 nectit.
2772 2086 2879 2152 Qui
2913 2102 3078 2155 porro
3112 2089 3195 2142 vel
3254 2089 3453 2155 bonus,
3487 2092 3569 2145 vel

1998 2174 2144 2231 Deus
2175 2192 2298 2232 esse
2328 2185 2514 2247 queat,
2549 2178 2643 2247 qui
2674 2178 2821 2241 dolo,
2854 2192 2963 2230 non
3007 2178 3217 2232 viribus
3252 2181 3468 2234 utitur?

2067 2264 2209 2332 Jam,
2240 2266 2388 2334 quod
2418 2282 2634 2335 semper
2665 2268 2855 2322 eodem
2898 2268 3060 2321 modo
3113 2284 3172 2323 se
3225 2271 3409 2332 habet,
3464 2269 3571 2325 hoc

1996 2358 2204 2413 veritas
2235 2370 2319 2413 est
2348 2376 2363 2411 :
2403 2359 2603 2414 veritas
2626 2367 2805 2413 autem
2837 2359 3038 2413 bonum
3067 2367 3171 2413 est.
3197 2359 3353 2425 Quod
3388 2369 3568 2414 autem

1999 2451 2256 2519 principii
2293 2464 2492 2519 eXpers
2518 2459 2624 2513 est,
2686 2451 2892 2504 nullam
2941 2450 3137 2518 recipit
3184 2452 3566 2505 mutationem.

1998 2539 2272 2605 Quocirca
2310 2540 2355 2594 si
2412 2542 2643 2595 materia
2694 2541 2966 2611 principio
3019 2548 3192 2602 caret,
3246 2541 3571 2595 mutationis

1997 2646 2218 2700 quoque
2250 2645 2448 2700 expers
2473 2632 2596 2684 erit.
2637 2629 2693 2683 Si
2722 2640 2806 2684 est
2830 2631 3154 2683 mutationis
3184 2644 3398 2698 expers,
3428 2645 3571 2682 sem-

1997 2735 2095 2789 per
2133 2719 2326 2774 eodem
2352 2720 2516 2773 modo
2558 2735 2616 2772 se
2653 2720 2836 2772 habet.
2870 2717 2927 2771 Si
2959 2732 3177 2785 semper
3192 2717 3382 2770 eodem
3407 2719 3573 2770 modo

1999 2826 2059 2866 se
2087 2811 2270 2873 habet,
2303 2811 2509 2863 veritas
2538 2818 2643 2862 est.
2682 2808 2741 2860 Si
2772 2806 2998 2869 veritas,
3029 2821 3159 2875 ergo
3186 2806 3407 2858 bonum.

2073 2899 2299 2960 Contra,
2358 2899 2405 2953 si
2447 2897 2680 2951 mutatio
2726 2898 2779 2949 in
2826 2896 3112 2949 materiam
3164 2894 3330 2958 cadit,
3377 2893 3461 2947 vel
3503 2908 3567 2947 ex

1996 2991 2144 3046 bono
2176 2990 2229 3042 in
2268 2990 2467 3041 malum
2494 2987 2744 3051 vertitur,
2769 3001 3006 3054 cumque
3028 2986 3182 3055 prius
3217 2986 3363 3037 bona
3396 2993 3566 3045 esset,

1998 3082 2140 3135 mala
2176 3080 2401 3148 posthac
2428 3078 2619 3132 effecta
2650 3089 2735 3130 est
2763 3091 2784 3139 ;
2814 3077 2895 3131 vel
2930 3091 2992 3130 ex
3043 3076 3182 3128 mala
3232 3075 3286 3127 in
3321 3074 3521 3127 bonam
3552 3090 3568 3137 ;

1998 3183 2204 3227 etcum
2242 3180 2364 3224 ante
2415 3169 2560 3222 mala
2593 3176 2763 3233 esset,
2815 3177 3002 3236 postea
3052 3166 3194 3219 bona
3252 3164 3397 3218 facta
3457 3172 3564 3220 est.

1999 3261 2231 3316 Mutatio
2261 3261 2405 3315 enim
2439 3260 2492 3313 in
2521 3260 2864 3313 contrarium
2896 3257 3072 3312 ducit.

2073 3350 2420 3420 Sempiterna
2452 3347 2763 3403 substantia
2791 3345 2991 3398 mutari
3016 3341 3226 3411 nequit.
3247 3341 3400 3395 Hand
3426 3340 3570 3395 enim

1999 3456 2067 3496 ex
2094 3439 2270 3493 nihilo
2314 3438 2381 3491 ad
2442 3437 2546 3491 hoc
2597 3445 2655 3489 ut
2706 3442 2887 3490 exstet
2935 3433 3202 3503 perducta
3251 3441 3356 3486 est.
3402 3430 3571 3499 Cujus

1999 3545 2165 3601 porro
2199 3530 2281 3584 rei
2325 3529 2651 3584 exsistentia
2701 3543 2766 3583 ex
2814 3542 3109 3597 progressu
3157 3542 3266 3580 non
3296 3534 3399 3587 est,
3439 3526 3573 3579 sub-

2001 3620 2203 3675 stantia
2227 3626 2309 3672 est
2338 3618 2719 3671 immutabilis.
2745 3616 3018 3680 Quocirca
3042 3616 3210 3681 Deus,
3238 3631 3363 3669 cum
3393 3616 3572 3668 bonus

2001 3716 2057 3763 et
2091 3708 2468 3776 sempiternus
2492 3708 2584 3769 sit,
2608 3706 2895 3759 mutabilis
2918 3721 3027 3759 non
3056 3712 3175 3759 est:
3208 3720 3396 3758 verum
3429 3718 3571 3757 sem-

2001 3813 2101 3868 per
2128 3798 2306 3851 bonus
2336 3805 2443 3859 est,
2473 3803 2528 3849 et
2561 3810 2625 3848 ea
2659 3810 2779 3864 qua!
2817 3794 2971 3855 facit,
3025 3794 3167 3847 bona
3201 3801 3347 3848 sunt.
3383 3792 3572 3863 Neque

2002 3890 2147 3944 enim
2182 3887 2295 3942 ﬁeri
2332 3892 2530 3955 potest,
2561 3893 2622 3938 ut
2655 3900 2720 3938 ex
2751 3885 2896 3939 bono
2925 3884 3069 3939 mala
3105 3886 3396 3948 exsistant,
3430 3892 3567 3937 tam-

2003 3981 2107 4036 etsi
2136 3995 2198 4034 ea
2231 3977 2452 4043 efﬁciat,
2487 3991 2611 4045 quae
2656 3974 2946 4029 mutationi
2992 3974 3213 4029 subsint
3259 3992 3273 4026 :
3326 3990 3392 4028 eo
3422 3974 3567 4043 quod

2002 4072 2260 4127 videlicet
2292 4084 2379 4124 res
2415 4083 2481 4123 ex
2507 4067 2682 4121 nihilo
2721 4065 2789 4119 ad
2819 4065 2873 4119 id
2910 4073 2972 4118 ut
3018 4073 3237 4119 exstent
3279 4065 3566 4132 producat.

2002 4161 2125 4227 Quo
2158 4160 2215 4214 ﬁt
2240 4166 2298 4213 ut
2321 4172 2409 4218 ea,
2438 4172 2562 4223 qua
2598 4156 2815 4210 ratione
2843 4162 3099 4217 utuntur,
3123 4154 3413 4207 mutationi
3443 4153 3569 4223 qui-

2006 4250 2129 4304 dem
2169 4246 2520 4317 subiaceant,
2549 4245 2676 4314 quia
2704 4259 2770 4299 ex
2802 4244 2978 4296 nihilo
3012 4242 3229 4296 condita
3263 4250 3432 4306 sunt;
3469 4254 3572 4293 ca:-

334 4352 476 4421 ήκοα
521 4347 616 4402 τοῦ
664 4346 1043 4416 πεποιηκότος,
1074 4346 1211 4414 ὅπερ
1261 4344 1377 4396 ἐστὶ
1420 4345 1486 4411 τῇ
1518 4341 1710 4410 κτιστῇ
1740 4338 1896 4408 φύσει

2010 4348 2187 4395 terum
2248 4337 2465 4390 arbitrii
2514 4335 2601 4390 sui
2656 4334 2799 4407 sint,
2874 4334 3002 4402 quia
3053 4333 3265 4387 ratione
3319 4341 3569 4384 utuntur.

333 4442 501 4514 ἀρετή
524 4457 537 4471 '
578 4438 744 4511 ἀρετὴ
784 4442 890 4508 γάρ
919 4440 1053 4500 ἐστι,
1081 4437 1143 4489 τὸ
1179 4436 1363 4505 μένειν
1390 4436 1445 4486 ὲν
1476 4435 1588 4497 τοῖς
1617 4433 1764 4502 ὅροις
1801 4430 1902 4500 τῆς

335 4537 540 4597 οἰκείας
571 4535 802 4601 φύσεως.
833 4529 1201 4595 Αὑτεξουσίως
1230 4523 1321 4580 οὖν
1352 4526 1562 4596 ἐτράπη
1588 4528 1615 4579 6
1636 4522 1901 4587 διάϐολος,

340 4629 575 4698 μεγάλου
630 4624 994 4695 ἐπιθυμήσας,
1031 4621 1091 4672 οὐ
1136 4619 1314 4681 καλῶς
1360 4617 1442 4671 δέ·
1499 4618 1640 4687 μέγα
1688 4615 1795 4686 γὰρ
1845 4614 1905 4667 τὸ

338 4719 476 4774 εἶναι
504 4718 657 4783 Θεὸν,
688 4715 821 4769 ἀλλά
845 4715 1003 4769 κακὸν
1048 4712 1123 4781 τῷ
1163 4712 1237 4781 μὴ
1261 4710 1374 4763 ὄντι
1403 4709 1541 4779 Θεῷ,
1568 4709 1905 4776 ἀγνωμονεῖν

337 4813 427 4865 τὸν
466 4810 787 4880 ποιήσαντα,
827 4806 921 4858 καὶ
946 4802 1290 4873 ὑπερϐαίνειν
1336 4800 1433 4865 τὴν
1479 4799 1683 4851 οἰκείαν
1722 4797 1902 4866 φύσιν,

338 4902 435 4954 καὶ
470 4900 644 4952 θέλειν
688 4893 848 4961 εἶναι,
873 4896 899 4946 ὃ
927 4892 1176 4960 γενέσθαι
1199 4890 1486 4945 ἀδύνατον
1514 4886 1773 4941 ἀδύνατον
1796 4886 1904 4956 γὰρ

337 4996 427 5047 τὸν
478 4992 552 5063 μὴ
592 4991 844 5061 ἄναρχον,
871 4984 1007 5039 εἶναι
1050 4985 1201 5048 Θεὸν,
1244 4984 1277 5054 ἢ
1319 4982 1409 5035 τὸν
1446 4980 1742 5051 ἠργμένον,
1765 4974 1905 5030 εἶναι

338 5087 575 5156 ἄναρχον
596 5098 609 5112 ⁸
639 5084 761 5151 ἄγει
784 5077 876 5134 οὖν
898 5080 1005 5133 τῶν
1030 5079 1197 5131 ὄντων
1227 5075 1325 5147 τὴν
1348 5073 1623 5144 στέρησιν,
1647 5075 1679 5141 ἠ
1705 5070 1799 5125 τοῦ
1831 5070 1906 5141 μὴ

342 5181 711 5249 προσήκοντος
738 5173 1026 5243 στέρῤησις
1051 5171 1096 5223 ε.

2008 4431 2180 4485 Porro
2218 4427 2362 4499 quod
2385 4443 2449 4483 ea
2478 4442 2600 4497 quae
2627 4434 2755 4481 sunt
2787 4424 3003 4478 arbitrii
3038 4424 3294 4479 libertate
3323 4422 3569 4492 praedita,

2010 4523 2091 4578 sic
2120 4527 2400 4582 maneant,
2433 4516 2896 4587 quemadmodum
2926 4524 3110 4569 creata
3138 4513 3313 4580 fuere,
3356 4514 3457 4566 hoc
3489 4522 3573 4566 est

2009 4614 2178 4676 bona,
2210 4626 2392 4675 serva,
2425 4611 2565 4681 grati
2592 4610 2786 4674 animi,
2807 4624 2871 4663 ac
2897 4609 2945 4661 ei
2971 4608 3223 4676 subjecta
3254 4621 3281 4657 a
3304 4621 3412 4674 quo
3441 4619 3571 4657 con-

2010 4705 2125 4757 dita
2145 4713 2295 4766 sunt,
2316 4702 2422 4755 hoc
2443 4701 2661 4754 demum
2683 4707 2881 4753 creatae
2909 4706 3115 4751 naturae
3139 4696 3316 4749 virtus
3334 4693 3571 4748 exsistit.

2011 4794 2199 4848 Virtus
2224 4806 2460 4861 namque
2490 4800 2592 4854 est,
2624 4798 2842 4843 naturae
2888 4804 3002 4843 sure
3046 4788 3244 4841 ﬁnibus
3292 4801 3351 4840 se
3400 4783 3560 4838 conti.

2012 4900 2166 4939 nere.
2198 4885 2274 4937 Ac
2315 4882 2547 4952 proinde
2580 4882 2752 4936 libera
2776 4881 3059 4934 voluntate
3098 4878 3352 4932 diabolus
3393 4885 3576 4928 mnta-

2015 4986 2104 5032 tus
2133 4984 2234 5041 est,
2272 4974 2399 5028 dum
2441 4987 2694 5044 magnam
2735 4971 2954 5041 quidem
2986 4985 3123 5034 rem,
3154 4968 3247 5023 sed
3287 4983 3394 5020 non
3432 4972 3575 5019 recte

2015 5066 2351 5135 concupivit.
2398 5063 2653 5134 Magnum
2700 5063 2846 5117 enim
2894 5071 2980 5116 est
3037 5060 3205 5115 Deum
3267 5074 3427 5113 esse:
3482 5057 3575 5110 sed

2012 5158 2214 5213 malum
2238 5157 2309 5217 ei,
2346 5156 2440 5224 qui
2467 5154 2609 5209 Deus
2652 5168 2761 5207 non
2805 5154 2899 5222 sit,
2950 5153 3222 5216 ingratum
3259 5165 3317 5204 se
3357 5163 3419 5201 ac
3449 5161 3577 5217 per-

352 5277 511 5329 tidum
546 5270 743 5326 factori
776 5283 876 5323 suo
901 5268 1162 5337 praebere,
1194 5270 1562 5330 naturamque
1612 5274 1767 5314 suam
1819 5252 2109 5318 excedere,
2176 5250 2413 5306 volendo
2479 5249 2529 5302 id
2573 5262 2700 5302 esse
2748 5246 2893 5316 quod
2944 5246 3057 5299 tieri
3109 5246 3317 5312 nequit.
3391 5241 3576 5310 Neque

1648 5343 1881 5401 γΑΒιΑῑι
1925 5339 2332 5395 LECTIONES.

421 5455 440 5494 τ
476 5456 529 5508 I-n
562 5453 727 5508 Basil.
765 5450 980 5520 legitur,
1012 5450 1044 5519 ἢ

1075 5446 1226 5509 Θεὸς.
1250 5442 1612 5499 Leunclavins
1648 5433 2050 5509 emendandum
2089 5434 2387 5509 arbitratur
2415 5431 2442 5481 6
2471 5428 2621 5509 Θεὸς,
2651 5428 2766 5509 nisi
2797 5426 3227 5509 [orte’scriptum
3269 5422 3449 5509 fuqrit,
3488 5420 3575 5509 εξη

344 5492 551 5586 Θεόςῗϊ
568 5492 1816 5584 στέρῤησις.
1850 5504 1907 5585 In
1942 5501 2159 5586 Regaet
2190 5499 2330 5586 apud
2364 5498 2589 5586 I‘JFUJIICI.
2631 5501 2781 5586 deest
2809 5492 3138 5586 éRtBﬁxtnldt;
3176 5514 3186 5548 :
3217 5493 3311 5547 sed
3345 5492 3570 5586 Leuncl.

347 5563 1561 5662 Yahrgi‘iie'iég'éhiiBﬁi'dibﬁéi,‘Séipﬁéng,
1586 5563 1708 5646 (itas
1733 5563 1969 5662 genuina
2005 5563 2165 5628 [Eclio
2194 5563 2298 5638 est,
2344 5568 2593 5625 alludens
2638 5568 2702 5621 ad
2736 5581 2935 5621 nomen
2972 5563 3406 5636 στέρησις,(ιιιοι1
3438 5576 3550 5632 prae

348 5653 588 5719 cesserth
621 5678 634 5713 :
669 5653 859 5718 omnes
895 5659 1222 5726 interpretes
1248 5660 1531 5723 appetitum
1578 5653 1900 5718 posuerunt.
