3930 6206
331 204 351 261 1
369 199 470 261 539

1487 177 1548 238 S.
1571 176 1891 238 JOANNIS
1931 171 2360 234 DAMASCENI

3457 157 3596 221 1540

331 310 476 362 enim
531 305 648 359 ﬁeri
698 304 902 370 potest,
937 301 996 350 ut
1038 292 1132 364 qui
1175 296 1300 345 ortu
1335 302 1445 343 non
1502 297 1712 353 careat,
1765 288 1907 341 Deus
1943 286 2014 341 sit
2045 303 2058 338 :
2090 294 2182 337 aut
2214 283 2306 352 qui
2337 281 2552 336 initium
2585 279 2796 343 habuit,
2840 279 2985 333 initii
3053 293 3254 349 expers
3319 277 3437 333 fiat.
3495 280 3593 332 At-

336 399 433 468 qui
463 399 568 452 boc
591 394 751 448 all‘crt
772 389 1038 460 appetitio
1075 385 1178 449 rei,
1203 399 1325 454 qua:
1353 383 1578 436 minime
1603 381 1915 443 conveniat,
1961 388 2020 433 ut
2054 380 2122 432 iis
2145 379 2310 432 etiam
2344 377 2548 445 quibus
2581 373 2793 444 praediti
2833 389 3048 438 sumus,
3082 374 3406 442 spoliemur.

405 487 496 542 δε.
588 481 755 537 MAN.

337 577 548 634 OR'l‘ll.
590 575 768 647 Ipsius
796 573 854 627 in
887 577 1192 626 creatorem
1222 564 1551 638 perduellio.
1595 563 1740 617 Deus
1761 563 1907 617 enim

847 477 1110 546 Quasnam
1200 483 1285 530 est
1363 473 1565 528 diaboli
1657 472 1940 533 malitia?

2079 470 2179 522 λό’.
2221 469 2391 522 ΜΔΝ.
2435 469 2531 530 Τίς
2571 469 2604 537 ἡ
2648 466 2818 520 κακία
2859 465 2956 518 τοῦ
2979 465 3259 530 διαϐόλους
3336 463 3491 517 ΟΡΘ.
3528 464 3597 517 Ἦ

2012 561 2152 615 κατά
2172 561 2265 614 τοῦ
2287 561 2610 631 ποιήσαντος
2637 559 3028 619 ἐπανάστασις.
3052 557 3294 609 Δὲδωκεν
3327 551 3421 608 οὗν
3449 555 3600 624 αὐτῷ

341 669 444 740 ipsi
461 645 630 732 dedit,
650 672 711 720 ut
731 669 902 726 esset,
945 670 1059 715 tum
1084 674 1152 713 ne
1168 660 1312 713 servi
1333 654 1696 710 defectionem
1721 656 1912 707 timere

2063 653 2195 716 Θεὸς
2213 653 2274 706 τὸ
2293 648 2452 714 εἶναι,
2477 652 2566 704 ἵνα
2588 667 2646 704 τε
2675 649 2750 720 μὴ
2772 647 2899 718 δόξῃ
2923 647 3208 716 φοϐεῖσθαι
3237 647 3340 716 τὴν
3359 645 3453 698 τοῦ
3478 646 3599 697 δού-

339 759 640 819 videretur,
683 763 799 808 tum
837 761 898 807 ut
933 765 1034 804 nos
1069 747 1295 802 doceret
1333 745 1506 800 malos
1537 745 1700 799 etiam
1750 743 1914 798 bene-

345 846 482 901 liciis
533 842 769 898 allicere.
808 839 929 893 Non
984 837 1160 892 solum
1209 837 1355 890 enim
1418 834 1599 904 ipsum
1649 830 1912 894 condidit,

346 936 444 993 sed
472 936 638 989 etiam
672 930 859 985 mundi
895 927 1200 999 principem
1239 925 1391 980 fecit.
1441 923 1586 990 Quin
1643 923 1821 992 ipsum
1850 922 1915 984 “,

349 1027 393 1082 si
427 1028 604 1080 bonus
642 1037 767 1077 esse
803 1021 986 1084 vellet,
1013 1025 1372 1085 excepturus,
1400 1013 1796 1082 beneﬁciisque
1822 1026 1902 1064 au-

353 1128 543 1174 cturus
566 1121 732 1169 esset.
759 1111 1032 1178 Quocirca
1068 1122 1168 1162 nec
1203 1123 1352 1170 etttn,
1379 1122 1503 1174 cum
1534 1120 1564 1159 e
1599 1105 1780 1158 medio
1816 1103 1920 1154 tol-

353 1211 470 1264 lere
499 1213 710 1277 posset,
751 1201 1026 1266 sustulit;
1061 1201 1154 1254 sed
1188 1199 1309 1268 ejus
1334 1196 1666 1251 dementiam
1703 1195 1920 1256 tolerat,

345 1301 589 1368 'bcnigne
645 1307 698 1351 ct
722 1295 942 1364 largiter
967 1293 1016 1347 ei
1042 1291 1296 1367 prabens
1320 1298 1378 1342 ut
1402 1289 1473 1342 sit
1501 1305 1514 1353 ;
1541 1286 1684 1356 quod
1706 1285 1922 1356 quidem

357 1393 477 1461 ipse
506 1390 658 1444 solus
688 1394 952 1457 praestare
975 1391 1179 1452 potest.
1211 1380 1277 1435 Ut
1307 1389 1490 1434 autem
1525 1378 1570 1432 is
1597 1377 1777 1431 battus
1805 1379 1920 1439 liat,

356 1500 468 1540 non
507 1481 599 1535 L‘ei
631 1480 806 1534 solius
839 1485 948 1539 est,
984 1475 1079 1530 sed
1117 1475 1289 1544 ipsius
1321 1487 1541 1541 quoque
1571 1484 1793 1540 Operam
1827 1469 1926 1522 de-

357 1575 582 1629 siderat;
612 1569 747 1624 Nam
780 1567 926 1637 quod
962 1580 1056 1636 per
1088 1566 1195 1619 vim
1231 1563 1485 1630 edicitur,
1517 1576 1619 1616 nec
1641 1560 1796 1625 boni,
1825 1577 1928 1614 nec

358 1661 584 1717 virtutis
615 1673 814 1712 nomen
845 1654 1173 1709 obtinuerit.

427 1749 590 1823 445
623 1749 708 1802 53.
761 1745 919 1813 Quod
951 1745 996 1800 si
1037 1758 1278 1814 quaeras,
1312 1741 1442 1812 quid
1485 1755 1671 1795 causa:
1706 1739 1778 1794 sit
1832 1753 1932 1794 cur

2013 744 2106 796 λου
2135 745 2525 806 ἐπανάστασιν,
2548 743 2642 795 καὶ
2665 742 2752 794 ἵνα
2785 740 2972 810 διδάξῃ
2995 740 3143 808 ἡμᾶς
3170 739 3266 793 καὶ
3301 738 3441 808 πρὸς
3472 737 3603 799 τοὺς

2015 837 2221 900 κακοὺς
2246 834 2610 906 εὑεργετικῶς
2631 832 2960 886 διακεῖσθαι.
2985 832 3062 883 υύ
3092 831 3254 899 μόνον
3275 830 3384 899 γὰρ
3408 830 3602 897 sto-Ir;-

2020 947 2110 982 σεν
2131 929 2314 991 αὐτὸν,
2343 927 2479 980 ἀλλά
2499 926 2594 978 καὶ
2615 927 2849 996 ἄρχοντα
2873 922 2966 975 τοῦ
2990 923 3202 991 κόσμου
3221 922 3482 990 ἐποίησεν
3505 921 3604 971 αῦ-

2019 1023 2132 1083 τὺν,
2160 1023 2252 1073 καὶ
2291 1021 2448 1089 εἴπερ
2487 1017 2692 1087 θελήσῃ
2728 1017 2932 1084 ἀγαθὸς
2966 1014 3481 1084 γενέσθαι,δέχεται
3511 1015 3608 1065 καὶ

2021 1114 2319 1183 εὐεργετεῖ.
2348 1112 2436 1163 Διὸ
2459 1111 2553 1163 καὶ
2573 1110 2871 1178 δυνάμενος
2895 1106 3109 1160 ἀνελεῖν
3134 1106 3316 1167 αὑτὸν,
3340 1107 3442 1158 οὐκ
3461 1106 3609 1156 ἀνεῖ-

2021 1206 2112 1257 λεν
2133 1221 2145 1232 θ
2174 1203 2285 1254 ἀλλ’
2310 1203 2559 1271 ἀνέχεται
2601 1199 2700 1268 τῆς
2733 1196 3047 1266 ἀφροσύνης
3089 1193 3277 1256 αὑτοῦ,
3321 1195 3611 1262 εὐεργετιο

2026 1295 2136 1356 κῶς
2158 1294 2250 1345 καὶ
2272 1291 2517 1360 ἀφθόνως
2553 1289 2613 1342 τὸ
2635 1287 2774 1341 εἶναι
2800 1287 3053 1358 παρέχων
3073 1285 3242 1354 αὐτῷ,
3283 1287 3424 1353 ὅπερ
3460 1282 3615 1335 ἐστὶν

2027 1383 2219 1438 αὐτοῦ’
2244 1383 2306 1435 τὸ
2343 1383 2399 1434 δὲ
2425 1381 2586 1434 καλὸν
2609 1379 2865 1448 γενέσθαι
2890 1379 3072 1441 αὐτὸν,
3101 1377 3162 1430 οὔ
3195 1376 3287 1430 τοῦ
3329 1374 3472 1428 Θεοῦ
3515 1375 3618 1444 μό-

2027 1493 2141 1537 νου,
2167 1473 2300 1526 ἀλλά
2323 1472 2414 1526 καὶ
2442 1469 2631 1524 αὑτοῦ.
2657 1471 2730 1524 T6
2754 1470 2863 1541 γὰρ
2895 1469 2985 1540 βία
3005 1469 3312 1538 γινόμενον,
3337 1469 3398 1521 οὐ
3419 1468 3616 1530 καλὸν,

2028 1564 2151 1617 οὐδὲ
2191 1564 2382 1633 ἀρετή.

2101 1741 2206 1810 λγ’.
2239 1741 2301 1793 Et
2320 1739 2376 1792 δὲ
2405 1738 2607 1806 λέγεις,
2630 1737 2713 1791 ὅτι
2736 1737 2826 1791 διά
2854 1735 2910 1789 τί
2940 1737 3125 1790 εἴασεν
3159 1734 3324 1789 αὑτὸν
3354 1734 3622 1802 πολεμεῖν

359 1841 507 1896 Deus
542 1839 617 1892 illi
648 1835 964 1908 permiserit
997 1834 1248 1888 homines
1281 1833 1646 1902 impugnare;
1687 1831 1791 1886 hoc
1845 1845 1935 1885 reo

2046 1834 2146 1896 τοῖς
2171 1829 2517 1903 ἀνθρώποιςς
2545 1828 2711 1899 φημὶ,
2733 1829 2816 1882 ὅτι
2845 1828 2983 1900 πρὸς
3003 1829 3065 1881 τὸ
3096 1828 3397 1898 συμφέρον.
3426 1827 3621 1880 Πολλοὶ

362 1924 658 2001 spondeo:
695 1927 825 1997 quia
881 1926 934 1980 id
1001 1924 1223 1980 utilitati
1273 1923 1516 1992 ipsorum
1567 1921 1932 1977 conducebat.

363 2021 516 2076 Multi
540 2001 741 2092 quippe
762 2019 883 2089 ejus
910 2031 1075 2088 opera
1099 2021 1462 2071 coronantur.
1486 2013 1645 2079 Quod
1669 2015 1714 2069 si
1739 2014 1938 2069 multos

365 2128 586 2184 quoque
632 2111 816 2180 perire
849 2108 1101 2174 dixeris;
1133 2107 1238 2160 hoc
1285 2121 1506 2160 rursum
1556 2104 1761 2169 dicam,
1791 2105 1939 2173 quod

365 2205 514 2260 sicut
548 2203 806 2257 diabolus
842 2201 996 2272 ipse,
1052 2198 1174 2254 sine
1210 2196 1450 2251 alterius
1481 2194 1793 2265 cujnspiatn
1833 2196 1939 2250 im-

364 2296 551 2367 pulsu,
583 2300 779 2362 suopte
807 2291 1042 2347 consilio
1073 2289 1254 2344 malus
1300 2287 1414 2342 ﬁeri
1454 2287 1670 2356 potuit;
1705 2287 1758 2340 id
1793 2285 1942 2356 quod

366 2387 546 2456 ipsius
569 2399 790 2454 quoque
829 2382 1038 2437 crimen
1083 2381 1328 2434 atrocius
1380 2379 1564 2433 reddit
1601 2395 1614 2430 :
1649 2379 1732 2433 sic
1775 2378 1942 2432 etiam

366 2479 558 2538 bonto,
602 2472 821 2529 tametsi
853 2473 1036 2526 nulltts
1075 2471 1294 2534 luisset,
1333 2471 1428 2540 qui
1469 2470 1651 2525 scelus
1678 2483 1943 2538 suggere-

2037 1924 2146 1994 γάρ
2195 1923 2264 1976 δι’
2293 1921 2474 1989 ,αὐτοῦ
2521 1919 2934 1988 στεφανοῦνται.
2972 1920 3037 1972 Et
3077 1919 3134 1972 δὲ
3164 1919 3368 1987 λέγεις,
3396 1920 3478 1972 ὅτι
3525 1919 3624 1971 καὶ

2038 2014 2224 2068 πολλοὶ
2257 2013 2622 2067 ἀπόλλυνται·
2657 2010 2822 2081 φημὶ,
2852 2011 2935 2064 ὅτι
2963 2010 3152 2080 ὥσπερ
3186 2010 3425 2079 ἠδυνήθη
3451 2010 3620 2074 αὐτὸς

2039 2108 2067 2158 6
2103 2104 2349 2167 διάϐολος
2394 2103 2550 2166 ἐκτὸς
2600 2101 2905 2174 προσϐολῆς
2944 2100 3106 2154 ἄλλου
3139 2099 3394 2168 γενέσθαι
3425 2101 3618 2163 κακὸς,

2041 2194 2102 2260 ἐξ
2137 2193 2343 2256 οἰκείας
2398 2191 2644 2261 γνώμης,
2692 2191 2830 2262 ὅπερ
2884 2190 2982 2245 καὶ
3037 2193 3218 2261 χεῖρον
3272 2189 3420 2260 αὐτῷ
3467 2193 3615 2243 ἐστιν

2041 2285 2314 2358 ἔγκλημα,
2339 2284 2511 2348 οὕτως
2535 2284 2767 2354 ἠδύνατο
2796 2285 2905 2337 ’καὶ
2937 2285 2967 2337 6
2991 2283 3277 2354 ἄνθρωπος
3312 2282 3370 2347 ἐξ
3400 2282 3612 2340 ἑαυτοῦ.

2043 2379 2139 2433 καὶ
2184 2380 2260 2450 μὴ
2311 2378 2449 2448 ἔχων
2479 2377 2590 2430 τδνκ
2615 2375 3026 2448 προσϐάλλοντα
3043 2377 3096 2439 ιι,
3123 2376 3378 2444 γενέσθαι
3415 2377 3616 2437 κακός-

2043 2472 2138 2525 καὶ¹
2178 2472 2390 2538 ἐγίνετο
2429 2471 2495 2524 ἂν
2543 2469 2692 2540 αὑτῷ
2734 2471 2766 2540 ἡ
2811 2469 3054 2540 ἁμαρτία
3107 2470 3337 2540 χείρων·
3372 2469 3622 2530 πλείονος

367 2576 475 2636 ret,
503 2583 600 2638 per
628 2566 873 2635 seipsum
907 2563 1084 2620 malus
1108 2563 1223 2619 ﬁeri
1255 2569 1474 2633 poterat
1498 2579 1511 2615 :
1538 2577 1605 2616 ex
1629 2576 1747 2634 quo
1772 2559 1944 2629 ipsius

370 2667 600 2730 peccato
623 2657 880 2714 cumulus
912 2655 1262 2711 accessisset.
1302 2653 1501 2722 Majori
1529 2653 1675 2708 enim
1715 2657 1946 2706 excusa;

2044 2561 2153 2629 γάρ
2185 2561 2482 2626 ἀπολογίας
2516 2561 2609 2614 καὶ
2646 2559 2979 2630 συγγνώμης
3015 2557 3280 2625 ἀξιοῦται,
3308 2560 3336 2612 6
3383 2559 3442 2623 ἐξ
3475 2559 3616 2612 ὕπο-

2045 2650 2208 2720 ϐολῆς
2243 2650 2404 2704 ἄλλου
2439 2649 2794 2719 ἁμαρτάνων,
2826 2650 2972 2719 ἥπερ
3006 2649 3035 2700 6
3073 2649 3133 2711 ἐξ
3172 2647 3383 2702 ἑαυτοῦ.
3415 2648 3474 2700 ὐ
3502 2649 3614 2716 γὰρ

371 2751 523 2805 tione
557 2759 611 2804 et
639 2748 796 2802 venia
825 2747 1027 2816 dignus
1059 2744 1319 2807 habetur,
1360 2744 1455 2814 qui
1488 2743 1718 2798 alterius
1751 2756 1940 2804 suasu.

2049 2740 2107 2806 ἐξ
2140 2740 2333 2793 ἑαυτοῦ
2367 2739 2722 2811 ἁμαρτάνων,
2775 2740 3181 2810 άναπολόγητός
3223 2742 3387 2803 ἐστιν,
3430 2741 3619 2808 ὥσπερ

370 2854 537 2910 quam
571 2840 666 2907 qui
714 2844 914 2906 suopte
968 2845 1109 2888 nutu
1163 2840 1378 2902 peccat.
1434 2829 1572 2886 Nam
1621 2831 1717 2900 qui
1753 2839 1940 2899 suopte

2050 2833 2205 2887 καὶὸ
2248 2831 2307 2897 ἐξ
2360 2832 2554 2886 ἑαυτοῦ
2607 2833 3001 2904 μετερχόμενος
3034 2833 3132 2905 τὴν
3184 2835 3424 2905 ἀρετὴν,
3463 2834 3625 2885 πλέον

373 2930 610 2986 consilio
642 2937 850 2998 peccat,
886 2927 1015 2981 huic
1047 2925 1234 2981 nullus
1261 2924 1606 2980 excusationi
1637 2923 1794 2978 locus
1821 2930 1940 2978 est:

2051 2927 2379 2980 ἐπαινεῖται.
2417 2921 2508 2978 Διὸ
2560 2929 2588 2979 ό
2641 2926 2889 2991 διάϐολος
2936 2927 2994 2995 ἐξ
3034 2928 3229 2980 ἑαυτοῦ
3278 2929 3626 2998 ἁμαρτήσας,

372 3019 838 3091 quemadmodum
868 3020 962 3087 qtti
992 3017 1252 3070 virtutem
1307 3029 1338 3068 a
1391 3029 1451 3070 se
1481 3015 1637 3078 colit,
1682 3012 1940 3084 majorem

2052 3016 2421 3088 ἀμετανόητος
2453 3017 2698 3086 ἔμεινενσ
2735 3018 2764 3071 6
2806 3018 2863 3072 δὲ
2894 3019 3178 3090 ἄνθρωπος
3211 3019 3312 3072 οὐκ
3341 3019 3400 3083 ἐξ
3433 3018 3628 3071 ἑαυτοῦ

373 3111 590 3166 laudent
638 3111 1022 3178 consequitur.
1088 3107 1166 3160 Ac
1219 3105 1452 3175 proinde
1511 3105 1790 3168 diabolus,
1853 3105 1940 3173 qui

2054 3109 2404 3180 ἁμαρτήσας,
2436 3108 2550 3162 ἀλλ’
2591 3111 2655 3163 ὲκ
2697 3110 2796 3180 τῆς
2826 3110 2894 3164 τὰ
2932 3109 3178 3164 διαϐόλου
3207 3110 3539 3180 προσϐολῆς,
3575 3111 3632 3162 ὲν

375 3211 570 3270 suopte
620 3212 764 3254 ntttu
825 3199 1094 3270 peccavit,
1130 3197 1313 3252 omnis
1365 3198 1707 3265 pmnitentiaa
1747 3211 1940 3253 exsors

2054 3198 2314 3269 μετανοίᾳ
2339 3198 2556 3267 γέγονε,
2591 3199 2688 3252 καὶ
2723 3198 2932 3270 ἠξιώθη
2959 3200 3059 3269 τῆς
3091 3201 3492 3262 ἀναχαινίσεως
3539 3200 3633 3252 καὶ

376 3292 622 3345 mansit:
665 3291 827 3343 homo
856 3299 1064 3351 autem,
1100 3287 1231 3357 quia
1267 3302 1377 3341 non
1411 3288 1530 3356 ipse
1560 3287 1730 3347 ultro,
1757 3287 1851 3340 sed
1877 3301 1940 3340 ex

2053 3289 2303 3359 ἀφέσεως
2332 3289 2442 3344 τῶν
2481 3291 2784 3364 ἁμαρτιῶν.
2821 3292 2896 3345 T6
2929 3288 3020 3346 οὖν
3063 3289 3222 3357 εἶναι,
3253 3293 3457 3358 ἀγαθόν
3492 3293 3629 3355 ἐστι,

378 3381 586 3435 diaboli
625 3381 834 3434 insultu
876 3378 1148 3448 peccavit,
1179 3378 1560 3444 paenitentiam
1600 3377 1816 3441 habuit,
1845 3377 1948 3431 do-

2055 3382 2150 3434 καὶ
2182 3382 2356 3455 δῶρον
2384 3382 2543 3438 Θεοῦ.

379 3487 621 3541 numque
661 3469 1035 3525 renovationis
1085 3475 1142 3522 et
1193 3466 1539 3522 remissionis
1593 3475 1948 3536 peccatorum
1988 3473 2224 3543 accepit.
2253 3473 2368 3530 Hoc
2395 3475 2582 3545 itaque
2621 3477 2799 3547 ipsum
2832 3455 2978 3547 quod
3004 3488 3108 3542 est,
3138 3477 3343 3531 bonum
3405 3486 3508 3539 est,
3561 3492 3633 3533 ac

381 3564 475 3620 Dei
517 3577 738 3616 munus.

452 3658 544 3713 54.
581 3653 748 3710 MAN.
789 3659 858 3708 At
912 3669 1064 3718 vero,
1113 3669 1212 3709 cur
1262 3653 1432 3716 Deus,
1482 3665 1610 3706 cum
1669 3651 1950 3704 diabolum

381 3753 587 3804 malum
625 3747 742 3800 fore
779 3754 1110 3816 praenosset,
1149 3761 1274 3801 eum
1306 3745 1548 3800 creavit?
1575 3742 1787 3798 ORTll.
1826 3742 1956 3797 Exi-

382 3841 492 3895 mia
531 3855 596 3894 ac
617 3839 924 3908 singularis
955 3839 1180 3894 bonitas
1205 3840 1259 3892 in
1285 3852 1452 3892 causa
1489 3836 1615 3900 fuit,
1647 3851 1750 3890 cur
1774 3835 1953 3904 ipsum

383 3936 615 3985 crearet.
651 3929 744 3983 Sic
784 3931 930 3984 enim
983 3944 1173 3984 secum
1224 3929 1442 3984 locutus
1472 3938 1555 3983 est
1596 3929 1682 3982 “z
1723 3926 1958 3992 Quando

381 4019 605 4091 quidem
640 4021 744 4075 iste
781 4020 958 4074 malus
1004 4021 1222 4075 futurus
1250 4030 1355 4086 est,
1390 4019 1704 4089 omniaque,
1750 4018 1956 4088 quibus

383 4124 508 4164 eum
539 4109 734 4172 allicio,
768 4109 908 4163 bona
943 4107 1298 4177 perditurus;
1333 4124 1508 4179 egone
1528 4122 1750 4178 quoque
1775 4109 1954 4177 ipsum

381 4199 530 4254 bono
569 4213 798 4268 prorsus
845 4199 1098 4267 spoliabo
1166 4213 1232 4252 ac
1273 4199 1509 4253 delebo?
1559 4195 1958 4254 Minime:Ve—

383 4305 530 4353 rum,
561 4291 821 4359 quamvis
853 4290 968 4360 ipse
1010 4291 1299 4360 improbus
1337 4292 1411 4346 sit
1447 4290 1696 4356 futurus,
1723 4305 1826 4361 ego
1870 4297 1956 4343 ta-

385 4395 511 4434 men
547 4395 577 4434 a
615 4379 720 4433 mei
747 4381 1173 4451 participatione
1204 4398 1312 4436 non
1349 4384 1679 4438 excludam:
1720 4383 1816 4439 sed
1860 4383 1958 4437 bo-

2125 3653 2221 3708 λδ¹.
2251 3654 2422 3709 MAN.
2464 3655 2574 3708 Καὶ
2599 3655 2688 3709 διὰ
2715 3656 2767 3708 τί
2815 3657 3084 3728 προγνοὺς
3133 3659 3162 3709 6
3206 3657 3339 3722 Θεὸς
3387 3659 3627 3713 διάϐολον

2057 3746 2290 3816 πονηρὸν
2317 3748 2597 3818 ἐσόμενον,
2629 3747 2890 3818 ἐποίησεν
2922 3749 3121 3814 αὕτόνς
3160 3751 3310 3804 ΟΡΘ.
3349 3752 3426 3804 Δι’
3459 3752 3631 3822 ὕπερ-
3673 3812 3680 3816 _

2056 3835 2218 3907 ϐολὴν
2250 3835 2591 3907 ἀγαθότητος
2621 3838 2876 3908 ἐποίησεν
2905 3839 3070 3892 αὐτόν
3089 3856 3103 3870 ο
3131 3840 3235 3908 ἔφη
3270 3840 3378 3910 γάρ
3397 3859 3411 3872 ·
3441 3841 3635 3910 ἐπειδὴ

2056 3922 2208 3992 οὗτος
2240 3929 2423 3998 μέλλει
2464 3928 2686 3984 ἔσεσθαι
2709 3931 2968 4003 πονηρὸς,
2995 3935 3088 3985 καὶ
3129 3932 3422 3986 ἀπολλύειν
3455 3935 3638 3988 πάντα

2056 4017 2128 4070 τὰ
2164 4017 2414 4088 διδόμενα
2445 4019 2595 4090 αὖτῷ
2633 4019 2833 4089 ἀγαθά,
2881 4024 3132 4092 στερήσω
3162 4023 3322 4076 αὐτὸν
3357 4023 3515 4092 κάγὼ
3543 4042 3635 4077 τε-

2056 4108 2216 4173 λείως
2246 4109 2342 4163 τοῦ
2383 4110 2615 4178 ἀγαθοῦ,
2648 4111 2743 4166 καὶ
2775 4111 3126 4183 ἀνύπαρκτον
3171 4111 3334 4166 αὑτὸν
3379 4116 3632 4185 ποιήσῳ;

2056 4201 2356 4272 Οὐδαμῶς·
2381 4202 2498 4256 ἀλλ’
2523 4205 2572 4256 εί
2606 4205 2698 4256 καὶ
2727 4205 2889 4268 αὐτὸς
2921 4205 3156 4276 πονηρὸς
3182 4206 3358 4268 ἔσται,
3388 4206 3501 4270 ἐγὼ
3538 4207 3636 4275 τῆς

2061 4294 2352 4363 μετουσίας
2385 4311 2486 4364 μου
2523 4293 2598 4367 μὴ
2637 4296 2886 4367 στερήσω
2918 4295 3103 4358 αὑτὸν,
3135 4295 3272 4350 ἀλλά
3296 4296 3452 4349 δώσω
3484 4297 3638 4367 αὐτῷ

2057 4384 2116 4436 ἓν
2143 4384 2365 4453 ἀγαθὸν,
2393 4385 2491 4456 τὴν
2520 4387 2610 4439 διὰ
2637 4386 2734 4440 τοῦ
2765 4381 2906 4441 εἶναι
2933 4387 3227 4456 μετουσίαν
3252 4405 3372 4456 μου,
3407 4387 3499 4441 ἵνα
3531 4388 3638 4440 κᾶν

383 4485 516 4524 num
551 4486 720 4524 unum
759 4471 808 4525 ei
841 4471 1066 4541 largiar,
1102 4481 1161 4526 ut
1192 4474 1297 4526 mei
1338 4489 1435 4542 per
1465 4475 1570 4528 boc
1608 4473 1790 4544 ipsum
1827 4487 1940 4543 par-

2061 4474 2136 4546 μὴ
2165 4476 2314 4548 Θέλῃ,
2351 4478 2553 4548 μετέχῃ
2586 4494 2687 4548 μου
2728 4477 2822 4531 τοῦ
2859 4477 3067 4547 ἀγαθοῦ
3096 4478 3184 4532 διὰ
3208 4479 3302 4532 τοῦ
3325 4473 3484 4532 εἶναι.
3529 4479 3604 4530 Οὑ
3623 4507 3640 4517 -

384 4561 562 4631 ticeps
621 4561 716 4624 sit,
758 4563 906 4632 quod
949 4562 1224 4629 ersistat,
1285 4565 1499 4634 hocque
1551 4565 1778 4621 nomine
1815 4565 1959 4635 quod

385 4652 480 4718 sit,
516 4654 568 4706 in
604 4655 733 4715 mei.
762 4654 855 4723 qui
892 4654 1075 4710 bonus
1105 4671 1249 4722 sum,
1278 4664 1489 4727 partem
1524 4657 1728 4711 veniat.
1772 4654 1960 4725 Neque

383 4745 530 4798 enim
559 4753 757 4814 praeter
789 4745 959 4800 Deum
989 4746 1136 4802 ullus
1156 4755 1264 4812 est,
1291 4749 1385 4818 qui
1421 4763 1510 4804 res
1533 4747 1600 4801 ad
1634 4748 1737 4802 boc
1767 4759 1826 4801 ut
1850 4747 1962 4801 sint

383 4836 670 4890 contineat
691 4845 746 4892 et
769 4846 1084 4892 conservet.
1105 4837 1288 4909 Ipsum
1319 4855 1560 4910 namque
1587 4854 1732 4904 esse,
1752 4837 1957 4893 bonum

383 4936 492 4993 est,
527 4928 731 4998 Deique
765 4929 1114 4985 beneﬁcium.

457 5019 548 5073 55.
581 5017 742 5073 MAN.
781 5017 936 5086 Quod
977 5020 1088 5076 sint
1115 5035 1180 5076 ea
1207 5035 1330 5091 qua:
1377 5028 1524 5085 sunt,
1554 5035 1620 5074 ex
1659 5019 1770 5074 Deo
1811 5021 1956 5074 bons

384 5125 510 5169 esse
547 5111 630 5166 ais
662 5127 680 5164 :
721 5113 890 5182 igitur
937 5114 982 5168 si
1038 5113 1205 5169 rebus
1255 5113 1520 5168 omnibus
1578 5125 1703 5168 esse
1751 5109 1956 5164 bonum

2013 4608 2015 4610 ς
2057 4568 2170 4632 δεὶς
2203 4571 2312 4640 γάρ
2342 4571 2490 4624 ἐστιν
2516 4573 2544 4623 ό
2575 4569 2901 4641 συγκρατῶν
2927 4572 3026 4624 καὶ
3055 4572 3294 4642 συνέχων
3324 4572 3392 4625 τὰ
3414 4571 3545 4624 ὄντα
3571 4573 3637 4621 ὲν

2054 4660 2133 4731 τῷ
2164 4658 2326 4729 εἶναι,
2354 4663 2402 4714 εί
2440 4660 2515 4732 μὴ
2545 4663 2572 4714 6
2602 4661 2734 4726 Θεός
2755 4677 2769 4690 ο
2803 4661 2863 4715 τὸ
2913 4662 3022 4735 γὰρ
3074 4659 3214 4718 εἷναι
3247 4662 3446 4732 ἀγαθόν
3488 4663 3633 4729 ἐστι,

2057 4756 2155 4806 καὶ
2185 4753 2356 4825 δῶρον
2394 4752 2549 4808 Θεοῦ.

2134 5017 2227 5072 λε’.
2264 5018 2438 5072 MAN.
2487 5018 2561 5071 T6
2623 5013 2763 5073 εἶναι
2819 5008 2930 5082 τοῖς
2986 5015 3178 5081 οῦσιν,
3237 5021 3302 5072 ὲκ
3340 5019 3474 5072 Θεοῦ
3541 5019 3633 5072 τοῦ

2064 5107 2270 5176 ἀγαθοῦ
2297 5125 2310 5138 ·
2349 5112 2398 5162 εί
2447 5105 2540 5164 οῦν
2591 5111 2726 5165 πᾶσι
2763 5113 2874 5175 τοῖς
2921 5105 3094 5178 οὖσι),
3129 5111 3333 5181 ἀγαθὸν
3370 5110 3432 5164 τὸ
3469 5110 3630 5179 εἶναι,

458 5274 498 5307 ⁸⁸
525 5273 647 5330 Lib.
683 5290 722 5329 tt
753 5276 825 5332 De
841 5278 961 5348 ﬁde,
986 5294 1106 5349 cap.
1145 5279 1197 5332 4.
1288 5277 1470 5331 "Lib.
1527 5292 1576 5330 tv
1622 5275 1694 5330 De
1718 5275 1844 5344 ﬁde,
1902 5289 2028 5345 cap.
2066 5275 2160 5330 22.

1691 5427 1925 5485 ἾΛΒΙᾹΞ
1965 5428 2370 5486 LECTIONES.

461 5551 490 5590 ι
519 5548 652 5614 Reg.
680 5543 1073 5613 προσϐαλόντα,
1106 5560 1230 5600 cttttt
1264 5555 1495 5604 accentu
1521 5547 1575 5602 iit
1605 5547 2060 5618 antepettultima.
