3962 6202
352 254 487 320 1541

1316 248 1592 309 DIALOG
1604 249 1701 309 US
1741 248 2035 310 CONTRA
2083 248 2558 308 MANIClleOS.

3473 250 3610 317 1542

345 368 422 432 ὼς
486 368 551 420 ἐκ
610 363 745 418 Θεοῦ
797 360 894 415 τοῦ
945 359 1152 430 ἀγαθοῦ
1192 360 1511 432 δεδομένον,
1550 363 1646 416 καὶ
1698 362 1776 431 τῷ
1817 363 1917 415 διαι

2032 370 2151 427 εει,
2198 371 2255 415 ιιι
2290 376 2318 414 a
2355 362 2464 416 Deo
2512 362 2660 415 bono
2705 377 3033 419 concessum
3063 405 3078 428 .
3132 365 3349 420 diabolo
3391 383 3611 439 quoque

345 457 490 529 ϐόλῳ
539 456 743 525 ἀγαθὸν
795 453 856 506 τὸ
908 448 1069 506 εἶναι.
1129 453 1283 508 ΟΡΘ.
1334 453 1521 507 Πάντα
1576 455 1649 509 τά
1693 454 1823 507 ὄντα
1867 456 1931 506 ἐκ

341 544 439 600 τοῦ
473 546 608 599 Θεοῦ
643 545 769 615 ἔσχε
801 544 863 597 τὸ
891 540 1062 598 εἶναι’
1110 544 1289 599 πάντα
1328 546 1397 600 τὰ
1440 546 1663 600 δοθέντα
1715 547 1930 616 ἑκάστῳ

343 636 450 689 ὑπὸ
479 635 635 699 Θεοῦ,
669 636 765 689 καὶ
796 633 980 703 ἀγαθά
1019 637 1157 688 ἐστι.
1201 634 1283 687 Τά
1323 636 1430 705 γὰρ
1475 638 1539 688 ἐκ
1583 635 1679 688 τοῦ
1724 636 1929 703 ἀγαθοῦ

339 726 614 797 διδόμενα,
646 726 855 795 ἀγαθά-
881 725 1051 779 κακὸν
1071 724 1151 791 δὲ,
1188 724 1339 777 οὐδὲν
1369 725 1555 794 ἕτερόν
1582 727 1751 787 ἐστιν,
1781 728 1829 778 εἰ
1855 725 1931 795 μὴ

341 820 375 889 ὴ
417 817 528 871 τῶν
578 818 825 887 ἀγαθῶν,
860 818 1111 870 τουτέστι
1148 816 1259 868 τῶν
1306 817 1409 868 ὑπὸ
1456 816 1591 869 Θεοῦ
1644 816 1927 884 δοθέντων,

342 909 620 979 ἀποϐολή·
675 910 720 962 οἱ
762 906 856 963 οὖν
886 912 951 962 ἐκ
1004 906 1140 961 Θεοῦ
1191 907 1295 961 κάν
1321 908 1383 960 τὸ
1431 903 1570 960 εἶναι
1606 906 1839 977 ἔχοντες,
1871 909 1929 961 ἐν

344 1002 610 1072 μετουσίᾳ
647 1004 847 1072 μερικῇ
880 1001 973 1055 τοῦ
1003 1001 1209 1070 ἀγαθοῦ
1238 1003 1343 1054 εἰσι
1377 1002 1496 1053 κατ’
1530 1001 1754 1071 ἔσχατον
1783 1002 1927 1070 ἀπή-

341 1108 515 1161 χημα.
549 1092 732 1145 Καλὸν
756 1089 849 1146 οῦν
894 1094 1042 1144 ἐστιν
1072 1087 1212 1146 εἶναι
1240 1092 1331 1144 τὸν
1375 1090 1620 1145 διάϐολον
1644 1093 1686 1156 ί,
1719 1091 1812 1145 καὶ
1840 1091 1928 1145 διά

339 1182 437 1236 τοῦ
465 1179 604 1238 εἶναι
635 1186 884 1257 μετέχειν
918 1183 1012 1237 τοῦ
1043 1184 1274 1253 ἀγαθοῦ.
1318 1184 1391 1238 Τὸ
1424 1180 1516 1238 οῦν
1545 1181 1707 1249 εἶναι,
1740 1183 1923 1249 καλὸν,

338 1270 401 1321 τὸ
454 1271 510 1324 δὲ
558 1268 617 1326 εὖ
675 1269 837 1337 εἶναι,
891 1275 1129 1329 κάλλιον.
1169 1274 1366 1328 Τελεία
1413 1275 1516 1345 γάρ
1560 1274 1825 1346 ῦπαρξις,
1865 1274 1926 1327 τὸ

340 1361 609 1430 ὑγιαίνειν
629 1380 642 1394 θ
668 1364 729 1417 τὸ
750 1364 806 1418 δὲ
840 1369 1013 1419 νοσεῖν
1043 1366 1139 1419 καὶ
1164 1361 1329 1429 εἶναι,
1363 1366 1590 1436 μερικδν
1630 1366 1801 1420 κακὸν
1830 1368 1925 1420 καὶ

338 1452 535 1521 φθορά.
573 1454 647 1505 Οὐ
672 1454 781 1525 γὰρ
806 1454 985 1509 τελεία
1009 1456 1344 1529 ἀνυπαρξία,
1365 1456 1501 1510 ἀλλὰ
1530 1457 1728 1528 μερικὴ
1753 1458 1926 1528 ῦπαρ-

338 1544 442 1610 ξις,
480 1545 574 1597 καὶ
605 1547 806 1617 μερικὴ
837 1548 1168 1618 ἀνυπαρξία.
1216 1549 1289 1601 Τὸ
1316 1549 1374 1602 δὲ
1411 1547 1487 1620 μὴ
1519 1544 1679 1611 εἶναι,
1718 1549 1923 1602 τέλειον

336 1637 536 1690 κακόν·
575 1638 755 1691 τελεία
786 1638 895 1709 γὰρ
922 1640 1255 1710 ἀνυπαρξία,
1285 1641 1347 1693 τὸ
1373 1640 1596 1704 τελείως
1631 1640 1705 1712 μὴ
1742 1640 1819 1694 δν.
1850 1641 1923 1695 Τὸ

334 1722 430 1781 οῦν
456 1724 618 1795 εἶναι,
656 1732 750 1783 καὶ
779 1731 841 1783 τὸ
877 1727 936 1785 εῦ
972 1709 1130 1796 εἶναι,
1169 1733 1312 1786 καλά
1358 1732 1511 1805 παρά
1544 1709 1704 1788 Θεοῦξ
1747 1734 1821 1787 Τὸ
1863 1734 1921 1789 δὲ
1956 1709 1997 1765 Β

334 1820 505 1873 κακὸν
544 1822 602 1885 ἐξ
643 1822 848 1891 ἀγαθοῦ
877 1824 1155 1892 γενέσθαι,
1186 1826 1285 1896 τῆς
1312 1826 1406 1880 τοῦ
1446 1827 1733 1898 γινομένου
1773 1826 1913 1893 γνώ·

336 1928 467 1982 μης.
504 1913 564 1966 '0
590 1911 682 1967 οὖν
712 1916 863 1979 Θεὸς,
895 1916 962 1969 δι’
990 1917 1294 1988 ὑπερϐολὴν
1321 1918 1682 1989 ἀγαθότητος,
1720 1920 1814 1972 καὶ
1841 1917 1918 1989 τῷ

334 2005 557 2076 πονηρῷ
591 2008 661 2059 τά
687 2007 865 2076 ἀγαθά
901 2008 1124 2072 δέδωκε,
1149 2009 1208 2062 τὸ
1232 2006 1391 2075 εἶναι,
1424 2009 1601 2064 καὶτὸ
1632 2007 1691 2064 εὖ
1722 2006 1884 2089 εἶναι.

2033 466 2158 507 esse
2197 451 2401 505 bonum
2436 458 2540 506 εει.
2576 448 2789 505 ORTll.
2827 451 3023 507 Omnia
3072 472 3194 524 qua:
3246 467 3397 522 sunt,
3437 475 3465 510 a
3503 460 3611 514 Deo

2034 551 2093 596 ut
2121 550 2328 605 essent,
2372 550 2727 612 acceperunt.
2765 540 2979 598 Cuncta
3024 562 3192 613 porro
3223 564 3343 617 quae
3391 550 3612 604 unicui-

2033 650 2199 704 quea
2239 634 2348 689 Deo
2386 650 2655 691 concessa
2684 645 2833 701 sunt,
2895 636 3035 690 bona
3090 648 3240 694 sunt.
3293 640 3427 695 Nam
3490 658 3611 711 qua:
3665 675 3677 685 ι

2033 740 2061 778 a
2092 727 2240 779 bono
2277 725 2502 791 dantur,
2545 726 2739 796 utique
2783 728 2927 782 bona
2966 740 3115 782 sunt.
3169 730 3366 785 Malum
3426 742 3609 789 autem

2032 817 2169 870 nihil
2206 818 2354 871 aliud
2392 828 2498 879 est,
2534 835 2696 887 quam
2736 819 3007 874 bonorum
3037 864 3049 882 ,
3102 822 3204 875 hoc
3256 832 3338 877 est
3376 841 3607 890 eorum,

2031 921 2153 977 quae
2183 923 2211 960 a
2234 907 2344 961 Deo
2375 908 2500 962 data
2529 918 2685 974 sunt,
2711 910 2971 979 abjectio.
2992 912 3367 976 Quamobrem
3391 917 3493 972 illi.
3514 920 3607 987 qui

2031 1013 2059 1050 a
2097 996 2208 1052 Deo
2240 1000 2323 1052 vel
2379 1000 2480 1054 hoc
2519 1001 2699 1070 ipsum
2734 1001 3004 1055 duntaxat
3039 1004 3184 1071 quod
3217 1006 3351 1068 sint,
3382 1008 3606 1072 habent,

2029 1092 2157 1147 boni
2193 1092 2380 1161 aliqua
2418 1109 2483 1147 cx
2515 1104 2669 1163 parte
2698 1104 2869 1163 atque
2897 1102 3144 1149 extrema
3185 1097 3385 1151 saltem
3419 1100 3610 1152 condi-

2031 1186 2179 1244 tione
2206 1192 2261 1240 et
2295 1186 2437 1241 linea
2475 1187 2773 1255 participes
2826 1188 2962 1241 ﬁunt
2999 1206 3012 1242 :
3055 1203 3163 1257 quo
3198 1188 3252 1241 ﬁt
3290 1197 3346 1241 nt
3389 1174 3611 1243 diabolo

2029 1274 2233 1331 bonum
2264 1278 2337 1330 sit
2369 1277 2519 1346 quod
2555 1277 2810 1342 exsistat,
2848 1294 2911 1331 ac
2945 1294 3041 1348 per
3089 1280 3191 1333 hoc
3242 1281 3419 1349 ipsum
3464 1281 3609 1351 quod

2027 1372 2123 1436 sit,
2156 1371 2284 1425 boni
2328 1369 2609 1439 particeps
2641 1371 2754 1423 tiat.
2785 1370 2919 1425 Esse
2954 1372 3142 1439 itaque
3172 1371 3376 1425 bonum
3406 1382 3490 1426 est
3518 1389 3531 1425 :
3557 1384 3612 1425 at

2024 1464 2167 1517 bene
2197 1477 2343 1525 esse,
2381 1463 2577 1516 melius
2619 1478 2682 1516 ac
2716 1464 3097 1532 praestantius.
3134 1461 3421 1517 Perfectus
3461 1465 3607 1516 enim

2024 1551 2334 1606 exsistendi
2401 1560 2583 1607 status
2620 1560 2701 1605 est
2751 1568 2947 1607 sanum
2982 1568 3106 1607 esse
3140 1571 3152 1606 :
3188 1562 3243 1607 at
3302 1553 3356 1606 in
3412 1553 3607 1605 inorbo

2026 1643 2236 1697 versari
2260 1651 2314 1696 et
2344 1658 2470 1699 esse
2502 1644 2684 1713 aliqua
2710 1660 2777 1698 ex
2812 1652 2988 1714 parte,
3016 1644 3217 1697 malum
3242 1652 3296 1698 et
3324 1643 3609 1712 corruptio

2026 1741 2129 1788 est.
2175 1731 2293 1786 Non
2320 1733 2466 1788 enim
2494 1736 2641 1788 omni
2678 1751 2742 1789 ex
2774 1745 2929 1805 parte
2964 1736 3223 1790 interitus
3254 1734 3480 1799 accidit,
3511 1736 3606 1789 sed

2025 1840 2091 1877 ex
2130 1832 2287 1893 parte
2324 1826 2568 1894 quadam
2603 1828 2905 1891 exstantia,
2948 1837 3002 1882 et
3031 1843 3095 1883 cx
3136 1839 3286 1897 parte
3321 1828 3605 1882 interitus.

2026 1916 2230 1971 Contra
2267 1932 2378 1970 non
2407 1933 2551 1977 esse.
2587 1919 2901 1973 absolutum
2954 1921 3157 1972 malum
3212 1929 3315 1974 cst.
3367 1918 3604 1975 Prorsus

2024 2012 2171 2066 enim
2202 2024 2310 2063 non
2334 2025 2478 2076 esse,
2515 2012 2739 2081 penitus
2765 2011 3041 2066 interiisse
3072 2020 3176 2067 est.
3210 2010 3483 2078 Quocirca
3517 2028 3609 2068 es-

333 2116 414 2167 se,
454 2112 506 2156 et
540 2102 680 2159 bene
707 2105 971 2175 beateque
992 2120 1137 2171 esse,
1172 2106 1314 2160 bona
1347 2116 1499 2170 sunt,
1540 2121 1570 2159 a
1604 2106 1714 2160 Deo
1743 2117 1968 2183 auctore
2017 2105 2423 2177 provenientia.
2460 2105 2530 2159 At
2564 2107 2765 2161 malum
2800 2121 2866 2160 ex
2903 2106 3048 2161 bono
3082 2106 3221 2171 ﬁeri,
3259 2107 3326 2160 ab
3373 2106 3607 2161 consilio

334 2192 701 2267 proﬁciscitur
749 2196 917 2260 illius,
952 2198 1045 2266 qui
1086 2198 1211 2252 talis
1252 2198 1461 2253 evadit.
1490 2198 1622 2264 Qum
1647 2214 1772 2253 cum
1834 2200 1907 2251 ita
1935 2199 2067 2263 sint,
2104 2197 2250 2253 Deus
2294 2213 2395 2268 pro
2441 2198 2713 2270 singulari
2743 2214 2844 2255 sua
2876 2201 3144 2267 bonitate,
3176 2200 3322 2254 malo
3364 2214 3606 2270 quoque,

333 2299 452 2353 qua:
483 2286 621 2339 bona
655 2300 833 2351 erant,
903 2288 1164 2344 nimirum
1229 2305 1375 2351 esse.
1454 2306 1671 2363 necnon
1730 2291 1867 2346 bene
1897 2305 2021 2347 esse
2042 2290 2344 2345 concessit.

310 2431 353 2466 ο
402 2375 511 2440 λς’.
558 2378 870 2445 Ἐγκαλεῖτε
901 2381 1055 2450 ἡμῖν,
1091 2373 1136 2433 ὧ
1187 2381 1500 2451 Μανιχαῖοι,
1545 2381 1635 2434 διὰ
1678 2380 1733 2433 τί
1785 2399 1918 2452 προ-

328 2468 615 2535 γινώσκων
641 2470 668 2521 ὁ
703 2469 834 2534 Θεὸς
866 2470 959 2524 τὸν
1006 2470 1255 2525 διάϐολον
1304 2473 1475 2527 κακὸν
1504 2472 1785 2543 ἐσόμενον,
1817 2475 1918 2525 ἐπ·

333 2560 517 2633 οίησεν
567 2564 759 2630 αὑτόν;
802 2566 901 2619 καὶ
947 2567 1317 2638 ἀπεδείξαμεν
1350 2566 1440 2620 διά
1483 2566 1781 2631 πλειόνων,
1835 2566 1917 2619 ὅτι

335 2650 475 2705 κατά
505 2652 598 2705 τὸν
624 2655 851 2721 φυσικὸν
873 2655 966 2708 τοῦ
999 2655 1208 2710 δικαίου
1238 2656 1417 2724 λόγον,
1443 2656 1623 2719 καλῶς
1660 2656 1917 2727 ἐποίησεν

333 2744 497 2796 αὐτόν
524 2762 538 2776 ·
575 2748 828 2814 κρεῖσσον
863 2746 973 2816 γὰρ
1021 2747 1164 2800 κατά
1193 2748 1285 2801 τδν
1325 2749 1554 2816 φυσικὸν
1594 2748 1775 2815 λόγον,
1812 2747 1914 2800 κάν

335 2827 475 2885 εἶναι
509 2830 554 2895 i,
601 2834 695 2885 καὶ
727 2836 869 2889 κατὰ
913 2835 1073 2888 τοῦτο
1126 2837 1375 2907 μετέχειν
1411 2837 1505 2890 τοῦ
1546 2837 1774 2902 ἀγαθοῦ.
1819 2837 1916 2890 Ἐκ

337 2924 471 2977 Θεοῦ
493 2924 624 2997 γὰρ,
645 2927 740 2980 τοῦ
774 2929 933 2999 μόνου
965 2930 1050 2982 ἀεὶ
1080 2931 1251 2995 ὄντος,
1281 2930 1411 2984 αὐτὸ
1431 2931 1492 2983 τὸ
1519 2927 1676 2995 εἶναι,
1707 2930 1913 2998 ἀγαθοῦ

2090 2380 2179 2434 56.
2235 2380 2475 2435 Crimini
2534 2380 2719 2443 nobis,
2781 2394 2814 2433 ο
2867 2378 3179 2442 Μιιιιίοιιιεί,
3245 2380 3485 2443 vertitis.
3540 2394 3604 2433 ac

2016 2470 2184 2543 ωδ
2210 2473 2484 2541 quaeritis,
2523 2488 2691 2528 cccnr
2722 2470 2865 2527 Deus
2901 2487 3024 2526 cum
3060 2471 3341 2525 diabolum
3394 2472 3603 2526 malum

2017 2565 2135 2621 fore
2166 2566 2529 2635 prospiceret,
2569 2580 2697 2619 cum
2737 2563 2949 2619 fecerit.
2980 2562 3052 2616 At
3103 2563 3361 2632 pluribus
3416 2572 3605 2618 osten-

2017 2658 2072 2714 di
2105 2658 2170 2723 ”,
2202 2658 2246 2712 si
2278 2658 2554 2712 naturalis
2582 2655 2728 2725 juris
2764 2656 2907 2710 ratio
2946 2662 3251 2724 spectetur,
3289 2662 3435 2707 recte
3474 2669 3605 2707 eum

2020 2750 2306 2805 conditum
2360 2750 2561 2804 fuisse.
2601 2747 2918 2802 Secundum
2953 2745 3101 2799 enim
3154 2752 3367 2798 natura:
3398 2745 3597 2799 seriem

2021 2847 2274 2907 prmstat,
2310 2839 2394 2893 vel
2429 2835 2815 2891 tantummodo
2847 2849 3001 2899 esse,
3051 2841 3215 2903 atque
3248 2835 3348 2888 hac
3385 2835 3604 2888 ratione

2024 2929 2155 2983 boni
2181 2930 2502 2999 participem
2531 2943 2675 2989 esse,
2697 2941 2860 2996 quam
2896 2940 3005 2979 non
3025 2940 3168 2980 esse.
3192 2924 3474 2993 Siquidem
3513 2925 3599 2995 ip-

334 3016 429 3068 καὶ
458 2989 682 3085 ἀγαθῶν
720 2989 1055 3090 παρεκτικοῦ
1076 3040 1088 3053 ·
1123 3022 1183 3075 τὸ
1213 2989 1279 3075 *δὲ
1305 3024 1368 3074 ἐκ
1394 3021 1488 3074 τοῦ
1525 2989 1917 3091 ἀγαθοῦξάγα-

2023 3036 2142 3074 ειιιιι
2170 3035 2315 3086 εεεε,
2348 3034 2378 3072 a
2413 3018 2525 3073 Deo
2557 3017 2950 3088 proﬁciscitur,
2984 3016 3080 3087 qui
3112 3018 3263 3071 solus
3279 3024 3362 3069 est
3381 3031 3606 3086 semper

337 3108 428 3162 θὸν
458 3110 677 3175 πάντως
708 3113 877 3167 ἐστίν.
912 3115 974 3166 Εἰ
1006 3114 1061 3167 δὲ
1093 3114 1302 3183 λέγετε,
1330 3116 1412 3168 ὅτι
1446 3116 1739 3185 συνέφερεν
1769 3114 1918 3185 αὐτῷ

338 3199 414 3269 μὴ
446 3200 895 3275 γενέσθαι,ἣπερ
924 3203 1196 3272 γενέσθαι,
1226 3206 1317 3258 καὶ
1343 3204 1676 3274 κολασθῆναι
1697 3204 1918 3258 ἀτελευ-

332 3292 546 3361 τήτως·
604 3294 810 3364 φαμὲν,
849 3296 930 3348 ὅτι
970 3297 1002 3364 ἡ
1062 3296 1284 3358 κόλασις
1319 3297 1498 3366 ἐκείνη
1535 3296 1690 3349 οὐδὲν
1730 3296 1916 3367 ἕτερόν

335 3384 507 3448 ἐστιν,
542 3386 590 3436 εί
626 3385 700 3456 μὴ
742 3384 851 3458 πῦρ
883 3385 1179 3457 ἐπιθυμίας
1219 3389 1320 3457 τῆς
1363 3387 1561 3450 κακίας
1605 3388 1917 3458 καὶάμαρο

335 3478 476 3543 τίας,
505 3478 600 3532 καὶ
631 3477 742 3547 πῦρ
770 3478 1028 3557 ἀστοχίας
1061 3479 1159 3550 τῆς
1192 3479 1513 3549 ἐπιθυμίας.
1539 3479 1613 3531 Οῦ
1647 3479 1755 3550 γὰρ
1790 3481 1912 3532 ἐπι-

337 3569 570 3639 θυμοῦσι
596 3569 757 3635 Θεοῦ,
778 3573 828 3623 οἱ
861 3574 919 3623 ἐν
944 3573 1011 3641 τῇ
1033 3572 1201 3641 κακίᾳ
1221 3571 1281 3623 τὸ
1300 3570 1570 3640 ἀτρεπτον
1596 3572 1910 3640 ἐσχηκότες,

335 3660 472 3715 ἀλλά
497 3662 595 3732 τῆς
625 3662 825 3724 κακίας
844 3677 859 3693 ·
893 3663 1011 3714 ἐκεῖ
1030 3661 1088 3713 δέ
1110 3662 1360 3731 ἐνέργεια
1383 3661 1583 3723 κακίας
1608 3661 1699 3713 καὶ
1735 3662 1915 3731 ἀμαρ-

334 3752 455 3816 τίας
488 3753 599 3819 οὐκ,
627 3753 801 3807 ἔσται.
833 3752 969 3806 Οὐδὲ
1020 3752 1129 3822 γὰρ
1172 3751 1447 3822 ἐσθίομεν,
1487 3751 1609 3803 οὐδέ
1660 3751 1912 3821 πίνομεν,

335 3842 458 3898 οὐδὲ
484 3842 806 3913 ἐνδυόμεθα,
856 3840 979 3895 οῦδὲ
1015 3839 1336 3911 γαμοῦμεν,
1378 3840 1499 3893 οὐδὲ
1549 3839 1912 3910 πλουτοῦμεν,

335 3934 459 3987 οὐδέ
484 3932 677 4002 φθόνος
721 3931 917 4001 ἰσχύει,
959 3931 1082 3985 οὐδέ
1109 3949 1161 3984 τι
1200 3930 1311 3984 τῶν
1357 3930 1459 4001 τῆς
1503 3929 1702 3994 κακίας
1735 3930 1909 3984 εἱδῶν.

348 4025 776 4092 Ἐπιθυμοῦντες
804 4020 919 4089 οῦν,
950 4023 1045 4077 καὶ
1076 4024 1150 4094 μὴ
1184 4022 1500 4094 μετέχοντες
1530 4022 1639 4077 τῶν
1670 4025 1767 4093 τῆς
1790 4023 1911 4074 ἐπι-

336 4106 539 4184 θυμίας
588 4115 758 4187 πυρὸς
800 4114 979 4187 δίκην,
1021 4114 1125 4167 ὑπὸ
1160 4114 1260 4185 τῆς
1309 4113 1611 4184 ἐπιθυμίας
1644 4112 1913 4182 καταφλέ-

334 4223 553 4274 γονται·
579 4206 628 4259 οἱ
659 4207 715 4259 δὲ
745 4206 840 4260 τοῦ
882 4204 1110 4274 ἀγαθοῦ,
1145 4204 1393 4259 τουτέστι
1440 4204 1604 4275 μόνου
1642 4203 1737 4257 τοῦ
1775 4203 1912 4257 Θεοῦ

2021 3125 2086 3166 ac
2106 3114 2373 3165 bonorum
2396 3110 2645 3180 largitor.
2671 3108 2843 3163 Porro
2862 3108 3007 3177 quod
3025 3123 3089 3162 ex
3126 3109 3272 3163 bono
3295 3109 3571 3179 prolicisci
3585 3139 3603 3151 -

2022 3212 2130 3263 tur,
2164 3202 2215 3256 id
2252 3215 2486 3270 prorsus
2516 3200 2719 3255 bonum
2750 3207 2857 3254 est.
2883 3198 3038 3264 Quod
3067 3198 3114 3253 si
3148 3199 3326 3255 satius
3354 3198 3600 3253 futurum

2018 3293 2192 3347 fuisse
2214 3292 2426 3355 dicitis,
2450 3299 2508 3345 ut
2537 3307 2647 3346 non
2676 3290 2993 3351 exsisteret,
3025 3304 3193 3360 quam
3232 3288 3438 3343 factum
3475 3289 3602 3357 qui-

2017 3384 2140 3439 dem
2186 3399 2344 3448 esse,
2390 3392 2447 3436 at
2496 3381 2853 3452 sempiternis
2900 3379 3081 3449 pinnis
3133 3378 3398 3444 multari;
3432 3377 3534 3432 hoc
3570 3393 3600 3431 a

2017 3477 2181 3531 nobis
2214 3477 2467 3548 responsi
2517 3475 2742 3541 feretis;
2782 3488 3000 3544 pinnam
3055 3471 3205 3525 illam
3254 3472 3391 3526 nihil
3451 3471 3597 3525 aliud

2015 3585 2183 3634 esse,
2248 3584 2413 3638 quam
2469 3567 2731 3637 nequitiae
2790 3565 3192 3635 cupiditatem,
3264 3572 3319 3619 et
3387 3563 3599 3633 peccati

2018 3661 2225 3728 ignem,
2258 3659 2647 3725 ﬂammamque
2673 3655 2970 3710 frustrata:
2992 3655 3265 3710 libidinis.
3295 3653 3414 3708 Non
3448 3655 3594 3709 enim

2018 3750 2135 3814 Dei,
2182 3748 2277 3803 sed
2316 3749 2435 3802 vitii
2473 3748 2669 3801 alfectu
2706 3745 2923 3809 ardent,
2980 3745 3074 3814 qui
3125 3746 3200 3799 ita
3233 3744 3409 3799 allecti
3443 3754 3601 3809 sunt,

2018 3852 2077 3896 ut
2110 3856 2305 3897 eorum
2365 3839 2708 3909 perversitas
2756 3837 2968 3890 nullam
3024 3836 3277 3891 admittat
3336 3836 3596 3890 mutatio-

2015 3931 2452 3987 nem.lllicenim
2477 3929 2628 3983 nulla
2660 3927 2888 3981 malitiae
2919 3940 2985 3980 ac
3004 3925 3216 3995 peccati
3250 3923 3593 3978 actiol‘utura

2015 4033 2120 4079 εει.
2153 4021 2340 4091 Neque
2363 4020 2512 4075 enim
2555 4017 2809 4083 edemus,
2843 4030 3021 4085 neque
3057 4013 3333 4075 bibemus,
3370 4027 3468 4067 nec
3500 4027 3595 4066 ve-

2014 4115 2267 4177 stientur,
2298 4123 2399 4163 nec
2422 4104 2782 4162 matrimonia
2811 4102 3224 4165 contrahemus,
3260 4114 3360 4154 nec
3394 4097 3596 4168 Opibus

2018 4204 2332 4268 aﬂluemus,
2388 4214 2490 4254 nec
2544 4196 2753 4251 invidia
2803 4195 3032 4266 vigebit.
3073 4200 3168 4246 aut
3216 4190 3362 4245 aliud
3421 4189 3593 4243 ullum

335 4297 754 4368 ἐπιθυμοῦντες,
791 4296 885 4352 τοῦ
920 4297 1094 4363 ὄντος,
1129 4297 1226 4350 καὶ
1250 4297 1338 4351 ἀεὶ
1367 4296 1543 4360 ὄντος,
1576 4297 1673 4350 καὶ
1711 4295 1913 4367 τυγχά-

2023 4296 2134 4351 vitii
2175 4310 2379 4365 genus.
2418 4291 2695 4358 Quocirca
2731 4289 2859 4343 dum
2905 4287 3327 4356 concupiscunt,
3358 4299 3459 4339 nec
3505 4292 3593 4337 ta-

333 4408 541 4455 νοντες,
574 4392 957 4462 εὐφραίνονται
991 4389 1136 4443 κατά
1162 4389 1259 4460 τὴν
1295 4390 1592 4460 ἐπιθυμίαν
1632 4387 1911 4456 ἀναλόγως

334 4482 539 4546 αὐτῶν,
567 4481 689 4536 καθ’
721 4482 788 4553 ἢν
830 4482 925 4535 καὶ
952 4480 1283 4552 τυγχιάνουσι
1310 4480 1406 4534 τοῦ
1448 4479 1908 4550 ἐπιθυμουμένου.

335 4573 412 4627 Τὸ
447 4575 545 4644 μὲν
571 4568 666 4627 οῦν
685 4574 854 4634 ὅντως
880 4573 1105 4641 ἀγαθὸν,
1128 4572 1189 4625 τὸ
1213 4571 1372 4642 φύσει
1408 4571 1614 4640 ἀγαθόν
1644 4571 1782 4633 ἐστι,
1808 4568 1910 4623 κᾶν

333 4661 521 4726 ποσῶς
549 4664 767 4733 μετέχει
798 4661 919 4715 κατ’
951 4660 1082 4716 αὐτὸ
1108 4661 1168 4715 τὸ
1205 4658 1346 4714 εἶναι
1378 4660 1473 4713 τοῦ
1497 4659 1722 4723 ἀγαθοῦ.
1749 4659 1823 4712 Τὸ
1852 4658 1909 4712 δὲ

331 4754 523 4809 δοκοῦν
554 4755 783 4823 ἀγαθὸν,
817 4757 877 4808 οὐ
911 4755 1073 4825 φύσει
1112 4753 1314 4822 ἀγαθόν
1345 4755 1484 4817 ἐστι,
1531 4752 1667 4807 ἀλλὰ
1713 4752 1904 4807 κακόν.

332 4847 407 4899 Τὸ
437 4842 532 4901 οῦν
572 4847 889 4918 προκρίνειν
949 4847 1048 4918 τὴν
1095 4846 1204 4901 τῶν
1237 4846 1554 4916 κτισμάτων
1602 4845 1908 4927 ἀπόλαυσιν
1952 4924 1953 4927 η

330 4937 430 5007 τῆς
452 4936 547 4991 τοῦ
580 4938 800 4992 κτίστου
834 4938 1210 5001 ἀπολαύσεως,
1240 4938 1335 4990 καὶ
1360 4937 1422 4990 τὸ
1454 4938 1651 4991 οἰκεῖον
1674 4924 1907 5008 θέλήμα,

332 5028 427 5081 τοῦ
450 5028 757 5099 θελήματος
779 5030 873 5083 τοῦ
896 5026 1251 5100 δημιουργοῦ,
1269 5028 1369 5081 οὐκ
1397 5027 1512 5080 ἐστι
1536 5027 1767 5091 δικαίου,
1790 5027 1909 5080 οὐδὲ

333 5120 565 5188 ἀγαθοῦ,
621 5121 937 5193 προκρίνειν
983 5120 1043 5173 τὸ
1095 5121 1226 5190 ἡμῖν
1257 5118 1451 5173 δοκοῦν
1508 5119 1730 5187 ἀγαθὸν,
1772 5119 1910 5190 ὅπερ

339 5211 541 5283 μᾶλλον
585 5212 755 5269 κακὸν
807 5211 1055 5285 ἐδείχθη,
1093 5211 1191 5265 τοῦ
1250 5212 1402 5277 ὄντος
1459 5211 1619 5282 φύσει
1667 5211 1907 5281 ἀγαθοῦο

2019 4405 2141 4445 men
2169 4402 2234 4444 eo
2260 4385 2405 4456 quod
2437 4385 2690 4455 cupiunt,
2714 4381 2822 4437 frui
2850 4388 3109 4452 possunt,
3132 4377 3454 4449 cupiditatis
3480 4391 3592 4431 sutc

2019 4494 2278 4552 tanquam
2304 4480 2533 4533 ﬂammae
2553 4476 2839 4547 cujusdam
2863 4474 3058 4528 ardore
3086 4471 3336 4542 ﬂagrant.
3363 4469 3590 4531 Contra,

2018 4574 2114 4644 qui
2143 4572 2296 4637 boni,
2332 4572 2436 4627 hoc
2471 4578 2558 4625 est
2593 4567 2767 4622 solius
2797 4564 2914 4629 Dei,
2960 4564 3056 4635 qui
3095 4578 3223 4617 vere
3273 4576 3338 4616 ac
3386 4559 3590 4629 sempi-

2017 4674 2177 4719 terne
2230 4673 2334 4727 est,
2388 4661 2663 4718 desiderio
2715 4665 2998 4723 tenentur,
3049 4668 3222 4724 eoque
3279 4652 3592 4723 potiuntur,

2017 4772 2118 4828 pro
2156 4754 2421 4811 desiderii
2474 4752 2558 4807 sui
2605 4751 2791 4813 modo,
2836 4765 2945 4819 quo
2982 4764 3042 4802 re
3085 4747 3267 4816 cupita
3307 4743 3594 4805 fruuntur,

2015 4851 2350 4920 voluptatem
2375 4848 2645 4903 sentiunt.
2680 4843 2760 4897 Ac
2791 4841 3014 4912 quidem
3054 4854 3183 4894 vere
3214 4838 3421 4892 bonum
3455 4834 3592 4889 illud

2010 4953 2118 5007 est,
2149 4941 2297 5012 quod
2329 4949 2545 4994 naturae
2578 4939 2783 4992 bonum
2838 4942 2923 4991 εει
2963 4952 2978 4990 :
3026 4932 3238 4988 etiamsi
3277 4931 3593 4999 aliquantu-

2017 5035 2156 5095 lum,
2193 5032 2455 5086 nimirum
2480 5029 2786 5086 secundum
2816 5025 2966 5096 quod
3003 5033 3109 5092 est,
3148 5025 3274 5080 boni
3313 5020 3597 5092 particeps

2016 5127 2115 5182 sit.
2165 5124 2381 5179 Bonum
2428 5132 2608 5178 autem
2656 5136 2958 5192 apparens,
2994 5135 3103 5173 non
3138 5125 3338 5172 natura
3363 5114 3592 5175 bonum,

2019 5214 2114 5270 sed
2141 5213 2343 5267 malum
2377 5220 2484 5267 est.
2520 5210 2641 5269 Non
2674 5218 2758 5265 est
2786 5208 2890 5263 viri
2919 5207 3079 5278 justi,
3121 5220 3305 5261 rerum
3339 5201 3587 5257 condita-

408 5391 452 5423 ³³
477 5390 599 5445 Lib.
629 5392 663 5445 4
697 5390 773 5446 De
812 5393 937 5461 ﬁde.
968 5407 1089 5463 cap.
1121 5390 1211 5445 22.
1245 5387 1370 5445 νεα.
1439 5388 1664 5452 Ilieron.
1700 5390 1795 5444 lib.
1834 5404 1918 5455 Ill,
1945 5387 2100 5444 Cum.
2140 5387 2449 5462 Pelag.cap.
2475 5389 2530 5447 2.

1640 5501 1881 5557 VARIAE
1920 5500 2328 5560 LECTIONES.

420 5599 435 5637 i
470 5596 697 5671 Leuncl.
740 5604 793 5650 in
818 5613 993 5669 marg.
1025 5597 1279 5655 emendat
1311 5596 1387 5667 τῷ
1408 5596 1658 5666 διαϐόλῳ.
1739 5608 1751 5646 J
1790 5595 2017 5654 Leuncl.
2039 5598 2093 5652 in
2125 5612 2300 5670 marg.
2331 5597 2422 5654 τὸν
2451 5600 2545 5654 τοῦ
2572 5596 2708 5655 εἶναι
2742 5597 2903 5669 λόγον
2930 5599 3191 5671 δηλονότι,
3223 5598 3325 5654 hoc
3356 5607 3459 5662 est,
3494 5613 3583 5653 exc

336 5667 552 5722 sistendi
587 5668 814 5721 ratione.
