3930 6206
364 253 500 320 ι543
1535 237 1597 293 s.
1625 233 1945 294 JOANMS
1988 227 2438 290 DAMASCEM’
3470 215 3572 278 15;
3592 221 3622 273 ι

361 385 484 427 rum
522 363 839 420 fruitionem
871 355 1180 413 conditoris
1211 348 1486 414 fruitioui,
1521 362 1788 417 suamque
1839 361 1913 400 vo.

2069 346 2174 416 mi
2219 343 2472 413 γενέσθαι
2505 343 2604 410 μὲν
2664 338 2845 401 αὑτὸν,
2901 337 2993 389 καὶ
3044 337 3189 404 ἔχειν
3249 330 3444 402 μοῖράν
3492 345 3621 381 τινας

365 462 631 515 luntatem
661 449 966 507 conditoris
993 445 1269 500 anteferre
1302 439 1570 496 voluntati
1599 456 1613 505 ;
1642 452 1745 492 nec
1779 438 1907 490 boni

2066 436 2412 507 ’μικροτάτην
2436 433 2528 486 τοῦ
2560 432 2713 494 ὄντος
2735 430 2762 468 κ
2790 427 3018 496 ἀγαθοῦ,
3043 429 3189 496 ἢπερ
3221 423 3310 476 διὰ
3331 423 3393 474 τὸ
3418 421 3618 478 κακὸν.

365 511 592 618 iii—quod
631 543 896 599 bonitatis
932 548 1144 595 tantum
1177 535 1418 604 speciem
1453 531 1645 594 habet,
1677 526 1917 598 quodqui

2072 526 2306 589 ουτέστι,
2333 524 2422 577 διὰ
2463 523 2560 592 τὴν
2589 521 2773 575 ἄδικον
2816 517 3003 585 ἔφεσιν
3043 515 3136 568 καὶ
3177 511 3387 580 λύπην,
3423 525 3623 576 στερη-

2397 614 2407 618 -
2456 614 2479 618 ,Α
2693 611 2718 618 ..
2872 607 2884 618 ι
2947 605 2950 608 ’
3081 605 3106 616 ο
3144 607 3155 618 ο
3246 603 3272 618 Λ
3313 600 3340 611 ⁸*
3412 599 3475 618 οη
3514 597 3615 618 -,L_

367 597 419 607 ._
1210 597 1226 604 _
1704 597 1711 598 ί

367 642 573 696 malum
619 637 803 707 potius
837 646 957 687 esse
1004 626 1386 698 probavimus,
1422 635 1488 676 eo
1535 619 1681 690 quod
1735 625 1919 670 natur:

2079 620 2201 687 ἦναι
2227 618 2322 670 καὶ
2352 614 2520 682 αὐτῆς
2549 611 2750 681 μικρᾶς
2793 605 2990 677 μοίρας
3017 605 3109 657 τοῦ
3134 600 3366 670 ἀγαθοῦ.
3412 599 3476 653 Ὀ
3511 597 3625 667 γὰρ

369 733 573 786 bonum
607 687 712 789 erst,
744 721 1024 790 antiquius
1055 717 1278 775 habere,
1307 712 1458 785 Deus
1493 687 1658 782 igitur
1686 724 1812 763 eum
1845 722 1921 778 por

2077 709 2178 771 θεὸς
2212 707 2271 760 οὐ
2304 703 2446 759 κατὰ
2471 702 2568 773 τὴν
2604 700 2883 772 ἡμετέραν
2918 698 3098 768 κρίσιν
3142 694 3239 764 τὴν
3277 691 3476 759 ἄλογον
3503 687 3629 758 κρί-

369 825 482 878 tius
535 834 677 882 esse,
713 831 776 870 ac
818 813 904 867 vel
959 809 1244 864 minimam
1281 805 1412 860 boni
1464 813 1677 873 partem
1739 801 1921 855 habert

2077 815 2146 862 ει,
2171 793 2307 850 ἀλλὰ
2351 793 2492 846 κατὰ
2540 791 2601 843 τὸ
2636 790 2806 852 ὅντως
2861 787 3066 854 ἀγαθὸν
3101 785 3194 837 καὶ
3221 783 3465 836 δίκαιον’
3501 777 3629 831 οὐδὲ

371 913 586 976 maluit,
619 921 779 978 quam
831 912 892 958 ut
943 903 1014 956 ob
1050 901 1277 962 malum.
1309 899 1415 952 hoc
1461 869 1546 952 est
1589 895 1660 950 ob
1691 894 1923 963 iniquan

2081 893 2160 950 οῖς
2191 885 2420 939 πάθεσιν
2454 882 2611 954 ἡμῶν
2649 877 3013 947 ἐξακολουθεῖ,
3063 876 3187 929 οὐδὲ
3219 874 3307 927 διὰ
3330 869 3631 942 νομιζομέ-

371 1004 493 1072 ejus
527 999 908 1070 cupiditatem,
937 992 1213 1060 animique
1235 990 1561 1052 cruciatum,
1593 987 1696 1040 hac
1720 999 1923 1058 quoqut

2081 996 2147 1049 ην
2174 975 2539 1047 συμπάθειαν,
2583 973 2682 1041 τὴν
2717 971 2888 1034 ὅντως
2927 965 3255 1039 ὲμπάθειαν,
3287 965 3380 1017 τὸν
3405 961 3501 1014 τόῦ
3542 960 3629 1012 δι-

372 1063 569 1164 εξίςυιι
601 1063 729 1146 boni
766 1095 922 1158 parte
971 1084 1308 1153 privaretur.
1364 1078 1553 1148 Neque
1603 1077 1752 1131 enim
1801 1075 1924 1130 Deu:

1197 1091 1308 1135 tur.
1364 1078 1553 1148 Neque
1603 1077 1752 1131 enim
1801 1075 1946 1130 Deus
2052 1071 2209 1125 καίου
2243 1069 2400 1136 λόγον
2431 1063 2742 1137 προδίδωσι.

375 1189 550 1242 instar
583 1181 778 1246 nostri,
812 1193 1048 1249 quorum
1077 1175 1338 1231 stolidum
1369 1182 1455 1227 est
1481 1169 1776 1242 judicium,
1802 1168 2019 1238 judicat
2048 1182 2062 1218 :
2097 1162 2193 1220 sed
2221 1170 2279 1216 ut
2303 1175 2446 1215 vera:
2487 1157 2719 1226 justitia:
2779 1169 2844 1210 ac
2895 1151 3131 1208 bonitati
3191 1155 3631 1222 consentaneum

374 1289 496 1334 est:
532 1292 633 1332 nec
655 1273 861 1328 nostris
885 1269 1225 1327 obseeundat
1279 1266 1590 1331 aﬂectibus,
1649 1278 1749 1318 nec
1804 1270 2028 1332 propter
2097 1257 2659 1318 commiserationent,
2716 1258 2776 1305 ut
2829 1249 3187 1306 existimatur
3233 1244 3381 1314 (cum
3443 1249 3636 1294 tamen

375 1385 505 1427 vere
561 1375 892 1437 praepostera
947 1361 1197 1432 quaedam
1253 1357 1593 1427 indulgentia
1639 1354 1733 1425 sit)
1765 1354 1857 1423 jus
1889 1362 1943 1408 et
1982 1367 2200 1423 tequum
2236 1349 2442 1418 prodit.

446 1467 536 1520 57.
566 1463 796 1530 Insuper
826 1477 841 1513 :
878 1457 1022 1512 Deus
1049 1471 1112 1510 ea
1136 1469 1257 1524 quae
1285 1453 1530 1507 nondum
1563 1457 1716 1515 sunt,
1749 1455 1944 1514 vocat;

2126 1445 2221 1509 λς’.
2261 1443 2371 1498 Καὶ
2404 1441 2567 1496 πάλιν
2587 1456 2600 1468 °
2633 1441 2661 1492 6
2691 1437 2821 1500 Θεὸς
2851 1435 2918 1489 τὰ
2961 1435 3133 1504 μήπω
3159 1431 3290 1483 ὄντα
3326 1427 3504 1490 καλεῖ,
3539 1428 3637 1478 καὶ

379 1568 435 1613 et
462 1542 585 1625 qua:
628 1519 813 1606 futura
861 1555 1012 1611 sunt,
1049 1519 1199 1600 velut
1227 1544 1342 1613 jam
1391 1542 1534 1596 facta
1592 1539 1855 1610 perspicit
1889 1553 1931 1590 at

2085 1541 2123 1594 κὰ
2154 1538 2411 1607 ἐσόμενα,
2433 1534 2507 1595 ὡς
2532 1532 2634 1603 ἤδη
2673 1527 3017 1599 γεγενημένα
3043 1525 3254 1595 θεωρεῖ,
3289 1521 3385 1573 καὶ
3419 1519 3597 1588 κρίνει
3621 1532 3637 1546 ·

377 1646 615 1719 judicat.
640 1638 1117 1710 Quemadmodum
1144 1610 1394 1706 judex",
1418 1635 1474 1688 in
1502 1648 1626 1688 eum
1657 1631 1748 1702 qui
1772 1631 1924 1687 scclu

2090 1648 2246 1702 ›σπερ
2279 1625 2372 1683 οῦν
2397 1627 2486 1680 τὸν
2526 1625 2625 1696 ἤδη
2663 1620 3059 1693 ἁμαρτήσαντα
3088 1618 3116 1669 6
3169 1614 3366 1683 κριτὴς
3411 1610 3642 1670 δικαίως

383 1737 606 1809 aliquod
627 1735 870 1796 admisit,
897 1731 1098 1785 merito
1117 1726 1508 1781 animadvertit
1533 1743 1545 1778 :
1567 1739 1630 1778 ac
1648 1723 1755 1778 nisi
1777 1721 1935 1774 anim

2090 1722 2299 1786 ιολὰζει,
2329 1717 2432 1772 κᾶν
2461 1716 2536 1787 μὴ
2575 1715 2804 1784 κολάσῃ,
2837 1710 3022 1774 ἄδικός
3057 1709 3174 1765 ἐστι
3193 1723 3209 1739 ⁶
3237 1706 3334 1758 καὶ
3355 1705 3458 1757 οὐκ
3492 1703 3642 1754 ἔστιν

385 1828 661 1886 advertat.
696 1825 920 1893 iniquus
967 1829 1093 1884 est;
1138 1831 1316 1885 neque
1363 1815 1485 1884 ipse
1544 1811 1599 1865 in
1659 1824 1828 1865 causa
1879 1821 1937 1862 es

2091 1813 2222 1876 ,ὐτὸς
2245 1809 2420 1871 αἴτιος
2441 1809 2539 1878 τῆς
2569 1804 2663 1858 τοῦ
2686 1801 3052 1872 κολαζομένου
3085 1797 3362 1868 ἁμαρτίας
3389 1795 3424 1863 ἢ
3464 1809 3610 1862 τιμω
3631 1821 3643 1828 -

385 1934 488 1975 cur
532 1917 623 1970 ille
676 1913 943 1984 peccarit,
988 1917 1081 1962 aut
1128 1883 1428 1977 puniatur;
1479 1917 1670 1957 verum
1710 1900 1832 1970 ejus
1865 1912 1937 1968 qu

2093 1905 2209 1968 νίας,
2245 1901 2360 1958 ἁλλ’
2383 1901 2418 1970 ἡ
2451 1897 2544 1952 τοῦ
2570 1895 2992 1967 ἁμαρτήσαντος
3023 1890 3376 1960 προαίρεσις·
3408 1883 3588 1946 οῦτως
3613 1883 3645 1934 6

390 2004 656 2077 peccavit,
710 2001 1006 2054 voluntas:
1041 1976 1316 2050 siciDens
1368 2006 1531 2056 eum,
1585 1989 1680 2061 qui
1742 1989 1942 2042 futuru:

2088 1995 2221 2060 956g,
2260 1993 2346 2056 ’ὡς
2393 1991 2495 2063 ἢδη
2544 1985 2937 2057 γεγενημένον,
2981 1982 3043 2036 τὸ
3095 1981 3356 2050 ἐσόμενον
3397 1976 3640 2046 βλέπων,

389 2105 531 2161 erat,
593 2102 849 2161 tanquam
884 2089 997 2159 jam
1032 2096 1216 2142 ortum
1269 2086 1536 2145 intuens,
1587 2089 1647 2134 ut
1699 2085 1941 2134 exstaret

2091 2101 2282 2156 μκρινεν
2342 2083 2504 2137 αὐτὸν
2576 2077 2868 2148 γενέσθαι,
2937 2074 3031 2128 καὶ
3081 2075 3130 2126 εί
3181 2072 3354 2133 κακὸς
3396 2069 3643 2137 γένοιτο,

392 2187 653 2248 decrevit,
692 2194 861 2253 utque
891 2181 938 2237 si
966 2180 1147 2234 malus
1176 2177 1462 2238 evaderet,
1491 2174 1610 2244 ipse
1639 2173 1750 2226 sibi
1779 2185 1940 2240 pmna

2103 2176 2133 2243 ξ
2183 2172 2348 2228 αὑτοῦ
2419 2168 2752 2239 κολασθῆναι
2778 2184 2792 2197 ·
2847 2165 2928 2219 διὸ
2988 2163 3085 2217 καὶ
3127 2160 3385 2230 ἐποίησεν
3460 2157 3648 2217 αὐτὸν,

393 2293 516 2333 rum
549 2287 745 2330 auctor
791 2275 965 2327 ﬁeret.
1016 2269 1174 2324 Unde
1212 2267 1379 2322 etiam
1417 2280 1541 2320 eum
1596 2262 1865 2325 condidit,
1915 2278 1945 2317 e

2099 2269 2168 2324 ιαὶ
2196 2265 2401 2336 ἀγαθὸν
2449 2263 2708 2334 ἐποίησεν
2760 2259 2956 2313 αὐτόν’
3010 2254 3172 2318 αὐτὸς
3216 2254 3271 2306 δὲ
3328 2252 3387 2316 ἐξ
3440 2250 3651 2311 σίκείας

392 2373 600 2429 bonum
653 2367 932 2423 condidit.
995 2363 1202 2418 Verum
1265 2361 1360 2415 ille
1422 2357 1648 2429 propria
1702 2356 1944 2410 clection

2146 2361 2448 2432 ιοαιρέσεως
2481 2355 2671 2424 γέγονε
2709 2351 2901 2414 κακὸς,
2943 2348 3039 2401 καὶ
3086 2344 3262 2414 ἑαυτῷ
3309 2343 3505 2410 γέγονε
3548 2338 3698 2406 τῆς.

395 2463 578 2519 malus
616 2460 794 2513 iactus
823 2463 930 2521 est,
959 2453 1181 2523 sibique
1212 2452 1320 2522 ipsi
1355 2449 1685 2520 supplicium
1730 2445 1945 2500 accersi

2100 2432 2343 2526 τιμωρίας
2376 2450 2548 2511 αἴτιος
2568 2463 2582 2477 °
2625 2445 2821 2517 μᾶλλον
2854 2443 2912 2496 δὲ
2951 2439 3140 2494 ἑαυτὸν
3159 2439 3510 2508 τιμωρεῖται,
3546 2432 3652 2484 τῶν

394 2552 475 2608 vit
503 2569 518 2605 :
556 2551 686 2612 imo,
725 2548 844 2616 ipse
873 2545 1116 2613 seipsum
1141 2541 1447 2606 excruciat,
1474 2539 1602 2592 dum
1621 2551 1685 2591 ea
1712 2551 1835 2606 quae
1865 2549 1946 2589 ιιοι

2151 2523 2349 2616 γὸντων
2382 2540 2692 2610 ἐφιέμενος.
2724 2537 2847 2588 Ὀτι
2883 2533 2942 2586 δὲ
2992 2532 3090 2600 οὐχ
3127 2532 3160 2601 ἠ
3208 2527 3517 2598 πρόγνωσις
3552 2523 3645 2575 τοῦ
3699 2565 3703 2568 .

401 2647 553 2703 sunt,
583 2613 811 2707 expetit.
849 2633 1007 2700 Quod
1042 2640 1225 2687 autem
1258 2631 1351 2686 Dei
1381 2627 1729 2700 praescientia
1757 2627 1953 2680 diaboh

2090 2613 2214 2691 Θεοῦ
2243 2636 2468 2704 γέγονεν
2523 2629 2674 2685 αἰτία
2717 2625 2866 2695 αὐτῷ
2915 2623 2994 2693 τῷ
3051 2619 3288 2688 διαϐόλῳ
3331 2615 3418 2668 τοῦ
3473 2613 3642 2679 κακὸν

401 2746 572 2788 causa
606 2744 716 2784 non
747 2726 938 2790 fuerit,
973 2733 1033 2778 ut
1072 2724 1251 2777 malus
1296 2721 1449 2776 ﬁeret
1473 2761 1488 2786 ,
1545 2721 1676 2773 hinc
1732 2725 1953 2772 constat

2084 2727 2321 2792 ἔσεσθαι,
2351 2725 2509 2795 δῆλον
2531 2737 2544 2751 ’
2580 2718 2829 2789 οὐδὲγὰρ
2869 2717 2898 2769 6
2927 2711 3323 2785 προγινώσκων
3351 2705 3520 2775 ἰατρὸς
3542 2703 3636 2771 τὴν

402 2823 538 2879 Nam
592 2837 697 2877 nec
737 2820 1018 2881 medicus,
1055 2818 1185 2871 dum
1235 2814 1484 2868 futurum
1537 2812 1790 2866 morbum
1842 2825 1954 2880 pra:

2089 2821 2350 2892 ἐσομένην
2381 2817 2556 2878 νόσον,
2587 2813 2759 2874 αἴτιός
2811 2811 2929 2862 ἐστι
2974 2810 3074 2876 τῆς
3122 2805 3302 2866 νόσου,
3331 2798 3445 2853 ἀλλ’
3485 2796 3641 2849 αἴτιον

405 2916 609 2981 noscit,
640 2912 817 2967 morbi
847 2924 1013 2964 causa
1041 2916 1126 2963 cst
1156 2925 1170 2961 ι
1199 2906 1332 2975 quin
1363 2904 1549 2974 potius
1578 2903 1756 2957 morbi
1785 2914 1954 2956 causa

2102 2885 2192 2967 tév‘
2222 2885 2320 2980 τῆς
2346 2908 2527 2974 νόσου,
2561 2908 2595 2976 ἡ
2628 2903 2846 2970 ἀταξία,
2881 2903 2915 2971 ἡ
2968 2899 3026 2952 δὲ
3059 2897 3394 2966 πρόγνωσις,
3422 2888 3525 2956 τῆς
3561 2885 3654 2939 τοῦ

407 3007 464 3062 in
499 3005 874 3060 immoderata:
904 3003 1028 3055 vita:
1058 2999 1272 3053 ratione
1292 2995 1547 3050 consistit
1579 3013 1592 3049 :
1630 2993 1828 3048 medici
1857 3006 1959 3046 veri

2109 3003 2276 3076 ατροῦ
2322 3003 2633 3071 ἐπιστήμης
2677 2994 2988 3065 γνώρισμα,
3028 2989 3122 3044 καὶ
3172 2987 3349 3041 αἴτιον
3390 2983 3492 3052 τῆς
3529 2995 3658 3052 προ-

414 3095 766 3169 praecognitio
791 3132 805 3158 ,
839 3089 1172 3146 eruditionis
1225 3087 1401 3155 ipsius
1447 3090 1829 3152 argumentum
1866 3087 1951 3134 est

2109 3095 2338 3163 γνώσεως
2370 3093 2430 3145 τὸ
2475 3090 2648 3149 οὕτως
2681 3085 2897 3158 μέλλειν
2927 3083 3164 3136 ἔσεσθαι.
3198 3099 3217 3130 ι
3238 3081 3366 3131 Ὅτι
3391 3075 3452 3128 δὲ
3492 3073 3661 3133 οὕτως

414 3165 884 3258 ρτιεηοιὶοηὶειιιιο
916 3193 1086 3235 causa
1120 3178 1236 3231 haec
1270 3183 1376 3239 est,
1405 3173 1568 3245 M7
1605 3173 1756 3242 quod
1791 3171 1866 3224 ita
1898 3168 1966 3222 (ιιι

2113 3189 2226 3253 στὶ,
2264 3186 2427 3256 φησὶν
2468 3185 2496 3236 6
2547 3177 2890 3242 ’Δπόστολος,
2913 3176 2940 3227 ὁ
2971 3173 3154 3227 καλῶν
3192 3169 3262 3222 τὰ
3311 3167 3388 3238 μὴ
3417 3167 3549 3220 ὅντα
3592 3165 3665 3224 ὡς

414 3257 598 3332 turum
628 3283 768 3329 erat.
802 3272 958 3338 Quod
1007 3278 1190 3323 autent
1229 3281 1289 3321 se
1337 3268 1412 3319 ita
1458 3280 1548 3318 res
1582 3264 1807 3326 habeat,
1840 3259 1966 3329 Apol

2110 3282 2238 3335 ἱντα.
2277 3299 2295 3332 ι
2329 3276 2439 3331 Καὶ
2466 3273 2624 3328 τοῦτο
2665 3273 2723 3325 δὲ
2755 3269 2956 3323 εἰδέναι
2988 3267 3118 3336 χρὴ,
3148 3264 3230 3316 ὅτι
3259 3259 3447 3321 καθὼς
3472 3257 3662 3320 ἐξέλθῃ

416 3366 595 3420 stolus
622 3363 864 3417 declarat
897 3359 1156 3427 inquiens
1188 3373 1202 3410 :
1245 3374 1264 3406 ι
1305 3356 1408 3420 Qui
1439 3360 1604 3408 vocat
1637 3367 1697 3406 ea
1732 3367 1853 3420 quae
1877 3365 1968 3404 non

2112 3370 2301 3445 ᾕψυχὴ
2345 3371 2408 3421 ἐκ
2440 3365 2536 3419 τοῦ
2575 3363 2846 3434 σώματος,
2889 3358 3061 3419 οὕτως
3096 3353 3341 3424 διαμένει
3394 3351 3664 3420 ἄτρεπτος

417 3464 568 3518 sunt,
601 3461 861 3522 tanquam
892 3465 955 3505 ea
987 3462 1110 3517 qua:
1145 3455 1274 3499 sunt
1304 3446 1373 3497 ⁸⁵.
1413 3462 1431 3494 ι
1474 3441 1620 3508 Quin
1662 3441 1799 3495 illud
1847 3441 1969 3495 SCiI‘I

2109 3441 2184 3518 :66
2225 3460 2437 3526 λοιποῦ,
2477 3459 2586 3512 εἴτε
2626 3455 2688 3510 τὸ
2739 3451 2943 3523 ἀγαθὸν
2979 3447 3218 3504 ποθοῦσα
3241 3485 3255 3510 ,
3293 3445 3398 3497 εἴτε
3445 3442 3506 3494 τὸ
3555 3453 3661 3492 πο-

417 3561 712 3602 necessum
764 3551 868 3609 est,
929 3541 1196 3602 animam,
1245 3546 1304 3590 ut
1335 3550 1365 3590 e
1394 3548 1624 3604 corpore
1659 3531 1890 3596 excedit,
1928 3543 1993 3584 ea

374 3638 526 3708 ’jam
578 3635 891 3694 conditione
937 3645 1082 3694 esse,
1130 3637 1189 3681 ut
1237 3627 1442 3680 mutari
1477 3640 1588 3680 non
1639 3623 1836 3694 possit,
1879 3622 1996 3676 sive

422 3727 552 3784 boni
577 3725 876 3788 desiderio,
915 3723 1030 3777 sive
1066 3719 1193 3774 mali
1221 3717 1414 3771 ail‘ecta
1445 3715 1596 3770 sit".

492 3820 582 3874 38.
610 3819 816 3871 Pratter
850 3815 968 3869 haec
1000 3821 1184 3867 autem
1205 3810 1414 3874 omnia,
1441 3809 1646 3862 bonum
1682 3806 1924 3860 dicimus
1946 3804 1998 3857 id

2167 3819 2269 3888 λη’.
2315 3816 2440 3870 Ἐπὶ
2470 3815 2604 3867 πᾶσι
2634 3811 2690 3864 δὲ
2740 3809 2973 3870 τούτοις,
3002 3803 3164 3857 τοῦτό
3207 3817 3389 3871 φαμεν
3439 3796 3668 3866 ἀγαθὸν,

423 3911 573 3980 quod
615 3911 760 3964 Deus
795 3907 931 3960 vult.
975 3904 1046 3959 Ut
1075 3905 1221 3959 enim
1249 3904 1435 3955 lumen
1468 3914 1497 3953 a
1537 3897 1655 3953 sole
1676 3897 1878 3960 oritur,
1924 3895 1975 3948 it:

2118 3915 2233 3980 ἱπερ
2271 3908 2417 3962 θέλει
2454 3907 2482 3959 6
2507 3905 2658 3966 Θεός.
2690 3902 2906 3970 Ὥσπερ
2935 3896 3045 3968 γὰρ
3069 3896 3130 3948 τὸ
3160 3894 3275 3962 φῶς
3299 3895 3366 3944 ἐκ
3385 3888 3483 3943 τοῦ
3519 3888 3670 3959 ἡλίου

431 4005 634 4058 bonum
665 4015 729 4054 ex
771 3998 902 4052 Deo.
924 3995 1110 4061 Quare
1128 3992 1396 4064 quidquid
1428 3992 1604 4044 bonus
1627 3988 1764 4052 vult,
1799 3987 1983 4041 bonutr

2120 4002 2360 4074 ὀρίζεται,
2392 3998 2535 4052 οὕτω
2558 3995 2653 4050 καὶ
2681 3993 2740 4048 τὸ
2765 3991 2969 4061 ἀγαθὸν
2999 3991 3064 4042 ἐκ
3089 3987 3185 4040 τοῦ
3218 3984 3356 4038 Θεοῦ
3374 4000 3388 4012 ·
3415 3983 3534 4035 Πᾶν
3557 3980 3672 4046 οὖν.

425 4104 548 4150 est:
586 4093 750 4160 idque
779 4090 997 4144 demum
1041 4088 1244 4141 bonum
1277 4092 1382 4148 est,
1421 4082 1566 4152 quod
1604 4083 1721 4150 ipse
1749 4077 1971 4134 vultJu

2125 4073 2296 4147 [θέλει
2324 4090 2546 4159 ἀγαθὸς,
2571 4086 2772 4156 ἀγαθόν
2802 4087 2952 4137 ἐστι’
2989 4082 3087 4134 και
3104 4078 3423 4132 τοῦτόέστιν
3450 4073 3677 4142 ἀγαθὸν,

427 4187 532 4242 dex
586 4183 732 4238 Deus
785 4193 888 4244 est,
931 4196 1040 4234 non
1093 4193 1193 4232 nos
1248 4177 1340 4231 Dei
1386 4176 1626 4244 judices.
1661 4172 1804 4238 Quid
1837 4171 1979 4240 igitu‘

2128 4212 2132 4237 μ
2165 4187 2328 4239 θέλει.
2363 4183 2572 4252 Κριτής
2607 4183 2757 4232 ἐστιν
2788 4178 2816 4230 6
2845 4175 2998 4238 Θεὸς,
3038 4173 3135 4242 οὐχ
3161 4173 3326 4241 ἡμεῖς
3358 4170 3547 4239 κριταὶ
3575 4164 3680 4220 «τοῦ

427 4276 738 4330 censoriam
774 4273 829 4325 in
863 4285 988 4325 eum
1027 4271 1234 4337 virgam
1289 4266 1634 4336 arripimus?
1677 4265 1817 4316 Deus
1850 4271 1979 4314 moti

2130 4277 2262 4332 )εοῦ.
2288 4275 2354 4327 Τί
2388 4271 2481 4327 οὖν
2515 4272 2677 4326 αὑτὸν
2704 4268 3072 4338 ἀνακρίνομεν
3097 4282 3111 4329 ;
3139 4263 3270 4324 Θεὸς
3302 4260 3554 4333 ὀρρωδεί,
3590 4259 3682 4312 καὶ

428 4366 771 4436 percellitur,
804 4361 1125 4430 trepidatac
1157 4358 1352 4412 timet?
1382 4358 1526 4412 Deus
1550 4356 1639 4410 ille
1675 4369 1782 4408 non
1809 4353 1973 4408 fuerit

2129 4372 2316 4438 ἱειλιᾷ,
2378 4368 2472 4421 κα.)⁹
2535 4365 2777 4428 δέδοικε;
2834 4359 2968 4421 Θεὸς
3019 4355 3392 4424 φοϐούμενος,
3456 4351 3535 4421 μὴ
3597 4353 3681 4420 εἴη

427 4427 591 4527 quam
627 4463 804 4508 metus
840 4427 1099 4523 exagitat.
2105 4427 2269 4529 Θεόςί

497 4545 586 4600 59.
622 4543 678 4598 Si
697 4543 778 4598 sol
806 4551 860 4598 et
884 4543 1013 4595 luna
1033 4549 1299 4609 tanquam
1329 4537 1546 4607 navigia
1570 4534 1820 4607 quaedam
1847 4545 2000 4599 sunt,

2175 4555 2275 4608 λθ’.
2309 4553 2371 4606 Ei
2410 4553 2438 4604 6
2467 4549 2620 4619 ἥλιος
2651 4546 2746 4599 καὶ
2775 4548 2808 4615 ἡ
2855 4542 3052 4613 σελήνη
3082 4539 3243 4593 πλοῖα
3276 4537 3561 4605 γεγόνασι,
3597 4533 3687 4588 διὰ

427 4649 551 4706 quae
580 4642 813 4703 partem,
849 4646 1015 4701 quam
1047 4628 1276 4683 materia
1325 4625 1437 4681 Deo
1470 4625 1696 4692 eripuit,
1728 4623 1964 4678 evehant

2132 4647 2168 4700 τὸ
2189 4645 2416 4713 ἀγαγεῖν
2445 4641 2546 4710 τὴν
2585 4639 2798 4708 μοῖραν,
2827 4634 2896 4702 ἢν
2933 4635 3177 4706 ἥρπασεν
3203 4631 3235 4697 ἡ
3266 4627 3364 4698 ῦλη
3397 4625 3507 4679 ἀπὸ
3524 4622 3684 4686 Θεοῦ,

428 4736 564 4793 ergo
588 4736 690 4776 nec
721 4721 824 4785 s'ol,
859 4734 956 4774 nec
994 4719 1123 4772 luna
1158 4720 1311 4786 prius
1343 4723 1526 4780 erant,
1563 4723 1726 4783 atque
1759 4714 1922 4767 homo
1947 4715 1980 4766 ii

2142 4743 2209 4794 ὑκ
2263 4735 2332 4808 ἦν
2381 4734 2490 4805 πρὸ
2535 4730 2733 4784 τούτου
2781 4727 2967 4797 ἣλιος,
3011 4722 3131 4776 οὐδὲ
3186 4721 3423 4791 σελήνη,
3474 4718 3570 4771 καὶ
3630 4718 3690 4769 ὲν

431 4813 679 4869 tenebris
709 4812 1060 4865 versabatur.

1580 4897 1585 4898 ,
2114 4829 2290 4898 σκότῳ
2317 4822 2383 4898 ἦν
2409 4825 2437 4876 6
2459 4821 2767 4892 ἄνθρωπος.

500 4904 591 4958 40.
629 4901 688 4957 Si
719 4901 945 4954 aﬂlictio
977 4899 1241 4968 opinione
1265 4906 1452 4953 vestra
1485 4897 1628 4951 mala
1675 4904 1760 4952 est
1781 4937 1796 4959 ,
1851 4899 2005 4953 volu-

2149 4881 2274 4992 γμν..
2386 4915 2508 4970 καθ’
2547 4881 2690 4983 ῦμᾶς
2729 4911 2763 4980 ἡ
2795 4907 2973 4976 θλίψις
3000 4904 3168 4987 κακὴ,
3212 4901 3430 4954 πάντων
3458 4900 3493 4966 ἡ
3525 4893 3688 4965 ἡδονὴ

433 5006 555 5066 ptas
595 5004 651 5048 et
692 4992 994 5047 oblectatio
1043 4992 1184 5044 bona
1241 4992 1311 5045 sit
1348 5003 1576 5044 necesse
1629 4999 1734 5044 est.
1766 4988 1921 5056 Quod
1958 5007 1984 5045 s

2137 4977 2207 5065 ταὶ
2263 5012 2298 5074 ἡ
2333 4977 2634 5066 ἀπόλαυσις
2683 4977 2898 5068 ἁγαθήο
2961 4977 3058 5049 καὶ
3097 4995 3146 5047 εἰ
3191 4992 3369 5052 τοῦτο,
3417 4987 3689 5055 ἀγαθὸνὴ

433 5088 506 5139 ita
535 5091 644 5149 est,
679 5084 822 5138 bona
871 5081 1038 5151 igitur
1088 5080 1378 5134 furnicatio
1402 5121 1416 5144 ,
1452 5080 1748 5148 ingluvies,
1777 5090 1985 5136 caetera

2141 5103 2364 5175 πορνεία,
2406 5099 2498 5153 καὶ
2545 5098 2578 5165 ἡ
2617 5087 3054 5162 γαστριμαργία,
3086 5085 3180 5138 καὶ
3217 5083 3319 5135 ὅσα
3358 5080 3557 5149 τέρπει
3597 5078 3693 5128 καὶ

433 5193 538 5247 que
559 5191 682 5246 qua:
711 5183 1118 5243 perpetrantem
1170 5172 1452 5241 voluptate
1495 5171 1740 5226 alliciunt
1771 5191 1783 5226 :
1809 5182 1985 5226 contr:

2136 5171 2224 5267 ιδει
2253 5195 2346 5247 τὸν
2390 5191 2732 5262 ’πράττοντα⁹
2774 5184 2873 5235 ὅσα
2911 5180 2968 5233 δὲ
2996 5178 3181 5238 λυπεῖ,
3236 5173 3558 5242 ἐγκράτεια,
3590 5185 3688 5238 νη.

431 5284 494 5322 ea
532 5267 717 5322 omnia
751 5281 876 5336 qua:
904 5265 1212 5318 molestiam
1247 5265 1504 5326 afferunt,
1545 5274 1604 5316 ut
1637 5265 2002 5328 continentia,

432 5360 634 5422 inedia,
665 5357 886 5426 vigilias,
919 5356 1134 5424 aliaque
1165 5355 1216 5408 id
1251 5370 1447 5422 genus,
1487 5355 1630 5408 mala
1659 5364 1805 5409 sunt.

2093 3572 2158 3626 νη
2168 3553 2282 3626 ρόν.

2117 5289 2291 5349 στεία,
2330 5282 2626 5354 ἀγρυπνία,
2656 5278 2748 5332 καὶ
2768 5275 2836 5328 τὰ
2856 5271 3103 5335 τοιαῦτα,
3129 5267 3295 5322 κακά.

495 5491 540 5521 ⁸⁸
581 5490 700 5545 Lib.
745 5505 780 5544 ll
817 5488 891 5542 De
914 5489 1040 5560 ﬁde,
1079 5503 1199 5558 cap.
1235 5489 1324 5544 50.
1378 5485 1600 5542 u‘Rom.
1636 5505 1709 5554 tv,
1755 5490 1834 5546 l7.
1914 5491 1958 5522 ¹⁶
2016 5488 2133 5543 Lib.
2173 5502 2208 5542 ιι
2245 5485 2319 5538 De
2369 5482 2496 5550 ﬁde,
2546 5493 2664 5547 cap.
2690 5475 2743 5527 2.

1741 5599 1974 5656 VARHZ
2019 5591 2414 5653 LECTIONES.

509 5681 539 5764 If
569 5688 713 5752 Lego
746 5699 867 5737 cum
898 5684 1226 5742 Lcunclavio
1271 5686 1363 5741 τοῦ
1390 5687 1580 5751 ὅντως.
