3930 6206
200 257 344 324 1545

1201 249 1582 312 DIALOGUS
1623 247 1924 309 CONTRA
1965 240 2459 304 ΜΑΝΙΟΙΙᾸΞΟΒ.

3320 235 3458 301 1516

279 389 354 441 μα
377 410 390 423 .
421 369 482 422 El
507 366 789 436 ἐγκαλεῖτε
815 363 936 434 Θεῷ
957 362 1054 434 τὴν
1091 362 1186 415 τοῦ
1219 361 1604 430 κατακλυσμοῦ
1647 375 1783 410 παν·-
1812 408 1814 415 ,

1954 353 2046 405 ll.
2083 351 2187 417 Qui
2216 349 2328 403 Deo
2377 345 2572 402 diluvii
2611 343 2913 408 excidium,
2960 351 3015 400 et
3049 341 3459 398 Sodomitartnn

194 461 478 533 ολεθρίαν,
527 460 620 514 καὶ
671 458 776 510 τῶν
809 457 1112 528 Σοδομιτῶν
1147 456 1246 527 τὴν
1276 455 1647 524 ὲκφλὸγωσιν,
1685 449 1780 503 καὶ

193 553 299 606 ’τοῦ
331 549 528 621 Φαραὼ
557 549 646 600 τὸν
696 546 986 616 ποντισμὸν
1057 545 1190 616 πρὸς
1243 545 1303 597 τὸ
1338 543 1615 613 συμφέρον
1650 557 1781 593 παι-

195 643 434 703 ὃεύοντι,
468 640 800 706 ἐγκαλέσατε
835 637 1035 708 μᾶλλον
1064 636 1300 699 αἰωνίως
1321 634 1624 698 κολάζοντι.

281 731 390 804 μβ¹.
423 733 495 784 Τὸ
546 733 611 783 ἐκ
642 731 742 795 τῆς
772 728 964 782 ἑαυτοῦ
999 729 1185 791 οὐσίας
1225 726 1546 797 προφέρειν,
1574 724 1635 776 ού
1682 723 1783 794 δη-

205 825 531 894 μιούργημα
553 839 568 851 ⁶
586 823 647 874 τὸ
675 822 732 874 δὲ
759 822 822 873 ὲκ
857 821 932 890 μὴ
955 819 1147 882 ὄντων,
1169 817 1580 888 δημιούργημα.
1606 817 1668 869 Εἰ
1693 811 1788 868 οὖν

200 917 534 986 δημιουργεῖ
562 915 594 983 ἡ
629 912 816 976 κακία,
852 913 915 964 ὲκ
949 910 1023 981 μὴ
1047 910 1216 964 ὅντων
1249 910 1512 977 παράγει,
1546 908 1640 961 καὶ
1663 906 1791 960 οὑκ-

204 1009 291 1061 έτι
326 1012 389 1061 ὲκ
421 1009 517 1078 τῆς
565 1007 698 1076 ὕλης
724 1005 786 1058 τὸ
823 1004 1002 1073 σῶμα.
1032 1003 1093 1056 Εἰ
1127 1003 1182 1056 δὲ
1229 1004 1294 1055 ἐκ
1319 1001 1421 1070 τῆς
1449 999 1603 1071 ὕλης,
1639 1017 1792 1054 τουτ-

205 1102 358 1154 έστιν
398 1100 463 1152 ἐκ
514 1099 614 1167 τῆς
644 1097 835 1160 οὐσίας
865 1096 962 1165 τῆς
991 1094 1211 1158 κακίας,
1257 1094 1306 1146 εὶ
1361 1093 1458 1162 μὲν
1493 1092 1726 1163 ἄναρχος
1757 1094 1790 1160 ἢ

206 1190 402 1252 κακία,
435 1188 704 1250 ἀθάνατος
743 1187 961 1248 πάντως
995 1185 1091 1237 καὶ
1122 1184 1419 1254 ἄτρεπτος.
1453 1182 1526 1235 Τὸ
1563 1182 1672 1253 γὰρ
1718 1183 1795 1251 μὴ

208 1281 541 1350 ἀρξάμενον,
570 1280 633 1330 οὐ
658 1278 912 1338 παύεται,
933 1276 1054 1329 οὐδὲ
1074 1276 1358 1346 τρέπεταισ
1379 1275 1427 1327 εί
1444 1274 1500 1328 δὲ
1530 1275 1796 1346 τρέπεται

210 1375 309 1426 καὶ
337 1371 642 1442 φθείρεται,
674 1371 774 1423 οὑκ
803 1371 1060 1440 ἄναρχον.
1080 1368 1144 1419 Εἰ
1169 1368 1226 1420 δὲ
1256 1370 1288 1438 ἡ
1316 1369 1482 1421 κακία
1506 1368 1796 1438 ἄτρεπτος,

211 1465 312 1518 καὶ
338 1464 399 1515 τὸ
433 1464 497 1515 ἐκ
531 1462 628 1530 τῆς
677 1461 868 1522 οὐσίας
897 1459 1071 1529 αὐτῆς
1107 1458 1270 1529 σῶμα
1321 1459 1601 1530 ἄφθαρτον
1646 1460 1801 1512 ἔσται

213 1556 315 1609 καὶ
338 1556 627 1625 ἄτρεπτον.
666 1552 825 1615 Τίνος
859 1551 951 1604 οὖν
985 1545 1053 1620 ἦν
1103 1552 1134 1620 ἠ
1167 1549 1345 1619 φθορᾶ
1390 1551 1484 1604 καὶ
1528 1553 1561 1621 ἡ
1599 1552 1800 1615 κακία;

213 1650 248 1716 ἠ
276 1644 386 1714 γὰρ
429 1643 605 1713 φθορά
630 1643 849 1705 πάντως
883 1641 1096 1712 φθείρει
1124 1659 1200 1707 τι,
1246 1642 1278 1712 ἢ
1311 1644 1415 1695 οὐκ
1444 1641 1561 1697 ἔστι
1601 1643 1800 1713 φθορά.

215 1741 280 1792 Et
319 1739 415 1807 μὲν
455 1737 517 1789 τὸ
547 1736 750 1804 ἀγαθὸν
780 1735 1047 1805 παθητὸν,
1090 1735 1331 1805 παθητὸς
1363 1723 1458 1789 καὶ
1496 1738 1524 1789 6
1554 1737 1761 1805 ἁγαθός
1784 1752 1800 1767 ο

217 1831 315 1884 καὶ
344 1829 460 1891 πῶς
493 1825 585 1882 οὖν
613 1827 837 1890 τελείως
868 1827 1102 1895 ἁγαθός;
1136 1827 1494 1897 φθειρόμενος
1516 1827 1572 1881 δὲ
1600 1827 1803 1896 ἀγαθὸς

219 1919 314 1973 ὑπ’
344 1920 540 1986 αὐτῆς,
580 1919 658 1980 εἰς
710 1915 1052 1986 ἀνυπαρξίαν
1103 1918 1366 1986 χωρήσει.
1413 1917 1477 1969 Εἰ
1505 1916 1563 1970 δὲ
1603 1917 1804 1986 ἑαυτὴν

221 2010 497 2080 ἔφθειρεν,
535 2007 772 2078 ἐφθάρη,
809 2008 902 2059 καὶ
954 2006 1225 2071 ἀπώλετο,
1262 2007 1357 2060 καὶ
1385 2008 1484 2061 ούκ
1538 2007 1704 2062 ἔστιν.
1741 2009 1806 2061 Εἰ

221 2103 282 2156 δὲ
313 2101 476 2172 μέρος
512 2099 607 2152 τοῦ
658 2097 885 2167 ἀγαθοῦ,
919 2097 952 2168 ἣ
986 2097 1151 2169 μέρος
1193 2097 1397 2160 ἑαυτῆς
1436 2096 1712 2165 ἔφθειρεν.
1739 2093 1808 2167 ἦς

223 2195 289 2265 δὴ
317 2193 534 2262 φύσεως
570 2191 631 2244 τὸ
678 2191 843 2261 μέρος
892 2189 1154 2260 φθαρτὸν,
1210 2190 1305 2242 καὶ
1345 2191 1496 2244 πᾶσα
1550 2189 1805 2260 φθαρτήο

226 2287 490 2340 ἀδύνατον
521 2283 628 2352 γὰρ
682 2280 780 2351 τὴν
828 2281 999 2350 αὐτὴν
1043 2279 1202 2347 φύσιν
1249 2279 1344 2332 καὶ
1388 2278 1632 2349 φθαρτὴν
1669 2275 1809 2332 εἶναι

227 2381 325 2432 καὶ
356 2377 650 2446 ἄφθαρτον.
672 2376 735 2427 Εἰ
753 2373 861 2444 γὰρ
877 2372 1109 2441 λέγομεν
1135 2371 1196 2424 τὸ
1215 2370 1372 2439 σῶμα
1396 2372 1490 2424 τοῦ
1520 2368 1808 2436 ἀνθρώπου

232 2473 471 2543 φθαρτὸν
504 2471 669 2541 μέρος
698 2468 756 2521 ὃν
788 2467 880 2520 τοῦ
919 2465 1234 2538 ἀνθρώπου,
1294 2465 1393 2534 τὴν
1431 2464 1490 2516 δὲ
1538 2464 1714 2533 ψυχὴν
1749 2463 1810 2516 ἄ·

235 2564 498 2634 φθαρτον,
529 2562 643 2615 ἀλλ’
669 2561 770 2614 οὐκ
793 2561 899 2612 εἰσὶ
929 2560 1057 2630 μιᾶς
1092 2557 1324 2628 φύσεως.
1344 2557 1410 2608 Ἦ
1441 2555 1549 2626 γὰρ
1578 2553 1746 2625 ψυχὴ,
1765 2554 1813 2606 εἰ

235 2655 335 2708 καὶ
377 2655 433 2706 ὲν
488 2650 703 2722 σώματι
740 2647 1110 2712 πολιτεύεται,
1157 2646 1273 2700 ἀλλ’
1319 2645 1421 2698 οὐκ
1467 2644 1584 2697 ἐστι
1629 2645 1812 2713 σῶμα,

235 2745 351 2801 ἀλλ’
383 2744 674 2813 ἀσώματος
695 2759 709 2772 ·
749 2741 891 2794 ὥστε
934 2741 1101 2808 ἄλλης
1132 2737 1347 2807 φύσεώς
1377 2739 1526 2789 ἐστιν
1557 2737 1591 2805 ἡ
1642 2734 1813 2806 ψυχὴ,

233 2839 331 2890 καὶ
364 2836 530 2903 ἄλλης
551 2833 612 2885 τὸ
654 2832 814 2901 σῶμα
836 2846 848 2858 ·
885 2831 978 2882 καὶ
1014 2830 1072 2881 οὐ
1101 2829 1161 2881 τὸ
1196 2828 1294 2897 μὲν
1326 2828 1490 2898 μέρος
1518 2827 1618 2896 τῆς
1646 2826 1816 2891 αὐτῆς

235 2926 458 2998 φύσεως
499 2922 756 2993 φθαρτὸν,
784 2920 844 2973 τὸ
892 2919 949 2973 δὲ
982 2918 1297 2990 ἄφθαρτον⁸
1343 2917 1460 2970 ἀλλ’
1507 2919 1540 2986 ἡ
1581 2916 1678 2987 μὲν
1720 2914 1820 2985 μία

1883 443 2399 514 eonﬂagrationem,
2453 438 2875 507 Pbaraonisque
2925 437 3290 492 emcrsionem
3349 437 3461 489 cri-

1886 537 2023 592 mini
2073 535 2244 597 datis,
2293 547 2419 587 cum
2451 529 2746 586 erudiendi
2781 544 2944 582 causa
2981 528 3098 583 haec
3131 529 3286 582 illata
3325 529 3462 593 sint,

1889 628 2038 682 hunc
2065 625 2248 695 potius
2278 631 2535 679 accusate
2561 620 2704 691 quod
2731 630 2934 673 aeterne
2967 621 3177 688 puniat.

1959 719 2050 772 42.
2085 715 2245 783 Quod
2273 731 2340 769 ex
2371 728 2470 770 sua
2509 713 2636 783 quis
2669 710 2978 767 substantia
3029 712 3308 780 producit,
3353 725 3464 765 non

1891 817 1978 868 est
2009 817 2294 871 creatura,
2345 822 2508 862 secus
2549 816 2732 861 autem
2765 806 2912 874 quod
2950 819 3017 859 ex
3049 803 3246 858 nihilo.
3275 802 3466 872 Itaque

1894 904 1942 959 si
1973 902 2180 956 malum
2236 900 2344 954 vim
2399 899 2562 953 habet
2607 898 2850 963 creandi,
2887 912 2951 952 ex
2983 896 3159 950 nihilo
3188 897 3463 966 producit,

1895 1011 1997 1052 nec
2019 995 2133 1066 jam
2168 1009 2233 1048 ex
2266 991 2499 1046 materia
2522 1004 2726 1058 corpus
2750 998 2929 1044 ortum
2969 987 3171 1043 trahet.
3205 986 3261 1040 Si
3285 995 3467 1041 autem

1895 1103 1962 1143 ex
1997 1085 2251 1150 materia,
2276 1084 2382 1137 hoc
2415 1091 2502 1136 est
2531 1097 2592 1135 ex
2631 1081 2757 1135 mali
2811 1080 3141 1144 substantia,
3169 1079 3470 1149 siquidem

1899 1181 2064 1235 initio
2093 1179 2299 1231 malum
2332 1182 2537 1240 careat,
2568 1174 2881 1228 immortale
2908 1188 3142 1243 prorsus
3179 1180 3230 1227 et
3268 1173 3473 1226 immu-

1898 1271 2070 1326 tabile
2100 1274 2208 1325 est’.
2251 1267 2406 1335 Quod
2443 1267 2590 1321 enim
2627 1281 2731 1320 non
2786 1264 2988 1333 incepit
3025 1279 3170 1328 esse,
3203 1279 3271 1318 ne
3308 1265 3473 1320 linem

1902 1363 2148 1434 quidem,
2183 1367 2278 1415 aut
2323 1359 2686 1413 mutationem
2721 1357 3039 1411 habiturum
3074 1363 3178 1410 est.
3213 1353 3310 1409 Sin
3346 1372 3475 1411 vero

1902 1450 2192 1507 mutationi
2223 1457 2278 1504 et
2306 1447 2649 1518 corruptioni
2674 1447 2978 1502 obnoxium
3011 1454 3117 1510 est,
3169 1446 3332 1500 initio
3378 1448 3479 1500 mi-

1904 1543 2051 1597 nime
2074 1552 2245 1597 caret.
2278 1542 2454 1595 Porro
2485 1541 2531 1594 si
2560 1539 2764 1593 malum
2798 1538 3001 1591 mutari
3034 1538 3244 1607 nequit,
3278 1552 3481 1608 corpus

1908 1649 2150 1705 quoque,
2185 1633 2332 1703 quod
2368 1648 2436 1687 ex
2469 1631 2590 1701 ejus
2626 1631 2937 1687 substantia
2968 1638 3152 1685 ortum
3197 1638 3320 1697 est,
3352 1647 3480 1685 cor-

1905 1725 2184 1797 ruptionis
2224 1732 2280 1780 et
2331 1723 2666 1778 mutationis
2697 1737 2896 1792 expers
2939 1723 3064 1778 erit.
3099 1722 3273 1788 Cujus
3312 1722 3486 1791 igitur

1905 1830 2026 1878 erat
2063 1819 2353 1888 corruptio
2398 1824 2454 1872 et
2505 1815 2752 1870 malitia?
2783 1814 2901 1868 Non
2934 1814 3079 1869 enim
3114 1824 3200 1868 est
3251 1813 3482 1868 dubium

1906 1913 2040 1984 quin
2079 1910 2372 1980 corruptio
2410 1907 2619 1978 aliquid
2671 1913 3015 1975 corrumpat,
3052 1913 3147 1958 aut
3197 1905 3488 1974 corruptio

1895 2013 2018 2060 ‘non
2047 2003 2172 2059 erit.
2210 2000 2383 2055 Porro
2427 2000 2473 2055 si
2525 2000 2726 2052 bonum
2781 1996 3131 2066 perpessioui
3186 1995 3484 2048 obnoxium

1909 2103 2017 2162 est,
2084 2091 2436 2164 perpessioni
2490 2105 2709 2161 quoque
2768 2089 2948 2143 bonus
3014 2088 3297 2142 obnoxius
3358 2087 3487 2142 erit.

1912 2187 2066 2255 Quod
2093 2188 2142 2243 si
2178 2188 2253 2241 ita
2296 2193 2402 2250 est,
2433 2185 2657 2255 quinam
2695 2183 2857 2237 velim
2888 2181 3134 2253 perfecte
3157 2182 3338 2236 bonus
3370 2197 3492 2237 esse

1913 2289 2101 2352 queat.
2133 2279 2279 2346 Quin
2317 2280 2364 2334 si
2418 2278 2600 2332 bonus
2643 2291 2675 2328 a
2724 2277 2954 2330 materia
2990 2275 3387 2344 corrumpitur,
3423 2273 3492 2328 ad

1913 2372 2154 2428 nihilum
2195 2370 2420 2425 tandem
2449 2369 2751 2438 redigetur.
2784 2367 2938 2432 Quod
2977 2367 3022 2421 si
3063 2367 3346 2435 corruptio
3375 2366 3494 2436 ipsa

1915 2478 2036 2519 sese
2091 2461 2480 2524 labefactabat,
2513 2468 2779 2527 corrupta
2815 2467 2899 2512 est
2933 2458 3103 2528 igitur
3135 2466 3300 2527 atque
3324 2458 3498 2511 inter-

1916 2555 2000 2608 iit.
2065 2552 2162 2609 Sin
2189 2552 2316 2607 boni
2343 2553 2614 2606 duntaxat
2647 2558 2883 2621 partem,
2923 2557 3019 2603 aut
3050 2551 3134 2604 sui
3165 2550 3340 2619 ipsius
3367 2565 3498 2620 par-

1917 2655 2025 2701 tem
2075 2644 2487 2713 corrumpebat,
2540 2657 2676 2697 sane
2725 2642 2886 2711 cujus
2936 2655 3154 2697 naturte
3204 2657 3332 2712 pars
3366 2659 3499 2697 coro

1918 2738 2164 2808 ruptioni
2198 2739 2543 2808 subjacebat,
2571 2745 2684 2790 tota
2718 2752 2937 2806 quoque
2961 2746 3161 2790 natura
3186 2739 3500 2807 corruptio-

1921 2832 1976 2886 ni
2027 2831 2267 2886 obnoxia
2324 2839 2463 2886 erat.
2501 2830 2690 2901 Neque
2740 2829 2885 2883 enim
2943 2828 3060 2884 ﬁeri
3096 2836 3282 2898 potest
3335 2839 3393 2884 ut
3443 2831 3498 2884 in

1922 2935 2090 2976 unam
2119 2921 2480 2991 eamdemque
2511 2929 2766 2974 naturam
2791 2921 2990 2990 partim
3013 2921 3177 2975 cadat
3197 2923 3500 2992 corruptio,

237 3013 524 3086 φύσιςτοῦ
565 3010 858 3082 ἀνθρώπου
907 3008 1146 3080 φθαρτὴ,
1193 3010 1228 3079 ή
1260 3007 1318 3061 δὲ
1376 3007 1687 3078 ἄφθαρτοςο
1724 3005 1814 3058 καὶ

1924 3011 2122 3081 partim
2156 3026 2265 3066 non
2298 3009 2480 3066 cadat.
2503 3009 2642 3065 Nam
2667 3011 2794 3066 licet
2819 3025 3044 3082 corpus,
3080 3012 3225 3082 quod
3257 3013 3502 3070 hominis

238 3100 374 3161 οὔτε
399 3107 433 3174 ἡ
467 3103 614 3174 ψυχὴ
642 3100 701 3164 ἐξ
739 3101 980 3172 ἀνάρχου
1016 3099 1236 3161 οὐσίας’
1279 3096 1488 3168 τρεπτὴ
1517 3097 1627 3167 γάρ
1649 3112 1662 3126 ·
1695 3093 1820 3148 οὔτε

238 3199 304 3254 τὸ
331 3197 522 3266 σῶμα·
558 3196 652 3248 καὶ
683 3193 815 3246 αὐτὸ
845 3193 954 3263 γὰρ
983 3191 1218 3261 τρεπτὺν
1253 3191 1349 3244 καὶ
1387 3189 1649 3260 φθαρτόν·
1691 3190 1822 3258 μιᾶς

241 3291 302 3344 δὲ
333 3289 547 3359 φύσεως
577 3286 798 3354 λέγεται
833 3287 860 3337 6
892 3283 1200 3355 ἅνθρωπος,
1235 3283 1332 3352 οὐχ
1371 3282 1455 3334 ὅτι
1485 3283 1517 3352 ἡ
1547 3281 1696 3352 ψυχὴ
1728 3283 1824 3334 καὶ

242 3380 307 3433 τὸ
331 3378 492 3447 σῶμα
528 3377 658 3446 μιᾶς
695 3376 812 3427 ἐστι
847 3373 1084 3442 φύσεως,
1121 3373 1238 3424 ἀλλ’
1277 3373 1360 3424 ὅτι
1407 3371 1608 3434 πάντες
1646 3373 1695 3425 οἱ
1729 3372 1826 3426 ἄν·

245 3471 458 3542 θρωποι
499 3467 702 3538 ὁμοίως
743 3466 974 3527 ἕκαστος
1011 3464 1191 3535 ψυχὴν
1233 3463 1345 3534 ἔχει
1378 3463 1471 3516 καὶ
1518 3462 1698 3533 σῶμα,
1728 3464 1824 3517 καὶ

245 3564 477 3624 ἕκαστος
503 3558 596 3612 δύο
628 3557 820 3627 φύσεις
856 3558 992 3627 ἔχει.

252 3654 425 3708 altera
456 3649 738 3719 corrumpi
787 3655 992 3718 potest,
1038 3647 1210 3701 altera
1239 3661 1352 3701 non
1376 3654 1803 3717 potest;verum
1867 3651 2044 3722 altera
2081 3651 2327 3707 hominis

249 3745 606 3817 corruptione
653 3743 918 3798 immunis
978 3759 991 3795 :

1925 3117 2055 3170 pars
2086 3109 2194 3167 est,
2232 3101 2573 3172 corruptioni
2609 3101 2910 3156 obnoxium
2933 3141 2948 3165 ,
2981 3103 3218 3157 animam
3251 3113 3432 3159 autem
3473 3121 3502 3156 ιι

1926 3194 2286 3263 corruptione
2344 3193 2576 3248 liberam
2631 3208 2752 3248 esse
2804 3193 3095 3248 dicamus:
3148 3203 3204 3248 at
3256 3195 3504 3264 ejusdem

1925 3290 2110 3339 tamen
2147 3292 2363 3340 naturae
2398 3300 2510 3340 non
2550 3295 2697 3340 sunt.
2734 3283 2998 3351 Quamvis
3027 3285 3176 3340 enim
3211 3289 3394 3340 anima
3447 3288 3501 3341 in

1927 3390 2163 3445 corpore
2191 3383 2470 3442 versetur,
2497 3390 2608 3429 non
2645 3383 2830 3430 tamen
2871 3389 3074 3446 corpus
3103 3385 3212 3440 est,
3245 3379 3343 3433 sed
3380 3394 3508 3433 cor-

1926 3467 2084 3537 poris
2116 3481 2339 3537 expers.
2365 3467 2556 3536 ltaque
2580 3467 2621 3497 ¹⁷
2658 3466 2897 3522 alterius
2926 3474 3141 3522 natura:
3169 3483 3374 3538 corpus
3399 3481 3506 3534 est,

1926 3559 2159 3616 alterius
2184 3560 2370 3614 anima
2398 3577 2411 3590 -
2447 3575 2548 3614 nec
2569 3559 2738 3614 unius
2757 3558 3118 3628 ejusdemque
3145 3569 3356 3614 naturae
3381 3576 3511 3630 pars

1926 3661 2041 3704 tera
2081 3651 2327 3704 hominis
2362 3602 2558 3704 ἥρωι-ιι
2615 3651 2957 3704 corruptioni
2986 3651 3245 3704 obnoxia.
3274 3653 3448 3704 altera
3482 3668 3511 3704 a

250 3842 407 3907 bilis;
477 3854 579 3894 nec
621 3853 822 3908 corpus
847 3879 860 3902 ,
933 3838 988 3891 in
1063 3837 1230 3909 448
1277 3837 1425 3908 quod
1475 3838 1641 3893 etiam
1689 3841 1924 3895 mutatio
1953 3841 2115 3896 cadat
2138 3851 2191 3898 et
2218 3841 2520 3912 corruptio.
2551 3840 2754 3895 Verum
2783 3841 2948 3896 unius
2969 3849 3176 3896 naturae
3203 3857 3325 3897 esse
3355 3844 3514 3897 homo

250 3932 478 3998 dicitur,
527 3946 635 3984 non
669 3931 816 4000 quod
849 3945 1054 3999 corpus
1115 3939 1170 3984 et
1235 3930 1419 3985 anima
1455 3933 1623 3987 unius
1669 3941 1884 3988 natum
1925 3934 2058 4003 sint,
2094 3934 2190 3991 sed
2218 3935 2363 4004 quod
2390 3935 2625 4005 quisque
2649 3933 2932 3988 hominum
2972 3935 3212 3988 animam
3236 3946 3288 3991 et
3311 3950 3514 4006 corpus

252 4039 509 4096 perzeque
560 4023 783 4087 habeat,
834 4022 1085 4090 duasque
1160 4021 1296 4076 adeo
1334 4029 1580 4078 naturas.

333 4122 443 4187 μγ¹.
485 4116 552 4168 Ἦ
601 4115 800 4186 τροπὴ,
839 4115 904 4168 ὲκ
930 4113 1026 4167 τοῦ
1081 4115 1327 4168 ἐναντίου
1361 4116 1442 4178 είς
1485 4115 1546 4168 τὸ
1593 4115 1835 4170 ἐναντίον

259 4207 556 4281 μεταϐολὴ,
594 4208 659 4260 ἐκ
693 4206 768 4277 μὴ
806 4206 956 4268 ὄντος
997 4208 1077 4270 είς
1104 4206 1164 4258 τὺ
1190 4201 1352 4269 εἶναι,
1383 4206 1417 4276 ἢ
1449 4205 1509 4271 ἐξ
1550 4207 1720 4260 ὄντων
1754 4209 1836 4272 εἰς

254 4303 318 4356 τὺ
357 4302 432 4372 μὴ
467 4297 690 4371 εἷναι,ἢ
733 4299 791 4363 ἐξ
836 4299 1040 4369 ἀρετῆς
1099 4299 1179 4361 εἰς
1220 4298 1452 4362 κακίαν,
1489 4300 1626 4372 ὅπερ
1664 4300 1830 4364 ἐστὶν,

2013 4119 2104 4174 45.
2139 4118 2445 4174 Conversio
2497 4126 2581 4174 est
2622 4110 3007 4173 de‘contrario
3063 4118 3116 4174 in
3171 4120 3516 4174 contrarium

1943 4211 2199 4275 mutatio,
2235 4221 2292 4264 ut
2316 4209 2384 4264 de
2415 4211 2586 4265 nihilo
2620 4211 2686 4264 ad
2724 4211 3125 4273 exsistcntiam,
3161 4211 3243 4264 vel
3277 4211 3343 4266 de
3374 4213 3522 4266 exsi-

1941 4303 2140 4359 stentia
2175 4304 2229 4357 in
2266 4302 2523 4366 nihilum,
2561 4303 2644 4356 vel
2667 4317 2734 4358 ex
2757 4303 2958 4356 virtute
2992 4302 3042 4355 in
3073 4302 3286 4368 vitium,
3315 4302 3419 4355 hoc
3438 4312 3524 4356 est

255 4393 324 4445 ὲκ
366 4391 474 4444 τῶν
528 4390 774 4458 φυσικῶν
827 4387 992 4453 ἕξεων
1041 4389 1122 4451 είς
1171 4388 1270 4458 τὴν
1298 4389 1500 4443 τούτων
1557 4393 1813 4460 στέρησιν

1943 4411 2011 4449 ex
2069 4393 2352 4448 babitibus
2387 4391 2735 4448 naturalibus
2774 4395 2828 4447 in
2871 4393 3214 4463 privationes
3277 4394 3522 4462 ipsorum

272 4484 338 4534 Ἡ
377 4481 546 4553 ἀρετὴ
573 4481 851 4551 πλήρωσίς
881 4483 998 4532 ἐστι
1042 4479 1135 4533 τοῦ
1184 4480 1348 4549 νόμου
1382 4481 1474 4532 τοῦ
1507 4481 1642 4534 Θεοῦ
1664 4497 1677 4510 ·
1711 4483 1740 4534 6
1783 4481 1840 4534 δὲ

261 4573 430 4641 νόμος
472 4572 566 4624 τοῦ
617 4571 753 4624 Θεοῦ
801 4571 1015 4642 θέλημα
1060 4569 1228 4623 αὑτοῦ
1281 4572 1464 4622 ἐστιν’
1507 4572 1683 4634 οὐδεὶς
1732 4571 1842 4643 γὰρ

264 4665 570 4720 ἐντέλλεται
592 4665 620 4716 ὃ
642 4665 700 4717 ού
738 4663 879 4717 θέλει
897 4680 910 4693 ’
939 4662 1072 4716 τὸδὲ
1102 4663 1312 4733 θέλημα
1340 4662 1432 4715 τοῦ
1458 4663 1592 4716 Θεοῦ
1639 4663 1844 4731 ἀγαθόν

263 4758 436 4819 ἐστιν,
463 4755 753 4825 ἄτρεπτον,
775 4754 862 4806 ἀεὶ
889 4753 1152 4816 ὡσαύτως
1178 4753 1299 4822 ἔχον
1318 4769 1331 4783 ·
1367 4751 1505 4806 ὥστε
1532 4755 1593 4807 τὸ
1619 4754 1844 4822 ἀγαθὸν,

264 4847 326 4900 ὅν
357 4850 528 4910 ἐστιν,
559 4846 760 4917 ὁμοίως
788 4845 884 4898 καὶ
923 4846 1090 4915 ἀρετή
1111 4860 1125 4874 ·
1157 4843 1362 4912 ἀγαθὸν
1408 4849 1516 4915 γὰρ
1553 4846 1586 4915 ἡ
1635 4845 1806 4915 ἀρετή
1830 4861 1843 4874 ·

267 4939 304 5008 ἡ
344 4937 402 4990 δὲ
433 4938 622 5001 κακία,
672 4937 772 4989 οὐκ
815 4935 908 5000 ὃν,
957 4934 1094 4988 ἀλλὰ
1143 4934 1235 4987 τοῦ
1280 4934 1452 4998 ὄντος,
1479 4934 1725 4988 τουτέστι
1754 4935 1848 4987 τοῦ

267 5027 436 5098 νόμου
490 5029 586 5083 τοῦ
635 5027 770 5081 Θεοῦ
823 5026 1070 5088 ἑκούσιος
1120 5027 1374 5096 παρακοὴ
1409 5028 1500 5078 καὶ
1545 5027 1846 5097 ἀναίρεσις,

270 5123 416 5177 κατὰ
439 5122 713 5192 σύμϐασιν
750 5122 809 5173 ἐν
839 5119 916 5190 τῷ
961 5118 1300 5190 πράττεσθαι
1344 5118 1803 5190 παρυφισταμένη
1827 5133 1845 5150 ο

270 5215 368 5268 καὶ
395 5211 515 5283 ἅμα
538 5213 616 5283 τῷ
644 5210 956 5264 παύσασθαι
986 5210 1088 5278 τῆς
1127 5207 1381 5278 πράξεως
1408 5210 1714 5280 παυομένη.

347 5391 452 5461 μηδ’.
482 5392 594 5444 Καὶ
622 5391 778 5444 τοῦτο
820 5393 875 5444 δὲ
915 5391 1114 5444 εἰδέναι
1156 5391 1259 5455 δεῖ,
1302 5391 1382 5444 ὅτι
1418 5393 1446 5444 ὀ
1482 5391 1612 5455 Θεὸς
1649 5393 1708 5445 ού
1752 5411 1844 5446 κο-

272 5483 426 5549 λάζει
457 5485 578 5538 τινὰ
608 5485 665 5536 ὲν
695 5483 772 5552 τῷ
808 5484 1075 5554 μέλλοντι,
1110 5483 1224 5536 ἀλλ’
1259 5483 1490 5540 ἕκαστος
1531 5485 1722 5538 ἑαυτὸν
1750 5485 1841 5538 δε-

343 5663 380 5697 ‘“
416 5629 536 5718 Lib.
580 5679 636 5716 ιιι
660 5659 736 5715 De
764 5660 890 5729 ﬁde,
934 5678 1056 5732 cap.
1081 5661 1138 5720 '5.

599 5753 872 5812 PATROL.
919 5751 1036 5810 Gn.
1085 5751 1290 5811 XCIV.

1947 4488 2200 4542 mutatio.
2238 4483 2424 4542 Virtus
2460 4495 2545 4543 est
2591 4486 2787 4541 divinae
2824 4486 2963 4556 legis
3004 4487 3270 4556 impletio.
3303 4488 3396 4541 Dei
3434 4503 3526 4540 an-

1947 4586 2055 4634 tem
2085 4580 2196 4642 lcx,
2233 4579 2492 4634 voluntas
2532 4579 2710 4649 ipsius
2743 4585 2848 4634 est.
2884 4577 3054 4632 Nemo
3077 4579 3276 4647 quippe
3304 4595 3366 4632 ea
3395 4594 3527 4648 prm—

1950 4667 2104 4736 cipit,
2144 4682 2174 4720 a
2207 4668 2408 4737 quibus
2433 4668 2745 4722 abhorreat.
2779 4667 2873 4721 Dei
2903 4683 3070 4735 porro
3107 4670 3358 4722 voluntas
3383 4673 3528 4722 bona

1952 4764 2060 4821 est,
2097 4758 2484 4821 immutabilis,
2523 4774 2743 4827 semper
2770 4756 2962 4812 eodem
3012 4758 3176 4812 modo
3206 4775 3266 4814 se
3293 4759 3524 4812 habens.

1953 4847 2144 4917 Itaque
2175 4848 2381 4902 bonum
2413 4863 2544 4904 vere
2569 4856 2676 4912 est,
2715 4862 2779 4901 ac
2817 4847 3074 4901 similiter
3102 4848 3282 4902 virtus
3309 4866 3322 4901 :
3351 4847 3530 4901 virtus

1950 4940 2097 4994 enim
2152 4955 2242 4996 res
2285 4941 2426 4995 bona
2478 4947 2586 4994 est.
2636 4941 2842 4993 Contra
2878 4939 3080 4992 malum
3123 4939 3260 4992 nihil
3295 4945 3403 5003 est,
3432 4939 3529 4992 sed

1949 5029 2072 5098 ejus
2122 5028 2273 5100 quod
2306 5038 2416 5093 est,
2456 5029 2571 5084 sive
2604 5029 2806 5084 divinat
2838 5028 3001 5098 legis,
3045 5029 3219 5082 libera
3268 5027 3532 5082 inl'ractio

1949 5127 2003 5175 et
2034 5121 2284 5176 eversio:
2319 5123 2467 5190 quod
2510 5121 2730 5189 quidem
2759 5136 2824 5175 ex
2855 5119 3174 5187 accidenti,
3209 5117 3335 5173 dum
3376 5134 3532 5172 eom-

1949 5211 2204 5279 mittitur,
2252 5213 2400 5267 velut
2431 5213 2672 5279 exsistit,
2709 5229 2772 5267 ac
2805 5215 3059 5284 protinus
3091 5220 3148 5264 ut
3179 5211 3529 5274 desiitaetio,

1949 5301 2174 5358 desinit.

2023 5393 2113 5448 44.
2143 5393 2283 5460 Quin
2321 5395 2452 5450 illud
2484 5411 2702 5466 quoque
2735 5395 2880 5450 scire
2917 5395 3192 5458 convenit,
3233 5392 3399 5448 Deum
3434 5407 3530 5447 ne-

1954 5483 2156 5540 minem
2203 5485 2260 5541 in
2307 5486 2496 5542 futuro
2539 5490 2755 5553 punire.
2807 5487 2901 5543 sed
2945 5500 3388 5556 unumquemque
3442 5499 3532 5543 se-

3009 5751 3075 5816 49

2438 3660 2558 3705 tura
2615 3651 2957 3719 corruptioni
2986 3651 3245 3717 obnoxia,
3274 3653 3448 3706 altera
3482 3668 3513 3706 a
3611 3709 3614 3712 _

979 3759 992 3795 :
1039 3757 1102 3796 ac
1153 3757 1333 3812 neque
1372 3742 1557 3798 anima
1627 3759 1696 3798 ex
1758 3745 2073 3799 substantia
2124 3746 2384 3816 principii
2439 3753 2665 3815 experte
2714 3753 2832 3799 orta
2877 3752 2987 3810 est,
3018 3759 3141 3799 cum
3175 3746 3251 3800 sit
3329 3756 3514 3800 muta-
