3962 6202
416 255 438 317 1
453 255 552 318 547

1586 239 1644 297 S.
1688 236 2010 297 JOANNIS
2062 238 2492 298 DAMASCENI

3542 235 3658 300 15a

417 384 594 439 ιρευιιι
633 366 704 420 ita
758 374 1100 432 comparare,
1157 366 1215 410 ut
1263 353 1358 406 Dei
1412 349 1686 420 particeps
1743 348 1854 409 fiat,
1899 353 1992 399 aut

2114 345 2285 399 ιτικὸν
2319 346 2463 398 ποιεῖ
2492 344 2590 412 τῆς
2621 344 2857 414 μετοχῆς
2888 341 2979 394 τοῦ
3023 341 3179 396 Θεοῦ.
3227 343 3380 396 Ἔστι
3415 345 3472 398 δὲ
3502 349 3534 416 ἡ
3573 352 3657 416 μὲν

416 437 631 516 contra.
656 451 1058 513 Estautechi
1097 444 1442 519 participatio
1477 441 1772 509 voluptas;
1815 437 1994 491 anim-

417 547 674 603 adversio
747 545 866 610 Dei,
918 539 1092 611 ipsius
1124 533 1414 606 patientia.
1440 531 1500 583 In
1536 531 1640 583 hac
1669 535 1852 580 autem
1883 525 1993 577 vita

419 645 566 696 Dens
601 652 715 692 non
753 631 1009 704 supplicii
1032 642 1200 684 causa
1229 623 1564 680 tentationes
1595 618 1782 683 infert,
1813 616 1909 672 sed
1937 623 1995 670 ut

421 748 519 788 nos
549 729 762 787 erudiat
789 740 851 780 ac
873 722 1004 777 vitio
1037 718 1323 775 medeatur
1352 733 1364 768 :
1395 728 1506 784 quo
1536 710 1794 766 videlicet
1813 710 1992 778 ipsum

419 819 802 895 agnoscentes,
842 814 910 868 ad
941 816 1116 884 ipsum
1149 815 1512 867 revertamur,
1573 801 1996 868 sanetitatisque

420 890 590 985 ipsius
617 916 911 966 consortes
934 904 1277 962 evadamus:
1317 917 1334 950 ι
1372 895 1590 950 Domini
1636 894 1783 948 enim
1832 890 1996 946 disci-

419 1009 563 1077 plina
595 1001 816 1073 apernit
850 1013 1013 1052 aures
1041 1008 1196 1050 meas
1235 993 1296 1044 ".
1335 1011 1352 1040 ι

485 1099 574 1152 45.
609 1072 778 1150 MAN.
813 1091 870 1145 Si
896 1091 1074 1144 bonus
1108 1094 1213 1148 est,
1257 1097 1357 1138 cur
1389 1083 1443 1134 in
1479 1078 1664 1132 futuro
1694 1091 1810 1130 :evo
1842 1072 2000 1143 flagi-

422 1191 620 1243 tiosum
668 1184 946 1238 hominem
980 1175 1321 1234 cruciatibus
1354 1170 1544 1233 allicit,
1578 1183 1642 1221 ac
1671 1181 1779 1220 non
1814 1164 1997 1234 potius

418 1295 542 1336 eum
573 1292 602 1332 e
634 1275 815 1330 medio
853 1270 1035 1327 tollit?
1075 1265 1286 1322 ORTH.
1319 1263 1486 1327 Deus,
1523 1259 1603 1313 uti
1647 1258 1827 1313 bonus
1854 1295 1868 1320 ,
1915 1255 1998 1308 sic

417 1382 640 1441 quoque
669 1365 857 1436 justus
894 1371 996 1417 est.
1050 1358 1123 1414 Ut
1171 1359 1344 1430 igitur
1379 1356 1592 1418 bonus,
1641 1350 1784 1404 bona
1816 1347 1996 1404 omnia

419 1440 588 1523 fecit,
651 1469 996 1527 qumcunque
1055 1451 1208 1507 fecit.
1272 1441 1744 1514 Quemadmodum
1807 1440 1998 1508 itaque

418 1571 633 1626 acquum
663 1560 803 1617 erat,
837 1555 893 1602 ut
917 1544 1009 1616 qui
1042 1543 1110 1599 ab
1145 1543 1266 1614 ipso
1301 1539 1437 1594 boni
1473 1535 1666 1597 futuri,
1700 1547 1766 1587 ac
1792 1532 1997 1586 bonum

419 1650 523 1704 sibi
555 1647 743 1702 datum
774 1655 884 1694 non
917 1635 1078 1691 modo
1118 1631 1391 1688 servaturi
1421 1670 1436 1696 ,
1469 1627 1564 1684 sed
1593 1627 1757 1682 etiam
1805 1633 2001 1689 opera-

419 1739 529 1793 turi
561 1743 773 1798 essent,
816 1726 1122 1800 perfectum
1149 1724 1355 1779 bonum
1385 1720 1865 1789 sempiternasque
1895 1711 1994 1766 de-

421 1830 577 1884 lieias
643 1829 932 1897 gustarent
989 1824 1044 1873 et
1103 1822 1579 1885 consequerentur
1631 1806 1767 1863 :sic
1835 1804 1999 1860 eti-am

423 1934 643 1992 aequum
697 1926 815 1973 erat
844 1922 905 1970 ut
933 1911 1028 1982 qui
1057 1909 1128 1964 ab
1161 1923 1228 1963 eo
1259 1906 1392 1960 boni
1429 1903 1616 1966 futuri,
1670 1913 1773 1953 nec
1820 1907 1998 1952 tamen

423 1987 609 2068 datum
638 2009 740 2064 sibi
777 2006 987 2061 bonum
1011 1997 1304 2061 servaturi,
1333 1995 1430 2052 sed
1462 2009 1558 2064 per
1602 1993 1874 2047 bonorum
1907 1987 2002 2040 ab-

418 2103 713 2174 jeetionem
747 2097 802 2150 in
855 2094 1050 2149 vitium
1079 2087 1606 2150 'dcflexuri-essent,
1646 2078 2003 2150 sempiternis

423 2194 641 2250 deliciis
667 2195 948 2245 carerent.

491 2284 582 2338 46.
618 2281 862 2350 Longius
915 2293 944 2331 a
1000 2275 1111 2330 Deo
1174 2274 1384 2328 distant
1450 2266 1784 2336 Seraphim,
1835 2275 2000 2333 quam

335 2393 350 2404 ν
423 2373 678 2429 diabolus
715 2386 745 2424 a
798 2367 1106 2436 Seraphim.
1141 2362 1411 2429 Quocirca
1461 2359 1568 2414 nisi
1617 2355 1870 2412 diabolus
1909 2368 2008 2406 ex-

425 2465 678 2526 stitisset,
713 2462 760 2515 is
791 2460 883 2530 qui
913 2473 1037 2512 eum
1066 2457 1313 2526 proxime
1349 2449 1724 2512 antecedebat,
1745 2445 2002 2501 omnium

423 2557 683 2620 deterior,
719 2553 831 2606 imo
869 2550 1036 2604 etiam
1083 2560 1276 2602 eorum
1311 2543 1407 2613 qui
1443 2541 1626 2610 ipsum
1662 2533 2001 2592 antecessis-

424 2653 568 2712 sent,
602 2638 1040 2710 comparatione,
1070 2634 1250 2688 malus
1280 2632 1434 2687 visus
1465 2635 1616 2685 esset
1647 2642 1661 2678 ς
1703 2625 1893 2694 sicque
1923 2621 2005 2676 di-

425 2731 858 2810 ceremus:Cur
898 2729 1079 2793 Deus,
1121 2740 1245 2780 cum
1305 2723 1466 2778 talem
1525 2732 1651 2774 eum
1699 2715 1817 2769 fore
1881 2725 2006 2783 pro-

426 2804 690 2900 spiceret,
721 2825 900 2894 ipsum
935 2828 1119 2875 tamen
1156 2814 1324 2870 fecit?
1346 2812 1547 2868 Eodem
1571 2809 1733 2865 modo
1777 2809 1829 2862 in
1857 2804 2008 2861 omni

427 2936 645 2993 quoque
682 2919 788 2972 alia
824 2933 883 2971 re
923 2911 1230 2986 proposita,
1269 2923 1448 2978 usque
1471 2906 1601 2959 dum
1638 2901 2007 2958 ascendamus

2099 442 2301 513 μετοχὴ
2327 440 2461 494 Θεοῦ
2487 439 2688 511 τρυφὴ,
2718 440 2749 508 ἡ
2771 439 2826 491 δὲ
2852 438 3172 504 ἁνεξικακία
3205 439 3391 501 αὑτοῦ,
3419 440 3661 504 κόλασις·

2096 532 2330 586 ἐνταῦθα
2365 533 2423 584 δὲ
2461 535 2522 584 οὐ
2567 530 2812 594 κολάζων
2856 529 3104 598 ἐπιφέρει
3156 530 3283 591 τοὺς
3332 533 3667 598 πειρασμοίις

2096 629 2123 679 ὁ
2149 626 2300 688 Θεὸς,
2333 624 2467 678 ἀλλὰ
2497 622 2770 676 παιδεύων
2805 624 2901 674 καὶ
2934 620 3164 689 ἰώμενος
3191 620 3291 690 τὴν
3336 623 3559 681 κακίαν,
3593 624 3669 675 ἵνα

2098 715 2408 784 ὲπιγνῶμεν
2440 713 2624 775 αὑτὸν,
2651 713 2744 764 καὶ
2787 712 3226 780 ἐπιστρέψωμεν,
3285 711 3373 762 καὶ
3423 712 3670 781 τύχωμεν

2097 807 2196 876 τῆς
2256 795 2545 875 ἁγιότητος
2600 803 2765 856 αὐτοῦ
2799 820 2812 834 ο
2861 823 2879 852 ι
2930 801 2991 854 Ἢ
3033 801 3144 871 γὰρ
3198 803 3405 855 παιδεία
3460 804 3669 872 Κυρίου

2097 899 2300 968 ἀνοίγει
2335 915 2436 966 μου
2465 898 2533 949 τά
2559 891 2699 950 ὦτα.
2746 917 2762 948 ι

2175 1087 2276 1149 με’.
2328 1079 2500 1132 ΜΔΝ.
2537 1079 2598 1131 Εἰ
2653 1077 2883 1144 ἀγαθὸς,
2931 1075 3021 1129 διὰ
3069 1076 3124 1128 τί
3184 1078 3240 1128 ὲν
3299 1074 3375 1142 τῷ
3425 1074 3653 1144 μέλλοντι

2100 1172 2257 1224 αἰῶνι
2309 1169 2528 1232 κολάζει
2557 1169 2648 1222 τὸν
2685 1169 2942 1236 πονηρὸν,
2981 1168 3078 1220 καὶ
3120 1167 3183 1219 οὐ
3222 1165 3426 1235 μᾶλλον
3464 1167 3659 1236 ἀναιρεί

2099 1262 2294 1325 αύτόν;
2327 1260 2477 1314 ΟΡΘ.
2530 1261 2588 1313 '0
2625 1260 2757 1322 Θεὸς
2811 1259 3017 1327 ἀγαθός
3049 1261 3228 1321 ἐστιν,
3270 1257 3412 1310 ἀλλὰ
3465 1259 3558 1310 καὶ
3599 1257 3671 1309 δίο

2101 1369 2280 1414 καιος·
2314 1352 2390 1415 ὡς
2416 1350 2620 1420 ἀγαθὸς
2653 1348 2747 1404 οῦν
2792 1351 3074 1421 ἐποίησεν,
3107 1351 3206 1402 ὅσα
3235 1349 3518 1419 ἐποίησεν,
3548 1351 3672 1416 ἀγαο

2102 1442 2170 1496 θέι
2197 1462 2207 1473 ·
2237 1442 2426 1512 ὥσπερ
2458 1437 2552 1496 οὖν
2583 1442 2793 1495 δίκαιον
2823 1437 2893 1512 ἦν
2921 1442 3048 1504 τοὺς
3078 1441 3169 1493 ὑπ’
3195 1441 3360 1494 αὐτοῦ
3391 1441 3677 1511 ἐσομένους

2102 1534 2366 1602 ἀγαθοὺς,
2389 1534 2484 1586 καὶ
2515 1533 2831 1604 μέλλοντας,
2849 1534 2911 1586 οὐ
2937 1535 3096 1603 μόνον
3127 1532 3426 1601 φυλάττειν
3453 1533 3516 1585 τὸ
3532 1533 3675 1585 δοθὲν

2103 1627 2287 1688 αὐτοῖς
2311 1624 2535 1693 ἀγαθὸν,
2569 1623 2706 1678 ἀλλά
2755 1625 2852 1678 καὶ
2901 1624 3301 1693 ὲπεργάζεσθαι
3334 1625 3498 1686 αὐτὸ,
3532 1624 3678 1690 γενέ-

2107 1715 2276 1770 σθαιι
2312 1721 2408 1770 καὶ
2457 1716 2758 1788 ἀξιωθῆναι
2801 1715 2896 1769 τοῦ
2927 1716 3135 1769 τελείου
3177 1715 3383 1783 ἀγαθοῦ
3405 1756 3422 1781 ,
3454 1717 3550 1769 καὶ
3588 1716 3676 1784 τῆς

2107 1811 2328 1865 αίωνίου
2356 1813 2587 1883 τρυφῆς,
2613 1811 2785 1875 οὕτως
2823 1811 2918 1864 καὶ
2946 1811 3155 1864 δίκαιον
3189 1805 3280 1880 ἦν,
3306 1809 3441 1872 τοὺς
3469 1809 3560 1861 ὑπ’
3586 1810 3678 1860 αὺ-

2108 1903 2201 1956 τοῦ
2261 1903 2554 1975 ἐσομένους
2615 1904 2894 1972 ἀγαθοὺς,
2951 1906 3047 1956 καὶ
3118 1902 3412 1971 μέλλοντας
3476 1902 3536 1954 οὖ
3589 1918 3680 1968 φυο

2111 1995 2329 2048 λάττειν
2354 1995 2414 2046 τὸ
2443 1993 2593 2048 δοθὲν
2620 1995 2802 2056 αὐτοῖς
2823 1994 3047 2062 ἀγαθὸν,
3076 1993 3190 2046 ἀλλ’
3213 1991 3677 2055 ὲκουσίωςέκκλί-

2109 2101 2218 2137 νειν
2243 2083 2331 2137 διὰ
2360 2084 2459 2154 τῆς
2495 2083 2770 2154 ἀποϐολῆς
2799 2083 2908 2137 τῶν
2952 2081 3178 2149 ἀγαθῶν
3208 2079 3300 2134 ἐπὶ
3329 2079 3426 2148 τὴν
3465 2077 3675 2143 κακίαν,

2110 2173 2206 2227 καὶ
2228 2172 2561 2243 στερηθῆναι
2584 2173 2683 2242 τῆς
2713 2171 2883 2226 ἀϊδίου
2908 2172 3140 2242 τρυφῆς.

2184 2271 2304 2334 μς’.
2337 2264 2506 2316 Πλέον
2534 2264 2730 2332 ἀπέχει
2760 2262 2830 2316 τὰ
2867 2263 3119 2332 Σεραφὶμ
3150 2261 3260 2314 ἀπὸ
3297 2259 3456 2322 Θεοῦ,
3495 2259 3677 2329 ἠπερὸ

2112 2355 2344 2426 πονηρὸς
2372 2353 2478 2407 ἀπὸ
2515 2354 2625 2406 τῶν
2660 2354 2930 2424 Σεραφίμ.
2958 2355 3022 2406 El
3053 2350 3147 2408 οὖν
3179 2352 3255 2424 μὴ
3281 2354 3498 2420 ἐγένετο
3516 2354 3542 2404 ὁ
3566 2350 3675 2401 δια-

2112 2445 2289 2509 δολος,
2336 2447 2365 2497 ὁ
2398 2444 2504 2515 πρὸ
2556 2443 2744 2523 αὐτοῦ,
2789 2445 3041 2512 ἐφαίνετο
3092 2445 3294 2514 χείρων
3338 2442 3556 2495 πάντων
3589 2438 3679 2492 καὶ

2113 2535 2302 2599 κακὸς,
2338 2535 2396 2587 ὲν
2441 2535 2729 2606 συγκρίσει
2775 2538 2844 2606 τῇ
2877 2535 3014 2604 πρὸς
3060 2535 3188 2597 τοὺς
3227 2535 3338 2606 πρὸ
3371 2533 3557 2598 αὐτοῦ,
3588 2531 3679 2583 καὶ

2113 2628 2372 2698 ἐλέγομεν
2393 2642 2406 2656 ·
2431 2626 2529 2680 Διὰ
2557 2627 2608 2679 τί
2628 2626 2890 2697 προειδὼς
2910 2629 2938 2679 ὁ
2956 2625 3106 2689 Θεὸς,
3130 2626 3214 2679 ὅτι
3243 2624 3483 2684 τοιοῦτος
3506 2621 3678 2693 μέλλει

2113 2719 2356 2784 ἔσεσθαι,
2384 2719 2638 2788 ἐποίησεν
2669 2718 2870 2786 adadv;
2906 2717 3111 2788 ὁμοίως
3161 2717 3260 2770 καὶ
3292 2717 3386 2768 ἐπὶ
3411 2714 3504 2768 τοῦ
3543 2731 3670 2784 προ-

2114 2813 2392 2883 κειμένου,
2421 2812 2524 2874 ’έως
2553 2810 2620 2864 ἂν
2652 2809 2895 2880 ἔλθωμεν
2925 2811 3021 2863 καὶ
3049 2811 3130 2872 είς
3157 2807 3302 2862 αὐτὰ
3330 2808 3398 2860 τὰ
3419 2805 3672 2877 Σεραξίμ.

2114 2906 2225 2958 Καὶ
2255 2903 2364 2973 γὰρ
2397 2902 2658 2966 πολλάκις
2690 2901 3004 2973 θεωροῦμεν
3036 2903 3271 2971 πρᾶγμα
3306 2899 3680 2958 ὲλεεινότατον,

429 2986 498 3067 ad
541 2986 658 3081 ipsa
702 3005 1016 3075 Seraphim.
1066 3000 1280 3055 Etenim
1315 3011 1460 3066 saepe
1487 2994 1545 3048 fit
1599 3001 1658 3048 ut
1689 3007 1802 3047 rem
1847 2989 2004 3044 mise-

2115 2996 2211 3048 καὶ
2241 2993 2509 3066 δοκοῦμεν
2536 2994 2613 3064 μὴ
2641 2989 2781 3046 εἶναι
2811 2990 3180 3061 ἐλεεινότερον
3215 2989 3387 3044 αὐτοῦ
3414 2989 3565 3052 ἀλλο,
3597 2986 3686 3040 καὶ

429 3103 648 3159 ratione
680 3097 1068 3170 dignissimam
1102 3104 1421 3154 cernamus,
1455 3103 1565 3158 qua
1603 3085 1834 3140 alteram
1877 3081 2006 3152 fingi

431 3214 542 3252 non
595 3208 760 3264 posse
817 3187 1158 3244 miseriorem
1225 3181 1644 3244 existimemus;
1696 3185 1815 3230 tum
1876 3189 2009 3229 vero

430 3299 621 3356 postea
651 3282 985 3339 deteriorem
1023 3275 1187 3330 aliam
1221 3271 1531 3327 videamus.
1571 3267 1856 3338 Siquidem
1898 3280 2012 3319 ma-

2117 3085 2256 3155 μετά
2285 3083 2455 3138 ταῦτα
2475 3085 2694 3153 ὁρῶμεν
2722 3083 2908 3155 ἕτερον
2937 3084 3142 3152 χεῖρον.
3173 3081 3360 3151 Ὅπερ
3391 3081 3502 3148 γάρ
3535 3080 3684 3146 ἐσχα-

2113 3193 2204 3228 τον
2230 3175 2398 3228 κακὸν
2419 3175 2478 3227 ὃν
2501 3174 2750 3244 εἴδωμεν,
2775 3174 2808 3244 ῆ
2839 3171 3200 3243 λογισώμεθα,
3241 3171 3579 3241 ὑπονοοῦμεν
3616 3169 3687 3240 μὴ

2118 3262 2258 3320 εἶναι
2285 3265 2451 3318 αὐτοῦ
2479 3267 2682 3335 χεῖρον.

428 3381 539 3433 lum
564 3375 717 3437 illud,
753 3371 897 3442 quod
927 3377 1262 3438 postremum
1287 3362 1551 3424 vidimus,
1584 3357 1862 3428 ejusmodi
1887 3372 2011 3412 esse
2049 3372 2367 3425 censemus,
2437 3365 2496 3412 ut
2523 3358 2730 3412 nullum
2765 3371 2831 3412 eo
2864 3355 3090 3428 gravius
3118 3369 3183 3409 ac
3221 3355 3516 3410 molestius
3572 3361 3690 3407 esse

428 3470 802 3541 suspicemur.

498 3564 587 3618 47.
631 3560 776 3616 Deus
809 3559 995 3629 itaque
1027 3553 1213 3610 omnia
1258 3549 1418 3612 valde
1443 3550 1586 3629 bon_a
1629 3546 1778 3614 fecit,
1808 3563 2007 3606 secun-

428 3659 558 3713 dum
588 3652 861 3722 cujusque
895 3611 1173 3710 naturam,
1225 3650 1285 3696 ut
1319 3640 1498 3710 ipsius
1528 3611 1788 3694 aluntas
1827 3639 2008 3709 dispo-

431 3749 563 3806 suit.
587 3743 704 3800 Non
729 3743 876 3798 enim
904 3737 1010 3810 legi
1039 3735 1328 3806 subjectus
1358 3739 1444 3788 est
1461 3745 1689 3800 ;.verum
1708 3730 1761 3785 id
1787 3729 2006 3786 demum

430 3842 639 3897 bonum
672 3831 932 3904 estquod
965 3831 1087 3900 ipse
1123 3828 1262 3892 vult,
1315 3839 1428 3880 non
1469 3821 1618 3894 quod
1663 3837 1764 3877 nos
1794 3822 2010 3892 judica-

432 3946 598 3987 mus:
632 3942 742 3982 non
795 3925 947 3980 enim
983 3937 1086 3976 nos
1141 3917 1235 3973 Dei
1280 3916 1502 3986 judices
1553 3929 1769 3969 sumus.
1803 3911 2008 3967 Verum

431 4022 578 4076 sicut
619 4034 688 4073 ex
739 4015 858 4071 sole
900 4019 957 4068 et
996 4011 1124 4078 igne
1153 4009 1248 4062 lux
1284 4005 1467 4060 omnis
1503 4003 1776 4074 Splendet,
1809 4004 1890 4058 sic
1916 4002 2010 4058 Dei

433 4113 716 4169 voluntate
765 4107 966 4161 bonum
1016 4114 1178 4156 omne
1230 4097 1512 4153 delinitur.
1558 4093 1693 4149 Nam
1749 4096 1796 4150 si
1845 4094 2013 4148 Deum

439 4297 668 4352 scitatus
713 4289 878 4362 449
936 4283 1130 4348 fueris,
1173 4296 1273 4336 cur
1319 4281 1425 4334 hoc
1461 4279 1674 4344 fecerit,
1717 4278 1852 4333 illud
1907 4293 2017 4332 non

2187 3549 2295 3619 μζ’.
2336 3546 2622 3616 Ἐποίησεν
2672 3543 2766 3598 οῦν
2795 3544 2824 3596 ὁ
2876 3541 3009 3604 Θεὸς
3053 3542 3123 3594 τὰ
3162 3543 3330 3595 πάντα
3377 3540 3518 3592 καλά
3565 3538 3688 3590 λίαν

2117 3638 2257 3693 κατὰ
2290 3649 2331 3678 ω
2359 3637 2456 3708 τὴν
2489 3637 2628 3690 ίδίαν
2671 3634 2866 3704 φύσιν,
2907 3631 3093 3696 καθὼς
3128 3633 3417 3702 ἠθέλησεν·
3463 3630 3527 3682 οὐ
3576 3630 3687 3699 γὰρ

2118 3731 2403 3784 ὑπόκειται
2423 3728 2595 3798 νόμῳ,
2615 3726 2730 3780 ἀλλ’
2753 3726 2891 3796 ὅπερ
2912 3724 3075 3788 θέλει,
3103 3723 3264 3782 τοῦτό
3292 3725 3434 3775 ἐστιν
3457 3721 3684 3789 ἀγαθὸν,

2117 3822 2214 3891 οὐχ
2235 3822 2372 3889 ὅπερ
2390 3821 2554 3890 ἡμεῖς
2581 3817 2869 3887 κρίνομεν·
2897 3815 2958 3867 ού
2985 3815 3093 3884 γάρ
3127 3815 3297 3884 ἐσμεν
3324 3814 3485 3882 lipsi;
3511 3811 3694 3882 κριταὶ

2119 3912 2214 3966 τοῦ
2237 3911 2396 3966 Θεοῦ.
2431 3909 2570 3963 Ἀλλ’
2596 3909 2782 3977 ὥσπερ
2809 3908 2872 3960 ὲκ
2905 3905 3000 3959 τοῦ
3031 3905 3206 3976 ἡλίου,
3226 3905 3345 3976 ἦτοι
3373 3904 3467 3956 τοῦ
3503 3901 3691 3971 πυρὸς,

2111 4003 2217 4055 πᾶν
2239 3999 2354 4070 φῶς
2375 3995 2879 4070 φωτίζεται,οὒτως
2900 3999 2964 4049 ὲκ
2987 3994 3079 4049 τοῦ
3112 3995 3417 4065 θελήματος
3442 3992 3542 4045 τοῦ
3565 3990 3696 4045 Θεοῦ

2113 4095 2221 4147 πᾶν
2237 4090 2440 4160 ἀγαθὸν
2456 4089 2719 4162 ὁρίζεται.
2739 4089 2803 4141 Εἰ
2819 4087 2927 4157 γὰρ
2955 4086 3160 4153 λέγεις,
3180 4086 3264 4137 ὅτι
3279 4083 3480 4146 Καλῶς
3509 4082 3699 4150 ἐποίη-

337 4219 350 4231 ί
435 4207 490 4260 in
525 4205 630 4258 boc
664 4201 825 4262 bene,
865 4196 919 4249 in
958 4193 1065 4247 hoc
1097 4189 1240 4246 male
1274 4187 1476 4244 fecisse
1511 4185 1741 4249 dixeris,
1775 4195 1872 4240 aut
1906 4189 2004 4242 sci-

2117 4200 2207 4236 σεν
2227 4184 2254 4235 ὁ
2292 4181 2426 4244 Θεὸς
2454 4181 2513 4233 ὲν
2537 4179 2736 4248 τούτῳ,
2787 4177 2882 4230 καὶ
2898 4175 3084 4238 κακῶς
3108 4175 3166 4226 ὲν
3193 4173 3388 4241 τούτῳ,
3415 4170 3516 4224 καὶ
3543 4170 3632 4223 διὰ
3649 4169 3700 4220 τί

2117 4275 2341 4342 ἐποίησε
2377 4271 2578 4336 τοῦτο;
2627 4269 2743 4335 καὶ,
2790 4268 2878 4321 διὰ
2899 4267 2951 4320 τί
2999 4267 3101 4320 οὐκ
3128 4265 3356 4334 ἐποίησε
3392 4261 3595 4328 τοῦτο;
3636 4263 3699 4314 σὺ

439 4387 658 4450 fecerit,
688 4393 740 4438 te
767 4351 858 4435 Dei
883 4378 1150 4449 judicem,
1198 4386 1379 4442 eoque
1406 4370 1672 4440 majorem
1707 4377 1761 4424 et
1795 4371 2004 4438 sapien-

2123 4364 2317 4436 κριτὴς
2347 4372 2374 4399 ιι
2401 4357 2451 4414 εῐ
2479 4359 2574 4413 τοῦ
2608 4359 2766 4426 Θεοῦ,
2802 4360 2898 4412 καὶ
2935 4356 3138 4428 μείζων
3175 4355 3363 4418 αὑτοῦ,
3398 4355 3496 4407 καὶ
3527 4351 3702 4421 σοφὼ-

437 4481 640 4532 tiorem
673 4472 991 4527 constituis.
1047 4465 1322 4532 Quocirca
1375 4461 1555 4525 Deus,
1603 4461 1748 4529 quod
1775 4461 2016 4526 libuerit,

440 4566 679 4625 faciendi
706 4570 1032 4635 potestatem
1067 4556 1252 4619 habet,
1291 4561 1457 4622 atque
1488 4551 1624 4606 illud
1655 4551 1859 4606 bonum
1891 4563 1974 4606 est
2001 4571 2013 4605 :

443 4677 506 4715 ac
539 4663 872 4730 potestatem
919 4651 1048 4704 item
1079 4646 1248 4700 habet
1288 4657 1479 4699 eorum
1531 4657 1654 4712 quae
1699 4640 1851 4708 facit,
1879 4657 2015 4712 quas

439 4753 557 4806 vnit
587 4763 788 4804 causas
824 4743 984 4799 nobis
1017 4735 1359 4802 declarandi,
1395 4743 1449 4790 et
1481 4749 1621 4804 quas
1651 4734 1788 4798 vult,
1821 4735 2012 4812 occul-

441 4842 612 4897 tandi.
647 4833 1090 4906 Unumquodque
1141 4842 1304 4900 porro
1361 4827 1631 4881 bonorum
1675 4835 2011 4889 creatorum,

442 4950 562 5005 qua:
591 4933 858 4988 rationem
891 4931 1246 4995 acceperunt,
1289 4926 1383 4974 aut
1413 4918 1586 4972 libere
1629 4918 1683 4971 in
1721 4917 1864 4972 bono
1891 4932 2016 4986 per-

442 5024 609 5089 stitit,
655 5029 715 5076 ut
764 5018 1051 5074 conditum
1127 5013 1268 5079 fuit;
1321 5018 1412 5064 aut
1465 5008 1638 5062 libere
1668 5008 2015 5062 immutatum

443 5123 544 5179 cst,
583 5122 748 5184 atque
773 5127 802 5165 a
834 5110 980 5164 bono
1023 5107 1276 5169 recessit,
1324 5099 1573 5170 illudque
1623 5098 1880 5168 perdidit.
1911 5097 2018 5151 Bo-

447 5218 576 5256 num
608 5213 693 5258 est
715 5201 1012 5272 prazclarus
1040 5194 1202 5260 ordo,
1232 5192 1531 5261 unicuique
1558 5190 1608 5245 id
1641 5189 1788 5260 quod
1821 5199 2019 5243 natura

515 5380 684 5436 “lsa.
726 5395 816 5442 ις,
850 5392 958 5431 sec.
994 5377 1152 5430 LXX.

2119 4473 2298 4528 τερος.
2333 4452 2613 4520 Ἐξουσίαν
2652 4448 2744 4506 οῦν
2788 4451 2926 4522 ἔχει,
2970 4450 3047 4514 ὡς
3084 4449 3253 4511 Θεὸς,
3301 4447 3530 4515 ποιῆσαι
3568 4447 3702 4514 ὅπερ

2120 4545 2291 4611 θέλει,
2318 4545 2412 4598 καὶ
2445 4543 2606 4596 τοῦτό
2631 4543 2780 4594 ἐστιν
2811 4539 3013 4608 ἀγαθόν
3036 4555 3050 4570 ·
3080 4538 3174 4592 καὶ
3205 4536 3459 4603 ἐξουσίαν
3487 4536 3605 4605 ἕχει
3630 4529 3702 4585 ὧν

2119 4638 2284 4701 ποιεῖ,
2319 4635 2383 4698 ἃς
2414 4634 2556 4688 θέλει
2587 4633 2764 4696 αἰτίας
2812 4630 3165 4699 ἀποκαλύψαι
3195 4630 3354 4699 ἡμῖν,
3389 4627 3486 4679 καὶ
3520 4625 3590 4688 ἃς
3620 4623 3705 4678 θέ-

2118 4728 2198 4780 λει
2245 4725 2582 4805 ἀποκρύψαι.
2617 4725 2886 4777 Ἕκαστον
2915 4723 2972 4775 δὲ
3000 4722 3110 4774 τῶν
3133 4719 3442 4789 γενομένων
3463 4715 3703 4785 λογικῶν

2119 4818 2402 4884 ἑκουσίως,
2438 4818 2471 4890 ἢ
2527 4817 2739 4887 ἔμεινεν
2773 4817 2830 4869 ὲν
2873 4813 2953 4885 τῷ
3009 4811 3222 4883 ἀγαθῷ,
3261 4811 3336 4874 ὡς
3382 4808 3638 4878 ἐκτίσθη,
3668 4805 3702 4875 ἢ

2122 4910 2386 4974 ἑκουσίως
2435 4909 2673 4979 ἐτράπη,
2703 4907 2797 4961 καὶ
2841 4905 3172 4975 ἁπεφοίτησε
3201 4902 3296 4956 τοῦ
3330 4899 3566 4967 ἀγαθοῦ,
3607 4898 3703 4952 καὶ

2122 5002 2404 5058 ἀπώλεσεν
2434 5001 2589 5053 αὐτό.
2622 4998 2852 5067 ’Δγαθοῦ
2877 4997 2975 5068 μὲν
3007 4997 3113 5068 γάρ
3150 4995 3268 5048 ἐστι
3294 4993 3448 5058 τάξις
3474 4991 3699 5062 ἀρίστη,

2126 5096 2344 5164 ἑκάστῳ
2378 5093 2437 5146 τὸ
2479 5092 2620 5145 κατά
2642 5090 2806 5159 φύσιν
2835 5091 3034 5143 οἰκεῖον
3083 5087 3458 5150 διασώζουσα·
3501 5080 3701 5136 ταυτὸν

2127 5186 2185 5239 δέ
2223 5186 2340 5238 ὲστι
2393 5185 2486 5237 καὶ
2519 5182 2712 5254 ἀρετή.
2744 5182 2929 5235 Κακία
2959 5180 3034 5246 δὲ,
3069 5182 3105 5250 ἡ
3143 5180 3240 5249 τῆς
3284 5176 3492 5242 τάξεως
3521 5171 3696 5234 λύσις,

1743 5463 1981 5520 VARle
2022 5458 2428 5517 LECTIONES.

525 5630 542 5672 ἓ
576 5632 798 5686 Leunel.
840 5629 1092 5684 emendat
1127 5625 1403 5695 γεύεσθαι,
1431 5635 1661 5696 gustare.
1693 5624 1696 5628 ’
1735 5632 1772 5660 ιη
1807 5622 1973 5678 Basil.
2005 5629 2058 5675 et
2114 5618 2250 5688 Reg.
2281 5616 2510 5670 ἕκαστον
2544 5602 2710 5667 κατᾶι.¹

2809 5620 2837 5648 η
2864 5610 3018 5666 Basil.
3065 5612 3380 5678 συγκρίτης.
