  <div class='ocr_page' id='page_1' title='image "/cluster/home/n/w/nwhite01/storage/ocr_20150623/94/hvd.32044073502098/780.png"; bbox 0 0 3962 6202; ppageno 0'>
   <div class='ocr_carea' id='block_1_1' title="bbox 318 281 3560 380">
    <p class='ocr_par' dir='ltr' id='par_1_1' title="bbox 318 281 3560 380">
     <span class='ocr_line' id='line_1_1' title="bbox 318 281 3560 380; baseline -0.002 -3"><span class='ocrx_word' id='word_1_1' title='bbox 318 312 457 380; x_wconf 64' lang='lat' dir='ltr'><strong>ista</strong></span> <span class='ocrx_word' id='word_1_2' title='bbox 1295 307 1685 370; x_wconf 81' lang='lat' dir='ltr'><strong>DIALOGUS</strong></span> <span class='ocrx_word' id='word_1_3' title='bbox 1719 305 2014 367; x_wconf 67' lang='lat' dir='ltr'><strong>CONTRA.</strong></span> <span class='ocrx_word' id='word_1_4' title='bbox 2063 301 2540 378; x_wconf 73' lang='lat' dir='ltr'><strong>M._\NICIl./EOS.</strong></span> <span class='ocrx_word' id='word_1_5' title='bbox 3425 281 3560 370; x_wconf 72' lang='lat'><strong>1556</strong></span> 
     </span>
    </p>
   </div>
   <div class='ocr_carea' id='block_1_2' title="bbox 315 415 1873 493">
    <p class='ocr_par' dir='ltr' id='par_1_2' title="bbox 315 419 1873 493">
     <span class='ocr_line' id='line_1_2' title="bbox 315 419 1873 493; baseline -0.008 -9"><span class='ocrx_word' id='word_1_6' title='bbox 315 433 494 484; x_wconf 84' lang='grc' dir='ltr'>εῖτουν</span> <span class='ocrx_word' id='word_1_7' title='bbox 523 429 738 493; x_wconf 75' lang='grc' dir='ltr'>ἀταξία.</span> <span class='ocrx_word' id='word_1_8' title='bbox 767 427 846 480; x_wconf 84' lang='grc' dir='ltr'>Τὰ</span> <span class='ocrx_word' id='word_1_9' title='bbox 872 426 999 480; x_wconf 78' lang='grc' dir='ltr'>ὗντα</span> <span class='ocrx_word' id='word_1_10' title='bbox 1025 425 1222 490; x_wconf 75' lang='grc' dir='ltr'>πάντα,</span> <span class='ocrx_word' id='word_1_11' title='bbox 1261 423 1492 476; x_wconf 81' lang='grc' dir='ltr'><strong>καθόσον</strong></span> <span class='ocrx_word' id='word_1_12' title='bbox 1527 423 1660 483; x_wconf 77' lang='grc' dir='ltr'>ἐστι,</span> <span class='ocrx_word' id='word_1_13' title='bbox 1701 419 1794 472; x_wconf 66' lang='grc' dir='ltr'><strong>καὶ</strong></span> <span class='ocrx_word' id='word_1_14' title='bbox 1821 421 1873 471; x_wconf 71' lang='grc' dir='ltr'>ὲκ</span> 
     </span>
    </p>
   </div>
   <div class='ocr_carea' id='block_1_3' title="bbox 1986 415 3562 493">
    <p class='ocr_par' dir='ltr' id='par_1_3' title="bbox 1993 415 3562 488">
     <span class='ocr_line' id='line_1_3' title="bbox 1993 415 3562 488; baseline 0.004 -20"><span class='ocrx_word' id='word_1_15' title='bbox 1993 417 2166 486; x_wconf 82' lang='lat' dir='ltr'><strong>ipsius</strong></span> <span class='ocrx_word' id='word_1_16' title='bbox 2210 415 2334 483; x_wconf 88' lang='lat' dir='ltr'><strong>fert,</strong></span> <span class='ocrx_word' id='word_1_17' title='bbox 2365 428 2701 469; x_wconf 81' lang='lat' dir='ltr'><strong>conservans</strong></span> <span class='ocrx_word' id='word_1_18' title='bbox 2729 431 2740 466; x_wconf 88' lang='lat'><strong>:</strong></span> <span class='ocrx_word' id='word_1_19' title='bbox 2772 422 2936 486; x_wconf 90' lang='lat' dir='ltr'><strong>atque</strong></span> <span class='ocrx_word' id='word_1_20' title='bbox 2969 417 3109 473; x_wconf 89' lang='lat' dir='ltr'><strong>idem</strong></span> <span class='ocrx_word' id='word_1_21' title='bbox 3137 431 3357 488; x_wconf 90' lang='lat' dir='ltr'><strong>quoque</strong></span> <span class='ocrx_word' id='word_1_22' title='bbox 3385 419 3562 475; x_wconf 84' lang='lat' dir='ltr'><strong>virtus</strong></span> 
     </span>
    </p>
   </div>
   <div class='ocr_carea' id='block_1_4' title="bbox 314 505 1873 592">
    <p class='ocr_par' dir='ltr' id='par_1_4' title="bbox 314 509 1873 592">
     <span class='ocr_line' id='line_1_4' title="bbox 314 509 1873 592; baseline -0.008 -17"><span class='ocrx_word' id='word_1_23' title='bbox 314 523 409 576; x_wconf 84' lang='grc' dir='ltr'><strong>τοῦ</strong></span> <span class='ocrx_word' id='word_1_24' title='bbox 443 521 646 592; x_wconf 79' lang='grc' dir='ltr'><strong>ἀγαθοῦ</strong></span> <span class='ocrx_word' id='word_1_25' title='bbox 671 537 683 552; x_wconf 78' lang='grc' dir='ltr'><strong>ο</strong></span> <span class='ocrx_word' id='word_1_26' title='bbox 713 520 946 573; x_wconf 79' lang='grc' dir='ltr'><strong>καθόσον</strong></span> <span class='ocrx_word' id='word_1_27' title='bbox 981 519 1039 572; x_wconf 81' lang='grc' dir='ltr'><strong>δὲ</strong></span> <span class='ocrx_word' id='word_1_28' title='bbox 1069 517 1356 588; x_wconf 73' lang='grc' dir='ltr'>ἐστέρηται</span> <span class='ocrx_word' id='word_1_29' title='bbox 1375 513 1469 568; x_wconf 89' lang='grc' dir='ltr'><strong>τοῦ</strong></span> <span class='ocrx_word' id='word_1_30' title='bbox 1507 512 1733 582; x_wconf 81' lang='grc' dir='ltr'><strong>ἀγαθοῦ,</strong></span> <span class='ocrx_word' id='word_1_31' title='bbox 1759 509 1873 564; x_wconf 79' lang='grc' dir='ltr'>οῦτε</span> 
     </span>
    </p>
   </div>
   <div class='ocr_carea' id='block_1_5' title="bbox 1986 505 3551 592">
    <p class='ocr_par' dir='ltr' id='par_1_5' title="bbox 1991 505 3551 579">
     <span class='ocr_line' id='line_1_5' title="bbox 1991 505 3551 579; baseline 0.001 -18"><span class='ocrx_word' id='word_1_32' title='bbox 1991 517 2099 561; x_wconf 88' lang='lat' dir='ltr'><strong>est.</strong></span> <span class='ocrx_word' id='word_1_33' title='bbox 2131 505 2332 559; x_wconf 80' lang='lat' dir='ltr'><strong>Malum</strong></span> <span class='ocrx_word' id='word_1_34' title='bbox 2366 514 2559 560; x_wconf 85' lang='lat' dir='ltr'><strong>contra</strong></span> <span class='ocrx_word' id='word_1_35' title='bbox 2586 514 2670 559; x_wconf 92' lang='lat' dir='ltr'><strong>est</strong></span> <span class='ocrx_word' id='word_1_36' title='bbox 2696 505 2909 560; x_wconf 75' lang='lat' dir='ltr'><strong>ordinis</strong></span> <span class='ocrx_word' id='word_1_37' title='bbox 2946 507 3262 579; x_wconf 74' lang='lat' dir='ltr'><strong>dissipatio,</strong></span> <span class='ocrx_word' id='word_1_38' title='bbox 3297 510 3410 564; x_wconf 85' lang='lat' dir='ltr'><strong>sive</strong></span> <span class='ocrx_word' id='word_1_39' title='bbox 3435 527 3551 579; x_wconf 86' lang='lat' dir='ltr'><strong>per-</strong></span> 
     </span>
    </p>
   </div>
   <div class='ocr_carea' id='block_1_6' title="bbox 313 595 1873 681">
    <p class='ocr_par' dir='ltr' id='par_1_6' title="bbox 313 601 1873 681">
     <span class='ocr_line' id='line_1_6' title="bbox 313 601 1873 681; baseline -0.011 -12"><span class='ocrx_word' id='word_1_40' title='bbox 313 614 520 681; x_wconf 74' lang='grc' dir='ltr'>ἀγαθὰ,</span> <span class='ocrx_word' id='word_1_41' title='bbox 549 613 672 666; x_wconf 80' lang='grc' dir='ltr'>οὔτε</span> <span class='ocrx_word' id='word_1_42' title='bbox 713 614 843 665; x_wconf 75' lang='grc' dir='ltr'>ὄντα</span> <span class='ocrx_word' id='word_1_43' title='bbox 889 611 1015 664; x_wconf 80' lang='grc' dir='ltr'>εἰσί.</span> <span class='ocrx_word' id='word_1_44' title='bbox 1042 610 1125 662; x_wconf 87' lang='grc' dir='ltr'><strong>Τὰ</strong></span> <span class='ocrx_word' id='word_1_45' title='bbox 1170 609 1279 679; x_wconf 82' lang='grc' dir='ltr'>γὰρ</span> <span class='ocrx_word' id='word_1_46' title='bbox 1319 608 1491 672; x_wconf 77' lang='grc' dir='ltr'>ἀζωα,</span> <span class='ocrx_word' id='word_1_47' title='bbox 1520 603 1751 657; x_wconf 81' lang='grc' dir='ltr'><strong>καθόσον</strong></span> <span class='ocrx_word' id='word_1_48' title='bbox 1785 601 1873 654; x_wconf 72' lang='grc' dir='ltr'><strong>οὐκ</strong></span> 
     </span>
    </p>
   </div>
   <div class='ocr_carea' id='block_1_7' title="bbox 1986 595 3559 681">
    <p class='ocr_par' dir='ltr' id='par_1_7' title="bbox 1993 595 3559 666">
     <span class='ocr_line' id='line_1_7' title="bbox 1993 595 3559 666; baseline 0.004 -17"><span class='ocrx_word' id='word_1_49' title='bbox 1993 596 2261 651; x_wconf 89' lang='lat' dir='ltr'><strong>turbatio.</strong></span> <span class='ocrx_word' id='word_1_50' title='bbox 2296 595 2490 650; x_wconf 88' lang='lat' dir='ltr'><strong>Omnia</strong></span> <span class='ocrx_word' id='word_1_51' title='bbox 2519 611 2640 666; x_wconf 65' lang='lat' dir='ltr'><strong>quae</strong></span> <span class='ocrx_word' id='word_1_52' title='bbox 2670 604 2823 662; x_wconf 83' lang='lat' dir='ltr'><strong>sunt,</strong></span> <span class='ocrx_word' id='word_1_53' title='bbox 2849 613 2954 666; x_wconf 90' lang='lat' dir='ltr'><strong>qua</strong></span> <span class='ocrx_word' id='word_1_54' title='bbox 2997 601 3206 656; x_wconf 80' lang='lat' dir='ltr'><strong>ratione</strong></span> <span class='ocrx_word' id='word_1_55' title='bbox 3237 611 3390 666; x_wconf 87' lang='lat' dir='ltr'><strong>sunt,</strong></span> <span class='ocrx_word' id='word_1_56' title='bbox 3415 602 3559 656; x_wconf 85' lang='lat' dir='ltr'><strong>bona</strong></span> 
     </span>
    </p>
   </div>
   <div class='ocr_carea' id='block_1_8' title="bbox 312 689 1873 770">
    <p class='ocr_par' dir='ltr' id='par_1_8' title="bbox 312 692 1873 770">
     <span class='ocr_line' id='line_1_8' title="bbox 312 692 1873 770; baseline 0.004 -20"><span class='ocrx_word' id='word_1_57' title='bbox 312 700 472 770; x_wconf 81' lang='grc' dir='ltr'>ἔσχεν</span> <span class='ocrx_word' id='word_1_58' title='bbox 505 703 570 753; x_wconf 83' lang='grc' dir='ltr'>ὲκ</span> <span class='ocrx_word' id='word_1_59' title='bbox 599 701 692 753; x_wconf 85' lang='grc' dir='ltr'><strong>τοῦ</strong></span> <span class='ocrx_word' id='word_1_60' title='bbox 721 698 928 768; x_wconf 85' lang='grc' dir='ltr'>ἀγαθοῦ</span> <span class='ocrx_word' id='word_1_61' title='bbox 965 698 1132 769; x_wconf 76' lang='grc' dir='ltr'>ζωὴν,</span> <span class='ocrx_word' id='word_1_62' title='bbox 1161 698 1314 759; x_wconf 73' lang='grc' dir='ltr'>ἀζωά</span> <span class='ocrx_word' id='word_1_63' title='bbox 1343 698 1510 756; x_wconf 79' lang='grc' dir='ltr'>ἐστιν,</span> <span class='ocrx_word' id='word_1_64' title='bbox 1551 692 1626 755; x_wconf 80' lang='grc' dir='ltr'><strong>ὼς</strong></span> <span class='ocrx_word' id='word_1_65' title='bbox 1655 692 1873 760; x_wconf 74' lang='grc' dir='ltr'>ἐστερη-</span> 
     </span>
    </p>
   </div>
   <div class='ocr_carea' id='block_1_9' title="bbox 1986 689 3560 770">
    <p class='ocr_par' dir='ltr' id='par_1_9' title="bbox 1991 689 3560 770">
     <span class='ocr_line' id='line_1_9' title="bbox 1991 689 3560 770; baseline 0.005 -30"><span class='ocrx_word' id='word_1_66' title='bbox 1991 703 2210 758; x_wconf 83' lang='lat' dir='ltr'><strong>quoque</strong></span> <span class='ocrx_word' id='word_1_67' title='bbox 2235 697 2385 751; x_wconf 87' lang='lat' dir='ltr'><strong>sunt,</strong></span> <span class='ocrx_word' id='word_1_68' title='bbox 2418 697 2579 757; x_wconf 80' lang='lat' dir='ltr'><strong>alque</strong></span> <span class='ocrx_word' id='word_1_69' title='bbox 2609 704 2675 742; x_wconf 84' lang='lat' dir='ltr'><strong>ex</strong></span> <span class='ocrx_word' id='word_1_70' title='bbox 2702 689 2844 743; x_wconf 87' lang='lat' dir='ltr'><strong>bono</strong></span> <span class='ocrx_word' id='word_1_71' title='bbox 2871 707 2883 743; x_wconf 91' lang='lat'>:</span> <span class='ocrx_word' id='word_1_72' title='bbox 2907 701 3176 760; x_wconf 89' lang='lat' dir='ltr'><strong>quatenus</strong></span> <span class='ocrx_word' id='word_1_73' title='bbox 3202 702 3384 748; x_wconf 88' lang='lat' dir='ltr'><strong>autem</strong></span> <span class='ocrx_word' id='word_1_74' title='bbox 3417 695 3560 770; x_wconf 86' lang='lat' dir='ltr'><strong>bono</strong></span> 
     </span>
    </p>
   </div>
   <div class='ocr_carea' id='block_1_10' title="bbox 316 778 1873 861">
    <p class='ocr_par' dir='ltr' id='par_1_10' title="bbox 316 780 1873 861">
     <span class='ocr_line' id='line_1_10' title="bbox 316 780 1873 861; baseline -0.006 -20"><span class='ocrx_word' id='word_1_75' title='bbox 316 791 454 860; x_wconf 81' lang='grc' dir='ltr'>μένα</span> <span class='ocrx_word' id='word_1_76' title='bbox 483 790 648 861; x_wconf 82' lang='grc' dir='ltr'>ζωῆς,</span> <span class='ocrx_word' id='word_1_77' title='bbox 671 792 874 861; x_wconf 83' lang='grc' dir='ltr'>ὁμοίως</span> <span class='ocrx_word' id='word_1_78' title='bbox 900 789 994 841; x_wconf 71' lang='grc' dir='ltr'>καὶ</span> <span class='ocrx_word' id='word_1_79' title='bbox 1011 788 1082 841; x_wconf 85' lang='grc' dir='ltr'><strong>τά</strong></span> <span class='ocrx_word' id='word_1_80' title='bbox 1113 786 1434 855; x_wconf 86' lang='grc' dir='ltr'>ἀναίσθητα,</span> <span class='ocrx_word' id='word_1_81' title='bbox 1470 783 1565 836; x_wconf 59' lang='grc' dir='ltr'><strong>καὶ⁸</strong></span> <span class='ocrx_word' id='word_1_82' title='bbox 1597 780 1665 834; x_wconf 82' lang='grc' dir='ltr'>τὰ.</span> <span class='ocrx_word' id='word_1_83' title='bbox 1689 781 1873 847; x_wconf 78' lang='grc' dir='ltr'>ἄλογα,</span> 
     </span>
    </p>
   </div>
   <div class='ocr_carea' id='block_1_11' title="bbox 1986 778 3559 861">
    <p class='ocr_par' dir='ltr' id='par_1_11' title="bbox 1992 778 3559 850">
     <span class='ocr_line' id='line_1_11' title="bbox 1992 778 3559 850; baseline 0.001 -17"><span class='ocrx_word' id='word_1_84' title='bbox 1992 787 2204 844; x_wconf 91' lang='lat' dir='ltr'><strong>carent,</strong></span> <span class='ocrx_word' id='word_1_85' title='bbox 2235 794 2337 834; x_wconf 87' lang='lat' dir='ltr'><strong>nec</strong></span> <span class='ocrx_word' id='word_1_86' title='bbox 2361 779 2525 843; x_wconf 87' lang='lat' dir='ltr'><strong>bona,</strong></span> <span class='ocrx_word' id='word_1_87' title='bbox 2555 792 2660 833; x_wconf 90' lang='lat' dir='ltr'><strong>nec</strong></span> <span class='ocrx_word' id='word_1_88' title='bbox 2692 779 2837 832; x_wconf 85' lang='lat' dir='ltr'><strong>entia</strong></span> <span class='ocrx_word' id='word_1_89' title='bbox 2871 787 3017 834; x_wconf 82' lang='lat' dir='ltr'><strong>sunt.</strong></span> <span class='ocrx_word' id='word_1_90' title='bbox 3049 778 3262 833; x_wconf 85' lang='lat' dir='ltr'><strong>Etenim</strong></span> <span class='ocrx_word' id='word_1_91' title='bbox 3300 798 3423 850; x_wconf 73' lang='lat' dir='ltr'><strong>qua:</strong></span> <span class='ocrx_word' id='word_1_92' title='bbox 3448 784 3559 835; x_wconf 83' lang='lat' dir='ltr'><strong>vita</strong></span> 
     </span>
    </p>
   </div>
   <div class='ocr_carea' id='block_1_12' title="bbox 314 861 1873 952">
    <p class='ocr_par' dir='ltr' id='par_1_12' title="bbox 314 861 1472 952">
     <span class='ocr_line' id='line_1_12' title="bbox 314 861 1472 952; baseline -0.003 -20"><span class='ocrx_word' id='word_1_93' title='bbox 314 861 544 936; x_wconf 79' lang='grc' dir='ltr'>καθόσον</span> <span class='ocrx_word' id='word_1_94' title='bbox 569 881 748 952; x_wconf 83' lang='grc' dir='ltr'>ἔσχεν,</span> <span class='ocrx_word' id='word_1_95' title='bbox 778 878 959 947; x_wconf 88' lang='grc' dir='ltr'>ἀγαθά</span> <span class='ocrx_word' id='word_1_96' title='bbox 984 881 1152 931; x_wconf 76' lang='grc' dir='ltr'>ἐστιν.</span> <span class='ocrx_word' id='word_1_97' title='bbox 1463 871 1472 878; x_wconf 79' lang='grc'><em>’</em></span> 
     </span>
    </p>
   </div>
   <div class='ocr_carea' id='block_1_13' title="bbox 1986 861 3558 952">
    <p class='ocr_par' dir='ltr' id='par_1_13' title="bbox 1991 868 3558 940">
     <span class='ocr_line' id='line_1_13' title="bbox 1991 868 3558 940; baseline -0.001 -16"><span class='ocrx_word' id='word_1_98' title='bbox 1991 875 2204 932; x_wconf 84' lang='lat' dir='ltr'><strong>carent,</strong></span> <span class='ocrx_word' id='word_1_99' title='bbox 2237 878 2510 939; x_wconf 86' lang='lat' dir='ltr'><strong>quatenus</strong></span> <span class='ocrx_word' id='word_1_100' title='bbox 2537 869 2701 921; x_wconf 86' lang='lat' dir='ltr'><strong>vitam</strong></span> <span class='ocrx_word' id='word_1_101' title='bbox 2729 883 2756 921; x_wconf 89' lang='lat' dir='ltr'><strong>a</strong></span> <span class='ocrx_word' id='word_1_102' title='bbox 2779 868 2922 924; x_wconf 88' lang='lat' dir='ltr'><strong>bono</strong></span> <span class='ocrx_word' id='word_1_103' title='bbox 2943 883 3052 922; x_wconf 89' lang='lat' dir='ltr'><strong>non</strong></span> <span class='ocrx_word' id='word_1_104' title='bbox 3082 877 3432 940; x_wconf 79' lang='lat' dir='ltr'><strong>acceperunt,</strong></span> <span class='ocrx_word' id='word_1_105' title='bbox 3451 887 3558 924; x_wconf 92' lang='lat' dir='ltr'><strong>nou</strong></span> 
     </span>
    </p>
   </div>
   <div class='ocr_carea' id='block_1_14' title="bbox 271 964 3560 1042">
    <p class='ocr_par' dir='ltr' id='par_1_14' title="bbox 271 964 3560 1042">
     <span class='ocr_line' id='line_1_14' title="bbox 271 964 3560 1042; baseline -0.002 -18"><span class='ocrx_word' id='word_1_106' title='bbox 271 964 280 996; x_wconf 54' lang='grc' dir='ltr'><strong>ί</strong></span> <span class='ocrx_word' id='word_1_107' title='bbox 311 973 550 1026; x_wconf 80' lang='lat' dir='ltr'><strong>viventia</strong></span> <span class='ocrx_word' id='word_1_108' title='bbox 593 981 758 1037; x_wconf 89' lang='lat' dir='ltr'><strong>sunt,</strong></span> <span class='ocrx_word' id='word_1_109' title='bbox 801 973 927 1042; x_wconf 92' lang='lat' dir='ltr'><strong>quia</strong></span> <span class='ocrx_word' id='word_1_110' title='bbox 977 971 1104 1026; x_wconf 67' lang='lat' dir='ltr'><strong>vitae</strong></span> <span class='ocrx_word' id='word_1_111' title='bbox 1150 972 1412 1040; x_wconf 76' lang='lat' dir='ltr'><strong>expertia.</strong></span> <span class='ocrx_word' id='word_1_112' title='bbox 1461 968 1731 1024; x_wconf 83' lang='lat' dir='ltr'><strong>Similiter</strong></span> <span class='ocrx_word' id='word_1_113' title='bbox 1773 980 1895 1036; x_wconf 70' lang='lat' dir='ltr'><strong>quae</strong></span> <span class='ocrx_word' id='word_1_114' title='bbox 1943 979 2110 1020; x_wconf 90' lang='lat' dir='ltr'><strong>sensu</strong></span> <span class='ocrx_word' id='word_1_115' title='bbox 2153 973 2208 1021; x_wconf 87' lang='lat' dir='ltr'><strong>et</strong></span> <span class='ocrx_word' id='word_1_116' title='bbox 2246 964 2462 1019; x_wconf 80' lang='lat' dir='ltr'><strong>ratione</strong></span> <span class='ocrx_word' id='word_1_117' title='bbox 2503 971 2733 1029; x_wconf 86' lang='lat' dir='ltr'><strong>carent,</strong></span> <span class='ocrx_word' id='word_1_118' title='bbox 2785 970 3060 1034; x_wconf 83' lang='lat' dir='ltr'><strong>quatenus</strong></span> <span class='ocrx_word' id='word_1_119' title='bbox 3097 964 3306 1034; x_wconf 89' lang='lat' dir='ltr'><strong>aliquid</strong></span> <span class='ocrx_word' id='word_1_120' title='bbox 3339 979 3560 1034; x_wconf 88' lang='lat' dir='ltr'><strong>accepe-</strong></span> 
     </span>
    </p>
   </div>
   <div class='ocr_carea' id='block_1_15' title="bbox 309 1068 1113 1134">
    <p class='ocr_par' dir='ltr' id='par_1_15' title="bbox 309 1068 1113 1134">
     <span class='ocr_line' id='line_1_15' title="bbox 309 1068 1113 1134; baseline -0.002 -12"><span class='ocrx_word' id='word_1_121' title='bbox 309 1076 464 1134; x_wconf 87' lang='lat' dir='ltr'><strong>runt,</strong></span> <span class='ocrx_word' id='word_1_122' title='bbox 491 1069 759 1123; x_wconf 87' lang='lat' dir='ltr'><strong>hactenus</strong></span> <span class='ocrx_word' id='word_1_123' title='bbox 792 1068 934 1122; x_wconf 90' lang='lat' dir='ltr'><strong>bona</strong></span> <span class='ocrx_word' id='word_1_124' title='bbox 963 1075 1113 1124; x_wconf 91' lang='lat' dir='ltr'><strong>sunt.</strong></span> 
     </span>
    </p>
   </div>
   <div class='ocr_carea' id='block_1_16' title="bbox 289 1147 1873 1225">
    <p class='ocr_par' dir='ltr' id='par_1_16' title="bbox 289 1153 1873 1225">
     <span class='ocr_line' id='line_1_16' title="bbox 289 1153 1873 1225; baseline -0.007 -8"><span class='ocrx_word' id='word_1_125' title='bbox 289 1212 298 1217; x_wconf 92' lang='lat'><strong>.</strong></span> <span class='ocrx_word' id='word_1_126' title='bbox 384 1163 494 1225; x_wconf 84' lang='grc' dir='ltr'>μη’.</span> <span class='ocrx_word' id='word_1_127' title='bbox 530 1153 681 1209; x_wconf 78' lang='grc' dir='ltr'>Οἶδεν</span> <span class='ocrx_word' id='word_1_128' title='bbox 711 1159 738 1209; x_wconf 92' lang='grc' dir='ltr'>ὁ</span> <span class='ocrx_word' id='word_1_129' title='bbox 766 1156 896 1219; x_wconf 73' lang='grc' dir='ltr'>Θεὸς</span> <span class='ocrx_word' id='word_1_130' title='bbox 939 1156 1000 1208; x_wconf 83' lang='grc' dir='ltr'><strong>τὸ</strong></span> <span class='ocrx_word' id='word_1_131' title='bbox 1056 1155 1246 1223; x_wconf 77' lang='grc' dir='ltr'>κακὸν,</span> <span class='ocrx_word' id='word_1_132' title='bbox 1281 1156 1353 1220; x_wconf 85' lang='grc' dir='ltr'>ὡς</span> <span class='ocrx_word' id='word_1_133' title='bbox 1411 1154 1646 1224; x_wconf 83' lang='grc' dir='ltr'>ἀγαθόν’</span> <span class='ocrx_word' id='word_1_134' title='bbox 1692 1154 1873 1224; x_wconf 79' lang='grc' dir='ltr'>ὥσπερ</span> 
     </span>
    </p>
   </div>
   <div class='ocr_carea' id='block_1_17' title="bbox 1986 1147 3560 1225">
    <p class='ocr_par' dir='ltr' id='par_1_17' title="bbox 2000 1147 3560 1218">
     <span class='ocr_line' id='line_1_17' title="bbox 2000 1147 3560 1218; baseline -0.001 -16"><span class='ocrx_word' id='word_1_135' title='bbox 2000 1187 2002 1190; x_wconf 89' lang='grc'><strong>-</strong></span> <span class='ocrx_word' id='word_1_136' title='bbox 2053 1149 2148 1203; x_wconf 73' lang='grc'><strong>48.</strong></span> <span class='ocrx_word' id='word_1_137' title='bbox 2192 1147 2336 1203; x_wconf 87' lang='lat' dir='ltr'><strong>Deus</strong></span> <span class='ocrx_word' id='word_1_138' title='bbox 2371 1148 2574 1204; x_wconf 88' lang='lat' dir='ltr'><strong>malum</strong></span> <span class='ocrx_word' id='word_1_139' title='bbox 2617 1147 2794 1202; x_wconf 89' lang='lat' dir='ltr'><strong>noscit</strong></span> <span class='ocrx_word' id='word_1_140' title='bbox 2829 1154 2885 1200; x_wconf 94' lang='lat' dir='ltr'><strong>ut</strong></span> <span class='ocrx_word' id='word_1_141' title='bbox 2916 1148 3162 1215; x_wconf 89' lang='lat' dir='ltr'><strong>bonum;</strong></span> <span class='ocrx_word' id='word_1_142' title='bbox 3198 1163 3250 1201; x_wconf 71' lang='grc' dir='ltr'><strong>ν.</strong></span> <span class='ocrx_word' id='word_1_143' title='bbox 3290 1163 3371 1218; x_wconf 82' lang='lat' dir='ltr'><strong>gr.</strong></span> <span class='ocrx_word' id='word_1_144' title='bbox 3405 1162 3560 1203; x_wconf 77' lang='lat' dir='ltr'><strong>scor~</strong></span> 
     </span>
    </p>
   </div>
   <div class='ocr_carea' id='block_1_18' title="bbox 309 1240 1873 1318">
    <p class='ocr_par' dir='ltr' id='par_1_18' title="bbox 309 1243 1873 1318">
     <span class='ocr_line' id='line_1_18' title="bbox 309 1243 1873 1318; baseline 0.002 -20"><span class='ocrx_word' id='word_1_145' title='bbox 309 1246 408 1318; x_wconf 80' lang='grc' dir='ltr'>τὴν</span> <span class='ocrx_word' id='word_1_146' title='bbox 431 1247 685 1318; x_wconf 77' lang='grc' dir='ltr'>πορνείαν</span> <span class='ocrx_word' id='word_1_147' title='bbox 713 1243 870 1311; x_wconf 80' lang='grc' dir='ltr'>οἶδεν,</span> <span class='ocrx_word' id='word_1_148' title='bbox 899 1247 974 1310; x_wconf 81' lang='grc' dir='ltr'>ὡς</span> <span class='ocrx_word' id='word_1_149' title='bbox 996 1247 1179 1315; x_wconf 76' lang='grc' dir='ltr'>ἔφεσιν</span> <span class='ocrx_word' id='word_1_150' title='bbox 1201 1248 1296 1300; x_wconf 70' lang='grc' dir='ltr'><strong>καὶ</strong></span> <span class='ocrx_word' id='word_1_151' title='bbox 1322 1248 1505 1316; x_wconf 78' lang='grc' dir='ltr'>φιλίαν</span> <span class='ocrx_word' id='word_1_152' title='bbox 1532 1249 1629 1301; x_wconf 72' lang='grc' dir='ltr'>καὶ</span> <span class='ocrx_word' id='word_1_153' title='bbox 1661 1247 1873 1301; x_wconf 67' lang='grc' dir='ltr'>ἕνωσιν.</span> 
     </span>
    </p>
   </div>
   <div class='ocr_carea' id='block_1_19' title="bbox 1986 1240 3561 1318">
    <p class='ocr_par' dir='ltr' id='par_1_19' title="bbox 1986 1240 3561 1311">
     <span class='ocr_line' id='line_1_19' title="bbox 1986 1240 3561 1311; baseline 0.001 -18"><span class='ocrx_word' id='word_1_154' title='bbox 1986 1241 2248 1295; x_wconf 84' lang='lat' dir='ltr'><strong>tationem</strong></span> <span class='ocrx_word' id='word_1_155' title='bbox 2267 1279 2281 1304; x_wconf 91' lang='lat'><strong>,</strong></span> <span class='ocrx_word' id='word_1_156' title='bbox 2310 1249 2368 1296; x_wconf 93' lang='lat' dir='ltr'><strong>ut</strong></span> <span class='ocrx_word' id='word_1_157' title='bbox 2388 1240 2801 1311; x_wconf 87' lang='lat' dir='ltr'><strong>appetitionem,</strong></span> <span class='ocrx_word' id='word_1_158' title='bbox 2825 1248 2878 1295; x_wconf 92' lang='lat' dir='ltr'><strong>et</strong></span> <span class='ocrx_word' id='word_1_159' title='bbox 2899 1240 3219 1303; x_wconf 85' lang='lat' dir='ltr'><strong>amicitiam,</strong></span> <span class='ocrx_word' id='word_1_160' title='bbox 3246 1255 3308 1294; x_wconf 88' lang='lat' dir='ltr'><strong>ac</strong></span> <span class='ocrx_word' id='word_1_161' title='bbox 3331 1240 3561 1309; x_wconf 85' lang='lat' dir='ltr'><strong>conjun—</strong></span> 
     </span>
    </p>
   </div>
   <div class='ocr_carea' id='block_1_20' title="bbox 312 1331 1873 1410">
    <p class='ocr_par' dir='ltr' id='par_1_20' title="bbox 312 1337 1873 1410">
     <span class='ocr_line' id='line_1_20' title="bbox 312 1337 1873 1410; baseline 0.002 -21"><span class='ocrx_word' id='word_1_162' title='bbox 312 1339 424 1390; x_wconf 69' lang='grc' dir='ltr'>Καὶ</span> <span class='ocrx_word' id='word_1_163' title='bbox 461 1339 590 1406; x_wconf 89' lang='grc' dir='ltr'>παρ’</span> <span class='ocrx_word' id='word_1_164' title='bbox 615 1337 873 1407; x_wconf 70' lang='grc' dir='ltr'>αὐτῷκαὶ</span> <span class='ocrx_word' id='word_1_165' title='bbox 902 1341 958 1392; x_wconf 87' lang='grc' dir='ltr'><strong>αί</strong></span> <span class='ocrx_word' id='word_1_166' title='bbox 1011 1340 1185 1393; x_wconf 80' lang='grc' dir='ltr'>αἰτίαι</span> <span class='ocrx_word' id='word_1_167' title='bbox 1241 1339 1346 1394; x_wconf 85' lang='grc' dir='ltr'>τῶν</span> <span class='ocrx_word' id='word_1_168' title='bbox 1377 1338 1585 1405; x_wconf 83' lang='grc' dir='ltr'>κακῶν,</span> <span class='ocrx_word' id='word_1_169' title='bbox 1616 1339 1873 1410; x_wconf 83' lang='grc' dir='ltr'>δυνάμεις</span> 
     </span>
    </p>
   </div>
   <div class='ocr_carea' id='block_1_21' title="bbox 1986 1331 3557 1410">
    <p class='ocr_par' dir='ltr' id='par_1_21' title="bbox 1986 1331 3557 1402">
     <span class='ocr_line' id='line_1_21' title="bbox 1986 1331 3557 1402; baseline -0.001 -15"><span class='ocrx_word' id='word_1_170' title='bbox 1986 1333 2245 1388; x_wconf 89' lang='lat' dir='ltr'><strong>ctionem.</strong></span> <span class='ocrx_word' id='word_1_171' title='bbox 2277 1331 2418 1398; x_wconf 83' lang='lat' dir='ltr'><strong>Quin</strong></span> <span class='ocrx_word' id='word_1_172' title='bbox 2454 1333 2598 1402; x_wconf 92' lang='lat' dir='ltr'><strong>apud</strong></span> <span class='ocrx_word' id='word_1_173' title='bbox 2631 1332 2810 1402; x_wconf 92' lang='lat' dir='ltr'><strong>ipsum</strong></span> <span class='ocrx_word' id='word_1_174' title='bbox 2846 1331 3136 1386; x_wconf 84' lang='lat' dir='ltr'><strong>facultates</strong></span> <span class='ocrx_word' id='word_1_175' title='bbox 3167 1348 3383 1402; x_wconf 86' lang='lat' dir='ltr'><strong>quoque</strong></span> <span class='ocrx_word' id='word_1_176' title='bbox 3414 1334 3519 1386; x_wconf 77' lang='lat' dir='ltr'><strong>illae</strong></span> <span class='ocrx_word' id='word_1_177' title='bbox 3543 1374 3557 1396; x_wconf 95' lang='lat'><strong>,</strong></span> 
     </span>
    </p>
   </div>
   <div class='ocr_carea' id='block_1_22' title="bbox 309 1423 1873 1504">
    <p class='ocr_par' dir='ltr' id='par_1_22' title="bbox 309 1429 1873 1504">
     <span class='ocr_line' id='line_1_22' title="bbox 309 1429 1873 1504; baseline 0.002 -23"><span class='ocrx_word' id='word_1_178' title='bbox 309 1429 627 1498; x_wconf 87' lang='grc' dir='ltr'>ἀγαθοποιοί</span> <span class='ocrx_word' id='word_1_179' title='bbox 645 1445 660 1460; x_wconf 73' lang='grc' dir='ltr'><strong>ο</strong></span> <span class='ocrx_word' id='word_1_180' title='bbox 699 1430 957 1495; x_wconf 75' lang='grc' dir='ltr'><strong>πολλάκις</strong></span> <span class='ocrx_word' id='word_1_181' title='bbox 996 1433 1060 1484; x_wconf 75' lang='grc' dir='ltr'>ἐκ</span> <span class='ocrx_word' id='word_1_182' title='bbox 1081 1432 1336 1504; x_wconf 83' lang='grc' dir='ltr'>πορνείας</span> <span class='ocrx_word' id='word_1_183' title='bbox 1361 1433 1684 1504; x_wconf 83' lang='grc' dir='ltr'>γεγένηνται</span> <span class='ocrx_word' id='word_1_184' title='bbox 1713 1431 1873 1498; x_wconf 58' lang='grc' dir='ltr'>σκεύη</span> 
     </span>
    </p>
   </div>
   <div class='ocr_carea' id='block_1_23' title="bbox 1986 1423 3554 1504">
    <p class='ocr_par' dir='ltr' id='par_1_23' title="bbox 1986 1423 3554 1494">
     <span class='ocr_line' id='line_1_23' title="bbox 1986 1423 3554 1494; baseline 0.001 -16"><span class='ocrx_word' id='word_1_185' title='bbox 1986 1439 2102 1494; x_wconf 81' lang='lat' dir='ltr'><strong>quae</strong></span> <span class='ocrx_word' id='word_1_186' title='bbox 2131 1423 2397 1477; x_wconf 88' lang='lat' dir='ltr'><strong>malorum</strong></span> <span class='ocrx_word' id='word_1_187' title='bbox 2433 1438 2616 1479; x_wconf 86' lang='lat' dir='ltr'><strong>causae</strong></span> <span class='ocrx_word' id='word_1_188' title='bbox 2648 1431 2808 1487; x_wconf 90' lang='lat' dir='ltr'><strong>sunt,</strong></span> <span class='ocrx_word' id='word_1_189' title='bbox 2859 1424 2987 1478; x_wconf 91' lang='lat' dir='ltr'><strong>boni</strong></span> <span class='ocrx_word' id='word_1_190' title='bbox 3037 1424 3347 1481; x_wconf 72' lang='lat' dir='ltr'><strong>effectrices</strong></span> <span class='ocrx_word' id='word_1_191' title='bbox 3397 1426 3554 1480; x_wconf 87' lang='lat' dir='ltr'><strong>fiunt.</strong></span> 
     </span>
    </p>
   </div>
   <div class='ocr_carea' id='block_1_24' title="bbox 309 1515 3557 1592">
    <p class='ocr_par' dir='ltr' id='par_1_24' title="bbox 309 1515 3557 1592">
     <span class='ocr_line' id='line_1_24' title="bbox 309 1515 3557 1592; baseline 0.001 -20"><span class='ocrx_word' id='word_1_192' title='bbox 309 1519 560 1592; x_wconf 77' lang='grc' dir='ltr'>ἐκλογῆς.</span> <span class='ocrx_word' id='word_1_193' title='bbox 1985 1516 2140 1586; x_wconf 78' lang='lat' dir='ltr'><strong>Saepe</strong></span> <span class='ocrx_word' id='word_1_194' title='bbox 2164 1515 2310 1571; x_wconf 89' lang='lat' dir='ltr'><strong>enim</strong></span> <span class='ocrx_word' id='word_1_195' title='bbox 2341 1516 2526 1572; x_wconf 83' lang='lat' dir='ltr'><strong>evenit</strong></span> <span class='ocrx_word' id='word_1_196' title='bbox 2567 1524 2628 1570; x_wconf 92' lang='lat' dir='ltr'><strong>ut</strong></span> <span class='ocrx_word' id='word_1_197' title='bbox 2687 1532 2754 1572; x_wconf 85' lang='lat' dir='ltr'><strong>ex</strong></span> <span class='ocrx_word' id='word_1_198' title='bbox 2785 1515 3148 1572; x_wconf 83' lang='lat' dir='ltr'><strong>fornicatione</strong></span> <span class='ocrx_word' id='word_1_199' title='bbox 3174 1533 3306 1572; x_wconf 85' lang='lat' dir='ltr'><strong>vasa</strong></span> <span class='ocrx_word' id='word_1_200' title='bbox 3333 1519 3557 1575; x_wconf 84' lang='lat' dir='ltr'><strong>electio-</strong></span> 
     </span>
    </p>
   </div>
   <div class='ocr_carea' id='block_1_25' title="bbox 1984 1608 2406 1664">
    <p class='ocr_par' dir='ltr' id='par_1_25' title="bbox 1984 1608 2406 1664">
     <span class='ocr_line' id='line_1_25' title="bbox 1984 1608 2406 1664; baseline 0 -2"><span class='ocrx_word' id='word_1_201' title='bbox 1984 1609 2072 1664; x_wconf 92' lang='lat' dir='ltr'><strong>nis</strong></span> <span class='ocrx_word' id='word_1_202' title='bbox 2105 1617 2236 1662; x_wconf 90' lang='lat' dir='ltr'><strong>nata</strong></span> <span class='ocrx_word' id='word_1_203' title='bbox 2271 1608 2406 1664; x_wconf 92' lang='lat' dir='ltr'><strong>sint.</strong></span> 
     </span>
    </p>
   </div>
   <div class='ocr_carea' id='block_1_26' title="bbox 382 1695 1873 1798">
    <p class='ocr_par' dir='ltr' id='par_1_26' title="bbox 382 1698 1873 1772">
     <span class='ocr_line' id='line_1_26' title="bbox 382 1698 1873 1772; baseline 0.003 -21"><span class='ocrx_word' id='word_1_204' title='bbox 382 1698 489 1769; x_wconf 86' lang='grc' dir='ltr'>μθ⁹.</span> <span class='ocrx_word' id='word_1_205' title='bbox 553 1699 613 1752; x_wconf 73' lang='lat' dir='ltr'><strong>Et</strong></span> <span class='ocrx_word' id='word_1_206' title='bbox 663 1699 890 1771; x_wconf 63' lang='grc' dir='ltr'>κακὶινή</span> <span class='ocrx_word' id='word_1_207' title='bbox 955 1701 1143 1767; x_wconf 84' lang='grc' dir='ltr'>κακία,</span> <span class='ocrx_word' id='word_1_208' title='bbox 1164 1701 1325 1755; x_wconf 81' lang='grc' dir='ltr'>καλὸν</span> <span class='ocrx_word' id='word_1_209' title='bbox 1365 1704 1396 1772; x_wconf 89' lang='grc' dir='ltr'>ἠ</span> <span class='ocrx_word' id='word_1_210' title='bbox 1435 1702 1676 1767; x_wconf 86' lang='grc' dir='ltr'>κόλασις,</span> <span class='ocrx_word' id='word_1_211' title='bbox 1723 1702 1873 1756; x_wconf 84' lang='grc' dir='ltr'>τοῦτο</span> 
     </span>
    </p>
   </div>
   <div class='ocr_carea' id='block_1_27' title="bbox 1986 1695 3558 1798">
    <p class='ocr_par' dir='ltr' id='par_1_27' title="bbox 2053 1695 3558 1772">
     <span class='ocr_line' id='line_1_27' title="bbox 2053 1695 3558 1772; baseline 0.002 -18"><span class='ocrx_word' id='word_1_212' title='bbox 2053 1698 2139 1754; x_wconf 72' lang='grc'><strong>49.</strong></span> <span class='ocrx_word' id='word_1_213' title='bbox 2187 1698 2244 1754; x_wconf 89' lang='lat' dir='ltr'><strong>Si</strong></span> <span class='ocrx_word' id='word_1_214' title='bbox 2283 1698 2486 1753; x_wconf 88' lang='lat' dir='ltr'><strong>malum</strong></span> <span class='ocrx_word' id='word_1_215' title='bbox 2539 1705 2623 1754; x_wconf 88' lang='lat' dir='ltr'><strong>est</strong></span> <span class='ocrx_word' id='word_1_216' title='bbox 2677 1695 2909 1763; x_wconf 86' lang='lat' dir='ltr'><strong>vitium,</strong></span> <span class='ocrx_word' id='word_1_217' title='bbox 2957 1700 3101 1754; x_wconf 88' lang='lat' dir='ltr'><strong>bona</strong></span> <span class='ocrx_word' id='word_1_218' title='bbox 3153 1701 3343 1772; x_wconf 89' lang='lat' dir='ltr'><strong>utique</strong></span> <span class='ocrx_word' id='word_1_219' title='bbox 3395 1717 3558 1772; x_wconf 87' lang='lat' dir='ltr'><strong>poena</strong></span> 
     </span>
    </p>
   </div>
   <div class='ocr_carea' id='block_1_28' title="bbox 307 1789 1873 1865">
    <p class='ocr_par' dir='ltr' id='par_1_28' title="bbox 307 1790 1873 1865">
     <span class='ocr_line' id='line_1_28' title="bbox 307 1790 1873 1865; baseline 0.004 -23"><span class='ocrx_word' id='word_1_220' title='bbox 307 1790 646 1860; x_wconf 76' lang='grc' dir='ltr'>ὲξορίζουσα.</span> <span class='ocrx_word' id='word_1_221' title='bbox 683 1792 865 1845; x_wconf 79' lang='grc' dir='ltr'>Κακὸν</span> <span class='ocrx_word' id='word_1_222' title='bbox 909 1791 1018 1863; x_wconf 80' lang='grc' dir='ltr'>γὰρ</span> <span class='ocrx_word' id='word_1_223' title='bbox 1061 1794 1093 1862; x_wconf 84' lang='grc' dir='ltr'><strong>ἡ</strong></span> <span class='ocrx_word' id='word_1_224' title='bbox 1147 1794 1393 1864; x_wconf 84' lang='grc' dir='ltr'>πορνεία,</span> <span class='ocrx_word' id='word_1_225' title='bbox 1431 1795 1530 1864; x_wconf 83' lang='grc' dir='ltr'><strong>οὐχ</strong></span> <span class='ocrx_word' id='word_1_226' title='bbox 1586 1795 1614 1846; x_wconf 85' lang='grc' dir='ltr'>ὁ</span> <span class='ocrx_word' id='word_1_227' title='bbox 1661 1811 1873 1865; x_wconf 84' lang='grc' dir='ltr'>σωφρο-</span> 
     </span>
    </p>
   </div>
   <div class='ocr_carea' id='block_1_29' title="bbox 1986 1789 3558 1865">
    <p class='ocr_par' dir='ltr' id='par_1_29' title="bbox 1986 1789 3558 1861">
     <span class='ocr_line' id='line_1_29' title="bbox 1986 1789 3558 1861; baseline 0.001 -18"><span class='ocrx_word' id='word_1_228' title='bbox 1986 1794 2070 1844; x_wconf 85' lang='lat' dir='ltr'><strong>est</strong></span> <span class='ocrx_word' id='word_1_229' title='bbox 2092 1827 2106 1851; x_wconf 91' lang='lat'><strong>,</strong></span> <span class='ocrx_word' id='word_1_230' title='bbox 2138 1803 2259 1858; x_wconf 66' lang='lat' dir='ltr'><strong>qua:</strong></span> <span class='ocrx_word' id='word_1_231' title='bbox 2281 1789 2460 1858; x_wconf 84' lang='lat' dir='ltr'><strong>ipsum</strong></span> <span class='ocrx_word' id='word_1_232' title='bbox 2491 1789 2753 1860; x_wconf 88' lang='lat' dir='ltr'><strong>propellit</strong></span> <span class='ocrx_word' id='word_1_233' title='bbox 2779 1795 2833 1844; x_wconf 89' lang='lat' dir='ltr'><strong>et</strong></span> <span class='ocrx_word' id='word_1_234' title='bbox 2863 1789 3036 1860; x_wconf 84' lang='lat' dir='ltr'><strong>fugat.</strong></span> <span class='ocrx_word' id='word_1_235' title='bbox 3069 1789 3190 1846; x_wconf 87' lang='lat' dir='ltr'><strong>Non</strong></span> <span class='ocrx_word' id='word_1_236' title='bbox 3219 1793 3366 1850; x_wconf 87' lang='lat' dir='ltr'><strong>enim</strong></span> <span class='ocrx_word' id='word_1_237' title='bbox 3397 1807 3558 1861; x_wconf 87' lang='lat' dir='ltr'><strong>poena</strong></span> 
     </span>
    </p>
   </div>
   <div class='ocr_carea' id='block_1_30' title="bbox 307 1883 1878 1957">
    <p class='ocr_par' dir='ltr' id='par_1_30' title="bbox 307 1883 1878 1957">
     <span class='ocr_line' id='line_1_30' title="bbox 307 1883 1878 1957; baseline 0.003 -21"><span class='ocrx_word' id='word_1_238' title='bbox 307 1883 497 1953; x_wconf 77' lang='grc' dir='ltr'>νισμός</span> <span class='ocrx_word' id='word_1_239' title='bbox 523 1899 536 1914; x_wconf 79' lang='grc'><strong>⁸</strong></span> <span class='ocrx_word' id='word_1_240' title='bbox 567 1883 628 1936; x_wconf 85' lang='grc' dir='ltr'><strong>οὐ</strong></span> <span class='ocrx_word' id='word_1_241' title='bbox 658 1883 766 1954; x_wconf 86' lang='grc' dir='ltr'><strong>γάρ</strong></span> <span class='ocrx_word' id='word_1_242' title='bbox 790 1887 824 1955; x_wconf 89' lang='grc' dir='ltr'>ἡ</span> <span class='ocrx_word' id='word_1_243' title='bbox 857 1885 1080 1948; x_wconf 84' lang='grc' dir='ltr'>κόλασις</span> <span class='ocrx_word' id='word_1_244' title='bbox 1105 1885 1266 1957; x_wconf 81' lang='grc' dir='ltr'>κακὴ,</span> <span class='ocrx_word' id='word_1_245' title='bbox 1297 1887 1430 1941; x_wconf 88' lang='grc' dir='ltr'>ἀλλὰ</span> <span class='ocrx_word' id='word_1_246' title='bbox 1475 1886 1537 1940; x_wconf 81' lang='grc' dir='ltr'>τὸ</span> <span class='ocrx_word' id='word_1_247' title='bbox 1569 1886 1719 1951; x_wconf 81' lang='grc' dir='ltr'>ἀξιον</span> <span class='ocrx_word' id='word_1_248' title='bbox 1757 1889 1878 1940; x_wconf 80' lang='grc' dir='ltr'>ἑαυ-</span> 
     </span>
    </p>
   </div>
   <div class='ocr_carea' id='block_1_31' title="bbox 308 1975 989 2046">
    <p class='ocr_par' dir='ltr' id='par_1_31' title="bbox 308 1975 989 2046">
     <span class='ocr_line' id='line_1_31' title="bbox 308 1975 989 2046; baseline 0.004 -19"><span class='ocrx_word' id='word_1_249' title='bbox 308 1975 400 2027; x_wconf 79' lang='grc' dir='ltr'><strong>τὸν</strong></span> <span class='ocrx_word' id='word_1_250' title='bbox 430 1975 656 2046; x_wconf 86' lang='grc' dir='ltr'>ποιῆσαι</span> <span class='ocrx_word' id='word_1_251' title='bbox 694 1976 989 2040; x_wconf 84' lang='grc' dir='ltr'>κολάσεως.</span> 
     </span>
    </p>
   </div>
   <div class='ocr_carea' id='block_1_32' title="bbox 377 2065 1872 2142">
    <p class='ocr_par' dir='ltr' id='par_1_32' title="bbox 377 2065 1872 2142">
     <span class='ocr_line' id='line_1_32' title="bbox 377 2065 1872 2142; baseline 0.003 -22"><span class='ocrx_word' id='word_1_252' title='bbox 377 2072 442 2120; x_wconf 82' lang='grc' dir='ltr'>ν’.</span> <span class='ocrx_word' id='word_1_253' title='bbox 479 2068 542 2120; x_wconf 84' lang='lat' dir='ltr'><strong>Ei</strong></span> <span class='ocrx_word' id='word_1_254' title='bbox 557 2068 618 2121; x_wconf 85' lang='grc' dir='ltr'>τὺ</span> <span class='ocrx_word' id='word_1_255' title='bbox 645 2069 812 2122; x_wconf 82' lang='grc' dir='ltr'>κακὸν</span> <span class='ocrx_word' id='word_1_256' title='bbox 831 2069 1022 2136; x_wconf 80' lang='grc' dir='ltr'>ἀΐδιον,</span> <span class='ocrx_word' id='word_1_257' title='bbox 1041 2065 1134 2123; x_wconf 78' lang='grc' dir='ltr'><strong>καὶ</strong></span> <span class='ocrx_word' id='word_1_258' title='bbox 1152 2070 1490 2142; x_wconf 84' lang='grc' dir='ltr'>δημιουργεῖ,</span> <span class='ocrx_word' id='word_1_259' title='bbox 1519 2073 1612 2125; x_wconf 70' lang='grc' dir='ltr'><strong>καὶ</strong></span> <span class='ocrx_word' id='word_1_260' title='bbox 1627 2072 1872 2138; x_wconf 83' lang='grc' dir='ltr'>δύναται,</span> 
     </span>
    </p>
   </div>
   <div class='ocr_carea' id='block_1_33' title="bbox 307 2158 1878 2232">
    <p class='ocr_par' dir='ltr' id='par_1_33' title="bbox 307 2158 1878 2232">
     <span class='ocr_line' id='line_1_33' title="bbox 307 2158 1878 2232; baseline 0.004 -21"><span class='ocrx_word' id='word_1_261' title='bbox 307 2158 399 2211; x_wconf 65' lang='grc' dir='ltr'><strong>καὶ¹</strong></span> <span class='ocrx_word' id='word_1_262' title='bbox 425 2159 539 2211; x_wconf 73' lang='grc' dir='ltr'>ἐστι</span> <span class='ocrx_word' id='word_1_263' title='bbox 567 2161 658 2212; x_wconf 69' lang='grc' dir='ltr'><strong>καὶ</strong></span> <span class='ocrx_word' id='word_1_264' title='bbox 683 2160 804 2230; x_wconf 79' lang='grc' dir='ltr'>δρᾷ,</span> <span class='ocrx_word' id='word_1_265' title='bbox 831 2160 996 2213; x_wconf 87' lang='grc' dir='ltr'>πόθεν</span> <span class='ocrx_word' id='word_1_266' title='bbox 1023 2160 1170 2230; x_wconf 81' lang='grc' dir='ltr'>αὐτῷ</span> <span class='ocrx_word' id='word_1_267' title='bbox 1224 2160 1429 2225; x_wconf 78' lang='grc' dir='ltr'>ταῦτας</span> <span class='ocrx_word' id='word_1_268' title='bbox 1463 2162 1496 2232; x_wconf 80' lang='grc' dir='ltr'><strong>ἢ</strong></span> <span class='ocrx_word' id='word_1_269' title='bbox 1533 2164 1595 2216; x_wconf 77' lang='grc' dir='ltr'>ὲκ</span> <span class='ocrx_word' id='word_1_270' title='bbox 1623 2163 1716 2215; x_wconf 85' lang='grc' dir='ltr'><strong>τοῦ</strong></span> <span class='ocrx_word' id='word_1_271' title='bbox 1738 2165 1878 2230; x_wconf 64' lang='grc' dir='ltr'>ἀγαα</span> 
     </span>
    </p>
   </div>
   <div class='ocr_carea' id='block_1_34' title="bbox 308 2246 1876 2322">
    <p class='ocr_par' dir='ltr' id='par_1_34' title="bbox 308 2246 1876 2322">
     <span class='ocr_line' id='line_1_34' title="bbox 308 2246 1876 2322; baseline 0.003 -23"><span class='ocrx_word' id='word_1_272' title='bbox 308 2247 423 2312; x_wconf 82' lang='grc' dir='ltr'>θοῦ,</span> <span class='ocrx_word' id='word_1_273' title='bbox 463 2247 494 2317; x_wconf 87' lang='grc' dir='ltr'>ἢ</span> <span class='ocrx_word' id='word_1_274' title='bbox 522 2246 600 2317; x_wconf 79' lang='grc' dir='ltr'>τῷ</span> <span class='ocrx_word' id='word_1_275' title='bbox 631 2247 819 2318; x_wconf 84' lang='grc' dir='ltr'>ἀγαθῷ</span> <span class='ocrx_word' id='word_1_276' title='bbox 849 2251 912 2302; x_wconf 77' lang='grc' dir='ltr'>ἐκ</span> <span class='ocrx_word' id='word_1_277' title='bbox 937 2248 1030 2301; x_wconf 84' lang='grc' dir='ltr'><strong>τοῦ</strong></span> <span class='ocrx_word' id='word_1_278' title='bbox 1076 2249 1269 2313; x_wconf 87' lang='grc' dir='ltr'>κακοῦ,</span> <span class='ocrx_word' id='word_1_279' title='bbox 1315 2250 1348 2321; x_wconf 81' lang='grc' dir='ltr'>ἢ</span> <span class='ocrx_word' id='word_1_280' title='bbox 1395 2253 1598 2322; x_wconf 79' lang='grc' dir='ltr'>ἀμφοῖν</span> <span class='ocrx_word' id='word_1_281' title='bbox 1624 2250 1684 2315; x_wconf 79' lang='grc' dir='ltr'>ἐξ</span> <span class='ocrx_word' id='word_1_282' title='bbox 1711 2251 1876 2322; x_wconf 80' lang='grc' dir='ltr'>ἄλλης</span> 
     </span>
    </p>
   </div>
   <div class='ocr_carea' id='block_1_35' title="bbox 306 2338 1874 2413">
    <p class='ocr_par' dir='ltr' id='par_1_35' title="bbox 306 2338 1874 2413">
     <span class='ocr_line' id='line_1_35' title="bbox 306 2338 1874 2413; baseline 0.004 -22"><span class='ocrx_word' id='word_1_283' title='bbox 306 2338 507 2402; x_wconf 78' lang='grc' dir='ltr'>αἰτίας,</span> <span class='ocrx_word' id='word_1_284' title='bbox 539 2339 620 2392; x_wconf 84' lang='grc' dir='ltr'>ὅτι</span> <span class='ocrx_word' id='word_1_285' title='bbox 639 2341 731 2392; x_wconf 83' lang='grc' dir='ltr'><strong>καὶ</strong></span> <span class='ocrx_word' id='word_1_286' title='bbox 765 2344 826 2393; x_wconf 87' lang='grc' dir='ltr'><strong>τὸ</strong></span> <span class='ocrx_word' id='word_1_287' title='bbox 854 2340 1022 2394; x_wconf 85' lang='grc' dir='ltr'>κακὸν</span> <span class='ocrx_word' id='word_1_288' title='bbox 1051 2342 1108 2393; x_wconf 84' lang='grc' dir='ltr'>ὲν</span> <span class='ocrx_word' id='word_1_289' title='bbox 1128 2341 1206 2410; x_wconf 83' lang='grc' dir='ltr'>τῷ</span> <span class='ocrx_word' id='word_1_290' title='bbox 1228 2341 1415 2412; x_wconf 87' lang='grc' dir='ltr'><strong>ἀγαθῷ</strong></span> <span class='ocrx_word' id='word_1_291' title='bbox 1444 2342 1874 2413; x_wconf 74' lang='grc' dir='ltr'>παρυφισταται,</span> 
     </span>
    </p>
   </div>
   <div class='ocr_carea' id='block_1_36' title="bbox 306 2429 1874 2503">
    <p class='ocr_par' dir='ltr' id='par_1_36' title="bbox 306 2429 1874 2503">
     <span class='ocr_line' id='line_1_36' title="bbox 306 2429 1874 2503; baseline 0.003 -21"><span class='ocrx_word' id='word_1_292' title='bbox 306 2429 400 2483; x_wconf 73' lang='grc' dir='ltr'>καὶ</span> <span class='ocrx_word' id='word_1_293' title='bbox 460 2430 540 2482; x_wconf 79' lang='grc' dir='ltr'><strong>ὅτι</strong></span> <span class='ocrx_word' id='word_1_294' title='bbox 592 2429 853 2499; x_wconf 81' lang='grc' dir='ltr'>ἀγαθύνει</span> <span class='ocrx_word' id='word_1_295' title='bbox 893 2433 990 2486; x_wconf 75' lang='grc' dir='ltr'><strong>καὶ</strong></span> <span class='ocrx_word' id='word_1_296' title='bbox 1046 2431 1114 2485; x_wconf 79' lang='grc' dir='ltr'>τὰ</span> <span class='ocrx_word' id='word_1_297' title='bbox 1146 2432 1312 2494; x_wconf 79' lang='grc' dir='ltr'>κακὰ,</span> <span class='ocrx_word' id='word_1_298' title='bbox 1363 2433 1459 2486; x_wconf 73' lang='grc' dir='ltr'><strong>καὶ</strong></span> <span class='ocrx_word' id='word_1_299' title='bbox 1492 2431 1590 2503; x_wconf 80' lang='grc' dir='ltr'><strong>τὴν</strong></span> <span class='ocrx_word' id='word_1_300' title='bbox 1619 2435 1813 2487; x_wconf 83' lang='grc' dir='ltr'>ἑαυτοῦ</span> <span class='ocrx_word' id='word_1_301' title='bbox 1848 2444 1874 2472; x_wconf 86' lang='grc' dir='ltr'><strong>ο</strong></span> 
     </span>
    </p>
   </div>
   <div class='ocr_carea' id='block_1_37' title="bbox 311 2519 1879 2594">
    <p class='ocr_par' dir='ltr' id='par_1_37' title="bbox 311 2519 1879 2594">
     <span class='ocr_line' id='line_1_37' title="bbox 311 2519 1879 2594; baseline 0.004 -22"><span class='ocrx_word' id='word_1_302' title='bbox 311 2521 600 2591; x_wconf 83' lang='grc' dir='ltr'>στέρησιν;</span> <span class='ocrx_word' id='word_1_303' title='bbox 637 2522 698 2575; x_wconf 85' lang='grc' dir='ltr'><strong><em>Ἡ</em></strong></span> <span class='ocrx_word' id='word_1_304' title='bbox 734 2521 842 2592; x_wconf 82' lang='grc' dir='ltr'>γὰρ</span> <span class='ocrx_word' id='word_1_305' title='bbox 876 2522 1027 2591; x_wconf 81' lang='grc' dir='ltr'>φιλία</span> <span class='ocrx_word' id='word_1_306' title='bbox 1070 2522 1248 2594; x_wconf 81' lang='grc' dir='ltr'>ἀγαθὴ</span> <span class='ocrx_word' id='word_1_307' title='bbox 1286 2519 1438 2586; x_wconf 82' lang='grc' dir='ltr'>οὖσα,</span> <span class='ocrx_word' id='word_1_308' title='bbox 1488 2524 1692 2592; x_wconf 85' lang='grc' dir='ltr'>ἀγαθὸν</span> <span class='ocrx_word' id='word_1_309' title='bbox 1733 2529 1879 2579; x_wconf 84' lang='grc' dir='ltr'>ποιεῖ</span> 
     </span>
    </p>
   </div>
   <div class='ocr_carea' id='block_1_38' title="bbox 308 2614 1872 2686">
    <p class='ocr_par' dir='ltr' id='par_1_38' title="bbox 308 2614 1872 2686">
     <span class='ocr_line' id='line_1_38' title="bbox 308 2614 1872 2686; baseline 0.004 -21"><span class='ocrx_word' id='word_1_310' title='bbox 308 2615 543 2684; x_wconf 79' lang='grc' dir='ltr'>φανῆναι</span> <span class='ocrx_word' id='word_1_311' title='bbox 591 2614 689 2686; x_wconf 83' lang='grc' dir='ltr'>τὴν</span> <span class='ocrx_word' id='word_1_312' title='bbox 727 2614 1005 2686; x_wconf 83' lang='grc' dir='ltr'>πορνείαν,</span> <span class='ocrx_word' id='word_1_313' title='bbox 1039 2616 1121 2668; x_wconf 84' lang='grc' dir='ltr'>ὅτι</span> <span class='ocrx_word' id='word_1_314' title='bbox 1147 2620 1203 2669; x_wconf 76' lang='grc' dir='ltr'>ἐν</span> <span class='ocrx_word' id='word_1_315' title='bbox 1238 2615 1312 2686; x_wconf 82' lang='grc' dir='ltr'>τῷ</span> <span class='ocrx_word' id='word_1_316' title='bbox 1344 2616 1534 2686; x_wconf 85' lang='grc' dir='ltr'>ἀγαθῷ</span> <span class='ocrx_word' id='word_1_317' title='bbox 1559 2617 1872 2686; x_wconf 85' lang='grc' dir='ltr'>φιλονεικεῖ,</span> 
     </span>
    </p>
   </div>
   <div class='ocr_carea' id='block_1_39' title="bbox 307 2702 1870 2777">
    <p class='ocr_par' dir='ltr' id='par_1_39' title="bbox 307 2702 1870 2777">
     <span class='ocr_line' id='line_1_39' title="bbox 307 2702 1870 2777; baseline 0.006 -22"><span class='ocrx_word' id='word_1_318' title='bbox 307 2703 424 2766; x_wconf 82' lang='grc' dir='ltr'>πῶς</span> <span class='ocrx_word' id='word_1_319' title='bbox 455 2705 551 2756; x_wconf 75' lang='grc' dir='ltr'>καὶ</span> <span class='ocrx_word' id='word_1_320' title='bbox 584 2705 658 2774; x_wconf 77' lang='grc' dir='ltr'>μὴ</span> <span class='ocrx_word' id='word_1_321' title='bbox 691 2704 750 2757; x_wconf 81' lang='grc' dir='ltr'>ὃν</span> <span class='ocrx_word' id='word_1_322' title='bbox 797 2705 945 2768; x_wconf 67' lang='lat' dir='ltr'><strong>Em;</strong></span> <span class='ocrx_word' id='word_1_323' title='bbox 1000 2705 1074 2775; x_wconf 80' lang='grc' dir='ltr'>μὴ</span> <span class='ocrx_word' id='word_1_324' title='bbox 1105 2702 1242 2759; x_wconf 73' lang='grc' dir='ltr'>εἶναι</span> <span class='ocrx_word' id='word_1_325' title='bbox 1284 2707 1392 2777; x_wconf 78' lang='grc' dir='ltr'>γὰρ</span> <span class='ocrx_word' id='word_1_326' title='bbox 1416 2708 1630 2775; x_wconf 81' lang='grc' dir='ltr'>λέγεται</span> <span class='ocrx_word' id='word_1_327' title='bbox 1661 2711 1689 2763; x_wconf 84' lang='grc' dir='ltr'>ὁ</span> <span class='ocrx_word' id='word_1_328' title='bbox 1720 2711 1870 2774; x_wconf 78' lang='grc' dir='ltr'>Θεὸς.</span> 
     </span>
    </p>
   </div>
   <div class='ocr_carea' id='block_1_40' title="bbox 307 2795 1603 2870">
    <p class='ocr_par' dir='ltr' id='par_1_40' title="bbox 307 2795 1603 2870">
     <span class='ocr_line' id='line_1_40' title="bbox 307 2795 1603 2870; baseline 0.005 -21"><span class='ocrx_word' id='word_1_329' title='bbox 307 2795 450 2849; x_wconf 84' lang='grc' dir='ltr'>κατὰ</span> <span class='ocrx_word' id='word_1_330' title='bbox 473 2797 570 2865; x_wconf 78' lang='grc' dir='ltr'>τὴν</span> <span class='ocrx_word' id='word_1_331' title='bbox 599 2797 814 2849; x_wconf 73' lang='grc' dir='ltr'>πάντων</span> <span class='ocrx_word' id='word_1_332' title='bbox 843 2795 1177 2867; x_wconf 80' lang='grc' dir='ltr'>ὑπεροχικὴν</span> <span class='ocrx_word' id='word_1_333' title='bbox 1200 2798 1489 2868; x_wconf 85' lang='grc' dir='ltr'>ἀφαίρεσιν</span> <span class='ocrx_word' id='word_1_334' title='bbox 1507 2799 1603 2870; x_wconf 70' lang='grc'><strong>(1).</strong></span> 
     </span>
    </p>
   </div>
   <div class='ocr_carea' id='block_1_41' title="bbox 1985 1874 3557 1953">
    <p class='ocr_par' dir='ltr' id='par_1_41' title="bbox 1985 1874 3557 1953">
     <span class='ocr_line' id='line_1_41' title="bbox 1985 1874 3557 1953; baseline 0.003 -21"><span class='ocrx_word' id='word_1_335' title='bbox 1985 1880 2190 1933; x_wconf 89' lang='lat' dir='ltr'><strong>malum</strong></span> <span class='ocrx_word' id='word_1_336' title='bbox 2230 1889 2334 1946; x_wconf 90' lang='lat' dir='ltr'><strong>est,</strong></span> <span class='ocrx_word' id='word_1_337' title='bbox 2367 1881 2460 1935; x_wconf 89' lang='lat' dir='ltr'><strong>sed</strong></span> <span class='ocrx_word' id='word_1_338' title='bbox 2504 1879 2649 1949; x_wconf 90' lang='lat' dir='ltr'><strong>quod</strong></span> <span class='ocrx_word' id='word_1_339' title='bbox 2686 1882 2814 1951; x_wconf 90' lang='lat' dir='ltr'><strong>quis</strong></span> <span class='ocrx_word' id='word_1_340' title='bbox 2857 1881 3099 1952; x_wconf 89' lang='lat' dir='ltr'><strong>seipsum</strong></span> <span class='ocrx_word' id='word_1_341' title='bbox 3142 1897 3302 1953; x_wconf 85' lang='lat' dir='ltr'><strong>poena</strong></span> <span class='ocrx_word' id='word_1_342' title='bbox 3333 1874 3557 1940; x_wconf 70' lang='lat' dir='ltr'><strong>dienum</strong></span> 
     </span>
    </p>
   </div>
   <div class='ocr_carea' id='block_1_42' title="bbox 1984 1969 2305 2026">
    <p class='ocr_par' dir='ltr' id='par_1_42' title="bbox 1984 1969 2305 2026">
     <span class='ocr_line' id='line_1_42' title="bbox 1984 1969 2305 2026; baseline 0 -2"><span class='ocrx_word' id='word_1_343' title='bbox 1984 1969 2305 2026; x_wconf 86' lang='lat' dir='ltr'><strong>reddiderit.</strong></span> 
     </span>
    </p>
   </div>
   <div class='ocr_carea' id='block_1_43' title="bbox 2055 2060 3555 2136">
    <p class='ocr_par' dir='ltr' id='par_1_43' title="bbox 2055 2060 3555 2136">
     <span class='ocr_line' id='line_1_43' title="bbox 2055 2060 3555 2136; baseline 0.002 -21"><span class='ocrx_word' id='word_1_344' title='bbox 2055 2060 2141 2115; x_wconf 84' lang='lat'><strong>50.</strong></span> <span class='ocrx_word' id='word_1_345' title='bbox 2187 2061 2244 2117; x_wconf 92' lang='lat' dir='ltr'><strong>Si</strong></span> <span class='ocrx_word' id='word_1_346' title='bbox 2275 2062 2475 2116; x_wconf 89' lang='lat' dir='ltr'><strong>malum</strong></span> <span class='ocrx_word' id='word_1_347' title='bbox 2505 2069 2771 2117; x_wconf 78' lang='lat' dir='ltr'><strong>aeternum</strong></span> <span class='ocrx_word' id='word_1_348' title='bbox 2803 2072 2890 2118; x_wconf 91' lang='lat' dir='ltr'><strong>est</strong></span> <span class='ocrx_word' id='word_1_349' title='bbox 2911 2104 2926 2128; x_wconf 95' lang='lat'><strong>,</strong></span> <span class='ocrx_word' id='word_1_350' title='bbox 2954 2078 3018 2118; x_wconf 89' lang='lat' dir='ltr'><strong>ac</strong></span> <span class='ocrx_word' id='word_1_351' title='bbox 3048 2073 3230 2130; x_wconf 86' lang='lat' dir='ltr'><strong>creat,</strong></span> <span class='ocrx_word' id='word_1_352' title='bbox 3256 2073 3309 2120; x_wconf 88' lang='lat' dir='ltr'><strong>et</strong></span> <span class='ocrx_word' id='word_1_353' title='bbox 3339 2073 3555 2136; x_wconf 85' lang='lat' dir='ltr'><strong>potest,</strong></span> 
     </span>
    </p>
   </div>
   <div class='ocr_carea' id='block_1_44' title="bbox 1983 2154 3558 2225">
    <p class='ocr_par' dir='ltr' id='par_1_44' title="bbox 1983 2154 3558 2225">
     <span class='ocr_line' id='line_1_44' title="bbox 1983 2154 3558 2225; baseline 0.002 -18"><span class='ocrx_word' id='word_1_354' title='bbox 1983 2160 2034 2207; x_wconf 88' lang='lat' dir='ltr'><strong>et</strong></span> <span class='ocrx_word' id='word_1_355' title='bbox 2067 2159 2188 2219; x_wconf 90' lang='lat' dir='ltr'><strong>est,</strong></span> <span class='ocrx_word' id='word_1_356' title='bbox 2218 2159 2273 2208; x_wconf 90' lang='lat' dir='ltr'><strong>et</strong></span> <span class='ocrx_word' id='word_1_357' title='bbox 2303 2154 2453 2223; x_wconf 86' lang='lat' dir='ltr'><strong>agit,</strong></span> <span class='ocrx_word' id='word_1_358' title='bbox 2486 2167 2516 2206; x_wconf 87' lang='lat' dir='ltr'><strong>a</strong></span> <span class='ocrx_word' id='word_1_359' title='bbox 2542 2170 2780 2225; x_wconf 91' lang='lat' dir='ltr'><strong>quonam</strong></span> <span class='ocrx_word' id='word_1_360' title='bbox 2811 2155 2927 2210; x_wconf 79' lang='lat' dir='ltr'><strong>haec</strong></span> <span class='ocrx_word' id='word_1_361' title='bbox 2958 2155 3164 2211; x_wconf 83' lang='lat' dir='ltr'><strong>habet?</strong></span> <span class='ocrx_word' id='word_1_362' title='bbox 3191 2158 3272 2210; x_wconf 81' lang='lat' dir='ltr'><strong>An</strong></span> <span class='ocrx_word' id='word_1_363' title='bbox 3306 2172 3333 2211; x_wconf 92' lang='lat' dir='ltr'><strong>a</strong></span> <span class='ocrx_word' id='word_1_364' title='bbox 3368 2157 3558 2212; x_wconf 83' lang='lat' dir='ltr'><strong>bono?</strong></span> 
     </span>
    </p>
   </div>
   <div class='ocr_carea' id='block_1_45' title="bbox 1982 2245 3557 2323">
    <p class='ocr_par' dir='ltr' id='par_1_45' title="bbox 1982 2245 3557 2323">
     <span class='ocr_line' id='line_1_45' title="bbox 1982 2245 3557 2323; baseline 0.006 -25"><span class='ocrx_word' id='word_1_365' title='bbox 1982 2245 2068 2298; x_wconf 89' lang='lat' dir='ltr'><strong>An</strong></span> <span class='ocrx_word' id='word_1_366' title='bbox 2097 2252 2290 2299; x_wconf 89' lang='lat' dir='ltr'><strong>contra</strong></span> <span class='ocrx_word' id='word_1_367' title='bbox 2320 2246 2526 2300; x_wconf 94' lang='lat' dir='ltr'><strong>bonum</strong></span> <span class='ocrx_word' id='word_1_368' title='bbox 2557 2261 2586 2299; x_wconf 88' lang='lat' dir='ltr'><strong>a</strong></span> <span class='ocrx_word' id='word_1_369' title='bbox 2621 2248 2806 2302; x_wconf 87' lang='lat' dir='ltr'><strong>malo?</strong></span> <span class='ocrx_word' id='word_1_370' title='bbox 2841 2263 2910 2303; x_wconf 92' lang='lat' dir='ltr'><strong>an</strong></span> <span class='ocrx_word' id='word_1_371' title='bbox 2946 2251 3132 2320; x_wconf 90' lang='lat' dir='ltr'><strong>potius</strong></span> <span class='ocrx_word' id='word_1_372' title='bbox 3163 2258 3457 2323; x_wconf 91' lang='lat' dir='ltr'><strong>utrumque</strong></span> <span class='ocrx_word' id='word_1_373' title='bbox 3488 2253 3557 2308; x_wconf 90' lang='lat' dir='ltr'><strong>ab</strong></span> 
     </span>
    </p>
   </div>
   <div class='ocr_carea' id='block_1_46' title="bbox 1983 2335 3558 2411">
    <p class='ocr_par' dir='ltr' id='par_1_46' title="bbox 1983 2335 3558 2411">
     <span class='ocr_line' id='line_1_46' title="bbox 1983 2335 3558 2411; baseline 0.006 -23"><span class='ocrx_word' id='word_1_374' title='bbox 1983 2335 2089 2388; x_wconf 88' lang='lat' dir='ltr'><strong>alia</strong></span> <span class='ocrx_word' id='word_1_375' title='bbox 2116 2350 2282 2390; x_wconf 88' lang='lat' dir='ltr'><strong>causa</strong></span> <span class='ocrx_word' id='word_1_376' title='bbox 2307 2337 2330 2389; x_wconf 88' lang='lat'><strong>?</strong></span> <span class='ocrx_word' id='word_1_377' title='bbox 2353 2337 2801 2408; x_wconf 87' lang='lat' dir='ltr'><strong>quandoquidem</strong></span> <span class='ocrx_word' id='word_1_378' title='bbox 2837 2340 3039 2394; x_wconf 89' lang='lat' dir='ltr'><strong>malum</strong></span> <span class='ocrx_word' id='word_1_379' title='bbox 3070 2341 3290 2411; x_wconf 88' lang='lat' dir='ltr'><strong>quidem</strong></span> <span class='ocrx_word' id='word_1_380' title='bbox 3325 2343 3380 2398; x_wconf 89' lang='lat' dir='ltr'><strong>in</strong></span> <span class='ocrx_word' id='word_1_381' title='bbox 3413 2343 3558 2400; x_wconf 86' lang='lat' dir='ltr'><strong>bono</strong></span> 
     </span>
    </p>
   </div>
   <div class='ocr_carea' id='block_1_47' title="bbox 1983 2426 3557 2504">
    <p class='ocr_par' dir='ltr' id='par_1_47' title="bbox 1983 2426 3557 2504">
     <span class='ocr_line' id='line_1_47' title="bbox 1983 2426 3557 2504; baseline 0.008 -26"><span class='ocrx_word' id='word_1_382' title='bbox 1983 2426 2139 2495; x_wconf 89' lang='lat' dir='ltr'><strong>quasi</strong></span> <span class='ocrx_word' id='word_1_383' title='bbox 2167 2429 2458 2494; x_wconf 87' lang='lat' dir='ltr'><strong>consistit,</strong></span> <span class='ocrx_word' id='word_1_384' title='bbox 2492 2435 2544 2484; x_wconf 87' lang='lat' dir='ltr'><strong>et</strong></span> <span class='ocrx_word' id='word_1_385' title='bbox 2573 2429 2701 2500; x_wconf 87' lang='lat' dir='ltr'><strong>quia</strong></span> <span class='ocrx_word' id='word_1_386' title='bbox 2735 2430 2936 2484; x_wconf 87' lang='lat' dir='ltr'><strong>bonum</strong></span> <span class='ocrx_word' id='word_1_387' title='bbox 2967 2431 3170 2486; x_wconf 90' lang='lat' dir='ltr'><strong>malum</strong></span> <span class='ocrx_word' id='word_1_388' title='bbox 3205 2448 3458 2504; x_wconf 81' lang='lat' dir='ltr'><strong>quoque,</strong></span> <span class='ocrx_word' id='word_1_389' title='bbox 3492 2450 3557 2490; x_wconf 90' lang='lat' dir='ltr'><strong>ac</strong></span> 
     </span>
    </p>
   </div>
   <div class='ocr_carea' id='block_1_48' title="bbox 1983 2516 3554 2590">
    <p class='ocr_par' dir='ltr' id='par_1_48' title="bbox 1983 2516 3554 2590">
     <span class='ocr_line' id='line_1_48' title="bbox 1983 2516 3554 2590; baseline 0.004 -19"><span class='ocrx_word' id='word_1_390' title='bbox 1983 2516 2067 2571; x_wconf 90' lang='lat' dir='ltr'><strong>sui</strong></span> <span class='ocrx_word' id='word_1_391' title='bbox 2103 2516 2469 2587; x_wconf 87' lang='lat' dir='ltr'><strong>privationem</strong></span> <span class='ocrx_word' id='word_1_392' title='bbox 2489 2557 2504 2582; x_wconf 90' lang='lat'><strong>,</strong></span> <span class='ocrx_word' id='word_1_393' title='bbox 2537 2518 2785 2575; x_wconf 88' lang='lat' dir='ltr'><strong>bonitate</strong></span> <span class='ocrx_word' id='word_1_394' title='bbox 2814 2519 3001 2576; x_wconf 70' lang='lat' dir='ltr'><strong>afficit.</strong></span> <span class='ocrx_word' id='word_1_395' title='bbox 3032 2520 3246 2576; x_wconf 85' lang='lat' dir='ltr'><strong>Etenim</strong></span> <span class='ocrx_word' id='word_1_396' title='bbox 3277 2523 3554 2590; x_wconf 77' lang='lat' dir='ltr'><strong>amicitia,</strong></span> 
     </span>
    </p>
   </div>
   <div class='ocr_carea' id='block_1_49' title="bbox 1982 2609 3557 2684">
    <p class='ocr_par' dir='ltr' id='par_1_49' title="bbox 1982 2609 3557 2684">
     <span class='ocr_line' id='line_1_49' title="bbox 1982 2609 3557 2684; baseline 0.004 -22"><span class='ocrx_word' id='word_1_397' title='bbox 1982 2615 2042 2663; x_wconf 94' lang='lat' dir='ltr'><strong>ut</strong></span> <span class='ocrx_word' id='word_1_398' title='bbox 2077 2623 2200 2679; x_wconf 84' lang='lat' dir='ltr'><strong>quae</strong></span> <span class='ocrx_word' id='word_1_399' title='bbox 2229 2609 2376 2666; x_wconf 89' lang='lat' dir='ltr'><strong>bona</strong></span> <span class='ocrx_word' id='word_1_400' title='bbox 2412 2610 2520 2678; x_wconf 89' lang='lat' dir='ltr'><strong>sit,</strong></span> <span class='ocrx_word' id='word_1_401' title='bbox 2555 2611 2657 2667; x_wconf 91' lang='lat' dir='ltr'><strong>hoc</strong></span> <span class='ocrx_word' id='word_1_402' title='bbox 2689 2620 2950 2684; x_wconf 69' lang='lat' dir='ltr'><strong>praestat,</strong></span> <span class='ocrx_word' id='word_1_403' title='bbox 2989 2620 3050 2668; x_wconf 93' lang='lat' dir='ltr'><strong>ut</strong></span> <span class='ocrx_word' id='word_1_404' title='bbox 3089 2615 3356 2669; x_wconf 87' lang='lat' dir='ltr'><strong>scortatio</strong></span> <span class='ocrx_word' id='word_1_405' title='bbox 3397 2615 3557 2669; x_wconf 91' lang='lat' dir='ltr'><strong>boni-</strong></span> 
     </span>
    </p>
   </div>
   <div class='ocr_carea' id='block_1_50' title="bbox 1983 2699 3557 2773">
    <p class='ocr_par' dir='ltr' id='par_1_50' title="bbox 1983 2699 3557 2773">
     <span class='ocr_line' id='line_1_50' title="bbox 1983 2699 3557 2773; baseline 0.005 -20"><span class='ocrx_word' id='word_1_406' title='bbox 1983 2699 2111 2756; x_wconf 90' lang='lat' dir='ltr'><strong>tatis</strong></span> <span class='ocrx_word' id='word_1_407' title='bbox 2142 2700 2384 2771; x_wconf 84' lang='lat' dir='ltr'><strong>speciem</strong></span> <span class='ocrx_word' id='word_1_408' title='bbox 2420 2701 2618 2757; x_wconf 88' lang='lat' dir='ltr'><strong>babeat</strong></span> <span class='ocrx_word' id='word_1_409' title='bbox 2646 2743 2661 2768; x_wconf 92' lang='lat'><strong>,</strong></span> <span class='ocrx_word' id='word_1_410' title='bbox 2699 2703 2963 2773; x_wconf 85' lang='lat' dir='ltr'><strong>quOniam</strong></span> <span class='ocrx_word' id='word_1_411' title='bbox 2997 2719 3120 2759; x_wconf 91' lang='lat' dir='ltr'><strong>cum</strong></span> <span class='ocrx_word' id='word_1_412' title='bbox 3159 2704 3301 2760; x_wconf 89' lang='lat' dir='ltr'><strong>bono</strong></span> <span class='ocrx_word' id='word_1_413' title='bbox 3330 2715 3557 2761; x_wconf 91' lang='lat' dir='ltr'><strong>conten-</strong></span> 
     </span>
    </p>
   </div>
   <div class='ocr_carea' id='block_1_51' title="bbox 1983 2783 3553 2863">
    <p class='ocr_par' dir='ltr' id='par_1_51' title="bbox 1983 2783 3553 2863">
     <span class='ocr_line' id='line_1_51' title="bbox 1983 2783 3553 2863; baseline 0.004 -19"><span class='ocrx_word' id='word_1_414' title='bbox 1983 2790 2097 2855; x_wconf 88' lang='lat' dir='ltr'><strong>dit;</strong></span> <span class='ocrx_word' id='word_1_415' title='bbox 2123 2805 2232 2861; x_wconf 89' lang='lat' dir='ltr'><strong>quo</strong></span> <span class='ocrx_word' id='word_1_416' title='bbox 2259 2799 2422 2861; x_wconf 89' lang='lat' dir='ltr'><strong>pacto</strong></span> <span class='ocrx_word' id='word_1_417' title='bbox 2450 2793 2520 2848; x_wconf 88' lang='lat' dir='ltr'><strong>sit</strong></span> <span class='ocrx_word' id='word_1_418' title='bbox 2549 2793 2683 2848; x_wconf 94' lang='lat' dir='ltr'><strong>illud</strong></span> <span class='ocrx_word' id='word_1_419' title='bbox 2711 2794 2859 2863; x_wconf 87' lang='lat' dir='ltr'><strong>quod</strong></span> <span class='ocrx_word' id='word_1_420' title='bbox 2886 2808 2996 2848; x_wconf 91' lang='lat' dir='ltr'><strong>non</strong></span> <span class='ocrx_word' id='word_1_421' title='bbox 3021 2802 3104 2850; x_wconf 89' lang='lat' dir='ltr'><strong>est</strong></span> <span class='ocrx_word' id='word_1_422' title='bbox 3127 2796 3268 2850; x_wconf 87' lang='lat' dir='ltr'><strong>ens?</strong></span> <span class='ocrx_word' id='word_1_423' title='bbox 3295 2783 3553 2851; x_wconf 82' lang='lat' dir='ltr'><strong>caeterum</strong></span> 
     </span>
    </p>
   </div>
   <div class='ocr_carea' id='block_1_52' title="bbox 1983 2882 3555 2957">
    <p class='ocr_par' dir='ltr' id='par_1_52' title="bbox 1983 2882 3555 2957">
     <span class='ocr_line' id='line_1_52' title="bbox 1983 2882 3555 2957; baseline 0.005 -23"><span class='ocrx_word' id='word_1_424' title='bbox 1983 2895 2094 2934; x_wconf 86' lang='lat' dir='ltr'><strong>non</strong></span> <span class='ocrx_word' id='word_1_425' title='bbox 2125 2897 2247 2936; x_wconf 89' lang='lat' dir='ltr'><strong>esse</strong></span> <span class='ocrx_word' id='word_1_426' title='bbox 2273 2882 2478 2936; x_wconf 90' lang='lat' dir='ltr'><strong>dicitur</strong></span> <span class='ocrx_word' id='word_1_427' title='bbox 2501 2882 2644 2938; x_wconf 88' lang='lat' dir='ltr'><strong>Deus</strong></span> <span class='ocrx_word' id='word_1_428' title='bbox 2665 2923 2678 2948; x_wconf 94' lang='lat'><strong>,</strong></span> <span class='ocrx_word' id='word_1_429' title='bbox 2713 2885 2840 2953; x_wconf 87' lang='lat' dir='ltr'><strong>quia</strong></span> <span class='ocrx_word' id='word_1_430' title='bbox 2880 2892 3102 2954; x_wconf 87' lang='lat' dir='ltr'><strong>propter</strong></span> <span class='ocrx_word' id='word_1_431' title='bbox 3139 2884 3396 2939; x_wconf 79' lang='lat' dir='ltr'><strong>eximiam</strong></span> <span class='ocrx_word' id='word_1_432' title='bbox 3434 2885 3555 2957; x_wconf 85' lang='lat' dir='ltr'><strong>ejus</strong></span> 
     </span>
    </p>
   </div>
   <div class='ocr_carea' id='block_1_53' title="bbox 1982 2971 3307 3044">
    <p class='ocr_par' dir='ltr' id='par_1_53' title="bbox 1982 2971 3307 3044">
     <span class='ocr_line' id='line_1_53' title="bbox 1982 2971 3307 3044; baseline 0.005 -21"><span class='ocrx_word' id='word_1_433' title='bbox 1982 2971 2408 3040; x_wconf 60' lang='lat' dir='ltr'><strong>prmeellentiam</strong></span> <span class='ocrx_word' id='word_1_434' title='bbox 2442 2981 2642 3026; x_wconf 90' lang='lat' dir='ltr'><strong>cuncta</strong></span> <span class='ocrx_word' id='word_1_435' title='bbox 2675 2974 2741 3028; x_wconf 90' lang='lat' dir='ltr'><strong>ab</strong></span> <span class='ocrx_word' id='word_1_436' title='bbox 2776 2974 2895 3044; x_wconf 90' lang='lat' dir='ltr'><strong>ipso</strong></span> <span class='ocrx_word' id='word_1_437' title='bbox 2933 2983 3307 3029; x_wconf 83' lang='lat' dir='ltr'><strong>removentur.</strong></span> 
     </span>
    </p>
   </div>
   <div class='ocr_carea' id='block_1_54' title="bbox 379 3060 1873 3147">
    <p class='ocr_par' dir='ltr' id='par_1_54' title="bbox 379 3068 1873 3147">
     <span class='ocr_line' id='line_1_54' title="bbox 379 3068 1873 3147; baseline 0.007 -28"><span class='ocrx_word' id='word_1_438' title='bbox 379 3073 480 3121; x_wconf 87' lang='grc' dir='ltr'>να’.</span> <span class='ocrx_word' id='word_1_439' title='bbox 514 3068 636 3120; x_wconf 82' lang='grc' dir='ltr'>’Ότι</span> <span class='ocrx_word' id='word_1_440' title='bbox 674 3068 730 3122; x_wconf 83' lang='grc' dir='ltr'>δὲ</span> <span class='ocrx_word' id='word_1_441' title='bbox 762 3069 794 3140; x_wconf 80' lang='grc' dir='ltr'><strong>ἡ</strong></span> <span class='ocrx_word' id='word_1_442' title='bbox 835 3070 996 3139; x_wconf 84' lang='grc' dir='ltr'>φύσις</span> <span class='ocrx_word' id='word_1_443' title='bbox 1053 3073 1191 3142; x_wconf 83' lang='grc' dir='ltr'>αὑτὴ</span> <span class='ocrx_word' id='word_1_444' title='bbox 1227 3072 1326 3143; x_wconf 81' lang='grc' dir='ltr'>τὴν</span> <span class='ocrx_word' id='word_1_445' title='bbox 1353 3073 1528 3144; x_wconf 80' lang='grc' dir='ltr'>ἀρχὴν</span> <span class='ocrx_word' id='word_1_446' title='bbox 1565 3075 1695 3144; x_wconf 84' lang='grc' dir='ltr'>μίαν</span> <span class='ocrx_word' id='word_1_447' title='bbox 1741 3093 1873 3147; x_wconf 85' lang='grc' dir='ltr'>προ-</span> 
     </span>
    </p>
   </div>
   <div class='ocr_carea' id='block_1_55' title="bbox 1986 3060 3557 3147">
    <p class='ocr_par' dir='ltr' id='par_1_55' title="bbox 2054 3060 3557 3134">
     <span class='ocr_line' id='line_1_55' title="bbox 2054 3060 3557 3134; baseline 0.003 -18"><span class='ocrx_word' id='word_1_448' title='bbox 2054 3062 2143 3116; x_wconf 75' lang='lat'><strong>5!.</strong></span> <span class='ocrx_word' id='word_1_449' title='bbox 2189 3060 2348 3128; x_wconf 85' lang='lat' dir='ltr'><strong>Quod</strong></span> <span class='ocrx_word' id='word_1_450' title='bbox 2377 3061 2514 3132; x_wconf 79' lang='lat' dir='ltr'><strong>&#39;ipsa</strong></span> <span class='ocrx_word' id='word_1_451' title='bbox 2560 3079 2778 3134; x_wconf 89' lang='lat' dir='ltr'><strong>quoque</strong></span> <span class='ocrx_word' id='word_1_452' title='bbox 2823 3073 3021 3119; x_wconf 90' lang='lat' dir='ltr'><strong>natura</strong></span> <span class='ocrx_word' id='word_1_453' title='bbox 3075 3080 3244 3119; x_wconf 91' lang='lat' dir='ltr'><strong>unum</strong></span> <span class='ocrx_word' id='word_1_454' title='bbox 3291 3067 3557 3122; x_wconf 83' lang='lat' dir='ltr'><strong>duntaxat</strong></span> 
     </span>
    </p>
   </div>
   <div class='ocr_carea' id='block_1_56' title="bbox 311 3157 1876 3237">
    <p class='ocr_par' dir='ltr' id='par_1_56' title="bbox 311 3157 1876 3237">
     <span class='ocr_line' id='line_1_56' title="bbox 311 3157 1876 3237; baseline 0.004 -23"><span class='ocrx_word' id='word_1_455' title='bbox 311 3157 585 3230; x_wconf 80' lang='grc' dir='ltr'>βάλλεται,</span> <span class='ocrx_word' id='word_1_456' title='bbox 624 3160 774 3230; x_wconf 80' lang='grc' dir='ltr'>δηλοῖ</span> <span class='ocrx_word' id='word_1_457' title='bbox 802 3162 963 3225; x_wconf 80' lang='grc' dir='ltr'>αὐτὸς</span> <span class='ocrx_word' id='word_1_458' title='bbox 994 3164 1022 3214; x_wconf 85' lang='grc' dir='ltr'>ὁ</span> <span class='ocrx_word' id='word_1_459' title='bbox 1047 3163 1300 3234; x_wconf 85' lang='grc' dir='ltr'>ἀριθμὸς,</span> <span class='ocrx_word' id='word_1_460' title='bbox 1327 3165 1425 3217; x_wconf 78' lang='grc' dir='ltr'><strong>οὐκ</strong></span> <span class='ocrx_word' id='word_1_461' title='bbox 1454 3164 1563 3218; x_wconf 82' lang='grc' dir='ltr'><strong>ἀπὸ</strong></span> <span class='ocrx_word' id='word_1_462' title='bbox 1589 3165 1682 3218; x_wconf 83' lang='grc' dir='ltr'>δύο</span> <span class='ocrx_word' id='word_1_463' title='bbox 1707 3166 1876 3237; x_wconf 85' lang='grc' dir='ltr'>ἀρχό-</span> 
     </span>
    </p>
   </div>
   <div class='ocr_carea' id='block_1_57' title="bbox 310 3248 1870 3325">
    <p class='ocr_par' dir='ltr' id='par_1_57' title="bbox 310 3248 1870 3325">
     <span class='ocr_line' id='line_1_57' title="bbox 310 3248 1870 3325; baseline 0.005 -24"><span class='ocrx_word' id='word_1_464' title='bbox 310 3266 492 3321; x_wconf 84' lang='grc' dir='ltr'>μενος,</span> <span class='ocrx_word' id='word_1_465' title='bbox 525 3249 641 3302; x_wconf 85' lang='grc' dir='ltr'>ἀλλ’</span> <span class='ocrx_word' id='word_1_466' title='bbox 670 3251 776 3304; x_wconf 79' lang='grc' dir='ltr'><strong>ἀπὸ</strong></span> <span class='ocrx_word' id='word_1_467' title='bbox 825 3253 976 3321; x_wconf 79' lang='grc' dir='ltr'>μιᾶς.</span> <span class='ocrx_word' id='word_1_468' title='bbox 1017 3253 1079 3305; x_wconf 76' lang='lat' dir='ltr'><strong>Et</strong></span> <span class='ocrx_word' id='word_1_469' title='bbox 1123 3248 1217 3307; x_wconf 81' lang='grc' dir='ltr'><strong>οὖν</strong></span> <span class='ocrx_word' id='word_1_470' title='bbox 1239 3254 1380 3324; x_wconf 78' lang='grc' dir='ltr'>ἀρχὴ</span> <span class='ocrx_word' id='word_1_471' title='bbox 1421 3253 1655 3325; x_wconf 86' lang='grc' dir='ltr'>ἀριθμοῦ</span> <span class='ocrx_word' id='word_1_472' title='bbox 1681 3256 1870 3324; x_wconf 79' lang='grc' dir='ltr'>μονὰς,</span> 
     </span>
    </p>
   </div>
   <div class='ocr_carea' id='block_1_58' title="bbox 307 3343 1093 3423">
    <p class='ocr_par' dir='ltr' id='par_1_58' title="bbox 307 3343 1093 3423">
     <span class='ocr_line' id='line_1_58' title="bbox 307 3343 1093 3423; baseline 0.001 -25"><span class='ocrx_word' id='word_1_473' title='bbox 307 3343 403 3398; x_wconf 72' lang='grc' dir='ltr'><strong>καὶ</strong></span> <span class='ocrx_word' id='word_1_474' title='bbox 431 3343 575 3415; x_wconf 82' lang='grc' dir='ltr'>ἀρχὴ</span> <span class='ocrx_word' id='word_1_475' title='bbox 601 3344 711 3397; x_wconf 85' lang='grc' dir='ltr'><strong>τῶν</strong></span> <span class='ocrx_word' id='word_1_476' title='bbox 744 3344 911 3398; x_wconf 77' lang='grc' dir='ltr'>ὄντων</span> <span class='ocrx_word' id='word_1_477' title='bbox 931 3345 1047 3415; x_wconf 87' lang='grc' dir='ltr'>μία.</span> <span class='ocrx_word' id='word_1_478' title='bbox 1085 3415 1093 3423; x_wconf 83' lang='lat'><strong>_</strong></span> 
     </span>
    </p>
   </div>
   <div class='ocr_carea' id='block_1_59' title="bbox 377 3516 1869 3596">
    <p class='ocr_par' dir='ltr' id='par_1_59' title="bbox 377 3516 1869 3596">
     <span class='ocr_line' id='line_1_59' title="bbox 377 3516 1869 3596; baseline 0.002 -23"><span class='ocrx_word' id='word_1_479' title='bbox 377 3516 474 3589; x_wconf 82' lang='grc' dir='ltr'>νβ’.</span> <span class='ocrx_word' id='word_1_480' title='bbox 513 3518 572 3571; x_wconf 79' lang='lat' dir='ltr'><strong>Ei</strong></span> <span class='ocrx_word' id='word_1_481' title='bbox 600 3518 777 3588; x_wconf 80' lang='grc' dir='ltr'>πάντη</span> <span class='ocrx_word' id='word_1_482' title='bbox 812 3528 839 3568; x_wconf 76' lang='grc' dir='ltr'><strong>Ρ</strong></span> <span class='ocrx_word' id='word_1_483' title='bbox 865 3520 1229 3592; x_wconf 84' lang='grc' dir='ltr'>ἀκοινώνητον</span> <span class='ocrx_word' id='word_1_484' title='bbox 1264 3522 1326 3574; x_wconf 84' lang='grc' dir='ltr'><strong>τὸ</strong></span> <span class='ocrx_word' id='word_1_485' title='bbox 1354 3523 1557 3592; x_wconf 78' lang='grc' dir='ltr'>ἀγαθὸν</span> <span class='ocrx_word' id='word_1_486' title='bbox 1587 3524 1662 3594; x_wconf 87' lang='grc' dir='ltr'><strong>τῷ</strong></span> <span class='ocrx_word' id='word_1_487' title='bbox 1695 3525 1869 3596; x_wconf 79' lang='grc' dir='ltr'>κακῷ,</span> 
     </span>
    </p>
   </div>
   <div class='ocr_carea' id='block_1_60' title="bbox 307 3610 1874 3683">
    <p class='ocr_par' dir='ltr' id='par_1_60' title="bbox 307 3610 1874 3683">
     <span class='ocr_line' id='line_1_60' title="bbox 307 3610 1874 3683; baseline 0.002 -18"><span class='ocrx_word' id='word_1_488' title='bbox 307 3610 365 3665; x_wconf 77' lang='grc' dir='ltr'>τὺ</span> <span class='ocrx_word' id='word_1_489' title='bbox 393 3611 457 3682; x_wconf 82' lang='grc' dir='ltr'>δὴ</span> <span class='ocrx_word' id='word_1_490' title='bbox 485 3611 684 3679; x_wconf 75' lang='grc' dir='ltr'>ἀγαθὸν</span> <span class='ocrx_word' id='word_1_491' title='bbox 739 3610 819 3675; x_wconf 85' lang='grc' dir='ltr'>ὂν,</span> <span class='ocrx_word' id='word_1_492' title='bbox 861 3611 922 3663; x_wconf 73' lang='grc' dir='ltr'>τὸ</span> <span class='ocrx_word' id='word_1_493' title='bbox 970 3613 1138 3665; x_wconf 83' lang='grc' dir='ltr'>κακὸν</span> <span class='ocrx_word' id='word_1_494' title='bbox 1186 3613 1285 3666; x_wconf 77' lang='grc' dir='ltr'><strong>οὐκ</strong></span> <span class='ocrx_word' id='word_1_495' title='bbox 1335 3613 1414 3667; x_wconf 79' lang='grc' dir='ltr'><strong>δν.</strong></span> <span class='ocrx_word' id='word_1_496' title='bbox 1457 3614 1562 3666; x_wconf 81' lang='grc' dir='ltr'>Δύο</span> <span class='ocrx_word' id='word_1_497' title='bbox 1597 3615 1705 3683; x_wconf 87' lang='grc' dir='ltr'>γὰρ</span> <span class='ocrx_word' id='word_1_498' title='bbox 1745 3615 1874 3668; x_wconf 76' lang='grc' dir='ltr'>ὄντα</span> 
     </span>
    </p>
   </div>
   <div class='ocr_carea' id='block_1_61' title="bbox 308 3695 1876 3769">
    <p class='ocr_par' dir='ltr' id='par_1_61' title="bbox 308 3695 1876 3769">
     <span class='ocr_line' id='line_1_61' title="bbox 308 3695 1876 3769; baseline 0 -15"><span class='ocrx_word' id='word_1_499' title='bbox 308 3701 448 3754; x_wconf 85' lang='grc' dir='ltr'><strong>κατὰ</strong></span> <span class='ocrx_word' id='word_1_500' title='bbox 467 3701 527 3752; x_wconf 81' lang='grc' dir='ltr'><strong>τὸ</strong></span> <span class='ocrx_word' id='word_1_501' title='bbox 561 3695 700 3753; x_wconf 75' lang='grc' dir='ltr'>εἶναι</span> <span class='ocrx_word' id='word_1_502' title='bbox 724 3700 1090 3755; x_wconf 82' lang='grc' dir='ltr'>κοινωνοῦσιν.</span> <span class='ocrx_word' id='word_1_503' title='bbox 1111 3703 1173 3755; x_wconf 81' lang='grc' dir='ltr'><strong>Εἰ</strong></span> <span class='ocrx_word' id='word_1_504' title='bbox 1204 3701 1357 3755; x_wconf 80' lang='grc' dir='ltr'>οὐσία</span> <span class='ocrx_word' id='word_1_505' title='bbox 1374 3703 1436 3755; x_wconf 78' lang='grc' dir='ltr'>τὸ</span> <span class='ocrx_word' id='word_1_506' title='bbox 1453 3701 1676 3769; x_wconf 71' lang='grc' dir='ltr'>ἀγαθὸν,</span> <span class='ocrx_word' id='word_1_507' title='bbox 1719 3703 1876 3754; x_wconf 88' lang='grc' dir='ltr'>ἀνού-</span> 
     </span>
    </p>
   </div>
   <div class='ocr_carea' id='block_1_62' title="bbox 309 3786 1875 3860">
    <p class='ocr_par' dir='ltr' id='par_1_62' title="bbox 309 3786 1875 3860">
     <span class='ocr_line' id='line_1_62' title="bbox 309 3786 1875 3860; baseline 0.001 -17"><span class='ocrx_word' id='word_1_508' title='bbox 309 3806 421 3844; x_wconf 88' lang='grc' dir='ltr'>σιον</span> <span class='ocrx_word' id='word_1_509' title='bbox 453 3791 514 3843; x_wconf 86' lang='grc' dir='ltr'><strong>τὸ</strong></span> <span class='ocrx_word' id='word_1_510' title='bbox 535 3791 702 3843; x_wconf 89' lang='grc' dir='ltr'>κακόν</span> <span class='ocrx_word' id='word_1_511' title='bbox 726 3806 738 3819; x_wconf 75' lang='grc' dir='ltr'><strong><em>ο</em></strong></span> <span class='ocrx_word' id='word_1_512' title='bbox 757 3789 850 3843; x_wconf 86' lang='grc' dir='ltr'>δύο</span> <span class='ocrx_word' id='word_1_513' title='bbox 877 3791 984 3860; x_wconf 84' lang='grc' dir='ltr'>γὰρ</span> <span class='ocrx_word' id='word_1_514' title='bbox 1010 3791 1208 3855; x_wconf 80' lang='grc' dir='ltr'>οὐσίαι,</span> <span class='ocrx_word' id='word_1_515' title='bbox 1249 3791 1390 3844; x_wconf 87' lang='grc' dir='ltr'><strong>κατά</strong></span> <span class='ocrx_word' id='word_1_516' title='bbox 1419 3791 1480 3844; x_wconf 84' lang='grc' dir='ltr'><strong>τὸ</strong></span> <span class='ocrx_word' id='word_1_517' title='bbox 1515 3786 1654 3844; x_wconf 71' lang='grc' dir='ltr'>εἶναι</span> <span class='ocrx_word' id='word_1_518' title='bbox 1689 3791 1875 3854; x_wconf 79' lang='grc' dir='ltr'>οὐσίας</span> 
     </span>
    </p>
   </div>
   <div class='ocr_carea' id='block_1_63' title="bbox 305 3879 678 3933">
    <p class='ocr_par' dir='ltr' id='par_1_63' title="bbox 305 3879 678 3933">
     <span class='ocr_line' id='line_1_63' title="bbox 305 3879 678 3933; baseline 0.008 -3"><span class='ocrx_word' id='word_1_519' title='bbox 305 3879 678 3933; x_wconf 83' lang='grc' dir='ltr'>κοινωνοῦσιν.</span> 
     </span>
    </p>
   </div>
   <div class='ocr_carea' id='block_1_64' title="bbox 377 4055 1877 4128">
    <p class='ocr_par' dir='ltr' id='par_1_64' title="bbox 377 4055 1877 4128">
     <span class='ocr_line' id='line_1_64' title="bbox 377 4055 1877 4128; baseline 0.002 -20"><span class='ocrx_word' id='word_1_520' title='bbox 377 4063 477 4126; x_wconf 89' lang='grc' dir='ltr'>νγ’.</span> <span class='ocrx_word' id='word_1_521' title='bbox 510 4059 574 4111; x_wconf 78' lang='lat' dir='ltr'><strong>El</strong></span> <span class='ocrx_word' id='word_1_522' title='bbox 595 4058 851 4128; x_wconf 84' lang='grc' dir='ltr'>ἀκίνητον</span> <span class='ocrx_word' id='word_1_523' title='bbox 879 4056 938 4120; x_wconf 79' lang='grc' dir='ltr'><strong>ἐξ</strong></span> <span class='ocrx_word' id='word_1_524' title='bbox 965 4056 1142 4128; x_wconf 81' lang='grc' dir='ltr'>ἀρχῆς</span> <span class='ocrx_word' id='word_1_525' title='bbox 1164 4055 1225 4108; x_wconf 80' lang='grc' dir='ltr'>τὸ</span> <span class='ocrx_word' id='word_1_526' title='bbox 1247 4055 1436 4122; x_wconf 81' lang='grc' dir='ltr'>κακὸν,</span> <span class='ocrx_word' id='word_1_527' title='bbox 1465 4055 1628 4109; x_wconf 74' lang='grc' dir='ltr'>καλὸν</span> <span class='ocrx_word' id='word_1_528' title='bbox 1655 4057 1688 4126; x_wconf 83' lang='grc' dir='ltr'>ὴ</span> <span class='ocrx_word' id='word_1_529' title='bbox 1720 4056 1877 4127; x_wconf 79' lang='grc' dir='ltr'>κίνη-</span> 
     </span>
    </p>
   </div>
   <div class='ocr_carea' id='block_1_65' title="bbox 310 4143 1878 4219">
    <p class='ocr_par' dir='ltr' id='par_1_65' title="bbox 310 4143 1878 4219">
     <span class='ocr_line' id='line_1_65' title="bbox 310 4143 1878 4219; baseline 0.002 -20"><span class='ocrx_word' id='word_1_530' title='bbox 310 4164 415 4212; x_wconf 81' lang='grc' dir='ltr'>σις,</span> <span class='ocrx_word' id='word_1_531' title='bbox 447 4150 544 4201; x_wconf 77' lang='grc' dir='ltr'><strong>καὶ</strong></span> <span class='ocrx_word' id='word_1_532' title='bbox 572 4150 606 4219; x_wconf 75' lang='grc' dir='ltr'><strong>ἡ</strong></span> <span class='ocrx_word' id='word_1_533' title='bbox 640 4148 896 4218; x_wconf 84' lang='grc' dir='ltr'>ἀκινησία</span> <span class='ocrx_word' id='word_1_534' title='bbox 939 4149 1128 4202; x_wconf 88' lang='grc' dir='ltr'>κακόν.</span> <span class='ocrx_word' id='word_1_535' title='bbox 1176 4147 1348 4201; x_wconf 85' lang='grc' dir='ltr'>Πόθεν</span> <span class='ocrx_word' id='word_1_536' title='bbox 1377 4143 1469 4202; x_wconf 76' lang='grc' dir='ltr'><strong>οὖν</strong></span> <span class='ocrx_word' id='word_1_537' title='bbox 1493 4149 1617 4219; x_wconf 76' lang='grc' dir='ltr'>ἔσχε</span> <span class='ocrx_word' id='word_1_538' title='bbox 1637 4149 1697 4202; x_wconf 83' lang='grc' dir='ltr'>τὸ</span> <span class='ocrx_word' id='word_1_539' title='bbox 1709 4150 1878 4204; x_wconf 80' lang='grc' dir='ltr'>κακὸν</span> 
     </span>
    </p>
   </div>
   <div class='ocr_carea' id='block_1_66' title="bbox 305 4237 1876 4312">
    <p class='ocr_par' dir='ltr' id='par_1_66' title="bbox 305 4237 1876 4312">
     <span class='ocr_line' id='line_1_66' title="bbox 305 4237 1876 4312; baseline 0.003 -22"><span class='ocrx_word' id='word_1_540' title='bbox 305 4239 407 4308; x_wconf 77' lang='grc' dir='ltr'><strong>τὴν</strong></span> <span class='ocrx_word' id='word_1_541' title='bbox 434 4239 681 4309; x_wconf 90' lang='grc' dir='ltr'>κίνησιν;</span> <span class='ocrx_word' id='word_1_542' title='bbox 712 4240 744 4309; x_wconf 82' lang='grc' dir='ltr'>ἡ</span> <span class='ocrx_word' id='word_1_543' title='bbox 779 4238 913 4308; x_wconf 75' lang='grc' dir='ltr'>ζωὴ,</span> <span class='ocrx_word' id='word_1_544' title='bbox 939 4239 1163 4308; x_wconf 81' lang='grc' dir='ltr'>ἀγαθὸν,</span> <span class='ocrx_word' id='word_1_545' title='bbox 1185 4239 1281 4292; x_wconf 59' lang='grc' dir='ltr'><strong>κοιλ⁸</strong></span> <span class='ocrx_word' id='word_1_546' title='bbox 1297 4239 1528 4310; x_wconf 86' lang='grc' dir='ltr'>κίνησις,</span> <span class='ocrx_word' id='word_1_547' title='bbox 1548 4241 1640 4293; x_wconf 73' lang='grc' dir='ltr'><strong>καὶ</strong></span> <span class='ocrx_word' id='word_1_548' title='bbox 1674 4237 1740 4312; x_wconf 86' lang='grc' dir='ltr'>ἦν</span> <span class='ocrx_word' id='word_1_549' title='bbox 1765 4241 1876 4310; x_wconf 76' lang='grc' dir='ltr'>ἀεὶ,</span> 
     </span>
    </p>
   </div>
   <div class='ocr_carea' id='block_1_67' title="bbox 306 4327 1874 4405">
    <p class='ocr_par' dir='ltr' id='par_1_67' title="bbox 306 4327 1874 4405">
     <span class='ocr_line' id='line_1_67' title="bbox 306 4327 1874 4405; baseline 0.005 -24"><span class='ocrx_word' id='word_1_550' title='bbox 306 4330 402 4381; x_wconf 76' lang='grc' dir='ltr'>καὶ</span> <span class='ocrx_word' id='word_1_551' title='bbox 432 4328 579 4382; x_wconf 78' lang='grc' dir='ltr'>ἔστιν</span> <span class='ocrx_word' id='word_1_552' title='bbox 609 4329 666 4381; x_wconf 80' lang='grc' dir='ltr'>ὲν</span> <span class='ocrx_word' id='word_1_553' title='bbox 696 4329 774 4399; x_wconf 84' lang='grc' dir='ltr'>τῷ</span> <span class='ocrx_word' id='word_1_554' title='bbox 796 4329 1006 4400; x_wconf 83' lang='grc' dir='ltr'>ἀγαθῷ·</span> <span class='ocrx_word' id='word_1_555' title='bbox 1025 4331 1127 4384; x_wconf 77' lang='grc' dir='ltr'><strong>καὶ</strong></span> <span class='ocrx_word' id='word_1_556' title='bbox 1146 4330 1252 4394; x_wconf 79' lang='grc' dir='ltr'>ζῶν</span> <span class='ocrx_word' id='word_1_557' title='bbox 1279 4333 1414 4397; x_wconf 69' lang='grc' dir='ltr'>ἐστι,</span> <span class='ocrx_word' id='word_1_558' title='bbox 1434 4333 1529 4385; x_wconf 76' lang='grc' dir='ltr'>καὶ</span> <span class='ocrx_word' id='word_1_559' title='bbox 1560 4327 1628 4405; x_wconf 79' lang='grc' dir='ltr'>ἦν</span> <span class='ocrx_word' id='word_1_560' title='bbox 1654 4333 1874 4402; x_wconf 85' lang='grc' dir='ltr'>ἀγαθός.</span> 
     </span>
    </p>
   </div>
   <div class='ocr_carea' id='block_1_68' title="bbox 1972 3152 3558 3226">
    <p class='ocr_par' dir='ltr' id='par_1_68' title="bbox 1972 3152 3558 3226">
     <span class='ocr_line' id='line_1_68' title="bbox 1972 3152 3558 3226; baseline 0.005 -19"><span class='ocrx_word' id='word_1_561' title='bbox 1972 3152 2308 3223; x_wconf 88' lang='lat' dir='ltr'><strong>principium</strong></span> <span class='ocrx_word' id='word_1_562' title='bbox 2346 3161 2596 3221; x_wconf 90' lang='lat' dir='ltr'><strong>astruat,</strong></span> <span class='ocrx_word' id='word_1_563' title='bbox 2632 3171 2698 3210; x_wconf 85' lang='lat' dir='ltr'><strong>ex</strong></span> <span class='ocrx_word' id='word_1_564' title='bbox 2732 3156 2853 3226; x_wconf 91' lang='lat' dir='ltr'><strong>ipso</strong></span> <span class='ocrx_word' id='word_1_565' title='bbox 2895 3172 3125 3212; x_wconf 88' lang='lat' dir='ltr'><strong>numero</strong></span> <span class='ocrx_word' id='word_1_566' title='bbox 3162 3167 3402 3214; x_wconf 90' lang='lat' dir='ltr'><strong>constat.</strong></span> <span class='ocrx_word' id='word_1_567' title='bbox 3451 3158 3558 3215; x_wconf 81' lang='lat' dir='ltr'><strong>Nc-</strong></span> 
     </span>
    </p>
   </div>
   <div class='ocr_carea' id='block_1_69' title="bbox 1974 3244 3553 3320">
    <p class='ocr_par' dir='ltr' id='par_1_69' title="bbox 1974 3244 3553 3320">
     <span class='ocr_line' id='line_1_69' title="bbox 1974 3244 3553 3320; baseline 0.006 -24"><span class='ocrx_word' id='word_1_568' title='bbox 1974 3259 2081 3314; x_wconf 85' lang='lat' dir='ltr'><strong>que</strong></span> <span class='ocrx_word' id='word_1_569' title='bbox 2114 3244 2260 3300; x_wconf 89' lang='lat' dir='ltr'><strong>enim</strong></span> <span class='ocrx_word' id='word_1_570' title='bbox 2294 3259 2323 3298; x_wconf 90' lang='lat' dir='ltr'><strong>a</strong></span> <span class='ocrx_word' id='word_1_571' title='bbox 2354 3245 2612 3311; x_wconf 69' lang='lat' dir='ltr'><strong>duobus,</strong></span> <span class='ocrx_word' id='word_1_572' title='bbox 2643 3247 2736 3302; x_wconf 89' lang='lat' dir='ltr'><strong>sed</strong></span> <span class='ocrx_word' id='word_1_573' title='bbox 2771 3248 2840 3303; x_wconf 89' lang='lat' dir='ltr'><strong>ab</strong></span> <span class='ocrx_word' id='word_1_574' title='bbox 2867 3263 2980 3302; x_wconf 92' lang='lat' dir='ltr'><strong>uno</strong></span> <span class='ocrx_word' id='word_1_575' title='bbox 3008 3249 3382 3320; x_wconf 78' lang='lat' dir='ltr'><strong>auSpicamur.</strong></span> <span class='ocrx_word' id='word_1_576' title='bbox 3418 3251 3553 3306; x_wconf 89' lang='lat' dir='ltr'><strong>Cum</strong></span> 
     </span>
    </p>
   </div>
   <div class='ocr_carea' id='block_1_70' title="bbox 1976 3331 3556 3416">
    <p class='ocr_par' dir='ltr' id='par_1_70' title="bbox 1976 3331 3556 3416">
     <span class='ocr_line' id='line_1_70' title="bbox 1976 3331 3556 3416; baseline 0.006 -26"><span class='ocrx_word' id='word_1_577' title='bbox 1976 3337 2145 3406; x_wconf 79' lang='lat' dir='ltr'><strong>igitur</strong></span> <span class='ocrx_word' id='word_1_578' title='bbox 2176 3331 2369 3393; x_wconf 82' lang='lat' dir='ltr'><strong>unitas</strong></span> <span class='ocrx_word' id='word_1_579' title='bbox 2404 3339 2477 3393; x_wconf 88' lang='lat' dir='ltr'><strong>sit</strong></span> <span class='ocrx_word' id='word_1_580' title='bbox 2511 3340 2725 3395; x_wconf 87' lang='lat' dir='ltr'><strong>numeri</strong></span> <span class='ocrx_word' id='word_1_581' title='bbox 2758 3340 3092 3412; x_wconf 90' lang='lat' dir='ltr'><strong>principium</strong></span> <span class='ocrx_word' id='word_1_582' title='bbox 3122 3382 3136 3408; x_wconf 93' lang='lat'><strong>,</strong></span> <span class='ocrx_word' id='word_1_583' title='bbox 3184 3359 3371 3398; x_wconf 90' lang='lat' dir='ltr'><strong>rerum</strong></span> <span class='ocrx_word' id='word_1_584' title='bbox 3417 3360 3556 3416; x_wconf 83' lang='lat' dir='ltr'><strong>quo-</strong></span> 
     </span>
    </p>
   </div>
   <div class='ocr_carea' id='block_1_71' title="bbox 1974 3430 3061 3502">
    <p class='ocr_par' dir='ltr' id='par_1_71' title="bbox 1974 3430 3061 3502">
     <span class='ocr_line' id='line_1_71' title="bbox 1974 3430 3061 3502; baseline 0.006 -22"><span class='ocrx_word' id='word_1_585' title='bbox 1974 3441 2082 3497; x_wconf 89' lang='lat' dir='ltr'><strong>que</strong></span> <span class='ocrx_word' id='word_1_586' title='bbox 2117 3443 2285 3481; x_wconf 90' lang='lat' dir='ltr'><strong>unum</strong></span> <span class='ocrx_word' id='word_1_587' title='bbox 2319 3435 2531 3482; x_wconf 89' lang='lat' dir='ltr'><strong>tantum</strong></span> <span class='ocrx_word' id='word_1_588' title='bbox 2567 3430 2672 3485; x_wconf 89' lang='lat' dir='ltr'><strong>erit</strong></span> <span class='ocrx_word' id='word_1_589' title='bbox 2706 3431 3061 3502; x_wconf 89' lang='lat' dir='ltr'><strong>principium.</strong></span> 
     </span>
    </p>
   </div>
   <div class='ocr_carea' id='block_1_72' title="bbox 2047 3516 3556 3591">
    <p class='ocr_par' dir='ltr' id='par_1_72' title="bbox 2047 3516 3556 3591">
     <span class='ocr_line' id='line_1_72' title="bbox 2047 3516 3556 3591; baseline 0.005 -18"><span class='ocrx_word' id='word_1_590' title='bbox 2047 3517 2136 3573; x_wconf 74' lang='lat'><strong>52.</strong></span> <span class='ocrx_word' id='word_1_591' title='bbox 2185 3516 2241 3572; x_wconf 92' lang='lat' dir='ltr'><strong>Si</strong></span> <span class='ocrx_word' id='word_1_592' title='bbox 2277 3519 2424 3574; x_wconf 89' lang='lat' dir='ltr'><strong>bono</strong></span> <span class='ocrx_word' id='word_1_593' title='bbox 2457 3520 2597 3574; x_wconf 82' lang='lat' dir='ltr'><strong>nihil</strong></span> <span class='ocrx_word' id='word_1_594' title='bbox 2631 3537 2866 3591; x_wconf 91' lang='lat' dir='ltr'><strong>prorsus</strong></span> <span class='ocrx_word' id='word_1_595' title='bbox 2911 3539 3036 3578; x_wconf 91' lang='lat' dir='ltr'><strong>cum</strong></span> <span class='ocrx_word' id='word_1_596' title='bbox 3085 3525 3228 3579; x_wconf 89' lang='lat' dir='ltr'><strong>malo</strong></span> <span class='ocrx_word' id='word_1_597' title='bbox 3269 3542 3556 3582; x_wconf 88' lang='lat' dir='ltr'><strong>commune</strong></span> 
     </span>
    </p>
   </div>
   <div class='ocr_carea' id='block_1_73' title="bbox 1975 3609 3552 3686">
    <p class='ocr_par' dir='ltr' id='par_1_73' title="bbox 1975 3609 3552 3686">
     <span class='ocr_line' id='line_1_73' title="bbox 1975 3609 3552 3686; baseline 0.007 -26"><span class='ocrx_word' id='word_1_598' title='bbox 1975 3615 2084 3672; x_wconf 83' lang='lat' dir='ltr'><strong>est,</strong></span> <span class='ocrx_word' id='word_1_599' title='bbox 2115 3623 2242 3661; x_wconf 90' lang='lat' dir='ltr'><strong>cum</strong></span> <span class='ocrx_word' id='word_1_600' title='bbox 2267 3609 2474 3664; x_wconf 88' lang='lat' dir='ltr'><strong>bonum</strong></span> <span class='ocrx_word' id='word_1_601' title='bbox 2504 3613 2576 3664; x_wconf 90' lang='lat' dir='ltr'><strong>sit</strong></span> <span class='ocrx_word' id='word_1_602' title='bbox 2604 3627 2735 3676; x_wconf 88' lang='lat' dir='ltr'><strong>ens,</strong></span> <span class='ocrx_word' id='word_1_603' title='bbox 2767 3615 2968 3667; x_wconf 88' lang='lat' dir='ltr'><strong>malum</strong></span> <span class='ocrx_word' id='word_1_604' title='bbox 2999 3615 3234 3686; x_wconf 90' lang='lat' dir='ltr'><strong>proinde</strong></span> <span class='ocrx_word' id='word_1_605' title='bbox 3261 3618 3396 3670; x_wconf 90' lang='lat' dir='ltr'><strong>nihil</strong></span> <span class='ocrx_word' id='word_1_606' title='bbox 3425 3619 3552 3672; x_wconf 86' lang='lat' dir='ltr'><strong>erit.</strong></span> 
     </span>
    </p>
   </div>
   <div class='ocr_carea' id='block_1_74' title="bbox 1975 3694 3552 3770">
    <p class='ocr_par' dir='ltr' id='par_1_74' title="bbox 1975 3694 3552 3770">
     <span class='ocr_line' id='line_1_74' title="bbox 1975 3694 3552 3770; baseline 0.008 -22"><span class='ocrx_word' id='word_1_607' title='bbox 1975 3694 2094 3750; x_wconf 90' lang='lat' dir='ltr'><strong>Duo</strong></span> <span class='ocrx_word' id='word_1_608' title='bbox 2119 3697 2265 3751; x_wconf 91' lang='lat' dir='ltr'><strong>enim</strong></span> <span class='ocrx_word' id='word_1_609' title='bbox 2317 3713 2439 3768; x_wconf 80' lang='lat' dir='ltr'><strong>quae</strong></span> <span class='ocrx_word' id='word_1_610' title='bbox 2488 3707 2653 3765; x_wconf 92' lang='lat' dir='ltr'><strong>sunt,</strong></span> <span class='ocrx_word' id='word_1_611' title='bbox 2694 3716 2760 3756; x_wconf 90' lang='lat' dir='ltr'><strong>eo</strong></span> <span class='ocrx_word' id='word_1_612' title='bbox 2811 3704 2953 3758; x_wconf 90' lang='lat' dir='ltr'><strong>inter</strong></span> <span class='ocrx_word' id='word_1_613' title='bbox 2999 3719 3059 3759; x_wconf 89' lang='lat' dir='ltr'><strong>se</strong></span> <span class='ocrx_word' id='word_1_614' title='bbox 3103 3707 3552 3770; x_wconf 87' lang='lat' dir='ltr'><strong>communicant,</strong></span> 
     </span>
    </p>
   </div>
   <div class='ocr_carea' id='block_1_75' title="bbox 1976 3785 3556 3860">
    <p class='ocr_par' dir='ltr' id='par_1_75' title="bbox 1976 3785 3556 3860">
     <span class='ocr_line' id='line_1_75' title="bbox 1976 3785 3556 3860; baseline 0.009 -22"><span class='ocrx_word' id='word_1_615' title='bbox 1976 3785 2121 3856; x_wconf 90' lang='lat' dir='ltr'><strong>quod</strong></span> <span class='ocrx_word' id='word_1_616' title='bbox 2155 3795 2310 3841; x_wconf 72' lang='lat' dir='ltr'><strong>sunt:</strong></span> <span class='ocrx_word' id='word_1_617' title='bbox 2354 3788 2411 3842; x_wconf 90' lang='lat' dir='ltr'><strong>Si</strong></span> <span class='ocrx_word' id='word_1_618' title='bbox 2444 3789 2752 3845; x_wconf 84' lang='lat' dir='ltr'><strong>substantia</strong></span> <span class='ocrx_word' id='word_1_619' title='bbox 2785 3793 2992 3848; x_wconf 92' lang='lat' dir='ltr'><strong>bonum</strong></span> <span class='ocrx_word' id='word_1_620' title='bbox 3024 3803 3139 3860; x_wconf 92' lang='lat' dir='ltr'><strong>est,</strong></span> <span class='ocrx_word' id='word_1_621' title='bbox 3173 3797 3374 3850; x_wconf 91' lang='lat' dir='ltr'><strong>malum</strong></span> <span class='ocrx_word' id='word_1_622' title='bbox 3427 3799 3556 3853; x_wconf 87' lang='lat' dir='ltr'><strong>sub-</strong></span> 
     </span>
    </p>
   </div>
   <div class='ocr_carea' id='block_1_76' title="bbox 1978 3878 3556 3958">
    <p class='ocr_par' dir='ltr' id='par_1_76' title="bbox 1978 3878 3556 3958">
     <span class='ocr_line' id='line_1_76' title="bbox 1978 3878 3556 3958; baseline 0.01 -28"><span class='ocrx_word' id='word_1_623' title='bbox 1978 3878 2194 3931; x_wconf 82' lang='lat' dir='ltr'><strong>stantiae</strong></span> <span class='ocrx_word' id='word_1_624' title='bbox 2223 3885 2307 3933; x_wconf 90' lang='lat' dir='ltr'><strong>est</strong></span> <span class='ocrx_word' id='word_1_625' title='bbox 2342 3895 2561 3950; x_wconf 83' lang='lat' dir='ltr'><strong>expers.</strong></span> <span class='ocrx_word' id='word_1_626' title='bbox 2598 3881 2726 3936; x_wconf 83' lang='lat' dir='ltr'><strong>Duae</strong></span> <span class='ocrx_word' id='word_1_627' title='bbox 2755 3885 2901 3939; x_wconf 91' lang='lat' dir='ltr'><strong>enim</strong></span> <span class='ocrx_word' id='word_1_628' title='bbox 2950 3886 3307 3952; x_wconf 76' lang='lat' dir='ltr'><strong>substantiae,</strong></span> <span class='ocrx_word' id='word_1_629' title='bbox 3359 3895 3556 3958; x_wconf 86' lang='lat' dir='ltr'><strong>quate-</strong></span> 
     </span>
    </p>
   </div>
   <div class='ocr_carea' id='block_1_77' title="bbox 1977 3968 3299 4038">
    <p class='ocr_par' dir='ltr' id='par_1_77' title="bbox 1977 3968 3299 4038">
     <span class='ocr_line' id='line_1_77' title="bbox 1977 3968 3299 4038; baseline 0.008 -17"><span class='ocrx_word' id='word_1_630' title='bbox 1977 3983 2087 4023; x_wconf 85' lang='lat' dir='ltr'><strong>nus</strong></span> <span class='ocrx_word' id='word_1_631' title='bbox 2125 3968 2447 4024; x_wconf 77' lang='lat' dir='ltr'><strong>substantia:</strong></span> <span class='ocrx_word' id='word_1_632' title='bbox 2477 3978 2608 4025; x_wconf 85' lang='lat' dir='ltr'><strong>sunt</strong></span> <span class='ocrx_word' id='word_1_633' title='bbox 2633 4011 2648 4038; x_wconf 90' lang='lat'><strong>,</strong></span> <span class='ocrx_word' id='word_1_634' title='bbox 2687 3973 2831 4027; x_wconf 88' lang='lat' dir='ltr'><strong>inter</strong></span> <span class='ocrx_word' id='word_1_635' title='bbox 2859 3989 2919 4030; x_wconf 90' lang='lat' dir='ltr'><strong>se</strong></span> <span class='ocrx_word' id='word_1_636' title='bbox 2945 3977 3299 4032; x_wconf 82' lang='lat' dir='ltr'><strong>conveniunt.</strong></span> 
     </span>
    </p>
   </div>
   <div class='ocr_carea' id='block_1_78' title="bbox 2049 4059 3554 4137">
    <p class='ocr_par' dir='ltr' id='par_1_78' title="bbox 2049 4059 3554 4137">
     <span class='ocr_line' id='line_1_78' title="bbox 2049 4059 3554 4137; baseline 0.011 -23"><span class='ocrx_word' id='word_1_637' title='bbox 2049 4060 2137 4114; x_wconf 78' lang='lat'><strong>53.</strong></span> <span class='ocrx_word' id='word_1_638' title='bbox 2183 4059 2240 4116; x_wconf 92' lang='lat' dir='ltr'><strong>Si</strong></span> <span class='ocrx_word' id='word_1_639' title='bbox 2290 4062 2574 4118; x_wconf 88' lang='lat' dir='ltr'><strong>immobile</strong></span> <span class='ocrx_word' id='word_1_640' title='bbox 2628 4065 2696 4120; x_wconf 89' lang='lat' dir='ltr'><strong>ab</strong></span> <span class='ocrx_word' id='word_1_641' title='bbox 2744 4065 2906 4122; x_wconf 91' lang='lat' dir='ltr'><strong>initio</strong></span> <span class='ocrx_word' id='word_1_642' title='bbox 2947 4069 3151 4124; x_wconf 91' lang='lat' dir='ltr'><strong>malum</strong></span> <span class='ocrx_word' id='word_1_643' title='bbox 3183 4079 3336 4137; x_wconf 88' lang='lat' dir='ltr'><strong>erat,</strong></span> <span class='ocrx_word' id='word_1_644' title='bbox 3374 4085 3554 4132; x_wconf 85' lang='lat' dir='ltr'><strong>motus</strong></span> 
     </span>
    </p>
   </div>
   <div class='ocr_carea' id='block_1_79' title="bbox 1979 4150 3555 4230">
    <p class='ocr_par' dir='ltr' id='par_1_79' title="bbox 1979 4150 3555 4230">
     <span class='ocr_line' id='line_1_79' title="bbox 1979 4150 3555 4230; baseline 0.01 -26"><span class='ocrx_word' id='word_1_645' title='bbox 1979 4163 2110 4219; x_wconf 79' lang='lat' dir='ltr'><strong>ergo</strong></span> <span class='ocrx_word' id='word_1_646' title='bbox 2159 4150 2365 4206; x_wconf 89' lang='lat' dir='ltr'><strong>bonum</strong></span> <span class='ocrx_word' id='word_1_647' title='bbox 2413 4161 2534 4219; x_wconf 90' lang='lat' dir='ltr'><strong>est,</strong></span> <span class='ocrx_word' id='word_1_648' title='bbox 2591 4153 2824 4224; x_wconf 88' lang='lat' dir='ltr'><strong>ejusque</strong></span> <span class='ocrx_word' id='word_1_649' title='bbox 2875 4157 3112 4226; x_wconf 88' lang='lat' dir='ltr'><strong>privatio</strong></span> <span class='ocrx_word' id='word_1_650' title='bbox 3162 4161 3386 4217; x_wconf 89' lang='lat' dir='ltr'><strong>malum.</strong></span> <span class='ocrx_word' id='word_1_651' title='bbox 3420 4163 3555 4230; x_wconf 88' lang='lat' dir='ltr'><strong>Quis</strong></span> 
     </span>
    </p>
   </div>
   <div class='ocr_carea' id='block_1_80' title="bbox 1979 4238 3557 4308">
    <p class='ocr_par' dir='ltr' id='par_1_80' title="bbox 1979 4238 3557 4308">
     <span class='ocr_line' id='line_1_80' title="bbox 1979 4238 3557 4308; baseline 0.011 -18"><span class='ocrx_word' id='word_1_652' title='bbox 1979 4249 2112 4306; x_wconf 67' lang='lat' dir='ltr'><strong>ergo</strong></span> <span class='ocrx_word' id='word_1_653' title='bbox 2143 4238 2289 4293; x_wconf 85' lang='lat' dir='ltr'><strong>malo</strong></span> <span class='ocrx_word' id='word_1_654' title='bbox 2321 4248 2504 4295; x_wconf 85' lang='lat' dir='ltr'><strong>metus</strong></span> <span class='ocrx_word' id='word_1_655' title='bbox 2538 4248 2732 4296; x_wconf 92' lang='lat' dir='ltr'><strong>auctor</strong></span> <span class='ocrx_word' id='word_1_656' title='bbox 2763 4241 2978 4299; x_wconf 85' lang='lat' dir='ltr'><strong>fuerit?</strong></span> <span class='ocrx_word' id='word_1_657' title='bbox 3012 4247 3118 4300; x_wconf 85' lang='lat' dir='ltr'><strong>vita</strong></span> <span class='ocrx_word' id='word_1_658' title='bbox 3149 4263 3213 4303; x_wconf 92' lang='lat' dir='ltr'><strong>ac</strong></span> <span class='ocrx_word' id='word_1_659' title='bbox 3247 4258 3430 4307; x_wconf 90' lang='lat' dir='ltr'><strong>motus</strong></span> <span class='ocrx_word' id='word_1_660' title='bbox 3460 4253 3557 4308; x_wconf 91' lang='lat' dir='ltr'><strong>bo-</strong></span> 
     </span>
    </p>
   </div>
   <div class='ocr_carea' id='block_1_81' title="bbox 1979 4331 3553 4410">
    <p class='ocr_par' dir='ltr' id='par_1_81' title="bbox 1979 4331 3553 4410">
     <span class='ocr_line' id='line_1_81' title="bbox 1979 4331 3553 4410; baseline 0.012 -30"><span class='ocrx_word' id='word_1_661' title='bbox 1979 4342 2111 4382; x_wconf 90' lang='lat' dir='ltr'><strong>num</strong></span> <span class='ocrx_word' id='word_1_662' title='bbox 2150 4336 2267 4396; x_wconf 89' lang='lat' dir='ltr'><strong>est,</strong></span> <span class='ocrx_word' id='word_1_663' title='bbox 2306 4337 2471 4401; x_wconf 89' lang='lat' dir='ltr'><strong>atque</strong></span> <span class='ocrx_word' id='word_1_664' title='bbox 2504 4331 2557 4386; x_wconf 91' lang='lat' dir='ltr'><strong>in</strong></span> <span class='ocrx_word' id='word_1_665' title='bbox 2592 4333 2766 4396; x_wconf 90' lang='lat' dir='ltr'><strong>bono,</strong></span> <span class='ocrx_word' id='word_1_666' title='bbox 2813 4342 2869 4389; x_wconf 89' lang='lat' dir='ltr'><strong>et</strong></span> <span class='ocrx_word' id='word_1_667' title='bbox 2907 4345 3026 4390; x_wconf 87' lang='lat' dir='ltr'><strong>erat</strong></span> <span class='ocrx_word' id='word_1_668' title='bbox 3059 4353 3296 4410; x_wconf 89' lang='lat' dir='ltr'><strong>semper,</strong></span> <span class='ocrx_word' id='word_1_669' title='bbox 3340 4352 3393 4396; x_wconf 89' lang='lat' dir='ltr'><strong>et</strong></span> <span class='ocrx_word' id='word_1_670' title='bbox 3424 4350 3507 4398; x_wconf 86' lang='lat' dir='ltr'><strong>est</strong></span> <span class='ocrx_word' id='word_1_671' title='bbox 3537 4359 3553 4399; x_wconf 88' lang='lat'><strong>:</strong></span> 
     </span>
    </p>
   </div>
   <div class='ocr_carea' id='block_1_82' title="bbox 317 4416 1873 4506">
    <p class='ocr_par' dir='ltr' id='par_1_82' title="bbox 317 4416 1873 4493">
     <span class='ocr_line' id='line_1_82' title="bbox 317 4416 1873 4493; baseline 0.006 -24"><span class='ocrx_word' id='word_1_672' title='bbox 317 4416 376 4469; x_wconf 86' lang='lat'><strong>&#39;0</strong></span> <span class='ocrx_word' id='word_1_673' title='bbox 412 4417 658 4482; x_wconf 80' lang='grc' dir='ltr'>θάνατος,</span> <span class='ocrx_word' id='word_1_674' title='bbox 702 4418 777 4479; x_wconf 85' lang='grc' dir='ltr'>ὥς</span> <span class='ocrx_word' id='word_1_675' title='bbox 835 4435 1002 4486; x_wconf 87' lang='grc' dir='ltr'>φατε,</span> <span class='ocrx_word' id='word_1_676' title='bbox 1053 4419 1242 4485; x_wconf 80' lang='grc' dir='ltr'>κακὸν,</span> <span class='ocrx_word' id='word_1_677' title='bbox 1304 4420 1401 4475; x_wconf 72' lang='grc' dir='ltr'><strong>καὶ</strong></span> <span class='ocrx_word' id='word_1_678' title='bbox 1459 4422 1738 4493; x_wconf 81' lang='grc' dir='ltr'>ἀκινησία,</span> <span class='ocrx_word' id='word_1_679' title='bbox 1781 4425 1873 4478; x_wconf 74' lang='grc' dir='ltr'><strong>καὶ</strong></span> 
     </span>
    </p>
   </div>
   <div class='ocr_carea' id='block_1_83' title="bbox 1986 4416 3550 4506">
    <p class='ocr_par' dir='ltr' id='par_1_83' title="bbox 1986 4416 3550 4506">
     <span class='ocr_line' id='line_1_83' title="bbox 1986 4416 3550 4506; baseline 0.012 -34"><span class='ocrx_word' id='word_1_680' title='bbox 1986 4416 2188 4486; x_wconf 90' lang='lat' dir='ltr'><strong>bonus,</strong></span> <span class='ocrx_word' id='word_1_681' title='bbox 2220 4429 2276 4476; x_wconf 81' lang='lat' dir='ltr'><strong>et</strong></span> <span class='ocrx_word' id='word_1_682' title='bbox 2305 4428 2419 4488; x_wconf 89' lang='lat' dir='ltr'><strong>est,</strong></span> <span class='ocrx_word' id='word_1_683' title='bbox 2453 4429 2506 4477; x_wconf 88' lang='lat' dir='ltr'><strong>et</strong></span> <span class='ocrx_word' id='word_1_684' title='bbox 2535 4432 2657 4477; x_wconf 90' lang='lat' dir='ltr'><strong>erat</strong></span> <span class='ocrx_word' id='word_1_685' title='bbox 2685 4425 2870 4480; x_wconf 88' lang='lat' dir='ltr'><strong>vivus.</strong></span> <span class='ocrx_word' id='word_1_686' title='bbox 2905 4425 3054 4483; x_wconf 83' lang='lat' dir='ltr'><strong>Mors</strong></span> <span class='ocrx_word' id='word_1_687' title='bbox 3088 4438 3315 4497; x_wconf 89' lang='lat' dir='ltr'><strong>contra,</strong></span> <span class='ocrx_word' id='word_1_688' title='bbox 3352 4444 3412 4489; x_wconf 90' lang='lat' dir='ltr'><strong>ut</strong></span> <span class='ocrx_word' id='word_1_689' title='bbox 3447 4436 3550 4506; x_wconf 72' lang='lat' dir='ltr'><strong>ips,i</strong></span> 
     </span>
    </p>
   </div>
   <div class='ocr_carea' id='block_1_84' title="bbox 306 4505 1865 4585">
    <p class='ocr_par' dir='ltr' id='par_1_84' title="bbox 306 4505 1865 4585">
     <span class='ocr_line' id='line_1_84' title="bbox 306 4505 1865 4585; baseline 0.008 -28"><span class='ocrx_word' id='word_1_690' title='bbox 306 4505 500 4577; x_wconf 76' lang='grc' dir='ltr'>φθορὰ,</span> <span class='ocrx_word' id='word_1_691' title='bbox 534 4511 626 4559; x_wconf 81' lang='grc' dir='ltr'>καὶ</span> <span class='ocrx_word' id='word_1_692' title='bbox 688 4508 971 4579; x_wconf 80' lang='grc' dir='ltr'>νέκρωσις,</span> <span class='ocrx_word' id='word_1_693' title='bbox 1022 4510 1118 4565; x_wconf 77' lang='grc' dir='ltr'>καὶ</span> <span class='ocrx_word' id='word_1_694' title='bbox 1154 4511 1306 4564; x_wconf 78' lang='grc' dir='ltr'>οὐδὲν</span> <span class='ocrx_word' id='word_1_695' title='bbox 1333 4507 1496 4584; x_wconf 86' lang='grc' dir='ltr'>ἦττον</span> <span class='ocrx_word' id='word_1_696' title='bbox 1535 4513 1865 4585; x_wconf 80' lang='grc' dir='ltr'>ἀνυπαρξία.</span> 
     </span>
    </p>
   </div>
   <div class='ocr_carea' id='block_1_85' title="bbox 305 4593 1870 4676">
    <p class='ocr_par' dir='ltr' id='par_1_85' title="bbox 305 4593 1870 4676">
     <span class='ocr_line' id='line_1_85' title="bbox 305 4593 1870 4676; baseline 0.009 -29"><span class='ocrx_word' id='word_1_697' title='bbox 305 4597 544 4659; x_wconf 83' lang='grc' dir='ltr'>Θάνατος</span> <span class='ocrx_word' id='word_1_698' title='bbox 569 4597 624 4650; x_wconf 78' lang='grc' dir='ltr'>δὲ</span> <span class='ocrx_word' id='word_1_699' title='bbox 648 4593 718 4668; x_wconf 80' lang='grc' dir='ltr'>ἧν</span> <span class='ocrx_word' id='word_1_700' title='bbox 739 4601 772 4669; x_wconf 81' lang='grc' dir='ltr'><strong>ἡ</strong></span> <span class='ocrx_word' id='word_1_701' title='bbox 817 4600 1004 4666; x_wconf 82' lang='grc' dir='ltr'>κακία,</span> <span class='ocrx_word' id='word_1_702' title='bbox 1038 4599 1114 4665; x_wconf 84' lang='grc' dir='ltr'><strong>ὡς</strong></span> <span class='ocrx_word' id='word_1_703' title='bbox 1145 4603 1302 4671; x_wconf 83' lang='grc' dir='ltr'>ὑμεῖς</span> <span class='ocrx_word' id='word_1_704' title='bbox 1322 4602 1509 4672; x_wconf 80' lang='grc' dir='ltr'>λέγετε</span> <span class='ocrx_word' id='word_1_705' title='bbox 1533 4622 1546 4638; x_wconf 92' lang='grc'><strong>·</strong></span> <span class='ocrx_word' id='word_1_706' title='bbox 1571 4603 1761 4676; x_wconf 81' lang='grc' dir='ltr'>ὥσπερ</span> <span class='ocrx_word' id='word_1_707' title='bbox 1777 4603 1870 4660; x_wconf 79' lang='grc' dir='ltr'><strong>οὖν</strong></span> 
     </span>
    </p>
   </div>
   <div class='ocr_carea' id='block_1_86' title="bbox 306 4689 1868 4767">
    <p class='ocr_par' dir='ltr' id='par_1_86' title="bbox 306 4689 1868 4767">
     <span class='ocr_line' id='line_1_86' title="bbox 306 4689 1868 4767; baseline 0.006 -25"><span class='ocrx_word' id='word_1_708' title='bbox 306 4689 339 4758; x_wconf 82' lang='grc' dir='ltr'><strong>ὴ</strong></span> <span class='ocrx_word' id='word_1_709' title='bbox 373 4689 507 4759; x_wconf 80' lang='grc' dir='ltr'>ζωὴ,</span> <span class='ocrx_word' id='word_1_710' title='bbox 536 4691 632 4744; x_wconf 79' lang='grc' dir='ltr'>καὶ</span> <span class='ocrx_word' id='word_1_711' title='bbox 661 4690 768 4756; x_wconf 77' lang='grc' dir='ltr'>ζῶν</span> <span class='ocrx_word' id='word_1_712' title='bbox 831 4695 859 4745; x_wconf 86' lang='grc' dir='ltr'>ὁ</span> <span class='ocrx_word' id='word_1_713' title='bbox 917 4692 1140 4762; x_wconf 83' lang='grc' dir='ltr'>ἀγαθὸς,</span> <span class='ocrx_word' id='word_1_714' title='bbox 1169 4693 1413 4760; x_wconf 83' lang='grc' dir='ltr'>θάνατος,</span> <span class='ocrx_word' id='word_1_715' title='bbox 1453 4695 1546 4748; x_wconf 77' lang='grc' dir='ltr'>καὶ</span> <span class='ocrx_word' id='word_1_716' title='bbox 1582 4696 1868 4767; x_wconf 77' lang='grc' dir='ltr'>νέκρωσις,</span> 
     </span>
    </p>
   </div>
   <div class='ocr_carea' id='block_1_87' title="bbox 304 4779 1870 4857">
    <p class='ocr_par' dir='ltr' id='par_1_87' title="bbox 304 4779 1870 4857">
     <span class='ocr_line' id='line_1_87' title="bbox 304 4779 1870 4857; baseline 0.005 -25"><span class='ocrx_word' id='word_1_717' title='bbox 304 4779 401 4834; x_wconf 72' lang='grc' dir='ltr'>καὶ</span> <span class='ocrx_word' id='word_1_718' title='bbox 447 4782 872 4853; x_wconf 82' lang='grc' dir='ltr'>νενεκρωμένον,</span> <span class='ocrx_word' id='word_1_719' title='bbox 909 4781 970 4835; x_wconf 79' lang='grc' dir='ltr'>τὸ</span> <span class='ocrx_word' id='word_1_720' title='bbox 1021 4783 1228 4836; x_wconf 79' lang='grc' dir='ltr'>κακόνο</span> <span class='ocrx_word' id='word_1_721' title='bbox 1271 4785 1434 4838; x_wconf 87' lang='grc' dir='ltr'>πόθεν</span> <span class='ocrx_word' id='word_1_722' title='bbox 1478 4783 1570 4839; x_wconf 79' lang='grc' dir='ltr'><strong>οὖν</strong></span> <span class='ocrx_word' id='word_1_723' title='bbox 1615 4787 1870 4857; x_wconf 80' lang='grc' dir='ltr'>ἀνέζησε,</span> 
     </span>
    </p>
   </div>
   <div class='ocr_carea' id='block_1_88' title="bbox 306 4872 1868 4950">
    <p class='ocr_par' dir='ltr' id='par_1_88' title="bbox 306 4872 1868 4950">
     <span class='ocr_line' id='line_1_88' title="bbox 306 4872 1868 4950; baseline 0.003 -24"><span class='ocrx_word' id='word_1_724' title='bbox 306 4872 403 4926; x_wconf 77' lang='grc' dir='ltr'><strong>καὶ</strong></span> <span class='ocrx_word' id='word_1_725' title='bbox 427 4873 686 4942; x_wconf 78' lang='grc' dir='ltr'>ὲκινήθη;</span> <span class='ocrx_word' id='word_1_726' title='bbox 728 4876 789 4929; x_wconf 78' lang='grc' dir='ltr'><strong>Εἰ</strong></span> <span class='ocrx_word' id='word_1_727' title='bbox 817 4875 914 4945; x_wconf 84' lang='grc' dir='ltr'><strong>μὲν</strong></span> <span class='ocrx_word' id='word_1_728' title='bbox 951 4875 1010 4939; x_wconf 80' lang='grc' dir='ltr'><strong>ἐξ</strong></span> <span class='ocrx_word' id='word_1_729' title='bbox 1047 4873 1259 4940; x_wconf 76' lang='grc' dir='ltr'>ἑαυτοῦ,</span> <span class='ocrx_word' id='word_1_730' title='bbox 1303 4879 1366 4930; x_wconf 83' lang='grc' dir='ltr'>ἐκ</span> <span class='ocrx_word' id='word_1_731' title='bbox 1402 4876 1496 4930; x_wconf 88' lang='grc' dir='ltr'><strong>τοῦ</strong></span> <span class='ocrx_word' id='word_1_732' title='bbox 1532 4877 1703 4932; x_wconf 87' lang='grc' dir='ltr'>κακοῦ</span> <span class='ocrx_word' id='word_1_733' title='bbox 1734 4878 1868 4950; x_wconf 77' lang='grc' dir='ltr'>ζωὴ,</span> 
     </span>
    </p>
   </div>
   <div class='ocr_carea' id='block_1_89' title="bbox 304 4965 1871 5039">
    <p class='ocr_par' dir='ltr' id='par_1_89' title="bbox 304 4965 1871 5039">
     <span class='ocr_line' id='line_1_89' title="bbox 304 4965 1871 5039; baseline 0.004 -23"><span class='ocrx_word' id='word_1_734' title='bbox 304 4965 443 5034; x_wconf 83' lang='grc' dir='ltr'>ὅπερ</span> <span class='ocrx_word' id='word_1_735' title='bbox 466 4965 767 5035; x_wconf 86' lang='grc' dir='ltr'>ἀμήχανον.</span> <span class='ocrx_word' id='word_1_736' title='bbox 813 4968 877 5020; x_wconf 85' lang='grc' dir='ltr'><strong>Ἠ</strong></span> <span class='ocrx_word' id='word_1_737' title='bbox 907 4966 1082 5037; x_wconf 86' lang='grc' dir='ltr'>φθορὰ</span> <span class='ocrx_word' id='word_1_738' title='bbox 1101 4967 1209 5039; x_wconf 82' lang='grc' dir='ltr'>γὰρ</span> <span class='ocrx_word' id='word_1_739' title='bbox 1237 4968 1298 5020; x_wconf 83' lang='grc' dir='ltr'><strong>οὐ</strong></span> <span class='ocrx_word' id='word_1_740' title='bbox 1331 4968 1603 5033; x_wconf 81' lang='grc' dir='ltr'>ζωοποιεῖ.</span> <span class='ocrx_word' id='word_1_741' title='bbox 1633 4970 1695 5023; x_wconf 76' lang='lat' dir='ltr'><strong>Ei</strong></span> <span class='ocrx_word' id='word_1_742' title='bbox 1723 4970 1779 5022; x_wconf 78' lang='grc' dir='ltr'>δὲ</span> <span class='ocrx_word' id='word_1_743' title='bbox 1809 4972 1871 5023; x_wconf 82' lang='grc' dir='ltr'>ὲκ</span> 
     </span>
    </p>
   </div>
   <div class='ocr_carea' id='block_1_90' title="bbox 301 5054 1871 5128">
    <p class='ocr_par' dir='ltr' id='par_1_90' title="bbox 301 5054 1871 5128">
     <span class='ocr_line' id='line_1_90' title="bbox 301 5054 1871 5128; baseline 0.003 -21"><span class='ocrx_word' id='word_1_744' title='bbox 301 5054 398 5108; x_wconf 80' lang='grc' dir='ltr'><strong>τοῦ</strong></span> <span class='ocrx_word' id='word_1_745' title='bbox 427 5055 654 5124; x_wconf 84' lang='grc' dir='ltr'>ἀγαθοῦ,</span> <span class='ocrx_word' id='word_1_746' title='bbox 681 5057 782 5111; x_wconf 82' lang='grc' dir='ltr'><strong>οὐκ</strong></span> <span class='ocrx_word' id='word_1_747' title='bbox 833 5057 1040 5128; x_wconf 81' lang='grc' dir='ltr'>ἀγαθὸν</span> <span class='ocrx_word' id='word_1_748' title='bbox 1077 5057 1137 5110; x_wconf 82' lang='grc' dir='ltr'><strong>τὸ</strong></span> <span class='ocrx_word' id='word_1_749' title='bbox 1180 5056 1405 5125; x_wconf 84' lang='grc' dir='ltr'>ἀγαθὸν,</span> <span class='ocrx_word' id='word_1_750' title='bbox 1437 5057 1514 5128; x_wconf 82' lang='grc' dir='ltr'><strong>τῷ</strong></span> <span class='ocrx_word' id='word_1_751' title='bbox 1545 5059 1699 5128; x_wconf 79' lang='grc' dir='ltr'>κακῷ</span> <span class='ocrx_word' id='word_1_752' title='bbox 1727 5057 1871 5128; x_wconf 79' lang='grc' dir='ltr'>ζωῆς</span> 
     </span>
    </p>
   </div>
   <div class='ocr_carea' id='block_1_91' title="bbox 1978 4507 3549 4593">
    <p class='ocr_par' dir='ltr' id='par_1_91' title="bbox 1978 4507 3549 4593">
     <span class='ocr_line' id='line_1_91' title="bbox 1978 4507 3549 4593; baseline 0.01 -31"><span class='ocrx_word' id='word_1_753' title='bbox 1978 4507 2165 4565; x_wconf 87' lang='lat' dir='ltr'><strong>dicitis</strong></span> <span class='ocrx_word' id='word_1_754' title='bbox 2189 4549 2203 4576; x_wconf 93' lang='lat'><strong>,</strong></span> <span class='ocrx_word' id='word_1_755' title='bbox 2233 4513 2436 4567; x_wconf 88' lang='lat' dir='ltr'><strong>malum</strong></span> <span class='ocrx_word' id='word_1_756' title='bbox 2468 4521 2551 4569; x_wconf 87' lang='lat' dir='ltr'><strong>est</strong></span> <span class='ocrx_word' id='word_1_757' title='bbox 2572 4556 2586 4580; x_wconf 92' lang='lat'><strong>,</strong></span> <span class='ocrx_word' id='word_1_758' title='bbox 2621 4525 2675 4570; x_wconf 91' lang='lat' dir='ltr'><strong>et</strong></span> <span class='ocrx_word' id='word_1_759' title='bbox 2708 4516 3068 4574; x_wconf 89' lang='lat' dir='ltr'><strong>immobilitas</strong></span> <span class='ocrx_word' id='word_1_760' title='bbox 3097 4561 3112 4586; x_wconf 93' lang='lat'><strong>,</strong></span> <span class='ocrx_word' id='word_1_761' title='bbox 3139 4528 3194 4575; x_wconf 88' lang='lat' dir='ltr'><strong>et</strong></span> <span class='ocrx_word' id='word_1_762' title='bbox 3223 4524 3508 4593; x_wconf 91' lang='lat' dir='ltr'><strong>corruptio</strong></span> <span class='ocrx_word' id='word_1_763' title='bbox 3539 4578 3549 4591; x_wconf 80' lang='grc'><strong>,</strong></span> 
     </span>
    </p>
   </div>
   <div class='ocr_carea' id='block_1_92' title="bbox 1978 4601 3551 4678">
    <p class='ocr_par' dir='ltr' id='par_1_92' title="bbox 1978 4601 3551 4678">
     <span class='ocr_line' id='line_1_92' title="bbox 1978 4601 3551 4678; baseline 0.011 -24"><span class='ocrx_word' id='word_1_764' title='bbox 1978 4601 2416 4673; x_wconf 86' lang='lat' dir='ltr'><strong>ctinteremptio,</strong></span> <span class='ocrx_word' id='word_1_765' title='bbox 2439 4605 2550 4661; x_wconf 91' lang='lat' dir='ltr'><strong>imo</strong></span> <span class='ocrx_word' id='word_1_766' title='bbox 2566 4614 2619 4662; x_wconf 85' lang='lat' dir='ltr'><strong>et</strong></span> <span class='ocrx_word' id='word_1_767' title='bbox 2645 4609 2764 4678; x_wconf 92' lang='lat' dir='ltr'><strong>ipsa</strong></span> <span class='ocrx_word' id='word_1_768' title='bbox 2787 4608 2842 4662; x_wconf 90' lang='lat' dir='ltr'><strong>in</strong></span> <span class='ocrx_word' id='word_1_769' title='bbox 2867 4610 3095 4666; x_wconf 92' lang='lat' dir='ltr'><strong>nihilum</strong></span> <span class='ocrx_word' id='word_1_770' title='bbox 3121 4612 3382 4668; x_wconf 88' lang='lat' dir='ltr'><strong>redactio.</strong></span> <span class='ocrx_word' id='word_1_771' title='bbox 3407 4614 3551 4672; x_wconf 87' lang='lat' dir='ltr'><strong>Mors</strong></span> 
     </span>
    </p>
   </div>
   <div class='ocr_carea' id='block_1_93' title="bbox 1979 4698 3551 4774">
    <p class='ocr_par' dir='ltr' id='par_1_93' title="bbox 1979 4698 3551 4774">
     <span class='ocr_line' id='line_1_93' title="bbox 1979 4698 3551 4774; baseline 0.009 -29"><span class='ocrx_word' id='word_1_772' title='bbox 1979 4699 2159 4747; x_wconf 87' lang='lat' dir='ltr'><strong>autem</strong></span> <span class='ocrx_word' id='word_1_773' title='bbox 2180 4732 2195 4757; x_wconf 97' lang='lat'><strong>,</strong></span> <span class='ocrx_word' id='word_1_774' title='bbox 2229 4701 2293 4747; x_wconf 91' lang='lat' dir='ltr'><strong>ut</strong></span> <span class='ocrx_word' id='word_1_775' title='bbox 2324 4698 2592 4764; x_wconf 86' lang='lat' dir='ltr'><strong>asseritis,</strong></span> <span class='ocrx_word' id='word_1_776' title='bbox 2625 4700 2833 4754; x_wconf 91' lang='lat' dir='ltr'><strong>malum</strong></span> <span class='ocrx_word' id='word_1_777' title='bbox 2862 4711 3002 4757; x_wconf 89' lang='lat' dir='ltr'><strong>erat.</strong></span> <span class='ocrx_word' id='word_1_778' title='bbox 3038 4702 3126 4758; x_wconf 91' lang='lat' dir='ltr'><strong>Uti</strong></span> <span class='ocrx_word' id='word_1_779' title='bbox 3165 4704 3333 4774; x_wconf 78' lang='lat' dir='ltr'><strong>igitur</strong></span> <span class='ocrx_word' id='word_1_780' title='bbox 3359 4705 3467 4758; x_wconf 87' lang='lat' dir='ltr'><strong>vita</strong></span> <span class='ocrx_word' id='word_1_781' title='bbox 3496 4713 3551 4761; x_wconf 90' lang='lat' dir='ltr'><strong>et</strong></span> 
     </span>
    </p>
   </div>
   <div class='ocr_carea' id='block_1_94' title="bbox 1975 4783 3551 4860">
    <p class='ocr_par' dir='ltr' id='par_1_94' title="bbox 1975 4783 3551 4860">
     <span class='ocr_line' id='line_1_94' title="bbox 1975 4783 3551 4860; baseline 0.01 -23"><span class='ocrx_word' id='word_1_782' title='bbox 1975 4783 2186 4849; x_wconf 87' lang='lat' dir='ltr'><strong>vivens,</strong></span> <span class='ocrx_word' id='word_1_783' title='bbox 2223 4785 2401 4844; x_wconf 89' lang='lat' dir='ltr'><strong>bonus</strong></span> <span class='ocrx_word' id='word_1_784' title='bbox 2433 4797 2590 4844; x_wconf 89' lang='lat' dir='ltr'><strong>erat:</strong></span> <span class='ocrx_word' id='word_1_785' title='bbox 2631 4791 2712 4847; x_wconf 90' lang='lat' dir='ltr'><strong>sic</strong></span> <span class='ocrx_word' id='word_1_786' title='bbox 2743 4808 2916 4860; x_wconf 91' lang='lat' dir='ltr'><strong>mors,</strong></span> <span class='ocrx_word' id='word_1_787' title='bbox 2952 4794 3265 4859; x_wconf 85' lang='lat' dir='ltr'><strong>exstinctio,</strong></span> <span class='ocrx_word' id='word_1_788' title='bbox 3299 4804 3352 4851; x_wconf 92' lang='lat' dir='ltr'><strong>et</strong></span> <span class='ocrx_word' id='word_1_789' title='bbox 3377 4797 3551 4853; x_wconf 89' lang='lat' dir='ltr'><strong>inter-</strong></span> 
     </span>
    </p>
   </div>
   <div class='ocr_carea' id='block_1_95' title="bbox 1977 4878 3550 4958">
    <p class='ocr_par' dir='ltr' id='par_1_95' title="bbox 1977 4878 3550 4958">
     <span class='ocr_line' id='line_1_95' title="bbox 1977 4878 3550 4958; baseline 0.01 -31"><span class='ocrx_word' id='word_1_790' title='bbox 1977 4881 2254 4944; x_wconf 89' lang='lat' dir='ltr'><strong>emptum,</strong></span> <span class='ocrx_word' id='word_1_791' title='bbox 2291 4878 2495 4934; x_wconf 88' lang='lat' dir='ltr'><strong>malum</strong></span> <span class='ocrx_word' id='word_1_792' title='bbox 2532 4891 2668 4937; x_wconf 87' lang='lat' dir='ltr'><strong>erat.</strong></span> <span class='ocrx_word' id='word_1_793' title='bbox 2722 4881 2880 4940; x_wconf 88' lang='lat' dir='ltr'><strong>Unde</strong></span> <span class='ocrx_word' id='word_1_794' title='bbox 2925 4901 3057 4958; x_wconf 82' lang='lat' dir='ltr'><strong>ergo</strong></span> <span class='ocrx_word' id='word_1_795' title='bbox 3096 4887 3296 4943; x_wconf 82' lang='lat' dir='ltr'><strong>revixit</strong></span> <span class='ocrx_word' id='word_1_796' title='bbox 3330 4903 3394 4944; x_wconf 89' lang='lat' dir='ltr'><strong>ac</strong></span> <span class='ocrx_word' id='word_1_797' title='bbox 3428 4904 3550 4942; x_wconf 58' lang='lat' dir='ltr'><strong>mo.</strong></span> 
     </span>
    </p>
   </div>
   <div class='ocr_carea' id='block_1_96' title="bbox 1979 4968 3550 5048">
    <p class='ocr_par' dir='ltr' id='par_1_96' title="bbox 1979 4968 3550 5048">
     <span class='ocr_line' id='line_1_96' title="bbox 1979 4968 3550 5048; baseline 0.01 -32"><span class='ocrx_word' id='word_1_798' title='bbox 1979 4972 2093 5018; x_wconf 89' lang='lat' dir='ltr'><strong>tum</strong></span> <span class='ocrx_word' id='word_1_799' title='bbox 2135 4968 2396 5037; x_wconf 82' lang='lat' dir='ltr'><strong>accepit?</strong></span> <span class='ocrx_word' id='word_1_800' title='bbox 2437 4970 2482 5026; x_wconf 90' lang='lat' dir='ltr'><strong>si</strong></span> <span class='ocrx_word' id='word_1_801' title='bbox 2514 4986 2544 5025; x_wconf 90' lang='lat' dir='ltr'><strong>a</strong></span> <span class='ocrx_word' id='word_1_802' title='bbox 2575 4972 2790 5043; x_wconf 81' lang='lat' dir='ltr'><strong>seipse,</strong></span> <span class='ocrx_word' id='word_1_803' title='bbox 2831 4975 2941 5030; x_wconf 90' lang='lat' dir='ltr'><strong>vita</strong></span> <span class='ocrx_word' id='word_1_804' title='bbox 2979 4992 3111 5048; x_wconf 83' lang='lat' dir='ltr'><strong>ergo</strong></span> <span class='ocrx_word' id='word_1_805' title='bbox 3150 4993 3214 5033; x_wconf 88' lang='lat' dir='ltr'><strong>ex</strong></span> <span class='ocrx_word' id='word_1_806' title='bbox 3251 4979 3393 5034; x_wconf 88' lang='lat' dir='ltr'><strong>malo</strong></span> <span class='ocrx_word' id='word_1_807' title='bbox 3429 4987 3550 5034; x_wconf 88' lang='lat' dir='ltr'><strong>orta</strong></span> 
     </span>
    </p>
   </div>
   <div class='ocr_carea' id='block_1_97' title="bbox 1977 5059 3546 5141">
    <p class='ocr_par' dir='ltr' id='par_1_97' title="bbox 1977 5059 3546 5141">
     <span class='ocr_line' id='line_1_97' title="bbox 1977 5059 3546 5141; baseline 0.01 -30"><span class='ocrx_word' id='word_1_808' title='bbox 1977 5065 2096 5123; x_wconf 84' lang='lat' dir='ltr'><strong>est,</strong></span> <span class='ocrx_word' id='word_1_809' title='bbox 2132 5059 2280 5128; x_wconf 92' lang='lat' dir='ltr'><strong>quod</strong></span> <span class='ocrx_word' id='word_1_810' title='bbox 2316 5060 2432 5117; x_wconf 86' lang='lat' dir='ltr'><strong>ﬂeri</strong></span> <span class='ocrx_word' id='word_1_811' title='bbox 2487 5065 2712 5124; x_wconf 90' lang='lat' dir='ltr'><strong>minime</strong></span> <span class='ocrx_word' id='word_1_812' title='bbox 2762 5066 2925 5140; x_wconf 68' lang='lat'><strong>450</strong></span> <span class='ocrx_word' id='word_1_813' title='bbox 2978 5077 3181 5141; x_wconf 88' lang='lat' dir='ltr'><strong>potest.</strong></span> <span class='ocrx_word' id='word_1_814' title='bbox 3235 5068 3353 5128; x_wconf 81' lang='lat' dir='ltr'><strong>Non</strong></span> <span class='ocrx_word' id='word_1_815' title='bbox 3401 5071 3546 5127; x_wconf 87' lang='lat' dir='ltr'><strong>enim</strong></span> 
     </span>
    </p>
   </div>
   <div class='ocr_carea' id='block_1_98' title="bbox 1613 5253 2296 5315">
    <p class='ocr_par' dir='ltr' id='par_1_98' title="bbox 1613 5253 2296 5315">
     <span class='ocr_line' id='line_1_98' title="bbox 1613 5253 2296 5315; baseline 0.01 -7"><span class='ocrx_word' id='word_1_816' title='bbox 1613 5253 1846 5310; x_wconf 67' lang='lat' dir='ltr'><strong>VARIE</strong></span> <span class='ocrx_word' id='word_1_817' title='bbox 1890 5254 2296 5315; x_wconf 78' lang='lat' dir='ltr'><strong>LECTIONES.</strong></span> 
     </span>
    </p>
   </div>
   <div class='ocr_carea' id='block_1_99' title="bbox 378 5366 2484 5440">
    <p class='ocr_par' dir='ltr' id='par_1_99' title="bbox 378 5366 2484 5440">
     <span class='ocr_line' id='line_1_99' title="bbox 378 5366 2484 5440; baseline 0.002 -17"><span class='ocrx_word' id='word_1_818' title='bbox 378 5375 405 5408; x_wconf 87' lang='grc' dir='ltr'><strong><em>ο</em></strong></span> <span class='ocrx_word' id='word_1_819' title='bbox 427 5366 592 5424; x_wconf 79' lang='lat' dir='ltr'><strong>Basil.</strong></span> <span class='ocrx_word' id='word_1_820' title='bbox 625 5367 847 5438; x_wconf 75' lang='grc' dir='ltr'>ἑαυτῆς.</span> <span class='ocrx_word' id='word_1_821' title='bbox 954 5380 981 5418; x_wconf 75' lang='grc' dir='ltr'><strong>ρ</strong></span> <span class='ocrx_word' id='word_1_822' title='bbox 1020 5368 1186 5424; x_wconf 89' lang='lat' dir='ltr'><strong>Basil.</strong></span> <span class='ocrx_word' id='word_1_823' title='bbox 1217 5368 1265 5421; x_wconf 84' lang='grc' dir='ltr'><strong>εί</strong></span> <span class='ocrx_word' id='word_1_824' title='bbox 1291 5368 1385 5440; x_wconf 62' lang='grc' dir='ltr'><strong>μήθ</strong></span> <span class='ocrx_word' id='word_1_825' title='bbox 1428 5376 1482 5421; x_wconf 89' lang='lat' dir='ltr'><strong>et</strong></span> <span class='ocrx_word' id='word_1_826' title='bbox 1510 5366 1670 5437; x_wconf 90' lang='lat' dir='ltr'><strong>paulo</strong></span> <span class='ocrx_word' id='word_1_827' title='bbox 1704 5376 1847 5437; x_wconf 89' lang='lat' dir='ltr'><strong>post,</strong></span> <span class='ocrx_word' id='word_1_828' title='bbox 1879 5367 1938 5421; x_wconf 85' lang='grc' dir='ltr'><strong>τδ</strong></span> <span class='ocrx_word' id='word_1_829' title='bbox 1958 5368 2011 5422; x_wconf 82' lang='grc' dir='ltr'>δὲ</span> <span class='ocrx_word' id='word_1_830' title='bbox 2040 5369 2240 5439; x_wconf 80' lang='grc' dir='ltr'>ἀγαθὸν</span> <span class='ocrx_word' id='word_1_831' title='bbox 2265 5370 2342 5440; x_wconf 77' lang='grc' dir='ltr'>ὃν,</span> <span class='ocrx_word' id='word_1_832' title='bbox 2379 5382 2484 5429; x_wconf 85' lang='lat' dir='ltr'><strong>etc.</strong></span> 
     </span>
    </p>
   </div>
   <div class='ocr_carea' id='block_1_100' title="bbox 1807 5548 2036 5611">
    <p class='ocr_par' dir='ltr' id='par_1_100' title="bbox 1807 5548 2036 5611">
     <span class='ocr_line' id='line_1_100' title="bbox 1807 5548 2036 5611; baseline 0.022 -7"><span class='ocrx_word' id='word_1_833' title='bbox 1807 5548 2036 5611; x_wconf 66' lang='lat' dir='ltr'><strong>NOTAE.</strong></span> 
     </span>
    </p>
   </div>
   <div class='ocr_carea' id='block_1_101' title="bbox 373 5668 1797 5741">
    <p class='ocr_par' dir='ltr' id='par_1_101' title="bbox 373 5668 1797 5741">
     <span class='ocr_line' id='line_1_101' title="bbox 373 5668 1797 5741; baseline 0.001 -17"><span class='ocrx_word' id='word_1_834' title='bbox 373 5668 457 5741; x_wconf 77' lang='grc'><strong>(1)</strong></span> <span class='ocrx_word' id='word_1_835' title='bbox 494 5670 698 5729; x_wconf 82' lang='lat' dir='ltr'><strong>Textus</strong></span> <span class='ocrx_word' id='word_1_836' title='bbox 724 5670 810 5726; x_wconf 89' lang='lat' dir='ltr'><strong>hic</strong></span> <span class='ocrx_word' id='word_1_837' title='bbox 835 5669 1209 5727; x_wconf 87' lang='lat' dir='ltr'><strong>subobscurus</strong></span> <span class='ocrx_word' id='word_1_838' title='bbox 1230 5677 1284 5726; x_wconf 91' lang='lat' dir='ltr'><strong>et</strong></span> <span class='ocrx_word' id='word_1_839' title='bbox 1311 5669 1528 5726; x_wconf 85' lang='lat' dir='ltr'><strong>luxatus</strong></span> <span class='ocrx_word' id='word_1_840' title='bbox 1559 5669 1797 5725; x_wconf 83' lang='lat' dir='ltr'><strong>videtur.</strong></span> 
     </span>
    </p>
   </div>
  </div>
