3930 6206
400 280 530 347 1551

1530 278 1592 340 S.
1632 279 1952 342 JOAN‘NIS
1988 280 2418 342 DAMASCENI

3519 280 3653 348 1552

398 396 681 467 corruptio
708 397 879 450 vitam
911 392 1087 450 an‘ert.
1121 390 1177 449 Si
1231 407 1298 449 ex
1359 392 1544 462 bono,
1589 394 1795 449 bonum
1846 410 1976 465 ergo

2104 397 2174 451 :al.
2212 399 2475 467 κινήσεως
2495 395 2717 465 γεγονὸς
2739 397 2930 453 αῐτιον.
2964 397 3079 451 Καὶ
3104 397 3195 450 διὰ
3219 397 3273 451 τί
3309 396 3559 467 προειδὸς
3591 401 3653 455 τὰ

394 490 603 544 bonum
633 504 743 543 non
780 488 917 554 erit,
951 495 1012 540 ut
1047 484 1196 555 quod
1240 484 1386 540 malo
1436 492 1548 539 tam
1600 486 1761 549 vitaz,
1807 500 1971 555 quam

393 590 579 635 motus
628 593 797 634 causa
845 578 1141 634 exstiterit.
1193 575 1372 631 Eccur
1420 585 1606 631 autem
1658 592 1783 630 cum
1832 576 1975 630 mala

396 679 697 741 praenosset
726 686 791 725 ex
822 685 886 725 eo
914 669 1124 723 oritura
1144 708 1159 733 ,
1190 668 1356 722 vitam
1390 667 1493 737 ipsi
1525 667 1801 738 prebuit?

466 765 558 819 54.
596 762 1119 837 Malum‘quatenus
1168 772 1252 814 εει
1304 760 1553 824 malum,
1608 759 1748 812 nihil
1808 757 1976 813 habet

394 872 521 910 eum
559 855 703 909 bono
733 867 1025 907 commune
1045 891 1061 915 .
1091 851 1254 919 eique
1285 851 1630 905 contrarium
1662 858 1746 905 est
1777 858 1831 904 et
1867 850 1974 903 ini-

399 948 643 1000 micum:
695 945 827 999 boni
861 951 1044 998 autem
1080 943 1345 1013 appetitio
1388 943 1531 997 bona
1571 948 1675 997 est.
1725 943 1975 1006 Quonam

397 1053 526 1109 ergo
554 1037 715 1092 modo
744 1036 798 1091 id
828 1034 973 1105 quod
1009 1049 1225 1089 summe
1260 1034 1463 1087 malum
1499 1039 1584 1088 est
1606 1072 1621 1098 ,
1657 1032 1787 1087 boni
1828 1031 1976 1087 desi-

400 1132 551 1185 derio
586 1127 878 1199 ﬂagravit?

470 1220 562 1274 55.
606 1219 809 1272 Malum
835 1224 989 1271 motu
1014 1226 1165 1270 caret
1184 1254 1199 1278 ,
1222 1222 1278 1271 et
1301 1215 1584 1286 corruptio
1607 1215 1791 1284 potius
1812 1228 1979 1282 quam

402 1310 681 1378 generatio
726 1315 809 1363 est
836 1324 850 1362 :
888 1308 983 1379 qui
1014 1321 1147 1375 ergo
1179 1306 1383 1360 malum
1416 1307 1563 1362 fetus
1595 1322 1727 1361 suos
1758 1306 1981 1361 emisit?

401 1401 524 1453 νῐιεο
553 1408 607 1454 et
641 1414 838 1455 sensus
871 1413 1070 1468 expers
1097 1405 1181 1452 est
1209 1410 1223 1449 :
1255 1396 1529 1466 quomodo
1561 1395 1675 1450 ﬁeri
1712 1397 1889 1465 potuit
1922 1404 1981 1449 ut

402 1494 606 1549 bonum
638 1502 693 1547 et
725 1492 854 1548 boni
884 1491 1031 1547 fetus
1062 1491 1299 1547 senserit
1324 1490 1367 1544 ι·

471 1668 559 1725 56.
605 1669 757 1735 Quod
790 1684 855 1725 ex
886 1667 1079 1723 aeterni
1108 1675 1161 1722 et
1188 1666 1419 1723 inereati
1450 1665 1760 1721 substantia
1798 1671 1981 1719 ortum

2080 490 2137 556 ἐξ
2168 489 2331 543 αὐτοῦ
2359 490 2593 559 ἐσόμενα
2622 488 2789 551 κακὰ,
2813 488 3180 559 ὲζωοποίησεν
3201 489 3371 552 15:6;

2150 769 2244 824 νδ¹.
2272 767 2347 820 Τὸ
2393 766 2581 831 κακὸν,
2623 764 2758 818 καθό
2788 765 2903 816 ἐστι
2934 763 3127 826 κακὸν.
3158 764 3235 832 τῷ
3279 764 3475 835 ἁγαθῷ
3500 767 3650 820 ἀκοι-

2081 863 2341 929 νώνητον,
2382 862 2475 913 καὶ
2493 858 2761 919 ἐναντίον,
2791 856 2887 909 καὶ
2911 855 3104 925 ἐχθρόν
3123 870 3136 882 ·
3156 858 3189 925 ἠ
3202 856 3258 908 δὲ
3281 856 3544 927 ἐπιθυμία
3560 860 3650 912 τοῦ

2082 953 2312 1022 ἀγαθοῦ,
2348 952 2571 1017 ἀγαθόν,
2595 950 2718 1012 Πῶς
2744 948 2837 1002 οὖν
2862 949 2923 1001 τὸ
2940 950 3126 1018 ἄκρως
3140 950 3310 1003 κακὸν
3341 949 3654 1019 ἐπεθύμησε

2081 1046 2177 1099 τοῦ
2208 1044 2418 1114 ἀγαθοῦ
2437 1061 2451 1106 ;

2153 1230 2246 1277 νε’.
2288 1222 2352 1275 Ἢ
2387 1218 2576 1282 κακία,
2604 1218 2882 1287 ἀκίνητος,
2914 1217 3009 1271 καὶ
3042 1215 3220 1286 φθορὰ
3253 1216 3451 1286 μᾶλλον
3478 1216 3513 1285 ἢ
3538 1215 3662 1283 γέν-

2085 1333 2239 1387 νησις
2284 1325 2334 1371 ιι.
2384 1314 2509 1375 Πῶς
2564 1312 2655 1365 οὖν
2680 1309 3042 1384 προεϐάλλετο
3072 1310 3141 1362 τὰ
3193 1309 3389 1379 ἑαυτῆς
3421 1308 3666 1379 προϐλή-

2089 1425 2234 1479 ματα
2288 1407 2323 1475 ἠ
2382 1403 2571 1465 κακία,
2630 1402 2807 1466 ἇζωος
2842 1400 2937 1452 καί¹
2985 1398 3349 1468 ἀναίσθητος;
3408 1399 3530 1461 πῶς
3570 1398 3665 1455 οὖν

2086 1496 2399 1551 αἰσθάνεται
2428 1493 2521 1546 τοῦ
2543 1491 2771 1561 ἀγαθοῦ,
2803 1490 2899 1544 καὶ
2925 1490 3033 1543 τῶν
3054 1488 3147 1549 τοῦ
3176 1486 3385 1557 ἀγαθοῦ
3416 1488 3665 1560 προϐλη-

2092 1592 2277 1662 μάτων
2298 1606 2313 1655 ;

2158 1689 2265 1748 νς·’.
2295 1680 2368 1734 Τὸ
2400 1680 2465 1733 ἐκ
2486 1678 2586 1748 τῆς
2634 1677 2820 1740 οὐσίας
2852 1675 2947 1729 τοῦ
2987 1674 3226 1746 ἀνάρχου
3248 1675 3345 1729 καὶ
3378 1676 3665 1742 ἀκτίστου,

402 1772 490 1817 est
510 1802 526 1826 ,
549 1761 728 1831 ipsum
755 1776 902 1832 quoq
921 1776 988 1816 ue
1010 1768 1272 1815 aeternum
1299 1768 1383 1815 est
1405 1768 1461 1813 et
1480 1757 1789 1813 incrcatum
1815 1774 1828 1810 :
1851 1772 1987 1826 quo-

2104 1776 2326 1846 ἱναρχον
2361 1773 2459 1825 καὶ
2503 1769 2757 1827 ἁκτιστόν
2804 1770 2955 1823 ἔστι·
2988 1768 3107 1830 πῶς
3152 1763 3247 1822 οὖν
3287 1768 3357 1820 τὰ
3390 1768 3573 1821 πάντα
3604 1771 3671 1821 ἐκ

406 1867 530 1906 nam
556 1861 713 1922 pacto
743 1851 907 1922 igitur
932 1851 1115 1905 omnia
1140 1866 1207 1905 ex
1234 1856 1541 1905 vestrorum
1588 1848 1986 1919 principiorum

406 1944 720 1997 substantia
768 1950 889 1997 orta
939 1957 1062 1997 esse
1100 1940 1408 1995 dicuntur?
1448 1939 1585 1994 Nam
1618 1938 1665 1993 si
1698 1953 1765 1993 ex
1796 1952 1987 1993 eorum

406 2034 715 2090 substantia
769 2033 957 2087 omnia
1004 2040 1168 2088 enata
1221 2039 1385 2096 sunt,
1435 2029 1711 2101 principia
1760 2026 1989 2098 perinde

405 2122 525 2179 sine
558 2121 835 2193 principio
862 2129 1029 2187 sunt;
1056 2128 1109 2177 et
1140 2122 1221 2175 sic
1246 2120 1410 2190 plane
1435 2118 1575 2173 nihil
1604 2126 1851 2173 creatum
1880 2124 1987 2170 est.

407 2213 504 2269 Sin
539 2223 719 2268 autem
752 2222 1018 2268 creaturae
1055 2222 1206 2280 sunt,
1242 2211 1492 2283 profecto
1536 2225 1644 2265 non
1686 2223 1754 2265 ex
1796 2221 1987 2264 eorum

406 2306 717 2360 substantia
746 2314 928 2359 ortum
958 2303 1145 2359 omnia
1182 2309 1493 2357 traxerunt.

476 2396 566 2449 57.
608 2393 808 2448 Malum
838 2394 1122 2463 corruptio
1150 2402 1207 2449 et
1234 2409 1384 2449 mors
1407 2402 1511 2449 est.
1537 2391 1737 2446 Malum
1768 2398 1949 2446 autem
1970 2433 1985 2457 ,

406 2484 683 2554 siquidem
715 2482 840 2538 aliis
873 2482 1079 2536 malum
1103 2522 1118 2547 ,
1151 2481 1256 2537 sibi
1288 2490 1469 2536 autem
1503 2481 1705 2535 bonum
1740 2486 1823 2535 est
1848 2519 1863 2545 ,
1900 2494 1988 2534 se-

406 2578 586 2647 ipsum
615 2582 821 2639 tuetur,
847 2584 1011 2643 atque
1038 2573 1140 2627 hac
1164 2574 1374 2628 ratione
1398 2588 1513 2629 non.
1530 2586 1758 2643 prorsus
1785 2570 1987 2625 malum

408 2676 526 2723 est:
560 2680 686 2721 nam
715 2677 987 2735 quatenus
1024 2680 1082 2720 se
1114 2672 1320 2729 tuetur,
1356 2665 1563 2718 malum
1598 2679 1709 2718 non
1743 2670 1850 2719 est.
1887 2660 1985 2717 Sin

408 2766 591 2815 autem
621 2772 850 2828 prorsus
876 2756 1080 2811 malum
1106 2765 1225 2822 est,
1254 2757 1360 2812 sibi
1382 2770 1606 2827 quoque
1626 2763 1715 2810 est
1743 2755 1947 2810 malum
1970 2794 1987 2821 ,

409 2865 578 2922 seque
601 2849 908 2915 interimit,
938 2857 1103 2919 atque
1129 2848 1184 2903 in
1211 2848 1441 2903 nihilum
1465 2848 1631 2903 cedit.
1657 2846 1988 2917 Quanquam

409 2954 593 3000 autem
625 2944 680 2997 in
714 2943 941 2998 alterius
973 2941 1590 3013 quoquecorruptione
1620 2940 1851 2995 alterius
1891 2954 1988 3010 ge-

411 3035 630 3091 neratio
652 3044 770 3099 est,
802 3049 913 3089 non
945 3042 1129 3088 tamen
1160 3035 1445 3104 corruptio
1480 3046 1648 3087 causa
1680 3031 1989 3103 generatio-

410 3128 499 3181 nis
527 3137 650 3181 est:
686 3140 874 3181 verum
908 3124 1050 3180 Deus
1075 3139 1183 3195 pro
1216 3123 1488 3194 singulari
1519 3138 1618 3178 sua
1647 3122 1892 3177 bonitate
1922 3136 1990 3177 ex

410 3217 639 3272 alterius
673 3216 839 3271 etiam
890 3215 1249 3286 corruptione
1296 3214 1527 3269 alterius
1577 3214 1990 3285 generationem

412 3306 564 3362 facit.
602 3305 830 3360 Materia
861 3306 1009 3360 enim
1041 3320 1167 3375 qua:
1200 3319 1230 3357 a
1262 3305 1413 3359 bono
1446 3304 1522 3358 ita
1553 3314 1741 3359 creata
1770 3313 1855 3359 est
1878 3341 1894 3367 ,
1934 3312 1994 3358 ut

410 3396 515 3465 ipsi
548 3396 797 3461 subjecta
849 3395 954 3460 sit,
1007 3396 1150 3449 bona
1180 3404 1307 3449 est:
1340 3395 1618 3464 siquidem
1654 3410 1684 3448 a
1714 3393 1992 3464 principio

409 3496 611 3541 cuncta
642 3499 709 3538 ex
743 3483 921 3538 nihilo
950 3484 1016 3537 ad
1049 3483 1155 3537 hoc
1186 3493 1244 3536 ut
1273 3486 1379 3539 sint
1402 3523 1417 3548 ,
1450 3483 1731 3554 produxit.

482 3576 569 3630 58.
611 3575 762 3630 Idem
810 3573 1108 3629 secundum
1158 3575 1431 3630 rationem
1478 3574 1727 3628 eamdem
1764 3588 1873 3629 non
1906 3581 1992 3630 est

414 3671 617 3724 bonum
652 3676 707 3724 et
740 3667 948 3722 malum
988 3685 1001 3720 :
1034 3682 1211 3736 neque
1239 3667 1484 3737 ejusdem
1519 3667 1594 3722 rei
1626 3667 1910 3736 corruptio
1937 3674 1993 3721 et

412 3761 692 3832 generatio
727 3758 1029 3815 secundum
1064 3758 1310 3813 eamdem
1344 3758 1613 3813 rationem
1649 3758 1765 3828 ipsa
1814 3758 1992 3813 virtus

411 3864 497 3907 est
527 3860 580 3908 et
614 3862 856 3922 potestas
883 3867 901 3917 ;
931 3864 1033 3905 nec
1063 3849 1181 3919 ipsa
1207 3850 1385 3905 virtus
1413 3849 1698 3920 corruptio
1726 3849 1846 3919 ipsa
1869 3864 1993 3905 esse

414 3950 621 4013 potest.
672 3940 873 3994 Malum
910 3955 1010 3995 ncc
1040 3946 1156 4004 est,
1212 3953 1312 3992 nec
1343 3939 1549 3992 bonum
1581 3946 1701 4002 est,
1751 3953 1857 3993 nec
1901 3953 1991 3992 re-

416 4050 539 4089 rum
572 4033 755 4105 epil'ex
788 4043 909 4098 est,
949 4047 1051 4087 nec
1082 4031 1211 4087 boni
1246 4031 1452 4101 aliquid
1482 4032 1627 4088 valet
1655 4031 1891 4088 edicere.
1922 4032 1994 4086 At

417 4129 620 4182 bonum
642 4166 656 4187 .
690 4127 744 4179 in
771 4125 975 4195 quibus
1004 4125 1161 4195 plene
1187 4132 1241 4179 et
1266 4123 1506 4195 perfecte
1533 4124 1765 4180 insitum
1794 4124 1989 4188 fuerit,

417 4219 655 4287 perfecta
694 4233 917 4288 quoque
955 4217 1096 4271 bona
1130 4215 1337 4271 elﬁcit:
1376 4216 1433 4269 in
1470 4216 1676 4285 quibus
1706 4215 1890 4286 aliqua
1925 4231 1993 4271 ex

420 4319 572 4377 parte
591 4351 605 4375 ,
634 4309 895 4379 aliqualia
924 4325 939 4374 ;
974 4308 1027 4361 in
1058 4307 1261 4377 quibus
1292 4306 1533 4376 denique
1560 4306 1876 4361 nullatenus
1904 4305 1991 4360 in-

416 4401 491 4455 sit
512 4441 527 4465 ,
560 4416 663 4455 nec
695 4400 812 4469 ipsa
846 4405 1017 4463 sunt;
1052 4407 1107 4452 et
1136 4396 1276 4451 mala
1308 4410 1539 4465 prorsus
1563 4396 1844 4451 dicuntur.

484 4493 576 4547 59.
618 4491 930 4547 Fornicatio
959 4504 1065 4561 qua
1095 4491 1313 4544 ratione
1339 4489 1604 4559 appetitio
1623 4529 1638 4555 ,
1664 4498 1719 4545 et
1744 4489 1989 4543 amicitia

416 4597 470 4640 ct
497 4584 693 4655 copula
724 4592 839 4649 est,
876 4583 1081 4637 bonum
1112 4590 1235 4637 est:
1266 4589 1539 4650 quatenus
1562 4589 1745 4636 autem
1775 4581 1991 4651 cupidi-

420 4688 503 4731 tas
534 4683 619 4731 est
647 4675 827 4740 illius,
855 4673 1000 4744 quod
1030 4673 1253 4727 minime
1281 4678 1585 4742 congruat,
1616 4672 1875 4743 quodque
1904 4674 1992 4727 lex

419 4767 602 4821 uivina
633 4774 815 4830 vetet,
856 4766 1061 4819 malum
1090 4772 1195 4819 est.
1230 4762 1366 4817 Nam
1410 4764 1543 4819 illud
1578 4781 1686 4821 non
1727 4774 1812 4819 est
1846 4766 1992 4834 quod

421 4873 527 4911 non
556 4858 883 4926 imperatum
908 4895 923 4921 ,
962 4855 1057 4911 sed
1086 4855 1425 4925 prohibitum
1452 4864 1538 4910 est
1562 4896 1578 4920 ,
1609 4863 1668 4910 ut
1693 4857 1839 4927 quod
1872 4873 1997 4914 esse

421 4963 529 5002 non
566 4948 780 5003 debeat.
816 4947 936 5013 Quo
968 4946 1057 5010 ﬁt,
1111 4954 1172 4999 ut
1223 4946 1345 5015 ejus
1386 4946 1530 5016 quod
1580 4962 1690 5001 non
1738 4947 1847 5013 sit,
1898 4963 2002 5005 nec

425 5038 539 5093 lieri
572 5038 809 5102 debeat,
841 5039 1116 5109 cupiditas
1145 5038 1348 5091 malum
1376 5037 1471 5091 sit.

491 5127 581 5184 δυ.
622 5128 825 5183 Malum
854 5128 1051 5199 duplex
1083 5136 1168 5182 est
1194 5144 1207 5180 :
1242 5127 1472 5180 alterum
1504 5143 1634 5183 vere
1664 5131 1869 5185 malum
1890 5172 1905 5195 .
1934 5141 1998 5187 ut

372 5286 375 5287 ν
423 5239 450 5273 a
484 5221 717 5276 naturali
762 5220 950 5275 habitu
984 5228 1037 5276 et
1072 5226 1216 5275 statu
1260 5218 1542 5289 prolapsio
1577 5238 1591 5274 :
1627 5238 1645 5273 ι
1676 5220 1819 5279 Deus
1843 5225 1991 5278 enim

2017 4412 2065 4468 D

2088 1871 2187 1938 τῆς
2214 1866 2400 1927 οὐσίας
2430 1862 2538 1918 τῶν
2566 1861 2689 1916 καθ’
2711 1862 2856 1932 ὑμᾶς
2872 1859 3056 1931 ἀρχῶν
3071 1859 3263 1926 λέγετε
3289 1876 3304 1923 ;
3337 1859 3401 1911 Εἰ
3430 1860 3533 1928 μὲν
3555 1860 3669 1929 γὰρ

2087 1960 2153 2014 ὲκ
2182 1958 2281 2028 τῆς
2316 1956 2503 2018 οὐσίας
2558 1953 2737 2007 αὐτῶν
2787 1954 2891 2005 εἱσι
2918 1951 2985 2004 τὰ
3022 1950 3229 2012 πάντα,
3252 1951 3421 2019 ἀρχαὶ
3440 1949 3671 2019 ἄναρχοι

2088 2054 2215 2117 εἱσι,
2249 2050 2343 2103 καὶ
2399 2046 2576 2102 οὐδέν.
2620 2046 2687 2101 Εἰ
2732 2045 2791 2100 δὲ
2819 2043 3097 2115 κτίσματά
3134 2043 3297 2107 εἰσιν,
3328 2042 3425 2095 οὐκ
3457 2041 3525 2095 ἐκ
3562 2041 3670 2111 τῆς

2088 2138 2275 2203 οὐσίας
2294 2136 2475 2192 αὐτῶν
2510 2136 2639 2191 εἰσι.

2160 2406 2257 2471 νζ’.
2277 2404 2350 2458 Τὸ
2376 2402 2566 2467 κακὸν,
2603 2398 2780 2471 φθορὰ
2822 2397 2920 2452 καὶ
2965 2396 3195 2459 θάνατος
3215 2411 3229 2425 ο
3270 2394 3333 2447 τὸ
3356 2388 3447 2447 οὖν
3473 2392 3659 2457 κακὸν,

2090 2499 2139 2552 εἰ
2167 2498 2263 2567 μὲν
2290 2496 2470 2558 ἄλλοις
2502 2493 2687 2555 κακὸν,
2722 2490 2901 2561 ἑαυτῷ
2930 2489 2987 2542 δὲ
3039 2488 3266 2557 ἀγαθὸν,
3302 2489 3530 2556 αυνιστᾷ
3561 2485 3660 2555 μὲν

2089 2591 2252 2647 ἑαυτὸ
2284 2601 2332 2655 τ,
2362 2590 2423 2642 οὺ
2454 2586 2733 2648 παντελῶς
2754 2585 2811 2638 δὲ
2851 2583 3021 2637 κακόν
3050 2597 3064 2610 °
3095 2582 3322 2650 συνιστᾷ
3341 2579 3443 2648 γὰρ
3468 2576 3662 2643 ἑαυτὸ,

2090 2685 2185 2737 καὶ
2247 2680 2392 2736 κατὰ
2445 2680 2605 2735 τοῦτο
2643 2679 2743 2732 οὐκ
2783 2678 2898 2730 ἔστι
2958 2677 3149 2730 κακόν.
3183 2676 3252 2731 El
3292 2675 3347 2727 δὲ
3384 2671 3662 2735 παντελῶς

2090 2776 2280 2841 κακὸν,
2308 2774 2404 2828 καὶ
2439 2771 2616 2842 ἑαυτῷ
2652 2770 2852 2835 κακὸν,
2893 2768 3089 2822 ἑαυτοῦ
3148 2765 3508 2837 ἀναιρετικὸν,
3554 2763 3657 2817 καὶ

2090 2873 2458 2943 ἀνύπαρκτον.
2508 2866 2571 2920 Εἰ
2600 2868 2657 2921 δὲ
2686 2866 2783 2920 καί
2822 2866 2879 2917 ὲν
2910 2864 2977 2931 τῇ
3007 2860 3198 2932 ἐτέρου
3256 2859 3434 2929 φθορᾷ
3475 2858 3658 2928 ἑτέρου

2091 2964 2307 3033 γένεσις
2331 2962 2570 3030 γίνεται,
2594 2957 2693 3027 οὐχ
2718 2958 2753 3025 ἡ
2795 2952 2971 3024 φθορὰ
2996 2949 3264 3021 γενέσεώς
3296 2950 3446 3001 ἐστιν
3472 2948 3662 3011 αἰτιον,

2091 3054 2228 3110 ἀλλὰ
2258 3053 2323 3106 δι’
2349 3048 2655 3123 ὑπερϐολὴν
2708 3045 3068 3114 ἀγαθόνητος,
3114 3042 3209 3095 καὶ
3248 3042 3313 3093 ὲκ
3344 3041 3449 3108 τῆς
3472 3037 3665 3107 ἐτέρου

2091 3147 2322 3218 φθορᾶς,
2352 3143 2540 3213 ἑτέρου
2598 3137 3002 3209 κατεργάζεται
3058 3134 3295 3203 γένεσιν.
3335 3130 3401 3183 Ἦ
3428 3129 3539 3198 γὰρ
3568 3127 3665 3196 ὖέαι

2092 3238 2403 3310 ὑποχείριος
2422 3233 2504 3304 τῷ
2548 3230 2760 3301 ἀγαθῷ,
2806 3229 2901 3282 ὑπ’
2927 3225 3094 3283 αὖτοῦ
3142 3223 3413 3310 γενομένη
3442 3219 3663 3310 ἀγαθή-θ

2091 3331 2185 3385 καὶ
2351 3327 2415 3378 ὲκ
2452 3322 2546 3376 τοῦ
2600 3321 2675 3392 μὴ
2728 3319 2879 3383 ὄντος
2926 3318 3007 3380 είς
3053 3314 3115 3368 τὸ
3158 3308 3301 3366 εἶναι
3337 3312 3395 3363 ὲν
3425 3310 3566 3377 ἀρχῇ
3597 3306 3666 3359 τὰ

2091 3421 2270 3474 πάντα
2300 3416 2642 3487 παρήγαγεν.
2814 3472 2817 3475 γ
2895 3402 2909 3414 ’

2155 3606 2256 3669 νην.
2288 3597 2403 3651 Οὐκ
2423 3572 2537 3649 seu
2586 3592 2648 3647 τδ
2708 3588 2841 3644 αὐτὸ
2870 3585 3009 3641 κατὰ
3058 3583 3122 3636 τι
3143 3580 3295 3643 αὐτὸ,
3341 3575 3532 3669 ἀγαθὸν
3554 3570 3661 3669 κα).

2093 3663 2261 3744 κακὸν
2285 3705 2298 3719 ’
2335 3686 2456 3740 οὐδὲ
2485 3683 2577 3738 τοῦ
2606 3680 2770 3736 αὐτοῦ
2829 3676 3007 3747 φθορὰ
3058 3673 3158 3727 καὶ
3183 3672 3417 3739 γένεσις,
3447 3668 3482 3737 ἡ
3510 3663 3661 3733 αὐτὴ

2092 3781 2235 3837 κατὰ
2264 3780 2324 3833 τὸ
2376 3776 2508 3831 αὐτὸ
2554 3774 2805 3842 δύναμις.
2867 3766 2993 3821 οὔτε
3029 3765 3089 3817 τὸ
3124 3762 3259 3817 αὐτὸ
3303 3760 3523 3827 δύναμις
3550 3767 3575 3793 9
3626 3755 3668 3824 ἡ

2094 3870 2421 3942 αὐτοφθορά.
2477 3867 2552 3921 Τὸ
2574 3865 2672 3937 μὲν
2692 3863 2783 3916 οὖν
2811 3859 3001 3924 κακὸν,
3029 3856 3156 3909 οὔτε
3176 3854 3257 3917 ὃν,
3283 3852 3409 3942 οὔτε
3439 3846 3667 3915 ἀγαθὸν,

2092 3965 2217 4021 οὔτε
2243 3941 2645 4032 γενεσιουργὸν,
2672 3952 2794 4006 οὔτε
2817 3949 3006 4014 ὅντων,
3034 3944 3155 3999 οὔτε
3196 3941 3419 4011 ἀγαθῶν
3452 3955 3669 4032 ποιητι-

2093 4057 2189 4111 κόν
2222 4058 2241 4091 ι
2260 4029 2284 4083 ⁷·
2314 4052 2377 4104 τὸ
2404 4050 2463 4102 δὲ
2495 4045 2720 4115 ἀγαθὸν,
2773 4042 2832 4095 ὲν
2885 4035 2969 4102 οἷς
3007 4038 3106 4108 μὲν
3137 4036 3204 4090 ἂν
3255 4034 3482 4094 τελείως
3503 4029 3672 4097 ἐγγέ-

2095 4162 2274 4217 νηται,
2308 4141 2488 4195 τέλεια
2510 4134 2690 4205 ἀγαθὰ
2712 4129 3116 4217 ἀποδείκνυσιν,
3146 4127 3203 4217 ἐν
3220 4120 3301 4187 οἷς
3397 4120 3671 4217 iam???

2098 4209 2330 4308 μερικάο
2365 4231 2424 4282 ὲν
2460 4220 2542 4290 οἷς
2577 4225 2634 4277 δὲ
2664 4220 2930 4293 μηδόλως,
2968 4216 3092 4270 οὔτε
3131 4216 3259 4279 εἰσὶ,
3293 4214 3387 4266 καὶ
3408 4210 3558 4265 κακὰ
3584 4209 3677 4263 Li-

2095 4342 2284 4400 γονται
2313 4316 2591 4379 παντελῶς
2614 4313 2714 4386 (ἢν

2166 4505 2263 4560 νῦν,
2296 4500 2361 4554 Ἦ
2392 4493 2640 4567 πορνεία,
2670 4489 2807 4544 καθὸ
2840 4488 2939 4559 μὲν
2968 4486 3174 4555 ἔφεσις,
3226 4484 3320 4535 καὶ
3364 4481 3540 4551 φιλία,
3579 4482 3676 4534 καὶ

2096 4597 2310 4655 ἓνωσις,
2338 4586 2542 4656 ἀγαθόν
2562 4600 2575 4614 ⁸
2608 4581 2746 4636 καθὸ
2777 4580 2835 4634 δὲ
2885 4576 2979 4630 τοῦ
3028 4576 3104 4647 μὴ
3133 4574 3438 4642 ὀφείλοντος
3458 4574 3555 4624 καὶ
3580 4572 3679 4624 τοῦ

2098 4679 2548 4755 ἀπηγορευμένου
2571 4674 2777 4744 ἔφεσις,
2826 4669 2996 4723 κακόν
3019 4683 3032 4696 ·
3071 4667 3132 4718 τὸ
3167 4664 3279 4733 γὰρ
3317 4664 3392 4755 μὴ
3417 4662 3681 4755 ἐντεταλ-

2103 4752 2285 4848 μένον,
2316 4770 2428 4825 ἀλλ’
2449 4761 2922 4838 ἀπηγορευμένον,
2955 4759 3057 4813 οὐκ
3095 4757 3177 4820 ὃν,
3200 4756 3275 4817 ὡς
3310 4754 3385 4823 μὴ
3416 4752 3643 4848 ὀφεῖλον
3662 4767 3675 4779 ο

2098 4842 2178 4922 διὸ
2198 4860 2466 4933 καὶήτοῦ
2530 4857 2606 4929 μὴ
2646 4855 2819 4918 ὸντος,
2875 4850 3012 4922 μηδὲ
3059 4847 3364 4918 ὀφείλοντος
3413 4842 3680 4913 γενέσθαι

2098 4960 2302 5028 ἔφεσις,
2321 4950 2512 5007 κακόν.

2166 5132 2230 5198 ξ’.
2264 5128 2339 5182 Τὸ
2370 5124 2559 5186 κακὸν,
2605 5120 2816 5174 διττόν’
2860 5117 2922 5172 τὸ
2947 5116 3046 5187 μὲν
3092 5117 3159 5185 τῇ
3210 5110 3437 5181 ἀληθεία
3477 5108 3670 5171 κακὸν,

2098 5226 2175 5289 ὡς
2199 5225 2234 5295 ἡ
2261 5220 2369 5275 τῶν
2396 5213 2644 5288 φυσικῶν
2668 5213 2836 5278 ἕξεων
2852 5210 3193 5271 ἁπόπτωσις.
3230 5224 3250 5257 ι
3301 5204 3362 5258 '0
3394 5203 3507 5274 γὰρ
3535 5202 3672 5263 Θεὸς

1765 5338 2003 5398 VARUE
2043 5336 2449 5398 LECTIONES.

492 5437 522 5479 ἰ
563 5428 726 5484 Basil.
762 5428 854 5481 καὶ
882 5429 913 5496 ἡ
943 5426 1215 5497 γέννησις.

1336 5436 1358 5463 τ
1397 5425 1542 5481 Edit.
1572 5426 1755 5481 ὲυατό.
1831 5436 1853 5465 ⁸
1887 5429 2055 5488 Basil.
2092 5438 2147 5489 et
2185 5426 2409 5485 Leuncl.
2447 5420 2834 5491 αὐτοδὺναμος.

2935 5417 2953 5452 ί
2978 5412 3143 5471 Basil.
3186 5408 3615 5481 ἀγαθοποιητικι

1890 5581 2119 5642 ΝΟΤᾸΖ.

494 5665 578 5735 (3)
615 5664 821 5720 Textus
856 5667 945 5721 hic
970 5667 1351 5723 subobscurus
1384 5678 1491 5725 est.
