3962 6202
334 288 475 356 1553

1325 289 1707 350 DIAILOGUS
1754 286 2053 349 CONTRA
2097 286 2575 353 MANICH/EOS.

3462 291 3601 359 1554

335 399 563 469 ἐποίησε
587 397 680 455 τὸν
710 394 996 466 ἄνθρωπον
1032 396 1191 466 εὐθῆ,
1242 398 1397 452 αὐτοὶ
1434 397 1492 451 δὲ
1538 398 1813 473 ἐζήτησαν
1836 397 1924 449 λοι

2050 398 2157 451 ecit
2195 398 2474 453 hominem
2516 407 2762 465 rectum;
2798 400 2899 469 ipsi
2937 416 3064 457 vero
3082 404 3418 473 quiesierunt
3451 406 3598 473 cogi-

337 494 572 562 γισμοὺς
603 488 835 552 πολλούς
868 507 882 520 ·
919 490 1110 561 ἕτερον
1132 490 1191 543 δὲ
1235 490 1402 543 κακὸν
1435 490 1677 557 λέγεται,
1708 487 1770 540 τὸ
1800 486 1920 541 κατ’

335 582 608 651 αἴσθησιν,
638 580 717 644 ὡς
739 581 795 633 αἱ
817 579 1045 649 θλίψεις,
1066 581 1121 632 αἱ
1142 579 1282 633 κατά
1310 583 1437 643 τοὺς
1462 576 1808 649 πειρασμούς
1828 593 1840 605 ·
1863 576 1925 628 τὸ

342 675 442 743 γὰρ
465 673 562 740 τῆς
586 671 783 735 κακίας
802 671 971 741 ὄνομα
984 669 1272 740 ὁμώνυμόν
1289 673 1429 723 ἐστι.
1458 670 1563 723 Δύο
1578 669 1685 739 γὰρ
1722 665 1925 736 σημαί-

338 780 415 816 νει
436 780 449 793 ο
477 764 606 815 ποτὲ
642 762 744 832 μὲν
761 761 869 832 γὰρ
890 760 1149 830 σημαίνει
1165 760 1261 828 τὴν
1282 759 1384 828 τῆς
1402 760 1600 829 ἀρετῆς
1632 758 1891 827 στέρησιν
1908 770 1923 785 ⁶

340 855 469 907 ποτὲ
496 854 552 907 δὲ
582 854 682 923 τὴν
713 852 815 923 τῆς
837 853 1034 921 χαρᾶς,
1059 850 1307 903 τουτέστι
1336 848 1428 902 τοῦ
1446 848 1713 917 ὲπιθυμου
1722 846 1886 917 μένου
1910 859 1923 875 ·

341 947 374 1015 ἡ
395 945 492 1014 μὲν
516 943 624 1013 γάρ
647 943 877 1015 πορνεία
890 941 1043 996 οὐδὲν
1073 940 1261 1009 ἕτερόν
1283 941 1451 1002 ἐστιν,
1472 939 1518 990 εἰ
1552 937 1626 1008 μὴ
1646 935 1929 1008 σωφροσύο

340 1051 440 1105 νης
485 1034 759 1103 στέρησις,
788 1033 883 1086 καὶ
939 1030 1323 1101 κακὴλχρῆσις.
1363 1029 1509 1080 Ἀντὶ
1539 1027 1646 1098 γὰρ
1663 1026 1757 1079 τοῦ
1787 1027 1928 1094 ἁγα-

344 1128 516 1194 πῆσαι
545 1124 637 1177 καὶ
659 1123 883 1193 μιγῆναι
913 1122 991 1184 είς
1022 1119 1083 1173 τὸ
1136 1118 1268 1171 ἴδιον
1312 1116 1525 1180 σκεῦος,
1544 1115 1798 1169 ,τουτέστι
1826 1114 1928 1183 τὴν

350 1217 484 1270 ἰδίαν
541 1217 794 1283 γυναῖκα,
827 1213 1018 1282 ἀγαπᾷ
1047 1210 1142 1265 καί¹
1177 1209 1432 1282 μίγνυται
1456 1211 1535 1279 τῇ
1552 1206 1827 1277 ἀλλοτρίᾳ.
1866 1206 1930 1260 'll

348 1305 596 1369 ἀπιστία,
632 1305 751 1357 ἀντὶ
774 1303 867 1356 τοῦ
903 1300 1193 1355 πιστεῦσαι
1220 1301 1314 1353 καὶ
1336 1299 1624 1367 ἀγαπῆσαι
1656 1297 1747 1349 τὸν
1769 1296 1930 1364 φύσει

348 1397 503 1463 Θεὸν,
558 1394 812 1448 πιστεύει
862 1393 939 1465 τῷ
988 1395 1065 1465 μὴ
1122 1393 1240 1446 ὄντι
1278 1390 1416 1462 Θεῷ.
1473 1390 1646 1443 Τοῦτο
1682 1388 1775 1442 οὖν
1814 1389 1930 1440 ἐστι

350 1487 540 1550 κακία,
570 1487 630 1540 τὸ
666 1485 743 1557 τῷ
776 1487 852 1557 μὴ
904 1485 1019 1538 ὅντι
1072 1483 1148 1545 ὡς
1181 1483 1295 1536 ὄντι
1334 1480 1640 1553 χρήσασθαι
1664 1495 1679 1510 ο
1734 1479 1796 1533 τὸ
1854 1481 1931 1551 μὴ

350 1578 610 1648 παρέχειν
638 1578 853 1648 ἑκάστῳ
891 1576 961 1630 τὰ
989 1577 1099 1631 ἴδια
1118 1592 1131 1605 ·
1168 1575 1276 1627 ἴδια
1316 1574 1532 1643 ἑκάστῳ
1562 1571 1633 1625 τά
1667 1571 1771 1624 ὑπὸ
1797 1569 1930 1624 Θεοῦ

349 1672 665 1741 ὁριζόμενα.
702 1669 861 1722 Ἵδιον
911 1670 1008 1740 μὲν
1041 1667 1199 1730 Θεοῦ,
1230 1668 1264 1737 ἠ
1298 1665 1425 1729 δόξα
1467 1666 1565 1718 καὶ
1608 1666 1642 1735 ἡ
1674 1662 1829 1734 τιμὴ,
1857 1662 1932 1725 ὡς

2028 489 2269 543 tationes
2305 488 2505 543 multas
2546 488 2630 553 ¹⁹;
2666 507 2683 539 ι
2716 490 2951 543 alterum
2989 507 3187 547 sensus
3223 492 3399 546 nostri
3433 506 3599 545 causa

2032 578 2109 632 ita
2146 578 2478 648 appellatur,
2508 588 2567 633 ut
2602 580 2947 635 calamitates
2999 583 3199 650 quibus
3233 584 3288 636 in
3342 583 3601 637 tentatio-

2032 669 2197 723 nibus
2229 668 2519 724 aﬂicimur.
2551 669 2689 723 Mali
2712 670 2857 725 enim
2891 671 3218 724 vocabulum
3255 687 3453 742 anceps
3479 680 3562 727 est
3585 712 3601 737 ,

2030 757 2182 826 quod
2233 758 2372 812 duas
2412 759 2847 829 significationes
2888 759 3079 815 habet.
3128 759 3407 815 Interdum
3456 762 3602 815 enim

2031 848 2293 915 virtutis,
2327 850 2599 903 interdum
2634 850 2859 920 gaudii,
2889 852 2994 906 hoc
3048 858 3133 907 est
3182 851 3261 906 rei
3312 855 3602 921 expetita‘,

2033 940 2402 1009 privationem
2440 940 2667 996 indicat.
2700 940 3018 995 Fornicatio
3070 943 3220 997 enim
3272 943 3409 996 nihil
3458 944 3605 997 aliud

2030 1034 2153 1091 est,
2190 1042 2354 1096 quam
2388 1029 2668 1097 pudicitize
2704 1030 2938 1098 privatio
2988 1037 3042 1084 et
3090 1031 3396 1101 ﬂagitiosus
3448 1049 3603 1088 usus.

2030 1115 2166 1169 Nam
2199 1130 2300 1186 pro
2328 1115 2486 1187 451
2518 1132 2585 1171 eo
2616 1118 2760 1188 quod
2787 1117 3061 1188 quispiam
3107 1134 3204 1173 vas
3255 1136 3453 1185 suum,
3503 1121 3607 1176 hoc

2030 1215 2117 1262 est
2145 1224 2375 1263 uxorem
2425 1225 2581 1263 suam
2630 1225 2848 1276 amare,
2900 1210 3059 1280 eique
3107 1212 3327 1266 misceri
3374 1213 3603 1277 debeat,

2032 1297 2271 1352 alienam
2303 1298 2549 1367 deperit.
2597 1308 2762 1371 atque
2815 1301 2881 1355 ad
2930 1317 3048 1356 eam
3106 1303 3340 1357 accedit.
3401 1304 3606 1359 Eodem

2032 1391 2198 1445 modo
2221 1389 2522 1444 inﬁdelitas
2574 1402 2689 1444 tum
2743 1390 3117 1457 contrahitur,
3153 1408 3276 1446 cum
3335 1395 3458 1464 quis
3511 1410 3613 1463 pro

2033 1495 2114 1536 eo-
2136 1489 2300 1551 atque
2326 1483 2378 1537 ei
2409 1483 2501 1552 qui
2536 1491 2734 1536 natura
2767 1482 2912 1538 Deus
2942 1492 3027 1539 est
3055 1524 3069 1549 ,
3104 1485 3364 1553 credere,
3401 1487 3613 1556 ipsum-

2035 1588 2141 1642 que
2172 1587 2359 1628 amare
2386 1573 2621 1639 debeat,
2654 1573 2731 1627 illi
2778 1574 2873 1644 qui
2925 1573 3068 1629 Deus
3101 1590 3210 1629 non
3244 1584 3328 1630 est
3350 1616 3364 1640 ,
3413 1579 3613 1631 credit.

2037 1665 2096 1717 In
2127 1663 2234 1717 hoc
2261 1678 2394 1733 ergo
2427 1664 2633 1717 malum
2668 1664 2834 1718 situm
2873 1672 2989 1730 est,
3027 1680 3149 1719 cum
3196 1667 3321 1736 quis
3367 1682 3431 1721 eo
3466 1668 3614 1737 quod

349 1761 681 1833 Δημιουργῷ
722 1761 1039 1831 πρέπουσα·
1078 1759 1210 1813 ἴδιον
1247 1759 1304 1812 δὲ
1352 1757 1460 1811 τῶν
1509 1755 1847 1826 κτισμάτων,
1869 1753 1930 1806 τὸ

2050 1768 2141 1807 ton
2172 1761 2287 1813 est.
2327 1761 2589 1825 tanquam
2626 1755 2695 1809 sit
2729 1756 2948 1811 utitur:
2985 1771 3109 1810 cum
3139 1774 3245 1811 non
3278 1757 3577 1828 unicuique
3599 1799 3613 1822 ,

354 1853 578 1923 μέτρον,
619 1853 647 1905 ὂ
675 1853 891 1921 ἑκάστῳ
914 1851 1113 1923 ὥρισεν
1142 1853 1170 1904 0
1204 1850 1264 1904 τὸ
1297 1844 1437 1903 εἶναι
1462 1848 1605 1911 δούς.
1655 1846 1769 1915 Ἐφ’
1798 1848 1928 1916 mutu

351 1945 410 1997 δέ
441 1946 591 1997 ἐστιν
636 1942 670 2014 ἢ
717 1943 1026 2014 χρήσασθαι
1056 1944 1168 2006 τοῖς
1199 1941 1431 1996 δοθεῖσιν
1469 1942 1600 2010 ἡμῖν
1632 1938 1736 1992 ὐπὸ
1768 1934 1926 2002 Θεοῦ,

353 2034 440 2105 ἐφ’
475 2029 519 2103 ᾧ
547 2035 797 2099 δέδωκεν,
826 2034 859 2106 ἢ
910 2036 985 2105 μή
1006 2051 1021 2065 ο
1071 2028 1206 2097 οἷον,
1233 2032 1431 2086 ἔδωκεν
1463 2033 1595 2102 ἡμῖν
1632 2029 1693 2082 τὸ
1740 2026 1930 2080 ἐπιθυ-

358 2127 607 2198 μητικὸν,
631 2126 720 2180 ἵνα
756 2124 1114 2197 ὲπιθυμῶμεν
1144 2123 1308 2178 αὐτοῦ
1344 2122 1505 2193 μόνου
1540 2119 1767 2189 ἀγαθοῦ.
1802 2118 1928 2170 Ἐάν

356 2218 446 2271 ἐπὶ
476 2219 649 2288 τούτῳ
672 2216 1010 2289 χρησώμεθα
1029 2218 1095 2287 τῇ
1124 2214 1413 2286 ἐπιθυμίᾳ,
1436 2212 1606 2285 ἀρετὴ
1629 2212 1724 2265 καὶ
1738 2207 1922 2263 καλόνσ

2030 1847 2178 1917 quod
2208 1862 2367 1902 suum
2403 1854 2523 1913 est,
2565 1848 2778 1903 tribuit.
2821 1847 3283 1921 Uniuscujusque
3325 1851 3611 1921 proprium

2031 1938 2166 1992 illud
2198 1946 2315 2005 est,
2347 1939 2495 2009 quod
2546 1954 2575 1992 a
2625 1939 2733 1994 Deo
2765 1938 3105 1995 decernitur.
3135 1924 3213 1995 Ac
3251 1940 3360 1996 Deo
3390 1941 3612 2011 quidem

2030 2029 2315 2099 proprium
2344 2037 2429 2083 est
2454 2031 2622 2100 gloria
2652 2042 2703 2085 et
2732 2031 2925 2086 honor.
2955 2030 3087 2085 Nam
3116 2032 3230 2087 hinc
3257 2032 3342 2097 ei,
3372 2043 3430 2087 ut
3454 2032 3617 2088 Crea-

2033 2121 2178 2187 tori,
2234 2124 2595 2176 conveniunt.
2653 2122 2945 2193 Proprium
2997 2131 3183 2180 autem
3234 2132 3615 2179 creaturarum

2031 2218 2149 2277 est,
2188 2227 2451 2268 mensura
2486 2212 2610 2277 illa,
2642 2229 2805 2283 quam
2842 2213 3041 2284 cuique
3080 2214 3161 2268 rei
3210 2213 3356 2270 Deus
3404 2212 3616 2268 consti-

357 2309 407 2361 εί
437 2308 493 2362 δὲ
520 2307 705 2378 ἕτερόν
729 2324 782 2360 τι
825 2307 955 2377 παρ’
996 2306 1159 2360 αὐτὸν
1205 2305 1603 2375 ἀγαπήσωμεν,
1671 2300 1773 2353 οὐκ
1814 2297 1929 2352 ἔστι

2050 2306 2149 2358 luit
2169 2347 2183 2371 ,
2209 2305 2302 2375 qui
2328 2306 2493 2362 etiam
2520 2306 2814 2375 ipsummet
2836 2321 2961 2363 esse
2979 2306 3149 2362 dedit.
3178 2307 3344 2377 Atqui
3372 2306 3428 2361 in
3459 2304 3616 2360 nobis

360 2400 575 2472 κρῆσις,
644 2398 782 2452 ἀλλά
830 2399 1198 2471 παράχρησις.
1248 2396 1341 2461 Εἰς
1402 2394 1536 2450 αὐτὸ
1602 2393 1712 2464 γὰρ
1772 2391 1933 2445 τοῦτο

2050 2397 2205 2451 situm
2236 2405 2321 2450 est
2348 2394 2437 2451 bis
2458 2435 2473 2462 ,
2502 2408 2630 2467 qua:
2659 2396 2822 2451 nobis
2856 2410 2886 2450 a
2916 2396 3027 2452 Deo
3059 2411 3325 2452 concessa
3360 2403 3523 2460 sunt,
3551 2394 3618 2449 ad

360 2491 615 2561 εποίησεν
643 2492 814 2561 ημᾶς,
879 2491 966 2544 ἵνα
1029 2488 1347 2560 μετέχωμεν
1386 2485 1553 2542 αὐτοῦ
1599 2483 1934 2555 ἐπιθυμοῦν-

2050 2487 2197 2541 illum
2240 2486 2404 2543 linem
2439 2488 2518 2542 uti
2543 2529 2558 2554 ,
2592 2488 2658 2542 ad
2688 2504 2849 2560 quem
2885 2504 3149 2546 concessa
3182 2499 3333 2546 sunt.
3369 2491 3619 2560 Exempli

341 2597 473 2645 τες.
2045 2578 2253 2648 gratia,
2285 2578 2576 2649 appetendi
2629 2578 2950 2636 facultatem
3000 2581 3160 2637 nobis
3195 2582 3402 2637 idcirco
3428 2582 3618 2648 dedit,

364 2684 422 2729 ut
449 2676 667 2746 ipsum,
703 2677 799 2746 qui
830 2677 986 2732 solus
1033 2676 1215 2731 bonus
1268 2680 1387 2738 est,
1439 2671 1928 2741 concupiscamus.
1968 2667 2161 2741 Itaque
2230 2670 2275 2724 si
2343 2671 2590 2740 appetitu
2637 2671 2705 2725 ad
2758 2687 2884 2727 eum
2932 2673 3093 2727 tinem
3143 2681 3396 2736 utamur,
3441 2673 3622 2727 virtus

361 2775 449 2823 est
489 2774 543 2821 et
588 2767 831 2832 bonum;
888 2766 974 2818 sin
1007 2763 1155 2817 aliud
1190 2762 1475 2832 quidpiam
1509 2770 1705 2830 praeter
1736 2774 1859 2813 eum
1897 2773 2148 2813 amamus
2171 2796 2187 2822 ,
2231 2758 2344 2826 jam
2376 2774 2487 2813 non
2520 2767 2605 2813 est
2634 2775 2791 2827 usus,
2826 2761 2922 2816 sed
2955 2761 3182 2819 abusus.
3228 2762 3288 2816 In
3331 2762 3436 2819 hoc
3473 2763 3618 2818 enim

366 2871 473 2911 nos
507 2855 758 2910 condidit
782 2894 798 2918 ,
831 2862 892 2908 ut
922 2854 1104 2924 ipsum
1130 2861 1492 2923 expetamus,
1528 2866 1703 2919 eoque
1736 2848 1975 2917 impletis
2013 2849 2155 2905 votis
2185 2847 2456 2904 fruamur.

437 2943 675 3012 £a'.'Hv,
698 2948 884 3016 φησιν,
907 2950 941 3016 ἡ
969 2945 1071 3016 ὓλη
1091 2946 1345 3023 ἄναρχος,
1370 2943 1687 3014 ἀγέννητος,
1706 2945 1763 2995 ἐν
1785 2942 1937 3004 ἰδίοις

2114 2941 2204 2995 61.
2263 2943 2419 3007 Erat,
2477 2939 2774 3011 inquiunt,
2809 2943 3039 3001 materia
3090 2946 3348 3018 principii
3400 2962 3621 3017 expers,

365 3036 532 3107 ὅροις,
555 3036 641 3088 ἀεὶ
672 3036 922 3097 ἀτάκτως
944 3016 1259 3105 κινουμένη,
1278 3016 1381 3087 ἀεὶ
1428 3035 1596 3103 ἑαυτῇ
1635 3031 1940 3102 μαχομένη,

2050 3033 2313 3105 ingenita,
2341 3033 2397 3086 in
2426 3033 2545 3088 suis
2578 3034 2777 3090 tinibus
2811 3016 3128 3092 inordinate
3157 3016 3371 3108 semper
3397 3016 3619 3110 agitata,

367 3125 466 3178 καὶ
516 3125 715 3195 ἑαυτὴν
764 3124 1149 3180 ἀναλίσκουσα.
1172 3120 1282 3178 Ἦν
1311 3124 1390 3188 δὲ,
1433 3124 1591 3193 φησὶ,
1627 3123 1720 3175 καὶ
1763 3123 1791 3175 ὁ
1816 3121 1948 3185 Θεὸς

368 3217 427 3269 ὲν
454 3216 606 3280 ἰδίοις
628 3217 800 3287 ὄρως,
831 3217 1066 3285 ἄναρχος
1088 3256 1104 3281 ,
1144 3217 1460 3286 ἀγέννητος,
1491 3216 1684 3281 ἀΐδιος,
1722 3214 1948 3284 ἀσώμα-

367 3324 481 3371 τος,
503 3307 625 3371 ὅλος
674 3306 824 3375 φῶς·
891 3307 1008 3361 ἀλλ’
1069 3309 1103 3377 ἡ
1158 3305 1282 3376 ὕλη,
1326 3306 1512 3377 φησὶν,
1557 3305 1808 3368 ἀτάκτως
1854 3304 1949 3358 καὶ

371 3397 581 3466 ἀλόγως
621 3398 939 3468 κινουμένη,
982 3399 1080 3452 ἰπὶ
1105 3397 1173 3451 τὰ
1199 3396 1291 3451 τοῦ
1327 3396 1461 3450 Θεοῦ
1506 3398 1629 3468 ὅρια
1654 3392 1808 3467 ἦλθε.
1836 3398 1949 3451 Καὶ

373 3487 703 3558 θαυμάσασα
734 3488 794 3542 τὸ
831 3486 924 3541 τοῦ
963 3487 1097 3541 Θεοῦ
1130 3487 1268 3557 φῶς,
1293 3488 1393 3558 τῆς
1426 3487 1527 3556 μὲν
1573 3487 1709 3553 πρὸς
1744 3487 1944 3559 ἑαυτὴν

377 3579 557 3649 μάχης
608 3579 882 3633 ἐπαύσατο
917 3595 929 3608 ·
966 3578 1047 3649 τῷ
1099 3578 1158 3631 δὲ
1201 3580 1342 3647 φωτὶ
1376 3578 1602 3632 ἐπέθετο
1644 3580 1946 3650 μαχομένη,

374 3669 450 3733 ὡς
498 3672 594 3723 καὶ
641 3671 806 3741 μέρος
863 3670 1027 3723 αὐτοῦ
1060 3672 1306 3741 ἁρπάσαι
1349 3670 1428 3733 εις
1457 3670 1689 3739 ἑαυτήν·
1717 3670 1812 3722 καὶ
1842 3670 1951 3739 γὰρ

376 3759 665 3829 ἄρχοντας,
697 3760 773 3821 ὡς
801 3760 894 3812 ἐπὶ
924 3761 1311 3831 κεκρυμμένου
1358 3759 1635 3831 βασιλείου
1672 3759 1771 3831 τὴν
1817 3760 1951 3824 ὓλην

377 3850 521 3919 ἔχειν
570 3848 1025 3913 διαϐεϐαιοῦνται,
1052 3850 1145 3913 οὓς
1176 3851 1272 3904 και)¹
1299 3849 1789 3920 κοσμοκράτορας
1843 3850 1953 3904 τοῦ

379 3942 645 4006 σκότους
671 3980 685 4003 ,
742 3942 837 3994 καὶ
897 3942 1207 4010 πνεύματα
1277 3939 1385 4009 τῆς
1453 3943 1747 4011 πονηρίας
1814 3938 1954 3997 εἷναι

381 4029 671 4097 φάσκουσιι
718 4029 1071 4100 Συνεχώρησε
1124 4029 1203 4093 δὲ,
1263 4030 1448 4099 φησὶν,
1494 4031 1523 4083 0
1570 4030 1774 4098 ἀγαθὸς
1800 4031 1952 4097 Θεὸς,

382 4119 549 4190 μέρος
572 4119 764 4172 ἑαυτοῦ
794 4121 886 4173 ὑπ’
925 4120 1097 4189 αὐτῆς
1127 4120 1408 4191 ἁρπασθὲν
1432 4121 1783 4191 αἰχμάλωτον
1813 4124 1957 4192 γενέ-

383 4209 531 4275 σθαι,
583 4212 733 4273 ὅπως
784 4211 955 4281 αὐτὴν
1000 4210 1319 4282 περιγράψῃ
1366 4213 1462 4265 καὶ
1519 4214 1813 4287 περιορίσῃ
1860 4214 1955 4268 τοῦ

385 4299 462 4370 μὴ
494 4301 805 4369 περαιτέρω
839 4299 1155 4370 προϐαίνειν
1179 4300 1347 4362 εἰς’τά
1376 4301 1568 4354 ἑαυτοῦ
1598 4303 1741 4371 ὅρια.

454 4391 517 4444 El
547 4392 801 4460 ἄναρχος,
828 4391 1143 4460 ἀγέννητος,
1189 4391 1502 4462 ἀσώματος,
1551 4393 1762 4461 ἄποιος,
1790 4395 1959 4467 ἀόρα-

382 4499 475 4546 τος
502 4482 631 4551 ὕλη,
653 4481 857 4551 ὁμοίως
885 4482 979 4534 κα)⁸
1006 4485 1034 4535 0
1066 4483 1268 4552 ἀγαθὸς
1292 4484 1444 4550 Θεὸς,
1480 4486 1545 4537 ὲκ
1577 4485 1634 4537 δὲ
1654 4486 1754 4556 τῆς
1773 4488 1959 4552 οὐσίας

384 4570 651 4625 αὐτῶντά
692 4572 890 4637 πάντα,
940 4572 1058 4635 πῶς
1101 4573 1335 4644 ὁρῶνται
1376 4574 1447 4627 τά
1477 4574 1537 4638 ἐξ
1573 4575 1751 4629 αὐτῶν
1810 4579 1963 4646 γενό-

389 4681 566 4735 μενα;
614 4666 674 4718 τὸ
724 4664 834 4736 γὰρ
892 4664 952 4729 ἐξ
1003 4666 1295 4736 ἀσωμάτου
1348 4668 1443 4721 καὶ
1492 4668 1729 4739 ἀοράτου
1773 4671 1962 4734 οὐσίας

387 4755 816 4825 προερχόμενον,
874 4754 1169 4825 ἀσώματον
1204 4757 1423 4820 πάντως
1478 4758 1630 4814 ἔσται
1665 4762 1760 4815 καὶ
1792 4761 1960 4834 ἀόρα-

385 4862 499 4899 τον.
535 4848 646 4899 Καὶ
676 4846 782 4914 πρὸ
810 4844 1004 4900 τούτου
1038 4863 1054 4879 ·
1093 4850 1141 4901 εί
1164 4848 1259 4902 καὶ
1281 4852 1336 4903 αἱ
1357 4850 1450 4903 δύο
1488 4850 1686 4917 οὐσίαι,
1713 4854 1958 4924 ἄναρχοι,

388 4937 487 4990 καὶ
505 4936 810 5007 ἀγέννητοι,
842 4940 939 4993 καὶ
977 4939 1158 5003 ἀΐδιοι,
1200 4939 1259 5006 ἐξ
1301 4939 1479 4995 αὐτῶν
1502 4942 1557 4996 δέ
1581 4943 1746 5012 ἔσμεν
1780 4946 1960 5015 ἡμεῖς,

386 5033 491 5085 οὐκ
515 5032 583 5084 ἐκ
610 5031 704 5083 τοῦ
754 5030 829 5102 μὴ
886 5031 1039 5092 bino;
1085 5033 1165 5094 εἰς
1206 5031 1269 5084 τὸ
1300 5028 1437 5086 εἶναι
1475 5033 1567 5085 ὐπ’
1604 5035 1784 5087 αὐτῶν
1821 5053 1963 5107 παρ-

388 5122 671 5195 αχθέντες,
731 5122 848 5177 ἀλλ’
905 5124 971 5175 ἐκ
1010 5122 1107 5192 τῆς
1138 5123 1326 5186 οὐσίας
1353 5123 1554 5186 αὐτῶν,
1604 5124 1826 5195 ἄναρχοι
1865 5129 1963 5180 καὶ

389 5216 552 5271 ἀϊδιοί
580 5217 746 5286 ὲσμεν
774 5217 955 5286 ἡμεῖς.
999 5214 1266 5284 Ἐκάστης
1302 5216 1412 5284 γάρ
1461 5215 1646 5279 οὐσίας
1695 5217 1961 5289 γέννημα,

390 5305 678 5377 ὀμοούσιον
692 5308 759 5377 τῇ
789 5304 1097 5375 γεννησάση
1122 5302 1280 5374 οὐσίᾳ
1298 5319 1313 5334 ο
1349 5304 1545 5371 ἀϊδίου,
1574 5304 1776 5358 ἀΐδιον·
1806 5307 1966 5375 ἀγεν-

392 5400 577 5469 νήτου,
606 5397 900 5467 ἀγέννητον
919 5415 934 5430 ο
960 5398 1218 5468 ἀνάρχου,
1248 5396 1503 5467 ἄναρχον.

2049 3131 2104 3179 et
2138 3138 2327 3179 secum
2382 3139 2657 3195 pugnans,
2715 3126 3068 3197 seipsamque
3124 3129 3448 3185 absumens.
3493 3131 3625 3184 Erat

2048 3216 2213 3272 etiam
2243 3214 2387 3271 Deus
2427 3216 2483 3270 in
2522 3216 2640 3272 suis
2685 3216 2911 3281 ﬁnibus,
2962 3219 3235 3289 principio
3265 3235 3498 3285 carens,
3538 3222 3625 3276 in-

2050 3306 2293 3377 genitus,
2332 3307 2732 3377 sempiternus,
2786 3309 3179 3380 incorporeus,
3232 3320 3378 3366 totus
3407 3313 3524 3367 lux.
3557 3312 3628 3367 At

2049 3396 2283 3450 materia
2318 3405 2522 3451 temere
2552 3407 2605 3452 et
2634 3397 2951 3454 inordinate
2984 3400 3216 3468 agitata,
3257 3400 3327 3455 ad
3362 3401 3457 3457 Dei
3486 3403 3626 3458 lines

2050 3485 2330 3554 perrexit;
2388 3485 2648 3557 lucisque
2683 3486 3057 3543 admiratione
3104 3498 3405 3554 commota,
3438 3506 3627 3545 secum

2050 3590 2300 3645 pugnare
2343 3577 2542 3642 desiit,
2596 3578 2889 3647 lucemque
2926 3594 3107 3648 pugna
3156 3581 3457 3647 lacessivit,
3493 3582 3632 3637 adeo

2051 3672 2112 3718 ut
2137 3665 2312 3734 ipsius
2336 3681 2558 3736 quoque
2588 3676 2797 3737 partem
2825 3668 2891 3722 ad
2916 3684 2975 3723 se
3003 3671 3277 3738 rapuerit.
3303 3670 3436 3726 Nam
3465 3674 3630 3726 etiam

2053 3753 2346 3823 praefectos
2408 3769 2542 3810 suos
2591 3756 2746 3810 velut
2801 3757 2855 3810 in
2904 3757 3141 3812 obscura
3190 3759 3427 3829 quadam
3481 3763 3632 3831 regia

2055 3844 2342 3898 materiam
2371 3843 2577 3900 habere
2605 3846 2905 3912 allirmant,
2932 3863 3071 3917 quos
3103 3857 3156 3903 et
3184 3850 3370 3905 mundi
3406 3860 3632 3907 rectores

2057 3936 2391 3991 tenebrarum
2436 3951 2504 3992 ac
2550 3938 2858 4007 spiritualia
2916 3939 3161 4008 nequitiae
3205 3943 3251 3973 ὀ
3280 3957 3404 3997 esse
3453 3943 3630 3997 aiunt.

2057 4030 2266 4085 Passus
2314 4038 2421 4096 est,
2464 4030 2749 4102 inquiunt,
2803 4032 2984 4087 bonus
3022 4032 3165 4089 Deus
3204 4036 3288 4089 sui
3326 4034 3635 4106 portionem

2059 4122 2157 4180 abs
2178 4138 2237 4178 se
2257 4122 2540 4193 abreptam
2574 4121 2849 4191 captivam
2878 4121 3076 4189 teneri,
3108 4138 3219 4192 quo
3248 4137 3368 4176 eam
3393 4125 3634 4179 circum-

2059 4215 2326 4271 scriberet
2353 4228 2417 4268 ac
2444 4213 2722 4280 deﬁniret,
2756 4230 2821 4269 ne
2873 4229 2938 4270 ea
2969 4214 3205 4271 ulterius
3237 4215 3301 4271 ad
3337 4215 3474 4271 lines
3503 4232 3637 4273 suos

1991 4349 2035 4405 Β
2062 4308 2508 4405 progrederetur.

2136 4401 2192 4456 Si
2227 4400 2485 4472 principii
2534 4415 2757 4472 expers,
2811 4400 3081 4472 ingenita,
3114 4401 3468 4471 incorporea,
3501 4416 3639 4471 qua-

2062 4494 2223 4549 litate
2252 4505 2480 4558 vacans,
2510 4492 2811 4548 invisibilis
2845 4499 2931 4548 est
2963 4492 3217 4559 materia,
3252 4491 3494 4562 itemque
3534 4491 3636 4547 bo-

2064 4603 2171 4643 nus
2202 4584 2372 4652 Deus,
2410 4594 2577 4656 atque
2602 4601 2669 4641 ex
2699 4600 2889 4641 eorum
2916 4585 3230 4642 substantia
3260 4585 3447 4641 omnia
3476 4594 3639 4640 enata

2063 4685 2229 4744 sunt;
2266 4691 2504 4747 quonam
2542 4675 2704 4731 modo
2754 4692 2817 4731 ea
2863 4692 2986 4747 qua:
3026 4691 3089 4732 ex
3148 4676 3236 4732 his
3284 4675 3637 4747 prodierunt,

2067 4766 2247 4822 oculis
2297 4765 2622 4836 spectabilia
2669 4768 2833 4822 sunt?
2860 4782 2986 4822 nam
3027 4767 3176 4837 quod
3208 4784 3275 4823 ex
3308 4768 3638 4838 incorporea

2069 4855 2385 4911 substantia
2440 4854 2675 4926 prodiit,
2748 4856 3141 4927 incorporeum
3192 4874 3413 4929 quoque
3454 4858 3639 4927 ipsum

2069 4950 2235 5014 atque
2276 4942 2561 4999 invisibile
2589 4943 2664 4999 sit
2698 4952 2941 5013 oportet.
2974 4944 3053 5000 Ac
3092 4947 3146 5001 in
3185 4947 3404 5018 primis,
3439 4946 3486 5002 si
3515 4947 3642 5001 dua:

2070 5035 2153 5089 ba:
2233 5034 2560 5091 substantiae
2612 5035 2875 5106 principii
2941 5044 3219 5106 expertes,
3274 5037 3528 5108 ingenita:
3584 5048 3640 5094 et

2070 5130 2419 5200 sempiterna
2452 5139 2624 5198 sunt,
2659 5146 2762 5188 nos
2815 5140 3000 5186 autem
3033 5146 3096 5185 ex
3138 5131 3219 5186 eis
3250 5144 3481 5195 sumus;
3526 5143 3638 5183 nou

2072 5218 2147 5274 ab
2173 5220 2256 5275 eis
2304 5236 2372 5275 ex
2412 5220 2612 5284 nihilo,
2659 5221 2755 5276 sed
2809 5236 2875 5276 ex
2930 5221 3245 5278 substantia
3287 5234 3477 5276 earum
3510 5235 3642 5290 pro-

2073 5307 2228 5363 ducti
2280 5308 2476 5364 simus.
2536 5308 2827 5381 Cujusque
2868 5309 3043 5365 etiam
3090 5306 3416 5366 substantia:
3457 5306 3641 5377 proles

2073 5399 2289 5470 parenti
2338 5414 2451 5454 suae
2502 5400 2994 5459 consubstantialis
3024 5408 3141 5469 est;
3175 5400 3278 5456 hoc
3309 5404 3393 5456 est
3423 5410 3643 5455 aeternae

393 5505 618 5557 asterna,
668 5490 921 5560 ingenita:
971 5490 1230 5560 ingenita,
1280 5489 1553 5559 principio
1598 5492 1803 5547 carenti
1848 5492 1934 5546 illa
1969 5506 2089 5562 quae
2121 5491 2388 5563 principio
2428 5503 2599 5550 caret.

471 5679 512 5708 ’³
548 5674 726 5729 Eccle.
772 5687 864 5737 vn,
896 5673 985 5726 50.
1063 5672 1113 5702 ’θ
1142 5669 1334 5741 Ephcs.
1375 5687 1449 5739 VI,
1487 5672 1569 5726 1'2.
