3930 6206
382 213 519 277 1555

1566 223 1627 279 S.
1661 224 1978 282 JOANNIS
2020 226 2437 287 DAMASCENI

3492 225 3625 290 1556

452 328 678 391 Deinde,
717 329 762 382 si
810 342 876 383 ex
925 330 1052 383 mali
1088 330 1335 400 bonique
1367 333 1679 387 substantia
1708 336 1951 390 concreti

2130 340 2239 391 Καὶ
2270 340 2431 392 πάλιν
2452 356 2466 369 ο
2498 341 2545 391 εί
2578 341 2641 390 ὲκ
2704 343 2801 409 τῆς
2834 340 3019 402 οὐσίας
3044 340 3137 393 τοῦ
3179 338 3397 407 ἁγαθοιὶ
3419 341 3514 391 καὶ
3540 341 3626 391 τοῦ

378 434 595 480 sumus,
632 432 746 472 non
796 426 1089 484 creaturae,
1126 420 1222 475 sed
1278 420 1371 474 ﬁlii
1412 438 1645 486 sumus;
1704 439 1809 479 nec
1844 425 1951 477 ulla

380 509 435 560 in
481 506 686 560 mundo
720 514 974 561 creatura
1004 508 1129 563 erit.

450 596 700 651 Rursus:
731 596 778 651 si
818 598 933 653 lieri
980 600 1177 668 nequit
1223 609 1281 654 ut
1347 601 1481 655 boni
1520 609 1720 655 natura
1752 602 1808 656 in
1839 618 1956 657 ma-

383 690 495 742 lum
522 696 794 756 vertatur,
831 691 1169 760 omninoque
1219 694 1425 746 malum
1455 695 1682 764 cogitet,
1718 696 1796 750 vel
1831 711 1957 765 per-

383 788 599 849 petret:
632 780 750 835 ﬁeri
803 783 932 836 item
972 785 1186 852 nequit,
1242 792 1302 837 ut
1332 784 1513 839 malus
1559 794 1822 849 mutetur,
1858 788 1956 840 bo-

386 886 629 941 numque
660 871 871 941 aliquid
904 873 986 926 vel
1031 873 1370 942 cogitatione
1414 875 1836 944 complectatur,
1863 887 1959 931 aut

389 962 587 1016 faciat:
640 960 893 1033 profecto
927 976 1053 1017 cum
1091 964 1273 1017 anima
1312 972 1503 1018 nostra
1550 964 1708 1029 boni,
1756 980 1957 1035 corpus

387 1065 572 1109 autem
604 1055 733 1108 mali
769 1054 843 1109 sit
874 1068 1048 1124 pars;
1102 1053 1366 1123 possibile
1417 1070 1636 1124 quoque
1680 1070 1788 1109 non
1828 1056 1955 1120 erit,

387 1156 446 1200 ut
475 1149 662 1199 anima
693 1152 885 1199 nostra
920 1145 1048 1199 mali
1096 1145 1399 1215 quidquam
1447 1148 1674 1215 cogitet,
1706 1155 1804 1199 aut
1835 1162 1957 1201 cor-

387 1253 492 1306 pus
525 1244 776 1291 nostrum
808 1236 940 1290 boni
979 1234 1284 1306 quidquam
1335 1236 1554 1291 elliciat.
1604 1237 1772 1307 Atqui
1818 1239 1963 1291 mul-

387 1338 472 1381 tas
496 1328 709 1381 animas
744 1326 887 1380 mala
926 1326 1234 1397 cogitantes
1278 1328 1582 1390 cernimus,
1636 1336 1696 1381 ut
1744 1329 1959 1382 animas

386 1416 549 1489 552
583 1416 1043 1481 Manichazorum;
1077 1433 1381 1487 rursusque
1408 1418 1581 1472 multa
1610 1434 1842 1487 corpora
1870 1418 1959 1472 bo-

389 1509 477 1562 uis
516 1507 781 1577 operibus
808 1508 1049 1574 addicta,
1093 1510 1170 1563 uti
1202 1517 1522 1564 sanctorum
1558 1525 1819 1580 corpora.

460 1599 617 1665 Quod
664 1600 712 1654 si
753 1601 931 1653 malus
972 1616 1038 1655 ex
1083 1600 1412 1670 incorporeo
1463 1608 1518 1655 et
1563 1616 1798 1671 corpore
1824 1616 1959 1656 con-

389 1697 579 1742 cretus
610 1694 713 1749 est,
776 1696 830 1742 et
871 1688 1052 1742 bonus
1100 1689 1404 1755 similiter;
1459 1704 1594 1744 sane
1622 1705 1749 1744 cum
1778 1692 1961 1745 anima

390 1788 578 1834 nostra
617 1794 681 1833 ex
714 1780 841 1834 boni
874 1781 1211 1842 substantia,
1264 1796 1471 1851 corpus
1519 1790 1702 1839 autem
1730 1798 1796 1839 ex
1832 1785 1961 1838 mali

391 1870 702 1924 substantia
730 1871 829 1933 sit,
864 1872 1050 1925 anima
1078 1887 1301 1941 quoque
1349 1883 1537 1927 nostra
1582 1890 1650 1929 ex
1706 1875 1963 1943 incorpo-

393 1975 487 2014 reo
516 1967 573 2014 et
624 1975 861 2030 corpore
915 1965 1220 2032 composita
1263 1965 1388 2028 erit,
1439 1980 1755 2035 corpusque
1808 1968 1959 2033 item,

391 2060 663 2107 nostrum.

461 2142 734 2197 Praeterea
767 2158 780 2194 :
815 2145 863 2198 si
901 2145 1133 2199 materia
1161 2146 1436 2216 principio
1485 2155 1659 2212 caret,
1692 2148 1961 2218 siquidem

391 2236 716 2303 incorporea
745 2236 818 2291 sit
847 2254 861 2290 :
888 2250 1131 2306 quonam
1168 2237 1332 2290 modo
1354 2250 1419 2289 ex
1471 2238 1797 2307 incorporea
1827 2241 1962 2296 sub-

393 2325 597 2377 stantia
630 2340 833 2394 corpus
860 2327 1107 2395 prodiit?
1141 2343 1266 2380 nam
1298 2328 1445 2396 quod
1478 2329 1754 2399 principio
1787 2340 1959 2398 caret,

393 2414 460 2467 ab
493 2416 641 2468 omni
676 2417 982 2470 mutatione
1008 2417 1250 2472 alienum
1282 2428 1390 2473 est.
1428 2420 1504 2474 Ea
1534 2430 1686 2475 certe
1718 2439 1842 2491 qua:
1867 2440 1963 2477 ua-

396 2516 516 2557 tura
552 2504 823 2574 simplicia
857 2514 1007 2571 sunt,
1066 2510 1319 2577 copulari
1365 2524 1475 2563 non
1527 2521 1783 2579 possunt.
1843 2511 1961 2575 Qua

398 2596 568 2664 igitur
596 2597 808 2652 ratione
834 2598 1290 2668 permistiofacta
1318 2602 1437 2656 est?

464 2687 543 2741 Ad
576 2687 689 2742 hac
720 2705 733 2741 :
766 2689 810 2743 si
853 2689 1081 2743 materia
1131 2695 1436 2761 composita
1475 2702 1560 2749 est
1608 2710 1675 2749 ex
1707 2696 1962 2766 incorpo-

395 2793 491 2832 reo
515 2785 569 2833 et
598 2792 847 2847 corpore,
899 2795 1023 2833 cum
1075 2795 1278 2849 corpus
1328 2784 1668 2837 contrarium
1709 2786 1966 2854 incorpo-

398 2882 496 2922 reo
530 2870 627 2932 sit,
676 2869 804 2938 quis
852 2872 1135 2924 contraria
1195 2872 1360 2931 simul
1407 2873 1730 2941 copulavit?
1785 2890 1965 2943 neque

2056 432 2293 501 πονηροῦ
2320 434 2352 501 ἡ
2379 432 2642 494 σύστασις
2663 432 2841 501 ἡμῶν,
2878 432 2939 483 οὐ
2964 432 3265 499 κτίσματα,
3302 431 3444 483 ἀλλὰ
3468 432 3623 485 τέκνα

2056 524 2223 591 ἐσμέν
2249 539 2263 553 ⁶
2305 524 2398 574 καὶ
2425 524 2523 575 οὐκ
2545 522 2659 574 ἐστι
2680 510 2860 583 κτίσις
2884 524 2941 574 ὲν
2965 523 3173 591 κόσμῳ.

2126 616 2236 667 Καὶ
2260 614 2423 666 πάλιν
2442 630 2457 643 ο
2492 615 2537 665 εί
2568 614 2829 666 ἀδύνατον
2880 614 3158 683 τραπῆναι
3192 614 3293 683 τὴν
3326 614 3521 666 οὐσίαν
3540 616 3624 667 τοῦ

2055 704 2262 771 ἁγαθοῦ
2302 706 2382 766 είς
2406 705 2468 756 τὸ
2498 705 2758 772 πονηρὸν,
2788 704 2885 755 καὶ
2915 706 3052 766 ὅλως
3073 704 3389 770 λογίσασθαι
3419 704 3451 773 ἦ
3488 707 3624 772 πρᾶο

2057 797 2147 859 ξαι
2182 795 2421 864 πονηρόν
2448 811 2463 824 ·
2486 795 2583 847 καὶ
2634 794 2895 847 ἀδῦνατον
2920 795 3014 846 τὸν
3054 795 3293 863 πονηρὸν
3335 794 3623 863 τραπῆναι,

2058 889 2152 939 καὶ
2189 885 2531 954 λογίσασθαι,
2587 886 2621 954 ἢ
2680 886 2883 954 πρᾶξαί
2932 902 2986 937 τι
3034 885 3265 951 ἀγαθόν’
3319 888 3352 952 ἡ
3402 885 3458 937 δὲ
3488 886 3627 955 ψυχὴ

2054 978 2231 1048 ἡμῶν,
2262 976 2358 1029 τοῦ
2378 976 2582 1043 ἀγαθοῦ
2615 976 2779 1045 μέρος
2805 976 2940 1037 ἐστὶ,
2958 976 3017 1028 τὸ
3040 976 3095 1027 δὲ
3120 976 3300 1044 σῶμα,
3320 976 3415 1028 τοῦ
3438 978 3628 1029 κακοῖο·

2059 1069 2323 1122 ἀδύνατόν
2345 1070 2462 1120 ἐστι
2500 1068 2598 1136 τὴν
2645 1067 2824 1136 ψυχὴν
2864 1068 3023 1136 ἡμῶν
3061 1068 3384 1135 λογίσασθαι
3434 1069 3631 1135 ςαῦλίν

2058 1179 2132 1226 τι,
2161 1162 2255 1214 καὶ
2276 1161 2338 1213 τὸ
2360 1162 2519 1230 σῶμα
2538 1161 2695 1230 ἡμῶν
2744 1161 2949 1230 πρᾶξαι
2973 1159 3200 1227 ἀγαθόν.
3238 1160 3378 1213 Ἀλλ’
3419 1160 3630 1229 ἐρῶμεν

2061 1254 2264 1317 πολλὰς
2291 1253 2468 1323 ψυχὰς
2486 1253 2841 1321 λογιζομένας
2883 1255 3116 1322 πονηρὰ,
3142 1251 3219 1313 ὡς
3252 1252 3352 1314 τὰς
3376 1253 3489 1304 τῶν
3520 1253 3635 1304 Μα-

2061 1346 2284 1414 νιχαίων
2306 1363 2319 1374 ο
2352 1346 2442 1398 καὶ
2476 1345 2643 1398 πολλὰ
2667 1346 2897 1413 σώματα
2934 1344 3189 1397 ποιοῦντα
3232 1343 3436 1413 ἀγαθὰ,
3468 1345 3546 1407 ὡς
3571 1344 3636 1396 τὰ

2060 1438 2170 1489 τῶν
2199 1438 2391 1505 ἁγίων.

2139 1615 2200 1669 Εἰ
2230 1615 2324 1668 καὶ
2382 1615 2411 1664 ὁ
2467 1614 2701 1681 πονηρὸς
2766 1611 3021 1674 σύνθετός
3055 1616 3201 1665 ἐστιν
3239 1612 3301 1675 ἐξ
3342 1611 3635 1680 deum

2068 1712 2161 1761 καὶ
2184 1707 2456 1776 σώματος,
2490 1706 2585 1757 καὶ
2609 1707 2636 1756 ὁ
2664 1703 2870 1770 ἀγαθὸς
2895 1704 3116 1772 ὁμοίως,
3166 1705 3263 1755 καὶ
3287 1705 3318 1757 ἡ
3366 1704 3466 1772 μὲν
3488 1703 3635 1771 ψυχὴ

2066 1799 2241 1867 ἡμῶν,
2270 1798 2371 1866 τῆς
2394 1796 2583 1859 οὐσίας
2606 1795 2700 1847 τοῦ
2732 1794 2937 1861 ἀγαθοῦ
2980 1796 3117 1857 ἐστι,
3150 1794 3210 1845 τὸ
3236 1794 3294 1846 δὲ
3328 1794 3511 1862 σῶμα,
3543 1795 3637 1845 τοῦ

2066 1889 2336 1961 πονηροῦ·
2357 1891 2453 1943 καὶ
2476 1891 2510 1958 ἡ
2539 1889 2689 1958 ψυχὴ
2719 1888 2877 1957 ἡμῶν
2925 1886 3179 1947 σύνθετος
3216 1886 3372 1938 ἔσται
3408 1884 3469 1950 ἐξ
3492 1886 3637 1937 ἀσω-

2067 1983 2238 2050 μάτου
2267 1982 2361 2034 καὶ
2396 1980 2667 2050 σώματος,
2696 1980 2791 2031 καὶ
2819 1978 2883 2031 τὸ
2912 1977 3071 2047 σῶμα
3100 1976 3281 2047 ἡ

2133 2154 2247 2207 Καὶ
2273 2153 2434 2205 πάλιν
2460 2166 2477 2183 ο
2506 2153 2558 2203 εί
2590 2151 2826 2220 ἄναρχος
2851 2148 2886 2215 ἡ
2922 2150 3047 2217 ὕλη,
3087 2148 3136 2200 εί
3179 2146 3280 2216 μὲν
3324 2145 3629 2214 ἀσώματος,

2070 2244 2188 2306 ιιτιῖις
2211 2244 2271 2309 ὲξ
2294 2242 2590 2312 ἀσωμάτου
2623 2241 2821 2303 οὐσίας
2841 2238 3083 2308 προῆλθε
3104 2254 3119 2299 ;
3148 2239 3211 2289 τὸ
3240 2238 3351 2306 γὰρ
3376 2239 3627 2304 ἄναρχον,

2068 2342 2289 2399 πάντως
2352 2336 2643 2405 ἄτρεπτον.
2688 2334 2770 2385 Τὰ
2822 2333 2984 2399 φύσει
3054 2331 3202 2383 ἁπλᾶ
3262 2331 3326 2382 οὐ
3394 2330 3629 2395 abbrev

2062 2428 2331 2481 ἑνοῦσθαιο
2366 2426 2484 2489 πῶς
2505 2422 2598 2479 οὖν
2626 2426 2845 2492 ἐγένετο
2872 2426 2906 2493 ἡ
2938 2424 3243 2490 σύγκρασις
3268 2438 3284 2450 ’

2133 2694 2245 2747 Καὶ
2278 2694 2443 2748 πάλιν
2464 2711 2477 2724 °
2523 2695 2573 2747 ιί
2634 2691 2888 2745 σύνθετον
2918 2692 2951 2759 ἡ
2993 2661 3093 2759 ὖλῇ
3122 2688 3181 2755 ἐξ
3223 2686 3503 2756 ἁσωμᾶτου
3527 2685 3624 2735 καί

2068 2786 2340 2854 σώματος,
2368 2786 2434 2837 τὺ
2476 2785 2535 2838 δὲ
2586 2785 2748 2853 σῶμα
2780 2783 3025 2836 ἐναντίον
3057 2782 3136 2850 τῷ
3176 2781 3470 2847 ἀσωμάτῳ,
3494 2777 3574 2836 τίς
3598 2777 3629 2826 ὁ

2067 2874 2274 2937 ὲνώσας
2296 2874 2364 2927 τὰ
2387 2874 2637 2937 ὲναντία;
2659 2874 2760 2925 οὐκ
2789 2872 2855 2925 ἂν
2876 2873 2986 2941 γὰρ
3013 2870 3083 2923 τὰ
3104 2869 3320 2922 ἐναντία
3339 2870 3453 2927 τοῖς
3482 2868 3633 2919 ἔναν-

396 2960 540 3013 enim
572 2961 851 3016 contraria
884 2977 1009 3016 cum
1056 2965 1356 3018 contrariis
1404 2975 1783 3033 versarentur,
1824 2968 1959 3021 ami-

2084 2967 2202 3030 πίοις
2224 2966 2423 3035 ὁμιλεῖ,
2450 2966 2679 3033 φιλικῶς
2725 2966 3107 3033 συναπτόμενα
3160 2965 3239 3024 είς
3268 2961 3327 3012 ἓν
3380 2958 3515 3026 ὖςρος
3544 2958 3636 3009 καὶ

398 3066 571 3120 ceque
597 3052 651 3105 in
687 3068 852 3106 unam
883 3054 1051 3108 veluti
1089 3066 1379 3118 texturam,
1412 3071 1687 3127 unamque
1712 3059 1966 3112 substan-

399 3143 533 3195 tiam
565 3142 1064 3213 conjungerentur,
1107 3146 1215 3201 nisi
1246 3146 1530 3201 Creatoris
1581 3149 1825 3216 potentia
1854 3149 1968 3204 haec

402 3234 458 3285 in
510 3248 680 3286 unum
724 3238 1115 3304 compegisset.
1156 3237 1226 3289 At
1279 3252 1408 3291 vero
1442 3240 1691 3303 materia,
1738 3248 1798 3293 ut
1852 3256 1973 3309 qua:

404 3322 802 3390 compositioni
834 3324 1124 3387 inserviat,
1162 3340 1191 3377 a
1223 3324 1406 3380 Verbo
1445 3328 1653 3393 divino,
1704 3338 1763 3383 ut
1798 3339 1968 3393 esset,

406 3412 638 3480 accepit.

478 3498 751 3569 Insuper:
796 3501 1025 3553 materia
1061 3502 1144 3554 vel
1186 3503 1471 3572 corruptio
1509 3513 1616 3567 est,
1662 3505 1743 3559 vel
1777 3520 1974 3559 corru-

412 3587 590 3657 ptioni
625 3587 888 3643 obnoxia.
941 3587 1115 3643 Porro
1168 3594 1456 3660 corruptio
1507 3610 1615 3648 non
1664 3596 1973 3665 corrumpi-

407 3687 520 3741 tur,
560 3678 656 3734 sed
697 3678 1038 3749 corrumpit;
1076 3681 1221 3749 quod
1276 3690 1458 3737 autem
1496 3685 1836 3753 corruptioui
1872 3686 1974 3740 ob-

411 3770 636 3824 noxium
664 3777 770 3833 est,
805 3786 835 3824 a
863 3771 1228 3841 corruptione
1266 3776 1665 3843 corrumpitur.

480 3859 570 3913 62.
600 3860 804 3916 Deinde
831 3881 843 3914 :
876 3860 1141 3931 quidnam
1170 3869 1255 3916 est
1288 3864 1519 3917 materia
1540 3864 1565 3916 ?
1592 3880 1973 3935 corrumpens,

412 3965 482 4003 an
513 3952 811 4020 corruptio,
846 3967 918 4005 an
964 3967 1053 4007 res
1103 3954 1446 4021 corruptiuni
1504 3956 1791 4024 subjecta?
1842 3957 1977 4013 Cor-

411 4041 597 4110 ruptio
639 4051 723 4097 est
752 4044 1188 4113 compositarum
1229 4059 1411 4098 rerum
1454 4045 1751 4101 dissolutio
1785 4066 1800 4103 :
1853 4064 1979 4104 cor-

411 4148 694 4203 rumpens,
731 4134 784 4187 id
831 4134 978 4203 quod
1025 4136 1436 4206 corruptionem
1475 4136 1676 4192 aﬂ‘ert:
1729 4154 1819 4194 res
1859 4156 1977 4196 cor-

410 4226 660 4293 ruptioui
705 4226 981 4295 subjecta.
1044 4228 1411 4296 compositum
1471 4228 1607 4283 illud
1656 4232 1803 4299 quod
1858 4234 1978 4289 dis-

2074 3057 2202 3127 μίαν
2233 3057 2553 3121 ὑπόστασιν,
2603 3059 2654 3109 εί
2701 3057 2775 3126 μὴ
2818 3058 2853 3125 ἡ
2890 3056 2985 3107 τοῦ
3034 3050 3384 3123 Δημιουργσῦ
3414 3048 3639 3115 δύναμις

2070 3152 2150 3211 εἰς
2186 3148 2246 3200 ἒν
2278 3148 2415 3201 αὐτὰ
2445 3146 2832 3203 συνεϐίϐασεν·
2867 3148 2900 3215 ἡ
2927 3145 3029 3213 ὕλη
3044 3141 3456 3211 «spument;
3482 3132 3641 3195 οὖσα.

2072 3241 2177 3293 ὑπὸ
2214 3238 2358 3291 θείου
2389 3238 2566 3304 Λόγου
2594 3237 2656 3290 τὸ
2686 3233 2824 3289 εἶναι
2851 3236 3061 3301 εἴληφε.

2144 3502 2253 3554 Καὶ
2276 3500 2436 3554 πάλιν
2455 3500 2520 3569 ’ἡ
2550 3497 2652 3565 ὕλη
2684 3496 2860 3565 φθορά
2886 3496 3054 3558 ἐστιν,
3084 3496 3119 3564 ἦ
3153 3494 3360 3563 φθαρτή
3383 3505 3397 3518 ·
3435 3491 3493 3543 Ἦ
3526 3490 3634 3558 μὲν

2075 3594 2183 3665 γὰρ
2213 3592 2409 3663 φθορὰ,
2442 3591 2673 3661 φθείρει,
2705 3589 2799 3642 καί
2842 3588 2905 3641 οὐ
2947 3587 3232 3655 ιρθείρεται
3263 3603 3277 3616 ο
3312 3586 3368 3637 τὸ
3387 3585 3441 3636 δέ
3461 3582 3636 3651 ςθιρ·

2074 3687 2188 3750 τὸν,
2212 3684 2496 3753 φθείρεται
2528 3680 2633 3734 ὑπὸ
2651 3679 2749 3749 τῆς
2773 3678 2977 3749 φθορᾶς
2996 3694 3009 3707 ·
3037 3676 3134 3729 καὶ
3160 3675 3223 3729 τὸ
3253 3675 3353 3745 μὲν
3380 3672 3636 3742 φθαρτὸν,

2075 3778 2322 3831 τουτέστι
2346 3776 2406 3827 τὸ
2440 3773 2823 3843 φθειρόμενον.

2147 3867 2247 3937 ξβ’.
2284 3867 2348 3919 Ἡ
2372 3866 2472 3934 ὓλη
2504 3864 2722 3927 τίὲστι;
2755 3862 2999 3931 φθεῖρον,
3028 3860 3062 3927 ἢ
3091 3856 3287 3929 φθορὰ,
3319 3856 3352 3925 ἦ
3396 3854 3646 3923 φθαρτῆς

2076 3959 2255 4028 Φθορὰ
2327 3960 2427 4025 μὲν
2486 3955 2596 4024 γάρ
2650 3954 2821 4017 ἐστιν,
2853 3954 2887 4021 ἡ
2939 3950 3049 4003 τῶν
3083 3949 3356 4002 συνθέτων
3379 3946 3648 4006 otism.

2076 4050 2293 4120 Φθείρει
2321 4048 2400 4111 δὲ,
2429 4049 2458 4100 ὁ
2486 4046 2582 4115 τὴν
2610 4044 2813 4114 φθορὰν
2856 4044 3078 4109 ἐπάγων
3104 4056 3120 4070 ⁸
3159 4039 3438 4108 φθείρεται
3473 4035 3559 4096 δὲ,
3593 4034 3655 4087 τὸ

2078 4140 2430 4209 διαλυόμενον
2462 4136 2743 4189 σύνθετονο
2778 4135 2875 4187 καὶ
2893 4134 2955 4185 τὸ
2986 4133 3083 4202 μὲν
3100 4130 3341 4201 φθεῖρον,
3370 4129 3467 4181 καὶ
3497 4128 3658 4194 (pest-

2085 4234 2331 4303 ρόμενον,
2352 4228 2530 4281 οὐσίαι
2584 4227 2744 4289 εἰσιν,
2786 4226 2821 4293 ἠ
2868 4224 2925 4276 δὲ
2956 4222 3153 4292 φθορὰ,
3190 4218 3561 4289 συμϐεϐηκὸς,
3597 4217 3657 4267 ἐν

412 4316 670 4369 solvitur.
701 4316 867 4385 Atqui
902 4324 1017 4369 tum
1058 4316 1190 4370 illud
1222 4318 1368 4385 quod
1401 4321 1735 4387 corrumpit,
1768 4330 1881 4376 tum
1924 4322 1968 4378 id

2084 4325 2160 4395 τῷ
2180 4321 2406 4376 λύεσθαι
2456 4321 2529 4375 τὰ
2583 4318 2909 4373 συντεθέντα
2959 4315 3341 4385 θεωρουμένησ
3388 4311 3481 4362 καὶ
3528 4307 3656 4360 οὔτε

411 4406 559 4476 quod
587 4406 980 4476 corrumpitur,
1012 4407 1338 4461 substantire
1369 4416 1537 4462 sunt:
1572 4412 1855 4479 corruptio
1882 4428 1980 4468 au-

2079 4414 2533 4486 προϋπάρχουσα,
2587 4409 2711 4463 οὔτε
2743 4408 2885 4479 μετὰ
2927 4408 2989 4460 τὸ
3035 4406 3261 4475 λυθῆναι
3300 4400 3661 4470 διαμένουσα.

413 4507 524 4552 tem
557 4505 642 4552 est
673 4498 951 4561 accidens,
986 4504 1044 4551 ut
1064 4512 1185 4567 quae
1209 4496 1263 4551 in
1288 4497 1587 4568 compositi
1616 4499 1981 4559 dissolutione
2016 4504 2450 4560 consideretur:
2490 4515 2555 4556 ac
2588 4515 2768 4569 neque
2801 4508 2931 4552 ante
2957 4504 3065 4562 est,
3101 4508 3279 4563 neque
3347 4499 3475 4562 post
3542 4490 3665 4544 dis-

412 4594 739 4650 solutionem
769 4602 973 4647 manet.

482 4682 573 4736 65.
609 4680 883 4746 Quidnam
936 4682 1104 4752 igitur
1142 4689 1227 4738 est
1268 4681 1541 4736 materia?
1592 4698 1976 4756 corrumpens,

416 4789 485 4827 an
528 4773 835 4841 corruptio,
887 4786 954 4825 an
1004 4773 1344 4839 corruptioni
1388 4773 1684 4843 subjecta?
1741 4776 1800 4830 Si
1852 4793 1980 4832 cor-

417 4870 763 4931 rumpentem
795 4861 1077 4923 dixeritis,
1107 4878 1376 4933 qumram,
1421 4864 1687 4932 quidnam
1732 4866 1823 4920 illa
1856 4882 1983 4920 cor-

418 4960 660 5023 rumpat,
694 4953 801 5007 nisi
837 4952 979 5007 forte
1026 4953 1261 5007 bouum?
1303 4954 1440 5007 nihil
1490 4956 1638 5009 enim
1684 4957 1833 5010 aliud
1860 4972 1983 5013 esse

420 5047 628 5105 dicitis,
668 5045 777 5099 nisi
833 5046 1118 5099 materiam
1173 5056 1226 5099 et
1282 5046 1509 5100 bonum.
1548 5044 1606 5099 Si
1662 5048 1772 5101 duo
1803 5057 1983 5113 erant,

423 5135 761 5205 materiaque
809 5134 1133 5204 corrumpit,
1195 5143 1247 5188 et
1299 5135 1478 5189 bonus
1516 5136 1681 5188 vitam
1716 5137 1985 5204 largitur,

423 5224 652 5280 materia
680 5224 904 5295 quidem
935 5226 1233 5279 incolumis
1275 5236 1383 5291 est,
1418 5225 1597 5280 bonus
1633 5236 1817 5281 autem
1861 5243 1986 5281 cor-

422 5317 692 5385 rumpitur
723 5326 778 5371 et
805 5317 1016 5371 interit.
1048 5315 1205 5381 Quod
1248 5316 1295 5371 si
1347 5316 1451 5369 hoc
1499 5317 1771 5381 dixeritis,
1811 5328 1987 5374 mate-

421 5408 559 5460 riam
591 5408 829 5478 seipsam
858 5423 1233 5477 corrumpere,
1282 5407 1419 5461 iliud
1456 5408 1618 5462 velim
1656 5409 1870 5473 sciatis,
1902 5410 1987 5464 ni-

424 5497 502 5548 hil
532 5511 656 5550 esse
686 5498 835 5565 quod
878 5514 908 5551 a
947 5499 1130 5566 seipso
1176 5505 1577 5567 corrumpatur.
1618 5498 1687 5552 Et
1731 5507 1899 5565 certe,
1938 5501 1985 5555 si

425 5583 663 5650 seipsam
693 5588 1101 5657 corrumpebat,
1125 5588 1240 5657 jam
1263 5592 1502 5659 seipsam
1528 5592 1985 5663 consumpsisset,

2149 4686 2250 4753 ξγ’.
2284 4682 2349 4734 Τί
2374 4675 2465 4733 οὖν
2494 4682 2642 4732 ἐστιν
2669 4679 2702 4747 ἠ
2778 4676 2914 4745 ῢλη;
2953 4674 3273 4742 φθείρουσι,
3312 4672 3346 4741 ἢ
3380 4670 3593 4740 φθορὰ,
3632 4672 3664 4740 ἧ

2079 4774 2291 4844 φθαρτή
2316 4790 2330 4837 ;
2354 4772 2465 4826 Καὶ
2490 4772 2537 4823 εί
2577 4770 2674 4838 μὲν
2711 4768 2923 4834 εἴπητε,
2954 4768 3036 4820 ὅτι
3065 4765 3397 4835 φθείρουσα,
3442 4764 3669 4827 εἴπατε,

2078 4870 2129 4922 τί
2154 4867 2387 4936 φθείρει,
2419 4866 2468 4916 εἰ
2492 4869 2567 4931 μὴ
2592 4862 2654 4913 τὸ
2677 4860 2911 4927 ἁγαθόνς
2940 4859 3094 4912 οὐδὲν
3111 4858 3219 4925 γὰρ
3237 4857 3425 4923 λέγετε
3444 4855 3669 4922 ἓτερον,

2083 4963 2131 5012 εἰ
2155 4960 2229 5028 μὴ
2260 4959 2359 5029 τὴν
2392 4956 2545 5022 ὓλην,
2574 4954 2668 5007 καὶ
2698 4953 2790 5006 τὸν
2822 4950 3046 5019 ἀγαθόν.
3088 4950 3151 5002 Ei
3196 4945 3291 5002 οὖν
3346 4946 3443 4999 δύο
3492 4942 3670 5016 ἦσαν,

2089 5048 2300 5117 φθείρει
2356 5048 2390 5115 ή
2452 5042 2577 5113 ὕλη,
2626 5042 3003 5110 γενεσιουργεῖ
3039 5039 3098 5091 δὲ
3137 5040 3166 5090 ὁ
3212 5036 3415 5102 ἁγαθός
3447 5051 3461 5063 ·
3488 5036 3526 5103 ἠ
3569 5037 3675 5104 μὲν

2091 5139 2190 5208 ὖλη
2224 5135 2558 5195 συνίσταται,
2596 5131 2878 5199 φθείρεται
2920 5129 2977 5182 δὲ
3014 5128 3108 5180 καὶ
3142 5126 3443 5181 ἀπόλλυται
3469 5126 3501 5177 ὁ
3524 5128 3673 5191 ἁγα-

2091 5230 2211 5292 θός⁸
2265 5229 2313 5280 εί
2374 5226 2430 5279 δὲ
2463 5224 2662 5294 ἑαυτὴν
2707 5222 2939 5291 φθείρει,
2980 5218 3174 5287 γνῶτε,
3205 5219 3287 5271 ὃτι
3327 5218 3483 5270 οὐδέν
3515 5219 3672 5269 ἐστιν

2088 5319 2283 5375 ἑαυτοῦ
2319 5316 2614 5388 φθαρτικόν
2632 5332 2645 5344 '
2678 5315 2792 5368 εἰδὲ
2812 5316 2906 5368 καὶ
2934 5314 3134 5383 ἑαυτὴν
3162 5312 3433 5381 ἔφθειρεν,
3450 5310 3670 5379 ἀνήλω-

2091 5427 2180 5464 σεν
2206 5410 2270 5463 ἂν
2300 5407 2519 5477 ἑαυτὴν,
2547 5408 2643 5459 καὶ
2667 5407 2746 5470 εἰς
2801 5404 3143 5475 ἁνυπαρξίαν
3194 5404 3380 5474 ἡλασε.
3440 5403 3567 5464 uili;
3606 5402 3673 5453 δὲ

2095 5502 2187 5555 καὶ
2215 5501 2275 5554 τὸ
2295 5500 2667 5568 φθειρόμενον,
2701 5498 2967 5567 ἄναρχον;
2994 5498 3043 5548 εἰ
3071 5496 3129 5548 δὲ
3148 5495 3380 5567 φθαρτὴ,
3398 5495 3504 5546 ὑπὸ
3522 5495 3677 5555 τίνος

2099 5594 2396 5665 φθείρεται,
2432 5592 2479 5645 εἰ
2510 5590 2585 5661 μὴ
2620 5589 2724 5643 ὑπὸ
2763 5589 2856 5644 τοῦ
2888 5585 3130 5656 ἁγαθοῦ;
3171 5588 3263 5640 καὶ
3298 5586 3450 5639 ἔσται
3476 5586 3505 5636 ὁ
3530 5587 3673 5653 ἀγα-
