3930 6206
280 351 297 410 1
313 351 413 413 557

1272 353 1545 414 D1A1.0G
1558 354 1651 412 US
1684 352 1981 412 CONTRA
2026 353 2502 414 MANICILEOS.

3386 360 3522 425 1558

272 461 658 532 θὺς,φθορεύς.
698 461 758 512 Εἰ
786 459 841 511 δὲ
873 457 1050 530 φθορά
1084 460 1253 525 ἐστιν,
1293 461 1397 514 ὑπὸ
1427 462 1573 525 τίνος
1605 462 1844 532 ἐνεργεῖ-

1953 472 2117 533 atque
2154 465 2219 519 ad
2260 464 2496 518 nihilum
2546 465 2871 536 redegisset.
2906 467 3048 533 Quin
3080 470 3246 525 etiam
3279 470 3329 525 id
3369 473 3523 540 prin—

269 573 384 615 ται,
411 554 507 607 καὶ
534 553 710 616 ἔστινς
733 553 766 620 ἡ
794 551 902 620 γὰρ
927 551 1122 623 φθορὰ,
1165 553 1409 617 διάλυσίς
1464 557 1630 621 ἐστιν,
1664 555 1739 618 ὡς
1772 557 1847 608 εί·-

270 662 466 713 πομεν.
503 643 595 705 Τίς
623 641 714 694 οὖν
762 644 790 695 ὁ
842 642 1103 708 διαλύων;
1132 643 1227 695 καὶ
1269 642 1321 694 τί
1362 642 1421 694 τὸ
1458 643 1845 713 διαλυόμενονς

271 735 392 789 Ὀτι
422 737 477 789 δὲ
508 737 568 787 οὐ
603 735 825 789 δύναται
877 738 908 804 ἡ
962 734 1058 803 ὕλη
1088 734 1263 805 φθορὰ
1304 732 1466 800 εἶναι,
1502 737 1596 790 καλ⁵
1634 736 1847 807 φθαρτὴ

266 828 443 889 οὐσία,
478 826 731 880 ὲντεῦθεν
763 826 1000 895 γνωστόν
1022 843 1034 855 '
1069 829 1101 896 ή
1159 826 1260 895 μὲν
1289 827 1400 896 γὰρ
1440 826 1653 897 φθαρτὴ
1690 827 1847 880 οὐσία

266 922 588 990 προηγεῖται
606 920 702 971 καὶ
730 918 1153 989 προϋφίσταται,
1172 918 1245 980 ὼς
1265 917 1583 971 συντεθεῖσα
1606 918 1843 972 ὑπόστα-

266 1029 373 1072 σις.
417 1011 484 1062 Ἥ
536 1010 594 1062 δὲ
650 1009 849 1078 φθορὰ,
910 1010 1216 1077 ἐπιγίνεται
1246 1008 1384 1078 μετὰ
1424 1009 1520 1077 τὴν
1565 1008 1841 1074 σύνθετον,

262 1102 466 1154 λύουσα
516 1101 587 1154 τὰ
643 1100 1050 1170 συντεθειμένα.
1081 1099 1203 1162 Πῶς
1232 1099 1289 1152 δὲ
1336 1100 1429 1152 καὶ
1463 1096 1531 1169 ἦν
1560 1100 1717 1152 οὐσία
1747 1101 1844 1169 τῆς

264 1192 431 1260 ὕλης,
494 1191 794 1261 σύνδρομον
854 1190 948 1243 καὶ
1002 1190 1445 1261 συνουσιωμὲνην
1490 1191 1689 1261 ἔχουσα
1744 1193 1845 1263 τὴν

265 1286 473 1357 φθοράν
498 1305 512 1352 ;

264 1380 370 1442 dit,
412 1378 645 1449 etprius
670 1376 909 1443 exsistit,
950 1378 1100 1432 velut
1167 1376 1474 1446 composita
1508 1375 1821 1430 substantia
1864 1393 1877 1429 :

1951 553 2083 622 cipii
2134 567 2331 622 expers
2378 568 2502 608 esse
2531 554 2745 622 nequit,
2794 557 2941 626 quod
2977 559 3379 629 corrumpitur.
3424 559 3523 616 Sin

1954 649 2136 695 autem
2167 656 2257 696 res
2281 648 2369 697 est
2402 643 2747 711 corruptioni
2797 643 3070 712 subjecta,
3102 660 3131 698 a
3164 662 3273 716 quo
3302 647 3523 703 tandem
3552 672 3555 675 ν

1952 732 2353 802 corrumpitur,
2408 732 2520 787 nisi
2571 748 2600 785 a
2645 734 2834 789 bono?
2888 734 2962 789 lta
3008 736 3189 792 bonus
3228 747 3524 808 corruptor

1950 822 2079 876 erit.
2126 821 2225 876 Sin
2272 822 2511 892 denique
2556 823 2839 892 corruptio
2871 835 2974 889 est,
3008 839 3037 878 a
3079 840 3321 895 quonam
3359 828 3524 884 ellici-

1951 923 2063 977 tur,
2095 922 2151 968 et
2187 916 2307 969 est?
2332 915 2616 985 corruptio
2648 915 2820 980 enim,
2865 924 2922 971 ut
2965 918 3228 985 diximus,
3275 919 3524 976 dissolu-

1952 1006 2032 1059 tio
2060 1013 2163 1061 est.
2198 1006 2464 1072 Quisnam
2501 1016 2586 1063 est
2642 1008 2813 1078 igitur
2865 1010 2958 1079 qni
2999 1011 3277 1077 dissolvit,
3310 1020 3367 1068 et
3392 1014 3526 1083 quid

1951 1098 2098 1168 quod
2138 1098 2502 1154 dissolvitur?
2539 1099 2686 1170 quod
2731 1110 2915 1157 autem
2963 1104 3195 1158 materia
3241 1106 3526 1174 corruptio

1951 1208 2059 1246 non
2091 1192 2183 1257 sit,
2216 1208 2315 1248 nec
2342 1192 2724 1262 corruptibilis
2756 1194 3095 1255 substantia.
3128 1196 3256 1251 hinc
3288 1196 3523 1266 perspici

1950 1291 2152 1354 potest.
2193 1283 2478 1354 Siquidem
2532 1285 2911 1355 corruptibilis
2961 1287 3275 1342 substantia
3319 1302 3526 1359 przeceo

1954 1377 2241 1446 corruptio
2300 1387 2480 1431 autem
2542 1390 2669 1447 post
2738 1380 3201 1448 compositionem
3291 1379 3522 1435 accedit.

264 1467 577 1521 dissolvens
630 1480 691 1520 ea
748 1482 874 1535 quae
914 1475 1046 1521 sunt
1098 1468 1428 1536 composita.
1475 1464 1618 1532 Quin
1653 1472 1706 1519 et
1742 1465 1844 1519 hoc
1882 1480 2093 1536 quaero,
2130 1481 2371 1534 quonam
2418 1477 2580 1538 pacto
2611 1478 2731 1525 erat
2763 1471 3009 1525 materiae
3077 1471 3409 1535 substantia,
3452 1473 3524 1524 si-

264 1559 486 1629 quidem
524 1558 781 1612 comitem
815 1573 880 1612 ac
913 1558 1019 1614 sibi
1055 1566 1374 1613 concretam
1423 1557 1842 1624 corruptionem
1882 1558 2165 1612 habebat?

346 1645 485 1697 Ἀλλ’
545 1647 676 1709 ἴσως
728 1647 940 1716 ἐρεῖτε,
993 1646 1074 1698 ὅτι
1120 1642 1190 1715 ἦν
1254 1662 1383 1699 ποτε
1435 1646 1536 1697 οὑκ
1590 1644 1843 1715 ἐνεργείᾳ

2016 1646 2086 1700 Αι
2137 1645 2374 1702 fortasse
2438 1650 2736 1718 reponetis,
2801 1650 2974 1707 fuisse
3033 1651 3352 1720 aliquando,
3401 1666 3524 1706 cum

264 1736 463 1805 φθορὰ,
514 1736 650 1789 ἀλλὰ
696 1736 955 1806 δυνάμει⁴
998 1736 1199 1804 ὁμοίως
1243 1735 1338 1788 καὶ
1380 1734 1635 1805 φθαρτόν.
1680 1734 1842 1787 Ἀλλά

264 1827 461 1893 γνῶτε,
498 1830 581 1881 ἔτι
615 1830 675 1882 τὸ
709 1830 809 1900 μὲν
840 1826 976 1882 εῖναι
1006 1827 1325 1898 φθαρτικὸν,
1359 1828 1391 1897 ἢ
1425 1827 1836 1897 δημιουργικὸν,

270 1925 436 1992 μήπω
462 1922 517 1974 δὲ
543 1923 787 1991 ἐνεργεῖν
839 1922 935 1991 τὴν
978 1921 1205 1990 φθορὰν,
1248 1921 1407 1991 ἢτὴν
1453 1920 1836 1993 δημιουργίαν,

266 2013 357 2066 διὰ
380 2014 440 2065 τὸ
480 2014 553 2083 μὴ
600 2011 860 2066 δύνασθαι
918 2012 986 2064 τὰ
1023 2012 1374 2083 φθειρόμενα,
1409 2013 1440 2082 ἢ
1474 2012 1839 2082 δημιουργού-

272 2124 412 2175 μενα
447 2105 689 2157 πναῖδια
717 2100 853 2157 εἶναι
887 2103 966 2173 τῷ
1009 2103 1304 2173 φθείροντι,
1333 2104 1366 2173 ἣ
1398 2102 1843 2174 δημιουργοῦντι,

270 2196 487 2265 ἀληθές.
527 2195 665 2246 Ἀλλ’
703 2195 861 2263 ὑμεῖς
911 2194 1065 2247 οὐδὲν
1123 2195 1187 2245 ἐκ
1232 2194 1326 2246 τοῦ
1369 2196 1442 2264 μὴ
1486 2195 1639 2258 ὄντος
1682 2196 1761 2257 είς
1784 2193 1844 2245 τὸ

268 2284 410 2339 εἶναι
464 2286 811 2356 παραχθῆναι
860 2286 1066 2354 λέγετε,
1118 2288 1233 2341 ἀλλ’
1281 2287 1452 2358 αὐτὴν
1480 2289 1677 2359 ἑαυτῆς
1703 2285 1843 2344 εῖναι

168 2382 187 2395 ‘
273 2379 374 2448 τὴν
408 2378 603 2430 κακίαν
634 2378 939 2450 φθαρτικὴν
967 2381 1061 2432 καὶ
1096 2380 1459 2451 ἁναλωτικήν.
1482 2380 1646 2433 Ὥστε
1676 2381 1845 2453 αὐτὴν

270 2469 495 2536 δυνάμει
552 2468 783 2538 ἔχουσαν
837 2471 897 2523 τό
963 2487 1022 2523 τε
1069 2471 1313 2540 φθείρειν
1361 2472 1453 2523 καὶ
1504 2471 1843 2541 φθείρεσθαι,

274 2559 370 2611 καὶ
428 2561 523 2612 οὐκ
577 2560 866 2631 ἐνεργείαο
924 2562 1122 2632 ἀτελὴς
1174 2557 1287 2615 οὖν.
1323 2563 1395 2614 Τὸ
1421 2562 1476 2613 δὲ
1521 2561 1582 2627 ἐξ
1623 2561 1843 2626 ἀτελοῦς

273 2652 581 2720 προκόπτον
613 2655 692 2715 εἰς
744 2652 1076 2722 τελειότητα,
1118 2655 1217 2706 οὑκ
1263 2653 1529 2723 ἄναρχον·
1564 2655 1612 2705 εί
1641 2654 1750 2724 γὰρ
1787 2654 1847 2706 τὸ

269 2740 557 2808 ἄτρεπτον,
594 2742 849 2811 ἄναρχον,
880 2741 942 2793 τὸ
970 2741 1331 2810 τρεπόμενον,
1365 2742 1465 2793 οὐκ
1494 2739 1751 2811 ἄναρχον.

1947 1738 2235 1807 corruptio
2272 1747 2433 1803 esset,
2469 1753 2577 1794 non
2602 1748 2750 1805 actu,
2789 1742 2884 1796 sed
2926 1741 3169 1811 potentia
3213 1743 3523 1798 duntaxat:

1944 1826 2106 1899 5.53
2137 1828 2378 1900 itemque
2402 1830 2547 1901 quod
2580 1832 2863 1902 corrumpi
2913 1840 3098 1886 natum
3143 1838 3290 1888 erat.
3326 1831 3525 1887 Verum

1950 1919 2087 1973 illud
2119 1919 2265 1991 seire
2295 1936 2393 1977 vos
2426 1922 2573 1985 volo,
2617 1938 2647 1977 a
2690 1939 2825 1978 vero
2856 1924 3080 1993 quidem
3116 1923 3253 1978 illud
3285 1938 3395 1978 non
3432 1923 3529 1976 ab-

1951 2014 2207 2078 horrere,
2272 2022 2333 2069 ut
2384 2015 2592 2085 aliquid
2642 2014 3034 2086 corrumpendi
3079 2021 3134 2069 et
3196 2014 3524 2084 procreandi

1949 2105 2059 2158 vim
2094 2105 2322 2170 habeat,
2357 2106 2591 2160 necdum
2628 2113 2810 2159 tamen
2843 2112 2903 2158 ut
2940 2105 3124 2174 reipsa
3157 2117 3378 2174 semper
3404 2118 3527 2158 cor-

1948 2205 2170 2267 rumpat
2199 2206 2293 2251 aut
2327 2205 2510 2253 creet:
2544 2197 2695 2268 quod
2728 2197 2988 2252 videlicet
3024 2211 3087 2251 ea
3121 2210 3245 2267 quae
3272 2210 3527 2250 corrum-

1951 2298 2159 2361 puntur
2188 2299 2243 2346 et
2273 2299 2551 2356 creantur,
2578 2290 2827 2361 ejusdem
2857 2306 2984 2346 cum
3013 2290 3134 2359 ipso
3158 2290 3254 2360 qui
3282 2303 3526 2345 corrum-

1949 2381 2030 2452 pit
2059 2390 2113 2437 et
2140 2391 2313 2449 creat,
2356 2383 2688 2438 aeternitatis
2740 2397 2865 2438 esse
2910 2397 3019 2436 non
3049 2382 3283 2451 possint.
3326 2383 3398 2434 At
3430 2392 3528 2433 vos

1948 2474 2087 2527 nihil
2121 2474 2295 2529 nihilo
2326 2475 2652 2544 productum
2688 2489 2810 2528 esse
2844 2474 3064 2540 dicitis;
3096 2487 3286 2527 verum
3322 2471 3526 2525 malum

1947 2562 2129 2631 ipsum
2151 2562 2426 2631 ejusmodi
2455 2577 2601 2625 esse,
2630 2570 2690 2616 ut
2713 2562 2957 2632 seipsum
2995 2566 3319 2630 corrumpat
3352 2566 3406 2614 et
3430 2558 3529 2615 ab-

1948 2662 2152 2707 sumat.
2188 2652 2309 2719 Quo
2348 2654 2410 2709 ﬁt
2436 2666 2497 2709 ut
2548 2655 2784 2709 materia
2828 2654 3165 2723 quandoque
3193 2652 3247 2706 id
3290 2651 3525 2716 habens,

1952 2750 2014 2796 ut
2063 2746 2311 2813 potentia
2365 2753 2608 2809 tantum,
2651 2760 2760 2800 non
2795 2752 2923 2799 actu
2962 2752 3304 2813 corrumpat,
3360 2749 3529 2813 atque

270 2844 685 2903 corrumpatur,
718 2834 1045 2905 imperfecta
1091 2842 1263 2889 esset.
1312 2822 1455 2887 illud
1487 2849 1659 2903 porro
1700 2836 1847 2903 quod
1887 2852 1952 2891 ex
1994 2838 2319 2910 imperfecto
2351 2841 2420 2896 ad
2460 2841 2765 2911 perfectum
2796 2839 3035 2910 prolicit,
3103 2838 3363 2909 principii
3430 2853 3529 2893 ex-

268 2944 397 2998 pers
425 2946 530 2982 non
554 2936 659 2982 est.
699 2928 829 2981 Nam
863 2930 909 2985 si
941 2930 1087 2998 quod
1120 2931 1478 2985 mutationem
1513 2931 1720 2985 nullam
1753 2932 2013 3000 admittit,
2050 2938 2323 3008 principio
2388 2945 2563 3003 caret,
2635 2936 2758 3007 ejus
2824 2943 2974 2992 certe
3014 2950 3215 3006 expers
3263 2949 3377 2991 non
3446 2942 3531 2990 est

272 3023 327 3075 id
360 3023 414 3075 in
443 3022 589 3090 quod
622 3022 856 3076 nmtatio
895 3022 1062 3077 cadit.

343 3112 454 3166 Καὶ
488 3113 652 3165 πάλιν
679 3129 691 3142 ·
728 3113 781 3165 τί
807 3114 1022 3183 πρῶτον
1066 3114 1166 3183 τῆς
1200 3113 1369 3184 ὕλης;
1402 3116 1434 3182 ή
1471 3114 1627 3168 οὐσία
1648 3115 1838 3183 αὐτῆς,

2017 3115 2097 3170 Ac
2122 3128 2347 3168 rursum
2376 3131 2390 3167 :
2414 3113 2545 3183 quid
2581 3115 2816 3184 primum
2839 3120 2923 3169 est
2950 3112 3006 3167 in
3041 3112 3312 3167 materia?
3336 3111 3531 3182 ejusne

272 3205 365 3275 ἦὴ
400 3205 574 3275 φθορὰ
608 3205 757 3272 ;Καὶ
797 3208 845 3258 εί
885 3205 982 3274 μὲν
1031 3207 1063 3276 ἡ
1104 3205 1301 3277 φθορὰ,
1356 3207 1616 3262 ἀδύνατον
1679 3208 1849 3274 αὐτὴν

274 3296 514 3367 ὑπάρξαι
535 3297 642 3367 πρὸ
671 3296 764 3349 τοῦ
797 3294 939 3351 εἷναι
961 3297 1421 3369 ὰναλισκομένην.
1446 3301 1509 3352 Et
1537 3300 1593 3352 δὲ
1626 3301 1660 3369 ἡ
1691 3299 1861 3361 οὐσίαν

271 3388 442 3456 αὐτῆς
499 3387 818 3458 προῦπῆρξε
869 3389 969 3457 τῆς
1014 3388 1242 3459 φθορᾶς,
1289 3390 1447 3442 οὐσία
1496 3389 1695 3459 μᾶιλλον
1756 3391 1851 3441 καὶ

274 3477 504 3548 ’ὑπαρξίς
536 3480 670 3546 ἐστι,
695 3478 788 3531 καὶ
816 3479 877 3531 οὐ
909 3478 1084 3549 φθορά
1114 3495 1129 3510 θ
1168 3480 1259 3532 καὶ
1285 3475 1353 3550 ἦν
1383 3479 1661 3548 ἀφθᾳρσία
1694 3479 1844 3544 ποτὲ,

278 3570 350 3641 μὴ
390 3570 587 3640 ἔχουσα
623 3570 869 3622 ἐναντίαν
894 3570 994 3639 τὴν
1024 3569 1253 3640 φθορὰν,
1281 3570 1373 3623 καὶ
1402 3571 1502 3623 οὐκ
1532 3572 1768 3640 ἄναρχος
1812 3571 1847 3639 ὴ

278 3662 472 3731 φθορά.
506 3663 566 3713 Εἰ
600 3662 655 3714 δὲ
686 3662 771 3713 ἀεὶ
794 3657 908 3731 ἦνή
938 3661 1096 3713 οὐσία
1125 3661 1298 3729 αὐτῆς
1323 3660 1692 3714 ἀναλίσκουσα
1719 3660 1847 3711 ἑαυ-

272 3753 388 3824 τὴν,
421 3753 536 3817 πῶς
562 3756 844 3823 προήγαγε
876 3753 1001 3816 τοὺς
1034 3752 1277 3823 καρπούς
1318 3769 1332 3819 ;
1381 3753 1443 3807 El
1476 3750 1718 3821 μερικῶς
1756 3750 1851 3802 ἁν-

272 3846 496 3914 ή).ισ›ιεν
525 3886 539 3909 ,
584 3846 645 3897 οὐ
698 3843 977 3904 παντελῶς
1035 3842 1345 3913 φθαρτικὴ,
1398 3844 1519 3896 οὐδὲ
1570 3841 1851 3905 παντελῶς

273 3935 509 4006 φθαρτὴ,
555 3935 612 3987 οὒ
649 3934 848 3997 τελέως
883 3935 1049 4003 κακή.
1086 3934 1148 3985 Εἰ
1178 3932 1234 3985 δὲ
1264 3932 1474 4003 φθαρτὴ
1502 3932 1656 3997 οὖσα,
1682 3932 1854 3985 ἐπαύ-

274 4045 404 4079 σατο
429 4026 523 4078 τοῦ
547 4026 745 4095 ἑαυτὴν
778 4025 1041 4096 φθείρειν,
1070 4026 1102 4094 ἢ
1134 4024 1302 4078 κακὸν
1351 4024 1413 4077 τὸ
1461 4023 1707 4093 φθείρειν
1756 4023 1853 4077 καὶ

270 4118 336 4171 ὲκ
368 4115 536 4171 κακοῦ
577 4119 655 4179 είς
691 4116 894 4184 ἀγαθὸν
924 4116 1138 4186 ἐτράπη
1164 4116 1234 4186 ’ἢ
1265 4115 1465 4184 ἀγαθὸν
1495 4114 1555 4167 τὸ
1584 4114 1847 4185 φθείρειν,

270 4208 365 4261 καὶ
383 4205 442 4272 ἐξ
470 4206 672 4275 ἀγαθοῦ
692 4207 880 4275 γέγονε
899 4209 1065 4276 κακή.
1099 4207 1210 4276 EH)
1237 4205 1335 4276 ὕλη
1365 4206 1553 4271 κακία,
1575 4204 1771 4276 ἑαυτὴν
1792 4206 1850 4259 δὲ

270 4299 547 4369 ἔφθειρεν,
582 4298 761 4367 ἀγαθή
800 4314 813 4328 ·
855 4298 914 4351 τὸ
943 4299 1051 4369 γὰρ
1080 4298 1299 4369 φθεῖρον
1325 4297 1386 4350 τὸ
1411 4296 1597 4361 κακὸν,
1624 4296 1847 4383 ἀγαθόν.

1956 3207 2290 3269 substantia,
2328 3221 2396 3259 an
2430 3205 2756 3275 corruptio?
2802 3204 2860 3259 Si
2913 3204 3220 3272 corruptio,
3259 3204 3531 3258 exsistere

1956 3298 2081 3353 eam
2140 3298 2487 3367 impossibile
2532 3307 2643 3360 est,
2681 3304 2741 3350 ut
2782 3311 2906 3365 quas
2956 3304 3250 3364 antequam
3286 3295 3361 3348 sit
3405 3308 3532 3348 cor-

1956 3395 2267 3458 rumpatur.
2313 3386 2408 3441 Sin
2443 3395 2629 3442 autem
2661 3388 2837 3455 ipsius
2876 3385 3185 3441 substantia
3218 3384 3532 3454 corruptio-

1956 3496 2080 3537 nem
2135 3481 2458 3545 antecessit,
2512 3481 2824 3535 substantia
2886 3479 3071 3549 potius
3102 3486 3160 3534 et
3209 3477 3531 3534 exsistentia

1954 3581 2059 3639 εει,
2094 3586 2258 3641 quam
2299 3572 2629 3641 corruptio:
2688 3580 2855 3639 atque
2900 3571 2981 3623 ita
3031 3568 3530 3638 incorruptibilitas

1956 3665 2233 3734 quondam
2268 3671 2411 3725 erat,
2451 3662 2791 3716 contrariam
2839 3662 3254 3730 corruptionem
3284 3674 3393 3714 non
3431 3658 3530 3712 ha-

1956 3756 2112 3819 bens,
2154 3767 2254 3807 nec
2282 3752 2515 3823 proinde
2569 3750 2829 3821 principii
2881 3765 3080 3820 expers
3107 3757 3193 3805 est
3220 3749 3525 3818 corruptio.

1952 3842 2049 3897 Sin
2081 3850 2265 3898 autem
2296 3842 2545 3897 materiae
2572 3842 2907 3906 substantia,
2940 3856 3067 3896 cum
3098 3856 3318 3912 semper
3352 3848 3525 3904 esset,

1950 3946 2011 3986 se
2044 3932 2435 3997 consumebat,
2466 3946 2705 4001 quonam
2750 3938 2916 4001 pacto
2959 3931 3171 3987 fructus
3220 3931 3529 4002 produxit?

1951 4024 1998 4079 si
2039 4024 2223 4094 aliqua
2260 4031 2475 4078 tantum
2505 4040 2575 4079 ex
2613 4031 2772 4094 parte
2800 4025 3192 4089 consumebat;
3239 4038 3372 4096 ergo
3402 4038 3529 4078 cor-

1956 4115 2249 4185 rumpendi
2296 4116 2404 4171 vim
2435 4131 2547 4171 non
2575 4116 2729 4170 omni
2760 4132 2829 4171 ex
2860 4123 3014 4186 parte
3041 4116 3304 4182 habebat,
3336 4130 3437 4171 nec
3470 4117 3527 4169 in

1957 4219 2077 4260 eam
2101 4205 2254 4260 omni
2284 4221 2352 4260 ex
2384 4215 2538 4276 parte
2575 4207 2864 4277 corruptio
2914 4205 3168 4272 cadebat,
3215 4222 3320 4261 nec
3368 4206 3526 4260 deni-

1956 4311 2063 4366 que
2092 4296 2241 4351 omni
2266 4304 2420 4366 parte
2448 4297 2591 4352 mala
2634 4306 2771 4352 erat.
2809 4296 2908 4352 Sin
2954 4306 3135 4351 autem
3163 4312 3287 4351 cum
3319 4298 3374 4351 in
3404 4311 3526 4352 eam

271 4392 553 4458 corruptio
578 4391 819 4454 caderet,
848 4391 969 4460 ipsa
1002 4404 1124 4445 sese
1157 4403 1514 4458 corrumpere
1541 4388 1727 4453 desiit,
1752 4394 1846 4441 aut
1886 4387 2092 4441 malum
2128 4394 2213 4443 est
2236 4402 2618 4457 corrumpere,
2652 4399 2817 4459 atque
2850 4389 2925 4443 ita
2972 4403 3041 4442 ex
3110 4387 3254 4442 malo
3305 4387 3362 4440 in
3426 4386 3527 4440 bo-

272 4498 406 4535 num
440 4488 649 4535 mutata
672 4490 798 4536 est:
840 4489 934 4535 aut
982 4482 1189 4535 bonum
1224 4488 1310 4534 est
1348 4494 1729 4549 corrumpere,
1760 4485 1928 4548 atque
1986 4478 2063 4533 ita
2113 4494 2183 4534 ex
2230 4479 2373 4534 mala
2424 4480 2570 4536 bona
2613 4480 2760 4536 facta
2800 4489 2908 4537 est.
2985 4479 3043 4533 Si
3112 4480 3342 4535 materia
3407 4494 3527 4533 ma-

273 4573 385 4624 lum
431 4578 538 4637 est,
591 4586 710 4637 cur,
773 4570 821 4626 si
874 4571 1113 4641 seipsam
1177 4570 1588 4638 corrumpebat,
1656 4567 1883 4622 minime
1958 4567 2100 4622 bona
2156 4570 2269 4624 sit?
2318 4570 2455 4627 illud
2504 4571 2651 4628 enim
2716 4587 2829 4643 quo
2873 4571 3079 4625 malum
3126 4570 3526 4640 corrumpitur,

273 4665 435 4732 plane
462 4663 666 4716 bonum
695 4670 799 4717 est.

347 4758 455 4809 Καὶ
483 4755 645 4809 πάλιν
672 4758 864 4809 εἴπατε
889 4773 903 4788 ’
937 4757 971 4827 ἡ
1002 4756 1101 4826 ὕλη
1140 4755 1255 4825 φῶς
1290 4751 1378 4826 ἦν,
1410 4755 1443 4825 ἢ
1488 4755 1710 4822 σκότος;
1751 4754 1844 4807 καὶ

2020 4750 2100 4804 Ac
2134 4763 2330 4806 rursus
2363 4749 2496 4803 illud
2527 4768 2541 4804 :
2597 4749 2830 4805 materia
2873 4750 3043 4804 luxne
3071 4759 3212 4814 erat,
3259 4764 3327 4804 an
3380 4757 3531 4805 tene-

274 4848 323 4900 εξ
349 4847 445 4917 μὲν
470 4847 622 4915 φῶς,
674 4849 774 4917 τῆς
804 4846 993 4909 οὐσίας
1041 4846 1136 4899 τοῦ
1172 4846 1380 4914 ἀγαθοῦ
1412 4861 1428 4876 ο
1479 4847 1572 4899 καὶ
1607 4846 1717 4899 ἰδοὺ
1749 4845 1849 4915 μία

274 4937 436 5009 ἁρχὴ,
462 4936 559 4989 καὶ
582 4937 642 4989 οὐ
662 4937 773 4990 δύο.
802 4937 863 4989 Et
879 4936 936 4989 δὲ
953 4936 1166 5001 σκότος,
1186 4937 1302 4999 πῶς
1326 4935 1387 4988 τὸ
1403 4937 1592 4999 σκότος
1616 4935 1845 5006 θεωρεῖ;

276 5028 339 5081 Εἰ
373 5027 484 5097 γὰρ
517 5028 729 5098 θεωρεῖ,
763 5027 879 5095 φῶς
912 5026 1025 5097 ἔχει
1048 5043 1062 5057 ·
1105 5029 1154 5079 εί
1194 5026 1250 5079 δὲ
1290 5026 1390 5079 οὐκ
1420 5026 1534 5096 ἔχει
1562 5026 1699 5094 φῶς,
1748 5042 1846 5078 τυ-

275 5117 406 5183 φλόν
440 5119 577 5173 ἐστι.
613 5119 721 5170 Καὶ
750 5118 866 5179 πῶς
895 5112 1003 5169 εἶδε
1028 5118 1089 5170 τὸ
1125 5116 1238 5184 φῶς
1269 5133 1283 5181 ;
1315 5117 1432 5180 πῶς
1458 5117 1515 5169 δὲ
1545 5118 1638 5170 καὶ
1659 5117 1849 5179 σκότος

273 5208 431 5262 ἔσται
463 5209 520 5259 ὲν
563 5207 640 5276 τῷ
679 5205 946 5277 φωτεινῷ,
997 5207 1090 5259 καὶ
1117 5207 1178 5258 οὺ
1217 5206 1511 5275 λυθήσεται
1540 5223 1554 5273 ;
1585 5207 1617 5277 ἢ
1655 5226 1672 5258 ι
1720 5206 1851 5261 ποία

278 5297 531 5351 κοινωνία
560 5302 699 5367 φωτὶ
730 5298 867 5368 πρὸς
920 5298 1108 5361 σκότος
1143 5315 1156 5361 ;
1194 5317 1213 5349 ι

350 5475 460 5527 Καὶ
493 5473 654 5527 πάλιν
692 5489 706 5505 ⁸
733 5475 764 5543 ἡ
789 5473 887 5541 ὕλη
911 5473 1043 5539 ἕξις,
1063 5476 1097 5546 ἢ
1137 5474 1196 5528 οὗ
1221 5492 1236 5540 ;
1270 5475 1364 5527 καὶ
1389 5475 1438 5526 εἰ
1469 5476 1567 5544 μὲν
1596 5476 1693 5545 οὐχ
1714 5476 1845 5541 ἕξις,

274 5564 394 5627 πῶς
415 5564 642 5634 ἐκινήθη
677 5581 692 5629 ;
725 5565 838 5617 Πᾶν
865 5564 973 5634 γὰρ
1010 5564 1071 5616 τὸ
1099 5565 1173 5635 μὴ
1210 5564 1333 5634 ἔχον
1370 5564 1536 5633 ζωὴν,
1570 5565 1847 5636 ἀκίνητον.

279 5656 340 5709 Εἰ
370 5655 425 5706 δὲ
442 5654 623 5724 ἕεις,ἣ
648 5654 888 5724 ἐξαυτῆς
910 5655 1022 5725 ἔχει
1044 5656 1139 5726 τὴν
1163 5655 1324 5725 ζωὴν,
1350 5656 1381 5723 ἢ
1407 5655 1697 5726 ἀλλαχόθεν
1721 5657 1844 5728 ἔσχε

354 5744 395 5776 ¹¹
433 5744 469 5798 ll
525 5745 647 5801 Cor.
693 5762 764 5810 vr,
796 5749 845 5800 4.

1948 4838 2095 4895 brae?
2123 4838 2171 4894 si
2202 4838 2318 4903 lux,
2352 4852 2419 4892 ex
2449 4838 2579 4892 boni
2613 4838 2781 4907 igitur
2809 4838 3120 4894 substantia
3149 4848 3269 4893 erat
3295 4856 3311 4893 :
3340 4838 3529 4908 sicque

1952 4945 2062 4984 non
2094 4930 2205 4984 duo
2280 4928 2557 4999 principia
2597 4936 2747 4992 sunt,
2804 4929 2900 4984 sed
2938 4945 3136 4984 unum.
3192 4928 3287 4984 Sin
3344 4938 3528 4985 autem

1945 5020 2213 5086 tenebrae,
2243 5034 2482 5090 quonam
2518 5027 2680 5090 pacto
2736 5020 2928 5075 vident
2960 5021 3242 5076 tenebrze?
3294 5035 3421 5074 nam
3482 5020 3527 5075 si

1947 5112 2161 5176 vident,
2198 5112 2377 5166 lucem
2412 5111 2652 5176 habent;
2696 5110 2741 5165 si
2790 5111 2914 5165 luce
2948 5119 3159 5177 carent,
3185 5125 3343 5165 caecae
3372 5118 3524 5165 sunt.

1950 5203 2189 5269 Quinam
2243 5203 2421 5257 lucem
2484 5201 2786 5257 viderunt?
2836 5216 3076 5272 quanam
3128 5202 3260 5257 item
3313 5202 3529 5257 ratione

1949 5296 2191 5351 tenebrae
2224 5297 2280 5350 in
2303 5295 2487 5349 lucido
2521 5305 2704 5359 erunt,
2741 5309 2844 5351 nec
2873 5295 3193 5350 solventur?
3218 5305 3312 5350 aut
3347 5314 3366 5346 ι
3404 5310 3527 5365 qtae

1949 5388 2187 5442 societas
2214 5388 2322 5442 luci
2357 5387 2424 5441 ad
2456 5387 2709 5443 tenebras
2742 5387 2786 5418 “
2815 5387 2838 5440 ?
2868 5406 2887 5439 ι

2020 5476 2309 5540 Praeterea,
2372 5476 2598 5531 materia
2645 5476 2729 5531 vel
2774 5476 2996 5532 habitus
3049 5485 3155 5544 cst,
3186 5477 3271 5531 vel
3302 5491 3432 5530 non.
3469 5475 3527 5530 Si

1950 5583 2062 5622 non
2097 5575 2181 5622 est
2215 5566 2459 5631 habitus,
2496 5554 2609 5638 quo
2644 5578 2804 5639 pacto
2836 5577 3043 5623 motum
3087 5567 3313 5622 habuit?
3350 5568 3525 5633 Quid-

1956 5658 2083 5729 quid
2115 5660 2259 5714 enim
2285 5659 2394 5714 vita
2426 5667 2596 5726 caret,
2631 5660 2923 5730 ncquidcm
2969 5668 3148 5729 potest
3194 5674 3253 5717 se
3284 5675 3522 5717 movere.
