3930 6206
449 299 586 366 1559

1613 307 1674 364 S.
1715 307 2033 367 JOANNIS
2076 309 2120 365 D
2135 309 2501 367 \MASCENI

3571 311 3685 373 1550

446 419 502 471 Si
541 426 724 470 autem
783 415 1006 469 habitus
1055 423 1148 468 aut
1207 431 1270 469 ex
1329 432 1388 470 se
1451 416 1618 469 vitam
1675 417 1858 481 habet,
1924 427 2011 470 aut

2128 417 2218 488 τὴν
2245 419 2410 490 ζωὴν,
2443 421 2474 490 ἧ
2501 421 2564 472 ἐκ
2590 420 2683 474 τοῧ
2712 422 2937 490 ἀγαθοῦ.
2974 425 3083 477 Καὶ
3122 424 3241 486 πῶς
3265 423 3468 490 ἀγαθὸς
3495 426 3526 476 ὁ
3554 426 3686 489 ζωῶ-

443 508 667 565 aliunde
689 553 703 575 ,
743 510 824 564 vel
864 511 1030 563 etiam
1055 525 1085 562 a
1117 509 1284 563 bono.
1338 507 1439 573 Qui
1492 524 1658 577 porro
1681 510 1861 565 bonus
1890 529 2015 567 esse

443 611 630 671 queat,
663 603 760 672 qui
794 601 938 656 malo
989 601 1156 655 vitatn
1203 601 1455 656 dederit?
1499 603 1586 658 sin
1623 618 1754 658 vero
1783 603 1851 660 ab
1882 607 2015 669 alio,

439 690 552 758 jam
591 704 702 742 non
733 689 864 751 duo,
901 689 997 743 sed
1027 689 1131 743 tria
1163 690 1436 760 principia
1461 701 1644 749 erunt.

515 780 596 834 Ad
631 781 769 844 haec,
826 780 1057 833 materia
1114 781 1197 834 vel
1239 798 1303 837 ex
1353 798 1414 837 se
1445 783 1608 838 habet
1659 792 1717 838 ut
1749 786 2022 858 principio

441 878 653 934 careat,
685 871 770 923 vel
803 870 872 922 ab
895 870 1004 922 alio
1037 871 1181 924 facta
1213 879 1319 926 est.
1344 871 1627 942 Siquidem
1658 877 1724 930 ab
1747 879 1853 930 alio
1878 876 2022 933 facta

442 968 548 1023 est,
582 959 839 1028 principii
896 974 1094 1028 expers
1126 975 1233 1013 non
1277 968 1385 1014 est.
1421 959 1516 1014 Sin
1551 971 1730 1017 autem
1765 966 2020 1035 principii

440 1065 636 1123 expers
667 1057 808 1114 erat,
842 1065 1059 1117 semper
1091 1050 1280 1103 habuit
1335 1060 1394 1104 nt
1445 1063 1609 1118 esset,
1643 1070 1742 1109 nec
1774 1073 2014 1126 unquam

443 1144 544 1193 l'uit
599 1157 723 1195 cum
760 1155 871 1194 non
917 1149 1086 1196 esset.
1135 1140 1278 1206 Quid
1315 1142 1481 1212 igitur
1507 1153 1611 1206 est,
1653 1147 2013 1214 quamobrem

438 1247 559 1285 ram
609 1232 982 1300 corruptelam
1039 1243 1382 1302 mortemque
1433 1237 1764 1304 appellatis?
1808 1239 2014 1296 Corru-

442 1322 558 1390 ptio
589 1323 735 1376 enim
770 1322 873 1375 hoc
911 1322 1088 1388 achrt,
1131 1333 1189 1377 ut
1221 1324 1428 1394 aliquid
1473 1341 1580 1379 non
1639 1329 1747 1381 sit:
1784 1335 2015 1389 materia

2124 529 2222 576 σας
2265 511 2362 582 τὴν
2388 514 2583 566 κακίαν
2617 530 2630 578 ;
2662 515 2710 566 εἰ
2749 515 2804 567 δὲ
2859 514 2919 578 ἐξ
2946 515 3128 582 ἄλλου,
3178 515 3281 569 οὐκ
3318 516 3534 569 ἔσονται
3586 518 3685 583 6'39,

2123 605 2260 659 ἀλλὰ
2298 611 2469 676 τρεῖς.

2192 783 2303 835 Καὶ
2341 782 2505 835 πάλιν
2541 799 2556 812 ·
2595 784 2627 848 ἡ
2680 781 2780 852 ὕλη
2814 782 2907 849 ἀφ’
2945 781 3146 849 ἑαυτῆς
3180 776 3249 852 ἦν
3299 781 3560 852 ἄναρχος,
3588 780 3622 850 ἦ
3648 784 3692 849 ἐξ

2120 875 2283 928 ἄλλου
2314 875 2550 941 ἐγένετο.
2576 874 2686 926 Καὶ
2720 875 2768 925 εὶ
2793 873 2893 941 μὲν
2923 873 2981 938 ἐξ
3005 873 3168 926 ἄλλου
3204 874 3446 940 ἐγένετο,
3474 875 3581 926 οὐκ
3613 875 3693 926 ἄνα

2126 982 2314 1034 αρχος.
2345 963 2408 1017 ΕΞ
2433 964 2490 1017 δὲ
2518 967 2756 1034 ἄναρχος
2791 960 2882 1034 ἦν,
2920 965 3152 1017 πάντοτε
3184 959 3295 1033 εἶχε
3322 965 3383 1017 τὸ
3408 959 3574 1029 εἶναι,
3613 968 3693 1018 καὶ

2123 1057 2382 1110 οὐδέποτε
2409 1056 2534 1126 ἔσχε
2554 1056 2616 1108 τὸ
2645 1057 2719 1125 μὴ
2749 1051 2911 1108 εἶναι.
2936 1054 3062 1117 Πῶς
3084 1055 3140 1106 δὲ
3164 1054 3350 1123 λέγετε
3371 1055 3547 1124 αὐτὴν
3578 1055 3694 1123 φθο-

2126 1149 2227 1218 ρᾶν
2259 1153 2355 1202 καὶ
2394 1148 2624 1201 θάνατον
2657 1153 2672 1212 ξ
2713 1149 2746 1216 ἠ
2792 1145 2902 1216 γὰρ
2941 1145 3119 1216 φθορὰ
3163 1146 3224 1198 τὸ
3261 1145 3336 1216 μὴ
3379 1142 3520 1198 εἶναι
3565 1165 3695 1216 παρ-

2125 1240 2239 1308 έχει
2271 1256 2284 1270 ο
2316 1241 2349 1308 ἡ
2379 1239 2434 1290 δὲ
2458 1238 2556 1307 ὕλη
2589 1239 2689 1290 οὐκ
2736 1236 2860 1304 ἔσχε
2903 1235 3035 1288 ποτὲ
3068 1236 3128 1288 τὸ
3161 1237 3234 1306 μὴ
3259 1233 3400 1290 εἶναι
3435 1251 3448 1265 ·
3481 1237 3576 1288 ἀεὶ
3601 1238 3695 1306 γὰρ

2122 1330 2211 1404 ἦν,
2230 1331 2305 1394 ὡς
2323 1330 2533 1398 λέγετε.
2573 1328 2695 1391 Πῶς
2717 1324 2810 1381 οὖν
2837 1328 2866 1380 ὃ
2891 1329 2992 1381 οὐκ
3021 1327 3156 1397 ἔχει,
3187 1327 3411 1381 δύναται
3437 1327 3665 1392 δοῦναι;

441 1423 623 1468 autem
678 1431 960 1484 nunquam
1021 1417 1232 1481 habuit,
1289 1426 1342 1471 ut
1405 1434 1512 1473 non
1562 1430 1754 1488 esset;
1809 1441 2011 1500 semper

2131 1431 2203 1484 im
2234 1436 2373 1492 erat,
2410 1438 2467 1480 ut
2501 1425 2772 1480 asseritis.
2822 1422 2925 1488 Qui
2981 1421 3038 1476 lit
3079 1436 3233 1494 ergo,
3266 1432 3326 1476 ut
3400 1423 3509 1477 hoc
3578 1423 3698 1487 dare

439 1515 627 1575 queat,
661 1523 771 1577 quo
805 1509 923 1577 ipsa
947 1509 1137 1562 caret?

508 1601 774 1674 Insuper,
804 1612 964 1658 ortus
1013 1614 1067 1659 et
1100 1607 1387 1675 corruptio
1438 1607 1581 1663 inter
1633 1625 1692 1664 se
1744 1625 2014 1681 pugnant.

440 1690 607 1748 Ortus
635 1693 858 1764 quidem
885 1705 973 1749 est
1005 1694 1127 1764 ejus
1167 1697 1316 1764 quod
1368 1712 1476 1751 non
1524 1707 1664 1764 erat,
1704 1705 1771 1753 ad
1817 1703 1921 1756 hoc
1958 1713 2017 1757 ut

437 1782 674 1837 exsistat
732 1783 1065 1852 productio:
1125 1785 1417 1853 corruptio
1479 1796 1662 1840 autem
1695 1790 2016 1848 exsistentis

443 1873 521 1926 rei
547 1871 715 1945 454
767 1875 822 1928 in
874 1875 1111 1928 nihilum
1165 1874 1479 1933 dissolutio.
1520 1880 1796 1944 Quocirca
1826 1883 1872 1937 si
1909 1900 2018 1938 ma-

439 1965 602 2029 teria,
659 1975 717 2020 ut
753 1967 909 2023 vobis
965 1968 1198 2034 videtur,
1253 1971 1565 2040 corruptela
1616 1983 1721 2038 est,
1769 1991 2010 2045 quonam

440 2065 604 2121 pacto
634 2057 852 2114 fructus
884 2060 996 2114 edit
1025 2076 1090 2115 ac
1118 2060 1336 2131 gignit?
1765 2109 1773 2117 .

507 2150 794 2222 Denique:
841 2154 1125 2224 corruptio
1156 2169 1281 2224 quae
1305 2155 1621 2211 omnimoda
1651 2158 1745 2225 sit,
1775 2159 2012 2230 seipstm

439 2243 766 2311 corrumpit.
806 2241 1022 2300 Etenim
1061 2245 1110 2299 si
1143 2245 1398 2315 seipsam
1429 2247 1760 2304 incolumem
1810 2261 2014 2319 servat,

439 2333 729 2400 oinnigtna
759 2335 1042 2403 corruptio
1073 2351 1180 2390 non
1210 2346 1317 2391 est.
1349 2336 1508 2401 Quod
1535 2339 1583 2392 si
1614 2341 1852 2409 seipsaru
1879 2357 2017 2411 quo-

437 2435 546 2488 que
574 2425 904 2490 corrumpit,
933 2425 1046 2491 jam
1071 2441 1179 2481 non
1204 2428 1334 2482 erit.

508 2514 598 2568 σι.
654 2515 884 2582 ’Δγαθὸν
930 2517 1026 2587 (id
1090 2528 1196 2584 est,
1260 2520 1492 2594 bonum)
1560 2523 1788 2590 dicitur,
1855 2527 2014 2595 quasi

436 2609 575 2676 ἄγαν
601 2607 745 2662 θέειν
769 2609 946 2664 πάντα
982 2609 1118 2681 πρὸς
1155 2611 1292 2664 αὑτό
1323 2615 1341 2680 (
1371 2614 1422 2667 id
1445 2625 1549 2680 est,
1579 2617 1720 2685 quod
1747 2617 1817 2670 ad
1842 2619 2015 2683 ipsum

437 2702 616 2754 omnia
651 2701 806 2756 citius
832 2703 1114 2774 currant),
1160 2712 1219 2758 ut
1261 2705 1412 2775 quod
1438 2717 1640 2763 natura
1681 2710 1924 2765 amabile
1962 2719 2018 2766 et

437 2790 807 2860 expetendum
837 2793 932 2854 sit,
972 2801 1028 2848 et
1059 2794 1208 2862 qum]
1246 2796 1574 2851 naturaliter
1625 2799 1813 2852 omnia
1853 2814 2019 2870 appe-

437 2889 578 2936 tant.
609 2881 812 2937 Malum
844 2892 1027 2939 autem
1056 2885 1195 2940 nihil
1250 2894 1336 2942 est
1381 2887 1552 2952 aliud,
1606 2905 1770 2959 quam
1803 2903 2017 2946 natura:

438 2991 754 3047 repugnans
789 2977 1092 3046 appetitio:
1128 2977 1235 3032 hoc
1266 2987 1369 3044 est,
1401 2994 1525 3033 cum
1554 2981 1703 3036 aliud
1736 2983 2015 3052 quidpiam

432 3083 601 3135 quam
638 3068 789 3139 quod
820 3077 1020 3123 natura
1046 3071 1419 3139 expetendum
1449 3071 1640 3138 dictat,
1683 3075 2012 3143 appetimus.

403 3161 693 3216 -Umnium
744 3177 932 3232 porro,
989 3164 1158 3218 etiam
1210 3165 1512 3230 malorum,
1574 3168 1907 3236 principium
1961 3177 2016 3222 et

435 3248 559 3302 linis
588 3257 675 3304 est
699 3249 926 3305 bonum.
961 3250 1097 3306 Boni
1127 3254 1273 3307 enim
1305 3268 1475 3309 causa
1522 3261 1633 3308 tam
1660 3258 1822 3317 bona,
1849 3273 2012 3326 quam
2043 3271 2088 3339 ο

436 3342 631 3392 horum
690 3342 972 3395 contraria
1024 3342 1186 3397 ﬁunt.
1236 3343 1372 3398 Nam
1424 3354 1478 3399 et
1524 3346 1640 3400 haec
1671 3347 1795 3401 boni
1828 3364 2015 3404 amore

434 3429 693 3484 facimus.
727 3430 921 3485 Nullus
965 3435 1167 3501 quippe
1211 3435 1414 3488 malum
1450 3436 1557 3490 sibi
1584 3437 1656 3490 ob
1689 3439 1886 3492 oculos
1916 3453 2014 3507 po-

433 3535 594 3582 nens,
628 3536 690 3574 ea
722 3535 845 3590 qua:
885 3519 1019 3576 facit
1062 3522 1229 3577 facit:
1280 3539 1345 3578 ac
1397 3526 1626 3594 proinde
1657 3543 1726 3582 ne
1755 3528 2012 3584 subsistit

429 3609 652 3678 quidem
681 3612 910 3676 malum,
945 3612 1039 3668 sed
1081 3627 1208 3668 cum
1245 3615 1393 3670 alio:
1422 3616 1569 3684 quod
1604 3619 1867 3672 nimirum
1900 3635 2010 3673 non

2193 1610 2303 1664 Καὶ
2343 1607 2543 1660 πάλινο
2591 1606 2625 1675 ἡ
2673 1605 2888 1672 γένεσις
2948 1602 3045 1653 καὶ
3097 1603 3132 1671 ἡ
3183 1599 3400 1671 φθορὰ,
3454 1600 3696 1652 ἐναντία,

2136 1701 2202 1754 Ἦ
2245 1700 2342 1769 μὲν
2372 1697 2484 1766 γὰρ
2529 1696 2764 1764 γένεσις,
2797 1695 2861 1745 ἐκ
2889 1691 2984 1744 τοῦ
3027 1690 3101 1762 μὴ
3131 1691 3281 1753 duo;
3325 1692 3407 1754 εἰς
3457 1690 3523 1742 τὸ
3569 1685 3699 1742 εἶναι

2125 1792 2434 1863 παραγωγὴ
2467 1806 2484 1819 ⁸
2513 1790 2547 1858 ἡ
2571 1787 2629 1840 δὲ
2661 1785 2858 1856 φθορὰ,
2890 1783 2984 1836 τοῦ
3004 1784 3157 1846 δντος
3202 1784 3282 1844 εἰς
3315 1783 3377 1834 τὸ
3435 1781 3514 1851 μὴ
3567 1777 3698 1832 εἶναι

2124 1885 2390 1945 διᾶλυσις.
2455 1881 2519 1933 El
2560 1875 2655 1932 οὖν
2686 1877 2791 1946 ὕλη
2823 1875 2944 1929 καθ’
2976 1875 3122 1945 ὑμᾶς
3164 1872 3362 1945 φθοράν
3397 1873 3516 1936 πῶς
3565 1874 3699 1925 ποιεῖ

2116 1975 2381 2046 καρποὺς,
2415 1971 2510 2026 καὶ
2540 1970 2704 2040 γεννᾷ
2733 1985 2749 2034 ;

2187 2154 2298 2208 Καὶ
2316 2152 2478 2206 πάλιν
2506 2168 2520 2182 ·
2549 2152 2582 2221 ἡ
2618 2148 2794 2219 φθορὰ
2823 2150 2856 2218 ἡ
2881 2146 3172 2217 παντελὴς,
3200 2146 3297 2198 καὶ
3326 2145 3519 2215 ἑαυτὴν
3547 2145 3696 2213 φθεί-

2119 2262 2225 2317 ρει.
2256 2244 2318 2297 El
2358 2244 2466 2314 γὰρ
2493 2241 2692 2311 ἑαυτὴν
2724 2241 2971 2310 συνιστᾷ,
3012 2238 3072 2292 οὐ
3105 2237 3374 2307 παντελὴς
3399 2237 3578 2308 φθορὰ
3607 2253 3624 2266 ’
3651 2238 3695 2289 εὶ

2115 2338 2174 2391 δὲ
2203 2336 2400 2408 ἑαυτὴν
2429 2333 2662 2405 φθείρει,
2697 2333 2797 2386 οὐκ
2819 2332 2996 2385 ἔσται.

2189 2515 2283 2583 ξδ’.
2327 2512 2560 2582 Ἀγαθὸν
2588 2511 2828 2580 λέγεται,
2862 2506 3014 2578 παρὰ
3039 2506 3099 2559 τὸ
3119 2505 3261 2574 ἄγαν
3294 2504 3439 2556 θεῖον
3469 2502 3694 2555 πάν-ται

2116 2609 2254 2680 πρὸς
2275 2607 2407 2660 αὑτό
2438 2623 2451 2635 ·
2487 2605 2516 2658 ὃ
2549 2604 2644 2658 καὶ
2667 2602 2829 2672 φύσει
2869 2600 3017 2653 ἐστὶν
3046 2597 3303 2670 ὲραστδν,
3340 2595 3426 2648 ui.
3454 2595 3652 2662 ἐφετῶν
3676 2608 3692 2623 ⁶

2116 2697 2179 2756 οὗ
2205 2699 2451 2770 φυσικῶς
2477 2697 2657 2750 πάντα
2701 2694 2939 2762 ἐφίεται.
2975 2691 3160 2744 Κακδν
3197 2689 3256 2742 δέ
3281 2690 3438 2749 ἐστιν,
3470 2687 3502 2754 ή
3533 2684 3694 2754 παρὰ

2119 2794 2280 2864 φύσιν
2314 2792 2522 2860 ἔφεσις,
2547 2789 2844 2849 τουτέστιν,
2882 2786 3011 2838 ὅταν
3036 2783 3224 2855 ἕτερόν
3246 2799 3302 2834 τι
3335 2779 3479 2848 παρὰ
3503 2778 3564 2828 τὸ
3582 2776 3693 2844 cpti-

2119 2902 2202 2938 σει
2227 2883 2424 2952 ἐφετὸν
2460 2878 2750 2950 ἐφιέμεθα.
2784 2878 3034 2940 Πάντων,
3074 2876 3170 2928 καὶ
3203 2873 3312 2926 τῶν
3343 2869 3528 2923 κακῶν
3550 2867 3700 2937 ἁρχὴ

2118 2975 2215 3027 καὶ
2244 2973 2419 3036 τέλος,
2474 2971 2592 3023 ἐστὶ
2616 2969 2678 3022 τὺ
2717 2967 2921 3035 ἀγαθόν
2944 2983 2958 2996 ⁸
3009 2965 3103 3018 τοῦ
3147 2963 3258 3033 γὰρ
3298 2960 3500 3028 ἀγαθοῦ
3535 2960 3700 3010 ἕνεκα

2118 3067 2317 3130 πάντα,
2343 3064 2439 3117 καὶ
2471 3063 2572 3115 ὃσα
2611 3060 2817 3129 ἀγαθὰ,
2844 3059 2940 3112 καὶ
2985 3058 3083 3110 ὃσα
3128 3056 3367 3108 ἐναντία.
3423 3054 3538 3104 Καὶ
3593 3053 3702 3120 γὰρ

2118 3159 2212 3211 καὶ
2233 3157 2406 3208 ταῦτα
2437 3155 2771 3224 πράττομεν,
2798 3154 2860 3205 τὸ
2897 3151 3100 3219 ἀγαθὸν
3133 3147 3429 3208 ποθοῦντες
3455 3162 3468 3174 °
3527 3144 3702 3204 οὐδεὶς

2118 3249 2227 3320 γὰρ
2275 3248 2356 3311 εἰς
2405 3246 2467 3299 τὸ
2505 3245 2674 3298 κακὸν
2728 3243 3076 3307 ἀποϐλέπων,
3131 3243 3277 3293 ποιεί
3338 3238 3483 3307 ἅπερ
3537 3237 3703 3288 τῃιεῖ.

2122 3341 2215 3394 Διὸ
2253 3340 2374 3393 οὐδὲ
2422 3340 2722 3391 ὑπόστασιν
2751 3335 2862 3405 ἔχει
2903 3335 2962 3386 τὸ
3008 3333 3204 3394 κακὸν,
3253 3330 3392 3384 ἀλλὰ
3443 3327 3702 3398 παρυπά-

2121 3450 2332 3496 στασιν,
2354 3430 2448 3483 τοῦ
2472 3428 2681 3496 ἀγαθοῦ
2707 3428 2890 3490 ἕνεκα,
2923 3425 3016 3478 καὶ
3041 3426 3139 3493 οὐχ
3157 3422 3348 3475 ἑαυτοῦ
3375 3420 3669 3488 γινόμενον
3685 3432 3702 3445 ·

2119 3527 2229 3578 πᾶν
2261 3523 2370 3594 γὰρ
2395 3521 2702 3589 γινόμενον,
2736 3517 2854 3589 ῆδι’
2879 3515 3087 3583 ἀγαθὸν
3115 3515 3344 3582 γίνεται,
3367 3511 3398 3581 ἦ
3420 3510 3506 3562 διὰ
3531 3524 3706 3576 νομι-

2114 3617 2176 3681 ζὸ
2183 3632 2341 3685 μενον
2375 3611 2597 3682 ἀγαθόν.

430 3702 519 3756 sui
578 3716 769 3764 causa,
818 3701 918 3758 sed
966 3702 1097 3758 boni
1131 3715 1501 3774 perpetretur.
1547 3707 1826 3778 Quidquid
1858 3709 2006 3764 enim
2048 3704 2129 3772 ﬁt,
2161 3713 2254 3759 aut
2286 3704 2416 3758 boni
2463 3715 2630 3755 causa
2669 3701 2749 3765 lit,
2789 3706 2884 3752 aut
2917 3696 3040 3767 ejus
3108 3693 3259 3765 quod
3304 3693 3499 3748 bonum
3571 3698 3710 3745 esse

428 3797 728 3865 opinamur
757 3797 824 3850 “.

498 3890 588 3944 65.
625 3889 682 3943 lu
735 3905 982 3946 errorem
1014 3908 1042 3946 a
1083 3892 1195 3946 Deo
1258 3893 1443 3961 agitur
1488 3894 1756 3964 propheta
1805 3896 1874 3960 ⁸³,
1919 3894 2004 3950 vel

430 3981 540 4036 Deo
567 3982 745 4052 ipsum
774 3998 874 4051 pro
914 3984 1236 4052 cupiditatis
1260 3983 1384 4053 ejus
1412 3986 1611 4040 merito
1645 3987 1906 4040 aberrare
1940 3986 2008 4041 si-

427 4082 594 4126 nente
624 4091 652 4131 ε,
693 4073 775 4127 vel
809 4087 937 4128 eum
967 4074 1176 4142 aliquid
1224 4073 1493 4144 przedicit,
1519 4089 1584 4129 ac
1618 4073 1767 4130 Deus
1790 4076 1896 4129 alia
1924 4073 2007 4127 l'a-

428 4164 527 4226 eit,
562 4179 726 4233 quam
759 4181 881 4234 quae
923 4165 1275 4234 praedixerat,
1309 4175 1442 4220 tunc
1475 4166 1534 4220 in
1563 4181 1806 4221 errorem
1837 4181 1867 4219 a
1897 4166 2009 4220 Deo

427 4263 586 4309 actus
613 4270 738 4310 esse
765 4255 993 4319 dicitur,
1028 4255 1134 4310 hoc
1164 4264 1250 4310 est
1283 4259 1606 4326 impostura‘.
1629 4256 2001 4312 convincitur.

496 4345 588 4400 66.
636 4346 892 4401 Jamvero
951 4346 1057 4401 hoc
1137 4346 1298 4404 velim
1352 4347 1510 4403 nobis
1569 4347 1894 4417 expediatis,
1972 4364 2006 4402 o

426 4437 734 4500 Manicltmi,
786 4439 1037 4501 materia,
1072 4453 1239 4508 quam
1283 4439 1508 4502 malum,
1543 4448 1597 4495 et
1644 4441 1923 4506 tenebras,
1952 4451 2006 4495 et

2179 3887 2270 3953 ξε⁶.
2289 3887 2564 3941 Πλανᾶται
2588 3886 2692 3938 ὑπὸ
2713 3882 2849 3937 Θεοῦ
2867 3883 3174 3955 προφήτης,
3191 3882 3224 3951 ἢ
3244 3879 3334 3932 τοῦ
3354 3876 3493 3932 Θεοῦ
3521 3896 3714 3948 παρα-

2101 3980 2405 4052 χωροῦντας
2452 3978 2611 4033 αὑτὸν
2664 3976 3028 4047 πλανηθῆναι,
3069 3975 3214 4026 κατᾶ
3255 3972 3352 4042 τὴν
3414 3971 3522 4039 τῆς
3575 3973 3710 4022 '53-.-

2109 4075 2308 4144 θυμίας
2333 4073 2486 4140 ἀξίαν
2515 4071 2703 4135 αὐτοῦ,
2736 4071 2769 4140 ἢ
2794 4070 3096 4140 προλέγων,
3139 4067 3233 4120 καὶ
3263 4064 3356 4118 τοῦ
3382 4063 3530 4116 Θεοῦ
3565 4063 3710 4118 ἄλλα

2113 4165 2399 4228 ποιοῦντος
2446 4162 2577 4234 παρ’
2633 4163 2670 4216 ἃ.
2732 4163 2986 4232 προεῖπε,
3044 4157 3429 4228 πεπλανῆσθαι
3474 4155 3717 4226 λέγεται

2113 4257 2221 4312 ὑπὸ
2249 4256 2405 4321 Θεοῦ,
2441 4255 2686 4308 τουτέστι
2718 4254 2918 4315 πλάνος
2943 4250 3351 4321 ἀποδειχθῆναι.

2185 4348 2290 4414 ξς.
2324 4348 2530 4402 Εἴπατε
2563 4343 2658 4399 οὖν
2690 4347 2844 4415 ἡμῖν,
2875 4337 3226 4413 ὧΜανιχαῖοι
3255 4358 3269 4370 ·
3296 4343 3328 4411 ἡ
3359 4340 3489 4409 ὕλη,
3533 4343 3607 4412 ἣν
3629 4340 3722 4392 λέ-

2113 4457 2238 4508 γετε
2269 4439 2487 4503 κακίαν,
2525 4437 2621 4490 καὶ
2648 4437 2858 4502 σκότος,
2891 4437 2984 4488 καὶ
3035 4434 3263 4503 φθορὰν,
3293 4434 3387 4484 καὶ
3441 4431 3721 4495 θάνατον,

426 4531 826 4598 corruptelam,
869 4539 923 4584 et
967 4505 1201 4586 mortem
1229 4531 1540 4600 appellatis,
1576 4547 1853 4602 quamque
1884 4535 2006 4588 sine

2128 4505 2365 4602 ivapxov,
2400 4530 2717 4591 καὶ-ἀΐδιον,
2764 4527 2919 4580 οὐσία
2948 4523 3037 4596 ἦν,
3087 4527 3120 4596 ἦ
3153 4523 3506 4594 συμϐεϐηκός
3537 4543 3556 4587 ς
3608 4524 3724 4576 Καὶ

425 4620 698 4688 principio
749 4628 804 4673 et
847 4629 1110 4676 aeternam
1155 4636 1279 4676 esse
1332 4622 1691 4688 contenditis,
1740 4624 2006 4678 substan-

425 4710 577 4763 tiane
611 4718 751 4771 erat,
785 4725 854 4764 an
887 4711 1190 4766 accidens?
1217 4711 1274 4766 Si
1305 4713 1649 4768 substantia:
1690 4715 1778 4769 vel
1805 4729 2009 4785 corpus

423 4809 566 4864 erat,
605 4810 664 4854 ut
708 4810 881 4864 terra,
924 4815 1090 4871 aqua,
1137 4817 1252 4868 aer,
1301 4803 1480 4872 ignis;
1527 4813 1624 4859 aut
1653 4819 1884 4874 corpore
1915 4822 2007 4861 va-

423 4891 609 4957 cabat,
655 4901 715 4946 ut
759 4892 928 4956 Deus,
974 4895 1229 4964 angelus,
1269 4895 1492 4948 anima:
1535 4903 1632 4949 aut
1665 4895 1908 4966 denique
1936 4913 2005 4953 ex

423 4997 662 5052 corpore
698 4992 755 5039 et
787 4985 1111 5055 incorporea
1162 4994 1360 5039 natura
1413 4987 1722 5055 composita
1749 4996 1888 5042 erat.
1919 4987 1999 5042 Ac

429 5073 700 5141 siquidem
743 5089 946 5144 corpus
993 5083 1134 5139 erat,
1182 5071 1411 5130 inimota
1459 5078 1735 5132 manebat.
1784 5077 2000 5149 Corpus

419 5165 571 5220 enim
616 5181 781 5222 omne
815 5168 1117 5222 inanimum
1166 5179 1275 5233 est,
1311 5185 1377 5224 ac
1423 5179 1572 5224 motu
1622 5179 1794 5226 caret.
1830 5171 2002 5227 Porro

505 5300 548 5330 "
589 5297 813 5370 Dionys.
837 5315 958 5372 cap.
1005 5301 1055 5356 ι.
1090 5300 1164 5356 De
1193 5301 1299 5355 div.
1334 5318 1472 5355 nam.
1509 5301 1535 5372 ᾗ
1575 5302 1661 5357 51.

2109 4625 2157 4675 εἰ
2187 4622 2284 4692 μὲν
2309 4621 2488 4686 οὐσὶα,
2521 4621 2554 4690 ἦ
2583 4621 2742 4690 σῶμα
2781 4615 2871 4690 ἦν,
2897 4613 3011 4671 οἷον
3041 4617 3140 4686 γῆ,
3168 4617 3332 4685 Camp,
3359 4616 3496 4684 ἀὴρ,
3560 4615 3685 4685 πῦρ

2109 4713 2143 4783 ἦ
2179 4712 2492 4780 ἀσώματον,
2537 4705 2646 4764 οἷον
2683 4712 2836 4774 Θεὸς,
2893 4710 3149 4778 ἄγγελος,
3187 4709 3332 4779 ψυχή
3362 4723 3376 4736 ο
3415 4709 3445 4779 ῆ
3484 4710 3564 4760 ὲκ
3607 4706 3721 4760 cib-

2111 4823 2284 4875 ματος
2324 4806 2419 4858 καὶ
2476 4803 2768 4874 ἀσωμάτου
2812 4804 3067 4866 σύνθετος
3096 4803 3243 4860 ,Καὶ
3284 4801 3332 4852 εἰ
3365 4800 3465 4870 μὲν
3521 4801 3725 4870 σῶμα,

2109 4897 2367 4966 ἀκίνητος
2396 4891 2486 4966 ἦν.
2518 4896 2632 4948 Πᾶν
2662 4895 2772 4966 γὰρ
2827 4894 3010 4964 σῶμα,
3041 4893 3250 4963 ἄψυχον
3281 4893 3375 4944 καὶ
3411 4892 3724 4962 ἀκίνητον.

2106 4989 2217 5041 Καὶ
2237 4987 2350 5051 πῶς
2373 4987 2449 5058 μὴ
2473 4982 2964 5057 κινουμένη,ἦλθεν
2999 4986 3080 5048 εἰς
3102 4987 3170 5038 τὰ
3198 4986 3323 5052 ὅρια
3341 4983 3439 5035 τοῦ
3464 4985 3679 5051 φωτὸς
3711 5000 3726 5046 ;

2109 5079 2273 5150 ἢπῶς
2298 5081 2423 5150 ἑσχε
2446 5081 2658 5150 κίνησιν
2681 5080 2746 5150 ;ἢ
2770 5082 2798 5132 ὁ
2821 5079 3046 5147 ἀγαθὸς,
3073 5079 3168 5132 καὶ
3189 5079 3289 5130 οὐκ
3303 5076 3547 5142 ἀγαθὸς,
3579 5081 3614 5130 ὁ
3645 5078 3729 5129 δε-

2109 5170 2301 5233 δωκὼς
2320 5174 2386 5242 τῇ
2409 5171 2576 5240 κακίᾳ.
2605 5172 2819 5242 κίνησιν
2841 5187 2855 5201 ο
2873 5170 2908 5238 ἢ
2931 5169 3087 5232 ἄλλος
3104 5169 3303 5222 ἔδωκεν
3324 5169 3468 5239 αὐτῇ
3494 5169 3615 5239 τὴν
3639 5171 3728 5222 κί-

1759 5305 1805 5334 "
1845 5301 2042 5357 Ezech.
2103 5318 2214 5369 xw,
2252 5303 2306 5358 9.

1721 5414 1957 5471 VARUE
1999 5415 2406 5473 LECTIONES.

490 5537 520 5566 η
550 5525 909 5606 Ιίειιῃειανίιιε
940 5526 1087 5606 legit
1119 5525 1278 5606 θέειν·
1304 5525 1604 5606 πάνταηεῑ
1633 5524 1688 5578 in
1717 5524 1898 5580 Sirleti
1935 5524 2143 5606 codicis
2171 5542 2289 5606 ora,
2326 5525 2648 5606 posLQgiov,
2683 5526 2974 5606 quemdam
3007 5525 3298 5606 scripsisse
3333 5527 3728 5606 aitparticu-

424 5594 529 5667 lam
577 5598 610 5667 ἢ
643 5597 772 5667 sive,
801 5596 898 5651 vel.
935 5594 1108 5667 Quam

1148 5593 1384 5668 quidem
1410 5595 1719 5668 lectionem
1753 5596 2095 5668 commodam
2125 5593 2404 5651 existimat
2430 5597 2652 5652 Billius:
2691 5593 2784 5650 sed
2813 5593 3138 5668 Leunclavii
3169 5595 3477 5649 emendatio
3533 5605 3730 5668 magis

422 5663 849 5738 placet'._l}onum
872 5669 1015 5721 enim
1043 5663 1307 5738 deliniant
1334 5664 1663 5736 philosophi,
1694 5665 1832 5735 quod
1859 5668 2038 5721 omnia
2073 5678 2338 5736 appetunt,
2379 5669 2526 5738 quod
2557 5668 2741 5723 omnia
2778 5667 2944 5723 citato
2997 5680 3162 5722 cursu
3232 5663 3678 5735 [διοεειιιιυυιιιὶ
3711 5685 3728 5736 ;

423 5743 585 5802 atque
613 5733 668 5788 id
698 5734 878 5801 ipsum
922 5739 1089 5792 series
1119 5735 1342 5790 indicat.

1403 5831 1448 5861 ,ί
1500 5837 1517 5849 ,ί
