3930 6206
289 256 424 322 1561

1268 268 1651 334 DIALOGUS
1702 276 2000 337 CONTRA
2040 256 2518 347 MANICHIEOS.

3405 294 3539 359 1562

287 388 445 441 νησιν
470 371 621 443 παρά
646 373 734 425 τὸν
757 372 956 440 ἀγαθόν
984 389 996 404 °
1021 375 1115 427 καὶ
1151 376 1360 432 ἔσονται
1389 385 1537 452 τρεῖς
1565 385 1751 455 ἀρχαὶ,
1773 388 1864 440 καὶ

1969 389 2015 444 si
2046 391 2271 448 immota
2305 407 2443 459 erat,
2476 412 2709 466 quonam
2744 403 2903 457 modo
2935 403 3002 458 ad
3034 404 3175 460 lucis
3211 404 3347 460 ﬁnes
3371 407 3540 476 agita-

282 462 350 514 οὐ
371 462 485 515 δύο.
519 463 582 515 Ei
604 463 661 515 δὲ
688 462 897 530 λέγετε,
950 466 1031 517 ὅτι
1070 466 1360 537 ἀσώματος
1380 466 1447 540 ἦν
1481 474 1514 541 ἡ
1548 472 1645 543 ῦλη
1664 516 1677 537 ,
1703 476 1865 528 πόθεν

288 554 493 631 σῶμα;
527 556 558 624 ἡ
591 554 700 624 γὰρ
725 554 1018 625 ἀσώματος
1052 558 1147 610 καὶ
1181 560 1413 631 ἄναρχος
1446 564 1633 628 οὐσία,
1671 566 1733 617 οὐ
1774 567 1867 619 δύ-

286 628 449 695 ναται
478 645 557 705 είς
584 644 739 712 σῶμα
756 647 1053 715 τραπῆναι.
1093 648 1261 701 Πόθεν
1290 628 1386 703 οῦν
1431 654 1462 721 ἡ
1496 654 1868 725 ἀναρίθμητος

284 732 396 784 τῶν
432 734 702 802 σωμάτων
742 736 953 806 πληθύς
988 757 1000 803 ;
1029 740 1090 791 Ei
1120 740 1176 792 δὲ
1234 740 1491 795 σύνθετον
1544 745 1735 815 είπητε
1768 748 1866 817 τὴν

286 820 422 890 ὕλην
452 822 510 884 ἐξ
538 825 833 894 ἀσωμάτου
867 828 962 879 καὶ
1004 828 1280 899 σώματος,
1314 832 1507 899 γνῶτε,
1551 835 1632 886 ὅτι
1672 836 1866 890 ἀδύνα-

282 928 375 963 τον
394 911 651 966 σύνθετον
681 918 935 984 γενέσθαι
966 919 1275 989 ἄνθρωπον,
1300 926 1347 974 εί
1375 924 1448 993 μὴ
1482 926 1545 977 ὲκ
1569 926 1749 997 ψυχῆς
1772 930 1865 982 καὶ

286 1002 563 1071 σώματος.
614 1009 724 1061 Καὶ
758 1010 1016 1063 ἀδύνατον
1064 1014 1319 1079 γενέσθαι
1351 1016 1533 1086 σῶμα.
1565 1019 1614 1069 εί
1667 1020 1741 1090 μὴ
1802 1023 1866 1074 ἐκ

283 1094 394 1145 τῶν
420 1095 611 1149 ἁπλῶν
651 1099 951 1168 στοιχείων,
980 1102 1081 1172 τῆς
1102 1102 1228 1171 γῆς,
1262 1105 1357 1157 καὶ
1385 1107 1478 1158 τοῦ
1516 1106 1727 1172 ὓδατος,
1772 1110 1867 1164 καὶ

286 1181 384 1234 τοῦ
414 1184 595 1255 ἀέρος,
631 1187 723 1238 καὶ
748 1187 841 1240 τοῦ
870 1190 1061 1257 πυρός.
1098 1192 1217 1262 Χρὴ
1241 1192 1335 1246 οὖν
1363 1196 1586 1264 πρῶτον
1630 1194 1767 1251 εἶναι
1796 1201 1867 1254 τά

290 1273 464 1337 ἁπλᾶ,
501 1276 593 1327 καὶ
623 1277 746 1329 τότε
774 1279 1029 1345 γενέσθαι
1087 1283 1151 1334 ἐκ
1207 1282 1317 1337 τῶν
1359 1286 1546 1339 ἁπλῶν
1589 1288 1862 1345 σύνθετον.

292 1366 548 1420 Ἔσονται
576 1362 670 1422 οὖν
698 1370 759 1421 οὐ
819 1370 912 1423 δύο
938 1372 1131 1442 ἀρχαὶ,
1158 1374 1296 1428 ἀλλά
1320 1380 1491 1447 τρεῖς.
1530 1378 1717 1443 Οὕτως
1739 1380 1866 1433 ἀδύ-

285 1472 444 1507 νατον
475 1457 711 1528 ἄναρχον
742 1456 881 1513 εἶναι
926 1460 1024 1531 τὴν
1048 1461 1181 1532 ὓλην
1206 1480 1219 1493 ·
1264 1466 1358 1519 καὶ
1409 1470 1457 1520 εἰ
1508 1468 1763 1531 σύνθετος
1806 1470 1866 1534 ἐξ

283 1546 581 1615 ἀσωμάτου
613 1550 706 1602 καὶ
735 1550 1008 1620 σώματος,
1045 1553 1136 1607 διά
1160 1555 1214 1607 τί
1240 1557 1339 1609 οὐκ
1378 1558 1600 1628 ἐποίησε
1631 1559 1724 1612 τὸν
1768 1560 1864 1614 ἄν·

284 1634 507 1702 θρωπον
553 1639 617 1692 ὲκ
647 1642 747 1711 τῆς
793 1641 1091 1711 ἀσωμάτου
1148 1646 1315 1699 αὑτοῦ
1369 1648 1585 1715 φύσεως
1645 1650 1739 1703 καὶ
1770 1651 1861 1703 τοῦ

283 1722 539 1796 σώματος
562 1747 577 1795 ;
670 1750 671 1753 π

1968 481 2117 536 tione
2147 489 2428 551 pervenit?
2466 497 2559 542 aut
2587 505 2825 558 quonam
2858 504 3015 563 pacto
3049 505 3253 550 motum
3306 497 3540 551 habuit?

1968 580 2063 624 aut
2112 574 2256 626 enim
2283 590 2313 627 a
2348 580 2490 631 bono
2539 588 2745 633 motum
2799 585 3046 652 accepit;
3083 595 3248 653 atque
3278 586 3413 640 adeo
3451 587 3540 641 ille

1967 660 2144 716 bonus
2169 678 2277 717 non
2304 666 2408 719 erit
2430 710 2443 732 ,
2471 670 2562 737 qui
2592 671 2737 724 malo
2766 680 2974 726 motum
3003 674 3250 729 dederit:
3283 684 3376 729 aut
3409 692 3541 745 pne-

1966 756 2050 803 ter
2078 751 2285 807 bonum
2322 757 2463 812 alius
2494 768 2577 814 est
2625 764 2717 829 qui
2774 762 2877 830 ipsi
2910 774 3115 817 motum
3164 765 3357 818 indidit
3386 784 3401 832 ;
3430 768 3540 820 sic-

1967 856 2074 909 que
2128 845 2232 897 tria
2288 849 2556 919 principia
2604 862 2758 915 sunt,
2808 868 2916 906 non
2960 854 3088 907 duo.
3136 853 3192 907 Si
3244 867 3424 908 autem
3452 858 3539 910 hic

1967 928 2150 987 dicitis
2180 937 2324 1003 quod
2366 940 2600 993 materia
2634 943 2957 1011 incorporea
3007 952 3163 1009 erat;
3200 946 3344 999 unde
3374 946 3541 1015 igitur

1970 1019 2028 1073 ﬁt
2051 1025 2297 1092 corpus?
2327 1042 2504 1095 neque
2524 1029 2668 1081 enim
2708 1029 3031 1100 incorporea
3061 1048 3123 1086 ac
3149 1034 3422 1103 principio
3450 1051 3542 1088 ca~

1966 1125 2095 1167 rens
2122 1116 2437 1171 substantia
2482 1120 2538 1172 in
2575 1134 2776 1191 corpus
2817 1123 2955 1175 verti
2987 1132 3189 1191 potest.
3224 1125 3380 1180 Unde
3411 1142 3541 1195 ergo

1965 1203 2385 1262 innumerabilis
2442 1210 2559 1264 haec
2626 1226 2915 1281 corporum
2980 1214 3275 1269 multitudo
3356 1217 3544 1271 ﬂuxit?

1969 1293 2064 1348 Sin
2099 1304 2279 1351 autem
2314 1302 2599 1354 materiam
2632 1318 2695 1357 cx
2726 1304 3055 1373 incorporeo
3080 1312 3133 1359 ct
3156 1320 3385 1374 corpore
3412 1323 3543 1361 con-

1966 1392 2173 1438 cretam
2207 1385 2378 1443 fuisse
2421 1389 2707 1455 dixeritis,
2750 1393 2883 1447 illud
2931 1410 3094 1449 nosse
3130 1411 3229 1450 vos
3259 1396 3539 1461 convenit,

1966 1474 2082 1528 ﬁeri
2118 1490 2225 1530 non
2257 1493 2443 1546 posse,
2471 1490 2530 1535 ut
2557 1481 2740 1548 homo,
2769 1484 2870 1538 nisi
2905 1500 2969 1539 ex
2996 1486 3176 1539 anima
3207 1496 3261 1541 et
3314 1501 3544 1555 corpore

1966 1566 2306 1634 compositus
2338 1571 2444 1635 sit;
2499 1585 2599 1624 nec
2623 1588 2820 1627 rursus
2853 1573 2965 1629 ﬂeri
3002 1590 3185 1644 posse,
3225 1562 3538 1645 ut'corpus,

1965 1658 2071 1711 nisi
2098 1674 2164 1714 ex
2206 1661 2553 1731 simplicibus
2585 1664 2893 1731 elementis,
2934 1667 3036 1721 hoc
3071 1675 3154 1722 est
3178 1675 3346 1731 terra,
3378 1684 3539 1737 aqua,

1895 1733 1938 1787 Β
1970 1760 2097 1802 aere
2138 1757 2194 1803 et
2250 1751 2400 1821 igne.
2439 1753 2725 1808 conﬂetur.
2765 1755 3035 1821 Quocirca
3085 1758 3236 1826 prius
3270 1758 3541 1823 simplicia

278 1831 407 1871 esse
435 1833 726 1874 necessum
774 1827 883 1888 est,
926 1836 989 1876 ac
1022 1831 1135 1876 tum
1172 1822 1408 1893 denique
1432 1839 1495 1879 ea
1540 1826 1679 1893 ﬂeri;
1734 1843 1857 1899 quae
1893 1846 1963 1885 ex
1991 1835 2340 1906 simplicibus
2365 1848 2652 1895 constant.
2694 1841 3038 1913 Proindeque
3075 1822 3182 1899 non
3244 1822 3393 1907 duo,
3446 1846 3541 1900 sed

280 1908 390 1962 tria
422 1910 694 1979 principia
735 1912 924 1966 futura
954 1923 1103 1969 sunt.
1130 1913 1209 1968 Ex
1233 1931 1342 1984 quo
1374 1915 1703 1986 intelligitur
1777 1920 1895 1975 ﬂeri
1972 1940 2079 1979 non
2129 1942 2315 1998 posse,
2368 1942 2428 1985 ut
2472 1933 2701 1986 materia
2756 1908 3023 2003 principio
3070 1944 3274 1989 careat.
3308 1937 3450 2002 Quin
3491 1938 3539 1991 si

282 2004 397 2056 hare
433 2016 498 2056 ex
526 2002 851 2071 incorporeo
883 2012 937 2058 et
965 2018 1199 2075 corpore
1233 2012 1473 2071 constat,
1507 2008 1639 2076 quid
1665 2025 1845 2067 causa:
1873 2020 1959 2068 est
1987 2035 2005 2074 :
2038 2020 2393 2091 quamobrem
2442 2022 2719 2078 hominem
2752 2041 2817 2078 ex
2884 2002 3209 2095 incorporea
3271 2043 3370 2083 sua
3438 2044 3541 2083 na~

280 2100 406 2144 tura
432 2098 487 2145 et
519 2106 584 2145 ex
616 2106 848 2161 corpore
874 2108 978 2149 suo
1006 2108 1116 2147 non
1154 2094 1383 2150 fecerit?

357 2180 455 2244 ξξό
494 2200 512 2233 ι
562 2184 781 2248 Ἄκουε,
818 2184 1039 2253 οὐρανὲ,
1072 2187 1172 2238 καὶ
1208 2186 1489 2253 ἐνωτίζου,
1514 2192 1547 2260 ή
1586 2190 1686 2261 γῆ,
1734 2210 1753 2243 ι
1786 2222 1859 2233 _

285 2290 305 2322 ι
329 2272 589 2341 Πρόσεχε,
607 2274 665 2325 οὐ
676 2275 823 2343 ρανὲ,
844 2274 938 2329 καὶ
959 2275 1196 2346 λαλήσωο
1223 2279 1317 2331 καὶ
1344 2280 1607 2347 ἀκουέτω,
1639 2283 1732 2353 γῆ,
1757 2283 1859 2353 pf)-

285 2381 432 2431 ματα
459 2365 524 2417 ὲκ
552 2366 818 2434 στόματός
844 2384 968 2435 μου.
1011 2385 1031 2419 ι
1068 2367 1305 2439 Λαλήσω
1333 2370 1442 2441 γὰρ
1474 2373 1719 2442 ῥήματα,
1758 2376 1860 2428 οὐκ

288 2456 431 2525 ὲμῆς
456 2456 705 2525 καρδίας,
730 2456 865 2510 ἀλλά
892 2457 1001 2512 τῶν
1055 2460 1460 2530 ὲσκοτισμένων
1503 2464 1599 2516 καὶ
1657 2481 1862 2533 μεμια-

285 2545 497 2615 σμένων
514 2547 833 2616 Μανιχαίων
853 2564 867 2578 ⁸
891 2549 1187 2614 ἀκούσατε,
1213 2551 1355 2615 λαοὶ,
1388 2552 1572 2620 φυλαὶ,
1591 2554 1858 2622 γλῶσσαι,

281 2633 573 2688 ἀκούσατε.
613 2635 709 2686 Ἐν
738 2634 965 2705 θέατρον
995 2638 1239 2704 γενέσθω
1274 2641 1515 2710 σήμερον
1571 2643 1599 2693 6
1628 2644 1857 2713 οὐρανὸς

280 2725 373 2777 καὶ
404 2727 437 2795 ἡ
463 2725 559 2794 γῆ.
621 2725 942 2791 Ἀκούσατε,
994 2730 1049 2781 τί
1104 2728 1360 2797 λέγουσιν
1390 2732 1438 2782 οἱ
1470 2731 1860 2803 ἐπικατάρατοι

278 2817 594 2883 Μανιχαῖοι,
624 2817 672 2867 οί
701 2817 1078 2886 ὲσκοτιαμένοι
1125 2820 1256 2888 περ)⁵
1287 2820 1348 2873 τὸ
1402 2820 1535 2889 φῶς,
1586 2822 1646 2874 τὸ
1685 2824 1857 2893 στόμα

276 2904 374 2958 τοῦ
402 2905 671 2959 διαὸόλου.
696 2908 982 2974 Λέγουσιν,
1016 2910 1097 2961 ὅτι
1127 2910 1179 2983 ’δ
1204 2909 1301 2980 ὕλη
1348 2910 1657 2983 ἐπολέμησε
1715 2914 1854 2982 μετά

276 2995 374 3049 τοῦ
402 2997 561 3060 Θεοῦ,
592 2997 686 3050 καὶ
728 2998 1000 3051 ἀνέσπασε
1028 3000 1193 3069 μέρος
1218 3000 1311 3052 ἀπ’
1342 3001 1529 3056 αὑτοῦ.
1582 3004 1857 3074 Περιγρα-

280 3088 412 3140 πτὸν
448 3087 664 3155 λέγουσι
686 3090 778 3142 τὸν
798 3088 952 3156 Θεὸν,
981 3090 1341 3160 πολεμοῦντα,
1388 3095 1483 3146 καὶ
1516 3094 1860 3166 πολεμούμε-

278 3196 387 3241 νον,
417 3181 511 3232 καὶ
539 3178 895 3249 λυπούμενον,
939 3182 1030 3234 καὶ
1057 3183 1510 3253 ἀποτεμνόμενον.
1546 3186 1868 3256 Πολεμείται

276 3273 306 3323 6
333 3270 466 3333 Θεὸς
492 3288 505 3334 ;
541 3270 934 3324 Ἀποκόπτεται
955 3274 982 3324 6
1008 3272 1141 3335 Θεός
1167 3291 1181 3338 ;
1202 3274 1383 3343 υῐμοι,
1416 3276 1590 3345 οίμοιῖ
1611 3278 1711 3330 οὐκ
1736 3281 1871 3332 ἀπο-

281 3359 581 3429 κτενοῦμεν
604 3360 799 3424 αὑτούς
825 3380 840 3428 ;
890 3362 950 3414 οὐ
981 3363 1117 3433 πυρὶ
1148 3366 1604 3435 καταναλώσομεν
1623 3386 1636 3433 ;
1658 3369 1870 3433 τούτοις

279 3452 642 3523 ὀμιλήσομεν;
666 3453 887 3517 τούτους
906 3455 987 3516 είς
1008 3456 1294 3509 κοινωνίαν
1312 3456 1574 3528 δεξόμεθα
1594 3476 1607 3524 ;
1630 3461 1659 3512 6
1675 3476 1866 3513 κοινω-

280 3542 385 3595 νῶν
406 3543 613 3607 αὐτοῖς,
639 3544 826 3613 ὅμοιος
845 3544 1027 3597 αὐτῶν
1045 3546 1184 3611 ἐστι,
1214 3547 1424 3615 καὶτῆς
1451 3548 1665 3615 μερίδος
1691 3550 1868 3604 αὐτῶν

279 3636 452 3699 ἔσται,
486 3637 580 3687 καὶ
597 3638 655 3688 ὲν
678 3634 757 3705 τῷ
782 3635 877 3688 νῦν
909 3636 1091 3703 αἰῶνι,
1116 3638 1209 3690 καὶ
1236 3637 1384 3707 ἐντῷ
1410 3637 1671 3707 μέλλοντι.
1690 3640 1869 3692 Ἀδελ-

281 3727 392 3794 (pot,
422 3726 673 3780 κοινωνία
718 3727 981 3794 λέγεται;
1047 3728 1428 3797 ἀποθάνωμεν,
1480 3728 1571 3780 καὶ
1622 3727 1697 3797 μὴ
1712 3727 1869 3792 δεξώ-

282 3818 423 3886 μεθα
440 3820 519 3881 είς
542 3818 828 3873 κοινωνίαν
847 3819 1317 3888 τοὺςΜανιχαίους
1337 3836 1351 3849 ⁶
1372 3818 1753 3887 ἀποθάνωμεν,
1781 3818 1869 3871 ἵνα

278 3908 532 3979 ζήσωμεν
558 3927 572 3940 ο
593 3912 622 3962 6
635 3910 924 3980 δεχόμενος
941 3910 1136 3973 αὐτοὺς
1154 3912 1234 3973 είς
1245 3910 1551 3972 κοινωνίαν,
1566 3910 1868 3978 Μανιχαίός

280 4002 447 4063 ἐστιν,
479 4003 664 4071 ὅμοιος
694 4002 894 4055 αὐτῶν.
941 4001 1206 4071 Κρεῖττόν
1232 4002 1382 4055 ἐστιν
1427 4002 1737 4066 Ἰουδαϊσαι,
1761 4002 1865 4061 καὶ,

293 4092 544 4145 Ἰουδαῖον
595 4093 908 4156 ἀποθανεῖν,
967 4093 1112 4163 ἥπερ
1151 4094 1480 4162 κοινωνῆσαι
1524 4096 1639 4157 τοῖς
1690 4095 1865 4148 Μανι-

278 4183 475 4252 χαίοις.
502 4179 572 4235 Ὦ
597 4185 704 4237 ἀπὸ
736 4185 844 4238 τῶν
875 4194 900 4223 ν
930 4186 1281 4255 Μανιχαίωνι
1334 4185 1606 4239 ἀκούσατε
1636 4187 1700 4257 δὴ
1731 4186 1866 4257 πρὸς

278 4274 440 4338 Θεοῦ,
487 4269 533 4327 ὧ
581 4275 792 4345 ἄνδρες,
849 4276 1118 4330 ἀκούσατε
1179 4277 1232 4329 τί
1282 4294 1446 4347 φησιν
1493 4280 1521 4331 6
1581 4278 1865 4342 θεόλεστος

279 4363 488 4431 Μάνης.
519 4366 632 4417 υῦκ
663 4365 800 4428 ἐστι,
844 4368 1031 4437 φησὶν,
1056 4368 1084 4419 6
1111 4366 1316 4436 κόσμος
1360 4366 1455 4418 τοῦ
1508 4366 1666 4433 Θεοῦ,
1722 4367 1862 4420 ἀλλά

2034 2194 2124 2249 67.
2153 2213 2174 2246 ι
2198 2196 2360 2261 Audi,
2393 2198 2617 2262 cmlum,
2648 2207 2702 2253 ct
2718 2200 2945 2254 auribus
2976 2201 3214 2272 percipe,
3247 2210 3391 2258 terra
3433 2204 3535 2257 ἰδ

1961 2282 2127 2353 455
2188 2302 2207 2335 ι
2228 2283 2485 2349 Attende,
2546 2287 2768 2352 malum,
2801 2298 2855 2343 et
2888 2290 3115 2359 loquar;
3173 2293 3360 2367 audiat
3393 2300 3541 2347 terra

1962 2373 2126 2428 verba
2164 2376 2282 2431 oris
2310 2377 2501 2433 mei".
2540 2396 2559 2428 ι
2606 2378 2831 2448 Loquar
2860 2381 3008 2433 enim
3040 2383 3229 2447 verba,
3274 2398 3385 2436 non
3418 2399 3543 2438 cor-

1962 2461 2050 2517 dis
2113 2463 2245 2525 mei,
2298 2466 2395 2519 sed
2446 2466 2692 2521 tenebris
2750 2468 3057 2522 obsitorum
3089 2478 3143 2523 et
3200 2470 3542 2539 impurorum

1964 2548 2415 2606 Manichaeorum.
2475 2554 2696 2618 Audite,
2758 2554 2970 2624 populi.
3028 2556 3248 2620 tribus,
3313 2558 3541 2626 linguae,

1964 2642 2172 2696 audite.
2193 2644 2404 2698 Caelum
2432 2652 2486 2699 et
2503 2654 2647 2698 terra
2675 2661 2843 2698 unum
2878 2645 3041 2700 hodie
3069 2647 3346 2701 theatrum
3384 2649 3537 2702 liant.

1960 2731 2163 2785 Audite
2197 2732 2329 2800 quid
2364 2727 2753 2787 exsecrabiles'
2780 2732 3066 2786 Manichtei
3106 2734 3315 2796 dicant,
3340 2736 3395 2789 in
3421 2736 3541 2803 ipsa

1955 2821 2085 2876 luce
2140 2822 2463 2892 caligantes,
2527 2837 2699 2891 osque
2732 2836 2861 2876 vere
2924 2821 3153 2879 diaboli.
3199 2825 3371 2878 Aiunt
3429 2840 3545 2878 ma-

1957 2911 2153 2966 teriam
2202 2906 2325 2967 cum
2355 2912 2461 2967 Deo
2514 2912 2850 2975 conﬂixisse,
2873 2920 3192 2983 partemque
3227 2913 3295 2966 ab
3318 2928 3387 2968 eo
3416 2915 3544 2968 abs—

1966 3006 2220 3059 traxisse.
2309 3004 2805 3074 Circumscriptum
2894 3004 3062 3057 Deum
3134 3004 3356 3069 dicunt,
3445 3004 3544 3072 qui

1971 3107 2272 3167 oppugnet,
2328 3106 2382 3152 et
2413 3104 2785 3166 oppugnetur,
2818 3110 3054 3150 maerore
3086 3096 3216 3149 item
3250 3094 3542 3158 aﬂiciatur,

1973 3196 2027 3241 et
2060 3193 2395 3255 amputetur.
2428 3186 2592 3251 Quid,
2648 3184 2792 3240 Deus
2823 3185 2967 3240 bello
2994 3185 3336 3240 lacessitur?
3397 3184 3544 3239 Deus

1974 3277 2361 3331 abscinditur?
2393 3275 2436 3331 Ο
2462 3292 2547 3331 me
2597 3277 2896 3331 miserum!
2936 3293 3045 3331 non
3108 3292 3206 3331 eos
3244 3276 3547 3331 interﬁcie-

1970 3384 2096 3423 mus
2117 3370 2140 3420 ?
2161 3384 2266 3421 non
2294 3368 2532 3423 ﬂammis
2549 3368 2945 3423 absumemus?
2973 3383 3096 3422 cum
3125 3368 3209 3422 his
3230 3382 3543 3423 sermonem

1970 3433 2367 3511 miscebim'us?
2406 3457 2520 3511 Hoc
2566 3458 2631 3511 ad
2671 3458 3120 3512 communionem
3173 3458 3547 3527 recipiemus?

1969 3547 2233 3616 Quisquis
2267 3562 2393 3601 cum
2438 3549 2525 3602 his
2554 3550 2948 3611 communicat,
2989 3550 3184 3603 horum
3207 3550 3409 3604 similis
3436 3558 3543 3615 est,

1969 3652 2309 3707 consorsque
2359 3653 2551 3692 eorum
2593 3638 2703 3691 erit
2760 3647 2875 3690 tum
2912 3640 2967 3691 in
3020 3640 3124 3693 hoc
3167 3655 3305 3701 aevo,
3342 3648 3457 3693 tum
3487 3642 3543 3694 in

1968 3730 2177 3784 futuro.
2229 3728 2476 3792 Fratres,
2537 3730 2856 3783 communio
2910 3744 3039 3783 cum
3086 3730 3197 3785 illis
3231 3730 3546 3785 indicitur?

1968 3827 2201 3874 mortem
2263 3822 2418 3889 prius
2446 3826 2801 3887 oppetamus,
2825 3833 2991 3888 quam
3023 3828 3083 3873 ut
3118 3819 3450 3875 Manichaeos
3475 3820 3545 3874 ad

1967 3911 2410 3965 communionem
2442 3910 2819 3966 admittamus.
2846 3910 3164 3977 Moriamur,
3196 3912 3541 3967 utvivamus.

1967 4001 2071 4067 Qui
2107 4016 2203 4056 eos
2227 4001 2293 4055 ad
2324 4001 2775 4055 communionem
2802 4001 3031 4069 excipit,
3067 4001 3403 4057 Manichaeus
3430 4012 3541 4065 est,

1966 4092 2327 4162 ipsorumque
2372 4091 2589 4146 similis.
2629 4089 2975 4146 Judaismum
3022 4090 3268 4159 proﬁteri
3321 4102 3545 4160 praesta-

1966 4193 2068 4248 ret,
2105 4194 2199 4239 aut
2235 4186 2288 4238 in
2325 4183 2615 4239 Judaismo
2673 4183 2832 4246 mori,
2869 4198 3034 4250 quam
3096 4184 3542 4238 communionem

1965 4292 2091 4331 cum
2164 4275 2479 4330 Manichaeis
2513 4275 2735 4329 habere.
2772 4274 2973 4328 Procul
3006 4282 3123 4329 este
3144 4289 3174 4327 a
3206 4273 3541 4330 Manichaais.

1965 4364 2165 4420 Audite
2186 4379 2281 4434 per
2308 4363 2500 4430 Deum,
2527 4378 2628 4417 vos
2653 4364 2927 4426 obtestor,
2968 4363 3090 4428 viri,
3122 4364 3253 4432 quid
3287 4363 3544 4434 perditis-

278 4451 375 4505 τοῦ
413 4453 685 4508 διαόόλου.
752 4454 1221 4527 ’Δπαλλοτριῶσαι
1258 4468 1285 4493 ι
1314 4456 1464 4523 ἡμᾶς
1497 4454 1745 4523 βούλεται
1771 4454 1862 4508 τοῦ

1972 4458 2145 4512 simus
2186 4457 2290 4511 iste
2318 4455 2504 4509 Manes
2531 4454 2696 4509 dicat.
2738 4454 2994 4519 Mundus,
3034 4456 3133 4520 ait,
3164 4470 3273 4509 non
3307 4466 3392 4509 est
3424 4454 3540 4517 Dei,

282 4544 418 4597 Θεοῦ
468 4546 646 4615 ἡμῶν.
693 4546 802 4599 Καὶ
833 4546 1099 4617 ἐλυπήθη,
1135 4546 1323 4615 φησιν,
1362 4548 1389 4597 6
1432 4546 1585 4610 Θεὸς,
1633 4548 1715 4599 ὄτι
1758 4548 1869 4600 ἀπ-

283 4636 454 4706 εκόπη
492 4637 658 4707 μέρος
682 4638 775 4690 ἀπ’
803 4637 990 4704 αὑτοῦ,
1019 4638 1112 4690 καὶ
1141 4636 1416 4690 ὲπόνεσεν.
1462 4637 1585 4690 Ἐὰν
1616 4638 1867 4710 ἀπεκόπη

287 4727 455 4797 μέρος
484 4730 580 4781 ἀπ’
610 4730 799 4794 αὑτοῦ,
821 4731 915 4783 καὶ
943 4729 1181 4799 φθαρτός
1210 4730 1347 4781 ἐστι.
1393 4730 1509 4783 Πᾶν
1540 4731 1649 4801 γάρ
1688 4731 1748 4784 τὸ
1776 4749 1861 4784 τε·

292 4819 576 4887 μνόμενον,
629 4822 867 4892 φθαρτόν
919 4824 1086 4874 ἐστιν.
1148 4819 1412 4888 Ἐσύλησε
1466 4822 1561 4874 καὶ⁵
1612 4824 1857 4893 ἥρπαξε,

288 4911 475 4980 φησὶν,
515 4914 548 4982 ή
579 4914 748 4965 κακία
790 4913 961 4982 ’μέρος
993 4911 1101 4965 ἀπδ
1152 4909 1245 4962 τοῦ
1272 4912 1429 4976 Θεοῦ,
1458 4914 1554 4965 καὶ
1598 4914 1686 4966 διὰ
1709 4915 1868 4969 τοῦτο

253 5002 495 5071 ίπέμπει
532 5006 561 5057 6
592 5004 747 5068 Θεὸς,
778 5004 871 5057 καὶ
913 5003 1069 5072 συλᾷ,
1118 5002 1213 5055 καὶ
1244 5002 1479 5071 ἁρπάζει
1508 5004 1570 5055 τὸ
1612 5006 1775 5074 μέρος
1805 5007 1867 5057 τὸ

288 5094 520 5164 συληθὲν
566 5098 661 5149 ἀπ’
705 5094 893 5148 αὑτοῦ.
945 5094 1160 5166 Λῃστάς
1200 5092 1333 5145 Θεοῦ
1375 5095 1635 5162 είσάγεις,
1671 5091 1715 5148 ὦ
1751 5097 1864 5149 036'-

288 5186 480 5253 ).εστε;
520 5187 654 5239 ἀ).λά
684 5188 777 5240 καὶ
820 5186 1091 5257 μηχανὰς,
1138 5184 1322 5253 φησὶν,
1359 5185 1617 5255 ἐποίησεν
1648 5191 1674 5241 ὀ
1712 5188 1868 5254 Θεὸς,

363 5364 407 5395 ’⁸
458 5364 561 5418 lsa.
597 5382 637 5431 ι,
692 5367 747 5421 2.
853 5368 897 5398 ’⁸
938 5366 1091 5422 Οειιι.
1133 5383 1304 5434 xxx”,
1344 5370 1392 5422 l.

1978 4547 2075 4602 sed
2116 4547 2360 4601 diaboli.
2406 4546 2676 4600 Nimirum
2711 4561 2817 4601 nos
2849 4562 2877 4599 a
2912 4546 3022 4600 Deo
3083 4556 3271 4600 nostro
3308 4546 3546 4599 alienare

1976 4638 2180 4693 studet.
2244 4637 2478 4692 Indoluit
2505 4637 2675 4703 Deus,
2714 4639 2913 4706 inquit,
2950 4636 3097 4707 quod
3143 4638 3324 4706 portio
3360 4636 3457 4690 abs
3484 4651 3546 4689 se

1974 4736 2123 4784 esset
2169 4729 2442 4786 abscissa.
2500 4731 2665 4799 Atqui
2693 4731 2739 4785 si
2774 4744 2900 4798 pars
2927 4730 2995 4783 ab
3044 4743 3108 4783 eo
3131 4728 3313 4782 decisa
3347 4737 3452 4791 εει,
3479 4727 3533 4779 in

1975 4820 2097 4890 ipso
2155 4836 2376 4891 quoque
2400 4823 2687 4890 corruptio
2738 4822 2918 4875 locum
2972 4821 3154 4874 habet.
3201 4820 3338 4873 Nam
3398 4818 3544 4887 quod

1974 4918 2310 4977 amputatur,
2342 4910 2690 4978 corruptioni
2730 4909 3037 4962 obnoxium
3067 4916 3172 4961 est.
3205 4906 3545 4969 Malum,ait,

1974 5011 2184 5069 partem
2218 5001 2331 5056 Deo
2360 5002 2639 5070 praedatus
2669 5010 2779 5066 est,
2808 5009 2863 5055 et
2894 5000 3129 5055 abstulit
3166 5016 3178 5051 :
3212 4999 3283 5053 ob
3314 5012 3547 5067 eamque

1974 5108 2200 5148 causam
2231 5094 2401 5147 mittit
2433 5092 2597 5157 Deus,
2625 5107 2734 5161 quo
2758 5098 2968 5160 partem
3004 5099 3249 5159 ereptam
3274 5088 3381 5143 sibi
3412 5102 3549 5155 pne-

1976 5187 2139 5240 detur
2167 5194 2221 5241 et
2248 5184 2484 5239 auferat.
2508 5181 2605 5237 Dei
2644 5181 2985 5252 praadatorcs
3015 5178 3347 5243 introducis,
3366 5193 3399 5233 ο
3418 5192 3546 5249 pcr-

1586 5450 1813 5507 VARIA‘J
1842 5450 2240 5507 LECTIONES.

368 5581 389 5649 γ
424 5569 548 5649 Nisi
565 5587 649 5625 me
685 5586 908 5649 prorsus
946 5572 1082 5628 fallit
1116 5573 1398 5645 judicium,
1432 5570 1608 5641 inquit
1638 5570 1847 5638 Dillius,
1880 5568 2116 5633 ἀτόπων,
2150 5564 2439 5638 legendum
2471 5573 2573 5621 est.
2656 5576 2680 5604 ι
2714 5560 2878 5618 Basil.
2922 5558 3199 5631 βούλονται
3257 5558 3405 5630 ἡμᾶς
3438 5555 3547 5611 ἀπ-

299 5639 393 5695 ολλ
408 5641 651 5714 ,τριῶσαι
687 5639 824 5695 τοῦ.
