3962 6202
383 290 521 354 1563

379 399 659 454 ditissime
707 397 730 448 ?
767 403 822 448 at
858 393 1048 460 etiam,
1109 393 1309 463 inquit,
1353 391 1636 446 machinas
1683 391 1954 447 exstruxit

381 491 560 553 Deus;
599 486 856 539 nimirum
903 484 1191 538 duodecim
1255 481 1445 544 cados,
1479 489 1532 534 et
1559 480 1752 544 solem,
1786 488 1840 532 et
1870 479 1958 532 lu-

381 594 534 634 nam.
591 586 647 630 ut
683 576 830 644 quod
864 589 1023 628 suum
1075 582 1217 637 erat,
1262 572 1556 642 reciperet.
1588 569 1706 634 Qua
1740 567 1958 622 tandem

381 669 448 724 de
481 682 648 722 causa
677 666 700 718 ?
733 665 990 718 utbonus
1017 662 1266 716 immisso
1297 665 1422 733 igne
1455 659 1721 713 mundum
1743 665 1959 721 exurat,

381 770 694 830 cunctaque
719 760 922 823 deleat,
955 774 1019 813 ac
1049 759 1332 812 materiam
1372 755 1591 810 inferne
1620 756 1675 809 in
1710 770 1815 811 suo
1841 757 1961 810 loco

384 862 634 924 reponat,
672 853 998 919 animasque
1039 852 1162 903 illas
1196 865 1318 918 quae
1368 847 1578 902 Manent
1636 863 1743 901 non
1773 861 1962 902 susce-

385 948 567 1016 perint
588 947 652 996 ’⁸.
678 945 879 999 Audite
899 943 1030 1012 quid
1063 942 1155 996 Dei
1193 941 1550 996 adversarius
1575 940 1744 1004 dicat,
1780 955 1961 1008 quan-

387 1048 610 1106 tumque
643 1037 888 1089 materiae
917 1036 1027 1087 vim
1069 1034 1274 1087 tribuat
1304 1050 1319 1087 :
1352 1033 1444 1086 Dei
1473 1031 1732 1087 altissimi
1768 1040 1962 1099 poten-

387 1128 516 1180 tiam
551 1125 752 1191 dejicit.
804 1124 1044 1177 Primum
1105 1123 1251 1176 enim
1304 1123 1379 1175 ait
1439 1122 1736 1190 spoliatum
1789 1120 1962 1175 fuisse

389 1218 578 1271 Deum.
613 1215 656 1270 Ο
687 1215 1119 1270 imbecillitatem
1153 1214 1165 1266 ι
1210 1213 1452 1267 Denmnc
1477 1227 1658 1266 meum
1697 1211 1962 1266 imbecil—

388 1307 494 1362 lem
527 1306 698 1361 dicis?
727 1314 780 1357 at
814 1305 956 1358 ultro
998 1303 1185 1358 forsan
1230 1303 1514 1371 libensque
1547 1302 1600 1356 id
1630 1316 1827 1370 passus
1853 1309 1958 1356 est.

389 1397 503 1454 Cur
567 1413 699 1465 ergo
731 1411 967 1450 mmrore
1001 1395 1232 1449 allectus
1273 1395 1396 1458 fuit,
1430 1394 1476 1448 si
1533 1393 1619 1449 vis
1653 1393 1756 1463 ipsi
1813 1393 1961 1446 illata

390 1509 500 1548 non
559 1491 680 1545 est?
707 1489 879 1544 Nemo
906 1489 1050 1543 enim
1084 1496 1283 1557 sponte
1339 1502 1439 1542 sua
1474 1486 1674 1556 perdit,
1702 1500 1765 1540 ac
1791 1484 1962 1539 dolet.

1582 287 1640 347 S.
1681 285 2002 346 JOANNIS
2042 284 2475 344 DAMASCENI

2064 389 2271 442 δώδεκα
2301 391 2519 454 κάδους,
2565 393 2775 448 καὶτὸν
2803 398 2970 468 ἥλιον,
3004 402 3100 456 καὶ
3132 402 3233 473 τὴν
3286 403 3545 473 σελήνην,
3567 406 3650 459 ἵνα

2061 479 2204 551 λάϐῃ
2233 480 2291 530 τὸ
2321 479 2468 534 ἴδιον.
2505 479 2620 536 Ἵνα
2649 483 2701 536 τί
2729 486 3031 542 τελευταῖον
3051 491 3282 561 γένηται
3315 508 3329 556 ;
3366 493 3487 545 Ἵνα
3512 493 3649 564 πέμ-

2061 569 2136 639 ψῃ
2165 570 2274 641 πῦρ
2307 573 2335 624 ὁ
2371 572 2595 639 ἀγαθὸς,
2639 576 2732 627 καὶ
2769 577 2944 649 καύσῃ
2989 581 3080 633 τὸν
3127 583 3368 652 κόσμον,
3422 585 3521 636 καὶ
3561 587 3650 637 άν-

2061 661 2245 732 αλώσῃ
2277 663 2474 726 πάντα,
2510 665 2604 717 καὶ
2626 667 3051 742 ἀποκαταστήσῃ
3081 673 3178 742 τὴν
3213 674 3350 742 ὕλην
3380 675 3536 728 κάτω
3568 678 3649 740 εις

2060 752 2151 804 τὸν
2209 752 2374 805 τόπον
2425 754 2526 822 τῆς
2564 755 2754 825 αὐτῆς,
2807 760 2905 811 καὶ
2957 761 3055 821 τὰς
3087 761 3267 831 ψυχὰς
3297 765 3392 826 τὰς
3441 767 3521 834 μὴ
3553 765 3643 817 δεμ

2064 841 2300 910 ξαμένας
2333 841 2422 894 τὸν
2453 843 2726 900 Μάνεντα.
2775 849 3094 912 Ἀκούσατε,
3134 849 3226 905 οἷα
3250 853 3393 920 λέγει
3425 857 3454 907 ὁ
3479 857 3643 910 ἀντί-

2061 933 2211 995 δικος
2238 932 2332 985 τοῦ
2353 933 2512 997 Θεοῦ,
2537 936 2712 1006 πόσην
2734 938 2966 1010 δύναμιν
2994 942 3180 994 δίδωσι
3208 947 3276 1013 τῇ
3311 943 3438 1017 ὕλη·
3464 964 3645 999 κατα-

2063 1024 2251 1078 ϐάλλει
2285 1025 2378 1077 τοῦ
2423 1026 2558 1078 Θεοῦ
2590 1027 2683 1080 τοῦ
2734 1030 2962 1098 ὑψίστου
3002 1033 3104 1102 τὴν
3132 1034 3380 1103 δύναμιν.
3421 1037 3646 1107 Πρῶτον

2066 1116 2166 1185 μέν
2197 1133 2380 1185 φησιν,
2407 1118 2489 1170 ὅτι
2521 1119 2758 1190 ἐσυλήθη
2791 1122 2886 1174 καὶ
2931 1123 3167 1194 ἐκλάπη.
3200 1126 3262 1178 Ὢ
3295 1125 3592 1195 ἀδυναμίας
3628 1128 3644 1179 ι

2061 1208 2152 1260 τὸν
2201 1209 2335 1262 Θεόν
2389 1226 2489 1278 μου
2547 1210 2728 1278 λέγεις
2773 1212 3076 1279 ἀδύνατονς
3115 1214 3255 1266 Ἀλλ’
3302 1215 3448 1268 ἑκὼν
3507 1233 3656 1286 παρ-

2063 1299 2330 1369 εχώρησε.
2366 1301 2488 1362 Πῶς
2519 1296 2610 1354 οῦν
2644 1302 2909 1373 ἐλυπήθη,
2955 1307 3004 1357 εἰ
3033 1305 3108 1376 μὴ
3157 1307 3388 1376 ἐϐιάσθη
3420 1324 3434 1370 ;
3467 1308 3661 1369 Οὐδεὶς

2064 1391 2355 1460 προδίδωσι
2395 1391 2464 1444 τὰ
2495 1393 2690 1446 ἐαυτοῦ
2721 1394 3005 1459 ἑκουσίως,
3036 1398 3131 1449 καὶ
3185 1378 3465 1450 λυπεῖται.
3497 1398 3561 1449 Ei
3601 1398 3660 1450 δὲ

2070 1483 2156 1534 ἵνα
2199 1482 2274 1552 μὴ
2324 1484 2730 1555 κατακυριευθῇ
2771 1487 2800 1538 ὁ
2839 1485 3006 1549 τόπος
3041 1487 3231 1551 αὑτοῦ,
3281 1489 3358 1558 μὴ
3404 1489 3662 1559 δυνηθεὶς

391 1582 548 1649 Quod
582 1584 649 1645 si,
683 1597 752 1636 ne
787 1582 944 1635 locus
973 1581 1150 1650 ipsius
1190 1587 1576 1650 occuparetur,
1603 1593 1728 1631 cum
1757 1578 1964 1647 alioqui

2081 1573 2238 1632 ἱλλως
2293 1574 2685 1641 περιγενέσθαι
2725 1578 2825 1645 τῆς
2867 1575 3021 1646 ὕλης,
3075 1577 3361 1647 ἐλυπήθη,
3403 1579 3525 1640 πῶς
3555 1579 3660 1632 οὐκ

391 1673 676 1726 materiam
725 1685 987 1739 superare
1028 1685 1138 1724 non
1193 1677 1401 1739 posset,
1439 1668 1602 1736 diripi
1653 1683 1712 1724 se
1765 1683 1964 1736 passus

2081 1664 2336 1734 ὶδύναμος
2362 1683 2378 1730 ;
2417 1663 2536 1719 εἶτα
2567 1667 2818 1720 λυπεῖται
2847 1669 2940 1720 καὶ
2985 1668 3277 1732 κολάζεται
3305 1671 3366 1722 τὸ
3397 1670 3570 1739 μέρος
3599 1672 3661 1723 τὸ

394 1769 498 1822 est,
536 1761 629 1828 qui
656 1760 839 1813 afferri
870 1760 1066 1828 possit,
1115 1760 1250 1828 quin
1311 1759 1688 1813 imbecillitate
1731 1758 1962 1812 laboret.

2081 1755 2159 1806 Ξιπ’
2191 1755 2393 1811 αὐτοῦ·
2428 1757 2520 1808 καὶ
2569 1756 2903 1826 τεχνάζεται,
2947 1759 3041 1811 καὶ
3095 1761 3342 1829 μηχανὰς
3396 1763 3655 1826 ποιεῖται,

392 1847 588 1906 Postea
651 1851 706 1904 in
769 1864 1003 1904 maerore
1038 1860 1308 1912 versatur,
1344 1864 1409 1902 ac
1463 1863 1590 1917 pars
1621 1864 1740 1918 qua:
1774 1848 1843 1901 ab
1900 1863 1966 1903 eo

394 1942 584 1996 avulsa
616 1941 920 1996 cruciatur.
946 1943 1131 2010 Itaque
1159 1943 1386 1994 technas
1410 1940 1652 2003 adhibet,
1677 1949 1730 1994 et
1756 1938 1966 1992 Inachi-

394 2047 496 2086 nas
522 2033 706 2095 struit,
749 2031 977 2100 utquod
998 2047 1158 2084 sumn
1190 2038 1297 2095 est,
1322 2029 1506 2098 capiat
1537 2047 1550 2083 :
1585 2037 1640 2082 at
1665 2045 1733 2084 ne
1760 2029 1812 2084 id
1840 2028 1966 2098 qui-

394 2121 518 2176 dem
578 2123 850 2192 integrum
901 2123 1118 2191 recipit.
1189 2123 1404 2176 Etenim
1447 2124 1645 2175 animae
1706 2121 1812 2174 illa:
1845 2135 1968 2188 qua:

396 2212 613 2268 liianem
679 2213 837 2282 sequi
892 2223 1244 2278 recusarunt,
1312 2221 1578 2266 aeternum
1640 2212 1968 2281 puniuntur.

396 2303 711 2359 Extremum
766 2305 868 2359 hoc
921 2313 1024 2365 est,
1075 2304 1222 2372 quod
1284 2304 1512 2358 materia
1572 2304 1770 2357 iterum
1825 2307 1976 2368 post-

396 2409 562 2460 quam
581 2395 848 2448 adversus
873 2393 1742 2462 bonuminsurrexerit,eumque
1771 2391 1976 2444 afﬂixe—

397 2485 490 2546 τίς,
522 2484 673 2536 nullo
702 2483 917 2537 tandem
943 2490 1164 2552 accepto
1184 2483 1311 2537 inde
1339 2483 1691 2543 detrimento,
1726 2494 1886 2562 suum
1909 2480 1976 2532 ad

2074 1843 2161 1895 ἵνα
2216 1843 2354 1913 λάϐῃ
2398 1844 2461 1896 τὸ
2503 1843 2656 1907 ἴδιον,
2697 1845 2795 1898 καὶ
2832 1845 2955 1899 οὐδέ
2991 1847 3112 1900 ὅλον
3154 1849 3535 1918 ἀπλαμὸάνει
3563 1850 3660 1903 τὸν

2075 1932 2204 1986 ἴδιον
2231 1948 2244 1963 ο
2276 1935 2332 1985 αἱ
2369 1928 2701 2004 γάρ’ψυχαὶ,
2745 1937 2803 1987 αἱ
2837 1936 2913 2005 μὴ
2943 1937 3382 2008 ἀκολουθήσασαι
3427 1939 3507 2008 τῷ
3536 1940 3660 1994 Μά-

2073 2042 2216 2078 νεντι
2251 2027 2330 2088 εἰς
2377 2026 2547 2079 αἰῶνα
2587 2027 2906 2090 κολάζονται
2947 2046 2961 2058 ·
2995 2030 3092 2081 καὶ
3126 2029 3454 2095 τελευταῖον,
3483 2034 3514 2101 ἠ
3549 2030 3652 2101 ὕλη

2073 2115 2233 2168 πάλιν
2259 2117 2315 2167 ἐν
2335 2119 2448 2178 τοῖς
2479 2116 2630 2178 ἰδίοις
2655 2118 2844 2178 τόποις
2883 2120 3230 2173 στασιάσασα
3277 2122 3370 2173 τὸν
3421 2122 3651 2188 ἀγαθὸν,

2073 2205 2168 2258 κα)⁸
2197 2204 2457 2272 θλίψασα,
2500 2205 2638 2276 αὑτὴ
2671 2207 2727 2260 δὲ
2760 2207 2834 2277 μὴ
2861 2208 3133 2273 θλιὸεἰσα,
3165 2211 3306 2264 ἀλλὰ
3342 2213 3404 2264 τὸ
3433 2212 3655 2281 ἔσχατον

2078 2296 2210 2367 προς
2235 2297 2297 2349 τὸ
2332 2296 2462 2350 ἴδιον
2491 2297 2980 2368 παλινδρομήσασα
3017 2303 3157 2370 μετὰ
3182 2303 3280 2355 καὶ
3297 2304 3403 2356 τῶν
3436 2304 3646 2372 ψυχῶν,

2077 2389 2185 2442 τῶν
2213 2389 2285 2458 μὴ
2315 2390 2692 2442 πιστευσασῶν
2713 2399 2742 2439 1
2771 2391 2848 2460 τῷ
2877 2393 3142 2447 Μάνεντι.
3181 2394 3343 2448 Ἀλλὰ
3371 2396 3534 2464 τυχὸν
3559 2397 3657 2449 καὶ

2081 2479 2242 2532 πάλιν
2271 2479 2668 2544 ἀναστήσεται.

398 2573 578 2624 locum
636 2573 956 2637 recurrerit,
995 2589 1106 2628 una
1163 2589 1286 2629 cum
1337 2574 1626 2628 animabus
1661 2573 1792 2636 illis,
1825 2585 1949 2639 quae
1990 2569 2383 2626 Maniminime
2411 2571 2785 2627 crediderunt.
2847 2572 2918 2626 At
2989 2572 3231 2630 fortasse
3251 2591 3473 2631 rursum
3539 2577 3655 2645 ipsa

396 2677 616 2740 quoque
648 2661 776 2716 hinc
807 2670 1068 2732 emerget.

468 2751 557 2805 68.
613 2752 785 2808 Dicite
835 2755 995 2809 nobis
1027 2795 1043 2814 .
1089 2769 1123 2809 ο
1183 2753 1464 2810 Maniclwei
1507 2754 1784 2809 :materia
1846 2768 1970 2809 cum

400 2846 552 2914 prius
576 2844 758 2915 quieta
787 2853 954 2909 esset,
992 2846 1226 2911 bonane,
1257 2860 1325 2899 an
1362 2847 1502 2900 mala
1539 2846 1694 2900 erat?
1723 2845 1778 2898 Si
1810 2845 1974 2910 mala,

403 2943 589 3005 postea
654 2936 821 3005 igitur
879 2938 1116 2991 excitata
1152 2937 1425 2992 seditione
1457 2937 1600 2990 bona
1637 2935 1803 3007 456
1830 2935 1973 2990 facta

401 3034 507 3080 est.
563 3023 658 3078 Sin
696 3025 852 3094 prius
881 3024 1047 3089 bona,
1092 3035 1215 3095 post
1245 3025 1410 3096 igitur
1457 3025 1595 3079 mala
1620 3025 1828 3081 reddita
1865 3035 1972 3082 est.

473 3115 703 3182 Deinde,
728 3132 852 3172 cum
881 3117 1142 3172 intestina
1169 3118 1442 3173 seditione
1482 3118 1758 3182 laborans,
1787 3133 1974 3174 amen-

403 3208 559 3278 tique
586 3218 736 3264 motu
761 3209 962 3278 agitata
988 3209 1055 3263 ad
1087 3209 1226 3265 lucis
1252 3209 1388 3266 fines
1410 3211 1668 3281 pervasit,
1699 3211 1969 3282 siquidem

404 3307 684 3367 expertem
720 3302 964 3354 materiae
1010 3302 1190 3356 lucem
1223 3303 1521 3370 aspexerit,
1546 3317 1786 3371 quonam
1811 3301 1974 3356 modo

407 3403 550 3441 caeca
584 3389 690 3441 sit?
714 3389 816 3452 Qui
856 3391 972 3442 ﬁeri
1013 3391 1179 3443 etiam
1212 3399 1394 3457 potest
1444 3399 1501 3443 ut
1537 3391 1765 3442 materia
1794 3391 1971 3444 lucem

408 3494 436 3530 a
485 3479 716 3533 materia
781 3489 1047 3533 remotam
1108 3479 1345 3533 cernat?
1378 3480 1432 3532 Si
1469 3487 1648 3533 autem
1683 3477 1972 3542 intellexit,

408 3583 646 3637 quonam
702 3576 860 3636 pacto
894 3569 1103 3622 ratione
1139 3577 1196 3623 et
1229 3577 1411 3623 mente
1453 3577 1623 3632 caret,
1659 3570 1971 3640 lucemque,

409 3669 473 3714 ut
524 3659 883 3722 existimatis,
937 3659 1230 3714 adamavit.
1258 3659 1544 3725 Quomodo
1600 3665 1719 3716 siue
1767 3662 1982 3716 animai

407 3752 687 3821 quomodo
713 3751 894 3805 mala?
923 3766 1103 3821 neque
1151 3751 1297 3806 enim
1323 3751 1455 3806 illud
1477 3755 1679 3806 malum
1701 3763 1807 3821 est,
1833 3755 1981 3824 quod

409 3842 538 3898 boni
591 3856 779 3896 amore
832 3842 1065 3910 rapitur.
1121 3840 1372 3908 Quonam
1432 3842 1563 3898 item
1605 3843 1772 3898 modo
1801 3854 2029 3900 mente.

411 3939 466 3986 et
494 3931 766 4000 sapientia
805 3940 978 3996 caret,
1018 3946 1140 4000 qua:
1173 3947 1240 3986 ex
1279 3931 1483 3986 finibus
1513 3931 1652 3995 suis.
1689 3947 1799 3987 non
1831 3933 1979 3989 bruti

412 4021 703 4090 cujusdam
735 4023 1047 4086 animantis,
1076 4023 1170 4077 sed
1207 4022 1648 4092 praestantissimi
1687 4022 1978 4092 cujusdam

414 4127 481 4166 ac
533 4112 668 4167 bene
714 4112 952 4168 ordinati
989 4113 1340 4183 imperatoris
1389 4113 1565 4168 instar
1607 4114 1872 4178 excessit,
1899 4115 1982 4169 lu-

415 4203 605 4272 cisque
651 4204 796 4259 haud
827 4204 1230 4259 contemnenda
1281 4210 1498 4272 arrepta
1545 4205 1750 4272 praeda,
1787 4205 1851 4260 ad
1882 4220 1981 4260 sua

2156 2748 2256 2821 ξη⁰.
2299 2751 2502 2804 Εἴπατε
2533 2753 2683 2822 ημῖν,
2709 2748 2754 2805 ὧ
2774 2754 3085 2823 Μανιχαῖοι,
3117 2757 3149 2823 ή
3178 2755 3280 2825 ὕλη
3305 2755 3650 2825 ἡσυχάζουσα

2079 2843 2140 2896 τὸ
2161 2842 2424 2913 πρότερον
2455 2843 2593 2913 καλὴ
2616 2839 2705 2914 ἦν,
2735 2844 2767 2913 ἧ
2799 2845 2979 2915 κακῆς
3016 2845 3078 2898 Ei
3113 2845 3215 2914 μὲν
3237 2847 3406 2917 κακὴ.
3435 2846 3660 2918 ὕστερον

2082 2933 2421 2992 στασιάσασα
2451 2930 2592 3003 καλὴ
2623 2933 2857 3007 ἐγένεεο.
2885 2933 2948 2986 Εἰ
2979 2934 3034 2987 δέ
3059 2933 3278 3004 πρῶτον
3303 2935 3472 3006 καλὴ,
3506 2935 3663 2990 ὕστεο

2081 3040 2174 3092 ρον
2198 3024 2363 3092 κακή.

2151 3111 2285 3170 Εἶτα
2310 3115 2651 3170 στασιάσασα
2680 3116 2820 3187 πρὸς
2848 3117 3065 3188 ἑαυτὴν,
3101 3117 3193 3171 καὶ
3221 3118 3487 3184 ἀτάκτως
3512 3135 3665 3191 κινη-

2074 3205 2251 3270 θεῖσα,
2287 3208 2381 3260 καὶ
2411 3205 2640 3258 ἐλθοῦσα
2683 3208 2764 3268 εἰς
2791 3207 2862 3259 τὰ
2908 3207 3002 3260 τοῦ
3042 3209 3219 3277 φωτὸς
3263 3211 3434 3279 ὅρια,
3485 3213 3535 3262 ει
3566 3210 3665 3280 μὲν

2073 3298 2338 3352 ἐθεάσατο
2379 3297 2440 3348 τὸ
2477 3295 2643 3349 άῦλον
2684 3296 2802 3365 φῶς
2831 3337 2846 3362 ,
2899 3297 3015 3356 πῶς
3047 3298 3264 3368 τυφλή;
3320 3300 3448 3362 Πῶς
3480 3299 3536 3352 δὲ
3572 3300 3667 3352 καὶ

2078 3388 2177 3456 ὕλη
2207 3388 2370 3441 ἆῦλον
2406 3387 2521 3456 φῶς
2553 3387 2850 3455 θεάσηται;
2889 3389 2952 3440 Ei
2980 3389 3037 3440 δὲ
3067 3389 3284 3458 ἐνόησε,
3318 3390 3439 3451 πῶς
3471 3390 3666 3456 ἄλογος

2078 3480 2175 3531 καὶ
2207 3478 2407 3542 ἄνους;
2454 3477 2546 3530 καὶ
2596 3475 2814 3546 ἠράσθη
2866 3477 2986 3530 καθ’
3029 3480 3196 3547 ὑμᾶς.
3245 3479 3368 3542 Πῶς
3407 3480 3658 3548 ἄψυχοςς

2078 3569 2196 3632 πῶς
2230 3569 2288 3621 δὲ
2318 3568 2498 3637 κακῆς
2540 3567 2601 3619 τὸ
2630 3566 2741 3637 γὰρ
2776 3568 2917 3638 ἐρῶν
2965 3568 3061 3621 τοῦ
3091 3569 3320 3637 ἀγαθοῦ,
3353 3570 3413 3622 οὕ
3447 3571 3655 3622 κακόν·

2083 3659 2199 3720 πῶς
2227 3659 2285 3711 δὲ
2317 3659 2479 3721 ἄνους
2509 3658 2602 3710 καὶ
2634 3658 2856 3724 ἄσοφος,
2893 3658 2924 3727 ἡ
2963 3658 3172 3712 ἐκϐᾶσα
3214 3662 3279 3712 ἐκ
3320 3659 3427 3712 τῶν
3463 3660 3656 3729 αὐτῆς,

2081 3750 2267 3820 ὥσπερ
2304 3749 2442 3814 ζῶον
2477 3750 2574 3802 οὐκ
2615 3748 2831 3816 ἄλογον,
2878 3749 2991 3803 ἀλλ’
3020 3749 3212 3821 ὥσπερ
3243 3752 3466 3822 ἄριστος
3498 3768 3665 3821 στρα·

2083 3841 2246 3912 τηγδς
2272 3843 2365 3894 καὶ
2397 3839 2684 3904 εὔτακτος,
2721 3842 2814 3895 καὶ
2836 3840 3084 3896 λαϐοῦσα
3111 3842 3398 3912 ἀξιόλογον
3420 3844 3667 3914 λάφυρον

2086 3933 2181 3986 τοῦ
2215 3932 2393 4000 φωτὸς
2416 3971 2431 3994 ,
2467 3932 2562 3984 καὶ
2588 3934 2667 3994 εἰς
2696 3932 2764 3986 τὰ
2811 3933 3015 4002 ἐαυτῆς
3066 3934 3508 4004 ὑποστρέψασας
3544 3935 3669 3998 Πῶς

2087 4025 2144 4078 δέ
2176 4027 2270 4078 καὶ
2304 4023 2518 4094 φαύλην
2541 4024 2757 4092 λέγετε,
2789 4024 2889 4094 τὴν
2916 4025 2977 4077 τὸ
3010 4024 3214 4092 ἀγαθὸν
3242 4026 3550 4096 δεξαμένην
3573 4028 3675 4080 καὶ

2088 4115 2459 4184 χωρήσασαν;
2496 4112 2565 4166 τὰ
2613 4113 2724 4182 γὰρ
2757 4111 2982 4168 δεκτικὰ
3008 4113 3239 4182 ἀγαθοῦ,
3287 4115 3390 4168 οὐκ
3426 4115 3670 4180 ἐναντία,

2087 4207 2209 4260 οὐδὲ
2248 4206 2504 4276 πολέμια.

417 4292 650 4348 subinde
711 4307 961 4362 regressa
993 4292 1111 4348 est?
1146 4292 1287 4358 Quo,
1343 4293 1587 4362 inquam,
1637 4293 1799 4348 modo
1831 4295 2027 4349 malam
2064 4295 2272 4362 dicitis,
2313 4315 2436 4367 quae
2476 4299 2678 4354 bonum
2731 4297 2978 4368 suscepit
3038 4312 3104 4353 ac
3165 4298 3484 4353 continuit?
3548 4312 3678 4368 qua:

413 4387 563 4441 enim
595 4385 868 4455 ejusmodi
917 4393 1069 4446 sunt,
1103 4393 1161 4440 ut
1200 4385 1404 4440 bonum
1446 4385 1732 4453 suscipere
1752 4397 1980 4456 queant,
2020 4403 2082 4442 ea
2107 4404 2208 4444 nec
2236 4389 2317 4444 iIli
2351 4391 2631 4444 contraria
2667 4399 2820 4454 sunt,
2861 4404 2963 4445 nec
2986 4389 3280 4460 pugnacia.

488 4477 569 4531 Ac
614 4491 837 4530 rursum
877 4494 890 4529 :
930 4477 977 4530 si
1008 4474 1104 4530 Dei
1134 4490 1261 4544 pars
1301 4491 1332 4529 a
1372 4477 1600 4532 materia
1623 4478 1846 4548 abrepta
1875 4487 1973 4543 est,

2158 4482 2267 4534 Καὶ
2296 4481 2480 4535 πάλινο
2509 4484 2558 4534 εἰ
2585 4482 2685 4553 ὕλη
2719 4484 3010 4553 ἀφήρπασε
3037 4481 3206 4550 μέρος
3233 4480 3326 4532 τοῦ
3354 4477 3516 4540 Θεοῦ,
3543 4480 3680 4550 δρα-

419 4569 670 4638 sequitur
710 4573 769 4620 ut
804 4568 1033 4621 materia
1075 4565 1270 4636 agendi
1300 4567 1412 4620 vim
1447 4575 1501 4622 et
1528 4566 1853 4623 industriam
1890 4569 1988 4624 lia-

421 4663 572 4728 lieat;
627 4672 821 4716 contra
879 4662 1009 4716 boni
1063 4669 1257 4715 natura
1306 4662 1550 4733 patibiiis
1602 4663 1832 4719 etliuxa
1889 4664 1986 4720 sit.

420 4752 579 4819 Quod
620 4753 666 4808 si
703 4753 798 4807 illa
840 4752 969 4807 boui
999 4751 1299 4822 cupiditate
1334 4751 1528 4809 effecta
1555 4762 1664 4821 est,
1689 4756 1870 4811 bonus
1892 4769 1991 4810 au-

425 4855 532 4901 tem
560 4846 645 4900 sui
675 4855 885 4916 partem
913 4847 1056 4901 malo
1089 4845 1262 4910 dedit,
1290 4853 1590 4917 utrumque
1623 4847 1985 4912 mutationem

425 4937 691 5008 suscepit.
737 4936 872 4991 Nam
907 4948 962 4992 et
991 4938 1194 4992 malum
1243 4953 1309 4992 eo
1337 4938 1539 4993 bonum
1581 4938 1836 4994 ell‘ectum
1879 4946 1986 5003 est,

427 5029 570 5096 quod
631 5029 758 5083 boni
790 5029 1066 5084 desiderio
1131 5029 1380 5100 ﬂagravit
1422 5046 1436 5082 :
1470 5039 1525 5084 et
1555 5031 1761 5085 bonum
1785 5046 1850 5086 eo
1877 5046 1992 5084 ma-

427 5117 536 5171 i'un
561 5119 761 5184 evasit,
791 5119 941 5190 quod
974 5121 1117 5174 malo
1155 5121 1376 5176 misceri
1411 5136 1518 5176 non
1544 5123 1846 5177 recusavit.

502 5207 796 5277 Praeterea,
860 5213 1064 5267 bomun
1099 5227 1163 5268 ex
1189 5212 1296 5268 isto
1326 5222 1482 5284 raptu
1513 5222 1568 5270 et
1595 5214 1870 5274 mistione.
1909 5213 1993 5268 vel

505 5386 550 5418 “
584 5387 716 5446 Vide
738 5389 1002 5464 Epiphan.
1042 5391 1096 5446 in
1126 5391 1322 5450 haeres.
1355 5393 1588 5452 Manich.

2092 4573 2314 4643 στήριον
2347 4573 2443 4640 μέν
2489 4573 2584 4625 καὶ
2632 4574 2914 4645 ποιητικὸν
2979 4575 3012 4644 η
3050 4571 3189 4641 ὕλη,
3222 4573 3442 4642 παθητὴ
3486 4571 3546 4624 δέ
3580 4573 3678 4624 καὶ

2094 4663 2294 4734 ρευστὴ
2329 4664 2363 4731 ἡ
2409 4662 2571 4732 φύσις
2607 4663 2700 4716 τοῦ
2728 4662 2958 4731 ἀγαθοῦ.
3004 4663 3066 4715 Εἰ
3115 4662 3176 4715 δέ
3219 4661 3400 4729 ἐκείνη
3451 4661 3551 4730 μὲν
3578 4659 3680 4713 τοῦ

2091 4752 2298 4821 ἀγαθοῦ
2327 4752 2697 4824 ἐπεθύμησεν,
2728 4755 2756 4806 ὁ
2791 4754 2847 4806 δὲ
2866 4753 3068 4822 ἀγαθὸς
3104 4754 3269 4824 μέρος
3302 4751 3470 4805 αὐτοῦ
3501 4751 3680 4804 ἔδωκε

2091 4843 2168 4913 τῷ
2207 4844 2383 4914 κακῷ,
2435 4844 2720 4916 ἀμφότερα
2752 4844 3070 4916 ἐτράπησαν
3093 4861 3108 4875 ⁸
3140 4844 3237 4898 καὶ
3264 4843 3327 4896 τὸ
3359 4843 3536 4897 κακὸν
3565 4842 3680 4912 γὰρ

2097 4935 2413 5006 ἐπεθύμησε
2456 4936 2549 4988 τοῦ
2581 4935 2788 5004 ἀγαθοῦ
2811 4977 2826 5003 ,
2882 4937 2976 4989 καὶ
3024 4935 3228 5005 ἀγαθὸν
3265 4934 3490 5002 ἐγένετο
3515 4949 3530 4963 ·
3579 4933 3682 4985 καὶ

2095 5028 2156 5080 τὸ
2184 5027 2387 5095 ἀγαθὸν
2417 5026 2714 5099 δεξάμενον
2744 5030 2974 5098 μιγῆναι
3009 5027 3090 5098 τῷ
3127 5026 3304 5098 κακῷ,
3342 5025 3514 5080 κακὸν
3549 5025 3680 5092 ἐγέο

2097 5138 2236 5176 νετο.

2164 5213 2271 5267 Καὶ
2301 5211 2464 5267 πάλιν
2489 5230 2503 5245 ο
2540 5211 2742 5283 ἐϐλάϐη
2788 5211 2846 5266 τὺ
2893 5210 3094 5281 ἀγαθὸν
3129 5209 3233 5263 ὑπὸ
3272 5209 3373 5280 τῆς
3415 5205 3676 5278 ἁρπαγῆς

1739 5549 1962 5607 VARUS
2003 5543 2404 5604 LECTIONES.

513 5639 536 5684 θ
585 5632 653 5690 ii.
686 5645 1101 5700 πιστευσάντων.
