3930 6206
246 245 389 311 1.365

1234 262 1613 327 DIALOGUS
1651 268 1951 329 CONTRA
2005 273 2464 335 ΜΑΝΙΟΗᾸΞΟΒ

3372 276 3393 338 1
3407 277 3510 339 566

240 359 344 456 ἰαὶ
371 357 474 456 τῆς
502 359 720 456 μίξεως,
752 363 781 433 ἢ
805 362 1034 433 ἔϐλαψεν
1062 383 1073 395 ·
1101 368 1131 437 ἢ
1158 369 1461 442 ὠφέλησεν,
1489 375 1521 446 ἢ
1548 376 1801 448 ὠφελήθη

1932 381 2323 438 detrimentum
2358 385 2589 454 accepit,
2624 388 2708 440 vel
2730 390 2945 456 attulit;
2980 390 3060 444 rel
3097 390 3384 444 utilitatem
3413 406 3507 443 ac-

239 445 309 498 El
345 447 445 535 μεν
483 449 759 520 ὠφελήθη,
796 454 1017 523 ἐνεργὸν
1057 460 1150 511 καὶ⁸
1181 461 1387 529 ἀγαθὸν
1418 464 1480 517 τὸ
1512 445 1822 535 ὠφελῆσαν,

240 537 341 589 καὶ
372 533 537 610 ἦττον
566 540 626 592 τὸ
659 536 939 611 ὠφεληθὲν
971 548 1064 601 καὶ
1095 550 1342 621 παθητόν
1364 569 1379 585 ⁸
1420 557 1468 607 εἰ
1504 533 1822 631 δὲέὅλάὸη,

240 629 341 680 καὶ
381 628 524 681 οὕτω
559 630 802 700 παθητὸν
851 636 911 688 τὸ
947 638 1143 706 βλαϐὲν
1167 682 1182 706 ,
1219 643 1315 695 καὶ
1367 628 1825 721 ἐπικρατέστερον

238 717 303 811 ire.
346 719 597 786 βλάψανο
634 724 688 811 νεὶ
727 723 783 776 δὲ
813 725 1050 797 ἔϐλαψε,
1102 735 1271 785 κακόν
1312 736 1466 789 ἐστι’
1506 740 1555 790 ει
1597 717 1821 811 δὲὼέρέ-

235 805 393 901 λησε,
421 808 687 879 φθονερὸς
714 816 741 865 ὁ
764 816 985 881 ἀγαθὸς,
1014 819 1301 889 λυπηθεὶς,
1330 826 1425 877 καὶ
1459 805 1819 901 μνησίκακος,

235 898 374 965 πυρὶ
405 901 683 969 παραδοὺς
706 904 803 975 τὴν
834 907 991 975 ὓλην,
1018 911 1113 963 καὶ
1143 915 1208 983 τῇ
1244 915 1516 989 ὑπερϐολῇ
1547 921 1648 990 τῆς
1685 898 1818 994 μνηζ

236 990 521 1053 σικακὶας,
554 995 651 1046 καὶ
679 996 740 1047 τὸ
775 998 969 1050 ἑαυτοῦ
1009 1001 1175 1071 μέρος
1204 1003 1303 1058 σὺν
1329 1010 1489 1079 αὐτῇ.
1521 1012 1583 1063 Ei
1617 990 1820 1069 suos:

236 1077 473 1173 ξόλαψεν
496 1121 510 1143 ,
544 1084 665 1136 οὐδὲ
715 1087 952 1159 ἐϐλάϐη,
985 1091 1104 1144 οὐδὲ
1150 1077 1481 1165 ὠφέλησεν-Ἴ,
1523 1103 1644 1155 οὐδὲ
1676 1105 1821 1173 ὠφε-

236 1166 377 1262 λήθη
403 1211 418 1234 ,
462 1174 677 1243 πρῶτον
710 1178 852 1246 μὲν,
894 1182 1258 1253 ἀνενέργητον
1291 1203 1304 1217 ·
1354 1190 1415 1242 τὸ
1460 1190 1568 1261 γὰρ
1615 1166 1818 1262 ἀγαθὸν

235 1258 371 1351 ἔνθα
398 1262 466 1314 ἂν
493 1263 733 1335 γένηται,
761 1267 982 1337 ὠφελεῖ,
1007 1273 1101 1325 ἐὰν
1134 1275 1233 1347 ἔχῃ
1262 1279 1476 1349 ἀγαθὴν
1497 1258 1778 1351 ἐνέργειαν
1798 1302 1813 1319 ο

234 1348 498 1421 δεύτερον
520 1353 599 1416 δὲ,
629 1355 834 1420 ἄδικον,
866 1360 947 1412 ὅτι
986 1361 1061 1430 μὴ
1085 1363 1386 1433 ὡφεληθὲν,
1421 1348 1557 1437 μηδὲ
1591 1348 1814 1438 Ἵβλαὸὲν,

234 1439 450 1504 κολάζει
492 1442 592 1513 τὴν
634 1446 800 1513 μηδὲν
844 1448 1185 1519 ἀδικήσασαν
1222 1453 1354 1523 ὓλην
1385 1470 1398 1483 ’
1436 1459 1484 1509 εἰ
1529 1458 1584 1511 δὲ
1631 1460 1717 1513 διὰ
1754 1463 1815 1516 τὸ

231 1532 530 1603 ἰρασθῆναι
578 1536 745 1589 αὐτοῦ
798 1539 898 1609 τὴν
940 1540 1111 1611 ὓλην,
1168 1546 1266 1597 καλ⁹
1308 1553 1597 1617 μετασχεῖν
1645 1554 1811 1606 αὐτοῦ

229 1621 510 1691 ὀργίζεται
551 1625 644 1678 καὶ
683 1627 972 1696 λυπεῖται,
1017 1632 1140 1685 καθ’
1182 1635 1347 1705 ὑμᾶς,
1385 1638 1573 1707 μηδεὶς
1603 1642 1809 1713 ἐρασθῇ

227 1811 512 1864 materiam
554 1811 690 1866 nihil
730 1819 1107 1873 commeritam
1158 1822 1367 1891 puniat.
1421 1823 1747 1890 Sin,vestra
1786 1848 1838 1902 qt

1927 475 2094 543 cepit,
2128 476 2211 528 vel
2235 475 2403 530 dedit.
2436 477 2491 530 Si
2525 478 2819 533 utilitatem
2839 481 3074 550 accepit,
3096 482 3282 536 eﬂicax
3303 482 3432 550 er‘go
3454 487 3509 533 et

1928 563 2131 617 bonum
2156 565 2290 619 illud
2312 576 2395 621 est
2423 569 2569 635 quod
2589 569 2743 623 allen
2767 571 2899 624 utile
2932 570 3060 631 fuit,
3088 573 3425 641 interiusque
3454 580 3507 623 et

1925 654 2172 723 patibile,
2228 657 2315 710 cui
2358 659 2568 713 utilitas
2599 661 2850 716 accessit.
2879 662 2976 714 Sin
3002 663 3390 716 detrimentum
3418 677 3509 716 ac-

1924 744 2091 812 cepit,
2146 745 2228 799 sic
2277 762 2499 817 quoque
2554 750 2780 817 patibile
2820 751 2893 804 sit
2943 758 3160 818 oportet
3201 751 3333 803 illud
3360 751 3505 819 quod

1924 832 2111 886 lzesum
2169 834 2293 899 fuit,
2347 845 2402 890 et
2449 837 2723 892 valentius
2780 838 2834 890 id
2862 839 3007 907 quod
3050 838 3209 893 Iaasit.
3244 839 3339 891 Sin
3376 853 3507 891 vero

1923 922 2065 977 lzesit
2126 925 2281 993 ipse,
2339 928 2518 982 malus
2567 942 2697 997 ergo
2752 936 2856 983 est.
2927 928 2983 981 Si
3045 927 3274 997 profuit,
3367 928 3535 981 invi?

1922 1009 2111 1063 dentia
2172 1011 2340 1080 igitur
2402 1014 2582 1069 bonus
2642 1014 2880 1079 laborat,
2952 1017 3045 1083 qui
3103 1015 3316 1068 ideirco
3372 1028 3506 1066 moe-

1921 1109 2039 1154 stus
2100 1103 2192 1166 sit,
2258 1112 2313 1158 et
2360 1106 2577 1174 injuriae
2632 1121 2867 1169 memor,
2929 1114 2988 1160 ut
3038 1108 3329 1161 materiam
3394 1105 3503 1175 igni

1921 1191 2120 1257 tradat,
2153 1209 2373 1263 unaque
2396 1196 2479 1249 sui
2517 1206 2745 1265 partem,
2766 1198 3077 1252 incredibili
3130 1198 3355 1251 ultionis
3384 1205 3503 1251 stu-

1917 1282 2030 1337 dio.
2056 1285 2212 1349 Quod
2243 1287 2287 1342 si
2316 1289 2622 1342 neclaasum
2648 1298 2752 1355 est,
2786 1305 2886 1343 nec
2911 1291 3069 1352 laesit,
3127 1289 3499 1343 commodum-

1917 1390 2023 1443 que
2082 1378 2208 1432 item
2272 1394 2375 1434 nec
2430 1382 2706 1450 praestitit,
2764 1398 2866 1437 nec
2919 1382 3216 1452 percepit:
3256 1382 3491 1448 primum

1915 1467 2135 1535 quidem
2168 1471 2354 1526 omnis
2384 1472 2622 1527 actionis
2651 1482 2736 1529 est
2783 1489 2979 1543 expers
3009 1492 3023 1540 ;
3060 1487 3186 1527 cum
3219 1480 3402 1526 tamen
3425 1487 3490 1527 ea

1915 1557 2047 1612 boni
2099 1570 2297 1616 natura
2348 1564 2439 1629 sit,
2492 1572 2552 1618 ut
2595 1566 2915 1636 ubicunque
2971 1566 3233 1629 adfuerit,
3297 1565 3492 1634 prosit,

1914 1651 2078 1704 modo
2124 1655 2295 1720 proba
2350 1655 2669 1712 emtacitate
2726 1658 2945 1727 polleat.
3006 1657 3210 1711 Deinde
3256 1656 3494 1723 injustus

1842 1733 2013 1805 Best,
2068 1745 2159 1812 qui
2206 1760 2306 1800 nec
2357 1746 2642 1813 beneﬁcio,
2696 1763 2798 1802 nec
2861 1745 3212 1803 incommodo
3242 1745 3490 1807 allectus,

1843 1835 2005 1890 iidem
2058 1840 2339 1908 Opinione,
2401 1852 2686 1911 propterea
2742 1842 3002 1896 irascitur
3032 1848 3086 1893 et
3142 1840 3308 1901 dolet,
3345 1837 3491 1908 quod

225 1901 458 1954 materia
519 1916 708 1958 amore
731 1905 816 1960 sui
861 1917 1236 1980 capta,seque
1269 1914 1483 1969 tandem
1520 1918 1689 1986 potita
1744 1901 1835 1987 sit,
1870 1939 1977 1980 non
2020 1901 2277 1998 estquod
2326 1901 2644 1999 'quisquam
2696 1932 2871 2000 ipsius
2932 1942 3120 1982 amore
3174 1927 3383 1980 ardeat.

298 1993 360 2045 Εἰ
394 1992 482 2055 δὲ,
532 1992 608 2057 ὥς
642 2013 778 2064 φατε
799 2035 814 2061 ,
843 1999 1006 2065 γνοὺς
1038 2003 1065 2054 ὁ
1107 2002 1240 2067 Θεὸς
1270 2006 1370 2075 τὴν
1401 2006 1535 2078 ὓλην
1570 2012 1805 2081 ἐπερχο-

228 2082 399 2153 μένην
422 2084 592 2156 αὐτῷ,
626 2088 768 2141 ἑκὼν
801 2092 1181 2163 συνεχώρησεν
1207 2096 1524 2169 ἁρπαγῆναί
1553 2118 1603 2154 τι
1637 2103 1802 2157 αὐτοῦ

224 2176 316 2227 ὑπ“
352 2178 539 2248 αὐτῆς,
569 2179 656 2232 ἵνα
678 2181 848 2249 αὐτῆς
877 2182 977 2252 τὴν
1003 2184 1219 2255 κίνησιν
1245 2191 1596 2261 περιγράψας
1623 2210 1799 2263 τιμω-

222 2267 477 2336 ρήσηται,
504 2267 691 2340 ὥσπερ
718 2270 869 2340 βόλον
887 2283 908 2309 ι
936 2274 1189 2346 ἐμπήξας
1224 2282 1287 2349 τῇ
1324 2281 1548 2355 γεέννῃ*
1584 2285 1799 2354 πρῶτον

222 2357 323 2425 μὲν
345 2359 488 2421 τίνος
521 2360 710 2414 ἕνεκεν
744 2363 844 2417 οὐκ
878 2366 1083 2429 εὐθέως
1116 2368 1307 2439 ἔπηξε,
1354 2374 1448 2425 καὶ
1478 2376 1797 2445 παρέδωκεν

217 2450 395 2519 αὐτὴν
422 2455 485 2521 τῇ
525 2455 756 2525 γεὲννῃ;
788 2457 835 2508 εἰ
868 2458 925 2511 δὲ
958 2460 1059 2511 οὐκ
1090 2460 1352 2529 ἠδύνατο,
1396 2466 1446 2517 εἰ
1500 2466 1574 2537 μὴ
1608 2470 1797 2539 τρόπῳ

213 2541 442 2612 τοιούτῳ
466 2588 480 2611 ,
518 2546 649 2616 ἡμῖν
691 2548 746 2599 τί
781 2550 1095 2619 μέμφεται,
1154 2555 1226 2625 μὴ
1260 2555 1689 2628 ἀνθιστωμένοις
1719 2561 1797 2631 τῷ

213 2634 456 2705 πονηρῷ,
489 2639 656 2702 αὐτὸς
687 2642 917 2711 προδοὺς
950 2644 1050 2707 τὰς
1085 2645 1266 2715 ψυχάς
1307 2649 1465 2718 ἡμῶν
1498 2650 1565 2703 δι’
1598 2652 1795 2706 ἀδυνα-

214 2726 347 2794 μίαν
366 2745 381 2792 ;

283 2814 441 2885 Εἶτα,
474 2820 699 2892 γεέννην
753 2823 1024 2892 λέγοντες,
1067 2828 1099 2898 ἢ
1148 2829 1436 2898 ὁμοούσιον
1461 2830 1553 2884 τοῦ
1580 2832 1786 2899 ἀγαθοῦ

205 2909 417 2980 ταύτην
450 2913 626 2979 ἐρεῖτε
646 2956 661 2980 ,
706 2914 738 2985 ἢ
783 2917 1070 2987 ὁμοούσιον
1104 2919 1199 2973 τοῦ
1230 2924 1468 2991 πονηροῦ
1489 2964 1504 2987 ,
1556 2924 1588 2993 ἢ
1619 2924 1790 2994 ἄλλην

1977 2018 2133 2086 Quod
2164 2023 2232 2086 si,
2265 2031 2322 2076 ut
2355 2022 2567 2085 dicitis,
2598 2023 2744 2077 Deus
2818 2022 3163 2077 iuvadentem
3227 2036 3286 2076 se
3316 2027 3489 2075 mate-

1904 2112 2041 2167 riam
2094 2116 2440 2185 prospiciens
2495 2117 2644 2170 ultro
2701 2116 2807 2170 sibi
2876 2116 2945 2168 ab
2980 2129 3044 2169 ea
3098 2113 3236 2182 eripi
3275 2120 3484 2181 partem

1904 2215 2102 2269 passus
2131 2209 2234 2267 est,
2268 2210 2327 2255 ut
2366 2203 2488 2271 ejus
2515 2209 2666 2255 motu
2690 2216 3009 2271 compresso
3037 2201 3303 2255 ultionem
3330 2206 3485 2269 post-
3588 2250 3591 2253 γ

1903 2290 2005 2346 hac
2062 2307 2127 2346 ex
2156 2308 2217 2347 ea
2270 2302 2531 2359 sumeret,
2588 2307 2653 2347 ac
2711 2294 2857 2349 velut
2892 2308 3168 2347 carcerem
3225 2291 3486 2361 gehennae

1899 2383 2127 2451 figeret:
2161 2385 2395 2453 primum
2446 2384 2583 2439 illud
2618 2399 2825 2455 quaero,
2850 2399 2950 2438 cur
2983 2398 3093 2437 non
3127 2383 3310 2437 statim
3345 2382 3483 2434 llxe-

1895 2474 1988 2537 rit,
2027 2474 2397 2546 gehennzeque
2440 2492 2559 2531 eam
2598 2475 2931 2531 tradiderit?
2968 2474 3124 2541 Quod
3166 2475 3211 2530 si
3260 2472 3479 2528 nonnisi

1896 2564 2000 2619 hoe
2025 2571 2186 2620 modo
2217 2566 2271 2619 id
2327 2574 2561 2637 poterat,
2603 2567 2735 2639 quid
2779 2568 3002 2621 tandem
3034 2566 3287 2636 estquod
3316 2564 3475 2620 nobis

1893 2658 2038 2709 malo
2077 2673 2187 2711 non
2214 2660 2607 2714 resistentibus
2639 2667 2991 2722 succenseat,
3026 2673 3152 2711 cum
3203 2659 3323 2725 ipse
3362 2669 3481 2725 praa

1894 2748 2093 2801 virium
2123 2750 2498 2806 imbecillitate
2526 2753 2740 2807 animas
2795 2748 3136 2820 prodiderit?

1966 2838 2215 2909 Insuper,
2266 2842 2570 2911 gehennam
2622 2842 2899 2905 dicentes,
2934 2848 3029 2894 aut
3060 2854 3180 2893 eam
3218 2837 3473 2907 ejusdem

1896 2944 2020 2983 cum
2051 2931 2214 2994 bono,
2257 2940 2352 2985 aut
2380 2933 2628 3002 ejusdem
2670 2948 2797 2987 cum
2832 2932 2980 2986 malo
3008 2931 3327 2986 substantiae
3351 2943 3477 2983 esse

202 3002 431 3067 οὐσίαν,
478 3006 574 3057 καὶ
624 3007 807 3061 οὐκέτι
856 3010 950 3062 δύο
978 3050 991 3073 ,
1050 3012 1188 3065 ἀλλὰ
1233 3018 1403 3084 τρεῖς.
1452 3017 1514 3069 El
1559 3017 1667 3087 γὰρ
1694 3017 1788 3069 τοῦ

1918 3020 2116 3087 licitis,
2175 3030 2269 3076 aut
2324 3023 2554 3080 alterius
2587 3023 2877 3094 cujusdam
2910 3022 3234 3078 substantiae
3264 3040 3278 3075 :
3312 3030 3367 3076 et
3399 3022 3474 3075 ita

205 3094 413 3160 ἀγαθοῦ
434 3135 448 3159 ,
497 3096 615 3158 πῶς
670 3099 921 3167 κολάζει;
955 3104 1056 3156 οὐκ
1088 3106 1267 3177 ἀγαθὴ
1290 3118 1314 3147 α
1348 3108 1456 3177 γὰρ
1492 3109 1524 3177 ἡ
1567 3109 1782 3176 γέεννα.

1918 3123 2002 3163 non
2034 3110 2175 3173 dum,
2242 3111 2335 3167 sed
2368 3120 2481 3167 tres
2515 3111 2715 3168 futurae
2769 3122 2919 3169 sunt.
2963 3112 3021 3167 Si
3047 3111 3296 3181 ejusdem
3347 3125 3472 3164 cum

204 3184 269 3239 ΕΞ
303 3184 359 3237 δὲ
397 3186 491 3238 τοῦ
537 3189 777 3259 πονηροῦ
805 3231 820 3254 ,
891 3194 952 3245 οὐ
1018 3192 1237 3257 κολάζει
1280 3196 1340 3248 τὸ
1388 3195 1591 3250 κακόψ
1639 3197 1792 3250 οὐδὲν

1918 3215 2034 3256 nono
2061 3200 2223 3273 457
2249 3204 2575 3259 substantiae
2606 3214 2711 3269 est,
2748 3219 2989 3275 quonam
3030 3203 3194 3257 modo
3221 3202 3477 3256 cruciat?

205 3275 318 3345 γὰρ
347 3278 508 3331 ἑαυτὸ
543 3281 784 3344 κολάζει.
820 3284 883 3336 Εἰ
913 3285 971 3337 δὲ
1018 3285 1207 3355 ἕτερον
1249 3304 1302 3338 τι
1351 3289 1502 3359 παρὰ
1551 3288 1621 3341 τὰ
1671 3289 1786 3353 δύο,

1918 3305 1996 3344 ron
2066 3293 2214 3346 enim
2244 3294 2385 3349 bona
2432 3306 2516 3351 est
2576 3296 2847 3366 gehenna.
2895 3294 2950 3347 Si
2983 3301 3166 3347 autem
3223 3291 3472 3359 ejusdem

203 3368 353 3434 τρεῖς
388 3368 577 3437 ἀρχαὶ,
609 3372 705 3424 καὶ
733 3374 793 3424 οὐ
821 3372 948 3426 δύοο
983 3374 1015 3443 ἢ
1054 3375 1117 3426 ὲκ
1147 3375 1222 3445 μὴ
1264 3376 1417 3439 ὄντος
1456 3379 1534 3437 εἰς
1562 3378 1623 3430 τὸ
1647 3375 1787 3430 εἶναι

1919 3390 1969 3436 st
2003 3395 2128 3437 cum
2169 3385 2310 3437 malo
2338 3387 2689 3451 substantim,
2745 3400 3094 3454 nequaquam
3144 3384 3345 3437 malum
3373 3396 3472 3435 ex-

209 3459 486 3531 παρήχθη.
526 3462 638 3515 Καὶ
667 3465 716 3516 εἰ
746 3464 929 3527 τοῦτο,
966 3465 1054 3519 διὰ
1082 3469 1135 3518 τι
1161 3467 1236 3536 μὴ
1278 3468 1416 3535 πρὸς
1445 3469 1543 3537 τὴν
1573 3469 1785 3523 εὐθεῖαν

1918 3474 2111 3528 ruciat.
2164 3476 2313 3531 Nihil
2344 3479 2498 3533 enim
2562 3479 2808 3548 seipsum
2871 3478 3050 3547 punit.
3083 3475 3177 3529 Sin
3234 3474 3474 3542 denique

207 3550 489 3619 ἐρχόμενοι
524 3555 773 3624 εἴπομεν,
832 3556 926 3608 Ἐκ
959 3556 1034 3626 μὴ
1077 3557 1228 3621 ὄντος
1264 3560 1344 3620 εἰς
1380 3558 1441 3611 τὸ
1474 3555 1612 3612 εἶναι
1639 3578 1783 3631 παρ-

1918 3563 2039 3617 τιίιιᾱ
2079 3566 2339 3632 quiddam
2397 3577 2591 3637 prater
2626 3570 2742 3622 haec
2773 3570 2912 3633 duo;
2949 3569 3055 3620 tria
3101 3581 3232 3634 ergo
3262 3564 3468 3633 princi-

206 3635 346 3706 ήχθη
375 3638 442 3691 τὰ
469 3640 648 3694 πάντα
672 3658 686 3706 ;

1918 3652 1984 3704 ria
2036 3662 2221 3719 erunt,
2255 3670 2366 3709 non
2398 3635 2549 3710 duo.
2580 3656 2720 3709 Num
2750 3670 2882 3709 vero
2911 3671 2976 3709 ex
2999 3655 3171 3708 nihilo
3200 3653 3465 3721 producta

205 3726 323 3779 est?
353 3729 498 3791 quod
527 3731 572 3785 si
611 3730 684 3784 ita
727 3741 847 3796 est;
882 3730 1075 3801 quidni
1113 3747 1246 3803 ergo
1316 3744 1465 3789 recta
1490 3736 1576 3787 via
1620 3736 1960 3804 incedentes,
2015 3743 2199 3796 omnia
2239 3758 2305 3798 ex
2373 3742 2547 3798 nihilo
2613 3743 2680 3797 ad
2718 3742 2823 3797 hoc
2884 3751 2942 3796 ut
2988 3748 3174 3797 essent
3245 3741 3466 3795 condita

206 3819 379 3875 fuisse
404 3820 729 3878 dixerimus.

276 3907 350 3960 Τὸ
393 3908 665 3978 ἄναρχον,
700 3910 991 3981 ἄτρεπτον,
1040 3913 1230 3986 Τροπὴ
1278 3915 1386 3987 γάρ
1416 3915 1563 3983 ἐστι,
1595 3917 1655 3970 τὸ
1698 3916 1771 3987 μὴ

1945 3918 2105 3986 Quod
2134 3918 2254 3975 sine
2285 3916 2558 3987 principio
2590 3925 2697 3983 est,
2728 3917 2779 3971 id
2828 3930 3048 3986 quoque
3076 3924 3161 3969 cst
3210 3916 3468 3967 immuta-

203 3998 466 4069 πρότερον
493 3999 552 4052 ὃν
571 4040 585 4065 ,
624 4000 848 4071 ὕστερον
879 4003 1154 4069 γενέσθαι.
1190 4000 1291 4059 Ὧν
1323 4008 1379 4062 δὲ
1408 4008 1467 4061 τὸ
1496 4006 1632 4063 εἶναι
1666 4010 1773 4063 ἀπὸ

1918 4015 2005 4069 ile.
2040 4011 2264 4066 Mutatio
2287 4011 2435 4066 enim
2466 4018 2572 4073 est,
2610 4024 2736 4063 cum
2766 4009 2816 4062 id
2844 4008 2989 4078 quod
3016 4008 3167 4077 prius
3186 4020 3295 4060 non
3318 4010 3460 4067 erat,

199 4091 405 4160 τροπῆς
449 4091 671 4161 ἤρξατο.
718 4094 813 4145 καὶ
854 4095 1085 4163 τρεπτὰ,
1120 4096 1234 4149 ἀλλ’
1265 4097 1499 4171 ἄναρχοι,
1530 4100 1774 4170 ἄτρεπτα

1918 4102 2226 4157 ostmodum
2286 4101 2527 4155 exsistit.
2562 4100 2809 4166 Quorum
2850 4112 3018 4167 porro
3048 4109 3173 4151 esse
3204 4110 3234 4147 a
3290 4102 3465 4148 muta-

200 4179 379 4245 φύσει.
413 4179 536 4241 Πῶς
575 4176 668 4233 οὖν
697 4183 760 4233 ὲκ
783 4182 890 4234 τῶν
921 4184 1172 4254 ἁνάρχων
1199 4187 1397 4239 οὐσιῶν
1430 4189 1730 4258 ἐγενόμεθα
1757 4206 1771 4255 ;

1922 4208 2027 4248 one
2047 4193 2234 4262 carpit,
2277 4206 2341 4246 ea
2367 4206 2587 4261 quoque
2622 4199 2814 4258 suapte
2864 4197 3060 4242 natura
3091 4186 3291 4240 mutari
3332 4199 3463 4255 pos-

201 4268 260 4319 Εἰ
285 4270 395 4340 γὰρ
427 4270 523 4322 καὶ
555 4271 716 4324 αὑταὶ
740 4273 987 4326 τοιαῦταί
1019 4276 1177 4341 εἰσιν,
1214 4275 1317 4331 οἶοι
1348 4281 1530 4349 ἡμεῖς,
1564 4279 1773 4351 ἄνθρω-

1918 4295 2012 4338 ιιηι
2047 4300 2062 4349 ;
2105 4281 2358 4337 vicissim
2410 4295 2475 4336 ea
2522 4288 2721 4335 natura
2759 4293 2860 4333 sua
2908 4276 3112 4330 mutari
3153 4281 3456 4345 nequeunt,

200 4381 288 4415 ποι
323 4364 421 4417 καὶ
446 4365 629 4418 αὐταί.
664 4366 726 4418 Ei
755 4367 810 4419 δὲ
844 4367 921 4437 μὴ
948 4368 1218 4434 τοιαῦται,
1254 4371 1369 4435 πῶς
1410 4372 1770 4442 ὲτράπησαν;

1922 4388 2118 4429 uorum
2152 4387 2274 4428 esse
2302 4370 2574 4441 principio
2616 4380 2783 4425 caret.
2820 4368 3068 4434 Quonam
3107 4367 3276 4437 igitur
3296 4364 3459 4418 modo

200 4455 312 4509 Οὐκ
356 4458 420 4508 ἐκ
461 4456 571 4509 τῶν
610 4457 864 4528 ἁνάρχων
891 4460 1069 4513 τοίνυν
1107 4460 1304 4515 οὐσιῶν
1341 4463 1531 4533 ἡμεῖς,
1564 4464 1677 4517 ἀλλ’
1709 4468 1774 4519 ὲκ

1920 4480 1983 4519 os
2018 4480 2085 4519 ex
2118 4463 2446 4519 substantiis
2475 4460 3072 4532 principiiexpertibus
3105 4458 3210 4512 orti
3236 4454 3458 4511 sumus?

198 4545 292 4598 τοῦ
328 4545 402 4617 μὴ
441 4546 614 4610 ὄντος.
1805 4549 1810 4602 1

1927 4558 1940 4612 i
1981 4557 2127 4611 enim
2173 4570 2251 4611 ea:
2280 4557 2415 4609 tales
2448 4563 2600 4616 sunt,
2629 4554 2821 4623 quales
2850 4566 2955 4607 nos
2986 4550 3128 4619 ipsi;
3163 4550 3296 4618 ipsae
3328 4561 3463 4617 quo-

199 4652 306 4705 que
338 4646 468 4693 sunt
494 4639 763 4696 homines.
791 4641 887 4696 Sin
936 4649 1118 4697 autem
1149 4643 1287 4699 tales
1313 4659 1425 4699 non
1460 4655 1608 4710 sunt,
1635 4664 1874 4717 quonam
1905 4658 2066 4721 pacto
2096 4658 2323 4703 mutatae
2349 4647 2518 4703 sunt?
2547 4644 2669 4700 Non
2699 4661 2830 4715 ergo
2900 4659 2969 4699 ex
3043 4641 3303 4713 principii
3360 4654 3459 4694 ex-

200 4730 443 4799 pertibus
498 4731 844 4798 substantiis,
879 4735 972 4790 sed
994 4750 1060 4789 ex
1089 4735 1268 4809 nihilo
1303 4737 1411 4790 orti
1447 4752 1663 4795 sumus.
3074 4819 3086 4831 ,
3170 4819 3182 4830 .
3229 4818 3241 4830 .

271 4822 332 4875 Et
361 4821 598 4892 ἄναρχος
634 4823 778 4894 ἀρχὴ
814 4826 908 4878 καὶ
956 4826 1125 4889 ἀΐδιος
1164 4828 1197 4897 ἡ
1240 4826 1338 4898 ὕλη
1370 4830 1465 4882 καὶ
1495 4832 1528 4900 ἡ
1575 4830 1764 4895 κακὶα,

1944 4828 2000 4883 Si
2031 4826 2287 4897 principii
2354 4838 2555 4894 expers
2594 4838 2658 4877 ac
2681 4828 2947 4876 aeternum
3004 4821 3340 4889 principium
3371 4824 3457 4921 est

196 4911 255 4977 ἐξ
285 4912 488 4982 ἑαυτῆς
525 4913 726 4983 ἔχουσα
776 4914 837 4967 τὸ
885 4912 1047 4980 εἶναι,
1082 4917 1177 4969 καὶ
1209 4917 1310 4972 ὅσα
1343 4918 1478 4990 ἔχει,
1516 4922 1766 4974 τουτέστι

1918 4919 2097 4974 ποιοτίθ
2131 4924 2185 4972 et
2206 4918 2407 4971 malum
2438 4914 2579 4984 quod
2605 4929 2668 4969 ex
2728 4913 2845 4982 ipsa
2870 4920 3054 4966 ortum
3087 4910 3261 4975 ducit,
3296 4907 3459 4978 quid-

195 5003 292 5074 τὴν
343 5007 668 5075 τυραννίδα,
720 5008 814 5061 καὶ
863 5009 963 5080 τὴν
1011 5010 1202 5080 ἰσχὺν,
1265 5012 1357 5064 καὶ
1399 5013 1500 5082 τὴν
1547 5014 1767 5078 κακίαν,

1918 5010 2001 5065 uid
2032 5009 2216 5072 habet,
2239 5008 2342 5063 hoc
2358 5016 2442 5062 est
2463 5005 2835 5075 tyrannidem,
2860 5002 3031 5057 robur
3080 5009 3133 5055 et
3154 5002 3457 5064 malitiam;

195 5095 443 5165 ἄτρεπτα
471 5096 646 5151 ταῦτα
679 5098 809 5163 ἕξει.
843 5101 968 5164 Πῶς
1007 5097 1101 5154 οὗν
1133 5102 1161 5155 ὁ
1192 5103 1443 5157 τοσοῦτον
1468 5105 1639 5177 αὐτὴν
1670 5123 1772 5175 φο-

1918 5117 2016 5168 aec,
2052 5102 2300 5170 inquam,
2334 5099 2522 5153 omnia
2576 5104 2843 5167 perpetua
2874 5102 2928 5149 et
2965 5092 3330 5148 immutabilia
3358 5091 3457 5145 ha-

196 5185 406 5255 6ηθεὶς,
430 5188 570 5242 ὥστε
597 5193 999 5263 παραχωρῆσαι
1032 5194 1196 5266 μέρος
1226 5196 1392 5250 αὑτοῦ
1424 5198 1769 5268 αἰχμάλωτον

1918 5198 2052 5252 ebit.
2086 5193 2205 5260 Qua
2237 5193 2402 5263 igitur
2456 5192 2675 5246 ratione
2715 5190 2782 5256 is,
2814 5189 2906 5258 qui
2938 5203 3114 5258 usque
3161 5185 3297 5242 adeo
3331 5200 3457 5286 eam

196 5279 287 5331 ὑπ’
316 5281 487 5351 αὐτῆς
531 5283 825 5353 γενέσθαι,
862 5287 1108 5357 ἐσχάτως
1160 5288 1334 5359 αὐτῆς
1380 5289 1765 5363 περιγενέσθαι

1918 5284 2183 5348 ertimuit,
2245 5290 2305 5337 ut
2335 5287 2548 5351 partem
2589 5280 2753 5334 etiam
2788 5280 2872 5335 sui
2910 5279 2981 5333 ab
3027 5279 3232 5347 earapi
3256 5279 3461 5347 permi-

196 5369 485 5429 δυνήσεται
508 5390 523 5406 ·

1918 5378 2032 5441 erit,
2068 5376 2213 5429 hanc
2257 5374 2321 5428 ad
2350 5381 2655 5435 extremum
2708 5384 2973 5441 superare
3006 5366 3249 5440 peterit?

1469 5495 1701 5551 VARl/E
1739 5487 2143 5551 LECTlONES.

273 5578 294 5605 ι
336 5570 696 5651 Leunelavius
750 5580 913 5653 bene"~
937 5582 1189 5639 emendat
1226 5584 1299 5648 ὡς
1336 5584 1639 5655 περίϐολον.
1756 5597 1779 5625 ο
1816 5583 1891 5639 lta
1931 5579 2097 5636 Basil.
2142 5586 2191 5633 ct
2257 5577 2320 5631 Β.
2379 5576 2604 5633 LcunCl-
2643 5576 2701 5630 οὗ
2752 5574 2921 5647 κακήν
2982 5580 3171 5632 εοηίῖίι
3222 5586 3447 5629 ⁵θ¹¹⁵υπτ

204 5651 461 5697 ειυςῐονιθ.
