3930 6206
457 287 592 353 1567

1620 285 1662 344 S
1723 282 1967 345 ΙΟΛΝΝ
1974 282 2044 342 IS
2072 279 2469 344 DAMASCEN
2477 279 2503 338 Ι

3582 261 3713 328 1568

524 399 634 453 68'.
697 396 860 450 MAN.
898 395 1075 451 Eccur
1107 395 1332 459 Deus",
1366 409 1489 450 cum
1537 385 1843 464 praenosset
1905 392 2023 447 fore

2194 390 2318 460 ξημ.
2355 389 2526 442 MAN.
2559 385 2657 439 Διά
2689 385 2742 439 τί
2779 383 3173 456 προγινώσκων
3221 381 3257 471 6
3296 376 3433 471 Θεδς
3471 374 3712 471 ξὺν-διάΤ

453 483 786 542 utdi'abolns
819 502 886 541 ex
921 487 1062 541 bono
1091 486 1144 539 in
1179 485 1380 538 malum
1412 491 1742 550 mutaretur,
1769 485 2024 552 factaque

2139 479 2305 543 Βολον,
2339 478 2421 530 ὅτι
2453 475 2653 548 ἤμελλε
2697 474 2993 544 τρέπεσθαι
3041 475 3107 525 ὲκ
3161 467 3260 523 τοῦ
3289 466 3507 535 ἀγαθοῦ
3545 467 3627 527 εἰς
3658 465 3717 518 τὺ

455 578 583 632 boni
619 578 858 646 jactura,
913 576 1040 629 boni
1097 590 1313 640 exsors,
1345 575 1461 630 sive
1511 575 1692 628 malus
1741 575 2021 640 evaderet,

453 670 601 723 hunc
635 679 811 723 tamen
845 667 1088 721 creavit?
1119 666 1329 720 ORTH.
1375 665 1432 720 Si
1473 681 1597 720 cum
1624 671 2023 735 praenoscebat,

455 766 606 813 certe
650 765 708 810 ut
769 757 996 810 omnino
1041 755 1290 808 futurum
1351 757 1752 826 praenoscebat.
1808 755 2023 809 Etenim

455 849 574 913 ejus
635 845 781 915 quod
836 846 1064 900 omnino
1095 845 1342 898 futurum
1391 859 1499 898 non
1553 845 1645 909 sit,
1683 844 2024 914 praescientia

457 951 562 989 non
620 943 728 996 est,
760 933 856 989 sed
891 933 1171 1003 ignoratio
1213 941 1265 987 et
1296 948 1472 988 error.
1521 932 1681 987 MAN.
1743 932 2025 988 Volensne

455 1023 598 1078 Deus
619 1039 742 1078 eum
776 1021 948 1077 fecit?
979 1021 1190 1077 ORTH.
1225 1022 1384 1076 Certe
1414 1022 1628 1077 volens.
1654 1021 1816 1076 MAN.
1842 1021 2026 1088 Quare

454 1127 603 1175 vero,
639 1127 760 1166 cum
813 1113 992 1166 bonus
1023 1113 1094 1166 sit
1118 1111 1280 1174 Deus,
1317 1111 1500 1166 facere
1533 1113 1688 1165 illum
1739 1113 1910 1166 voluit
1930 1112 2025 1181 qui

455 1201 633 1255 malus
664 1200 883 1256 futurus
903 1200 1090 1256 esset?
1119 1200 1330 1256 ORTH.
1358 1201 1500 1256 Deus
1531 1217 1655 1255 eum
1705 1202 1909 1256 bonum
1947 1201 2026 1256 fe-

455 1289 532 1343 cit
561 1305 574 1341 :
605 1306 794 1345 verum
847 1293 968 1361 ipse
1014 1302 1210 1361 sponte
1241 1301 1507 1356 mutatus,
1536 1292 1743 1345 bonum
1801 1291 2022 1360 abjecit,

456 1381 657 1448 quippe
716 1382 808 1450 qui
872 1381 1029 1435 liberi
1085 1381 1301 1434 arbitrii
1353 1392 1591 1450 compos
1635 1391 1853 1436 creatus
1882 1391 2022 1436 erat.

457 1467 626 1522 MAN.
659 1468 930 1534 Quidnam
970 1480 1151 1524 autem
1197 1484 1380 1524 causae
1409 1478 1515 1534 est,
1543 1485 1642 1524 cur
1671 1485 1794 1524 eum
1817 1471 2026 1524 arbitrii

455 1562 706 1616 libertate
735 1561 1022 1632 prmditum
1058 1577 1121 1616 ac
1153 1563 1472 1618 mutabilem
1509 1561 1787 1617 eﬂ‘ecerit?
1811 1561 2027 1618 ORTH.

455 1648 736 1718 Quidquid
791 1660 1034 1706 creatum
1060 1661 1168 1716 est,
1217 1667 1247 1706 a
1276 1659 1475 1706 natura
1519 1651 1708 1716 habet,
1736 1659 1798 1706 ut
1821 1652 2027 1705 mutari

2128 570 2322 632 κακὸν,
2358 569 2455 622 καὶ
2483 564 2882 620 ἀποϐάλλεσθαι
2912 564 2973 615 τὸ
2995 561 3223 630 ἀγαθὸν,
3261 559 3358 611 καί
3382 559 3442 609 ὲν
3470 557 3717 625 ἀνυπερ-

2129 660 2218 728 ξία
2249 658 2345 712 τοῦ
2399 657 2606 724 ἀγαθοῦ
2645 653 2805 719 εἶναι,
2849 656 2988 722 ὅπερ
3044 652 3164 704 ἐστι
3205 649 3380 704 κακὸν
3405 690 3420 713 ,
3454 648 3714 715 εποίησεν

2127 745 2331 811 αὑτόν;
2379 745 2534 799 ΟΡΘ.
2579 745 2645 797 ΕΞ
2681 743 3093 813 προεγίνωσκεν
3122 739 3282 792 αὑτὸν
3306 777 3321 802 ,
3365 737 3447 799 ὡς
3498 737 3715 799 πάντως

2127 840 2390 908 ἐσόμενον
2422 836 2827 908 προεγίνωσιιεν
2855 833 3020 887 αὐτόν
3039 854 3053 863 ο
3089 833 3125 901 ἡ
3152 832 3264 900 γὰρ
3301 829 3378 900 μὴ
3408 829 3624 890 παντὸς
3643 828 3714 889 ὡς

2126 930 2396 998 ἐσομένου
2425 929 2453 968 δ
2499 928 2843 997 πρόγνωσις,
2889 925 2951 976 οὐ
2991 921 3304 996 πρόγνωσις
3350 923 3512 972 ἐστιν
3542 957 3558 982 ,
3599 919 3712 972 ἀλλ’

2129 1017 2374 1086 ἀγνωσία
2426 1017 2522 1069 καὶ
2557 1015 2752 1082 πλάνη.
2795 1013 2966 1065 MAN.
3015 1010 3201 1063 Θέλων
3240 1008 3512 1077 ἐποίησεν
3553 1005 3714 1057 αὐτον

2125 1111 2154 1163 6
2182 1108 2315 1170 Θεός
2340 1123 2355 1171 ;
2387 1107 2539 1159 ΟΡΘ.
2567 1105 2676 1158 Ναὶ
2700 1104 2888 1155 θέλων.
2929 1101 3106 1156 ΜΔΝ.
3137 1100 3247 1153 Καὶ
3278 1099 3368 1152 διὰ
3400 1099 3454 1150 τί
3480 1097 3715 1166 ἠθέλησε

2126 1197 2355 1266 ποιῆσαι
2411 1195 2616 1258 αὑτὸν,
2651 1193 2852 1260 ἀγαθὸς
2904 1191 3017 1254 ὢν,
3063 1190 3157 1243 τὸν
3204 1189 3376 1242 κακὸν
3409 1189 3714 1256 teritum;

2126 1289 2279 1342 ΟΡΘ.
2324 1287 2613 1358 Ἐποίησεν
2637 1287 2798 1338 αὐτὸν
2821 1284 2998 1347 ὁΘεὸς
3032 1283 3201 1335 καλόν
3219 1299 3235 1313 ·
3268 1281 3438 1343 αὐτὸς
3467 1280 3530 1332 δὲ
3559 1281 3715 1331 ἑκου-

2130 1381 2260 1442 σίως
2291 1379 2504 1449 ἐτράπη
2525 1417 2540 1440 ,
2574 1380 2670 1430 καὶ
2708 1375 3013 1432 ἀτιεϐἀλετο
3044 1375 3107 1426 τὸ
3142 1372 3347 1440 ἀγαθον
3371 1411 3389 1436 ,
3447 1372 3539 1424 ὅτι
3587 1370 3718 1422 αὔτ-

2127 1466 2372 1531 εξούσιος
2420 1465 2656 1532 ἐγένετο.
2708 1464 2881 1517 MAN.
2917 1461 3029 1514 Kal
3056 1461 3146 1513 διὰ
3177 1460 3228 1513 τί
3258 1461 3531 1530 ἐποίησεν
3560 1459 3720 1511 αὑτὸν

2130 1554 2477 1618 αὐτεξούσιον
2510 1547 2604 1606 καὶ
2633 1551 2908 1622 τρεπτόν;
2953 1550 3106 1603 ΟΡΘ.
3137 1550 3386 1620 Τρεπτδν
3430 1551 3539 1618 μὲν
3575 1548 3722 1600 ἅπαν

2133 1648 2338 1717 κτίσμα
2370 1647 2510 1701 κατὰ
2540 1645 2733 1715 φύσινο
2775 1638 2850 1698 ὧν
2881 1645 2992 1715 γὰρ
3021 1645 3056 1714 ἡ
3102 1645 3321 1712 γένεσις
3352 1642 3468 1695 ἀπὸ
3507 1640 3723 1710 τροπῆς

458 1739 656 1808 possit.
686 1738 934 1804 Quorum
990 1742 1138 1796 enim
1171 1751 1330 1819 ortus
1357 1755 1388 1794 a
1421 1741 1730 1795 mutatione
1761 1743 1949 1811 coepit,
1969 1757 2032 1795 ea

2139 1739 2360 1809 ἤρξατο,
2385 1737 2558 1791 ταῦτα
2599 1737 2816 1804 ἀνάγκη
2861 1734 3004 1788 κατά
3032 1735 3195 1804 φύσιν
3222 1733 3439 1804 τρεπτὰ
3464 1729 3614 1786 εἶναι
3641 1749 3656 1763 ο
3686 1731 3720 1802 ἢ

455 1845 673 1901 quoque
703 1843 896 1901 suapte
917 1841 1110 1887 natura
1164 1833 1445 1888 mutabilia
1501 1848 1624 1889 esse
1668 1833 2035 1902 oportet.An-

457 1936 568 1975 non
593 1922 734 1976 enim
760 1923 805 1954 ³⁸
835 1926 1064 1978 mutatio
1092 1932 1197 1990 est,
1225 1941 1349 1980 cum
1381 1925 1514 1995 quid
1550 1926 1618 1978 ab
1647 1939 1712 1979 eo
1749 1924 1894 1994 quod
1926 1939 2034 1977 non

456 2022 596 2076 erat,
649 2014 715 2067 ad
759 2013 862 2068 hoc
922 2023 978 2068 ut
1007 2015 1080 2070 sit
1135 2015 1502 2085 producitur?
1528 2015 1646 2081 Quo
1682 2016 1742 2068 ﬁt
1791 2023 1852 2068 ut
1892 2013 2034 2070 Dens

459 2101 613 2156 solus
643 2112 841 2158 natura
894 2105 1256 2162 immutabilis
1287 2108 1381 2173 sit,
1443 2114 1631 2176 utpote
1673 2107 1956 2160 increatus
1981 2114 2036 2161 et

458 2201 718 2250 aeternus.
747 2193 823 2249 Ex
851 2197 1018 2252 rebus
1046 2204 1229 2252 autem
1262 2198 1528 2262 conditis,
1559 2211 1755 2254 omnes
1784 2199 1890 2253 illa:
1916 2212 2037 2268 qua:

459 2287 758 2344 rationales
795 2298 950 2353 sunt,
1005 2300 1202 2361 sponte
1259 2301 1566 2358 mutantur,
1603 2307 1704 2362 pro
1735 2291 2037 2348 voluntatis

459 2378 692 2432 arbitrio
749 2381 1016 2449 :reliquaz
1068 2391 1277 2446 autem,
1302 2384 1514 2437 ratione
1549 2383 1827 2453 corporis.

529 2465 618 2519 69.
657 2468 727 2520 At
753 2482 903 2531 vero,
939 2468 1150 2522 idcirco
1180 2470 1417 2525 liberum
1439 2487 1566 2526 eum
1594 2473 1861 2539 condidit,
1904 2474 2034 2543 quia

458 2557 724 2628 quidquid
775 2559 994 2615 ratione
1045 2563 1242 2624 utitur,
1284 2563 1372 2616 sui
1424 2563 1571 2632 juris
1619 2573 1725 2619 est.
1756 2564 2032 2631 Quorsum

459 2649 607 2703 enim
660 2649 873 2704 ratione
922 2658 1133 2717 utatur,
1163 2652 1209 2708 si
1251 2654 1467 2709 arbitrii
1519 2655 1776 2712 libertate
1809 2657 2036 2712 careat?

461 2754 589 2792 nam
627 2740 775 2809 quod
811 2747 910 2795 aut
938 2742 1016 2806 vi,
1049 2751 1145 2798 aut
1185 2752 1401 2800 natura:
1438 2748 1780 2803 necessitate
1811 2747 1893 2814 ﬁt,
1925 2749 2039 2803 vir-

461 2830 602 2886 tutis
650 2845 852 2886 nomen
890 2848 1242 2910 nequaquam
1271 2836 1506 2892 obtinet.
1536 2836 1614 2891 Ex
1639 2853 1750 2909 quo
1803 2839 2038 2895 edicitur

462 2929 524 2976 ut
559 2938 631 2978 ne
665 2924 840 2980 virtus
877 2926 1104 2994 quidem
1154 2929 1334 2984 brutis
1377 2930 1528 2985 insit.
1558 2929 1733 2986 Porro
1765 2932 2036 2988 bonorum

2135 1835 2196 1887 οὐ
2219 1835 2468 1904 τροπη,ή
2494 1833 2560 1885 ἑκ
2581 1830 2676 1884 τοῦ
2705 1831 2778 1900 μὴ
2807 1830 2959 1892 ὄντος
2993 1830 3076 1891 είς
3104 1827 3166 1881 τὸ
3191 1823 3334 1881 εἶναι
3364 1827 3719 1896 παραγωγῆς

2137 1927 2314 1980 Μόνον
2342 1921 2436 1978 οὖν
2483 1923 2644 1992 φύσει
2678 1925 2950 1992 ἄτρεπτον
2978 1922 3040 1975 τὸ
3075 1922 3228 1975 Θεῖον
3254 1962 3270 1985 ,
3313 1921 3394 1984 ὡς
3437 1921 3722 1987 inre-rev,

2135 2021 2231 2074 καὶ
2262 2021 2349 2073 ἀεὶ
2387 2017 2465 2071 ὅν.
2490 2016 2573 2069 Τὰ
2609 2016 2668 2069 δὲ
2695 2015 2998 2084 κτίσματα,
3023 2015 3124 2068 ὅσα
3156 2015 3256 2085 μὲν
3281 2013 3493 2081 λογικὰ,
3529 2014 3722 2067 ἐθελό-

2134 2127 2364 2183 τρεπτα,
2391 2107 2472 2180 τῷ
2496 2107 2765 2178 θελήματι
2784 2105 3102 2177 τρεπόμενα
3124 2121 3141 2136 ·
3166 2107 3237 2160 τὰ
3259 2106 3318 2159 δὲ
3347 2105 3538 2174 λοιπὰ,
3571 2105 3724 2159 κατά

2137 2203 2317 2275 σῶμα.

2209 2467 2306 2530 ξθ’.
2331 2461 2690 2527 Αὗτεξούσιον
2715 2459 2795 2525 δὲ,
2823 2460 2852 2514 δ
2873 2476 2926 2512 τι
2957 2457 3033 2529 μὴ
3073 2455 3132 2523 ἐξ
3164 2457 3430 2524 ἀνάγκης·
3464 2455 3580 2509 πᾶν
3607 2454 3716 2527 γὰρ

2133 2557 2388 2625 λογικὸν,
2424 2551 2800 2619 αὐτεξούσιον.
2855 2551 2950 2612 Et;
2980 2549 3034 2602 τί
3068 2549 3178 2620 γὰρ
3212 2547 3292 2617 τῷ
3334 2546 3539 2616 λογικῷ
3573 2548 3720 2616 χρή-

2137 2665 2302 2718 σηται
2324 2687 2340 2713 ,
2378 2646 2453 2717 μὴ
2481 2643 2556 2697 ὢν
2587 2641 2969 2707 αὐτεξούσιοςς
3018 2639 3082 2693 τδ
3120 2637 3234 2711 γὰρ
3269 2637 3350 2709 βίᾳ
3392 2638 3712 2706 γινόμενον,

2135 2742 2169 2812 ἢ
2195 2740 2412 2810 ἀνάγκῃ
2443 2737 2683 2807 φύσεως,
2709 2735 2808 2788 οὐκ
2831 2733 2999 2805 ἀρετή
3024 2747 3040 2763 ⁶
3071 2732 3194 2785 ὅθεν
3223 2732 3344 2784 οὐδὲ
3368 2730 3479 2801 ἔχει
3502 2729 3716 2801 ἀρετὴν

2135 2834 2205 2887 τὰ
2237 2832 2408 2898 ἄλογα
2431 2847 2445 2862 ο
2481 2830 2544 2883 τὸ
2588 2828 2678 2882 διά
2711 2843 2874 2881 τινων
2915 2824 3188 2897 ῥᾳθυμίαν
3233 2825 3442 2878 ἀνελεῖν
3478 2823 3578 2892 τὴν
3605 2824 3718 2876 τῶν

2137 2923 2360 2994 ἀγαθῶν
2399 2920 2623 2996 ἀρετὴν,
2651 2919 2713 2972 οὐ
2738 2917 2972 2972 δικαίου.
3002 2916 3177 2972 MAN.
3207 2915 3440 2984 Ὠφελεν
3477 2914 3572 2967 οὖν
3593 2913 3723 2976 τοὺς

461 3011 724 3069 virtutem
753 3015 826 3070 ob
872 3018 1268 3072 nonnullorum
1305 3019 1558 3073 inertiam
1588 3021 1780 3076 tollere
1817 3037 2033 3090 aequum

2145 3016 2445 3088 μέλλοντας
2493 3009 2784 3079 ἐναρέτους
2817 3007 3037 3060 ἔσεσθαι
3089 3006 3284 3075 μόνους
3319 3005 3550 3074 ποιῆσαι
3575 3043 3592 3065 ,
3637 3003 3729 3055 ἵνα

461 3117 572 3158 non
608 3112 712 3159 est.
746 3105 932 3159 MAN..
952 3107 1124 3178 Igitur
1151 3124 1246 3166 eos
1269 3118 1486 3164 tantum
1509 3111 1750 3168 condere
1780 3081 2033 3179 debebat,

2145 3081 2305 3178 μόνον
2333 3101 2451 3177 ᾖτδ
2487 3101 2691 3169 ἀγαθὸν
2714 3141 2730 3164 ,
2761 3099 2856 3179 καὶ
2894 3099 3032 3169 μόνη
3071 3099 3104 3168 ἠ
3137 3095 3308 3166 ἀρετὴ
3341 3095 3726 3164 mittamus.

461 3194 558 3263 qui
588 3195 744 3265 probi
778 3195 963 3250 futuri
1023 3209 1232 3262 essent,
1290 3210 1349 3254 nt
1387 3201 1590 3257 bonum
1624 3204 1806 3258 solum
1869 3214 2039 3272 esset,

461 3281 690 3350 solaque
730 3285 906 3339 virtus
936 3285 1168 3356 vigeret.
1225 3287 1438 3344 ORTH.
1482 3277 1795 3347 Perfectum
1831 3293 2038 3348 bonum

461 3367 608 3423 Dens
644 3371 796 3424 solus
813 3379 898 3425 est
919 3411 935 3436 ,
969 3382 1308 3442 cunctaque,
1339 3376 1383 3429 si
1412 3391 1538 3430 cum
1562 3393 1630 3431 eo
1656 3377 2037 3443 conferantur,

463 3455 788 3524 imperfecta
814 3469 967 3522 sunt,
1018 3471 1071 3514 et
1101 3472 1331 3518 eatenus
1382 3463 1672 3529 duntaxat,
1712 3472 1766 3520 et
1804 3475 1954 3530 sunt,
1983 3475 2039 3522 et

459 3545 723 3600 dicuntur
736 3547 903 3619 458
916 3549 1082 3614 bona,
1101 3560 1373 3621 quatenus
1401 3553 1582 3624 ipsum
1613 3557 1968 3626 participant,
1981 3566 2037 3612 et

460 3650 528 3690 ex
553 3643 743 3692 mutua
769 3653 961 3693 eorum
996 3641 1142 3696 inter
1166 3657 1226 3698 se
1256 3644 1694 3713 comparatione.
1721 3644 1855 3701 Nam
1888 3650 2035 3718 quod

462 3726 595 3781 boni
621 3731 794 3798 magis
810 3739 896 3786 est
918 3733 1220 3803 particeps,
1250 3736 1426 3805 magis
1455 3751 1678 3807 quoque
1704 3739 1909 3794 bonum
1929 3749 2034 3806 est,

461 3827 517 3874 et
535 3819 922 3888 dicitur.Quod
941 3834 1121 3880 autem
1153 3826 1353 3893 minus,
1377 3827 1563 3884 minus
1575 3831 1738 3884 etiam
1755 3842 1859 3886 est.
1881 3831 2036 3897 Quod

462 3923 632 3980 porro
670 3915 818 3966 nulla
854 3915 1068 3972 ratione
1100 3915 1304 3971 bonum
1334 3928 1439 3983 est,
1474 3919 1525 3973 id
1576 3935 1644 3975 ne
1671 3921 1896 3990 quidem
1924 3933 2030 3979 est.

465 4001 623 4067 Quod
683 4004 920 4074 denique
975 4007 1128 4062 nullo
1188 4008 1352 4061 modo
1392 4009 1593 4064 bonum
1643 4019 1749 4075 est,
1793 4027 2022 4081 prorsus

2138 3197 2291 3250 0P8.
2323 3193 2546 3246 Τέλειον
2576 3178 2836 3260 ἀγαθὸνὸ
2863 3190 2994 3252 Θεὸς
3027 3189 3220 3260 μόνος*
3253 3191 3324 3258 τῇ
3371 3187 3432 3240 δὲ
3455 3187 3603 3264 ’πρὸς
3635 3187 3732 3240 αὖ·

2135 3289 2226 3341 τὸν
2257 3285 2544 3356 συγκρίσει
2587 3283 2766 3337 πάντα
2801 3282 2967 3353 ἀτελῆ
2995 3320 3010 3346 ,
3055 3283 3202 3335 κατά
3229 3281 3395 3336 τοῦτο
3425 3283 3560 3336 6m
3586 3325 3602 3348 ,
3630 3283 3728 3336 καὶ

2136 3381 2408 3449 λεγόμενα
2449 3378 2651 3447 ἀγαθὰ,
2689 3376 2811 3430 καθ’
2862 3378 2988 3431 ὅσον
3032 3376 3204 3429 αὑτοῦ
3253 3367 3597 3446 μετέχουσι,
3630 3377 3733 3431 καὶ

2143 3473 2212 3540 τῇ
2249 3469 2387 3539 πρὸς
2431 3466 2634 3539 ἄλληλα
2683 3465 2989 3535 συγκρίσει.
3023 3465 3206 3536 Ὅπερ
3245 3465 3352 3535 γὰρ
3390 3465 3553 3516 πλέον
3589 3481 3732 3534 μετ-

2147 3561 2260 3631 έχει
2293 3558 2390 3612 τοῦ
2428 3557 2632 3627 ἀγαθοῦ
2661 3599 2678 3626 ,
2708 3556 2870 3610 πλέον
2901 3557 3016 3611 ἔστι
3062 3573 3122 3609 τε
3161 3556 3258 3609 καὶ
3301 3555 3505 3622 λέγεται
3525 3573 3539 3585 ·
3571 3557 3732 3627 ὅπερ

2144 3653 2200 3705 δὲ
2227 3651 2471 3712 ἔλαττον,
2496 3649 2739 3710 ἔλαττον,
2782 3649 2919 3718 ὅπερ
2945 3645 3180 3709 οὐδόλως
3208 3645 3433 3714 ἀγαθὸν,
3461 3646 3732 3708 οὐδόλως.

2146 3743 2222 3797 Τὸ
2258 3742 2316 3795 δὲ
2349 3741 2581 3803 οὐδόλως
2613 3738 2818 3808 ἀγαθὸν
2847 3779 2864 3802 ,
2893 3736 3176 3800 παντελῶς
3217 3737 3389 3791 κακόν
3412 3753 3428 3767 ο
3467 3737 3566 3789 καὶ
3595 3738 3740 3790 αὐτὸ

2145 3836 2203 3888 δὲ
2235 3833 2296 3887 τὸ
2329 3829 2470 3887 εἶναι
2495 3871 2510 3895 ,
2567 3831 2774 3900 ἀγαθόν
2799 3847 2814 3862 °
2864 3830 2931 3883 ὲκ
2966 3829 3104 3883 Θεοῦ
3143 3829 3254 3899 γὰρ
3300 3829 3399 3882 τοῦ
3431 3828 3647 3895 ἀγαθοῦ
3671 3830 3740 3882 τὸ

2146 3922 2286 3980 εἶναι
2305 3941 2321 3956 ο
2353 3924 2496 3980 ὥστε
2526 3923 2602 3979 ὢν
2628 3927 2657 3978 6
2685 3923 2950 3987 διάϐολος,
2981 3923 3103 3976 κατ’
3124 3921 3261 3976 αὐτὸ
3287 3923 3349 3975 τὸ
3387 3918 3559 3988 εἶναι,
3593 3924 3740 3990 ἁγα-

2145 4017 2237 4078 θός
2263 4018 2402 4068 ἐστι.

466 4095 668 4150 malum
715 4106 821 4152 est.
862 4099 1040 4169 Atque
1069 4099 1248 4169 ipsum
1280 4101 1384 4156 boc
1408 4117 1554 4167 esse,
1583 4104 1785 4159 bonum
1816 4116 1921 4162 est.
1949 4106 2029 4179 Ex
2074 4108 2180 4164 Deo
2200 4109 2402 4180 quippe
2423 4105 2518 4177 qui
2545 4106 2724 4162 bonus
2747 4113 2855 4172 est,
2910 4104 3305 4176 proﬁciscitur.
3356 4104 3745 4171 Quamobrem

466 4199 590 4240 cum
626 4188 878 4244 diabolus
899 4191 991 4254 sit,
1023 4191 1127 4244 hac
1150 4191 1368 4248 ratione
1397 4195 1544 4264 quod
1585 4203 1691 4259 est,
1721 4197 1899 4252 bonus
1926 4206 2031 4254 est.

540 4276 628 4348 70..
658 4277 826 4333 MAN.
885 4281 1027 4347 Quid
1058 4297 1242 4339 causae
1267 4293 1371 4351 est,
1399 4299 1500 4339 cur
1547 4286 1815 4344 Dominus
1848 4290 1998 4345 dicat
2027 4311 2033 4347 :

2217 4284 2280 4340 o'.
2315 4286 2491 4340 MAN.
2523 4285 2623 4338 Διὰ
2651 4284 2706 4337 τί
2743 4283 2894 4351 λέγει
2939 4285 2968 4338 6
2999 4282 3228 4352 Κύριος,
3265 4302 3287 4334 ι
3320 4281 3504 4336 Καλὸν
3555 4279 3631 4352 ἦν
3663 4283 3750 4352 τῷ

474 4385 494 4418 ι
517 4366 726 4422 Bonum
755 4380 870 4424 erat
903 4373 1110 4428 homini
1142 4375 1246 4439 illi.
1267 4378 1314 4431 si
1346 4391 1450 4431 non
1472 4377 1666 4433 fuisset
1690 4389 1854 4436 natus
1879 4381 2046 4437 homo

469 4459 560 4514 ille
579 4461 660 4514 "?
700 4461 908 4518 ORTH.
969 4464 1238 4530 Quoniam
1285 4468 1431 4523 bono
1479 4470 1696 4540 quidem
1749 4472 1892 4528 bona
1914 4475 2047 4531 dare

469 4555 766 4609 convenit:
810 4564 897 4611 ast
955 4560 1248 4629 accipienti
1293 4561 1549 4630 probrum
1597 4572 1651 4618 et
1673 4563 1912 4622 dedecus
1935 4577 2040 4633 est,

469 4655 693 4713 accepta
728 4647 884 4712 dona,
903 4649 1129 4705 minime
1153 4665 1378 4706 servare
1402 4669 1416 4708 :
1445 4653 1598 4722 quod
1628 4670 1738 4709 non
1764 4655 2040 4724 donantis,

470 4733 566 4789 sed
601 4736 746 4791 illius
776 4738 937 4808 culpa
979 4746 1034 4793 et
1079 4740 1331 4795 socordia
1355 4743 1574 4798 accidit.
1607 4742 1752 4799 Dens
1783 4756 1961 4800 autem
1997 4747 2042 4779 ⁸ο

470 4827 599 4894 quia
623 4826 798 4882 bonus
828 4835 932 4893 est,
957 4829 1096 4885 bona
1123 4845 1234 4885 non
1252 4831 1436 4899 largiri
1459 4847 1568 4887 non
1600 4841 1800 4903 potest,
1826 4835 1932 4890 hoc
1958 4844 2044 4892 est

470 4928 580 4967 non
627 4917 745 4970 vult
795 4932 905 4972 non
969 4918 1191 4990 largiri;
1227 4921 1320 4991 qui
1353 4936 1482 4976 vero
1523 4924 1775 4994 accipere
1802 4936 2042 4993 recusat,

473 5007 590 5076 ipse
640 5009 744 5063 sibi
798 5010 1186 5068 detrimentum
1241 5014 1500 5078 accersit,
1526 5014 1655 5068 dum
1679 5017 1853 5074 satius
1891 5018 2043 5073 ducit

473 5110 584 5151 non
643 5099 918 5170 accipere,
967 5117 1136 5172 quam
1187 5103 1460 5174 accipere.
1491 5103 1768 5170 Quocirca
1819 5122 2038 5179 aquum

545 5275 590 5360 ξ’
791 5294 864 5346 tv,
907 5280 982 5337 De
1011 5281 1138 5354 ﬁde,
1184 5297 1306 5354 cap.
1334 5285 1426 5353 21,
1470 5285 1562 5340 22.
1644 5285 1838 5360 ιιι-ιιι).
1877 5301 1914 5340 ιι
1945 5284 2022 5339 De

2139 5300 2168 5352 ξ,
2196 5297 2318 5354 cap.
2345 5283 2437 5338 27.

475 5355 593 5417 cap.
629 5345 716 5402 22.

2151 4377 2424 4449 ἀνθρώπῳ
2455 4376 2669 4445 ἐκείνῳ,
2698 4376 2747 4428 εί
2771 4376 2872 4428 οὐκ
2898 4375 3162 4446 ἐγεννήθη
3199 4377 3228 4428 6
3263 4374 3566 4443 ἄνθρωπος
3599 4377 3752 4428 ἐκεῖ·

2149 4483 2276 4532 νος;
2312 4486 2330 4519 ι
2368 4466 2522 4520 ΟΡΘ.
2563 4464 2780 4536 Ἐπειδὴ
2813 4464 2892 4535 τῷ
2940 4465 3040 4534 μὲν
3065 4464 3256 4534 ἀγαθῷ
3296 4465 3528 4534 πρέπει,
3559 4466 3626 4518 τὸ
3659 4466 3751 4520 διο

2149 4561 2298 4614 δόναι
2344 4559 2414 4612 τὰ.
2459 4557 2640 4626 ἀγαθὰ
2663 4596 2679 4621 ,
2733 4557 2811 4627 τῷ
2864 4557 2922 4609 δὲ
2955 4556 3289 4627 λαμϐάνοντι
3317 4596 3333 4620 ,
3362 4557 3611 4626 αἰσχύνη
3647 4559 3754 4612 καὶ

2148 4651 2374 4714 ὃνειδος,
2400 4649 2463 4703 τὸ
2491 4648 2568 4720 μὴ
2598 4647 2854 4718 φυλάξαι,
2881 4647 2918 4702 ἀ
2949 4647 3141 4701 ἐλαὸεν
3177 4647 3376 4716 ἀγαθὰ,
3423 4647 3488 4700 οὐ
3527 4648 3627 4702 διὰ
3654 4649 3756 4704 ibi

2147 4740 2412 4802 διδοῦντα,
2443 4739 2579 4792 ἀλλὰ
2609 4738 2676 4791 δι’
2702 4737 2917 4804 ἑαυτὸν,
2947 4739 3044 4791 καὶ
3069 4737 3168 4808 τὴν
3197 4737 3393 4791 ἑαυτοῦ
3429 4739 3754 4810 ρᾳθυμίαν.

2147 4832 2258 4885 Καὶ
2282 4831 2313 4884 6
2334 4831 2469 4894 Θεὸς
2493 4830 2553 4884 οὐ
2582 4830 2806 4884 δύναται
2839 4831 2914 4901 μὴ
2946 4831 3214 4901 παρέχειν
3252 4829 3322 4883 τὰ
3350 4831 3572 4898 ἀγαθὰ,
3611 4834 3754 4901 ἀγα-

2149 4920 2242 4985 θὸς
2275 4919 2372 4983 ὢν,
2397 4919 2676 4974 τουτέστιν
2718 4919 2780 4972 οὐ
2823 4919 2971 4972 θέλει
2995 4935 3010 4951 ο
3044 4921 3073 4972 6
3102 4920 3160 4973 δὲ
3196 4919 3270 4990 μὴ
3298 4919 3474 4972 θέλων
3523 4921 3753 4981 λαὸεἰν,

2149 5013 2312 5076 αὐτὸς
2341 5010 2534 5065 ἑαυτοῦ
2555 5021 2577 5050 ε
2607 5009 2782 5074 αῐτιος
2808 5051 2823 5074 ,
2857 5010 3035 5080 ἐαυτῷ
3065 5010 3128 5062 τὸ
3156 5011 3232 5080 μὴ
3258 5009 3451 5064 λαϐεῖν
3482 5017 3756 5082 κρεῖττον

2145 5105 2318 5159 ποιῶν
2345 5103 2440 5157 τοῦ
2468 5102 2675 5156 λασεῖν.
2709 5101 2784 5156 Οὐ
2817 5100 3023 5156 δίκαιον
3056 5095 3150 5154 οὖν
3177 5140 3193 5166 ,
3225 5100 3346 5154 οἰδὲ
3380 5101 3561 5156 καλὸν
3587 5143 3605 5168 ,
3659 5105 3756 5157 διὰ

2541 5283 2587 5313 ²⁹
2615 5281 2808 5336 Matth.
2843 5297 2994 5338 xxvr.
3025 5282 3116 5341 ‘54.
3161 5283 3206 5316 ³ο
3237 5282 3360 5338 Lib.
3393 5299 3474 5348 tv,
3509 5283 3597 5341 De
3617 5287 3756 5357 ﬁde,

1778 5503 2014 5561 γΑιιιιΕ
2053 5501 2456 5561 ιεετιοΝιιε.

550 5611 584 5658 δ
614 5614 752 5675 Edit.
784 5616 1000 5682 παντός.
1031 5617 1168 5690 Reg.
1203 5618 1440 5686 πάντως,
1477 5619 1635 5696 longe
1665 5619 1881 5678 melius.
1960 5630 1982 5662 ο
2018 5619 2379 5678 Lcunclavius
2409 5615 2664 5675 emendat
2693 5615 2890 5687 ἑαυτῷ.
