3930 6206
257 218 280 282 ι
293 220 398 283 569

1213 278 1219 284 .
1246 226 1625 290 DIALOGUS
1648 226 1841 289 CONT
1855 226 1958 287 BA
2001 228 2157 289 MAN
2172 227 2479 290 ICILEOS.

3368 210 3519 303 1570'

250 332 314 384 τὸ
345 331 423 404 μὴ
465 330 641 385 θέλειν
672 329 859 385 τοῦτον
898 332 1081 387 λαϐεῖν
1103 373 1117 400 ,
1145 334 1454 405 κωλυθῆναι
1494 338 1584 391 τὸν
1630 336 1827 404 ἀγαθὸν

1934 351 2043 389 non
2078 347 2181 402 est,
2206 354 2307 393 nec
2331 337 2559 404 bonum,
2592 337 2663 393 ob
2710 353 2830 394 eam
2856 322 3100 407 causam,
3131 342 3259 414 quia
3296 344 3384 399 hic
3420 362 3508 402 ac-

249 423 345 476 τοῦ
378 418 438 477 εὗ
485 427 659 477 ποιεῖν
679 463 695 488 ,
750 424 843 476 καὶ
873 424 1073 479 διδόναι
1102 426 1171 479 τὰ
1202 427 1402 495 ἀγαθά.
1451 429 1606 483 Οὕτω
1633 429 1739 498 γάρ
1768 427 1832 481 ἂν

248 517 283 587 ἡ
323 516 493 569 κακία
547 515 703 567 ἐνίκα
757 515 818 567 τὸ
870 516 1095 584 ἀγαθὸν,
1148 519 1196 570 εἰ
1223 519 1250 570 6
1281 520 1413 582 Θεὸς
1442 520 1739 590 ἀγαθότητι
1770 520 1834 573 ἐκ

251 609 348 662 τοῦ
383 607 457 679 μὴ
496 607 651 669 ὄντος
698 608 777 670 εἰς
836 608 899 661 τὸ
956 605 1097 662 εἶναι
1147 610 1389 680 παράγει
1416 628 1429 641 ⁸
1465 612 1526 663 τὸ
1558 611 1616 665 δὲ
1664 612 1833 665 κακὸν

252 700 496 761 ἔσεσθαι,
542 698 601 764 ἐξ
631 698 839 767 ἀγαθοῦ
891 700 1155 763 ἑκουσίως
1187 702 1542 771 τρεπόμενον,
1589 704 1833 756 ἐκώλυσε

248 792 347 861 τὴν
380 789 591 858 ἀγαθὴν
622 790 717 842 τοῦ
752 790 959 859 ἀγαθοῦ
998 792 1385 862 δημιουργίαν.
1421 794 1513 847 Διὸ
1537 794 1638 847 οὐκ
1681 790 1833 846 εἶπεν

247 885 275 935 6
307 881 546 953 Κύριος,
584 872 890 954 Συνέφερεν
938 884 985 936 εἰ
1025 886 1127 937 οὐκ
1180 885 1446 955 ἐγεννήθη
1473 887 1500 938 6
1543 886 1832 957 ἄνθρωπος

249 977 495 1042 ἐκεῖνος,
532 975 704 1041 ἀλλά,
745 995 763 1028 ι
818 976 1086 1047 Συνέφερε
1122 976 1200 1047 τῷ
1239 977 1511 1048 ἀνθρώπῳ
1551 978 1763 1049 ἐκείνῳ.
1808 998 1826 1030 ι

250 1067 433 1120 Καλὸν
477 1068 576 1137 μὲν
603 1068 743 1121 κατά
776 1067 957 1138 φύσιν,
993 1069 1087 1121 καὶ
1114 1068 1255 1121 κατὰ
1287 1069 1347 1121 τὸ
1376 1069 1583 1125 δίκαιον
1614 1070 1674 1123 τὸ
1697 1072 1835 1138 ἀγα·

254 1157 345 1212 θὸν
377 1154 436 1213 εῦ
472 1163 684 1224 ποιεῖν,
718 1162 814 1213 καὶ
859 1161 1059 1215 διδόναι
1093 1162 1163 1215 τά
1194 1161 1397 1229 ἀγαθά.
1439 1164 1505 1216 '0
1535 1163 1592 1217 δὲ
1625 1163 1830 1228 λαϐὼν,

255 1252 351 1305 καὶ
403 1251 477 1321 μὴ
532 1250 813 1321 φυλάξας,
867 1253 1234 1306 ἐπονείδιστον
1292 1252 1471 1323 ἐαυτῷ
1526 1253 1589 1306 τὸ
1646 1253 1833 1308 λαϐεῖν

257 1342 535 1413 ἐποίησεν.
578 1343 749 1406 Αὐτὸς
790 1342 901 1415 γάρ
934 1346 961 1398 6
996 1344 1071 1415 μὴ
1121 1345 1289 1398 θέλων
1318 1346 1379 1398 τὸ
1413 1345 1640 1415 ἀγαθὸν,
1682 1347 1779 1400 καὶ
1804 1347 1832 1400 6

255 1434 370 1505 ἔχει
395 1434 597 1502 ἀγαθὸν
626 1436 686 1489 ού
720 1435 888 1501 θέλει,
918 1435 1038 1489 ούδὲ
1061 1430 1271 1506 ἥδεταὶῖ
1298 1437 1371 1489 Τὸ
1405 1439 1505 1508 μὲν
1530 1437 1638 1510 γὰρ
1670 1435 1830 1502 εἶναι,

1935 428 2116 497 cipere
2142 430 2298 493 nolit,
2334 429 2531 483 bonum
2564 428 2861 497 prohiberi,
2892 433 3186 501 quominus
3226 434 3507 492 beneﬁcus

1934 518 2030 582 sit,
2063 534 2127 573 ac
2164 520 2305 574 bona
2345 520 2629 586 largiatur.
2660 521 2797 574 Nam
2825 522 3026 592 alioqui
3047 526 3250 581 bonum
3282 542 3311 581 a
3354 529 3506 583 malo

1934 610 2269 675 vinceretur,
2324 611 2617 681 siquidem,
2646 627 2769 667 cum
2804 612 2947 669 Deus
2993 631 3059 670 ex
3092 634 3238 673 mera
3262 620 3505 675 bonitate

1935 718 2025 758 res
2059 720 2122 757 ex
2182 705 2355 759 nihilo
2394 706 2679 775 producat,
2741 718 2955 770 contra,
3007 709 3130 764 ideo
3162 712 3287 779 quia
3324 713 3503 767 malus

1935 794 2135 865 aliquis
2189 791 2409 851 futurus
2455 806 2621 860 esset,
2661 806 2857 867 sponte
2908 800 3205 854 videliceta
3246 802 3388 857 bono
3426 804 3507 859 di-

1936 895 2178 951 vertens,
2234 888 2376 942 bona
2430 888 2557 942 boni
2613 890 2824 943 creatio
2856 890 3232 961 impediretur.
3264 891 3393 946 Eam
3435 896 3505 949 ob

1935 990 2049 1028 rem
2085 991 2195 1029 non
2239 976 2375 1030 dixit
2399 976 2695 1031 Dominus:
2733 978 2934 1031 bonum
2964 988 3100 1043 erat,
3135 981 3179 1033 si
3214 990 3373 1037 natus
3397 998 3504 1036 non

1936 1065 2128 1121 fuisset
2160 1067 2323 1121 homo
2357 1068 2487 1133 ille;
2521 1069 2615 1123 sed
2651 1086 2664 1121 :
2695 1087 2714 1120 ι
2740 1069 2940 1123 bonum
2975 1081 3089 1124 erat
3112 1072 3316 1125 homini
3345 1074 3445 1127 illi.
3481 1092 3500 1125 ι

1936 1153 2145 1209 Bonum
2201 1156 2422 1225 quidem
2479 1164 2587 1218 est,
2622 1167 2885 1226 quantum
2920 1158 2987 1212 ad
3045 1170 3319 1221 naturam.
3357 1172 3411 1217 et
3438 1163 3506 1217 ad

1930 1247 2022 1317 jus
2068 1248 2283 1312 attinet,
2314 1257 2372 1302 ut
2406 1247 2583 1303 bonus
2610 1248 2936 1313 benefaciat,
2973 1259 3027 1303 et
3055 1253 3193 1305 bona
3226 1254 3505 1322 largiatur.

1934 1338 2139 1394 Verum
2208 1339 2303 1408 qui
2356 1340 2585 1408 accepit,
2625 1355 2726 1395 nec
2780 1343 3152 1404 conservavit,
3190 1344 3291 1396 hoc
3326 1346 3505 1412 ipsum

1935 1437 2095 1500 turpe
2142 1430 2247 1486 sibi
2296 1437 2351 1485 et
2412 1431 2743 1500 probrosum
2797 1430 2945 1497 fecit,
3001 1433 3146 1502 quod
3206 1436 3503 1502 acceperit.

253 1523 356 1577 οὐκ
401 1526 489 1594 ἐφ’
520 1524 699 1594 ἡμῶν,
736 1525 852 1579 ἀλλ’
891 1526 956 1577 ὲκ
1001 1525 1135 1579 Θεοῦ
1189 1528 1353 1598 μόνου
1376 1544 1391 1560 ⁸
1424 1528 1486 1582 τὸ
1527 1530 1586 1583 δὲ
1629 1529 1827 1599 ἀγαθὸν

1935 1522 2056 1591 Ipse
2113 1523 2281 1586 enim,
2343 1522 2435 1591 qui
2470 1521 2672 1576 bonum
2712 1538 2821 1577 non
2871 1524 3009 1583 vult,
3044 1540 3112 1578 ne
3155 1524 3255 1578 hoc
3286 1526 3504 1594 quidem

252 1606 417 1673 εἶναι,
455 1613 520 1665 ὲκ
566 1611 724 1676 Θεοῦ,
768 1612 859 1666 καὶ
905 1613 966 1679 ἐξ
1006 1613 1183 1684 ἡμῶν.
1224 1615 1281 1669 Ὀ
1330 1616 1463 1681 Θεὸς
1507 1615 1641 1681 οὖν,
1691 1620 1827 1690 ὅπερ

1933 1614 2050 1668 vult
2078 1613 2305 1678 bonum,
2363 1613 2510 1682 quod
2552 1614 2733 1679 habet,
2772 1631 2948 1684 neque
2970 1632 3034 1670 eo
3085 1618 3406 1672 delectatur.
3440 1618 3507 1671 Et

252 1702 421 1756 αὐτοῦ
450 1704 588 1769 ἐστι,
623 1702 807 1758 δίδωσι
843 1704 905 1758 τὸ
947 1705 1009 1758 εῦ
1056 1699 1219 1769 εἶναι,
1264 1709 1429 1778 ἡμεῖς
1457 1709 1536 1776 δὲ,
1574 1711 1712 1782 ὅπερ
1742 1685 1825 1781 te"

1932 1706 2149 1776 quidem
2185 1713 2245 1760 ut
2276 1704 2474 1771 simus,
2531 1705 2704 1759 nostri
2749 1706 2961 1761 arbitrii
3002 1723 3108 1761 non
3139 1719 3245 1773 est,
3280 1710 3373 1763 scd
3412 1708 3505 1763 Dei

250 1796 386 1866 ἡμῖν
423 1798 563 1860 ἐστι,
604 1794 666 1849 τὸ
714 1796 948 1865 φυλάξαι
982 1799 1051 1852 τά
1075 1800 1536 1869 δοθέντανάγαθά,
1575 1804 1607 1875 ἢ
1648 1804 1827 1857 ποιοῦ·

1932 1799 2103 1854 solius
2141 1816 2155 1852 :
2191 1806 2250 1852 ut
2313 1804 2494 1852 autem
2533 1797 2663 1852 boni
2718 1798 2913 1857 simus.
2956 1810 3070 1853 tum
3122 1815 3189 1852 ex
3228 1799 3359 1864 Deo,
3388 1809 3503 1854 tum

255 1903 379 1955 μεν,
411 1885 446 1956 ἦ
477 1884 560 1940 οῦ.
594 1885 771 1957 Ὅπερ
802 1886 858 1940 δὲ
890 1887 1054 1958 μόνου
1082 1889 1217 1943 Θεοῦ
1257 1892 1395 1956 ἐστι,
1433 1892 1528 1945 καὶ
1565 1892 1827 1947 θελόντων

1932 1907 1993 1946 ex
2026 1890 2186 1945 nobis
2220 1895 2325 1945 est.
2375 1889 2520 1945 Deus
2574 1890 2759 1958 itaque
2794 1889 2941 1959 quod
2992 1905 3217 1945 suarum
3265 1892 3502 1959 partium

251 1979 347 2030 mi.
383 1979 456 2048 μὴ
493 1977 755 2032 θελόντων
802 1978 960 2048 ἡμῶν
992 1979 1152 2041 αὐτὸς
1182 1980 1435 2048 δίδωσιν,
1480 1980 1557 2045 ὡς
1597 1982 1826 2052 ἀγαθὸς,

254 2070 343 2122 ἴνα
371 2069 474 2123 κᾶν
508 2069 689 2132 ποσῶς
795 2070 853 2122 ὲν
881 2072 1014 2139 ἡμῖν
1052 2070 1111 2122 τὸ
1139 2070 1364 2137 ἀγαθόν.

1926 1989 2029 2046 εει,
2062 1982 2199 2037 bene
2229 1994 2351 2036 esse
2380 1979 2643 2050 largitur;
2700 1996 2800 2035 nos
2837 1996 2966 2034 vero
2994 1984 3045 2034 id
3078 1981 3227 2050 quod
3263 1982 3317 2033 in
3354 1991 3507 2049 pote-

1928 2080 2071 2133 state
2101 2079 2292 2126 uostra
2327 2070 2492 2126 situm
2525 2077 2633 2135 est,
2672 2086 2869 2140 nempe
2902 2080 2959 2126 ut
2992 2072 3117 2125 data
3152 2074 3290 2125 bona
3328 2088 3508 2126 serve-

251 2178 395 2227 mus,
428 2162 532 2215 hoc
562 2161 643 2215 vel
678 2159 932 2227 facimus,
964 2162 1044 2215 vel
1075 2161 1419 2229 negligimus.
1456 2161 1611 2229 Quod
1669 2179 1829 2233 porro
1867 2165 2041 2222 solius
2101 2161 2195 2217 Dei
2253 2169 2360 2225 est,
2423 2162 2539 2217 sive
2592 2163 2695 2230 ipsi
2762 2163 3011 2229 velimus,
3099 2166 3213 2219 sive
3246 2165 3485 2219 nolimus

256 2256 375 2324 ipse
412 2268 508 2323 pro
543 2266 642 2306 sua
694 2252 941 2307 bonitate
968 2252 1196 2317 tribuit;
1226 2269 1336 2323 quo
1367 2253 1572 2309 bonum
1598 2256 1681 2311 vel
1722 2257 1906 2326 aliqua
1939 2256 2133 2311 saltem
2176 2262 2333 2323 parte
2364 2253 2418 2307 in
2465 2254 2625 2308 nobis
2651 2254 2744 2309 sit.

320 2355 420 2402 oa'.
470 2347 530 2398 Ὀ
581 2346 712 2410 Θεὸς
761 2347 856 2400 καὶ
907 2346 985 2417 τῷ
1038 2346 1269 2416 διαϐόλῳ
1326 2348 1413 2401 ἀεὶ
1465 2349 1697 2418 παρέχει
1750 2354 1823 2405 ea

250 2437 450 2505 ἀγαθὰ,
478 2437 593 2490 ἀλλ’
623 2439 829 2500 ἐκεῖνος
851 2436 911 2489 ού
942 2436 1085 2489 θέλει
1109 2436 1295 2490 λαϐεῖν
1321 2453 1333 2466 ⁸
1368 2439 1463 2491 καὶ
1492 2440 1550 2492 ἐν
1580 2439 1659 2510 τῷ
1693 2440 1853 2515 μέλ-ο

250 2528 394 2583 λοντι
422 2529 576 2583 αἰῶνι
624 2531 757 2583 πᾶσι
794 2530 1012 2583 δίδωσιν
1056 2532 1083 2583 6
1119 2530 1251 2594 Θεὸς
1291 2531 1359 2584 τὰ
1397 2531 1579 2601 ἀγαθά
1603 2546 1617 2561 ⁸
1670 2532 1822 2603 πηγὴ

248 2621 359 2691 γάρ
400 2622 517 2675 ἐστι
567 2621 675 2674 τῶν
732 2620 953 2688 ἀγαθῶν
1015 2620 1265 2693 βρύουσα
1313 2623 1414 2693 τὴν
1467 2623 1825 2695 ἀγαθότητα·

247 2709 478 2775 ἕκαστος
532 2713 609 2776 δὲ,
660 2712 843 2774 καθὼς
885 2712 1079 2765 ἑαυτὸν
1128 2713 1506 2766 κατεσκεύασε
1549 2715 1825 2781 δεκτικὸν,

248 2803 471 2875 μετέχει
518 2802 611 2855 τοῦ
648 2801 881 2869 ἀγαθοῦ.
944 2801 1213 2856 Ἐνταῦθα
1255 2804 1354 2873 μὲν
1387 2803 1480 2857 οῦν
1522 2805 1651 2875 περὶ
1687 2805 1823 2859 ἄλλα

244 2894 347 2963 τὴν
378 2891 556 2961 ὄρεξιν
584 2891 821 2962 ἔχοντες,
855 2892 949 2945 καὶ
975 2892 1448 2962 ἐπιτυγχάνοντες,
1481 2894 1582 2946 κᾶν
1617 2894 1823 2959 ποσῶς,

244 2982 522 3054 ἡδόμεθα⁸
571 2983 749 3036 ὲκεῖσε
781 2982 859 3046 δὲ,
894 2983 1025 3037 ὃταν
1058 3002 1076 3034 ι
1109 2984 1196 3050 εἴη
1229 2986 1258 3037 6
1286 2983 1419 3048 Θεὸς
1451 2984 1519 3036 τὰ
1550 2984 1725 3038 πάντα
1767 2987 1826 3040 ὲν

246 3074 405 3136 πᾶσι,
440 3090 459 3122 ι
492 3071 568 3142 μὴ
609 3071 863 3142 βρώσεως
900 3071 1100 3143 οὔσης,
1137 3073 1211 3143 μὴ
1243 3072 1475 3140 πόσεως,
1508 3074 1644 3144 μηδέ
1683 3091 1827 3137 τινος

249 3162 519 3233 σαρκικῆς
563 3163 785 3233 ἡδονῆς,
832 3163 967 3235 μηδέ
1000 3181 1147 3227 τινος
1178 3164 1391 3227 ἀδικίας
1417 3206 1432 3229 ,
1476 3166 1530 3217 οἱ
1560 3166 1696 3236 μηδὲ
1726 3167 1824 3230 τάς

1999 2348 2083 2401 7i.
2127 2347 2269 2413 Quin
2326 2347 2545 2401 diabolo
2604 2346 2747 2402 Deus
2808 2361 3023 2414 semper
3084 2346 3226 2400 bona
3286 2347 3512 2415 largitur

1926 2439 2023 2495 sed
2070 2439 2187 2513 ipse
2236 2447 2453 2493 recuSat
2492 2438 2761 2507 accipere.
2803 2439 2979 2506 Atque
3043 2437 3097 2491 in
3162 2438 3344 2491 futuro
3395 2451 3513 2492 aevo

1928 2530 2073 2585 Deus
2113 2529 2256 2584 bona
2283 2530 2497 2584 cunctis
2539 2530 2732 2583 tribuit
2764 2529 3073 2598 (bonorum
3134 2531 3336 2598 quippe
3389 2529 3511 2583 fons

1930 2630 2034 2688 est,
2093 2622 2362 2677 universis
2404 2622 2702 2676 bonitatem
2743 2618 3094 2689 infundens);
3131 2628 3187 2671 at
3216 2620 3513 2687 unusquis-

1932 2729 2062 2784 que,
2116 2722 2279 2783 prout
2325 2728 2444 2768 sese
2470 2726 2727 2781 capacem
2776 2711 3032 2773 reddidit,
3087 2710 3214 2763 boui
3241 2710 3510 2778 particeps

1929 2805 2195 2860 redditur.
2230 2807 2309 2858 Ac
2359 2805 2584 2873 quidem
2627 2804 2716 2856 hic
2747 2803 2876 2855 dum
2935 2802 3082 2855 aliud
3114 2801 3391 2869 quidpiam
3415 2817 3511 2869 ap-

1928 2896 2188 2965 petimus,
2241 2908 2416 2963 eoque
2438 2894 2700 2962 potimur,
2732 2895 3061 2962 voluptatem
3086 2894 3353 2960 capimus.
3396 2891 3509 2945 Illic

1929 2994 2131 3048 autem,
2168 2984 2389 3055 quando
2417 3003 2434 3035 ι
2465 2982 2606 3038 Deus
2659 2983 2761 3039 erit
2802 2985 2982 3037 Omnia
3016 2985 3068 3037 in
3104 2982 3440 3044 omnibus“.
3482 3001 3501 3033 ι

1930 3092 2031 3132 nec
2061 3077 2239 3143 cibus,
2274 3091 2375 3131 nec
2402 3085 2584 3145 potus,
2615 3090 2717 3130 nec
2746 3076 2855 3129 ulla
2882 3077 3065 3130 carnis
3098 3076 3369 3144 voluptas,
3401 3088 3503 3127 nec

1929 3165 2193 3235 iniquitas
2243 3166 2351 3219 ulla
2394 3164 2577 3219 futura
2617 3174 2702 3220 est
2736 3181 2749 3217 :
2783 3173 2896 3219 tum
2923 3166 2956 3218 ii
2980 3167 3072 3235 qui
3100 3166 3154 3218 in
3188 3167 3287 3220 hac
3311 3165 3504 3218 condi-

250 3227 503 3325 συνήθεις
542 3227 737 3325 ἡδονὰς
770 3227 1018 3323 ἔχοντες,
1067 3254 1201 3324 μηδὲ
1236 3254 1343 3307 τῶν
1378 3227 1441 3308 ἐκ
1476 3227 1824 3312 ΘεόῦΠδεκτιζ

1933 3257 2082 3312 ιίοιιε
2112 3266 2294 3321 erunt,
2323 3263 2383 3311 ut
2436 3272 2536 3311 nec
2561 3265 2853 3312 consuetas
2904 3258 3209 3327 voluptates
3247 3257 3502 3323 habeant,

247 3347 334 3400 κο¹ι
364 3346 541 3409 ὄντες,
574 3344 867 3398 ὀδυνῶνται
897 3342 1210 3413 ἀνηκέστως
1234 3342 1261 3382 ἀ
1286 3359 1297 3373 ⁸
1334 3345 1398 3396 ού
1428 3343 1523 3396 τοῦ
1554 3345 1689 3399 Θεοῦ
1730 3347 1824 3400 κό-

245 3438 403 3491 λασιν
431 3436 760 3505 ποιήσαντος
785 3477 800 3501 ,
847 3433 962 3487 ἀλλ’
1014 3432 1173 3503 ἡμῶν
1223 3435 1439 3499 ἑαυτοῖς
1469 3435 1569 3505 τὴν
1603 3436 1823 3491 κόλασιν

248 3526 705 3598 εύτρεπισάντων.
743 3524 897 3577 Ἐπεὶ
925 3523 1046 3576 οὐδὲ
1075 3525 1103 3576 6
1142 3522 1274 3585 Θεὸς
1310 3524 1533 3595 ἐποίησε
1572 3526 1820 3593 θάνατον,

249 3618 361 3670 ἀλλ’
388 3619 545 3687 ἡμεῖς
578 3618 788 3678 ἑαυτοῖς
813 3614 999 3667 τοῦτον
1032 3614 1492 3682 ὲπεσπασάμεθα.
1521 3615 1685 3668 Φύσει
1721 3618 1820 3686 μὲν

250 3710 359 3780 γάρ
395 3710 501 3762 πᾶν
558 3706 811 3761 σύνθετον
849 3705 1129 3759 διαλύεται
1156 3722 1169 3735 ο
1223 3704 1343 3757 ἀλλ’
1388 3705 1511 3757 ὅσον
1562 3705 1682 3775 Θεῷ
1732 3707 1822 3761 διά

252 3803 482 3874 θεωρίας
522 3803 699 3872 ἦνωτο
735 3803 763 3853 6
805 3799 999 3869 ’Δδάμ,
1042 3801 1100 3851 ὲν
1134 3797 1314 3867 ἐαυτῷ
1363 3792 1477 3867 εἶχε
1506 3797 1605 3867 τὴν
1651 3797 1817 3869 ζωὴν,

250 3898 392 3968 ὑπὲρ
434 3896 595 3967 φύσιν
636 3892 1009 3960 ζωοποιοῦσαν
1054 3891 1153 3961 τὴν
1186 3890 1389 3960 θνητὴν
1428 3889 1596 3942 αὐτοῦ
1630 3890 1816 3960 φύσιν.

250 3989 381 4042 Ὅτε
408 3988 464 4041 δὲ
492 3986 701 4056 ἀπέστη
734 3984 834 4055 τῆς
859 3982 994 4052 πρὸς
1026 3981 1124 4052 τὴν
1156 3980 1323 4051 ζωὴν,
1353 3974 1520 4050 ἡγουν
1544 3980 1636 4034 τὸν
1664 3982 1819 4047 Θεὸν,

248 4080 515 4143 ἐνὼσεως,
550 4073 714 4148 ἢλθεν
757 4078 820 4128 ὲκ
854 4075 953 4145 τῆς
992 4075 1134 4144 ὑπὲρ
1175 4072 1337 4142 φύσιν
1388 4071 1701 4143 ἀφθαρσίας
1744 4076 1822 4137 εἰς

244 4169 345 4239 τὴν
398 4168 537 4222 κοιτά
577 4168 737 4237 φύσιν
768 4165 863 4219 τοῦ
902 4164 1161 4218 συνθέτου
1207 4163 1489 4227 διάλυσιν,
1525 4164 1661 4236 ὅπερ
1709 4166 1827 4218 ἐστὶ

247 4257 500 4319 θάνατος.

1930 3364 2033 3404 nec
2058 3364 2269 3412 earum,
2308 3364 2429 3419 qua:
2462 3364 2526 3405 ex
2563 3347 2673 3403 Deo
2699 3348 3149 3418 proﬁciscuntur,
3185 3350 3296 3402 sint
3337 3362 3503 3415 capa-

1928 3454 2043 3501 ces,
2104 3440 2159 3494 in
2181 3441 2510 3510 gravissimo
2564 3456 2785 3510 quoque
2833 3440 3024 3494 dolore
3074 3442 3443 3494 versabuntur
3489 3455 3504 3493 :

1928 3548 2041 3587 non
2065 3533 2214 3601 quod
2247 3532 2389 3587 Deus
2454 3534 2781 3602 supplicium
2828 3532 3049 3595 fecerit;
3082 3533 3173 3586 sed
3210 3533 3354 3601 quod
3406 3546 3509 3586 nos

1922 3634 2140 3689 pmnam
2172 3620 2331 3673 nobis
2368 3620 2485 3688 ipse
2534 3621 2931 3688 paraverimus.
2978 3619 3111 3671 Nam
3154 3634 3327 3686 neque
3366 3619 3509 3672 Deus

1924 3718 2155 3763 mortem
2215 3708 2362 3773 fecit,
2426 3709 2522 3763 sed
2584 3710 2731 3763 illam
2817 3710 2975 3764 nobis
3022 3712 3409 3765 accersivimus
3441 3710 3506 3763 ³⁹.

1925 3799 2243 3871 Quanquam
2270 3801 2492 3856 enimea
2541 3801 2789 3870 corporis
2818 3801 2965 3854 omni
2999 3801 3284 3870 compositi
3316 3808 3509 3853 natura

1923 3903 2026 3957 est,
2090 3901 2150 3947 ut
2194 3892 2527 3948 dissolvatur
2587 3893 2918 3963 aliquando;
2972 3901 3218 3947 attamen
3266 3891 3509 3961 quandiu

1930 3985 2172 4040 Adamus
2196 4000 2290 4053 per
2320 3985 2841 4055 contemplationem
2874 3999 3001 4039 cum
3031 3982 3145 4037 Deo
3177 3984 3510 4047 coniunctus

1932 4074 2100 4146 459
2143 4083 2283 4139 erat,
2320 4074 2376 4128 in
2416 4090 2476 4129 se
2507 4076 2676 4128 vitam
2710 4074 2973 4139 habebat,
3008 4087 3117 4143 qua
3147 4072 3398 4125 mortalis
3428 4073 3511 4140 ip-

1935 4168 2052 4221 sius
2082 4182 2212 4221 caro
2235 4181 2401 4236 supra
2432 4174 2641 4220 natura:
2671 4166 2815 4235 leges
2848 4165 3240 4219 vivilicaretur.
3274 4162 3503 4218 Postea-

1935 4271 2099 4324 quam
2157 4271 2287 4310 vero
2319 4256 2545 4311 recessit
2574 4270 2602 4307 a
2659 4254 3071 4322 conjunctione,
3106 4268 3227 4322 qua:
3266 4253 3344 4305 illi
3381 4266 3509 4305 cum

245 4348 379 4408 vita,
413 4348 527 4402 sive
581 4361 705 4400 cum
744 4343 853 4399 Deo
905 4352 1044 4410 erat,
1080 4344 1150 4399 ab
1197 4359 1261 4401 ea
1313 4344 1547 4400 subinde
1610 4342 2020 4413 incorruptione
2054 4358 2177 4415 quae
2221 4352 2434 4398 naturae
2498 4344 2643 4397 vires
2702 4342 3031 4407 excedebat,
3098 4341 3151 4395 in
3221 4337 3510 4410 compositi

252 4440 674 4497 dissolutionem
728 4450 937 4493 natura:
994 4447 1440 4502 conscntaneam,
1492 4438 1595 4492 boc
1638 4446 1733 4507 est
1772 4437 1827 4491 in
1867 4448 2122 4504 mortem,
2157 4438 2367 4493 incidit.

315 4531 412 4601 οβ’.
462 4529 681 4600 Ἐπειδὴ
726 4529 782 4581 δέ
836 4529 982 4592 τινές
1018 4530 1314 4599 φασιν,ὡς
1373 4530 1481 4584 ἔδει
1538 4530 1630 4581 τὸν
1685 4528 1818 4583 Θεὸν

1996 4531 2081 4585 72.
2132 4531 2401 4597 Quoniam
2474 4535 2654 4583 autem
2728 4525 2950 4598 quidam
3014 4526 3197 4581 dicant
3250 4540 3357 4580 non
3412 4526 3508 4581 de-

250 4622 539 4693 προειδότα
585 4623 711 4683 τοὺς
745 4622 1188 4691 ἀμαρτὴσοντας,
1225 4621 1321 4674 καὶ
1352 4621 1428 4691 μὴ
1466 4621 1828 4691 μετανοήσον-

246 4731 366 4776 τας,
391 4715 485 4767 καὶ
506 4712 955 4783 κριθησομένους,
983 4713 1057 4782 μὴ
1105 4712 1370 4782 παράγειν
1399 4713 1594 4775 αύτούς
1634 4713 1697 4763 ἐκ
1729 4710 1825 4763 τοῦ

250 4802 327 4873 μὴ
363 4801 512 4863 ὄντος
542 4801 621 4863 εἰς
660 4800 723 4852 τδ
756 4795 931 4853 εἶναι’
983 4800 1045 4851 οὐ
1098 4801 1208 4870 γὰρ
1264 4800 1689 4870 ἀγαθοποιῆσαι,
1730 4800 1827 4853 καὶ

246 4892 507 4946 κολάσαι·
544 4890 724 4961 φαμὲν
769 4892 903 4961 πρὸς
957 4892 1156 4953 αὐτοὺς
1187 4932 1202 4955 ,
1238 4892 1454 4963 πρῶτον
1507 4893 1602 4963 μὲν
1642 4892 1702 4946 τὸ
1734 4892 1828 4945 τοῦ

257 4982 584 5038 Ἀποστόλου
614 4997 626 5010 ο
682 4998 701 5031 ‹
762 4981 1063 5049 Μενοῦνγε,
1099 4976 1143 5034 ὧ
1174 4981 1454 5052 ἄνθρωπε,
1491 4983 1554 5035 σὺ
1588 4980 1669 5045 τίς
1699 4976 1770 5044 εἴ,
1802 4982 1829 5033 6

244 5072 775 5143 ἀνταποκρινόμενος
808 5071 884 5141 τῷ
917 5071 1034 5142 Θεῷ
1055 5089 1069 5137 ;
1094 5072 1173 5142 τῷ
1211 5072 1320 5142 γὰρ
1355 5071 1620 5142 θελήματι
1660 5070 1827 5125 αὑτοῦ

244 5163 326 5227 τες
358 5161 723 5231 ἀνθέστηκεν;
761 5180 780 5213 ι
819 5161 847 5213 ὃ
876 5162 985 5232 γάρ
1015 5162 1182 5227 θέλει,
1205 5162 1359 5215 τοῦτό
1399 5165 1547 5214 ἐστιν
1582 5160 1784 5229 ἀγαθόν
1805 5174 1821 5191 ⁸

319 5338 361 5374 ³⁸
403 5339 423 5394 1
452 5337 579 5395 Cor.
602 5355 689 5406 xv,
717 5337 807 5395 28.
885 5339 930 5371 ³¹
959 5336 1087 5408 Sap.
1122 5348 1159 5403 ι,
1206 5339 1289 5394 15.
1367 5339 1411 5371 ³³
1438 5338 1596 5393 Rom.
1652 5353 1732 5402 ix,
1761 5335 1855 5392 20.

1933 4621 2120 4676 buisse
2152 4621 2344 4683 Deum,
2376 4634 2515 4689 quos
2542 4618 2656 4687 jam
2686 4626 2813 4672 ante
2843 4625 3213 4686 praenosceret
3254 4627 3511 4685 peccatu-

1934 4725 2049 4771 ros,
2073 4724 2173 4764 nec
2197 4707 2577 4778 pmnitentiam
2611 4714 2855 4767 acturos,
2874 4705 3117 4773 adeoque
3145 4704 3506 4766 damnandos,

1936 4813 2031 4853 eos
2055 4798 2111 4851 in
2144 4812 2323 4852 rerum
2365 4807 2619 4850 naturam
2645 4811 2710 4848 ex
2739 4794 2907 4847 nihilo
2940 4792 3273 4861 producere;
3308 4791 3508 4845 nedum

1936 4884 2498 4947 beneﬁciis.aﬂicere,
2538 4898 2601 4937 ac
2639 4881 2836 4937 deinde
2864 4881 3058 4949 punire
3091 4897 3105 4933 :
3148 4880 3233 4934 bis
3272 4880 3506 4947 primum

1936 4976 2153 5045 quidem
2193 4990 2317 5030 cum
2360 4973 2619 5044 Apostolo
2651 4986 3019 5039 reponemus:
3056 4987 3075 5020 ι
3123 4970 3166 5024 0
3211 4969 3405 5032 homo,
3451 4978 3506 5021 tu

1933 5068 2060 5138 quis
2084 5082 2166 5132 es,
2192 5067 2285 5137 qui
2310 5065 2645 5135 respondeas
2680 5063 2811 5118 Deo?
2842 5060 3125 5141 Voluntati
3159 5061 3303 5115 enim
3337 5059 3507 5129 ipsius

1930 5160 2054 5229 quis
2080 5159 2291 5215 resistit
2318 5158 2405 5212 '3?
2438 5175 2455 5209 ι
2490 5155 2642 5223 Quod
2668 5154 2814 5210 enim
2844 5153 2977 5221 vult,
3011 5152 3114 5208 hoc
3152 5151 3352 5207 bonum
3391 5153 3503 5205 est!

1502 5491 1730 5549 VARIE
1771 5487 2175 5548 [.ECTIONES.

320 5588 346 5632 δ
377 5590 542 5648 Basil.
574 5599 630 5648 et
658 5589 788 5662 Reg.
816 5588 1165 5656 ἀνεικεστῶς,
1192 5588 1354 5646 male.
