3930 6206
421 260 548 329 1571

1573 258 1633 316 S.
1675 255 1994 319 JOANNIS
2025 255 2458 317 DAMASCENI

3545 262 3682 330 1572

423 401 444 432 τι
487 381 627 447 an
669 388 724 434 et
770 376 970 449 ﬁgulus
1018 361 1342 445 potestatem
1388 372 1551 428 habet
1591 372 1826 428 faciendi
1873 386 1992 436 vas,

2117 389 2121 421 l
2168 372 2279 425 Καὶ
2307 371 2553 435 ἐξουσίαν
2584 371 2696 441 ἔχει
2723 372 2751 424 ὁ
2782 374 3055 441 κεραμεὺς
3107 373 3340 443 ποιῆσαι
3366 413 3382 438 ,
3409 373 3438 426 ὃ
3472 375 3577 443 μὲν
3605 380 3683 436 εἰς

421 470 564 526 aliud
599 468 818 539 quidem
872 468 924 522 in
963 467 1247 531 honorem,
1299 463 1447 518 aliud
1493 474 1674 518 autem
1712 463 1766 516 in
1797 469 1991 516 contu-

2092 462 2260 531 τιμὴν
2303 461 2516 524 σκεῦος,
2547 461 2656 514 δ’δέ
2707 463 2788 525 εἰς
2831 463 3072 532 ἀτιμίαν.
3109 483 3129 516 ι
3168 465 3347 527 Αὐτὸς
3390 465 3505 534 γάρ
3542 469 3686 519 ἐστιν

421 563 636 618 meliam
680 562 744 613 ⁸⁵.
784 559 953 628 rlpse
994 557 1262 627 siquidem
1309 563 1392 610 est
1435 555 1527 624 qui
1571 553 1754 624 justos
1797 561 1855 608 et
1904 554 1992 606 in-

2117 576 2122 601 ι
2164 553 2335 606 ποιῶν
2384 553 2511 615 τούς
2540 571 2599 606 τε
2635 554 2876 617 δικαίους
2914 557 3008 607 καὶ
3047 557 3179 618 τοὺς
3221 557 3617 625 ἁμαρτωλοὺς,
3654 561 3685 629 ἦ

418 655 620 724 justus,
665 661 777 705 tum
818 651 1044 712 honore,
1102 657 1215 702 tum
1272 647 1567 717 ignominia
1602 645 1792 699 afticit.
1845 644 1992 699 Idem

2117 646 2328 715 τιμίους,
2362 646 2395 714 ἢ
2434 645 2682 715 ἀτίμους.
2720 645 2779 697 '0
2811 645 2974 708 αὐτὸς
3007 645 3116 716 γὰρ
3149 647 3480 710 Ἀπόστολος
3522 650 3579 700 ἐν
3621 653 3688 719 τῇ

423 743 624 812 quippe
683 741 979 810 Apostolus
1035 740 1090 792 in
1149 737 1394 808 Epistola
1467 735 1534 789 ad
1604 734 1990 800 Timotheum,

421 830 754 887 enumeratis
810 829 962 898 prius
1019 827 1205 892 vitiis,
1257 825 1539 895 subjungit
1593 843 1607 879 :
1669 843 1687 876 ι
1743 823 1799 878 Si
1868 823 1993 894 quis

423 925 589 991 igitur
626 917 1008 974 emundaverit
1054 933 1113 972 se
1154 916 1222 970 ab
1256 917 1398 979 istis,
1440 929 1535 970 vas
1583 913 1872 969 electionis
1914 912 1998 966 fa-

425 1023 547 1069 ctus
613 1019 698 1067 est
742 1011 810 1063 ³¹.
867 1026 885 1060 ι
936 1007 1073 1062 Cum
1133 1007 1276 1062 enim
1316 1006 1474 1060 liberi
1531 1005 1743 1058 arbitrii
1791 1003 1998 1058 conditi

425 1105 620 1166 simus,
666 1116 832 1174 penes
876 1113 978 1153 nos
1011 1105 1117 1161 est,
1182 1108 1242 1152 ut
1284 1113 1314 1150 a
1348 1095 1670 1152 fmdissimis
1714 1093 1998 1149 aﬂ‘ectibus

425 1211 526 1250 nos
557 1196 704 1265 ipsos
736 1204 1126 1260 expurgemus,
1177 1189 1263 1243 vel
1301 1188 1497 1243 iisdem
1531 1186 1881 1256 inquinemus
1931 1185 2000 1237 ".

425 1289 692 1342 Caeterum
751 1285 894 1340 Deus
951 1300 1143 1340 omnes
1213 1282 1420 1352 pariter
1490 1281 1666 1334 bonos
1729 1276 1998 1332 condidit.

429 1376 546 1446 Ipse
575 1390 811 1444 namque
845 1383 952 1428 tam
994 1388 1138 1440 esse,
1185 1387 1348 1442 quam
1401 1372 1539 1425 bene
1579 1384 1703 1424 esse
1750 1368 2000 1438 largitur,

427 1467 686 1522 bonitatis
713 1481 827 1521 suae
872 1467 1058 1520 radios
1111 1465 1164 1518 in
1202 1464 1462 1518 universa
1519 1476 1686 1530 opera
1736 1475 1833 1514 sua
1866 1457 2002 1514 solis

427 1559 604 1612 instar
653 1556 988 1628 expandens.
1038 1557 1214 1625 Atque
1261 1557 1315 1609 in
1357 1564 1544 1608 nostra
1585 1552 1805 1624 quidem
1855 1561 2007 1622 pote-

429 1658 567 1706 state
619 1664 727 1703 non
781 1659 864 1704 cst
920 1649 1172 1718 accipere
1204 1654 1266 1701 ut
1317 1648 1491 1702 simus
1534 1662 1547 1699 :
1587 1655 1646 1698 ut
1696 1659 1826 1699 vero
1875 1643 2003 1698 boni

2097 738 2234 808 πρὸς
2259 737 2526 807 Τιμόθεον
2541 738 2849 807 Ἐπιστολῇ,
2871 736 3302 808 προαριθμήσας
3327 738 3429 801 τὰς
3461 741 3688 805 κακίας,

2097 830 2293 897 ἐπάγει
2349 829 2563 896 λέγων·
2598 847 2617 880 ι
2656 829 2843 892 Ὅστις
2896 828 2991 882 οὖν
3047 829 3339 901 ἐκκαθάρῃ
3391 831 3590 884 ἑαυτὸν
3627 834 3691 886 ἐκ

2097 916 2323 980 τούτων,
2357 917 2551 986 γέγονε
2606 916 2799 979 σκεῦος
2829 915 3082 986 ἐκλογῆς.
3134 936 3153 968 ι
3193 918 3553 985 Δὺτεξούσιοι
3579 921 3692 990 γὰρ

2097 1008 2385 1078 γενόμενοι
2413 1051 2427 1072 ,
2462 1007 2710 1074 ἐξουσίαν
2758 1007 2954 1076 ἔχομεν
3012 1007 3327 1078 ἐκκαθᾶραι
3363 1011 3594 1073 ἑαυτοὺς
3627 1012 3694 1064 ἐκ

2099 1098 2208 1151 τῶν
2251 1098 2547 1169 αἰσχίστων
2578 1097 2789 1161 παθῶν,
2821 1098 2914 1150 καὶ
2961 1097 3191 1166 μολῦναι
3223 1100 3478 1162 ἑαυτούς.
3501 1101 3697 1169 Ὅμως

2100 1191 2313 1254 πάντας
2349 1193 2378 1243 ὁ
2409 1191 2541 1252 Θεὸς
2569 1190 2810 1258 ἀγαθοὺς
2838 1189 3117 1258 ἐποίησεν.
3142 1191 3316 1251 Αὐτὸς
3342 1192 3446 1261 μὲν
3471 1187 3570 1246 οὖν
3597 1196 3697 1246 καὶ

2101 1282 2162 1334 τὸ
2187 1277 2349 1344 εἶναι,
2386 1283 2480 1336 καὶ
2508 1281 2569 1335 τὸ
2599 1278 2662 1346 εὖ
2682 1275 2827 1334 εἶναι
2863 1283 2998 1334 πᾶσι
3039 1282 3294 1351 παρέχει,
3325 1283 3524 1353 ὥσπερ
3543 1285 3697 1355 ἥλιος

2104 1374 2366 1442 ἐφαπλῶν
2398 1373 2500 1437 τὰς
2551 1375 2778 1461 ἀκτϊχας
2829 1373 2930 1442 τῆς
2983 1373 3327 1444 ἀγαθότητος
3382 1375 3554 1428 αὑτοῦ
3603 1377 3700 1426 ἐπὶ

2105 1466 2283 1518 πάντα
2326 1465 2396 1518 τὰ
2433 1465 2571 1534 ἔργα
2605 1459 2795 1518 αὐτοῦ.
2853 1461 2965 1516 Καὶ
3009 1463 3073 1514 τὸ
3136 1463 3235 1532 μέν
3278 1459 3422 1516 εἶναι
3472 1463 3576 1515 οὐκ
3611 1463 3699 1530 ἐφ’

2105 1558 2237 1626 ἡμῖν
2265 1555 2452 1608 λαϐεῖν
2476 1572 2490 1585 °
2511 1555 2572 1608 τὺ
2597 1555 2654 1608 δέ
2695 1550 2754 1607 εὖ
2784 1548 2946 1616 εἶναι,
2976 1554 3063 1622 ἐφ’
3101 1555 3234 1622 ἡμῖν
3273 1555 3454 1605 ἐστιν’
3485 1554 3555 1607 ἂν
3583 1554 3699 1606 τοία

2109 1663 2206 1699 νυν
2239 1647 2556 1718 Θελήσωμεν
2589 1645 2686 1700 καὶ
2711 1645 3064 1716 ποθήσωμεν,
3095 1645 3403 1715 μετέχομεν
3434 1646 3536 1713 τῆς
3568 1647 3699 1714 ἀγα-

429 1742 645 1796 beative
698 1740 894 1804 simus,
948 1740 1052 1794 hoc
1101 1753 1267 1808 penes
1329 1752 1428 1792 nos
1469 1733 1582 1791 ‘cst.
1631 1735 1904 1802 Quocirca
1956 1736 2004 1791 si

2117 1714 2581 1806 ῢότητοςαὺτοῦ,
2611 1735 2706 1788 καὶ
2764 1714 3016 1803 ἐντφωτὶ
3073 1735 3155 1796 είς
3206 1714 3382 1787 αἰῶνα
3434 1737 3692 1804 ἐσόμεθα.

428 1833 661 1888 velimus
710 1841 764 1887 et
806 1832 1118 1901 cupiamus,
1173 1829 1436 1884 bonitatis
1491 1828 1666 1897 ipsius
1706 1827 2002 1896 participes

430 1925 657 1986 erimus,
714 1936 778 1976 ac
827 1923 880 1976 in
932 1922 1269 1991 sempiterna
1309 1920 1433 1975 luce
1482 1919 1850 1974 versabimur.
1906 1917 2002 1970 Sin

430 2031 560 2070 vero
608 2013 857 2070 socordia
910 2024 1306 2082 torpescamus,
1360 2026 1570 2081 nosque
1619 2011 1771 2080 ipsos
1822 2010 2002 2064 obeat-

434 2116 624 2162 cantes
659 2121 782 2160 eum
823 2120 933 2159 non
974 2113 1314 2174 expetamus,
1351 2105 1420 2159 ab
1449 2105 1569 2172 ejus
1605 2102 1866 2156 fruitione
1906 2117 2003 2156 ex-

433 2204 738 2257 cludemur.
796 2200 950 2256 Haud
1009 2200 1177 2270 igitur
1223 2197 1578 2269 congruebat,
1628 2202 1688 2249 ut
1739 2195 1810 2248 ob
1855 2194 2008 2264 igna-

432 2293 574 2345 viam
607 2301 849 2346 nostram
894 2292 1152 2347 bOnitatis
1202 2307 1317 2346 sua:
1361 2303 1590 2344 munera
1636 2286 1773 2341 nulli
1813 2299 2007 2340 conce-

433 2383 635 2450 deret;
689 2385 832 2436 inter
873 2399 994 2452 qua:
1046 2383 1282 2452 primum
1344 2379 1477 2434 illud
1527 2387 1634 2444 est,
1686 2385 1746 2432 ut
1810 2378 2006 2432 simus.

431 2471 620 2541 Neque
663 2471 892 2526 decebat
939 2480 998 2524 ut
1064 2467 1266 2524 malitia
1316 2477 1507 2524 nostra
1551 2470 1848 2522 bonitatem
1889 2465 2009 2534 ejus

439 2572 748 2633 superaret,
806 2572 900 2618 aut
961 2561 1193 2626 inertem
1256 2561 1530 2615 redderet.
1592 2558 1728 2613 Nam
1803 2557 2008 2626 alioqui

436 2652 586 2708 nulla
635 2667 864 2723 prorsus
925 2666 1013 2705 res
1054 2650 1400 2704 exstitisset:
1449 2649 1578 2718 quia
1623 2647 1758 2701 nihil
1798 2654 1884 2701 est
1913 2662 2008 2702 eo-

437 2759 558 2799 rum
630 2759 750 2812 quze
810 2749 985 2807 sunt,
1045 2740 1190 2810 quod
1228 2779 1243 2804 ,
1312 2746 1476 2808 prout
1535 2739 1709 2807 ipsius
1755 2737 2004 2793 bonitate

2120 1825 2246 1879 Ἐὰν
2278 1825 2336 1878 δέ
2385 1825 2797 1897 ρᾳθυμήσωμεν
2821 1866 2836 1891 ,
2864 1826 2960 1880 καὶ
3016 1827 3244 1888 ἑαυτοὺς
3293 1827 3694 1896 τυφλώσωμεν,

2108 1922 2202 1972 καὶ
2239 1921 2314 1990 μὴ
2336 1919 2665 1991 ποθήσωμεν
2694 1921 2880 1986 αὐτὸν,
2916 1922 3177 1992 ἁμέτοχοι
3230 1923 3398 1976 αὑτοῦ
3431 1923 3692 1993 ἐσόμεθα,

2109 2012 2222 2067 Οὐκ
2256 2011 2361 2064 ἔδει
2387 2007 2480 2066 οὖν
2511 2013 2601 2066 διὰ
2652 2013 2753 2084 τὴν
2811 2012 3089 2083 ἡμετέραν
3133 2012 3440 2084 ρᾳθυμίαν,
3479 2015 3696 2084 ἀμετά-

2108 2105 2258 2158 δοτον
2290 2104 2546 2172 γενέσθαι
2595 2106 2703 2159 τῶν
2733 2106 2834 2176 τῆς
2872 2106 3212 2176 ἀγαθότητος
3253 2106 3416 2160 αὑτοῦ
3449 2107 3694 2178 δωρεῶν,

2114 2185 2189 2246 ὧν
2226 2192 2418 2263 πρώτη
2452 2195 2568 2247 ἐστὶ
2614 2195 2675 2247 τὸ
2730 2191 2902 2249 εἶναι’
2935 2195 3056 2248 οὺδέ
3109 2196 3218 2248 ἔδει
3271 2197 3372 2266 τὴν
3421 2199 3694 2268 ἡμετέραν

2115 2285 2314 2338 κακίαν
2343 2285 2588 2354 νικῆσαι,
2620 2285 2716 2338 καὶ
2749 2286 3114 2357 ἀνενέργητον
3159 2288 3383 2357 ποιῆσαι
3411 2288 3506 2357 τὴν
3555 2290 3689 2355 ἀγαο

2117 2376 2318 2447 θότητα
2348 2377 2536 2431 αὐτοῦ.
2578 2376 2640 2430 Εἰ
2669 2378 2779 2448 γὰρ
2808 2379 2967 2431 τοῦτο
2995 2375 3257 2449 ἦν,οῦδέν
3290 2379 3355 2432 ἂν
3383 2381 3490 2432 τῶν
3521 2380 3691 2432 οντων

2091 2469 2328 2534 ,ἐγένετο
2353 2483 2365 2495 '
2410 2468 2564 2522 οὐδὲν
2595 2468 2704 2540 γὰρ
2754 2471 2862 2523 τῶν
2910 2471 3083 2523 ὄντων
3126 2472 3318 2536 ἀξίως.
3354 2471 3694 2524 πολιτεύεται

2111 2557 2213 2626 τῆς
2245 2557 2585 2625 ἁγαθότητος
2613 2558 2802 2612 αὑτοῦ.
2836 2561 3072 2624 Δικαίως
3120 2561 3252 2630 γάρ,
3279 2564 3324 2613 εἰ
3357 2561 3494 2630 πρὸς
3525 2561 3694 2615 αὐτὸν

2115 2647 2487 2716 συγκρίνομεν
2509 2649 2579 2701 τὰ
2603 2649 2803 2714 πάντα,
2833 2650 3027 2714 ἀνάξια
3058 2651 3152 2703 τοῦ
3186 2646 3318 2705 εἷναί
3343 2654 3492 2707 εἰσιν.

2127 2739 2459 2810 condignum
2524 2748 2630 2805 est,
2683 2757 2911 2798 munere
2964 2759 3068 2799 suo
3130 2743 3500 2814 perfungatur.
3549 2744 3690 2800 Nam

440 2837 718 2900 universa,
750 2836 796 2889 si
821 2850 945 2889 cum
979 2850 1044 2889 eo
1073 2840 1486 2902 comparantur,
1516 2831 1737 2902 indigna
1781 2844 2007 2900 prorsus
2031 2843 2096 2883 ex
2123 2829 2249 2900 jure
2283 2840 2431 2897 sunt,
2466 2843 2525 2887 ut
2562 2834 2854 2888 exsistant.

509 2928 596 2982 75.
659 2925 844 2996 Neque
903 2933 1082 2981 tamen
1141 2924 1319 2980 bonus
1376 2924 1643 2978 duntaxat
1706 2924 1850 2979 Deus
1905 2932 2012 2986 est,

441 3018 536 3075 sed
576 3017 738 3072 etiam
780 3017 987 3086 justus,
1023 3025 1185 3086 atque
1215 3029 1277 3070 ea
1325 3030 1446 3085 quae
1477 3013 1722 3070 nondum
1773 3022 2012 3079 exstant,

2191 2923 2292 2991 ογ’.
2337 2925 2528 2994 Ὅμως
2561 2927 2622 2978 οὐ
2678 2926 2840 2995 μόνον
2879 2927 3085 2996 ἀγαθός
3118 2929 3270 2981 ἐστιν
3311 2931 3340 2983 ὁ
3363 2928 3537 2995 Θεὸς,
3570 2930 3702 2983 ἀλλὰ

2122 3017 2218 3070 καὶ
2256 3017 2489 3081 δίκαιος,
2521 3017 2616 3071 καὶ
2649 3018 2750 3090 ὁρᾷ
2785 3019 2854 3074 τά
2898 3020 3078 3074 πάντα
3113 3022 3280 3090 μήπω
3306 3022 3600 3090 γενόμενα,
3631 3024 3703 3085 ὡς

442 3109 668 3182 perinde
719 3123 784 3163 ac
841 3109 886 3163 si
939 3115 1144 3172 essent,
1197 3107 1485 3161 intuetur:
1539 3125 1558 3157 ‹
1623 3105 1796 3160 Vocat
1844 3107 2010 3172 enim,

2121 3108 2269 3162 ὅντα.
2308 3125 2327 3159 ι
2381 3109 2439 3160 '0
2465 3108 2646 3161 καλῶν
2678 3109 2809 3180 γὰρ,
2845 3110 2998 3180 φησι,
3031 3112 3097 3164 τὰ
3129 3111 3205 3182 μὴ
3231 3113 3362 3165 ὄντα
3395 3113 3474 3177 ὡς
3502 3114 3652 3166 ὄντα.
3683 3134 3698 3162 ι

443 3203 621 3273 inquit
668 3200 982 3271 Apostolus,
1036 3213 1101 3253 ea
1155 3213 1276 3268 qua:
1330 3211 1437 3251 non
1475 3203 1623 3262 sunt,
1667 3205 1923 3267 tanquam
1955 3211 2018 3251 ea

444 3307 565 3362 quae
595 3300 722 3347 sunt
752 3291 818 3343 ³⁷.
886 3308 906 3340 ι
957 3288 1114 3355 Quod
1157 3288 1200 3342 si
1248 3303 1341 3342 eos
1402 3287 1495 3356 qui
1532 3286 1789 3355 puniendi
1817 3294 2014 3349 erant,

444 3398 632 3438 creare
681 3396 788 3434 non
823 3380 1058 3434 debuit:
1103 3395 1201 3448 pro
1241 3392 1340 3434 sua
1396 3377 1724 3445 praecellenti
1775 3377 2020 3430 bonitate

443 3487 538 3528 eos
567 3471 751 3541 potius
797 3483 1005 3534 creare,
1050 3483 1149 3521 nec
1193 3470 1471 3538 supplicio
1516 3465 1728 3520 allicere
1756 3465 2015 3526 debebat,

445 3562 541 3618 sed
582 3558 938 3630 peccantibus
967 3558 1249 3626 ignoscere
1284 3558 1504 3626 (horum
1550 3555 1693 3609 enim
1725 3562 2020 3623 utrumque

445 3653 499 3707 in
531 3651 652 3719 ejus
683 3657 950 3721 potestate
980 3657 1083 3715 est,
1126 3663 1320 3719 nempe
1363 3648 1666 3719 producere
1715 3655 1774 3701 et
1809 3646 2018 3702 condo-

444 3743 631 3813 nare).
698 3741 854 3808 Quod
893 3741 940 3797 si
985 3756 1201 3811 tequum
1252 3749 1354 3806 est,
1403 3741 1470 3796 de
1505 3740 1574 3795 iis
1619 3741 1712 3808 qui
1754 3745 2018 3808 peccant,

446 3832 773 3903 supplicium
813 3831 978 3895 sumi,
1010 3846 1226 3901 aequum
1281 3844 1500 3901 quoque
1547 3838 1686 3894 erat,
1744 3836 1801 3882 ut
1831 3836 1885 3883 et
1915 3827 2019 3898 ipsi

445 3932 785 3978 crearentur.
857 3920 1002 3977 Deus
1055 3922 1202 3976 enim
1269 3937 1334 3976 ea
1395 3935 1516 3991 qua:
1558 3935 1666 3974 non
1699 3928 1848 3985 sunt,
1889 3933 2020 3988 per-

446 4015 576 4070 inde
615 4024 781 4084 atque
845 4027 909 4067 ea
959 4028 1080 4084 qua:
1116 4022 1242 4068 sunt
1287 4011 1568 4084 perspicit,
1601 4025 1700 4066 nec
1729 4025 1794 4064 ex
1837 4024 2020 4064 rerum

445 4114 640 4162 eventu
688 4104 936 4175 jndicat,
1001 4102 1097 4158 sed
1164 4118 1232 4158 ex
1287 4102 1597 4156 futurorum
1664 4099 2018 4170 praenotione.

443 4194 580 4251 Nam
612 4211 676 4250 ex
719 4209 910 4250 eorum
969 4209 1090 4264 quae
1124 4194 1264 4249 ﬁunt
1324 4200 1547 4257 eventu,
1583 4205 1671 4247 res
1711 4205 1819 4246 non
1848 4192 2019 4256 novit,

447 4291 542 4345 sed
600 4305 719 4359 quae
778 4287 964 4342 futura
1014 4296 1163 4354 sunt,
1223 4287 1462 4358 praescit,
1498 4293 1552 4342 et
1601 4300 1699 4355 pro
1756 4300 1855 4340 sua
1886 4299 2023 4354 pra?-

447 4381 676 4437 scieutia
705 4394 768 4434 ea
832 4378 1086 4450 praeﬁnit.
1138 4378 1246 4444 Qui
1308 4379 1454 4432 enim
1515 4376 1815 4447 prmsciret,
1875 4376 2021 4446 quod

2120 3200 2182 3252 Ei
2222 3199 2322 3270 μὲν
2348 3200 2544 3268 ὤφειλε
2598 3200 2665 3254 δι’
2697 3202 3011 3274 ἀγαθότητα
3052 3204 3126 3275 μὴ
3181 3205 3412 3274 ποιῆσαι
3448 3207 3580 3267 τοῦς
3610 3226 3701 3260 κο-

2117 3291 2447 3361 λαζομένους
2472 3336 2487 3358 ,
2528 3293 2726 3362 μᾶλλον
2779 3296 2847 3349 δι’
2873 3296 3322 3367 ὑπερϐάλλουσαν
3393 3299 3706 3368 άγαθότητα

2118 3379 2316 3450 ὤφειλε
2353 3385 2448 3436 καὶ
2501 3384 2728 3449 ποιῆσαι
2761 3387 2959 3450 αὐτοὺς
2983 3431 2998 3454 ,
3031 3388 3128 3442 καὶ
3167 3389 3242 3458 μὴ
3276 3390 3500 3443 κολάσαι
3527 3433 3542 3453 ,
3567 3391 3710 3444 ἀλλὰ

2121 3476 2472 3546 συγχωρῆσαι
2519 3478 2706 3541 αὐτοῖς
2763 3480 3196 3550 ἁμαρτάνουσιν.
3256 3482 3422 3544 Αὐτὸς
3443 3481 3554 3552 γὰρ
3600 3483 3706 3535 κύο

2121 3583 2234 3639 ριος
2260 3567 2586 3638 ἀμφοτέρων
2612 3570 2729 3621 ἐστὶ
2749 3609 2763 3633 ,
2802 3571 2898 3623 καὶ
2920 3570 3014 3624 τοῦ
3047 3573 3298 3640 ποιῆσαι,
3325 3573 3410 3624 καὶ
3436 3572 3528 3625 τοῦ
3564 3590 3712 3640 συγ-ι

2120 3661 2394 3732 χωρῆσαι.
2436 3662 2498 3714 Εἰ
2553 3661 2611 3716 δὲ
2661 3663 2870 3720 δίκαιόν
2919 3666 3035 3717 ἐστι
3083 3666 3146 3718 τὸ
3205 3666 3523 3729 κολάζεσθαι
3572 3667 3708 3731 τοὺς

2123 3752 2560 3822 ἁμαρτάνοντας,
2585 3753 2792 3808 δίκαιον
2820 3751 2888 3826 ἦν
2923 3758 3019 3809 καὶ
3041 3757 3302 3824 γενέσθαι
3328 3758 3545 3820 αὐτούς.
3571 3759 3718 3830 Ὀρᾷ

2121 3843 2230 3913 γάρ
2273 3842 2344 3896 τὰ
2379 3843 2453 3915 μὴ
2479 3844 2608 3898 δντα
2639 3885 2653 3908 ν
2683 3847 2758 3910 ὡς
2808 3846 2938 3900 ὄντα
2970 3849 2998 3901 ὁ
3034 3847 3167 3911 Θεὸς
3187 3891 3202 3914 ,
3235 3849 3328 3902 καὶ
3378 3850 3480 3902 οὐκ
3511 3852 3576 3902 ἐκ
3610 3849 3719 3920 τῆς

2121 3935 2445 3998 ἀποϐάσεως
2470 3939 2578 3989 τῶν
2609 3939 2954 4007 πραγμάτων
2986 3939 3162 4008 κρίνει
3189 3980 3203 4000 ,
3223 3941 3339 3993 ἀλλ’
3355 3942 3420 3993 ἐκ
3450 3942 3553 4010 τῆς
3580 3959 3722 4013 προ-

2121 4025 2378 4096 γνώσεως
2415 4028 2525 4080 τῶν
2555 4029 2855 4098 ἐσομένων.
2905 4030 3059 4082 Ἐπεὶ
3112 4031 3234 4083 οὒδέ
3265 4033 3328 4084 ἐκ
3357 4031 3459 4100 τῆς
3496 4033 3724 4086 ἀποδά-

2124 4137 2264 4181 σεως
2311 4119 2422 4174 τῶν
2479 4121 2786 4192 γινομένων
2841 4121 3123 4191 γινώσκει,
3160 4123 3296 4176 ἀλλὰ
3336 4125 3728 4194 προγινώσκει

2121 4212 2190 4264 τὰ
2221 4212 2592 4282 ἐσόμενα,καὶ
2650 4216 2791 4266 κατὰ
2825 4213 2925 4284 τὴν
2990 4215 3301 4284 πρόγνωσιν
3351 4215 3522 4269 αὐτοῦ
3582 4236 3724 4288 προ-

2122 4302 2314 4373 ορίζει.
2349 4302 2472 4365 Πῶς
2497 4303 2552 4356 δὲ
2599 4303 2693 4356 καὶ
2722 4303 3090 4374 προγινώσκει
3122 4305 3184 4357 τὸ
3218 4306 3292 4376 μὴ
3328 4306 3637 4376 ἐσόμενονς
3674 4311 3727 4361 εξ

2126 4392 2235 4461 γὰρ
2277 4391 2530 4462 προέγνω
2573 4391 2668 4446 τὸν
2715 4393 3122 4463 ἁμαρτάνοντα,
3163 4395 3257 4446 καὶ
3319 4395 3392 4464 μὴ
3449 4396 3728 4467 ἐποίησεν

446 4474 691 4527 futurum
729 4486 840 4526 non
869 4473 990 4526 est?
1031 4487 1158 4525 nam
1201 4470 1246 4526 si
1277 4484 1438 4540 quem
1479 4459 1860 4540 peccaturum‘
1883 4483 2010 4540 prae-

2129 4452 2333 4545 αὐτὸν,
2355 4452 2767 4554 οὑίπρόγνωσις.
2815 4452 2904 4554 ἦν,
2937 4484 3074 4538 ἀλλά
3110 4452 3572 4557 ’πλάνηίῇσπερ
3613 4452 3731 4560 γὰρ

424 4571 659 4628 nosset,
711 4563 862 4618 hunc
922 4579 1032 4617 non
1092 4562 1460 4624 condidisset,
1517 4561 1867 4631 praescientia
1915 4576 2024 4615 non

422 4643 609 4719 ‘foret,
643 4653 737 4708 sed
789 4668 967 4708 error.
1008 4652 1166 4707 Sicut
1219 4653 1368 4707 enim
1414 4653 1660 4722 cognitio
1702 4661 1787 4708 est
1837 4667 2025 4709 rerum

449 4745 667 4799 illarum
713 4739 834 4816 quae
879 4752 1029 4812 sunt,
1073 4745 1154 4800 sic
1193 4752 1248 4800 et
1299 4745 1650 4815 praescientia
1689 4760 1878 4801 earum
1921 4753 2025 4813 est,

449 4853 571 4908 qua:
607 4845 757 4892 certo
785 4837 984 4891 futurae
1011 4844 1160 4892 sunt.
1669 4877 1672 4880 .

519 4926 685 4999 460
720 4926 810 4980 74.
843 4925 965 4981 Non
993 4942 1125 4997 ergo
1150 4925 1323 4981 Deum
1355 4926 1692 4997 judicemus.
1719 4925 2025 4983 Consilium

2128 4576 2160 4644 ἡ
2190 4573 2392 4642 γνῶσις
2421 4575 2528 4628 τῶν
2551 4573 2721 4628 ὄντων
2760 4575 2931 4641 ἐστὶν,
2963 4575 3108 4630 οὕτω
3139 4577 3236 4630 καὶ
3266 4577 3592 4648 πρόγνωσις
3618 4579 3732 4633 τῶν

2131 4668 2350 4722 πάντων
2377 4665 2651 4738 ἐσομένων
2679 4667 2796 4721 ἐστι
2813 4679 2858 4722 ε.

2197 4931 2287 4986 οδ’.
2322 4929 2416 5001 Μὴ
2458 4924 2550 4984 οὖν
2584 4928 2862 5000 κρίνωμεν
2897 4930 2992 4983 τὸν
3040 4930 3194 4985 Θεόν.
3229 4931 3304 4985 Οὐ
3340 4931 3452 5002 γὰρ
3492 4934 3735 5004 οἴδαμεν

455 5021 724 5091 siquidem
761 5020 882 5090 ejus
918 5020 1074 5076 nobis
1111 5021 1458 5090 exploratum
1501 5036 1611 5075 non
1669 5027 1754 5077 est
1785 5039 1798 5076 :
1841 5040 1858 5072 ‹
1896 5021 2010 5088 Qui:

2128 5021 2228 5094 τὴν
2259 5021 2454 5092 βουλὴν
2483 5021 2682 5076 αὐτοῦ’
2724 5039 2743 5072 ‹
2779 5021 2874 5085 Τίς
2908 5021 3018 5093 γὰρ
3048 5023 3190 5090 ἔγνω
3214 5024 3342 5076 νοῦν
3387 5026 3622 5097 Κυρίου
3652 5046 3667 5092 ;
3701 5029 3733 5096 ἦ

456 5111 599 5166 enim
635 5110 788 5165 novit
829 5127 1052 5166 sensum
1087 5109 1348 5165 Domini?
1380 5119 1475 5165 aut
1508 5111 1636 5182 quis
1669 5113 2031 5168 consiliarius

459 5205 577 5276 ejus
601 5202 702 5259 fuit
736 5202 817 5259 '9?
855 5222 874 5257 ι
904 5203 1149 5261 Consilia
1172 5203 1370 5274 quippe
1395 5219 1495 5258 sua
1511 5206 1694 5259 omnia
1732 5221 1840 5260 non
1875 5214 2028 5274 pate-

2135 5113 2219 5177 τίς
2251 5112 2556 5184 σύμϐουλος
2603 5113 2766 5166 αὐτοῦ
2802 5115 3056 5181 ἐγένετος
3093 5135 3112 5166 ι
3147 5116 3222 5168 Οὐ
3260 5117 3369 5187 γὰρ
3398 5120 3596 5172 πᾶσαν
3637 5121 3734 5188 τὴν

2142 5203 2338 5274 βουλὴν
2384 5203 2548 5258 αὑτοῦ
2586 5203 2942 5273 ἀπεκάλυψεν
2980 5206 3132 5275 ἡμῖν,
3169 5205 3282 5258 ἀλλ’
3317 5207 3457 5278 ὅπερ
3491 5209 3733 5278 συνέφε-

532 5379 574 5410 ³⁸
601 5377 754 5434 Rom.
781 5379 946 5444 κει.
1021 5379 1064 5410 ³³
1098 5377 1137 5432 ιι
1166 5379 1303 5433 Tim.
1333 5394 1396 5442 ll,
1426 5378 1516 5433 ‘20.
1593 5380 1638 5411 ³⁸
1678 5379 1796 5434 Lib.
1836 5394 1908 5447 tv,
1938 5375 2010 5433 De

2117 5379 2184 5443 te,
2217 5393 2338 5448 cap.
2365 5378 2455 5432 20.
2534 5379 2577 5409 ³⁷
2608 5378 2764 5433 Rom.
2797 5395 2868 5444 xv,
2895 5379 2980 5438 t7.
3057 5382 3098 5414 ³⁸
3130 5381 3288 5436 Rom.
3321 5397 3380 5447 ll,
3409 5381 3503 5438 34.

1758 5527 1992 5584 VARUE
2031 5525 2434 5584 LEC'IIONES.

545 5635 571 5667 ο
594 5625 904 5696 Legendum
929 5641 1053 5682 cum
1108 5626 1272 5682 Billio
1304 5625 1520 5689 πάντως
1553 5625 1852 5706 ἐσομένων,
1883 5642 2008 5681 eoru

2117 5641 2207 5678 'ua:
2250 5623 2461 5680 omnino
2486 5627 2671 5695 futura
2711 5635 2850 5680 sunt.
