3930 6206
266 243 402 309 1573

1246 236 1626 300 DIALOGUS
1652 240 1948 301 CONTRA
1982 227 2476 304 MANICHIEOS'.

3369 246 3506 311 1574

265 374 359 427 ρεν
395 355 530 425 ἡμῖν
558 351 779 421 γνῶναι.
814 350 991 418 Ὅπερ
1029 348 1084 400 δὲ
1118 349 1178 400 οὐ
1221 349 1518 417 συνέφερεν
1549 350 1681 418 ἡμῖν
1708 348 1838 415 γνῶ-

1947 347 2074 403 fecit
2128 348 2330 412 nobis,
2395 348 2505 402 nisi
2566 362 2630 404 ea
2678 349 2895 405 demum
2943 367 3065 422 qua:
3117 361 3305 410 nostra
3368 360 3512 416 scire

260 467 371 511 ναι,
406 444 713 514 ἀπέκρυψε.
747 439 837 510 Μὴ
867 436 959 492 οῦν
1003 437 1317 507 εὐθύνωμεν
1360 438 1452 489 τὸν
1479 438 1641 491 Θεόνο
1676 437 1837 502 αὐτὸς

262 544 372 611 γάρ
410 542 556 591 ἐστιν
588 539 615 588 6
650 531 862 603 κριτὴς,
918 530 1014 583 καὶ
1063 530 1225 591 αὐτός
1274 530 1421 582 ἐστιν
1456 530 1489 599 ἡ
1537 529 1687 600 πηγὴ
1728 531 1837 584 τῶν

263 631 511 701 ἁγαθῶνυ
545 626 639 679 καὶ
684 624 785 677 οὐκ
817 622 966 675 ἔστιν
1015 621 1243 690 ἀγαθὸν,
1283 622 1332 673 εί
1367 620 1489 690 μὴὸ
1513 622 1675 684 αὐτὸς
1711 621 1835 691 βού-

264 724 443 781 λεται,
471 720 657 787 ὥσπερ
702 717 803 769 οὐκ
848 716 961 767 ἔστι
992 714 1142 783 φῶς,
1178 715 1228 767 εί
1278 712 1353 783 μὴ
1379 711 1440 764 τὸ
1468 715 1531 766 ἐκ
1559 712 1652 765 τοῦ
1686 713 1835 783 ἡλίου

261 810 671 885 πηγαζὸμενον.

326 991 421 1038 οε⁹.
459 983 634 1044 Αὐτὸς
658 983 759 1053 μὲν
792 982 884 1036 οῦν
912 984 940 1035 6
973 983 1125 1047 Θεὸς,
1153 983 1310 1053 φύσει
1340 982 1543 1053 ἀγαθὸς
1577 984 1671 1036 καὶ
1699 1000 1838 1053 συμ-

258 1076 441 1147 παθὴς
483 1074 579 1137 ὢν,
612 1075 671 1127 οὐ
702 1073 848 1126 θέλει
876 1073 976 1143 τὴν
1004 1074 1304 1144 ἁμαρτίαν,
1334 1077 1395 1128 οὐ
1429 1074 1572 1128 θέλει
1613 1076 1704 1128 τὸν
1739 1073 1836 1127 θὰ-

258 1185 418 1222 νατον
468 1166 563 1219 τοῦ
593 1165 919 1237 ἁμαρτωλοῦ
951 1207 965 1230 ,
991 1166 1113 1219 οὐδὲ
1157 1168 1425 1235 τέρπεται
1460 1167 1547 1220 ἐπ’
1588 1167 1838 1237 ἀπωλείᾳ

265 1260 484 1323 ζώντων
508 1298 523 1321 ,
556 1258 679 1311 οὐδὲ
717 1257 882 1311 πάθει
933 1257 1104 1327 ὀργῆς
1146 1258 1437 1327 κατέχεται
1462 1258 1539 1329 ,ἢ
1592 1256 1834 1323 κολάζει,

264 1352 399 1405 ἀλλὰ
430 1352 563 1404 πᾶσι
598 1350 751 1420 βρύει
782 1348 851 1401 τὰ
894 1348 1094 1416 ἀγαθά.
1137 1350 1196 1400 Ὀ
1227 1349 1430 1413 ποθῶν,
1467 1349 1740 1421 λαμϐάνει
1764 1366 1780 1382 ⁸
1809 1351 1837 1403 6

263 1444 368 1512 γὰρ
396 1440 600 1509 ἀγαθὸς
625 1479 640 1503 ,
670 1438 893 1507 ἀγαθῶν
940 1440 1199 1510 τυγχάνει
1221 1454 1235 1468 ⁸
1274 1440 1369 1493 καὶ
1405 1441 1461 1494 ὲν
1506 1441 1604 1511 μὲν
1629 1440 1706 1510 τῷ
1738 1440 1838 1512 βίῳ

261 1532 436 1601 τούτῳ
458 1531 739 1601 οἰκονομία
771 1529 853 1592 τίς
883 1531 1022 1595 ἐστι,
1058 1532 1154 1583 καὶ
1198 1530 1549 1602 κυϐέρνησις,
1579 1532 1672 1585 καὶ
1705 1531 1837 1604 πρό-

260 1641 382 1677 νοια
424 1625 692 1696 ἄρρητος,
730 1623 866 1694 πρὸς
900 1623 1240 1694 ἐπιστροφὴν
1277 1624 1371 1676 καὶ
1405 1625 1693 1693 μετάνοιαν
1736 1642 1836 1678 κα-

262 1714 433 1770 λοῦσα
460 1702 587 1778 τοὺς
619 1714 1055 1786 ἁμαρτάνοντας.
1097 1714 1245 1771 Μετὰ
1272 1715 1331 1767 δὲ
1377 1713 1624 1780 θάνατον,
1656 1716 1837 1769 οὐκέτι

260 1808 461 1877 τροπὴ,
499 1806 684 1860 οὐκέτι
740 1806 1028 1876 μετάνοια,
1061 1805 1181 1874 οὐχὶ
1212 1804 1307 1858 τοῦ
1344 1806 1479 1859 Θεοῦ
1510 1807 1584 1877 μὴ
1614 1807 1841 1878 δεχομέ-

261 1917 356 1951 νου
413 1898 740 1969 μετάνοιανο
772 1895 936 1956 αὐτὸς
985 1897 1093 1965 γάρ
1149 1895 1342 1949 ἑαυτὸν
1390 1896 1739 1966 ἀρνήσασθαι
1778 1896 1838 1949 οὐ

260 1990 516 2052 δύναται,
548 1987 669 2041 οὐδὲ
706 1986 1072 2040 ἀποὸάλλεται
1105 1986 1205 2055 τὴν
1238 1986 1582 2056 συμπάθειαν
1610 2003 1623 2017 ⁶
1651 1986 1765 2040 ἁλλ’
1805 1987 1838 2057 ἡ

260 2081 412 2150 ψυχὴ
460 2079 647 2133 οὐκέτι
678 2077 960 2149 τρέπεται.
1007 2075 1100 2129 Διὸ
1138 2076 1238 2129 κὰν
1277 2093 1361 2139 τις
1400 2078 1603 2149 ποιήσῃ
1657 2077 1840 2141 πάσας

263 2173 364 2233 τὰς
411 2169 793 2235 δικαιοσύνας,
835 2169 931 2223 καὶ
993 2168 1331 2237 ἐπιστρέψας
1384 2169 1708 2241 ἁμαρτήσῃ,
1745 2167 1841 2220 καὶ

266 2262 456 2332 ἐξέλθῃ
487 2261 665 2314 ποθῶν
688 2260 786 2331 τὴν
814 2258 1093 2330 ἁμαρτίαν
1123 2260 1188 2313 ὲκ
1214 2259 1306 2312 τοῦ
1334 2258 1471 2329 βίου,
1490 2261 1548 2312 ὲν
1575 2262 1640 2330 τῇ
1660 2262 1839 2330 ἁμαρ-

264 2354 357 2423 τίᾳ
383 2350 546 2405 αὐτοῦ
579 2351 953 2404 ἀποθανεῖται.
1006 2350 1245 2420 Ὁμοίως
1292 2351 1385 2405 καὶ
1430 2353 1457 2403 ὁ
1492 2350 1837 2421 ἁμαρτωλὸς,

270 2444 365 2496 ἐὰν
398 2444 725 2513 μετανοήσῃ,
756 2443 850 2495 καὶ
880 2444 937 2495 ὲν
970 2442 1035 2512 τῇ
1078 2441 1338 2512 μετανοίᾳ
1374 2441 1539 2494 αὐτοῦ
1569 2441 1837 2514 ἀποθάνῃ,

267 2536 328 2588 οὐ
362 2536 435 2606 μὴ
492 2534 804 2605 μνησθῶσιν
851 2534 908 2587 αἱ
959 2533 1228 2605 ἁμαρτίαι
1279 2533 1465 2587 αὐτοῦ.
1511 2534 1600 2598 Ὡς
1645 2533 1754 2604 γὰρ
1791 2536 1839 2587 οί

256 2625 515 2696 ,δαίμονες
577 2626 716 2696 μετὰ
753 2626 853 2697 τὴν
895 2625 1171 2679 ἔκπτωσιν
1223 2625 1284 2677 οὐ
1318 2624 1691 2694 μετανοοῦσιν,
1719 2626 1840 2678 οὐδὲ

262 2718 313 2769 οί
356 2715 577 2784 ἄγγελοι
620 2715 716 2768 νῦν
747 2715 1148 2784 ἁμαρτάνουσι,
1180 2714 1297 2766 ἀλλ’
1345 2715 1647 2783 ἀμφότεροι
1684 2714 1841 2783 ἔσχον

260 2808 323 2861 τὸ
350 2808 658 2878 ἄτρεπτον,
705 2804 851 2857 οῦτω
888 2806 981 2858 καὶ
1024 2806 1074 2856 οί
1119 2803 1398 2874 ἅνθρωποι
1434 2806 1573 2874 μετὰ
1613 2804 1842 2859 θάνατον

262 2898 325 2951 τὸ
362 2898 632 2967 ἄτρεπτον
664 2895 866 2965 ἔχουσι.
905 2895 1014 2947 Καὶ
1057 2897 1104 2948 oi
1151 2894 1249 2965 μὲν
1297 2895 1497 2948 δίκαιοι
1549 2895 1842 2959 ποθοῦντες

1940 441 2225 495 intererat.
2269 440 2402 505 Quae
2436 448 2619 495 autem
2649 443 2794 497 scire
2835 447 3013 499 nostri
3051 463 3160 501 non
3209 460 3349 516 erat,
3398 448 3513 507 haec

1939 532 2257 585 occultavit.
2282 530 2391 586 Nec
2420 532 2649 601 proinde
2676 533 2949 589 rationem
2982 552 3010 589 a
3046 537 3156 593 Deo
3194 555 3507 610 poscamus.

1939 622 2060 693 Ipse
2095 624 2241 677 enim
2276 631 2330 677 et
2372 623 2561 690 judex,
2598 630 2652 677 et
2693 624 2961 678 bonorum
3015 628 3161 682 idem
3215 633 3335 701 ipse
3388 634 3511 690 I‘ons

1938 723 2023 769 est
2056 733 2068 768 :
2108 728 2209 768 nec
2253 713 2453 766 bonum
2500 713 2670 766 ullum
2706 722 2811 778 est,
2841 716 2947 769 nisi
3000 719 3148 786 quod
3202 721 3318 790 ipse
3347 725 3507 790 velit;

1939 806 2081 860 sicut
2113 819 2180 859 ne
2224 806 2406 859 lumen
2438 804 2604 857 ullum
2653 813 2758 869 est,
2800 806 2911 860 nisi
2958 808 3106 877 quod
3141 825 3172 862 a
3206 812 3323 865 sole
3357 812 3510 867 deri-

1938 906 2119 952 vatur.

2007 988 2099 1042 75.
2148 988 2228 1042 Ac
2258 1002 2390 1043 sane
2421 987 2583 1052 Deus,
2634 1002 2762 1042 cum
2809 998 3005 1043 natura
3035 989 3217 1048 bonus
3251 1002 3305 1047 et
3340 996 3507 1051 mise-

1938 1078 2113 1134 ricors
2143 1079 2237 1145 sit,
2264 1094 2365 1134 nec
2396 1090 2680 1148 peccatum
2717 1081 2855 1143 vult,
2889 1096 2991 1135 nec
3018 1066 3331 1151 peccatoris
3359 1100 3512 1138 mor-

1936 1178 2070 1235 tem,
2125 1184 2228 1225 nec
2286 1171 2595 1225 delectatur
2647 1170 2704 1223 in
2764 1170 2997 1224 interitu
3055 1172 3360 1226 viventium
3426 1174 3508 1237 ”,

1939 1274 2041 1315 nec
2093 1261 2188 1314 irae
2240 1259 2460 1313 atl'ectui
2503 1260 2756 1328 subiacet
2804 1274 2913 1327 quo
2980 1275 3195 1328 pennam
3257 1262 3508 1316 inferat:

1938 1352 2068 1421 quin
2097 1352 2276 1421 potius
2308 1351 2362 1405 in
2398 1365 2591 1405 omnes
2640 1351 2781 1404 bona
2835 1351 3143 1419 profundit.
3179 1350 3284 1416 Qui
3335 1356 3510 1421 cupit,

1937 1443 2177 1512 accipit:
2214 1457 2339 1495 nam
2373 1442 2469 1511 qui
2514 1442 2627 1511 jam
2674 1443 2856 1497 bonus
2910 1450 3018 1505 est,
3056 1443 3325 1511 ampliora
3369 1443 3512 1497 bona

1939 1534 2318 1603 consequitur.
2359 1532 2541 1603 Atque
2574 1533 2629 1586 in
2659 1532 2764 1586 hac
2806 1534 3027 1602 quidem
3058 1533 3168 1585 vita
3211 1520 3515 1587 moderatio

1940 1627 2187 1695 quaedam
2222 1635 2325 1690 est,
2358 1632 2413 1678 et
2453 1625 2802 1692 gubernatio,
2853 1639 3169 1693 arcanaque
3218 1624 3513 1693 providen-

1944 1717 2039 1781 tia,
2074 1731 2181 1785 qua
2231 1716 2265 1770 ii
2310 1716 2404 1785 qui
2454 1724 2714 1785 peccant,
2756 1715 2824 1770 ad
2871 1716 3155 1770 meliorem
3198 1715 3409 1785 frugem
3461 1723 3514 1769 et

1943 1804 2322 1875 paenitentiam
2379 1813 2730 1859 revocantur.
2780 1802 2916 1858 Post
2954 1816 3183 1858 mortem
3235 1818 3365 1858 vero
3414 1818 3515 1857 nec

1942 1895 2346 1960 conversionis,
2378 1909 2481 1948 nec
2506 1894 2845 1963 paenitentia:
2888 1894 3042 1950 locus
3075 1905 3179 1949 est.
3217 1894 3335 1948 Non
3364 1895 3511 1964 quod

1942 1984 2087 2042 Deus
2132 1985 2512 2055 pmnitentiam
2554 1985 2599 2017 ‘°
2641 2001 2753 2040 non
2805 1986 3072 2055 suscipiat
3127 1984 3327 2057 (neque
3365 1987 3514 2040 enim

1943 2078 2186 2148 seipsum
2242 2091 2446 2147 negare
2492 2083 2695 2146 potest,
2746 2092 2847 2131 nec
2904 2078 3315 2132 miserationem
3345 2094 3512 2132 suam

1942 2168 2177 2239 abjicit),
2219 2169 2314 2223 sed
2338 2167 2583 2222 conditio
2613 2168 2810 2222 animm
2839 2176 2944 2232 est,
2981 2184 3101 2238 qua:
3129 2169 3375 2224 converti
3414 2183 3513 2222 ne-

1941 2268 2127 2330 queat.
2169 2258 2321 2314 Unde
2352 2259 2398 2313 si
2438 2260 2563 2328 quis
2610 2259 2869 2313 omnibus
2913 2258 3142 2327 justitite
3189 2260 3514 2313 muneribus

1944 2351 2229 2421 fungatur,
2258 2350 2459 2404 deinde
2490 2358 2703 2403 mutata
2738 2352 3032 2412 sententia,
3064 2358 3272 2417 peccet,
3304 2358 3357 2404 et
3388 2363 3513 2403 cum

1942 2443 2154 2514 peccati
2188 2441 2491 2511 cupiditate
2535 2457 2565 2496 e
2608 2442 2718 2495 vita
2763 2441 3011 2507 excedat,
3061 2442 3115 2494 in
3153 2449 3379 2509 peccato
3411 2456 3516 2496 suo

1942 2534 2229 2589 morietur.
2284 2530 2485 2586 Eodem
2539 2530 2705 2585 modo
2738 2539 3023 2599 peccator,
3060 2530 3107 2586 si
3158 2546 3283 2585 eum
3336 2532 3515 2600 pueri-

1942 2626 2133 2689 tuerit,
2205 2625 2371 2692 inque
2434 2623 2759 2692 ptenitentia
2814 2632 3045 2677 mortem
3117 2624 3298 2685 obeat,
3364 2624 3515 2676 nulla

1942 2717 2227 2785 culparum
2260 2716 2381 2784 ejus
2408 2714 2653 2770 manebit
2682 2714 2972 2767 memoria.
3027 2712 3183 2767 Sicut
3216 2712 3361 2767 enim
3404 2713 3515 2767 dte-

1942 2821 2133 2861 moues
2168 2814 2290 2876 post
2322 2806 2539 2876 lapsum
2579 2819 2688 2858 non
2720 2804 3085 2873 resipiscunt,
3134 2819 3311 2873 neque
3348 2805 3514 2857 etiam

1944 2898 2123 2967 angeli
2169 2912 2315 2950 nunc
2348 2903 2601 2965 peccant,
2653 2893 2748 2950 sed
2784 2894 3007 2963 utrique
3055 2895 3161 2948 hoc
3201 2895 3421 2959 habent,
3458 2904 3516 2949 ut

263 2988 355 3040 τὸν
384 2986 540 3049 Θεὸν,
570 2986 664 3037 καὶ
693 2984 908 3053 ἔχοντες
940 2982 1102 3035 αὐτὸν
1139 2982 1243 3043 ἀεὶ,
1269 2982 1682 3052 εὐφραίνονται·
1704 2982 1752 3033 οί
1782 2981 1838 3033 δὲ

1944 2989 2093 3041 nulla
2136 2988 2190 3041 in
2238 2988 2389 3055 ipsos
2450 2985 2682 3039 mutatio
2737 2984 2900 3038 cadat
2948 2985 3030 3039 sic
3081 2986 3333 3040 homines
3392 2997 3516 3055 post

264 3076 580 3149 ἁμαρτωλοὶ
613 3074 905 3137 ποθοῦντες
934 3072 1033 3144 τὴν
1063 3072 1358 3143 ἁμαρτίαν,
1387 3072 1480 3125 καὶ
1517 3072 1590 3142 μὴ
1621 3070 1837 3141 ἔχοντες

1944 3079 2141 3137 obitum
2186 3076 2601 3131 conversionem
2644 3075 2853 3129 nullam
2906 3077 3222 3131 admittunt.
3256 3079 3331 3131 Ac
3353 3078 3491 3146 justi

264 3166 362 3230 τὰς
388 3166 520 3229 ῦλας
565 3167 663 3234 τῆς
695 3165 988 3236 ἁμαρτίας,
1021 3164 1096 3226 ὡς
1129 3163 1235 3215 ὐπὸ
1288 3162 1455 3233 πυρὸς
1481 3161 1579 3214 καὶ
1626 3161 1837 3231 σκώλη-

266 3275 362 3321 κος
395 3246 843 3325 κατεσθιόμενοι,
875 3253 1214 3319 κολάζονται,
1267 3252 1538 3323 μηδεμίαν
1590 3269 1838 3324 παρηγο-

271 3350 391 3419 ρίαν
424 3348 658 3418 ἔχοντες.
693 3348 759 3400 Τί
791 3347 898 3417 γάρ
928 3348 1042 3398 ἐστι
1091 3344 1315 3407 κόλασις
1336 3383 1350 3408 ,
1392 3346 1441 3396 εί
1486 3343 1562 3414 μὴ
1608 3344 1704 3397 τοῦ
1737 3361 1836 3397 πο-

269 3439 534 3508 θουμένου
580 3437 875 3509 στὲρησις;
928 3436 1082 3489 Κατὰ
1122 3435 1221 3506 τὴν
1276 3434 1569 3503 ἀναλογίαν
1615 3434 1708 3487 οὖν
1746 3433 1836 3488 τοῦ

269 3530 459 3593 πόθου,
490 3530 545 3583 οί
569 3547 628 3582 τε
664 3528 757 3583 τὸν
805 3530 937 3582 Θεὸν
984 3527 1276 3590 ποθοῦντες
1309 3527 1713 3597 εὐφραίνονται,
1745 3526 1839 3579 καὶ

272 3622 319 3672 οί
352 3622 449 3691 τὴν
478 3619 751 3690 ἁμαρτίαν
782 3617 1072 3678 ποθοῦντες
1113 3614 1435 3678 κολάζονται
1471 3631 1484 3645 ·
1520 3615 1611 3666 καὶ
1650 3615 1757 3683 γὰρ
1790 3616 1838 3666 οί

272 3712 728 3781 ἐπιτυγχάνοντες
758 3708 853 3762 τοῦ
880 3708 1241 3778 ποθουμένου,
1259 3705 1399 3758 κατὰ
1417 3705 1478 3757 τὸ
1510 3705 1709 3774 μέτρον
1742 3702 1837 3756 τοῦ

274 3800 438 3855 πόθου
492 3800 911 3869 εὐφραίνονται·
962 3798 1057 3850 καὶ
1085 3797 1134 3849 οί
1164 3796 1665 3865 ἀποτυγχάνοντες,
1700 3794 1843 3848 κατὰ

270 3893 333 3946 τὸ
369 3894 564 3965 μέτρον
602 3893 696 3947 τοῦ
732 3891 896 3945 πόθου
932 3889 1253 3944 ὀδυνῶνται.

270 3985 574 4042 secundum
662 3983 920 4040 desiderii
1002 3995 1321 4036 mensuram
1406 3978 1757 4034 oblectamur

253 4079 457 4145 ditatis
490 4092 601 4133 suae
638 4075 802 4130 modo
838 4074 1265 4129 discruciantur.

1934 3169 2154 3241 quidem
2199 3168 2371 3224 Deum
2414 3168 2813 3233 desiderantes,
2861 3169 2983 3238 ejus
3025 3170 3377 3239 possessione
3419 3185 3515 3239 pe-

1936 3261 2092 3315 renni
2147 3260 2538 3326 oblectantur;
2588 3268 2913 3329 peccatores
2974 3268 3163 3314 contra
3230 3268 3515 3329 peccatum

1942 3348 2421 3420 concupiscentes,
2463 3366 2566 3406 nec
2608 3352 2875 3419 peccandi
2914 3352 3197 3406 materiem
3231 3353 3516 3416 habentes.

1943 3451 2201 3511 tanquam
2240 3443 2365 3511 igne
2398 3452 2451 3496 et
2478 3457 2665 3497 verme
2695 3443 2931 3507 corrosi,
2975 3444 3320 3507 cruciantur,
3369 3446 3519 3499 omni

1944 3549 2173 3603 prorsus
2206 3534 2406 3590 solatio
2439 3533 2712 3589 destituti.
2757 3533 2898 3599 Quid
2935 3536 3078 3589 enim
3124 3536 3269 3588 aliud
3307 3537 3519 3604 suppli-

1942 3624 2089 3677 cium
2117 3625 2209 3688 sit,
2239 3625 2344 3677 nisi
2379 3626 2631 3692 expetittn
2661 3625 2743 3677 rei
2790 3624 3069 3691 privatio?
3115 3623 3255 3693 Ergo
3287 3641 3387 3693 pro
3419 3641 3517 3679 cu-

1947 3712 2198 3781 piditatis
2236 3712 2452 3766 ratione
2484 3714 2523 3766 ii
2560 3713 2654 3781 qui
2688 3712 2855 3767 Deum
2887 3720 3167 3781 exoptant,
3204 3716 3259 3767 in
3305 3716 3517 3771 deliciis

1944 3811 2163 3871 agunt:
2219 3802 2313 3872 qui
2360 3816 2493 3858 vero
2554 3811 2780 3873 peccato
2831 3802 3135 3872 indulgent,
3188 3807 3515 3874 puniuntur.

1947 3891 2083 3946 Nam
2111 3901 2167 3949 et
2196 3893 2277 3947 illi
2311 3892 2405 3964 qui
2440 3908 2554 3949 rem
2588 3908 2752 3963 quam
2783 3895 3101 3964 cupierunt,
3123 3907 3516 3967 assequuntur,

1819 3999 1834 4035 :
1876 3993 2070 4038 contra
2101 3984 2178 4039 illi
2224 3986 2320 4056 qui
2354 4001 2416 4042 re
2454 3986 2765 4042 desiderata
2796 3987 3141 4054 exciderunt,
3201 4003 3304 4059 ιιι-η
3366 3991 3520 4057 cupi:

337 4177 445 4235 ος·’.
483 4169 678 4238 Ὑμεῖς
713 4168 770 4221 δὲ
799 4168 989 4220 είπατε
1014 4167 1165 4236 ἡμῖν,
1187 4163 1241 4215 τί
1269 4164 1387 4215 ἐστι
1416 4162 1838 4234 παντοκράτωρς

2025 4163 2115 4221 76.
2179 4163 2293 4220 Vos
2343 4172 2527 4219 autem
2613 4164 2745 4218 mihi
2807 4166 3515 4239 respondeatis:quidnam

266 4264 494 4323 Πάντως
519 4264 552 4314 ὁ
579 4259 776 4313 πάντα
805 4256 1056 4326 κρατῶν.
1087 4257 1223 4325 Φησὶ
1260 4254 1368 4324 γὰρ
1412 4256 1440 4306 6
1484 4255 1807 4320 Ἀπόστολος
1830 4273 1843 4288 ’

270 4370 289 4402 t
336 4352 393 4403 Ὀ
422 4350 478 4402 δὲ
511 4350 689 4401 πάντα
720 4346 1139 4407 κατασκευάσας
1172 4344 1324 4406 Θεός.
1364 4362 1381 4394 ι
1422 4344 1533 4396 Καὶ
1566 4343 1681 4406 πῶς
1709 4361 1848 4399 παν-

265 4442 557 4513 τοκράτωρ
597 4442 627 4492 6
655 4439 807 4503 Θεὸς,
847 4439 921 4509 μὴ
952 4435 1169 4507 κρατῶν
1199 4438 1293 4505 τῆς
1322 4435 1452 4507 ὕλης
1482 4436 1575 4489 καὶ
1609 4436 1709 4505 τῆς
1742 4452 1842 4490 κα-

268 4535 393 4595 κίας
437 4549 451 4597 ;
500 4534 532 4603 ἢ
591 4532 708 4595 πῶς
760 4529 1130 4601 Δημιουργὸς,
1165 4527 1239 4597 μὴ
1296 4528 1700 4598 δημιουργήσας
1752 4527 1849 4599 τὴν

270 4623 498 4693 ὓληνςῆ
541 4623 659 4686 πῶς
700 4621 852 4687 Θεὸς,
893 4621 1089 4688 ἀτελὴς
1123 4659 1136 4683 ,
1164 4620 1260 4672 καὶ
1317 4618 1513 4688 ἐλλιπῆ
1558 4618 1696 4689 ἔχων
1748 4619 1848 4690 τὴν

268 4715 533 4785 δύναμιν;
561 4714 660 4768 Διὰ
689 4714 740 4767 τί
793 4714 903 4784 γὰρ
934 4712 1035 4765 οὐκ
1089 4712 1269 4764 άνεῖλε
1324 4710 1419 4764 καὶ
1474 4710 1709 4775 ὑπέταξε
1750 4712 1849 4781 τὴν

273 4809 445 4876 ὓλην,
479 4807 595 4860 ἀλλ’
635 4807 818 4858 εἴασεν
867 4802 1033 4873 αὐτὴν
1084 4801 1519 4865 στασιάζουσαν,
1552 4802 1645 4854 καί
1687 4802 1847 4871 μέχρι

272 4900 467 4969 καιροῦ
506 4898 719 4970 ροπῆςς
756 4897 817 4948 Εἰ
869 4896 966 4965 μὲν
1000 4895 1073 4966 μὴ
1132 4893 1433 4965 βουληθεὶς,
1466 4893 1565 4945 οὐκ
1618 4893 1843 4961 ἁγαθός.

272 4993 387 5044 Οὐκ
420 4991 623 5059 ἀγαθοῦ
660 4990 791 5061 γὰρ,
821 4989 940 5042 οὐδὲ
977 4988 1210 5052 δικαίου,
1241 4986 1303 5040 τὸ
1341 4984 1707 5054 ὲφησυχάζειν
1735 4987 1845 5047 τοῖς

272 5082 702 5152 ἁμαρτάνουσιν.
737 5081 797 5132 Et
822 5079 879 5131 δὲ
908 5077 983 5148 μὴ
1014 5077 1282 5147 δυνηθεὶς,
1314 5065 1447 5138 Θεὸς
1478 5074 1737 5136 ἀδύνατος
1770 5074 1844 5144 μὴ

275 5176 360 5243 εἴη
389 5174 550 5236 Θεός·
582 5172 641 5224 οὐ
671 5172 779 5241 γὰρ
807 5169 1033 5222 δύνασθε
1065 5170 1259 5231 εἰπεῖν,
1297 5165 1479 5227 καθὼς
1516 5166 1677 5234 ἡμεῖς
1710 5162 1845 5230 ἔφη·

280 5283 379 5337 μεν
408 5266 538 5335 περὶ
579 5263 673 5316 τοῦ
709 5262 963 5331 γενέσθαι
1012 5261 1104 5313 καὶ
1135 5255 1273 5312 εἶναι
1317 5259 1408 5312 τὸν
1450 5255 1691 5309 διάϐολον
1716 5295 1730 5319 ,
1761 5255 1842 5306 ὃτι

281 5355 410 5413 αὐτὸ
442 5354 502 5406 τὸ
546 5348 684 5405 εἶναι
722 5352 884 5405 αὐτὸν
943 5348 1148 5418 ἀγαθόν
1201 5351 1365 5401 ἐστιν.
1408 5347 1599 5415 Ἡμεῖς
1640 5345 1749 5414 γὰρ
1779 5347 1844 5396 ὲκ

280 5445 371 5499 τοῦ
402 5444 606 5514 ἀγαθοῦ
642 5442 869 5505 διδόντες
900 5441 1046 5511 αὐτῷ
1078 5442 1138 5494 τὸ
1171 5435 1306 5493 εἶναι
1332 5480 1345 5503 ,
1380 5436 1581 5505 ἀγαθὸν
1609 5435 1669 5488 τὸ
1709 5432 1845 5489 εἶναι

352 5621 396 5654 δ’
438 5623 557 5694 Sap.
620 5642 654 5692 ι,
698 5626 779 5682 l5.

1946 4258 2317 4326 omnipotentis
2376 4257 2647 4312 vocabulo
2712 4258 3114 4327 signiﬁcatur?
3173 4275 3356 4316 annon
3421 4266 3517 4334 qui

1945 4350 2198 4403 universa
2234 4348 2469 4419 imperio
2509 4347 2795 4402 continet?
2826 4349 2914 4402 Ait
2969 4349 3117 4403 enim
3170 4353 3463 4422 Apostolus
3497 4373 3511 4410 :

1947 4456 1965 4488 ε
2006 4437 2108 4504 Qui
2137 4437 2321 4493 omnia
2369 4438 2599 4504 creavit,
2636 4435 2781 4492 Deus
2807 4433 2908 4492 ἐει
2958 4437 3024 4493 “.
3062 4457 3079 4490 ι
3125 4439 3194 4492 At
3243 4442 3516 4509 quomodo

1949 4531 2297 4600 omnipotens
2336 4528 2479 4584 Deus
2508 4539 2613 4593 est,
2670 4529 2716 4584 si
2758 4529 2893 4583 nihil
2940 4531 2998 4583 in
3051 4534 3333 4587 materiam
3374 4543 3428 4587 et
3460 4534 3515 4587 in

1948 4624 2151 4678 malum
2193 4623 2407 4694 possit?
2435 4630 2528 4675 aut
2577 4622 2855 4686 quomodo
2911 4633 3150 4685 creator,
3204 4625 3297 4692 qui
3343 4635 3515 4679 mate-

1946 4716 2081 4769 riam
2122 4730 2232 4769 non
2274 4712 2611 4768 condiderit?
2644 4721 2739 4766 aut
2776 4728 2877 4767 cur
2934 4713 3168 4783 denique
3215 4714 3380 4779 Deus,
3420 4716 3514 4785 qui

1948 4804 2219 4874 perfectus
2248 4818 2357 4858 non
2386 4811 2490 4869 est,
2523 4803 2683 4873 cujus
2710 4803 2873 4857 etiam
2905 4804 3082 4859 virtus
3107 4804 3367 4859 deﬁciens
3394 4806 3519 4860 est?

1951 4894 2127 4949 Eccur
2188 4895 2333 4949 enim
2384 4893 2669 4948 materiam
2720 4900 2815 4948 aut
2852 4908 2961 4948 non
2998 4895 3246 4960 sustulit,
3284 4902 3377 4948 aut
3408 4910 3518 4949 non

1952 4985 2206 5055 subjecit,
2246 4984 2342 5041 sed
2393 5000 2511 5039 eam
2557 4984 2624 5038 ad
2671 4991 3010 5039 momentum
3048 4984 3370 5039 seditionem
3404 4999 3520 5037 mo-

1950 5087 2077 5127 vere
2111 5069 2398 5141 permisit?
2440 5071 2487 5127 si
2533 5071 2774 5141 quidem,
2808 5072 2937 5140 quia
2995 5071 3207 5137 noluit;
3270 5071 3520 5141 profecto

1952 5164 2131 5218 bonus
2162 5178 2271 5217 non
2323 5169 2429 5217 est.
2488 5160 2677 5231 Neque
2710 5162 2856 5216 enim
2891 5162 3127 5226 bonum,
3181 5175 3281 5215 nec
3308 5161 3518 5230 justum

1950 5256 2129 5319 decet,
2160 5264 2219 5308 ut
2264 5254 2617 5325 peccantibus
2650 5256 2985 5323 acquiescat.
3031 5253 3089 5307 Si
3116 5268 3247 5308 vero
3278 5269 3385 5307 non
3418 5269 3519 5323 po-

1951 5349 2079 5411 tuit,
2115 5348 2406 5403 imbecillis
2437 5364 2565 5419 ergo
2610 5356 2695 5403 est
2739 5346 2905 5415 Deus,
2946 5362 3047 5401 nec
3087 5345 3318 5417 proinde
3347 5345 3518 5401 Deus.

1940 5437 2297 5511 Nequaquam
2338 5441 2486 5495 enim
2540 5441 2680 5497 idem
2728 5440 2923 5498 aderre
2975 5440 3131 5496 vobis
3175 5439 3323 5507 licet,
3373 5441 3519 5511 quod
3604 5463 3623 5484 ο

860 5628 902 5659 ³ο
941 5627 1058 5683 Lib.
1139 5642 1153 5679 ι
1197 5624 1272 5681 De
1297 5624 1418 5695 ﬁde,
1451 5638 1575 5693 cap.
1611 5624 1661 5677 4.
1742 5624 1783 5658 ⁴¹
1819 5623 1986 5680 Hebr.
2029 5639 2109 5688 Ill,
2143 5626 2194 5681 4.
