3962 6202
477 223 500 290 1
511 225 616 292 575

1656 221 1718 280 S.
1755 217 2072 282 JOANNIS
2110 215 2542 278 DAMASCENI

3616 216 3732 280 1576

476 354 581 394 nos
618 335 686 391 de
715 333 920 390 diaboli
948 332 1226 389 creatione
1253 337 1307 386 et
1354 327 1682 386 cxsistentia
1712 327 2055 394 dicebamus,

2166 325 2325 380 αὐτὸν
2356 323 2584 386 δικαίως
2640 321 2916 390 εἴποιμεν.
2955 321 3146 393 Ὑμεῖς
3194 323 3254 377 δὲ
3304 324 3372 377 ὲκ
3408 325 3505 378 τοῦ
3540 326 3730 394 ἀγαθοῦ

477 431 642 484 etiam
677 427 780 482 hoc
827 427 1006 497 ipsum
1034 439 1159 480 esse
1190 424 1416 489 bonum,
1454 420 1600 490 quod
1625 419 1879 474 exsistat.
1914 418 2050 472 Nam

480 535 582 574 nos
611 533 735 573 cum
781 518 831 570 ei
866 517 1195 577 tribuamus,
1254 511 1402 582 quod
1448 527 1478 563 a
1519 511 1665 565 bono
1716 509 1896 562 factus
1945 508 2048 573 sit,

477 612 604 679 jure
641 610 941 663 dixerimus
988 609 1188 659 bonum
1234 618 1358 658 esse
1399 602 1546 671 quod
1583 602 1671 655 ille
1712 601 1804 655 sit.
1841 600 1908 652 At
1951 614 2050 655 vos

481 715 606 753 cum
637 699 915 752 materiam
950 712 1016 750 ex
1041 696 1184 750 bono
1213 693 1428 763 rogetis
1460 693 1664 752 habere
1693 702 1752 746 ut
1781 693 2046 757 exsistat;

482 804 593 858 imo
623 806 739 844 eam
772 801 966 841 natura
1014 786 1235 850 malam,
1276 784 1567 852 omnisque
1613 781 1741 836 l-oni
1775 789 2048 836 exsortem

2163 417 2237 488 μὴ
2259 416 2494 477 διδόντες
2520 417 2586 484 τῇ
2618 412 2719 484 ὕλῃ
2750 411 3004 484 ὓπαρξιν,
3039 413 3179 467 ἀλλὰ
3208 415 3308 468 καὶ
3335 416 3519 486 κακὴν
3545 417 3732 490 ταύτην

2157 507 2432 575 λέγοντες,
2465 507 2558 558 καὶ
2592 503 2754 573 φύσει
2777 506 2988 574 κακὴν,
3022 505 3116 558 καὶ
3161 505 3457 568 παντελῶς
3482 508 3731 578 ἀμέτοχον

2157 597 2365 666 ἀγαθοῦ
2387 636 2402 661 ,
2427 599 2527 652 οὑκ
2575 597 2779 665 ἀγαθὸν
2815 597 3110 667 δυνήσεσθε
3157 597 3338 648 εἰπεῖν
3379 597 3444 648 τὸ
3480 592 3618 650 εἶναι
3647 599 3732 653 αὐ-

2155 691 2256 761 τήν
2282 703 2298 719 ⁶
2339 688 2558 754 οὐκοῦν,
2597 689 2630 759 ἢ
2660 690 2762 742 οὐκ
2797 688 3021 757 ἀγαθὸς,
3070 689 3105 758 ἢ
3149 688 3213 740 οὐ
3263 688 3526 752 δυνατὸςΐ
3556 691 3584 744 6
3612 691 3733 754 Θεὸς

2159 781 2281 834 καθ’
2310 782 2478 851 ὑμᾶς,
2513 781 2590 852 μὴ
2623 781 2682 846 ἐξ
2718 781 2896 852 ἀρχῆς
2940 779 3146 850 ταύτην
3181 781 3410 834 ἀνελών·

480 899 602 938 esse
631 879 997 939 contendatis,
1027 877 1184 948 461
1223 875 1534 928 nullatenus
1563 887 1683 927 esse
1725 873 1932 926 bonum
1968 871 2153 928 dicere
2223 874 2475 944 possitis,
2512 872 2662 943 quod
2744 874 2865 940 ipsa
2948 873 3041 928 sit.
3093 873 3242 929 Deus
3294 874 3462 944 igitur,
3545 885 3722 932 vestra

482 975 698 1044 quidem
734 972 1015 1039 opinione,
1045 985 1157 1023 .nec
1199 970 1396 1031 bonus,
1431 983 1531 1020 nec
1582 975 1778 1036 potens
1820 968 1914 1028 sit,
1958 967 2050 1036 qui
2093 982 2210 1022 eam
2250 968 2319 1022 ab
2347 967 2507 1021 initio
2541 983 2648 1022 non
2679 967 2990 1023 sustulerit.

553 1066 820 1118 Praeterea
849 1102 864 1126 ,
904 1063 952 1115 si
999 1078 1062 1114 ex
1099 1061 1226 1113 boni
1259 1070 1310 1113 et
1343 1059 1467 1112 mali
1511 1059 1820 1113 substantia
1855 1067 2056 1112 cuncta

479 1165 660 1210 ortum
701 1153 923 1214 habent,
952 1162 1100 1206 certe
1146 1167 1247 1204 nec
1289 1151 1468 1204 bonus
1497 1165 1598 1204 nec
1643 1150 1840 1213 malus,
1871 1163 2056 1204 rerum

479 1254 757 1299 creatures
786 1249 942 1308 sunt,
972 1243 1066 1295 sed
1096 1248 1303 1310 patres.

550 1421 618 1476 Et
669 1434 865 1474 rursus
899 1437 911 1473 :
946 1419 991 1474 si
1024 1418 1227 1472 malum
1273 1417 1417 1471 bono
1453 1414 1797 1480 adversatur,
1850 1420 1911 1467 ut
1962 1428 2061 1468 ens

479 1511 615 1576 enti,
652 1511 980 1579 principium
1015 1509 1289 1577 principio
1315 1546 1332 1570 ,
1368 1507 1676 1562 substantia
1716 1503 2057 1564 substantia,

2234 1059 2346 1113 Καὶ
2378 1059 2570 1113 πάλιν·
2608 1061 2656 1112 εί
2691 1060 2755 1112 ἐκ
2778 1059 2877 1127 τῆς
2913 1057 3104 1121 οὐσίας
3133 1058 3229 1111 τοῦ
3257 1058 3457 1125 ἀγαθοῦ
3495 1061 3578 1112 καὶ
3622 1061 3710 1113 οὖ-

2165 1150 2286 1213 σίας
2325 1148 2419 1204 τοῦ
2476 1148 2651 1204 κακοῦ
2690 1150 2758 1202 τὰ
2785 1149 2979 1201 πάντα
3002 1189 3018 1212 ,
3044 1149 3164 1201 οὐδὲ
3199 1152 3229 1202 6
3274 1150 3476 1217 ἀγαθὸς
3508 1152 3599 1203 n‘t
3633 1152 3713 1222 δη-

2166 1241 2428 1311 μιουργὸς
2460 1279 2476 1306 ,
2504 1240 2625 1294 οὐδὲ
2651 1242 2679 1294 ὁ
2707 1240 2945 1310 πονηρὸς
2977 1280 2991 1304 ,
3023 1240 3160 1293 ἀλλὰ
3206 1243 3450 1312 πατέρες
3499 1242 3606 1294 τῶν
3647 1244 3726 1296 ὸν-

2163 1348 2293 1384 των.

2229 1421 2341 1475 Καὶ
2368 1421 2531 1475 πάλιν
2551 1440 2566 1454 ο
2607 1424 2656 1476 εί
2707 1423 2739 1493 ή
2771 1422 2943 1476 κακία
2980 1423 3200 1477 ἐναντία
3231 1424 3308 1492 τῷ
3333 1424 3553 1495 ἀγαθῷ,
3582 1425 3658 1489 ὡς
3682 1424 3737 1480 ὸν

2157 1512 2292 1578 ὄντι,
2335 1513 2432 1566 καὶ
2475 1514 2620 1584 ἀρχὴ
2656 1514 2833 1584 ἀρχῇ,
2879 1513 2974 1566 καὶ
3020 1515 3180 1567 οὐσία
3214 1515 3378 1587 οὐσίᾳ
3402 1519 3448 1580 ε,
3477 1517 3595 1580 καὶ,
3620 1518 3738 1572 καθ’

481 1608 557 1663 et,
584 1608 644 1653 ut
684 1615 838 1653 more
870 1608 1050 1652 vestro
1085 1600 1298 1667 loquar,
1334 1597 1474 1652 Deus
1505 1595 1650 1660 Deo;
1682 1611 1815 1650 sane
1853 1610 1974 1650 cum
2003 1593 2055 1647 in

2166 1604 2302 1674 ὑμᾶς
2345 1606 2539 1669 εἰπεῖν,
2568 1606 2701 1668 Θεὸς
2737 1605 2879 1676 Θεῷ,
2912 1607 2970 1659 ὲν
2994 1607 3124 1676 ἡμῖν
3162 1607 3221 1660 δέ
3263 1609 3382 1660 ἐστι
3423 1609 3644 1677 ποιῆσαι
3680 1609 3739 1662 τὸ

484 1705 674 1745 nostra
699 1697 968 1759 potestate
995 1691 1104 1755 sit,
1148 1690 1351 1742 bonum
1385 1697 1482 1742 aut
1526 1688 1731 1740 malum
1762 1687 1963 1749 facere,
2001 1686 2055 1739 in

2166 1672 2357 1764 ἀγαθὸν
2397 1697 2490 1749 καὶ
2519 1696 2711 1761 κακὸν,
2743 1698 2802 1750 ὲν
2821 1672 2956 1767 ημῖν
2979 1672 3178 1751 assem
3203 1699 3390 1752 δοῦναι
3416 1699 3486 1751 τὰ
3517 1672 3737 1772 νικητή-

486 1793 675 1838 nostra
704 1798 924 1851 quoque
955 1787 1222 1850 potestate
1263 1781 1430 1834 situm
1462 1779 1589 1842 erit,
1625 1778 1771 1832 bono
1801 1777 1882 1832 vel
1913 1777 2057 1831 malo

485 1877 718 1944 palmam
748 1875 879 1928 dare
905 1913 919 1936 ,
961 1887 1176 1942 nosque
1223 1873 1279 1926 in
1317 1885 1488 1925 causa
1533 1871 1764 1938 erimus,
1816 1879 1876 1924 ut
1922 1871 2059 1925 alter

483 1968 715 2019 alterum
743 1973 984 2034 superet.

559 2055 644 2110 77.
676 2054 785 2108 Nos
832 2055 1021 2124 itaque
1051 2068 1219 2108 unum
1270 2051 1483 2120 Deum,
1536 2052 1775 2116 bonum,
1821 2049 2055 2120 justum,

484 2149 728 2201 omnium
755 2145 1028 2216 opiﬁcem,
1060 2155 1260 2200 cuncta
1295 2145 1527 2213 imperio
1556 2152 1850 2207 tenentem,
1883 2141 2060 2196 omni-

485 2248 786 2310 potentem,
821 2256 1006 2310 parcnt
1051 2237 1316 2292 voluntati
1358 2238 1469 2290 vim
1501 2237 1792 2291 habentem
1828 2234 2058 2289 conﬁte-

482 2332 732 2392 mur,'ab
767 2331 997 2398 ipsoque
1033 2329 1288 2382 universa
1323 2337 1433 2381 tam
1467 2327 1704 2381 visibilia
1756 2341 1918 2395 quam
1972 2325 2048 2378 in-

482 2421 719 2474 vimbilia
753 2422 973 2472 condita
1020 2419 1192 2472 fuisse
1217 2458 1231 2482 ,
1265 2427 1429 2486 atque
1463 2433 1571 2471 non
1609 2433 1675 2472 ex
1719 2417 1896 2486 ipsius
1924 2416 2060 2471 subv

481 2513 706 2577 stantia,
741 2512 835 2566 sed
871 2526 936 2566 ex
969 2511 1142 2564 nihilo
1211 2511 1266 2564 in
1310 2525 1490 2563 rerum
1558 2519 1813 2563 naturam
1856 2509 2059 2578 produ-

481 2615 592 2659 ctu.
645 2623 664 2655 ‹
713 2603 907 2659 Omnia
957 2602 1105 2656 enim
1148 2587 1500 2670 quacunque
1553 2601 1727 2654 voluit
1793 2600 2060 2656 Dominus

484 2696 695 2762 Iecit“,
738 2714 758 2747 ι
793 2695 956 2763 idque
984 2710 1107 2750 esse
1134 2694 1340 2749 bonum
1373 2691 1734 2756 aliirmamus,
1759 2687 1907 2762 quod
1943 2691 2060 2762 ipse

482 2791 621 2842 vult.
645 2789 804 2843 Absit
827 2788 972 2841 enim
997 2793 1058 2840 ut
1090 2785 1158 2840 de
1184 2785 1390 2839 factore
1414 2799 1582 2854 opera
1607 2784 1857 2853 judicent
1885 2801 1898 2837 :
1923 2783 2056 2853 quin

482 2896 586 2935 nec
618 2879 982 2934 Providentiae
1042 2879 1289 2932 rationes
1321 2876 1483 2931 nobis
1535 2876 1835 2945 explorata:
1881 2876 2053 2930 sunt!

490 2990 508 3022 ι
548 2970 684 3036 Quis
732 2971 878 3026 enim
924 2969 1184 3038 cognovit
1235 2981 1460 3022 sensum
1517 2965 1756 3029 Domini,
1796 2972 1891 3019 aut
1931 2964 2058 3035 quis

484 3063 839 3118 consiliarius
871 3061 992 3129 ejus
1019 3060 1126 3114 fuit
1146 3058 1234 3112 ‘3?
1263 3077 1283 3108 υ
1318 3057 1374 3112 Si
1399 3055 1690 3112 consilium
1723 3063 1780 3111 et
1807 3055 2060 3111 voluntas

484 3156 656 3224 ipsius
687 3154 945 3223 cognosci
987 3157 1190 3220 posset,
1237 3165 1338 3204 nec
1383 3147 1526 3203 Deus
1556 3146 1720 3210 foret,
1751 3161 1855 3202 nec
1883 3146 2060 3201 admi-

483 3247 699 3299 ratione
719 3244 939 3312 dignus.
968 3239 1439 3307 Quemadmodum
1465 3238 1609 3293 enim
1643 3237 2064 3306 incomprehen-

483 3334 663 3388 sibilis
709 3341 795 3386 est
841 3332 964 3400 ejus
1003 3332 1244 3386 essentia
1273 3370 1288 3394 ,
1336 3331 1418 3384 sic
1448 3341 1503 3384 et
1541 3331 1663 3398 ejus
1696 3331 1950 3384 voluntas
1998 3343 2064 3382 ac

482 3421 848 3490 providentia.
889 3417 1024 3471 Nam
1055 3422 1100 3473 si
1129 3433 1193 3472 ea
1227 3432 1349 3485 qua:
1393 3426 1523 3471 sunt
1550 3417 1858 3482 hominum,
1893 3431 2056 3472 nemo

483 3512 606 3574 scit,
635 3510 740 3564 nisi
770 3508 1209 3577 uniuscujusque
1234 3506 1479 3576 spiritus,
1508 3507 1601 3576 qui
1633 3507 1688 3560 in
1719 3507 1840 3577 ipso
1862 3515 1947 3562 est
1970 3507 2052 3576 “;

482 3603 616 3672 quin
647 3619 713 3657 ne
740 3603 926 3656 omnia
965 3601 1185 3670 quidem
1218 3613 1318 3653 sua
1346 3597 1585 3668 quisque
1614 3599 1899 3669 cognoscit
1934 3599 2057 3671 (ne-

483 3709 590 3765 que
626 3694 772 3748 enim
797 3694 1144 3762 exploratum
1183 3691 1368 3755 habet,
1403 3690 1535 3760 quid
1585 3689 1689 3744 sibi
1724 3690 1796 3746 sit
1824 3698 2054 3746 eventu-

368 3802 372 3807 '
485 3803 646 3852 rum;
685 3785 817 3855 quin
865 3799 1009 3852 saepe
1035 3784 1273 3852 ignorat,
1309 3782 1439 3851 quid
1472 3782 1632 3836 modo
1659 3781 1812 3846 velit,
1853 3781 2056 3850 quidve

480 3893 606 3932 cras
638 3878 805 3945 volet)
841 3889 1121 3945 :quonam
1167 3873 1335 3942 igitur
1365 3881 1526 3943 pacto
1552 3871 1646 3927 Dei
1691 3873 2051 3938 voluntatem,

482 3966 768 4034 ipsiusque
831 3961 1126 4018 consilium
1185 3968 1533 4031 perspectum
1598 3961 1872 4015 habebit?
1920 3963 2057 4031 quin
2088 3963 2258 4019 etiam
2299 3981 2488 4020 eorum
2578 3981 2701 4036 qua:
2750 3966 3158 4033 constituerat,

483 4059 668 4113 datur.

558 4148 643 4201 78.
685 4145 1052 4212 Quamobrem
1087 4143 1226 4198 Deus
1249 4158 1347 4214 pro
1375 4157 1473 4199 sua
1501 4144 1853 4214 praiseientia
1879 4144 2056 4199 eruni-

480 4239 586 4294 bus
616 4237 886 4307 providet.
924 4235 989 4288 Et
1027 4236 1326 4304 quamlibet
1359 4236 1516 4290 nobis
1539 4274 1554 4300 ,
1589 4236 1680 4305 qui
1715 4250 1818 4291 nec
1847 4235 2053 4299 futura,

2161 1805 2254 1860 ρια
2286 1787 2364 1857 τῷ
2394 1787 2583 1856 ἀγαθῷ
2609 1787 2702 1840 καὶ
2745 1787 2824 1856 τῷ
2854 1787 3097 1858 πονηρῷ,
3129 1789 3227 1841 καὶ
3274 1790 3435 1860 ἡμεῖς
3464 1793 3628 1862 ἐσμεν
3656 1794 3737 1846 t1!-

2161 1897 2268 1933 τιοι
2302 1880 2400 1948 τῆς
2423 1878 2781 1950 ἐπικρατείας
2816 1879 3106 1950 ἐκατέρου.

2233 2056 2329 2121 οξ.
2373 2058 2570 2127 Ἡμεῖς
2593 2056 2700 2127 γὰρ
2743 2057 2838 2110 ἕνα
2875 2055 3007 2109 Θεόν
3043 2073 3221 2126 φαμεν
3248 2057 3470 2124 ἀγαθὸν,
3502 2059 3734 2125 δίκαιον,

2161 2150 2378 2203 πάντων
2426 2148 2758 2221 δημιουργὸν
2785 2189 2800 2213 ,
2837 2148 3058 2201 πάντων
3098 2147 3402 2218 κρατοῦντα
3429 2190 3445 2214 ,
3471 2152 3738 2204 παντοδὺο

2160 2261 2351 2314 ναμον,
2377 2243 2476 2296 ὅσα
2503 2241 2647 2294 θέλει
2680 2241 2976 2310 δυνάμενον
2997 2258 3010 2270 ·
3032 2240 3130 2294 καὶ
3161 2241 3256 2293 ὑπ’
3287 2241 3455 2294 αὐτοῦ
3499 2244 3736 2298 ἐκτίσθαι

2159 2336 2229 2389 τὰ
2259 2335 2458 2396 πάντα,
2483 2334 2554 2386 τά
2586 2350 2645 2386 τε
2678 2332 2849 2402 ὁρατὰ
2898 2332 2995 2385 καὶ
3025 2331 3095 2385 τὰ
3138 2332 3379 2402 ἀόρατα,
3405 2335 3504 2387 οὐκ
3535 2337 3598 2388 ὲκ
3634 2338 3732 2406 τῆς

2160 2426 2349 2487 οὐσίας
2385 2423 2574 2490 αὐτοῦ,
2607 2423 2722 2476 ἀλλ’
2768 2425 2832 2476 ὲκ
2879 2422 2974 2475 τοῦ
3033 2423 3109 2494 μὴ
3158 2423 3312 2487 ὄντος
3345 2428 3426 2488 εἰς
3462 2426 3521 2479 τὸ
3564 2422 3733 2481 εἶναι·

2165 2535 2184 2566 ι
2217 2515 2401 2568 Πάντα
2436 2514 2542 2584 γὰρ
2591 2514 2694 2566 ὅσα
2739 2511 3028 2582 ἠθέλησεν,
3075 2513 3336 2582 ἐποίησεν
3364 2516 3392 2566 ό
3439 2511 3644 2586 Κύριος
3667 2533 3681 2546 ·
3716 2535 3735 2568 ι

2159 2607 2255 2660 καὶ
2289 2606 2449 2658 τοῦτο
2479 2605 2683 2674 ἀγαθόν
2715 2622 2920 2674 φαμεν,
2943 2604 2972 2658 ὃ
3023 2603 3192 2657 θέλει.
3218 2605 3295 2657 Οὐ
3339 2606 3444 2676 γὰρ
3476 2606 3545 2659 τὰ
3581 2609 3742 2680 ποιὴ-

2163 2713 2310 2766 ματα
2363 2695 2540 2765 κρίνει
2593 2694 2684 2746 τὸν
2731 2694 3036 2763 ποιήσαντα
3062 2706 3078 2724 ⁸
3115 2692 3235 2746 ἀλλ’
3289 2693 3408 2744 οὐδὲ
3451 2693 3604 2762 ἴσμεν
3643 2693 3743 2749 τὸν

2158 2784 2317 2853 λόγον
2361 2785 2460 2853 τῆς
2494 2782 2750 2855 προνοίας
2792 2781 2979 2836 αὐτοῦ.
3015 2798 3036 2833 ι
3071 2781 3169 2844 Τίς
3200 2781 3313 2851 γὰρ
3337 2780 3475 2848 ἔγνω
3497 2780 3616 2834 νοῦν
3643 2782 3740 2834 τοῦ

2159 2876 2369 2946 Κυρίου
2393 2874 2466 2945 ;ἢ
2501 2874 2584 2937 τίς
2610 2872 2916 2944 σύμϐουλος
2946 2870 3109 2926 αὐτοῦ
3133 2871 3395 2940 ἑγένετο;
3435 2891 3454 2924 ι
3497 2873 3561 2924 Εἰ
3579 2871 3749 2938 ἐγνω-

2165 2983 2258 3019 στο
2293 2968 2326 3036 ἡ
2361 2964 2527 3036 βουλὴ
2561 2964 2753 3030 αὐτοῦ,
2782 2964 2880 3018 καὶ¹
2927 2963 2990 3017 τὸ
3035 2963 3251 3034 θέλημα
3306 2963 3513 3030 αὑτοῦ,
3536 2965 3641 3017 οὐκ
3681 2959 3747 3034 ἦν

2162 3057 2315 3122 Θεὸς,
2345 3057 2468 3110 οὐδὲ
2520 3056 2856 3126 θαυμαστός.
2888 3056 3102 3126 Ὥσπερ
3156 3055 3268 3128 γὰρ
3313 3057 3349 3126 ἡ
3382 3056 3542 3110 οὐσία
3587 3055 3748 3108 αὺτοῦ

2159 3147 2548 3219 ἀκατάληπτος
2571 3188 2586 3213 ,
2611 3147 2754 3202 οὕτω
2805 3148 2903 3200 καὶ
2945 3150 2981 3219 ἡ
3016 3147 3237 3217 θὲλησις
3263 3189 3280 3212 ,
3312 3148 3412 3200 καὶ
3444 3149 3478 3218 ἡ
3530 3146 3751 3218 πρόνοια

2159 3240 2349 3294 αὐτοῦ.
2377 3241 2438 3294 El
2467 3240 2576 3311 γὰρ
2599 3239 2669 3292 τὰ
2693 3239 2800 3292 τῶν
2821 3238 3126 3310 ἀνθρώπων
3151 3239 3326 3301 οὐδεὶς
3356 3239 3672 3305 ἐπίσταται,
3703 3236 3750 3289 εί

2165 3331 2240 3400 μὴ
2271 3331 2332 3383 τὸ
2362 3330 2579 3400 πνεῦμα
2606 3329 2841 3382 ἑκάστου
2875 3329 2938 3380 τὸ
2967 3332 3024 3381 ὲν
3070 3325 3242 3397 αὐτῷ,
3276 3327 3394 3380 ἀλλ’
3421 3327 3546 3380 οὐδὲ
3571 3327 3749 3380 πάντα

2161 3421 2233 3476 τὰ
2281 3419 2476 3474 ἑαυτοῦ
2527 3420 2756 3482 ἕκαστος
2802 3420 2914 3472 τῶν
2956 3417 3263 3488 ἀνθρώπων
3307 3419 3600 3471 ἐπίσταται
3629 3433 3646 3449 ⁶
3684 3415 3749 3472 οὐ

2162 3514 2272 3584 γὰρ
2310 3514 2372 3567 τὸ
2435 3512 2624 3584 μέλλον
2681 3510 2967 3580 γινώσκει,
2999 3511 3125 3564 οὐδὲ
3153 3510 3206 3563 τί
3259 3508 3524 3580 βούλεται,
3559 3509 3658 3561 καὶ
3689 3509 3744 3560 τί

2163 3606 2381 3676 θελήσει
2425 3605 2521 3660 καὶ
2571 3604 2804 3675 βουληθῇ
2859 3602 3070 3676 αῠριον,
3123 3599 3589 3663 ὲπίσταται·πῶς
3643 3595 3748 3653 οὖν

2161 3699 2224 3751 τὸ
2273 3699 2365 3750 τοῦ
2406 3696 2544 3752 Θεοῦ
2577 3696 2809 3765 θέλημα,
2844 3695 2940 3748 καὶ
2971 3696 3070 3764 τὴν
3116 3694 3284 3748 αὐτοῦ
3318 3692 3509 3763 βουλὴν
3531 3691 3747 3759 γνώσε-

2161 3805 2287 3854 ται;
2321 3789 2416 3840 καὶ
2471 3786 2736 3848 πολλάκις
2769 3778 2846 3839 ὧν
2894 3783 3292 3850 ἐϐουλεύσατο,
3319 3786 3403 3846 είς
3451 3780 3626 3853 λήθην
3656 3779 3752 3851 ιιι-

2165 3893 2339 3947 χεται.

3237 3965 3361 4036 ipse
3408 3981 3522 4020 non
3567 3979 3749 4020 recor-

2235 4143 2337 4216 οη’.
2371 4145 2690 4215 Προνοεῖται
2721 4146 2750 4198 6
2769 4143 2900 4208 Θεὸς
2926 4145 3068 4199 κατὰ
3103 4144 3271 4198 αὐτοῦ
3298 4145 3616 4216 πρόγνωσιν
3641 4150 3758 4203 τῶν

2164 4236 2438 4292 ἁπάντων.
2490 4236 2601 4290 Καὶ
2633 4236 2784 4288 δοκεῖ
2837 4237 2936 4307 μὲν
2979 4238 3114 4308 ἡμῖν
3141 4239 3255 4300 τοῖς
3295 4237 3371 4308 μὴ
3394 4238 3587 4304 είδόσι,
3614 4242 3757 4311 μηδὲ

481 4346 584 4385 nec
615 4329 910 4399 praeterita,
945 4327 1055 4380 imo
1092 4342 1193 4380 nec
1227 4326 1521 4394 praesentia
1552 4327 1739 4380 omnia
1777 4328 2052 4389 novimus,

2166 4329 2229 4382 τὰ
2260 4329 2546 4398 μέλλοντα,
2583 4329 2717 4400 μηδὲ
2755 4329 2824 4383 τὰ
2871 4329 3265 4400 προγεγονότα,
3302 4331 3436 4399 μηδὲ
3468 4333 3656 4385 πάντα
3682 4335 3758 4386 τὰ

480 4428 816 4492 praepostera
843 4420 1020 4490 ipsius
1043 4419 1367 4488 gubernatio
1388 4419 1664 4480 videatur,
1685 4418 1846 4487 plana
1871 4426 2054 4472 tamen

2166 4420 2432 4474 ἐνεστῶτα
2451 4461 2467 4487 ,
2496 4421 2784 4500 ἀνῴμαλος
2824 4423 2858 4492 ἡ
2889 4421 3223 4493 κυϐέρνησις
3243 4422 3407 4475 αὐτοῦ
3431 4439 3446 4453 ο
3476 4423 3666 4494 ὁμαλὴ
3693 4425 3758 4478 δέ

480 4523 534 4570 et
568 4512 877 4582 azquabilis,
922 4511 1175 4578 bonaque
1222 4517 1276 4565 et
1316 4508 1467 4576 justa
1501 4516 1608 4564 est.
1637 4507 1772 4560 Nam
1804 4523 1930 4562 cum
1967 4522 2054 4572 ea,

481 4620 604 4676 quae
643 4605 699 4657 in
733 4609 928 4657 nostro
985 4600 1217 4654 arbitrio
1259 4599 1611 4662 consistunt,
1657 4597 1884 4668 perinde
1913 4613 2054 4668 pra:-

482 4704 698 4758 noscat,
738 4709 804 4749 ac
838 4695 884 4749 si
913 4694 1025 4763 jam
1066 4701 1286 4758 essent;
1342 4691 1548 4757 futura,
1577 4699 1741 4762 prout
1785 4692 1902 4761 ipse
1939 4692 2058 4746 vult

481 4796 536 4844 et
565 4787 776 4850 statuit,
815 4788 966 4855 juste
993 4784 1266 4839 decernit.
1297 4781 1482 4852 Neque
1522 4784 1668 4838 enim
1700 4781 1845 4838 Deus
1872 4783 2054 4836 homi-

483 4881 570 4934 nis
602 4878 776 4932 instar
816 4874 1102 4946 prospicit.
1149 4891 1166 4925 ι
1219 4871 1394 4928 Homo
1435 4874 1640 4943 quippe
1689 4873 1837 4928 videt
1883 4874 1938 4927 in
1971 4873 2053 4928 l'a-

483 4969 621 5024 ciem
658 4987 671 5023 :
705 4967 847 5022 Deus
883 4974 1064 5021 autem
1111 4965 1359 5019 intuetur
1407 4965 1582 5018 cor”.
1623 4983 1642 5014 ι
1679 4967 1755 5017 Ac
1791 4979 1894 5021 nos
1943 4979 2052 5019 non

485 5073 636 5119 raro,
681 5057 732 5111 id
769 5055 914 5127 quod
941 5057 1009 5109 ab
1046 5055 1302 5110 omnibus
1333 5053 1540 5123 justum
1570 5053 1872 5124 iudicatur,
1903 5054 2052 5123 inju-

483 5157 629 5204 stum
661 5163 784 5204 esse
811 5161 1136 5211 censemus;
1172 5146 1256 5199 vel
1284 5146 1412 5215 quia
1446 5145 1669 5199 animus
1699 5152 1890 5200 noster
1919 5145 2054 5199 vitio

481 5246 784 5310 occupatus
817 5248 922 5304 est,
962 5239 1048 5293 vel
1078 5238 1209 5308 quia
1259 5251 1371 5292 non
1417 5236 1606 5292 eadem
1651 5250 1742 5291 res
1790 5236 2054 5292 omnibus

2157 4515 2296 4580 ἔστι,
2346 4515 2441 4566 καλ⁸
2477 4514 2689 4584 ἀγαθὴ,
2720 4513 2818 4567 καὶ⁵
2845 4514 3029 4567 δικαία
3071 4515 3150 4585 τῷ
3173 4515 3308 4569 ὄντι.
3339 4517 3760 4585 Προγινώσκων

2157 4599 2268 4671 γὰρ
2309 4601 2376 4653 τὰ
2425 4600 2509 4669 ἐφ’
2549 4603 2684 4670 ἡμῖν
2733 4601 2809 4665 ὡς
2842 4602 2992 4664 ὅντα,
3023 4602 3093 4657 τὰ
3122 4605 3356 4674 ἐσόμενα
3386 4605 3642 4668 δικαίως,
3674 4608 3758 4670 ὡς

2159 4690 2320 4753 αὐτὸς
2341 4690 2484 4744 θέλει
2517 4693 2609 4744 καὶ
2635 4692 2905 4763 βούλεται,
2931 4694 3142 4758 κρίνει·
3175 4696 3238 4748 οὑ
3264 4695 3373 4765 γὰρ
3400 4696 3479 4758 ὡς
3525 4699 3636 4768 ὁρᾷ
3660 4699 3762 4752 tiv-

2159 4779 2399 4851 θρωπος,
2443 4780 2633 4850 ὄψεται
2679 4782 2833 4845 Θεός.
2884 4802 2903 4834 ι
2948 4783 3268 4854 Ἀνθρωπος
3313 4785 3422 4856 γὰρ
3455 4787 3538 4848 είς
3570 4787 3761 4857 πρόσ-

2111 4933 2123 4944 .
2159 4888 2306 4925 ωπον
2330 4873 2452 4942 ὁρᾷ,
2485 4872 2619 4936 Θεὸς
2647 4873 2703 4926 δὲ
2731 4874 2809 4936 εἰς
2841 4873 3089 4944 καρδίαν.
3131 4894 3150 4926 ι
3191 4875 3382 4944 Ἡμεῖς
3412 4878 3508 4929 καὶ
3537 4877 3602 4930 τὸ
3642 4879 3760 4930 ὑπὸ

2161 4965 2381 5018 πάντων
2411 4965 2734 5035 κρινόμενον
2756 4965 2961 5019 δίκαιον
2983 4965 3267 5030 πολλάκις,
3305 4968 3494 5020 ἄδικον
3521 4968 3760 5038 ὁρῶμεν

2159 5055 2248 5108 διὰ
2270 5055 2536 5126 πρόληψιν
2562 5054 2780 5119 κᾶκίας.
2815 5057 2912 5109 καὶ
2937 5057 3027 5111 διὰ
3063 5058 3124 5110 τὸ
3152 5058 3226 5128 μὴ
3249 5058 3383 5111 αὐτὸ
3410 5062 3577 5113 πᾶσιν
3609 5062 3759 5131 ἁρε-

2161 5145 2303 5210 στὸν,
2338 5145 2452 5199 ἀλλ’
2511 5146 2693 5218 ἕτερον
2749 5148 2941 5216 ἑτέρῳ.
2996 5148 3187 5218 Κρίνει
3216 5149 3272 5200 δὲ
3310 5149 3339 5200 ὁ
3371 5150 3504 5214 Θεὸς
3540 5152 3651 5204 οὐκ
3687 5154 3758 5204 ἐκ

2165 5236 2523 5308 μεταμελείας
2562 5236 2598 5308 ἦ
2647 5238 3031 5306 ἐπιγνώσεως,
3061 5239 3176 5291 ἀλλ’
3223 5241 3288 5294 ἐκ
3347 5240 3755 5311 προγνώσεως.

585 5429 631 5463 ι’
660 5429 808 5485 Psal.
857 5443 1081 5494 cxxxtv,
1127 5427 1181 5481 6.
1257 5427 1304 5460 ⁸³
1336 5427 1443 5482 lsa.
1477 5439 1566 5490 χι..
1597 5425 1682 5479 15.
1722 5423 1880 5478 Rom.
1913 5439 1975 5486 ιι,
2006 5426 2055 5480 δέ

2166 5425 2191 5457 ’⁸
2223 5425 2393 5482 ICor.
2419 5445 2480 5493 ιι,
2515 5427 2606 5482 11.
2641 5505 2647 5511 Ι
2681 5426 2726 5460 ⁸³
2754 5427 2774 5481 l
2798 5426 2932 5498 Reg.
2953 5441 3066 5491 xvr,
3100 5427 3169 5493 7;
3201 5425 3352 5483 Psal.
3387 5445 3486 5492 τη,
3531 5426 3610 5481 ιο.

1834 5539 2070 5596 νΑιιιέΕ
2099 5540 2506 5598 LECTIONES.

559 5632 579 5674 ‘
613 5633 808 5692 Dillius
835 5633 998 5689 vertit
1020 5631 1225 5702 justus,
1264 5643 1363 5686 ceu
1397 5627 1588 5698 legerit
1612 5627 1838 5692 δίκαιος.
1918 5631 1947 5671 8
1974 5630 2140 5686 Basil.
2167 5643 2217 5687 et
2242 5631 2306 5685 Β.
2351 5633 2494 5704 ἀρχὴ
2525 5632 2720 5714 ἀρχῆς,
2756 5634 2848 5688 καὶ
2875 5631 3034 5686 οὐσία
3085 5630 3291 5692 οὐσίας.
