3962 6202
313 237 449 303 1577

1323 234 1704 295 DIALOGUS
1745 236 2041 296 CONTRA
2083 236 2562 296 MANICHEOS.

3448 235 3581 299 1578

312 340 687 416 Προεγνωκὼς
726 340 832 410 γάρ
864 340 892 392 ὁ
929 338 1060 401 Θεδὶ
1109 340 1177 393 τὰ
1224 341 1400 394 πάντα
1453 344 1584 413 πρὶν
1628 342 1883 411 γενέσεως

2003 341 2198 411 placet,
2231 340 2327 395 sed
2368 340 2491 394 aliis
2532 340 2662 393 alia.
2712 340 2779 393 At
2812 339 2955 395 Deus
2990 354 3100 396 non
3134 355 3198 395 ex
3230 340 3579 411 pmnitentta.

307 434 513 495 αὐτῶν,
543 430 848 502 προώρισεν
902 430 1118 501 ἑκάστῳ
1166 432 1415 495 δικαῖως.
1458 435 1555 486 καὶ
1607 451 1889 504 προνοητι-

396 538 445 585 ς,
477 523 567 574 καὶ
596 521 1009 591 συμφερόντως.
1033 522 1349 592 κατάλληλα
1385 525 1496 585 τοῖς
1537 524 1623 590 ἐφ’
1648 525 1801 593 ἡμῖν,
1827 523 1897 575 τὰ

307 614 409 683 οῦκ
445 612 515 681 ἐφ
546 613 701 682 ἡμῖν.
729 612 894 666 Ἀλλο
922 614 1031 685 γάρ
1059 616 1177 667 ἐστι
1203 614 1426 683 γνῶσις,
1464 615 1558 666 καὶ
1587 614 1718 667 ἄλλο
1761 615 1895 684 πρό-

308 719 534 769 γνωσις,
573 703 670 755 καὶ
700 702 831 757 ἄλλο
875 704 1169 773 ἐπίγνωσις
1189 748 1203 771 ,
1237 707 1329 758 καὶ
1367 706 1495 760 ἄλλο
1528 705 1776 775 ὁρισμὸς,
1803 707 1896 757 καὶ

307 792 438 846 ἄλλο
466 786 810 865 προορισμός
834 814 845 826 ·
876 798 1079 865 γνῶσις
1109 798 1207 868 μὲν
1230 798 1337 869 γάρ
1362 798 1573 861 ἐστι,τὸ
1607 796 1804 851 εἰδέναι
1829 796 1897 849 τὰ

309 881 466 946 ὄντα,
495 883 529 953 ἢ
559 882 629 935 τὰ
674 885 956 954 γινόμενα.
992 886 1309 955 Πρόγνωσις
1360 887 1418 939 δὲ
1440 928 1453 950 ,
1480 888 1540 939 τὸ
1581 886 1779 940 εἰδέναι
1826 885 1896 939 τὰ

311 974 571 1044 ἐσόμενα,
592 975 720 1045 πρὶν
748 977 1014 1043 γενέσεως
1052 977 1253 1031 αὐτῶν.
1287 976 1615 1046 Ἐπίγνωσις
1635 977 1691 1030 δέ
1724 980 1893 1041 ἐστιν,

316 1064 350 1133 ἡ
384 1064 523 1133 μετὰ
542 1065 712 1136 ψευδῆ
740 1068 1093 1139 ἐπιγινομένη
1160 1068 1366 1139 ἀληθὴς
1397 1069 1599 1139 γνῶσις
1619 1085 1631 1098 ·
1659 1070 1752 1122 καὶ
1779 1072 1895 1139 ὁρι-

321 1154 463 1225 σμὸς
494 1156 593 1226 μὲν
622 1155 737 1209 ἐστι
768 1157 947 1226 κρίσις
979 1158 1072 1210 καὶ
1093 1160 1368 1228 ἀπόφασις
1395 1158 1490 1212 ἐπὶ
1518 1161 1630 1221 τοῖς
1664 1175 1894 1229 γεγενη-

325 1245 510 1316 μένοις
530 1263 542 1277 ·
573 1248 906 1319 προορισμὸς
935 1248 1206 1319 δέ,κρίσις
1238 1251 1331 1303 καὶ
1364 1250 1639 1321 ἀπόφασις
1673 1251 1765 1303 ἐπὶ
1783 1256 1896 1314 τοῖς

321 1337 619 1407 ἐσομένοις.

389 1601 486 1656 οθ¹.
522 1604 795 1674 Προειδὼς
824 1601 918 1658 οῦν
965 1608 992 1658 ὁ
1040 1606 1171 1670 Θεὸς
1216 1608 1285 1660 τὰ
1330 1608 1563 1676 ἐσόμενα
1621 1608 1892 1678 ύφ¹ἡμῶν

2002 448 2112 486 non
2151 447 2217 487 ex
2248 441 2473 501 postera
2500 429 2837 500 cognitione,
2880 432 2973 485 sed
3014 447 3081 486 ex
3119 432 3457 501 praenotione
3494 432 3583 499 jn-

2003 524 2171 579 dicat.
2204 524 2339 577 Cum
2378 523 2522 577 enim
2569 530 2769 577 cuncta
2830 530 3120 591 antequam
3166 522 3321 586 fiant,
3362 537 3579 590 ρι-εειιο-

2004 614 2202 677 seat“,
2238 613 2409 682 juste,
2434 620 2488 667 et
2510 613 2757 682 provide,
2789 620 2842 666 et
2873 612 3077 665 utiliter
3114 614 3411 681 unicuique
3444 628 3581 682 prae-

2006 706 2125 759 l‘mit
2150 713 2241 769 ;ut
2268 721 2389 774 qua:
2435 706 2488 757 in
2525 714 2712 758 nostra
2747 711 3017 772 potestate
3049 704 3154 758 sita
3186 714 3338 767 sunt,
3367 707 3433 759 iis
3459 721 3579 773 qum

2002 814 2172 869 penes
2203 812 2305 852 nos
2348 812 2459 851 non
2498 804 2647 860 sunt,
2678 795 3066 865 respondeant.
3112 796 3269 850 Aliud
3307 799 3575 866 siquidem

2002 898 2086 945 est
2116 889 2357 959 cognitio
2380 928 2394 951 ,
2426 888 2573 941 aliud
2608 888 2892 956 praenotio,
2947 888 3091 941 aliud
3145 889 3350 957 agnitio
3376 930 3389 951 ,
3432 889 3577 941 aliud

2005 982 2132 1034 item
2165 980 2472 1044 decretum,
2508 987 2561 1033 et
2604 980 2751 1033 aliud
2786 965 3096 1049 praelinitio.
3124 980 3378 1049 Cognitio
3408 982 3581 1049 siqui-

2003 1069 2125 1123 dem
2152 1078 2257 1133 est,
2286 1083 2346 1122 ea
2376 1083 2498 1138 qua:
2528 1076 2658 1122 sunt
2682 1084 2747 1122 ac
2792 1068 2929 1122 liunt
2960 1070 3121 1124 scire.
3155 1070 3450 1133 Prmnotio,
3496 1081 3580 1124 est

2004 1142 2186 1214 fn‘tura
2219 1176 2385 1215 nosse
2429 1171 2723 1231 antequam
2755 1161 2905 1214 (iant.
2946 1162 3190 1231 Agnitio,
3225 1178 3353 1217 vera
3382 1163 3578 1233 cogni-

2004 1252 2081 1305 tio
2111 1262 2213 1317 est,
2252 1268 2374 1321 qua:
2421 1263 2545 1321 post
2594 1251 2788 1306 falsam
2824 1252 3058 1306 accedit.
3102 1252 3392 1308 Decretum
3425 1269 3577 1313 vero,

2001 1349 2085 1396 est
2117 1342 2384 1411 judicium
2421 1357 2484 1396 ac
2535 1343 2805 1397 sententia
2838 1343 2905 1397 de
2962 1343 3030 1397 iis
3083 1359 3205 1413 qua:
3256 1344 3371 1412 jam
3426 1344 3572 1398 facta

2002 1442 2151 1488 sunt.
2188 1432 2484 1489 Praelinitio
2525 1436 2767 1501 tandem,
2803 1435 3180 1504 estjudicium
3218 1436 3574 1491 etsententia

2000 1526 2069 1580 de
2110 1525 2332 1581 futuris.

1998 1614 2159 1686 462
2238 1617 2321 1671 79.
2354 1616 2628 1671 Praeseit"
2663 1616 2844 1687 itaque
2867 1616 3028 1682 Deus,
3063 1632 3125 1672 ea
3149 1633 3269 1687 quae
3290 1627 3487 1687 sponte
3515 1632 3579 1671 ac

310 1690 598 1753 ἑκουσίως,
636 1692 804 1760 ἤγουν
830 1692 897 1745 τὰ
931 1696 1014 1761 ἐφ’
1045 1697 1197 1765 ἡμῖν,
1232 1696 1434 1767 ἀρετήν
1466 1713 1629 1767 φημι,
1665 1698 1759 1750 καὶ
1790 1716 1883 1752 κα-

1996 1706 2168 1761 libere
2214 1709 2393 1761 acturi
2441 1723 2658 1772 sumus,
2690 1709 2796 1763 hoc
2839 1717 2923 1764 est
2955 1724 3075 1779 qua:
3114 1710 3168 1763 in
3208 1719 3398 1763 nostra
3433 1717 3581 1778 pote-

312 1782 461 1846 κίαν,
494 1783 859 1853 προορίζειτὰ
912 1786 1011 1839 οὐκ
1062 1787 1340 1858 ἐφ’ήμῖν.⁶
1386 1789 1495 1842 Καὶ
1537 1792 1569 1859 ή
1618 1789 1718 1858 μὲν
1763 1806 1895 1861 προ-

310 1872 589 1941 γνωστικὴ
635 1871 862 1925 δυνατοῦ
912 1875 1070 1940 Θεοῦ,
1115 1877 1214 1930 οὐκ
1243 1879 1301 1941 ἐξ
1330 1879 1486 1948 ἡμῶν
1527 1879 1639 1948 ἔχει
1688 1880 1785 1950 τὴν
1819 1883 1896 1934 αἰ-

307 1959 433 2012 τίαν
457 1976 469 1988 ·
502 1961 564 2013 τὸ
585 1962 641 2014 δὲ
668 1964 980 2032 προγνῶναι
1009 1966 1043 2020 δι
1077 1967 1344 2039 μέλλομεν
1386 1973 1581 2035 ποιεῖν,
1608 1970 1669 2035 ἐξ
1694 1972 1852 2043 ἡμῶν
1877 1989 1890 2002 ·

306 2049 355 2099 εἰ
388 2048 501 2119 γὰρ
536 2051 612 2120 μὴ
646 2053 947 2122 ἐμέλλομεν
976 2059 1184 2122 ποιεῖν,
1224 2059 1346 2111 οὐδὲ
1387 2061 1547 2124 αὐτὸς
1589 2064 1893 2131 προεγίνω-

308 2153 406 2189 σκε
432 2178 446 2201 ,
480 2141 575 2192 καὶ
631 2142 705 2212 μὴ
744 2144 1021 2214 ἐσόμενον.
1053 2149 1162 2200 Καὶ
1205 2151 1237 2217 ή
1278 2150 1377 2219 μὲν
1436 2153 1746 2221 πρόγνωσις
1796 2156 1890 2209 τοῦ

306 2230 445 2282 Θεοῦ
484 2233 693 2304 ἀληθῄς
742 2236 861 2287 ἐστι
907 2238 1000 2290 καὶ
1040 2239 1413 2311 ἀπαράϐατος,
1463 2243 1577 2296 ἀλλ’
1620 2245 1720 2297 ούκ
1754 2247 1890 2318 αὐτή

305 2320 460 2375 ἐστιν
486 2324 517 2392 ἡ
545 2325 694 2377 αἰτία
725 2330 817 2379 τσῦ
845 2329 1095 2395 γενέσθαι
1127 2333 1343 2396 πάντως
1362 2336 1421 2386 τὸ
1460 2334 1720 2405 ἐσόμενον
1745 2354 1758 2367 ο
1776 2339 1892 2391 ἀλλ’

304 2412 389 2464 ὅτι
422 2412 687 2484 μέλλομεν
730 2420 906 2470 ποιεῖν
933 2419 1107 2491 τόδεῆ
1141 2422 1256 2473 τόδε
1277 2463 1291 2487 ,
1320 2424 1708 2494 προγινώσκει.
1748 2429 1889 2498 Προ-

304 2501 563 2567 γινώσκει
590 2504 645 2557 δὲ
702 2506 868 2559 πολλὰ
892 2546 908 2571 ,
940 2507 975 2561 ἃ
1003 2510 1101 2561 οὐκ
1152 2510 1298 2563 ἔστιν
1337 2512 1486 2583 αὑτῷ
1523 2515 1760 2585 ἀρεστόν
1798 2518 1892 2570 καὶ

305 2592 409 2644 οὐκ
430 2594 592 2656 αὐτὸς
622 2595 795 2659 αἴτιος
828 2597 1053 2651 τούτων.
1098 2600 1185 2663 Ὠς
1230 2602 1350 2654 ούδέ
1382 2604 1562 2672 ἰατρὸς
1585 2606 1755 2668 αἴτιος
1790 2609 1892 2678 τῆς

305 2682 490 2747 νόσου,
542 2686 591 2735 εἰ
626 2687 912 2754 προέγνω,
946 2690 1029 2741 ὃτι
1066 2690 1251 2759 μέλλει
1300 2710 1384 2755 τις
1428 2698 1636 2763 νοσεῖν,
1661 2697 1798 2751 ἀλλὰ
1830 2699 1894 2752 τὸ

307 2773 409 2842 μὲν
448 2775 672 2844 νοσῆσαι
702 2777 868 2848 ἄλλης
894 2781 1092 2847 αἰτίας,
1122 2784 1224 2853 τῆς
1252 2787 1516 2858 ποιούσης
1561 2790 1660 2860 τὴν
1708 2792 1885 2847 νόσον.

313 2860 382 2953 'lI
414 2861 472 2914 δὲ
513 2864 822 2934 πρόγνωσις
852 2868 948 2921 τοῦ
998 2872 1182 2943 ίατροῦ
1208 2912 1223 2937 ,
1244 2875 1343 2945 τῆς
1383 2877 1442 2930 ἐν
1470 2878 1620 2950 αὑτῷ
1656 2883 1851 2953 τέχνης
1870 2901 1885 2916 ·

299 2950 449 3003 οὕτω
490 2955 672 3009 καὶτὸ
714 2958 976 3028 ἐσόμενον
1022 2962 1313 3034 ὑφ’ήμῶν,
1354 2968 1453 3021 ούκ
1488 2970 1554 3022 ἐκ
1605 2950 1886 3027 τοῦ-Θεοῦ

298 3041 400 3136 τὴν
434 3047 612 3100 αἰτίαν
641 3048 775 3119 ἔχει,
808 3052 946 3106 ἀλλὰ
974 3054 1036 3107 τὸ
1082 3056 1422 3122 αὐτεξούσιον
1448 3064 1481 3132 ἡ
1493 3064 1608 3131 μῶν
1636 3063 1847 3136 θέλημα
1866 3086 1880 3099 ·
1914 3036 1954 3091 C

297 3135 360 3186 οὐ
394 3137 566 3225 κακὸν
595 3138 651 3191 δέ
692 3140 753 3192 τὸ
797 3142 1166 3211 αὐτεξούσιον,
1200 3150 1247 3201 εί
1292 3150 1369 3214 ώς
1414 3152 1572 3224 ἐδόθη
1608 3135 1882 3225 ἡμῖν,ίκαὶ

296 3225 384 3294 ἐφ’
412 3218 457 3293 ᾧ
502 3228 655 3300 ἐδόθη
682 3270 696 3294 ,
726 3233 1058 3304 χρησώμεθα
1113 3238 1285 3309 αὐτῷ.
1331 3242 1404 3294 Τὸ
1454 3218 1880 3317 δείπρογνῶναι

295 3319 387 3370 τὸν
416 3318 575 3383 Θεὸν,
598 3322 701 3391 τῆς
740 3330 1160 3398 προγνωστικῆς
1203 3331 1366 3384 αὐτοῦ
1400 3335 1706 3406 δυνάμεως.
1739 3341 1878 3394 Ἀλλ’

294 3408 415 3460 οὐδὲ
448 3412 502 3462 αἱ
532 3414 794 3484 τιμωρίαι
817 3416 975 3485 ἡμῶν
1003 3418 1095 3471 τὸν
1143 3419 1276 3475 Θεὸν
1328 3424 1543 3495 ἔχουσιν
1578 3429 1770 3484 αἴτιον.
1803 3435 1877 3486 Ού

292 3498 403 3568 γὰρ
436 3501 463 3551 ὁ
514 3502 710 3571 κριτής
760 3504 875 3556 ἐστι
910 3508 1007 3574 τῆς
1055 3510 1327 3579 τιμωρίας
1377 3513 1472 3565 τοῦ
1512 3516 1750 3585 πονηροῦ
1790 3520 1878 3571 αῖ-

289 3606 425 3657 τιος,
483 3593 536 3644 εἰ
588 3597 682 3646 καὶ
730 3595 894 3659 αὐτὸς
938 3597 1109 3652 θέλων
1156 3602 1366 3671 κρίνει·
1400 3603 1515 3657 ἀλλ’
1573 3608 1745 3671 αἴτιος
1778 3610 1877 3678 μὲν

289 3678 440 3734 ἔστιν
466 3682 496 3733 ὁ
536 3684 773 3748 πταίσας
822 3686 921 3754 τῆς
952 3686 1146 3741 ἐαυτοῦ
1182 3692 1455 3762 τιμωρίας
1477 3734 1491 3758 ,
1518 3696 1546 3747 ὁ
1577 3694 1634 3747 δὲ
1683 3699 1876 3766 κριτὴς

287 3772 387 3842 τῆς
430 3774 795 3846 δικαιοσύνης
825 3779 996 3841 αἴτιος
1021 3796 1033 3809 ·
1053 3781 1257 3848 ἀγαθὸν
1288 3781 1344 3834 δέ
1377 3784 1410 3853 ἡ
1444 3783 1777 3856 δικαιοσύνη.
1812 3788 1875 3840 El

285 3863 396 3934 γὰρ
426 3865 609 3918 θέλων
669 3868 866 3937 κρίνει,
899 3868 1012 3921 ἀλλ’
1043 3870 1105 3923 οὐ
1148 3871 1289 3924 κατὰ
1348 3865 1759 3943 προηγούμενον
1784 3874 1874 3928 θέ-

284 3952 456 4024 λημα,
489 3955 635 4009 ἀλλὰ
670 3958 812 4010 κατὰ
858 3959 918 4011 τὸ
971 3960 1260 4027 ἑπόμενον.
1302 3964 1719 4034 Προηγούμενον
1774 3967 1873 4036 μέν

286 4046 401 4099 ἐστι
436 4047 683 4118 Θέλημα,
708 4050 841 4120 ὅπερ
862 4051 888 4088 ιι
918 4069 1001 4114 τις
1036 4052 1130 4120 ἀφ’
1162 4052 1356 4105 ἐαυτοῦ
1391 4053 1566 4107 θέλει·
1608 4056 1874 4125 ἑπόμενον

282 4135 359 4199 δὲ,
397 4139 546 4209 ὅπερ
580 4140 645 4191 ἐκ
681 4140 783 4209 τῆς
806 4143 913 4193 τῶν
940 4145 1244 4213 γινομένων
1281 4144 1493 4208 αἰτίαςο
1523 4148 1872 4218 προηγουμέ-

282 4243 388 4290 νως
413 4229 535 4300 γὰρ
566 4229 624 4294 ἐξ
650 4230 844 4283 ἑαυτοῦ
873 4249 892 4282 ι
932 4231 1077 4286 θέλει
1101 4236 1129 4287 ὁ
1162 4234 1295 4298 Θεὸς
1321 4235 1529 4298 πάντας
1550 4236 1871 4310 ἀνθρώπους

283 4320 589 4390 σωθῆναι,›
613 4323 707 4375 καὶ
731 4326 810 4387 εἰς
841 4326 1134 4394 ἐπίγνωσιν
1153 4326 1409 4396 ἀληθείας
1431 4326 1627 4380 ἐλθεῖν,
1656 4329 1869 4400 Ἀμαρ-

282 4410 561 4464 τανόντων
590 4412 647 4465 δὲ
677 4414 854 4482 ἡμῶν,
896 4416 1040 4469 θέλει
1075 4416 1427 4471 παιδεύεσθαι
1459 4418 1609 4488 ἡμᾶς
1637 4418 1773 4488 πρὸς
1808 4420 1869 4472 τὸ

288 4503 572 4574 συμφέρον
610 4520 625 4533 ·
659 4506 750 4557 καὶ
797 4507 859 4559 τὸ
911 4509 1009 4577 μὲν
1043 4507 1457 4578 προηγούμενον
1510 4508 1724 4580 θέλημα
1774 4511 1868 4564 τοῦ

288 4588 422 4643 Θεοῦ
455 4633 469 4655 ,
504 4597 606 4663 τῆς
645 4596 984 4669 ὰγαθότητός
1038 4599 1195 4663 ἐστι,
1227 4599 1288 4651 τὸ
1337 4598 1395 4653 δὲ
1446 4599 1745 4671 ἑπόμενον,
1771 4602 1870 4673 τῆς

289 4678 641 4753 δικαιοσύνης
669 4686 858 4741 αὑτοῦ.
910 4720 913 4724 λ

2000 1803 2140 1850 state
2172 1796 2275 1851 sita
2322 1804 2474 1862 sunt,
2519 1806 2653 1867 puta
2684 1799 2939 1852 virtutem
2979 1806 3033 1853 et
3065 1798 3259 1852 vitium
3300 1815 3314 1851 :
3352 1814 3414 1852 ea
3449 1815 3579 1852 vero

1998 1888 2254 1956 praeﬂuit,
2280 1905 2402 1957 quae
2434 1891 2487 1943 in
2521 1891 2754 1945 arbitrio
2780 1901 2967 1945 nostro
2990 1891 3217 1946 minime
3237 1893 3572 1946 consistunt.

1995 1979 2076 2033 Ac
2109 1981 2190 2034 vis
2237 1982 2460 2050 quidem
2510 1981 2604 2037 Dei
2667 1983 2963 2052 praeseiens
3024 1999 3248 2038 causam
3304 1999 3371 2039 ex
3412 1985 3576 2038 nobis

1998 2087 2345 2142 nequaquam
2376 2074 2539 2129 habet
2578 2093 2592 2128 :
2628 2091 2816 2128 verum
2865 2084 2925 2129 ut
2976 2091 3096 2145 quae
3146 2076 3345 2130 facturi
3382 2079 3577 2131 s’umus

1997 2165 2272 2232 prtesciat,
2305 2165 2409 2221 hoe
2444 2182 2474 2220 a
2505 2167 2666 2222 nobis
2721 2167 3113 2237 proﬁciscitur.
3156 2166 3275 2221 Nisi
3312 2169 3459 2223 enim
3492 2167 3544 2221 fa
3566 2197 3580 2208 -

1995 2258 2136 2310 cturi
2170 2273 2444 2322 essemus,
2481 2273 2550 2314 ne
2580 2259 2699 2329 ipse
2731 2260 2976 2330 quidem,
3004 2260 3152 2329 quod
3189 2259 3432 2313 futurum
3467 2274 3577 2311 non

1994 2357 2163 2413 esset,
2197 2360 2691 2420 prmcognosceret.
2718 2351 2892 2405 Porro
2924 2351 3019 2406 Dei
3051 2352 3392 2420 prmscientia
3425 2359 3576 2405 certa

1993 2447 2048 2494 et
2088 2440 2425 2497 inviolabilis
2469 2449 2555 2497 est
2590 2458 2603 2493 :
2635 2443 2728 2498 sed
2769 2444 2889 2512 ipsa
2939 2428 3048 2497 non
3089 2452 3174 2497 est
3222 2457 3389 2499 causa
3418 2482 3433 2506 ,
3475 2458 3577 2496 cur

1993 2531 2223 2585 omnino
2274 2530 2388 2597 ﬁat,
2437 2532 2489 2586 id
2537 2531 2687 2602 quod
2740 2531 2986 2586 futurum
3019 2542 3148 2587 est:
3200 2533 3332 2601 quin
3367 2535 3571 2602 potius,

1993 2623 2122 2692 quia
2148 2623 2249 2678 hoc
2272 2626 2358 2679 vel
2393 2623 2529 2679 illud
2554 2625 2730 2679 acturi
2770 2640 2986 2688 sumus,
3015 2625 3222 2678 idcirco
3255 2626 3568 2693 praenoscit.

1992 2712 2158 2767 Multa
2194 2724 2377 2769 autem
2426 2716 2756 2784 praenoscit,
2812 2731 2933 2784 quas
2984 2716 3090 2784 ipsi
3147 2716 3375 2770 minime
3415 2725 3572 2785 grata

1994 2814 2163 2867 sunt,
2212 2820 2562 2875 quorumque
2609 2819 2901 2876 propterea
2945 2808 3171 2862 minime
3221 2816 3417 2862 auctor
3460 2818 3567 2863 est.

1995 2892 2152 2947 Sicut
2185 2910 2284 2948 nec
2315 2896 2561 2950 medicus
2596 2896 2806 2950 idcirco
2855 2896 3031 2951 morbi
3072 2912 3239 2951 causa
3285 2906 3404 2962 est,
3442 2898 3569 2968 quia

1994 2983 2239 3038 futurum
2279 2986 2578 3054 praenovit,
2629 2994 2689 3039 ut
2733 2986 2858 3055 quis
2900 2986 2957 3039 in
3007 2988 3259 3041 morbum
3315 2988 3563 3042 incidat:

1991 3074 2087 3130 sed
2117 3076 2408 3145 aegrotatio
2453 3076 2673 3146 quidem
2726 3080 2795 3131 ab
2824 3077 2932 3130 alia
2960 3091 3128 3133 causa
3172 3077 3563 3147 proﬁciscitur,

1990 3180 2113 3235 quze
2152 3167 2403 3221 morbum
2453 3168 2628 3237 parit;
2672 3167 2873 3222 medici
2919 3183 3053 3223 vero
3101 3169 3449 3238 przescientia
3498 3186 3567 3226 ex

1989 3256 2163 3325 ipsius
2210 3266 2327 3311 arte
2367 3258 2545 3312 oritur
2582 3278 2596 3313 :
2632 3259 2707 3313 ita
2750 3261 2959 3330 pariter
2988 3261 3043 3315 id
3093 3277 3311 3332 quoque
3356 3266 3500 3333 quod
3534 3282 3563 3317 ει

1988 3347 2146 3400 nobis
2194 3346 2442 3401 futurum
2472 3355 2584 3411 est,
2634 3349 2804 3404 Deum
2836 3366 3059 3405 causam
3095 3367 3203 3407 non
3241 3354 3427 3418 habet,
3467 3357 3563 3411 sed

1986 3424 2215 3491 liberam
2246 3446 2494 3493 nostram
2524 3440 2881 3495 voluntatem.
2923 3442 3103 3511 Atque
3136 3444 3360 3499 libertas
3388 3446 3564 3501 haud-

1985 3543 2261 3596 quaquam
2305 3531 2446 3582 mala
2477 3540 2600 3594 est,
2637 3533 2721 3593 si,
2760 3534 2929 3587 veluti
2961 3535 3122 3589 nobis
3148 3574 3163 3599 ,
3204 3544 3258 3590 et
3297 3537 3362 3591 ad
3400 3554 3561 3607 quem

1985 3633 2143 3671 usum
2174 3633 2436 3673 concessa
2471 3629 2576 3683 est,
2628 3635 2692 3674 ea
2740 3631 2981 3675 utamur.
3013 3624 3171 3688 Quod
3206 3634 3388 3680 autem
3423 3644 3564 3696 prae-

1984 3714 2176 3759 noscat
2212 3704 2379 3768 Deus,
2419 3708 2470 3761 id
2495 3710 2806 3777 praescicnti
2845 3711 2968 3779 ejus
2994 3715 3251 3781 potentia:
3287 3716 3563 3772 ascriben-

1982 3793 2112 3847 dum
2164 3804 2269 3849 est.
2317 3796 2457 3862 Quin
2501 3812 2571 3851 ne
2627 3813 2917 3868 pmnarum
2968 3801 3189 3870 quidem
3242 3819 3362 3873 quae
3396 3806 3561 3861 nobis

1982 3886 2328 3958 inﬂiguntnr,
2374 3889 2520 3946 Deus
2564 3900 2758 3946 auctor
2800 3882 2912 3947 non
2962 3901 3046 3949 est
3064 3894 3131 3949 ⁸⁸.
3180 3896 3365 3966 Neque
3406 3899 3555 3953 enim

1981 3991 2080 4031 cur
2100 3978 2385 4049 improbus
2415 3996 2609 4051 poenas
2637 3984 2773 4049 luat,
2803 3996 3000 4040 auctor
3022 3986 3310 4057 estjudex,
3337 3993 3555 4045 tametsi

1979 4066 2098 4135 ipse
2132 4068 2313 4125 libens
2347 4074 2679 4129 sententiam
2713 4075 2894 4131 ferat:
2935 4093 3126 4133 verum
3168 4080 3238 4145 is,
3278 4081 3372 4151 qui
3418 4081 3558 4136 faei~

1979 4170 2084 4212 nus
2133 4157 2393 4227 admisit,
2429 4178 2646 4232 poenam
2680 4167 2786 4221 sibi
2819 4168 2937 4237 ipse
2967 4171 3255 4224 accersivit
3290 4171 3556 4240 :justitiac

1979 4256 2163 4302 autem
2216 4250 2361 4321 (quae
2387 4252 2531 4308 bona
2568 4269 2657 4310 res
2697 4255 2801 4327 est)
2849 4272 3017 4312 causa
3043 4266 3127 4313 est
3148 4258 3338 4327 judex.
3362 4258 3556 4325 Quan-

1980 4339 2180 4395 tumvis
2202 4342 2351 4395 enim
2380 4345 2572 4399 volens
2595 4346 2826 4414 judicet,
2854 4363 2962 4403 non
2994 4358 3176 4403 tamen
3208 4350 3554 4405 antecedenti

1976 4430 2277 4498 voluntate,
2310 4435 2406 4489 sed
2449 4439 2809 4507 consequenti
2854 4438 2912 4493 id
2946 4440 3098 4495 facit.
3132 4442 3320 4511 Itaque
3356 4443 3553 4496 volun-

1978 4529 2063 4575 tas
2098 4524 2425 4581 antecedens
2453 4536 2556 4593 est,
2599 4528 2734 4583 illud
2764 4529 2913 4600 quod
2948 4532 3072 4601 quis
3103 4546 3135 4585 a
3162 4533 3343 4602 seipso
3386 4534 3501 4587 vult
3535 4551 3549 4587 :

1976 4625 2324 4682 consequens
2378 4631 2541 4681 vero,
2592 4618 2645 4672 id
2703 4620 2852 4690 quod
2899 4636 2966 4676 ex
3013 4636 3204 4676 eorum
3238 4637 3362 4692 quae
3410 4622 3552 4677 ﬁunt

1977 4715 2148 4755 causa
2202 4702 2662 4771 proﬁciscitur".
2716 4710 3074 4764 Antecedenti
3113 4711 3261 4765 enim
3295 4710 3437 4765 Deus
3482 4726 3549 4765 ex

290 4770 472 4838 seipso
525 4793 543 4824 ι
580 4776 697 4828 vult
736 4792 927 4834 omnes
958 4779 1212 4835 homines
1251 4781 1437 4836 salvos
1486 4781 1602 4838 fieri
1626 4824 1641 4847 ,
1696 4792 1756 4853 et.
1803 4785 1871 4840 ad
1911 4770 2244 4858 agnitionem
2270 4796 2514 4851 veritatis
2541 4800 2729 4854 venire
2752 4800 2818 4853 ⁸ο.
2860 4821 2878 4853 ›
2912 4800 3049 4856 Cum
3107 4813 3287 4857 autem
3351 4818 3547 4873 pecca-

288 4876 431 4925 mus,
487 4866 743 4921 utilitatis
799 4878 1003 4926 nostrae
1050 4887 1220 4929 causa
1279 4873 1396 4928 vult
1431 4890 1534 4931 nos
1582 4878 1867 4948 castigari.
1940 4880 2017 4936 Ita
2086 4887 2417 4944 antecedens
2451 4888 2545 4945 Dei
2586 4892 2860 4958 voluntas,
2901 4895 3160 4951 bonitatis
3216 4866 3391 4966 ipsius
3417 4906 3544 4961 est;

286 4968 636 5024 consequens
662 4971 813 5021 vero,
846 4960 1154 5028 iustitiae“.

355 5056 431 5104 τε.
462 5051 587 5103 Ὅτι
621 5051 678 5103 δὲ
710 5052 1014 5125 προώρισεν
1048 5059 1075 5109 ό
1112 5057 1243 5121 Θεὸς
1265 5057 1333 5110 τὰ
1365 5058 1545 5114 πάντα
1578 5061 1721 5114 κατὰ
1758 5064 1858 5134 τὴν

287 5141 597 5210 πρόγνωσιν
631 5142 830 5208 αὑτοῦ,
864 5145 1034 5210 οὕτως
1087 5149 1428 5219 γνωσόμεθα.
1464 5152 1561 5204 “At
1575 5167 1769 5221 ρεπτον
1799 5156 1859 5219 τὸ

355 5313 750 5395 ‘-‘I_Datt._xm_,
779 5318 873 5395 ΔΗ.
959 5320 1002 5350 ⁵⁷
1178 5338 1236 5395 tt.
1262 5321 1355 5395 pg
1378 5322 1505 5391 ﬁde,
1558 5341 1677 5395 cap.
1721 5328 1808 5382 50.

2038 5064 2127 5120 80.
2150 5065 2305 5133 Quod
2330 5077 2511 5124 autem
2534 5076 2735 5141 omnia,
2762 5089 2861 5144 pro
2888 5089 2986 5129 sua
3021 5075 3377 5143 praescientia,
3410 5090 3546 5143 prae-

1927 5156 2172 5213 oﬁnierit
2229 5158 2400 5226 Deus,
2465 5161 2593 5219 hinc
2650 5167 2991 5242 colligemus.
3048 5165 3194 5220 Deus
3252 5165 3542 5219 mutationi

1900 5331 2148 5405 “ABasil.
2185 5338 2330 5391 hom.
2368 5339 2519 5403 Quod
2564 5341 2699 5396 Deus
2751 5359 2853 5397 non
2920 5350 2989 5396 sn
3056 5359 3219 5395 causa
3251 5345 3541 5405 matorium.

291 5368 337 5405 ”
366 5383 489 5439 Lib.
529 5368 572 5439 ιι
588 5368 990 5458 Πεηῇιιεῖειιρ.
1180 5368 1236 5423 ’έδ
1261 5368 1677 5458 ι”ῗίῖἰῖ,”ἲι,”ἱ.¹”
1707 5368 1904 5456 έῖνῨὶιΙ.
1934 5368 2699 5479 εἶ’ῧῖἶδῖηῗωῗ’ρξῗῖῗῗιυέῖῗῗ
2723 5368 2895 5478 lgna.

1586 5488 1822 5544 VARIAZ
1867 5494 2264 5554 LECTIUNES.

348 5568 376 5610 ιι
406 5571 567 5628 Basil.
599 5572 982 5643 προηγούμενα
1022 5573 1118 5642 μέν
1150 5576 1263 5627 ἐστι
1296 5577 1596 5649 Οελήματα,
1621 5582 1779 5653 ὅπερ.

605 5670 875 5733 Parnm.
922 5671 1034 5731 Gn.
1084 5673 1279 5736 XCIV.
1348 5732 1351 5733 ν

3142 5687 3214 5747 50
