3962 6202
334 218 469 283 15,79
925 197 927 200 ’
1494 213 1553 270 s.
1595 211 1902 274 JOANNIE

2006 215 2388 276 AMASCENI
3455 214 3597 278 155ξο

331 328 600 385 obnoxius
647 340 755 380 non
788 330 911 392 est,
945 329 1110 393 atque
1153 335 1219 376 ex
1267 321 1606 390 praenotione
1631 361 1647 385 ,
1695 337 1802 376 non
1831 338 1894 377 ex

2006 325 2175 390 Θεῖον,
2209 326 2303 385 καὶ
2331 326 2432 378 οὐκ
2476 325 2533 391 ἐξ
2566 323 2910 392 ἐπιγνώσεως
2941 327 3157 397 κρῖνον,
3192 323 3310 379 ἀλλ’
3347 326 3414 377 ὲκ
3456 344 3594 396 προ-

327 429 548 491 .postera
575 417 857 489 agnitione
883 415 1114 486 judicat.
1150 412 1207 468 Si
1238 413 1403 484 igitur
1434 413 1488 467 in
1519 412 1664 467 diem
1693 411 1903 483 judicat

328 525 378 568 et
410 512 621 576 deﬁnit,
660 511 712 564 in
752 510 894 564 diem
931 520 1152 576 quoque
1183 505 1234 559 id
1271 504 1419 575 quod
1459 504 1537 568 ﬁt,
1574 503 1898 573 cognoscit:

328 607 461 674 quin
501 605 686 664 etiam,
733 610 790 654 ut
822 599 1045 670 quidam
1080 598 1255 660 aiunt,
1289 596 1606 651 nescientes
1639 595 1769 666 quid
1819 595 1902 649 di-

329 704 478 758 t-ant.
516 693 834 764 pmniteutia
876 690 1129 751 ducitur;
1167 689 1276 742 imo
1324 689 1447 741 vita:
1480 703 1655 742 annos
1685 687 1898 756 adjicit.

331 787 387 840 Si
419 787 560 842 enim
609 782 927 853 pcenitentia
965 780 1207 843 ducitur,
1244 792 1301 832 ut
1343 793 1518 833 annos
1556 777 1738 837 addat.
1776 793 1902 846 pro-

330 877 471 932 fecto
530 863 594 928 et.
648 875 982 928 voluntatem
1051 881 1104 924 et
1161 872 1524 941 cognitionem
1583 870 1900 924 variabilem

327 967 526 1028 habet;
579 964 725 1034 quod
773 972 956 1016 tamen
1011 963 1119 1016 Deo
1173 962 1458 1030 indignum
1511 968 1619 1014 est.
1662 958 1816 1024 Quod
1857 958 1899 1011 si

328 1072 502 1112 annos
541 1055 786 1111 Ezechiae
818 1054 1065 1124 adiectos
1093 1070 1159 1108 ex
1196 1053 1482 1122 Scriptura
1509 1053 1554 1082 "
1585 1051 1858 1122 objiciatis
1885 1069 1898 1117 ;

329 1153 431 1206 hoc
457 1152 654 1204 scitote
677 1191 692 1217 ,
723 1164 830 1203 non
877 1151 955 1205 sic
991 1165 1084 1205 eos
1111 1147 1380 1217 adjecisse
1419 1149 1610 1210 Deum,
1649 1147 1806 1217 quasi
1849 1146 1901 1200 id

328 1244 668 1312 ignorasset,
698 1251 793 1296 aut
825 1257 932 1296 non
964 1241 1291 1311 prteliuisset
1336 1259 1348 1293 :
1391 1240 1521 1309 quin
1570 1240 1753 1309 potius
1786 1238 1903 1309 ipse

325 1351 391 1390 ea
433 1351 555 1405 quae
585 1335 649 1388 ad
688 1333 976 1388 Ezechiam
1010 1321 1362 1402 spectabant,
1394 1341 1447 1387 et
1482 1331 1816 1402 praescierat,
1849 1339 1903 1385 et

282 1440 288 1444 ·
331 1424 664 1494 prarllniet‘at
701 1441 714 1476 :
751 1437 936 1476 verum
981 1437 1080 1491 pro
1115 1437 1214 1477 sua
1254 1422 1621 1492 providentia,
1651 1432 1710 1474 ut
1739 1419 1900 1475 saluti

329 1525 534 1570 nostra}
567 1515 882 1570 consuleret
911 1555 923 1577 ,
976 1529 1284 1569 sermonem
1321 1515 1393 1568 ita
1423 1516 1760 1583 composuit,
1795 1527 1903 1584 quo

328 1615 531 1674 quanta
591 1614 738 1662 esset
793 1606 1126 1674 poenitentia:
1188 1607 1313 1667 vis,
1384 1605 1704 1660 declararet.
1765 1605 1899 1658 Nam

2001 418 2276 488 γνώσεως.
2315 418 2380 471 Εἰ
2432 415 2528 469 οὖν
2570 417 2693 479 καθ’
2745 418 2960 488 ἡμέραν
3007 417 3193 489 κρίνει
3251 417 3349 469 καὶ
3394 418 3594 489 ὁρίζει,

2003 510 2125 564 καθ’
2157 511 2368 581 ἡμέραν
2402 509 2664 578 γινώσκει
2709 510 2770 563 τὸ
2813 491 3138 578 γινόμενον,
3168 509 3287 572 καὶ,
3317 508 3395 572 ὣς
3447 509 3598 572 τινές

2005 620 2157 672 φασι,
2190 603 2285 654 καὶ
2321 603 2742 672 μεταμελεῖται,
2772 603 2868 655 καὶ
2916 601 3274 672 προστίθησιν
3298 599 3394 670 ἐτη
3420 600 3597 671 ζωῆς,

2006 695 2081 765 μὴ
2103 693 2304 757 εἰδότες
2329 694 2383 746 τί
2415 711 2602 762 φασιν.
2643 695 2705 747 El
2729 693 2841 764 γὰρ
2873 692 3271 762 μεταμελεῖται,
3291 693 3390 744 καὶ
3413 708 3595 762 προσ-

2002 786 2182 857 τίθησι
2209 827 2223 849 ,
2252 787 2500 857 τρεπτδν·
2536 785 2649 855 ἔχει
2679 785 2771 839 καὶ
2823 785 2884 836 τὸ
2919 783 3151 854 θέλημα,
3170 784 3259 836 καὶ
3293 784 3396 854 τὴν
3427 783 3587 852 γνῶ-

2005 891 2122 928 σιν⁹
2167 876 2259 928 καὶ
2309 873 2470 927 τοῦτο
2505 875 2725 941 ἀνάξιον
2787 873 2943 929 Θεοῦ.
2979 874 3043 926 Ei
3094 871 3149 925 δὲ
3190 873 3365 939 λέγετε
3399 889 3579 942 προσ-

2003 965 2306 1019 τεθεικέναι
2344 965 2424 1035 τῷ
2460 965 2680 1036 Ἐζεκίᾳ
2700 1004 2716 1027 ,
2748 963 2890 1017 κατὰ
2936 963 3034 1034 τὴν
3064 963 3307 1032 Γραφὴν,
3335 963 3438 1015 ἀλλ’
3469 964 3574 1016 οῦκ

2003 1053 2237 1124 ἀγνοῶν,
2268 1055 2390 1108 οὐδὲ
2425 1054 2498 1125 μὴ
2522 1055 2822 1126 προορίσας
2841 1095 2855 1117 ,
2888 1051 3260 1122 προσέθηκεν,
3286 1049 3398 1104 ἀλλ’
3421 1051 3578 1112 αὐτος

2007 1148 2105 1218 μὲν
2133 1148 2227 1201 καὶ
2251 1147 2528 1216 προέγνω,
2560 1148 2654 1200 καὶ
2701 1145 2978 1216 προώρισε
3010 1146 3079 1198 τὰ
3113 1145 3260 1196 κατὰ
3305 1143 3400 1195 τὸν
3439 1140 3590 1205 Ἐζε-

2004 1241 2128 1294 κίαν
2146 1257 2159 1271 ·
2195 1240 2565 1310 προνοητικῶς
2586 1239 2643 1292 δὲ
2674 1242 2807 1308 ὲσχη
2818 1238 3077 1308 ματίζετο
3100 1240 3142 1299 ί,
3163 1233 3474 1303 οἰκονομῶν
3497 1234 3598 1302 τὴν

2004 1331 2280 1402 σωτηρίαν
2301 1331 2480 1401 ἡμῶν,
2509 1331 2597 1383 ἵνα
2645 1329 2816 1401 δείξῃ,
2849 1329 3014 1382 πόσον
3038 1327 3267 1380 δύναται
3307 1327 3597 1396 μετάνοια.

2005 1422 2448 1493 Μεταμελεῖσθαι
2491 1421 2548 1474 δὲ
2603 1421 2855 1489 λέγεται,
2889 1423 2953 1474 ὲκ
2999 1420 3110 1472 τῶν
3152 1419 3274 1471 καθ’
3304 1419 3479 1487 ἡμᾶς.
3533 1415 3598 1467 ’11

2005 1515 2112 1584 γὰρ
2144 1514 2336 1585 Γραφὴ
2379 1511 2872 1581 ἀνθρωπικώτερον
2918 1511 3047 1582 περὶ
3094 1509 3230 1562 Θεοῦ
3276 1507 3597 1575 διαλέγεται

2006 1603 2146 1674 πρὸς
2201 1602 2302 1672 τὴν
2348 1601 2650 1672 νηπιότητα
2705 1602 2814 1654 τῶν
2856 1600 3185 1652 ἀκουόντων.
3224 1597 3444 1663 Ὠσπερ
3483 1596 3598 1662 γὰρ

327 1694 472 1764 quod
506 1694 826 1763 patuitenlia
863 1695 1132 1750 adductus
1166 1694 1388 1758 dicitur,
1428 1695 1481 1750 id
1516 1711 1579 1749 ex
1621 1696 1781 1749 nobis
1815 1711 1902 1751 as-

2007 1693 2249 1761 λέγεται,
2294 1711 2313 1744 ‹
2347 1692 2470 1746 Ἵνα
2493 1693 2544 1745 τί
2574 1691 2784 1756 omnia,
2817 1690 2989 1762 Κύριε
3023 1707 3038 1755 ;
3073 1708 3091 1741 ι
3124 1690 3221 1758 οὐχ
3264 1689 3428 1741 ὑπνοῖ
3469 1685 3529 1737 δὲ
3565 1685 3598 1736 ὁ

329 1798 608 1858 sumptum
665 1796 770 1843 est.
840 1786 1126 1857 Scriptura
1185 1787 1456 1856 siquidem
1515 1785 1580 1839 ad
1637 1786 1900 1856 puerilem

329 1879 673 1934 audientium
710 1879 1144 1932 imbecillitatem
1173 1892 1294 1932 sese
1327 1877 1770 1940 accommodans,
1805 1877 1903 1929 bu-

315 1987 493 2026 -tuane
534 1987 688 2026 more
713 1971 780 2026 de
824 1971 930 2024 Deo
976 1971 1241 2041 loquitur.
1276 1968 1432 2024 Sicut
1461 1969 1606 2024 enim
1648 1968 1852 2023 dicitur
1885 1983 1900 2020 :

333 2083 353 2112 ι
389 2065 575 2128 Quare
618 2062 921 2126 obdormis,
981 2061 1212 2117 Domine
1230 2061 1322 2114 ‘3?
1368 2079 1385 2110 ι
1425 2075 1531 2115 non
1567 2058 1714 2129 quod
1760 2058 1902 2114 Deus

331 2155 612 2222 dormiat;
655 2153 751 2210 sed
791 2153 935 2224 quod
966 2152 1285 2224 patientiam
1313 2151 1434 2221 ejus
1483 2165 1548 2205 ac
1597 2150 1900 2214 lenitatem,

329 2247 628 2316 auxiliique
655 2246 998 2308 dilationem,
1050 2259 1304 2300 somnqu
1341 2244 1577 2312 appellet
1607 2241 1772 2313 (apud
1800 2257 1901 2296 nos
1945 2271 1949 2274 -

327 2338 474 2390 enim
518 2338 553 2390 ii
587 2337 681 2406 qui
733 2351 929 2392 somno
979 2343 1276 2399 tenentur,
1311 2334 1445 2387 nulli
1480 2348 1636 2402 opem
1673 2319 1899 2403 lerunt),

325 2426 516 2482 eodem
548 2425 711 2497 463
747 2425 912 2479 modo
962 2423 1302 2493 pcenitentiaa
1360 2424 1684 2478 vocabulum
1737 2439 1899 2478 usur-

331 2516 499 2585 pavit.
529 2514 684 2569 Sicut
729 2514 874 2568 enim
910 2529 1010 2570 nos
1043 2513 1272 2582 poenitet
1302 2551 1316 2576 ,
1349 2529 1474 2567 cum
1517 2514 1642 2582 quis
1675 2513 1897 2582 opibus,

328 2605 530 2674 quibus
559 2619 684 2660 eum
717 2604 991 2668 auximus,
1024 2602 1166 2657 male
1191 2602 1365 2656 utitur
1397 2616 1410 2652 :
1446 2602 1528 2656 sic
1572 2601 1737 2670 Deus,
1775 2619 1898 2658 cum

329 2698 607 2753 hominem
643 2695 1004 2760 condidisset,
1043 2693 1284 2765 Saulque
1316 2695 1370 2749 in
1411 2710 1589 2764 regem
1628 2695 1900 2761 tinxisset,

331 2791 500 2860 hique
542 2799 728 2860 postea
761 2789 814 2842 in
848 2794 1134 2858 peccatum
1166 2787 1304 2857 lapsi
1332 2795 1539 2850 essent,
1576 2789 1901 2856 poenitentia

330 2881 559 2936 allectus
593 2880 797 2935 dicitur
829 2898 842 2933 :
877 2895 984 2934 non
1025 2880 1173 2949 quod
1218 2879 1388 2933 Deum
1419 2895 1547 2934 vere
1584 2881 1906 2948 ptenituerit

2005 1783 2157 1846 Θεὸς,
2194 1782 2331 1838 ἀλλὰ
2363 1782 2461 1853 τὴν
2498 1783 2702 1852 ἀνοχὴν
2736 1782 2832 1835 καὶ
2856 1782 2957 1852 τὴν
2982 1778 3369 1851 μακροθυμίαν
3397 1773 3594 1837 αὑτοῦ,

2004 1878 2097 1930 καὶ
2126 1875 2222 1944 τὴν
2253 1874 2548 1945 ὑπέρθεσιν
2589 1875 2689 1944 τῆς
2734 1874 2992 1946 βοηθείας
3027 1870 3189 1925 αὑτοῦ
3209 1910 3223 1932 ,
3254 1869 3428 1922 ῦπνον
3463 1868 3595 1920 ἐκά-

2003 1967 2125 2019 λεσε
2147 1983 2160 1997 ·
2195 1968 2327 2037 παρ’
2361 1968 2494 2037 ἡμῖν
2547 1966 2656 2035 γὰρ
2700 1966 2752 2018 οἱ
2790 1963 3112 2028 ὑπνοῦντες,
3144 1961 3203 2014 οὐ
3251 1958 3587 2030 βοηθοῦσιν·

2003 2057 2146 2112 οὕτω
2173 2059 2266 2111 καὶ
2300 2056 2655 2129 μεταμέλεια.
2702 2057 2894 2125 Ἡμεῖς
2934 2055 3075 2123 γὰρ,
3105 2055 3233 2106 ὅταν
3261 2050 3446 2119 θῶμέν
3477 2063 3597 2101 τινι

2005 2148 2233 2202 πλοῦτον
2259 2188 2274 2213 ,
2302 2150 2399 2202 καὶ
2445 2148 2632 2210 κακῶς
2665 2149 2877 2210 ἐκεῖνος
2921 2147 3216 2217 χρήσηται,
3251 2134 3596 2212 μεταμεὶοὺ-

2007 2241 2169 2312 μεθα.
2207 2240 2394 2304 Οὕτως
2432 2240 2528 2294 τοῦ
2563 2239 2700 2294 Θεοῦ
2749 2240 2840 2293 τὸν
2888 2239 3180 2309 ἄνθρωπον
3224 2236 3578 2305 ποιήσαντος,

2003 2333 2098 2386 καὶ
2144 2333 2234 2385 τὸν
2283 2332 2454 2386 Σαοὺλ
2503 2333 2790 2403 χρίσαντος
2827 2333 2908 2394 είς
2956 2328 3221 2400 βασιλέα.
3269 2327 3361 2380 καὶ
3405 2327 3590 2394 ἁμαρ-

2003 2425 2288 2493 τησάντων
2324 2424 2504 2476 αὐτῶν
2532 2465 2546 2490 ,
2599 2422 3028 2494 μεταμελεῖσθαι
3078 2420 3300 2489 λέγεται
3324 2435 3338 2449 ο
3385 2417 3450 2469 οὐ
3492 2412 3592 2468 τοῦ

2001 2515 2136 2568 θεοῦ
2186 2517 2694 2587 μεταμεληθέντος·
2743 2515 2968 2586 προῄδει
3010 2514 3120 2584 γὰρ
3169 2513 3230 2565 τὸ
3278 2510 3536 2579 ἐσόμενον
3567 2521 3588 2538 ⁶

2003 2605 2138 2658 ἀλλὰ
2191 2606 2398 2660 τούτων
2428 2607 2556 2671 ἄξια
2601 2607 2971 2678 μεταμελείας
3010 2604 3361 2674 πραξάντωνο
3410 2601 3585 2667 Ἄττιν·

2004 2697 2284 2770 νισώμεθα
2314 2695 2409 2752 οὖν
2451 2699 2678 2767 ποιῆσαι
2726 2698 2787 2750 τὸ
2817 2697 3042 2765 ἀγαθὸν,
3071 2696 3167 2748 καὶ
3205 2692 3404 2761 ἀγαθοὶ
3430 2690 3581 2760 γενέ-

2009 2789 2153 2855 σθαι,
2184 2791 2271 2842 ἵνα
2325 2784 2475 2860 ὦμεν
2525 2790 2637 2843 τῶν
2697 2786 3169 2860 προεγνωσμένων
3218 2783 3465 2852 ἀγαθῶν,
3496 2783 3594 2835 καὶ

2009 2885 2440 2954 προωρισμένων
2468 2887 2546 2948 είς
2577 2883 2721 2954 ζωὴν
2757 2883 2997 2937 αἰώνιον.

333 2975 500 3044 (quod
525 2973 670 3029 enim
705 2973 950 3027 futurum
983 2981 1153 3036 esset,
1188 2973 1292 3027 hoc
1319 2973 1430 3042 jam
1466 2982 1591 3028 ante
1616 2975 1888 3046 noverat),
1933 2977 2030 3032 sed
2067 2979 2214 3048 quod
2247 2980 2324 3034 illi
2354 2995 2418 3035 ea
2453 2987 2890 3051 perpetrassent,
2925 2994 3046 3049 qua:
3111 2978 3443 3048 pceuitentla
3506 2976 3598 3029 di-

318 3081 434 3134 gna
457 3073 635 3121 erant.
666 3064 1033 3136 QuaprOpter,
1065 3075 1120 3121 et
1154 3066 1294 3120 bona
1328 3080 1511 3134 agere,
1539 3074 1593 3121 et
1656 3069 1787 3122 boui
1847 3085 1970 3126 esse
2005 3071 2407 3128 contendamus
2435 3112 2449 3140 ,
2498 3081 2558 3127 ut
2594 3073 2648 3126 in
2679 3087 2871 3126 eorum
2924 3086 3152 3125 numero
3183 3071 3364 3124 simus
3389 3109 3406 3135 ,
3457 3081 3600 3138 quos

328 3158 504 3213 bonos
557 3156 673 3212 fore
734 3157 1047 3226 prmscivit,
1092 3163 1257 3226 atque
1307 3157 1376 3213 ad
1416 3158 1583 3212 vitam
1633 3166 1895 3214 aeternam
1936 3165 2343 3230 praeordinavit.

397 3249 486 3302 8|.
530 3248 666 3302 Illud
691 3255 874 3304 autem
902 3250 1186 3305 sciendum
1223 3259 1328 3313 est,
1357 3253 1504 3322 quod
1533 3254 1734 3307 bonum
1764 3270 1902 3322 pra:-

2074 3257 2186 3314 πα’.
2234 3259 2430 3313 ’1στέον
2458 3259 2535 3323 δὲ,
2567 3259 2642 3323 ὡς
2668 3260 2872 3328 ἀγαθὸν
2912 3260 3010 3330 μέν
3044 3261 3158 3311 ἐστι
3182 3257 3336 3322 τάξις
3369 3259 3601 3327 ἀρίστη,

325 3337 706 3394 «ειοηιίεεὶωιιε
731 3340 867 3392 ordo
891 3341 984 3402 sit,
1019 3344 1318 3409 unicuique
1343 3343 1484 3411 quod
1515 3352 1711 3397 natura
1740 3361 1902 3400 suum

332 3438 436 3493 est,
473 3442 834 3484 conservans.
888 3430 1026 3482 Illud
1082 3445 1246 3498 porro
1297 3441 1382 3486 est
1431 3433 1624 3489 virtus.
1676 3435 1901 3502 Contra,

218 3580 239 3598 κ
331 3519 536 3573 malum
595 3519 810 3575 ordinis
866 3519 1162 3575 dissolutio
1207 3529 1330 3588 est,
1385 3539 1481 3578 seu
1537 3527 1901 3594 perturbatio.

331 3610 502 3664 Porro
533 3609 788 3665 bifariam
819 3614 1020 3666 bonum
1056 3613 1286 3680 dicitur,
1329 3616 1412 3670 vel
1444 3617 1495 3672 id
1531 3619 1681 3688 quod
1711 3633 1903 3676 revera

331 3702 535 3757 bonum
567 3713 670 3768 est,
706 3711 764 3757 ut
814 3706 950 3760 ordo
991 3706 1085 3761 ille
1116 3705 1184 3763 de
1229 3723 1339 3778 quo
1387 3710 1660 3777 diximus,
1711 3713 1798 3768 vel
1851 3713 1905 3768 id

332 3795 478 3864 quod
517 3795 644 3850 boni
685 3798 1068 3852 tantummodo
1105 3800 1344 3868 speciem
1394 3802 1593 3866 habet,
1628 3805 1706 3858 uti
1749 3805 1907 3859 volu-

331 3896 476 3958 ptas,
517 3903 625 3958 qua
669 3897 868 3957 praeter
896 3904 1018 3944 cum
1052 3891 1301 3945 ordinem
1356 3907 1554 3949 sensus
1607 3895 1900 3960 titillatur;

335 3977 479 4046 quod
508 3979 729 4046 quidem
762 3978 965 4032 bonum
1019 3994 1128 4033 non
1181 3989 1299 4044 est,
1335 3982 1428 4036 sed
1462 3983 1646 4052 potius
1674 3985 1899 4040 malum.

337 4069 430 4123 Sic
468 4070 668 4123 malum
700 4069 904 4140 duplici
950 4085 1170 4141 quoque
1212 4073 1374 4128 modo
1419 4074 1658 4141 dicitur,
1686 4092 1900 4148 nempe,

331 4162 417 4216 vel
443 4161 492 4216 id
525 4162 670 4232 quod
697 4178 823 4217 vere
854 4163 1057 4217 malum
1085 4171 1190 4230 est,
1215 4165 1332 4220 sive
1363 4166 1505 4235 quod
1535 4177 1732 4237 praeter
1758 4169 1904 4224 ordi-

331 4270 456 4310 nem
509 4264 718 4308 natura:
771 4263 1188 4325 congruentem,
1232 4264 1398 4326 atque
1439 4258 1704 4316 adversus
1738 4260 1903 4316 Crea-

328 4347 469 4400 toris
524 4347 696 4416 legem
749 4361 815 4400 ex
866 4347 1092 4416 proprio
1137 4348 1375 4402 consilio
1421 4357 1475 4404 et
1522 4351 1803 4407 voluntate
1845 4352 1903 4406 llt

330 4436 626 4508 (naturalis
651 4436 851 4506 quippe
880 4436 1015 4491 ordo
1044 4437 1097 4490 in
1131 4438 1233 4492 hoc
1263 4439 1406 4495 situs
1437 4448 1540 4508 est,
1571 4450 1630 4496 ut
1658 4443 1903 4499 Creatori

327 4529 619 4582 oliediatur
645 4566 662 4592 ,
705 4529 1049 4599 perturbatio
1091 4544 1224 4584 vero
1273 4531 1329 4585 in
1365 4535 1778 4605 contumacia),
1817 4536 1902 4591 vel

2005 3350 2223 3420 ἑκάστῳ
2251 3349 2312 3402 τὸ
2361 3350 2503 3403 κατὰ
2545 3349 2706 3418 φύσιν
2739 3351 2945 3402 οἰκεῖον
2979 3347 3317 3412 διασώζουσα
3338 3365 3352 3377 ·
3389 3351 3601 3401 ταυτὸν

2004 3443 2061 3496 δέ
2097 3445 2213 3497 ἐστι
2270 3444 2366 3496 καὶ
2403 3443 2608 3514 ἀρετή·
2640 3443 2808 3496 κακία
2858 3442 2995 3512 δὲ,ὴ
3043 3445 3142 3513 τῆς
3170 3441 3368 3507 τάξεως
3401 3440 3588 3502 λύσις,

2005 3534 2174 3603 ἤγουν
2203 3535 2424 3598 ἀταξία.
2458 3533 2668 3597 Δισσῶς
2691 3533 2748 3587 δὲ
2767 3533 2830 3586 τὸ
2850 3532 3056 3602 ἀγαθὸν
3089 3532 3321 3600 λέγεται,
3351 3531 3465 3601 me
3491 3531 3590 3583 ὅν-

2003 3642 2112 3688 τως
2159 3625 2384 3693 ἀγαθὸν,
2423 3624 2498 3688 ὡς
2534 3626 2564 3696 ἡ
2598 3624 2826 3695 ῥηθεῖσα
2857 3624 3033 3689 τάξις,
3084 3623 3118 3692 ἢ
3177 3625 3269 3676 καὶ
3293 3621 3353 3675 τὺ
3392 3621 3591 3674 δοκοῦν

2005 3714 2233 3783 ἀγαθὸν,
2267 3717 2299 3787 ὴ
2335 3716 2454 3768 κατ’
2478 3715 2728 3785 αἴσθησιν
2757 3716 2918 3786 ἡδονὴ
2950 3716 3101 3786 παρᾶ
3128 3715 3227 3785 τὴν
3252 3715 3598 3786 προειρημέ-

2006 3821 2104 3875 νην
2133 3805 2288 3870 τάξιν
2310 3822 2322 3837 ·
2351 3807 2488 3877 ὅπερ
2519 3808 2620 3860 οὐκ
2650 3807 2855 3875 ἀγαθόν
2891 3809 3061 3872 ἐστιν,
3091 3805 3231 3860 ἀλλὰ
3257 3804 3464 3875 μᾶλλον
3490 3823 3596 3856 κα⁴

2006 3899 2099 3952 κόν
2118 3917 2132 3930 ο
2157 3900 2252 3953 καὶ
2290 3903 2322 3970 ὴ
2356 3901 2525 3954 κακία.
2554 3900 2609 3953 δὲ
2640 3899 2839 3963 δισσῶς
2868 3900 3111 3967 λέγεται,
3146 3898 3179 3970 ἦ
3212 3899 3273 3951 τὸ
3295 3898 3466 3960 ὅντως
3490 3915 3599 3950 κα-

2006 3991 2123 4056 κὸν,
2147 3991 2404 4068 τουτέστι,
2425 3992 2484 4044 τὸ
2514 3993 2668 4062 παρὰ
2704 3992 2802 4062 τὴν
2836 3990 3071 4061 φυσικὴν
3101 3990 3254 4054 τάξιν
3278 3991 3597 4058 γινόμενον,

2005 4081 2102 4134 καὶ
2132 4080 2283 4150 παρά
2305 4080 2396 4134 τὸν
2420 4081 2583 4152 νόμον
2605 4079 2699 4133 τοῦ
2721 4081 3046 4143 Κτίσαντος,
3068 4080 3189 4133 κατ’
3212 4080 3326 4132 οίκε
3337 4079 3421 4131 ίαν
3451 4075 3602 4146 γνὼ-

2009 4188 2138 4242 μην.
2177 4172 2384 4242 Φυσικὴ
2439 4172 2547 4241 γὰρ
2581 4171 2754 4236 τάξις,
2786 4173 2819 4242 ἠ
2869 4172 3083 4240 ὑπακοὴ
3117 4171 3210 4224 τοῦ
3247 4170 3558 4230 Κτίσαντος
3581 4185 3596 4199 ο

2006 4261 2203 4328 ἀταξία
2222 4263 2297 4328 δὲ,
2330 4265 2363 4334 ἡ
2411 4265 2700 4335 παρακοὴ*
2731 4263 2763 4335 ἢ
2817 4263 2876 4316 τὸ
2901 4263 3093 4317 δοκοῦν
3140 4262 3333 4329 κακὸν,
3373 4261 3435 4314 τὸ
3465 4263 3599 4314 κατ’

2005 4354 2256 4424 αἴσθησιν
2293 4353 2558 4424 λυπηρὸν,
2593 4355 2686 4407 καὶ
2712 4354 2844 4425 ἡμῖν
2865 4353 3147 4417 ἐπίπονον,
3179 4352 3311 4422 ὠςὴ
3344 4349 3597 4411 παιδεία,

2004 4447 2125 4516 ἥτις
2163 4446 2360 4516 μᾶλλον
2394 4447 2597 4515 ἀγαθόν
2640 4447 2788 4511 ἐστι,
2825 4446 2920 4500 καὶ
2957 4445 3257 4517 συμφέρον,
3302 4444 3442 4515 πρὸς
3488 4443 3596 4514 τὴν

2005 4539 2149 4592 κατὰ
2187 4539 2351 4608 φύσιν
2377 4541 2726 4607 έπανάγουσα
2757 4538 2931 4604 τάξιν.
2957 4539 3067 4595 Καὶ
3097 4538 3367 4605 λέγονται,
3394 4537 3468 4589 τὰ
3490 4537 3600 4606 μὲν

326 4617 473 4687 quod
503 4619 762 4689 opinione
790 4620 1054 4674 duntaxat
1094 4623 1302 4676 malum
1333 4631 1416 4678 est
1449 4638 1462 4674 :
1501 4633 1560 4678 ut
1589 4627 1734 4696 quod
1773 4643 1900 4682 sen-

2007 4631 2230 4686 ἑκούσια
2281 4633 2642 4697 κακὰ,-ὅντως
2677 4632 2842 4699 κακὰ,
2879 4632 2950 4686 τὰ
2998 4633 3112 4702 εῐδη
3149 4631 3248 4700 τῆς
3273 4629 3594 4700 ἁμαρτίας·

327 4710 482 4765 sihus
517 4711 775 4764 acerbum
820 4719 925 4777 est,
972 4712 1243 4782 nobisque
1273 4714 1581 4781 molestum,
1615 4718 1694 4771 uti
1736 4701 1902 4774 dasti-

2008 4721 2076 4774 τὰ
2106 4721 2163 4776 δὲ
2190 4723 2444 4789 ἀκούσια,
2475 4724 2543 4779 τὰ
2572 4725 2829 4779 ἐπίπονα.

327 4806 496 4877 gatio,
523 4822 646 4877 qua:
669 4808 887 4878 quidem
913 4807 1055 4863 bona
1084 4809 1266 4879 potius
1297 4820 1351 4865 et
1382 4811 1532 4866 utilis
1557 4820 1666 4880 est;
1695 4815 1899 4885 quippe
1933 4831 2054 4886 quae
2078 4817 2144 4872 ad
2181 4821 2483 4876 naturalem
2525 4820 2777 4876 ordinem
2807 4837 2908 4878 nos
2937 4831 3181 4876 revocet.
3249 4821 3326 4874 Ac
3375 4805 3598 4874 volun—

328 4906 466 4960 taria
495 4904 715 4974 quidem
772 4905 912 4958 mala
950 4905 1232 4972 dicuntur,
1266 4923 1389 4978 quae
1422 4923 1547 4964 vere
1579 4912 1720 4964 mala
1789 4921 1939 4978 sunt,
2017 4925 2145 4985 puta
2180 4917 2389 4987 peccati
2422 4917 2635 4988 species
2675 4933 2688 4969 :
2725 4932 2834 4974 non
2876 4917 3187 4973 voluntaria
3217 4925 3425 4978 autem,
3467 4931 3602 4985 quae

329 4997 639 5051 molestiam
679 4995 936 5052 all'eruut.

399 5087 488 5144 82.
529 5089 894 5156 Quamobrem
931 5090 1091 5155 Deus,
1138 5109 1314 5165 neque
1361 5096 1579 5162 horum,
1623 5115 1800 5168 neque
1833 5101 1897 5154 il-

331 5177 505 5234 lorum
533 5189 618 5236 est
644 5196 810 5237 causa
837 5222 850 5247 ,
893 5182 1037 5237 sicut
1072 5185 1436 5240 ostendimus.
1471 5186 1582 5243 Etsi
1618 5191 1764 5243 enim
1807 5189 1897 5243 illa

397 5339 448 5372 “
486 5341 592 5394 lsa.
626 5357 852 5405 xxxvm,
888 5342 939 5395 5.
1042 5340 1086 5372 ⁵³
1114 5339 1259 5396 Psal.
1302 5359 1457 5407 xutt,
1492 5342 1578 5396 15.

410 5582 632 5644 ίΒίιείΙ.
658 5595 711 5643 et
765 5587 894 5657 Reg.
962 5589 1416 5658 ἐσχηματίσαντο.

2078 5101 2187 5170 πβ’.
2219 5101 2357 5156 Οὔτε
2388 5103 2593 5160 τούτων
2618 5097 2736 5168 οὖν,
2771 5102 2894 5158 οὔτε
2924 5101 3150 5156 ἐκείνων
3179 5100 3354 5163 αἴτιος
3379 5101 3409 5153 ὁ
3432 5099 3598 5166 Θεὸς,

2005 5193 2080 5255 ti";
2109 5193 2410 5265 ἐδείξαμεν.
2453 5197 2516 5249 El
2546 5195 2657 5266 γὰρ
2679 5194 2745 5251 τὰ
2772 5194 3041 5266 λεγόμενα
3061 5194 3226 5259 κακὰ,
3247 5191 3335 5246 διὰ
3366 5191 3431 5245 τὸ
3453 5193 3598 5263 ἡμῖν

1641 5501 1875 5563 ΫΑΙἨᾹΞ
1910 5501 2310 5560 LECTIONES.
