3930 6206
354 252 491 319 1581

1362 242 1738 303 DIALOGUS
1777 240 2072 301 CONTRA
2111 236 2587 298 MANICHJEOS.

3476 232 3613 298 1589.

350 364 529 419 δοκεῖν
553 360 697 414 κακὰ
728 353 890 417 εἶναι,
914 352 1003 406 διὰ
1038 354 1097 405 τὸ
1124 352 1308 424 ἀηδὲς,
1336 353 1433 407 καὶ
1452 354 1538 406 διὰ
1564 353 1626 405 τὸ
1658 350 1935 423 παράὸου-

2051 366 2163 419 qua:
2199 347 2569 403 involuntaria
2610 346 2751 399 mala
2804 346 3064 401 dicuntur
3107 344 3263 419 (sive
3307 348 3435 417 quia
3470 351 3609 405 mala

352 458 446 509 λον
478 453 659 523 ἡμῶν,
718 448 808 502 καὶ
862 446 1258 515 διαμαρτάνειν
1289 446 1456 513 ἡμᾶς,
1481 443 1757 496 τουτέστιν
1800 445 1937 496 ἀπο-

354 546 648 617 τυγχάνειν
680 540 773 593 τοῦ
807 539 1018 600 δέοντος
1048 537 1221 589 κόπου
1260 534 1306 599 i,
1333 535 1410 605 τῷ
1437 536 1573 606 πρὸς
1611 534 1709 604 τὴν
1740 533 1932 605 ἡδονὴν

354 638 541 710 λίχνῳ,
573 630 766 700 δικαίῳ
793 628 939 699 λόγῳ
967 629 995 680 ὁ
1018 626 1149 688 Θεὸς
1174 626 1392 693 ἐπάγει,
1423 624 1692 677 παιδεύων
1722 623 1857 694 πρὸς
1878 624 1937 676 τὸ

356 725 655 796 συμφέρον,
720 718 858 773 ἀλλὰ
890 718 1000 770 τῶν
1025 716 1306 786 δἑκουσίων
1367 714 1549 769 κακῶν
1604 715 1834 785 ἤρτηται
1868 714 1937 766 τὰ

354 817 585 871 ἀκούσια
632 812 905 883 λεγόμενα
939 808 1120 863 κακά’
1155 808 1443 863 ἀκολουθεῖ
1485 808 1593 876 γὰρ
1627 808 1741 868 τοῖς
1782 807 1939 857 ἑκου-

355 907 492 969 σίοις
532 905 729 966 κακοῖς
785 901 856 953 τὰ
902 897 1157 952 ἀκούσια.
1218 896 1495 966 Τιμωρίαι
1530 894 1660 965 γὰρ,
1695 894 1786 946 καὶ
1811 911 1938 946 παι-

352 998 515 1062 δεῖαι,
548 996 623 1059 ὡς
650 996 720 1048 τὰ
749 990 941 1054 πολλὰ,
970 990 1103 1061 πρὸς
1140 988 1423 1058 διόρθωσιν
1456 989 1511 1040 αί
1554 985 1832 1054 συμφοραὶ
1854 985 1937 1052 γί-

356 1107 563 1151 νονται,
602 1089 697 1141 καὶ
733 1088 767 1158 ὴ
804 1084 899 1137 τοῦ
937 1085 1222 1155 μέλλοντος
1268 1080 1463 1142 αἰῶνος
1484 1078 1725 1140 κόλασις,
1757 1076 1938 1128 τελεία

357 1181 459 1249 τῆς
490 1178 690 1240 κακίας
725 1176 820 1229 καὶ
845 1172 1122 1242 ἁμαρτίας
1160 1170 1439 1237 ἀναίρεσις
1461 1184 1474 1198 ·
1508 1167 1563 1236 ἢ,
1602 1162 1662 1218 τὸ
1699 1164 1938 1218 ἐναντίον

360 1274 557 1333 εἰπεῖν,
587 1273 699 1332 τοῖς
733 1268 1056 1319 ἐπιποθοῦσι
1077 1264 1175 1323 τὰς
1201 1257 1518 1330 σωματικὰς
1538 1257 1689 1327 παρὰ
1715 1257 1805 1308 τὸν
1834 1273 1937 1324 φυ-

364 1362 517 1417 σικὸν
540 1362 701 1430 νόμον
723 1357 941 1432 ἡδονὰς,
973 1357 1070 1410 καὶ
1100 1356 1195 1417 τὰς
1224 1353 1313 1406 διὰ
1349 1350 1551 1412 ταύτας
1577 1348 1871 1418 ἁμαρτίας,
1904 1347 1935 1416 ἡ

364 1455 567 1525 ἀπορία
589 1454 686 1523 τῆς
715 1450 922 1504 τούτων
970 1449 1218 1521 χρήσεως
1247 1444 1397 1498 ἔσται
1446 1442 1642 1494 αἱωνία
1690 1439 1934 1502 κόλασις.

366 1545 601 1606 Κόλασις
634 1543 743 1612 γὰρ
766 1544 799 1610 ἡ
834 1538 924 1593 τοῦ
951 1537 1287 1606 ποθουμένου
1323 1532 1611 1603 ἁποτυχία.
1650 1532 1810 1600 Ἀχρι
1834 1531 1939 1599 γὰρ

365 1634 640 1704 ἁμαρτίας
667 1631 826 1701 ἡδονὴ
873 1629 1023 1700 παρὰ
1051 1628 1144 1681 τὸν
1177 1628 1340 1697 νόμον
1371 1626 1472 1696 τῆς
1502 1624 1715 1694 φύσεως
1743 1641 1755 1653 ·
1798 1623 1936 1692 αῦτη

363 1696 421 1779 δέ
450 1696 623 1794 διττὴ,
658 1696 1006 1792 Mummi}
1039 1717 1325 1787 σωματική
1351 1732 1365 1747 ⁸
1392 1716 1485 1773 καὶ
1514 1712 1720 1785 ψυχικὴ
1754 1712 1873 1782 μὲν,
1904 1714 1937 1783 ἡ
1974 1696 2015 1749 Β

364 1815 463 1884 τῆς
490 1813 647 1882 δόξης
671 1812 888 1881 ἔφεσις⁹
914 1807 1201 1880 σωματικὴ
1226 1807 1304 1869 δὲ,
1346 1805 1571 1877 βρῶσις,
1614 1804 1789 1866 πόσις,
1820 1802 1941 1855 ἄνε·

368 1920 453 1966 σις
475 1904 743 1971 σώματος,
772 1899 958 1963 ὕπνος,
989 1897 1246 1950 συνουσία
1262 1893 1561 1963 γυναικῶν.
1593 1893 1779 1947 Ταῦτα
1808 1894 1942 1945 πάν-

367 2011 433 2047 τα
462 1993 667 2061 φυσικὰ
694 1992 789 2044 καὶ
818 1990 957 2043 καλὰ
987 1988 1128 2041 κατὰ
1150 1987 1249 2058 τὴν
1278 1986 1512 2057 φυσικὴν
1542 1985 1696 2051 τάξιν
1726 1984 1821 2037 καὶ
1851 1983 1941 2036 τὸν

370 2085 532 2154 νόμον
561 2082 657 2135 τοῦ
681 2082 978 2143 Κτίσαντος
1018 2080 1279 2147 γινόμενα
1304 2094 1315 2104 ο
1365 2077 1512 2130 κακὰ
1555 2076 1633 2138 δὲ,
1672 2076 1822 2145 παρὰ
1852 2077 1941 2127 τὸν

371 2171 534 2244 νόμον
584 2170 677 2225 τοῦ
726 2171 1028 2231 κτίσαντος
1052 2208 1067 2231 ,
1111 2169 1205 2223 καὶ
1232 2168 1325 2237 τὴν
1358 2166 1594 2236 φυσικὴν
1620 2165 1800 2233 τάξιν,
1848 2165 1944 2220 καὶ

371 2264 591 2335 χρῆσιν.

440 2531 549 2593 πγ⁹.
578 2522 787 2593 Φυσικὴ
819 2522 878 2575 δὲ
908 2522 1083 2589 τάξις,
1110 2521 1173 2574 τὸ
1205 2520 1455 2589 ἐφίεσθαι
1482 2520 1583 2591 τῆς
1626 2519 1777 2592 παρὰ
1808 2518 1942 2573 Θεοῦ

367 2614 524 2686 δόξης
544 2633 559 2646 ·
586 2616 646 2667 τὸ
667 2615 723 2671 δὲ
748 2614 847 2684 τῆς
885 2615 1015 2684 παρ’
1040 2614 1284 2684 ἀλλήλων
1308 2613 1467 2684 δόξης
1494 2613 1765 2684 ἐφίεσθαι,
1793 2612 1945 2684 παρὰ

369 2706 551 2775 φύσιν.
584 2703 700 2774 Θεῷ
723 2704 831 2773 γὰρ
869 2704 1034 2772 μόνῳ,
1075 2703 1154 2772 τῷ
1185 2702 1344 2770 φύσει
1376 2701 1635 2771 δοξαστῴ,
1684 2702 1883 2770 πρέπει
1911 2703 1944 2771 ἡ

370 2798 522 2868 παρὰ
548 2796 767 2847 πάντων
824 2795 930 2847 τῶν
974 2793 1293 2861 κτισμάτων
1332 2791 1498 2844 αὑτοῦ
1531 2791 1657 2857 δόξα
1681 2806 1694 2819 ⁸
1728 2780 1861 2861 ἡμῖν
1889 2791 1944 2843 δὲ

369 2888 429 2943 τὸ
461 2884 852 2941 ταπεινοῦσθαι
880 2883 1018 2953 Θεῷ,
1057 2886 1132 2945 ὡς
1170 2883 1519 2953 Δημιουργῷ,
1554 2884 1649 2935 καὶ
1674 2881 1944 2951 ἀλλήλοις,

369 2978 460 3031 διὰ
503 2977 594 3029 τὸν
634 2977 799 3046 νόμον
840 2974 936 3027 τοῦ
969 2974 1291 3036 κτίσαντος.
1324 2974 1495 3026 Τοῦτο
1521 2976 1629 3044 γὰρ
1673 2974 1771 3043 τῆς
1811 2974 1946 3044 πρὸς

369 3070 462 3122 τὸν
493 3068 625 3122 Θεὸν
653 3067 891 3136 ἀγάπης,
924 3067 1018 3121 καὶ
1043 3066 1141 3135 τῆς
1171 3066 1304 3135 πρὸς
1341 3066 1432 3117 τὸν
1471 3064 1696 3133 πλησίον
1742 3064 1947 3133 τεκμή-

376 3178 508 3228 ριον.
552 3178 570 3210 ι
627 3158 964 3227 Ἀγαπήσεις
1018 3174 1126 3227 γλρ
1183 3157 1387 3229 Κύριον
1416 3158 1508 3209 τὸν
1538 3156 1669 3208 Θεόν
1726 3172 1846 3215 σου,
1888 3155 1948 3220 ἐξ

378 3251 499 3323 ὅλης
518 3253 616 3322 τῆς
648 3250 871 3320 καρδίας
896 3265 1009 3311 σου,
1041 3249 1239 3300 καὶτὸν
1265 3248 1493 3317 πλησίον
1530 3263 1643 3312 σου,
1677 3247 1751 3309 ὼς
1784 3261 1947 3299 σεαυ-

370 3344 483 3397 τόν.
529 3362 548 3395 ι
586 3341 718 3406 Καί,
769 3360 787 3392 ι
826 3340 985 3401 Πᾶςὸ
1012 3339 1160 3407 ὑψῶν
1186 3339 1396 3401 ἑαυτὸν,
1434 3338 1943 3407 ταπεινωθήσεται⁶

369 3434 399 3483 ὁ
443 3432 499 3483 δὲ
536 3429 880 3490 ταπεινώσας
936 3428 1145 3489 ἑαυτὸν,
1196 3425 1561 3496 ὑψωθήσεται.
1615 3445 1632 3477 ι
1686 3427 1848 3478 Ὥστε
1887 3427 1947 3478 τὸ

370 3521 593 3589 ἀγαπᾷν
620 3518 717 3589 τὴν
758 3519 887 3588 παρ’
918 3516 1165 3588 ἀλλήλων
1199 3518 1376 3584 δόξαν,
1409 3516 1666 3570 ἀπιστίαν
1689 3517 1943 3585 συνίστη-

374 3627 475 3663 σιν.
515 3630 533 3660 ι
573 3610 676 3660 υύ.
704 3608 932 3661 δύνασθε
974 3607 1080 3677 γὰρ
1111 3644 1125 3668 ,
1181 3606 1335 3677 φησι,
1373 3604 1650 3658 πιστεύειν
1705 3608 1782 3668 είς
1822 3606 1943 3673 ἐμὲ,

372 3700 529 3765 δόξαν
561 3699 688 3769 παρ’
719 3698 959 3769 ἀλλήλων
980 3696 1369 3768 λαμϐάνοντες,
1402 3697 1498 3751 καὶ
1531 3696 1628 3766 τὴν
1670 3696 1827 3763 δόξαν
1850 3694 1944 3747 τοῦ

377 3790 538 3862 μόνου
566 3789 700 3842 Θεοῦ
730 3792 791 3843 ού
816 3790 1123 3861 ζητοῦντες.

443 3966 547 4019 πδν.
579 3966 747 4020 Πάλιν
792 3969 825 4038 ἡ
878 3966 1165 4038 σωματικὴ
1218 3967 1404 4039 ἡδονὴ,
1449 3965 1673 4037 βρῶσις,
1729 3968 1821 4019 καὶ
1876 3965 1945 4019 τὰ

370 4057 551 4121 λοιπὰ,
580 4058 719 4111 κατὰ
748 4059 844 4129 τὴν
895 4059 1133 4129 φυσικὴν
1161 4058 1374 4128 χρῆσιν,
1400 4060 1491 4111 καὶ
1514 4057 1604 4110 τὸν
1635 4058 1797 4128 νόμον
1848 4058 1942 4111 τοῦ

369 4148 670 4211 Κτίσαντος
708 4149 1096 4219 λαμόανόμενα
1117 4190 1129 4209 ,
1170 4148 1311 4201 καλά
1331 4164 1345 4179 ’
1390 4147 1540 4223 παρὰ
1572 4148 1628 4200 δὲ
1662 4148 1752 4199 τὸν
1782 4149 1943 4218 νόμον

367 4240 461 4293 τοῦ
516 4239 676 4305 Θεοῦ,
732 4239 853 4294 καθ’
887 4240 1161 4312 ἡμετέραν
1202 4240 1426 4309 γνώμην
1463 4239 1555 4291 καὶ
1592 4240 1941 4309 παραχρησιν

366 4332 653 4400 γινόμενα,
678 4332 827 4385 κακά
845 4348 859 4361 ·
881 4328 991 4383 οἷον
1022 4330 1223 4399 βρῶσις
1246 4330 1342 4382 καὶ
1376 4329 1553 4392 πόσις,
1580 4329 1701 4384 ὅσον
1730 4330 1864 4400 πρὸς
1886 4330 1945 4385 τὸ

371 4421 470 4493 ζῇν
504 4422 599 4475 καὶ
628 4421 889 4475 σύστασιν
922 4422 1016 4473 τοῦ
1059 4422 1330 4490 σώματος,
1362 4420 1535 4473 καλά’
1568 4420 1769 4490 ὁμοίως
1797 4418 1889 4474 καὶ
1917 4424 1945 4474 ὁ

369 4512 557 4576 ῦπνος,
585 4514 680 4566 καὶ
702 4515 736 4583 ἡ
765 4512 863 4583 τῆς
886 4512 1147 4583 γυναικὸς
1178 4513 1393 4583 χρῆσις,
1416 4512 1476 4564 τὸ
1500 4512 1699 4565 εἰδέναι
1723 4513 1783 4564 τὸ
1814 4513 1943 4566 ἴδιον

372 4603 585 4669 σκεῦος,
612 4603 795 4657 καλόν.
829 4606 902 4656 Τὸ
925 4605 983 4657 δὲ
1010 4606 1145 4673 πρός
1175 4604 1366 4674 ἡδονὰς
1386 4604 1615 4671 ἀλόγους
1640 4604 1943 4675 κεχρῆσθαι

373 4694 593 4765 βρώσει,
629 4695 723 4747 καὶ
750 4696 926 4760 πόσει,
966 4700 1059 4751 καὶ
1090 4693 1337 4764 γυναιξὶν
1370 4696 1699 4766 ἀδιαφόρως,
1734 4696 1945 4764 ἀλόγων

372 4785 547 4855 δίκην,
570 4787 826 4856 πονηρόν.

446 5002 551 5049 πε’.
578 4997 679 5052 Διὰ
698 4994 792 5052 οὖν
815 5000 916 5071 τὴν
944 5000 1106 5070 κενὴν
1138 4999 1317 5065 δόξαν,
1350 5002 1444 5055 καὶ
1471 5002 1559 5055 διὰ
1586 5002 1683 5074 τὴν
1706 5004 1943 5074 ἄμετρον

370 5086 592 5158 βρῶσιν,
626 5090 721 5142 καὶ
756 5091 934 5157 πόσιν,
971 5091 1189 5154 καὶτὰς
1227 5094 1500 5159 πορνείας,
1538 5095 1567 5162 ἡ
1610 5094 1941 5165 φιλαργυρία

368 5176 571 5229 τούτων
606 5179 858 5251 ἔρεισμα,
883 5181 1167 5250 φθόνοιτε,
1198 5183 1290 5234 καὶ
1320 5182 1515 5253 ἔριδες,
1542 5186 1635 5235 καὶ
1663 5187 1939 5255 πονηρίαι,

367 5270 463 5323 καί
491 5270 706 5339 ψεῦδος,
731 5275 826 5326 καὶ
857 5275 1235 5343 συκοφαντίαι,
1274 5276 1369 5327 καὶ
1400 5276 1665 5345 ἁρπαγαὶ,
1699 5278 1793 5329 καὶ
1837 5280 1940 5345 ,φό-

369 5376 469 5426 νοι,
525 5363 621 5415 καὶ
673 5364 732 5417 τὸ
783 5365 920 5435 πρὸς
963 5365 1055 5419 τὸν
1089 5365 1316 5435 πλησίον
1369 5370 1543 5436 μῖσος.
1589 5369 1687 5420 Διὰ
1740 5368 1850 5441 γὰρ
1879 5370 1942 5422 τὸ

431 5474 479 5505 ⁸³
504 5473 694 5531 Matth.
722 5493 858 5541 χιιι,
894 5479 983 5532 57.
1060 5477 1106 5509 ⁵⁵
1140 5478 1272 5533 Luc.
1304 5495 1411 5545 xw,
1448 5482 1533 5534 ll.

2036 443 2293 497 videntur
2319 442 2509 505 nobis,
2543 439 2658 495 sive
2702 451 2921 508 prOpter
2964 440 3427 509 injucunditatem
3450 483 3464 506 ,
3496 443 3611 497 sive

2039 534 2167 602 quia
2198 540 2392 602 praeter
2420 545 2753 587 consensum
2800 540 3048 585 nostrum
3100 532 3395 597 accidunt,
3432 534 3507 586 ita
3552 540 3613 588 ut

2038 624 2419 693 voluptatibus
2444 621 2776 693 indulgendo
2802 622 3175 675 necessarium
3199 623 3441 678 laborem
3475 640 3613 696 pra:-

2043 711 2442 784 termittamus)
2474 712 2625 781 justo
2647 711 2859 781 judicio
2886 709 3030 765 Deus
3062 706 3335 778 infert,ad
3365 724 3611 772 nostram

2044 806 2333 859 utilitatem
2384 805 2657 874 castigans
2697 817 2798 858 nos
2831 821 2845 857 :
2882 810 3119 857 attamen
3150 804 3263 858 hanc
3296 806 3612 861 involunta-

2041 899 2119 951 ria
2148 898 2287 951 mala
2327 912 2356 951 a
2388 895 2717 951 voluntariis
2760 896 3017 965 pendent.
3059 895 3379 951 Voluntaria
3411 900 3613 969 quippe

2044 988 2182 1040 mala
2228 988 2600 1042 involuntaria
2641 998 2971 1057 sequuntur.
3004 987 3137 1041 Nam
3175 988 3515 1044 calamitates
3546 991 3613 1045 ad

2041 1078 2480 1133 emendationem
2545 1088 2603 1132 ut
2654 1079 2950 1149 plurimum
3013 1078 3346 1143 conferunt,
3397 1090 3455 1133 ut
3494 1096 3616 1150 qua:

2043 1170 2156 1223 sint
2198 1171 2465 1225 malorum
2520 1172 2777 1226 vindictae
2828 1180 2881 1225 et
2933 1172 3341 1241 castigationes.
3375 1170 3518 1237 Quin
3562 1183 3618 1227 et

2043 1260 2212 1314 futuri
2245 1262 2429 1315 saeculi
2471 1262 2822 1331 supplicium,
2858 1262 3111 1331 nequitize
3137 1271 3190 1315 et
3215 1263 3426 1332 peccati
3455 1262 3615 1332 plena

2044 1351 2272 1404 abolitio
2300 1359 2403 1406 est.
2428 1350 2522 1407 Vel
2552 1361 2743 1407 contra
2777 1355 2981 1422 potius,
3010 1353 3395 1422 expetentibus
3421 1362 3619 1423 praeter

2044 1450 2254 1497 natura;
2284 1443 2455 1514 legem
2485 1446 2736 1501 carnales
2765 1446 3095 1514 voluptates,
3136 1452 3190 1500 et
3221 1452 3467 1515 peccata,
3500 1462 3621 1516 qua:

2042 1548 2231 1586 earum
2283 1549 2453 1588 causa
2514 1534 2925 1599 admittuntur,
2972 1536 3303 1604 supplicium
3352 1544 3618 1601 aeternum

2044 1624 2172 1687 erit,
2211 1626 2291 1680 eis
2337 1626 2413 1679 uti
2446 1640 2556 1681 non
2602 1641 2783 1697 posse.
2826 1626 3169 1697 Supplicium
3217 1628 3421 1699 quippe
3450 1638 3533 1684 est
3560 1644 3622 1683 re

2046 1718 2340 1788 concupita
2364 1718 2640 1773 excidere.
2675 1716 2811 1773 Nam
2841 1720 3093 1789 voluptas
3126 1736 3248 1789 qua:
3279 1731 3488 1775 naturae
3515 1720 3621 1791 legi

2046 1818 2333 1879 repugnat,
2383 1818 2669 1879 peccatum
2701 1820 2829 1866 est:
2867 1821 3030 1880 atque
3068 1811 3271 1880 duplex
3313 1822 3419 1879 est,
3449 1812 3620 1865 animi

2045 1901 2255 1957 scilicet
2295 1911 2351 1955 et
2383 1904 2632 1971 corporis
2666 1918 2679 1952 :
2719 1903 2885 1955 animi
2920 1904 3165 1973 quidem,
3212 1910 3270 1956 ut
3305 1904 3491 1973 gloria:
3519 1919 3621 1958 cu-

2048 1993 2285 2061 piditas;
2318 1994 2568 2064 corporis
2596 2002 2801 2058 autem,
2842 2002 2895 2047 ut
2928 1994 3108 2059 cibus,
3147 2002 3331 2063 potus,
3373 1998 3622 2064 corporis

2048 2086 2302 2139 remissio
2332 2124 2345 2147 ,
2380 2100 2608 2140 sunmus
2632 2124 2647 2149 ,
2690 2101 2811 2139 cum
2855 2084 3077 2139 feminis
3112 2085 3445 2140 commistio.
3495 2087 3621 2141 Haec

2047 2176 2231 2229 omnia
2260 2176 2531 2229 naturalia
2561 2184 2689 2229 sunt
2730 2183 2783 2229 et
2830 2176 3006 2238 bona,
3052 2175 3097 2230 si
3129 2175 3431 2230 secundum
3471 2174 3623 2228 ordi-

2056 2282 2183 2321 nem
2220 2276 2430 2321 naturae
2456 2266 2849 2335 Creatorisque
2879 2265 3049 2332 legem
3083 2264 3216 2318 [iant
3246 2283 3259 2318 :
3294 2265 3435 2317 mala
3470 2280 3620 2332 vero,

2047 2358 2092 2411 si
2144 2366 2339 2428 prmter
2389 2356 2669 2413 Creatoris
2724 2358 2939 2427 legem,
2998 2356 3292 2425 ordinem,
3354 2371 3624 2425 usumque

2048 2458 2279 2504 naturze.

2118 2569 2205 2623 83.
2248 2566 2526 2622 Naturalis
2580 2566 2717 2621 ordo
2763 2573 2867 2627 est,
2919 2571 2978 2616 ut
3013 2562 3239 2632 gloriam
3276 2579 3397 2633 qua:
3429 2576 3459 2613 a
3512 2560 3621 2615 Deu

2046 2668 2165 2722 est,
2213 2658 2531 2727 cupiamus;
2569 2666 2813 2710 mutuam
2848 2670 2977 2709 vero
3019 2655 3086 2707 ab
3131 2654 3363 2705 invicem
3393 2652 3621 2720 gloriam

2048 2750 2324 2810 affectare,
2351 2750 2451 2801 hoc
2489 2758 2696 2802 natura:
2730 2755 3019 2815 repugnat.
3053 2743 3218 2815 464
3243 2741 3431 2796 Solum
3472 2758 3633 2796 natus

2049 2852 2158 2905 que
2196 2834 2403 2899 Deum,
2446 2836 2536 2902 qui
2589 2850 2686 2887 sua
2734 2844 2928 2885 natura
2981 2833 3208 2899 gloriam
3246 2840 3516 2894 meretur,
3555 2833 3624 2884 ab

2052 2925 2324 2979 universis
2357 2925 2624 2977 creaturis
2663 2923 2837 2992 gloria
2880 2922 3016 2974 allici
3071 2923 3263 2986 decet;
3308 2936 3410 2977 nos
3441 2930 3621 2976 autem

1974 3032 2016 3087 ο
2051 3016 2159 3071 Deo
2196 3015 2391 3084 subjici
2427 3030 2521 3085 par
2553 3022 2657 3077 est,
2685 3022 2742 3067 ut
2775 3013 3054 3068 Conditori
3077 3031 3091 3081 ;
3118 3016 3225 3067 imo
3266 3022 3456 3066 mutuo
3486 3013 3623 3068 alios

2052 3110 2174 3164 aliis
2235 3117 2469 3177 propter
2547 3106 2862 3160 Cutidiloris
2920 3107 3111 3177 legem.
3176 3105 3289 3159 Hoc
3351 3105 3621 3175 siquidem

2053 3208 2164 3252 tum
2225 3212 2351 3269 erga
2427 3196 2619 3260 Deum,
2656 3204 2771 3250 tum
2825 3211 2954 3265 erga
3026 3196 3358 3265 proximum,
3415 3194 3623 3248 amoris

2051 3297 2430 3359 argumentum
2463 3296 2568 3343 est.
2608 3306 2626 3338 ι
2688 3287 2894 3358 Diliges
2922 3288 3066 3341 enim
3116 3288 3404 3341 Dominum
3452 3286 3621 3342 Deum

2048 3395 2113 3432 ex
2191 3386 2306 3432 toto
2338 3378 2502 3432 corde.
2554 3388 2670 3443 tuo,
2723 3386 2777 3431 et
2827 3378 3143 3447 proximum
3194 3386 3346 3431 tuum
3388 3379 3533 3433 sicut
3571 3386 3624 3431 te

2050 3471 2230 3537 ipsum
2262 3467 2329 3518 “.
2368 3486 2385 3517 ι
2424 3467 2521 3522 Et:
2558 3488 2575 3519 ι
2614 3466 2806 3522 Omnis
2848 3469 2942 3537 qui
2985 3481 3045 3521 se
3092 3466 3321 3529 cxaltat,
3365 3467 3623 3520 humilia-

2051 3560 2222 3623 bitur,
2264 3567 2316 3613 et
2349 3561 2441 3628 qui
2478 3575 2537 3614 se
2589 3560 2845 3613 hutuiliat
2897 3558 3230 3613 exaltabitur
3256 3558 3323 3611 ⁸⁸.
3365 3578 3382 3610 ι
3434 3558 3625 3628 Itaque

2049 3651 2140 3718 qui
2174 3659 2375 3703 mutuae
2402 3652 2589 3719 glorim
2624 3651 2926 3719 cupiditate
2971 3652 3221 3719 ﬂagrant,
3280 3651 3623 3706 inﬁdelitatis

2047 3744 2432 3806 argumentum
2480 3737 2740 3804 produnt.
2821 3755 2837 3785 ι
2903 3734 3022 3788 Νοη
3086 3740 3316 3805 potestis
3374 3737 3620 3799 credere,

2048 3828 2225 3895 inquit
2262 3827 2539 3889 Christus,
2572 3828 2664 3894 qui
2698 3827 2927 3895 gloriam
2966 3826 3033 3878 ab
3064 3826 3300 3880 invicem
3343 3827 3623 3896 accipitis,

2046 3925 2101 3969 et
2131 3916 2362 3985 gloriam
2394 3930 2515 3983 qua:
2542 3929 2571 3967 a
2603 3916 2723 3970 solo
2754 3914 2863 3968 Deo
2884 3925 2990 3978 est,
3022 3930 3129 3968 non
3154 3914 3400 3983 quaeritis
3426 3915 3494 3969 ".
3527 3933 3548 3967 ι

2118 4004 2208 4058 84.
2244 4004 2459 4059 Rursus
2511 4007 2817 4074 corporalis
2869 4006 3144 4075 voluptas,
3182 4006 3286 4060 hoc
3317 4015 3402 4060 est
3440 4004 3620 4071 cibus,

2049 4108 2232 4167 potus,
2267 4113 2331 4151 ac
2366 4099 2600 4168 reliqua,
2640 4100 2682 4152 si
2720 4098 3019 4153 secundum
3077 4106 3291 4153 natura:
3342 4113 3507 4153 usum
3568 4106 3625 4152 et

2046 4190 2365 4243 Conditoris
2399 4190 2569 4260 legem
2618 4202 2929 4254 sumantur,
2963 4189 3106 4241 bona
3160 4196 3287 4243 sunt
3320 4206 3333 4242 :
3366 4188 3451 4244 sin
3480 4203 3624 4258 pra}-

2052 4290 2132 4333 ter
2165 4281 2257 4336 Dei
2297 4283 2494 4351 !cgem,
2547 4296 2643 4351 pro
2702 4290 2894 4335 nostro
2944 4282 3201 4345 arbitrio,
3253 4288 3308 4335 et
3336 4295 3433 4351 per
3485 4282 3621 4336 abu-

1977 4359 2022 4414 D
2053 4388 2198 4435 sum,
2236 4372 2399 4426 mala.
2444 4371 2693 4440 Exempli
2726 4372 2921 4441 gratia,
2977 4372 3137 4427 cibus
3167 4380 3221 4427 et
3264 4379 3449 4442 potus,
3482 4388 3623 4442 qua-

2053 4474 2218 4520 tenus
2270 4464 2395 4518 vitae
2442 4464 2807 4532 corporisque
2854 4464 3242 4519 sustentationi
3284 4464 3619 4524 inserviunt.

2055 4559 2197 4612 bona
2233 4564 2397 4621 sunt;
2451 4555 2706 4609 similiter
2734 4562 2787 4609 et
2819 4570 3068 4620 somnus,
3118 4570 3367 4625 ususque
3424 4557 3623 4611 mulie-

2052 4648 2153 4711 ris,
2193 4654 2252 4700 ut
2283 4647 2517 4716 quisque
2562 4661 2660 4701 vas
2708 4661 2869 4701 suum
2906 4647 3141 4710 noverit,
3173 4647 3377 4700 bonum
3408 4655 3512 4702 est.
3541 4646 3623 4699 Ad

2053 4740 2359 4805 voluptates
2406 4746 2588 4791 autem
2636 4737 2999 4791 abhorrentes
3029 4752 3057 4789 a
3091 4738 3305 4792 ratione
3360 4738 3440 4790 uti
3499 4738 3623 4790 cibo

2052 4837 2106 4882 et
2136 4836 2287 4898 potu,
2330 4842 2393 4881 ac
2448 4826 2775 4881 mulieribus
2828 4828 3143 4896 promiscue
3194 4826 3485 4881 brutorum
3541 4826 3624 4878 in-

2053 4928 2169 4973 star
2205 4920 2448 4983 misceri,
2486 4919 2714 4971 malum.

2123 5012 2211 5065 85.
2250 5012 2522 5076 Quocirca
2560 5012 2775 5063 inanem
2840 5009 3093 5078 gloriam,
3154 5022 3365 5062 necnon
3422 5006 3619 5060 immo-

2053 5102 2304 5157 deratum
2353 5102 2557 5165 cilium,
2605 5110 2659 5154 ct
2716 5109 2925 5169 potum,
2976 5098 3479 5166 scortationemque
3524 5110 3621 5149 co-

2055 5195 2320 5248 mitantur
2352 5193 2604 5255 avaritia,
2660 5206 2782 5260 qua?
2825 5192 3020 5244 horum
3069 5188 3466 5241 adminiculum
3512 5196 3618 5247 est,

2054 5285 2291 5349 invidize,
2355 5286 2507 5348 rixae,
2572 5283 2849 5352 nequitia},
2926 5278 3229 5343 mendacia,
3310 5278 3618 5340 calumnim.

2052 5376 2283 5443 rapinaa,
2349 5375 2550 5438 caedes,
2587 5382 2641 5429 et
2707 5374 2893 5428 odimn
2953 5369 3211 5441 proximi.
3295 5368 3429 5424 Nam
3487 5367 3620 5440 quia

1625 5482 1670 5514 ⁸⁸
1713 5481 1872 5536 Joau.
1899 5501 1952 5548 v,
1985 5487 2045 5541 4.

1660 5573 1889 5628 νΛΒΙίΕ
1930 5571 2336 5635 εεοτιοΝΕδν

447 5664 501 5721 .J
555 5654 703 5720 Leito
734 5655 940 5714 σκοποῦ
975 5655 1229 5715 ἀκούσια.
