3962 6202
308 203 447 270 1583

1467 203 1530 262 S.
1567 203 1599 262 J
1605 201 1807 262 OANN
1816 203 1886 262 IS
1927 205 2358 268 DAMASCENI

3431 205 3569 269 1584

301 337 319 366 ι
356 315 595 370 abundat
650 311 914 384 iniquitas
949 355 962 379 ,
1017 311 1324 384 refrigescit
1369 313 1612 368 charitas
1671 314 1879 367 multo-

1989 337 2005 368 ι
2038 317 2408 387 πληθυνθῆναι
2461 316 2558 387 τὴν
2594 317 2886 388 ἁμαρτίαν,
2929 317 3111 388 ὲψύγη
3143 320 3176 388 ἡ
3210 317 3406 386 ἀγάπη
3461 317 3572 368 τῶν

303 425 429 463 tum
451 409 518 460 ⁸⁷.
557 427 575 459 ι
608 407 784 461 Porro
814 407 1004 459 mullos
1032 404 1166 459 dixit
1201 404 1503 475 [Christus]
1536 420 1631 459 eos
1669 406 1883 460 scilicet

1989 406 2219 462 πολλῶν.
2263 427 2282 459 ι
2317 409 2598 475 Πολλοὺς
2626 409 2683 460 δὲ
2724 408 2827 477 ἔφη
2849 449 2862 470 ,
2904 409 3034 472 τοὺς
3090 411 3472 479 κεχρημένους
3501 413 3568 477 τῇ

297 503 390 573 qui
420 501 698 571 iniquitati
731 498 936 554 addicti
987 505 1137 552 sunt.
1184 497 1259 550 Ex
1297 498 1642 551 naturalibus
1672 499 1876 568 itaque,

1981 501 2203 571 ἀνομίᾳ.
2249 501 2343 553 Ἐκ
2369 501 2479 554 τῶν
2509 500 2754 570 φυσικῶν
2787 497 2879 553 οὖν
2905 500 3160 571 ἔρχονται
3187 501 3256 554 τά
3290 501 3443 572 παρά
3463 502 3568 570 φύ-

298 601 632 662 suggercnte
671 590 912 654 diabolo,
951 589 1386 657 proficiscuntur
1415 602 1479 643 ea
1509 604 1632 659 quae
1668 600 1882 644 natura:

1989 607 2086 654 σιν,
2111 592 2205 644 τοῦ
2235 591 2483 644 διαϐόλου
2510 591 2963 662 προσϐάλλοντος.

299 693 632 754 repugnant.

368 773 462 829 86.
505 773 622 826 Duo
683 787 855 842 porro
887 772 1052 827 nobis
1090 771 1412 840 adjumenta
1451 771 1518 827 ad
1552 772 1666 827 haec
1695 772 1879 827 omnia

292 873 634 935 suppetunt;
666 863 932 917 nimirum
985 869 1044 915 ut
1085 862 1196 914 vim
1247 861 1410 916 nobis
1463 861 1787 926 inferamus,
1823 871 1879 917 et

298 956 536 1012 orationi
601 955 1014 1008 incumbamus.
1079 951 1327 1008 Conatus
1385 954 1533 1007 enim
1595 961 1648 1008 et
1697 955 1878 1009 oratio

299 1045 616 1102 dilectionis
643 1061 772 1114 erga
811 1043 979 1099 Deum
1034 1055 1162 1099 sunt
1200 1043 1427 1098 indicia.
1460 1042 1594 1097 Nam
1649 1045 1878 1099 humili-

298 1147 384 1193 tas
419 1138 668 1191 oratione
695 1136 1028 1190 declaratur.
1065 1133 1221 1188 Tunc
1251 1138 1395 1190 enim
1453 1136 1546 1190 Dei
1580 1136 1878 1207 potentiam

293 1228 683 1298 imploramus,
739 1241 868 1280 cum
933 1226 1373 1280 imbecillitatem
1408 1235 1655 1281 nostram
1708 1242 1880 1298 agno-

300 1322 536 1376 scimus.
572 1319 712 1374 lllud
744 1334 912 1390 porro
951 1319 1096 1374 scire
1131 1327 1367 1389 oportet,
1419 1335 1544 1373 eum
1592 1335 1621 1372 a
1653 1331 1878 1388 peccato

289 1411 541 1475 liberari,
573 1411 666 1480 qui
693 1426 723 1464 a
754 1410 964 1480 judicio
1002 1410 1071 1464 de
1101 1409 1226 1465 aliis
1264 1409 1490 1464 ferendo
1525 1426 1583 1467 se
1615 1412 1875 1466 abstinet.

299 1503 514 1572 Quippe
573 1503 850 1556 neminem
896 1501 1168 1570 judicare,
1238 1502 1570 1556 humilitatis
1648 1503 1870 1572 signum

304 1605 409 1648 est.
441 1593 589 1647 Nihil
625 1603 810 1648 autem
847 1601 950 1658 est,
985 1595 1131 1663 quod
1167 1593 1256 1650 Dei
1292 1611 1453 1665 opem
1480 1596 1560 1650 sic
1593 1604 1873 1664 provocet.

2051 767 2170 832 υπς’,
2217 769 2360 838 Πρὸς
2395 767 2573 821 πάντα
2603 767 2775 820 ταῦτα
2798 766 2894 820 δύο
2928 769 3060 837 ἡμῖν
3093 768 3269 840 τρόποι
3298 769 3559 839 μέγιστοι

1981 861 2118 930 πρὸς
2151 860 2405 930 βοήθειαν
2425 875 2439 889 ⁸
2467 858 2526 911 τὸ
2561 858 2842 928 βιάζεσθαι
2868 861 3099 922 ἑαυτοὺς
3134 862 3227 912 καὶ
3253 862 3549 930 προσεύχε-

1982 952 2106 1006 σθαι
2131 953 2178 1004 ιι.
2216 953 2514 1022 Ἔνδειγμα
2543 952 2652 1022 γὰρ
2675 952 2898 1020 ἀγάπης
2924 951 3060 1020 πρὸς
3079 950 3169 1002 τὸν
3200 951 3345 1013 Θεὸν,
3364 955 3398 1021 ἡ
3430 954 3541 1021 βία,

1979 1047 2075 1098 καὶ
2122 1048 2156 1116 ἡ
2221 1047 2495 1116 προσευχὴ
2523 1061 2537 1075 ·
2593 1044 2857 1113 ἔνδειγμα
2906 1044 3015 1113 γάρ
3063 1041 3443 1106 ταπεινώσεως
3471 1086 3484 1107 ,
3513 1047 3552 1114 ἡ

1980 1141 2279 1209 προσευχὴ,
2327 1136 2816 1206 Ἐπιγινώσκοντες
2848 1136 2957 1206 γάρ
2989 1135 3086 1206 τὴν
3139 1135 3349 1188 οἰκείαν
3397 1136 3562 1188 aces-

1980 1246 2150 1294 νειαν,
2173 1228 2272 1299 τὴν
2301 1228 2394 1281 τοῦ
2423 1227 2559 1281 Θεοῦ
2591 1226 3007 1296 ἐπικαλούμεθα
3057 1227 3312 1296 δύναμιν.
3369 1229 3466 1279 Δεῖ
3510 1227 3567 1280 δὲ

1981 1318 2198 1380 εἰδέναι,
2223 1319 2306 1372 ὅτι
2341 1319 2402 1370 τὸ
2441 1319 2515 1388 μὴ
2551 1317 2781 1390 κρίνειν,
2808 1318 3098 1388 λυτροῦτιι
3121 1319 3230 1371 ἀπὸ
3261 1320 3566 1389 ἁμαρτίας.

1980 1413 2052 1464 Τὸ
2082 1413 2190 1482 γὰρ
2223 1412 2298 1482 μὴ
2335 1411 2564 1482 κρίνειν,
2589 1410 2974 1472 ταπεινώσεως
3002 1413 3228 1480 σημεῖον
3248 1428 3262 1440 ·
3289 1411 3445 1463 οὐδὲν
3472 1411 3566 1463 οῦς

1978 1520 2085 1567 τως
2121 1503 2512 1574 προσκαλεῖται
2539 1501 2637 1572 τὴν
2687 1502 2780 1555 τοῦ
2812 1500 2947 1566 Θεοῦ
2987 1500 3262 1571 βοήθειαν,
3297 1501 3375 1563 ὡς
3403 1503 3434 1571 ἡ
3468 1519 3567 1555 τα-

1981 1595 2263 1654 πείνωσις.
2296 1613 2314 1646 ι
2350 1594 2455 1647 Ἴδε
2477 1595 2609 1665 γὰρ,
2641 1595 2796 1664 φησὶ,
2820 1595 2922 1664 τὴν
2950 1593 3282 1647 ταπεῐνιοσίν
3314 1610 3440 1662 μου,
3472 1595 3566 1646 καὶ

299 1693 361 1739 ut
414 1685 714 1740 humilitas.
757 1704 775 1736 ι
816 1683 967 1749 Vide,
1021 1686 1225 1756 inquit,
1280 1686 1647 1741 humilitatem
1703 1702 1877 1742 meam

1989 1682 2072 1734 τὸν
2101 1681 2270 1735 κόπον
2296 1685 2395 1752 τῆς
2437 1683 2556 1752 βίας
2587 1700 2714 1752 μου,
2748 1682 2841 1735 καὶ
2867 1684 3003 1750 ἄφες
3036 1681 3215 1743 πάσας
3256 1684 3358 1744 τάς
3388 1683 3567 1753 ἁμαρ-

298 1787 356 1832 et
403 1776 646 1831 laborem
696 1783 932 1831 conatus
978 1778 1128 1831 mei:
1171 1784 1226 1831 et
1270 1776 1486 1834 dimitte
1526 1779 1710 1832 omnia
1749 1794 1877 1848 pee-

306 1880 428 1923 cata
481 1884 597 1924 mea
631 1869 698 1922 ‘3.
736 1888 753 1921 ι
784 1867 887 1922 Ει;
926 1887 944 1919 ι
995 1866 1133 1924 Vide
1184 1868 1551 1924 humilitatem
1606 1884 1780 1924 meam
1828 1878 1881 1924 et

300 1961 454 2030 eripe
481 1975 568 2014 me
583 1960 651 2026 ⁸³³,
666 1978 683 2010 ι
709 1960 965 2014 videlicet
985 1960 1053 2014 ab
1068 1969 1415 2030 oppugnante
1437 1961 1614 2022 hoste.
1634 1969 1883 2031 peccato-

301 2067 407 2120 que
435 2059 488 2104 et
516 2051 830 2120 insipientia
849 2065 986 2105 mea.
1008 2049 1311 2106 Plurimum
1330 2059 1516 2106 autem
1535 2051 1602 2106 ad
1625 2053 1879 2107 virtutem

303 2140 541 2206 confert,
569 2157 692 2196 cum
713 2141 907 2212 probis
961 2142 1543 2213 conversatio(homo
1590 2143 1734 2196 enim
1763 2142 1885 2194 imi-

304 2234 456 2286 tandi
510 2233 821 2288 studiosum
878 2245 963 2289 est
1003 2233 1274 2302 animal),
1331 2247 1644 2303 sensusque
1693 2232 1760 2285 ab
1817 2233 1882 2286 iis

302 2336 569 2386 avertere,
599 2339 835 2394 quorum
874 2323 1226 2379 consuetudo
1258 2324 1324 2377 ad
1363 2324 1557 2378 vitium
1585 2339 1687 2380 nos
1716 2323 1884 2378 exsti-

305 2418 502 2468 mulat.
557 2416 834 2480 Quantum
893 2416 1040 2470 enim
1099 2417 1168 2471 ab
1204 2416 1404 2482 oculis,
1475 2423 1690 2468 tantum
1745 2426 1797 2467 et
1851 2427 1881 2466 a

303 2504 490 2558 corde.
545 2502 780 2557 Exhinc
816 2502 960 2556 enim
1005 2518 1189 2558 rerum
1235 2504 1581 2559 sensibilium
1622 2503 1880 2557 memoria

305 2597 361 2648 in
410 2594 589 2647 anima
616 2592 964 2663 perfricatur.
1020 2592 1191 2649 Nobis
1238 2604 1420 2649 autem
1476 2593 1766 2657 incumbit,
1824 2601 1882 2648 ut

306 2693 546 2740 mentem
577 2699 606 2738 a
637 2700 825 2740 rerum
857 2685 1205 2740 sensibilium
1251 2683 1638 2740 recordatione
1671 2684 1883 2738 abstra-

307 2774 526 2837 hamus,
583 2789 694 2844 quo
746 2773 957 2828 levibus
1001 2773 1104 2829 alis
1155 2788 1282 2829 sese
1329 2773 1608 2840 attollens,
1657 2773 1725 2826 ad
1770 2774 1884 2844 spi-

307 2869 564 2925 ritualem
597 2869 769 2924 solem
797 2867 1033 2934 advolet,
1083 2875 1138 2923 et
1187 2868 1470 2924 inaccessa
1521 2875 1885 2938 nostrumque

1984 1774 2104 1838 τίας
2127 1791 2251 1845 μου.
2281 1794 2299 1825 ι
2318 1775 2449 1839 Καὶ,
2481 1793 2499 1825 ι
2528 1775 2633 1827 Ἴδε
2660 1773 2759 1845 τὴν
2782 1773 3113 1827 ταπείνωσίν
3128 1791 3253 1843 μου,
3271 1774 3368 1826 καὶ
3380 1774 3565 1838 ἐξελοῦ

1993 1882 2061 1935 με
2083 1880 2097 1895 ο
2127 1884 2144 1915 ι
2187 1850 2452 1935 δηλονότι,
2488 1866 2552 1918 ἐκ
2575 1865 2669 1918 τοῦ
2720 1864 3087 1935 πολεμοῦντός
3117 1882 3183 1935 με
3216 1865 3437 1936 ἐχθροῦ,
3474 1863 3572 1917 καὶ

1982 1957 2082 2028 τῆς
2109 1958 2378 2028 ἁμαρτίας
2431 1975 2534 2028 μου
2560 1997 2575 2022 ,
2621 1958 2715 2011 καὶ
2749 1957 3064 2028 ἀφροσύνης
3093 1975 3214 2027 μου.
3247 1958 3563 2028 Συμόάλλε-

1983 2067 2072 2101 ται
2100 2049 2157 2103 δὲ
2187 2050 2323 2121 πρὸς
2359 2049 2582 2121 ἀρετὴν,
2627 2049 2720 2102 καὶ
2753 2051 2787 2119 ἡ
2817 2050 2956 2118 μετὰ
2995 2050 3105 2102 τῶν
3151 2051 3413 2120 ὲναρέτων
3441 2051 3563 2103 δια-

1984 2145 2136 2210 γωγή
2159 2155 2173 2167 ·
2214 2142 2513 2211 μιμητικὸν
2538 2141 2644 2211 γάρ
2677 2139 2818 2204 ζῶον
2847 2142 2875 2192 ὁ
2900 2140 3191 2212 ἄνθρωπος
3211 2156 3223 2168 ⁸
3258 2143 3352 2194 καὶ
3375 2142 3435 2194 τὺ
3461 2143 3567 2194 ὰπ-

1987 2232 2207 2303 έχεσθαι
2235 2234 2334 2302 τῆς
2356 2234 2478 2286 κατ’
2519 2232 2773 2302 αἴσθησιν
2798 2231 3015 2302 ὁμιλίας
3051 2234 3160 2284 τῶν
3185 2232 3550 2304 ἐρεθιζόντων.

1987 2327 2150 2378 Ὅσον
2179 2326 2285 2394 γὰρ
2307 2325 2412 2378 ἀπὸ
2434 2324 2740 2395 ὀφθαλμοῦ,
2784 2323 3036 2378 τοσοῦτον
3061 2326 3155 2377 καὶ
3175 2325 3284 2378 ἀπὸ
3306 2325 3558 2395 καρδίας.

1985 2418 2060 2468 Δι’
2087 2415 2263 2468 αύτῶν
2310 2417 2418 2486 γάρ
2475 2419 2501 2486 ἢ
2542 2417 2728 2486 μνήμη
2757 2416 2866 2467 τῶν
2907 2415 3180 2485 αἰσθητῶν
3208 2420 3278 2487 τῇ
3306 2417 3450 2487 ψυχῇ
3490 2417 3571 2483 γί-

1984 2524 2155 2561 νεται.
2182 2507 2478 2577 Πρόκειται
2501 2507 2557 2560 δὲ
2588 2509 2741 2578 ἡμῖν,
2771 2507 3002 2578 χωρίσαι
3029 2509 3119 2562 τὸν
3150 2507 3276 2560 νοῦν
3301 2508 3403 2576 τῆς
3428 2510 3565 2578 μνή-

1987 2615 2096 2668 μης
2138 2597 2248 2650 τῶν
2301 2598 2596 2668 αἰσθητῶν,
2649 2599 2738 2652 ἵνα
2793 2599 2982 2670 κούφῳ
3046 2597 3232 2670 πτερῷ
3284 2600 3420 2670 πρὸς
3469 2599 3560 2652 τὸν

1982 2690 2173 2759 νοητὸν
2195 2681 2417 2760 ’ἀναπτῇ
2445 2690 2597 2759 ἥλιον
2628 2690 2723 2742 καὶ
2751 2689 2829 2760 τῷ
2855 2690 3134 2760 ἁπροσίτῳ
3170 2690 3264 2742 καὶ
3295 2691 3556 2760 ἀμηχάνῳ

1985 2781 2149 2834 αὑτοῦ
2180 2781 2368 2835 κάλλει
2405 2781 2783 2852 καταυγασθῇ.
2816 2781 3118 2851 Παχύνεται
3162 2781 3270 2851 γάρ
3301 2781 3424 2843 νοῦς
3456 2782 3563 2833 ὑπὸ

1985 2873 2085 2942 τῆς
2118 2874 2338 2944 μνήμης
2367 2872 2476 2926 τῶν
2505 2872 2801 2944 αἰσθητῶν,
2835 2875 2929 2926 καὶ
2960 2873 3096 2944 πρὸς
3133 2873 3275 2926 αὐτὰ
3303 2873 3566 2925 καθέλκε-

307 2970 531 3032 captum
599 2969 896 3029 superante
989 2961 1406 3031 pulchritudine
1501 2962 1877 3019 eollustretur.

1989 2981 2096 3027 ται,
2149 2965 2444 3033 ἀφίσταται
2475 2964 2576 3033 τῆς
2621 2964 3007 3034 κατανοήσεως
3059 2963 3154 3015 καὶ
3207 2961 3568 3024 ἀπολαύσεως

308 3051 462 3107 Mens
492 3053 692 3124 quippe
721 3063 913 3108 nostra
942 3067 1006 3107 ex
1047 3053 1394 3109 sensibilium
1424 3057 1688 3110 memoria
1728 3071 1882 3112 cras-

307 3143 436 3198 sitie
465 3151 776 3207 contracta,
825 3143 893 3197 ad
935 3158 999 3198 ea
1053 3143 1404 3213 deprimitur,
1458 3155 1628 3215 atque
1678 3162 1710 3200 a
1758 3148 1880 3217 pul-

309 3234 643 3290 chritudinis
678 3235 828 3289 illius
859 3249 981 3304 quae
1014 3235 1130 3289 sola
1159 3242 1340 3289 mente
1392 3235 1716 3306 percipitur,
1761 3253 1887 3292 eon-

1989 3055 2083 3109 τοῦ
2109 3056 2302 3125 νοητοῦ
2330 3054 2581 3116 κάλλους.
2620 3072 2639 3104 ι
2682 3053 2871 3115 Οὐδεὶς
2909 3053 3015 3122 γὰρ
3040 3051 3265 3104 δύναται
3314 3051 3439 3104 δυσὶ
3470 3068 3568 3102 κυ-

1991 3147 2129 3219 ρίοις
2173 3145 2468 3200 δουλεύειν.
2518 3163 2537 3196 ι
2590 3144 2742 3196 Ἒθει
2780 3141 3136 3213 κατορθοῦσιν
3185 3143 3234 3194 οἱ
3287 3142 3569 3210 ἀνθρωττοι

1991 3241 2172 3292 πᾶσαν
2199 3237 2417 3306 τέχνην,
2447 3236 2540 3289 καὶ
2562 3237 2818 3304 ἐπιμονῇ,
2855 3234 2950 3286 καὶ
2976 3232 3088 3302 βίᾳ.

292 3327 662 3394 .templatione
747 3336 801 3380 et
863 3327 1216 3395 possessione
1281 3336 1620 3384 removetur.
1681 3330 1901 3401 «Nemo
1963 3334 2107 3389 enim
2160 3338 2340 3401 potest
2395 3329 2610 3384 duobus
2665 3326 2906 3381 dominis
2956 3324 3119 3396 465
3177 3326 3385 3379 servire
3436 3324 3500 3378 ‘°.
3541 3342 3562 3374 ι

303 3415 746 3478 .Consuetudiue,
779 3416 1096 3479 tolerantia,
1131 3424 1183 3469 et
1209 3426 1413 3471 conatu
1460 3419 1708 3488 cujusvis
1740 3425 1878 3479 artis
1915 3425 2309 3496 perfectionem
2344 3423 2732 3493 adipiscuntur
2755 3420 3032 3474 homines.

383 3510 472 3564 87.
526 3507 872 3579 Quapropter
925 3523 1024 3579 per
1074 3509 1184 3564 vim
1233 3517 1289 3566 et
1359 3520 1640 3578 conatum,
1699 3518 1794 3587 qui
1852 3533 1884 3573 a

311 3601 579 3658 charitate
629 3599 1040 3671 proficiscatur,
1078 3616 1177 3671 per
1231 3603 1544 3660 orationem
1579 3623 1741 3678 quam
1778 3609 1885 3664 hu-

314 3691 786 3758 militasexeitet,
827 3707 890 3747 ac
924 3707 1022 3762 per
1051 3707 1234 3748 rerum
1271 3695 1642 3763 sensibilium,
1670 3714 1889 3754 eorum-

314 3800 422 3856 que
472 3784 567 3858 qui
625 3782 994 3854 negligentius
1042 3783 1256 3848 vivunt,
1324 3783 1530 3855 fugam,
1610 3790 1886 3845 neminem

311 3875 646 3943 iudicantes,
704 3873 953 3944 quinimo
1002 3887 1096 3941 per
1142 3873 1532 3942 humilitatem,
1587 3887 1886 3934 consuetu-

315 3967 609 4035 dinemque
661 3965 956 4028 bonorum,
987 3973 1042 4019 et
1077 3964 1470 4030 obedientiam,
1517 3967 1760 4022 salutent
1786 3984 1887 4024 no-

315 4065 488 4110 stram
526 4068 841 4121 operemur,
891 4053 1100 4123 absque
1147 4053 1280 4118 ulla,
1317 4053 1435 4110 sive
1465 4057 1887 4127 cogitationum,

317 4148 431 4202 sive
481 4145 774 4202 alfectuum
815 4145 1209 4202 occultatione.
1249 4143 1386 4199 illud
1437 4148 1638 4217 quippe
1689 4149 1891 4203 malum

317 4238 460 4307 quod
494 4238 773 4293 occultum
802 4245 908 4292 est.
928 4235 1045 4291 Lux
1071 4251 1199 4291 vero
1227 4245 1331 4301 est,
1359 4238 1625 4308 quidquid
1647 4239 1703 4293 in
1733 4253 1892 4309 aper-

319 4338 432 4383 tum
466 4329 667 4399 prodit.
699 4329 893 4398 Neque
928 4327 1076 4384 enim
1111 4342 1342 4398 serpens
1373 4328 1440 4382 ad
1494 4331 1665 4385 solem
1692 4332 1891 4402 gignit,

319 4419 416 4473 sed
457 4421 512 4472 in
546 4415 798 4472 cavernis
827 4435 840 4471 :
878 4430 986 4472 nec
1015 4431 1201 4472 semen
1246 4430 1412 4485 super
1445 4425 1649 4471 terram
1679 4418 1889 4486 jacens,

322 4511 417 4564 sed
454 4511 558 4565 sub
586 4517 732 4563 terra
790 4507 967 4562 latens
1014 4506 1237 4562 crescit.
1270 4505 1360 4561 Sic
1407 4507 1564 4562 malae
1603 4509 1891 4579 cogitatio-
1922 4503 1967 4558 Ι)

315 4617 440 4667 nes,
472 4616 597 4657 cum
636 4601 690 4653 in
743 4605 995 4668 apertum
1047 4597 1274 4653 minime
1324 4597 1703 4668 proferuntur,
1773 4600 1888 4656 fru-

317 4700 445 4749 ctus
478 4691 530 4744 in
561 4688 975 4759 corruptionem
1006 4686 1181 4742 edunt
1208 4704 1222 4740 :
1262 4687 1419 4742 bonae
1451 4703 1580 4744 vero
1627 4691 1682 4744 in
1719 4691 1888 4744 vitam

318 4790 602 4846 aeternam,
632 4794 739 4849 qua
778 4779 942 4834 nobis
977 4779 1236 4835 omnibus
1282 4779 1494 4850 perfrui
1529 4781 1887 4847 concedatur,

325 4889 418 4941 per
442 4873 670 4945 gratiam
728 4870 943 4926 Domini
995 4871 1171 4926 nostri
1216 4871 1347 4926 Jesu
1379 4871 1606 4938 Christi,
1641 4874 1730 4928 cui
1763 4888 1889 4928 cum

325 4963 485 5020 Patre
508 4973 563 5020 et
588 4962 800 5034 Spiritu
843 4971 1038 5018 sancto
1075 4963 1253 5018 honor
1299 4972 1353 5018 et
1387 4964 1560 5034 gloria
1607 4964 1703 5028 sit,
1745 4979 1891 5018 nime

325 5062 380 5107 et
419 5068 632 5125 semper
664 5063 719 5109 et
749 5054 804 5108 in
837 5054 1037 5109 saecula
1063 5052 1416 5110 saeculorum.
1449 5052 1645 5108 Amen.

402 5229 422 5260 ⁸
477 5227 670 5286 Matth.
697 5245 850 5296 xxrv,
894 5228 978 5284 ιε.
1059 5229 1103 5260 ⁵⁸
1146 5227 1293 5284 Psal.
1326 5243 1474 5293 xxiv,
1528 5227 1611 5282 l8.

2060 3521 2168 3586 πζ’.
2201 3521 2300 3574 Διὰ
2337 3520 2458 3591 βίας
2490 3519 2582 3572 οῦν
2610 3519 2710 3588 τῆς
2742 3518 2801 3581 ἐξ
2851 3516 3074 3585 ἀγάπης
3105 3515 3406 3586 γινομένης,
3456 3516 3555 3567 καὶ

1988 3612 2318 3683 προσευχῆς,
2353 3611 2451 3680 τῆς
2483 3611 2548 3662 ὲκ
2579 3607 2980 3669 ταπεινώσεως,
3014 3606 3109 3659 καί
3131 3606 3418 3675 άποφυγῆς
3449 3606 3556 3657 τῶν

1987 3703 2283 3774 αἰσθητῶν,
2334 3704 2431 3756 καὶ
2478 3701 2574 3754 τοῦ
2627 3702 2820 3769 φυγεῖν
2863 3699 2962 3769 τὴν
3020 3697 3130 3750 τῶν
3177 3697 3562 3768 άμελεστέρων

1989 3795 2324 3864 συνοίκησιν,
2377 3792 2471 3847 καὶ⁵
2515 3790 2607 3844 τοῦ
2645 3791 2720 3860 μὴ
2768 3790 2995 3860 κρίνειν,
3023 3789 3120 3841 καὶ
3153 3788 3560 3850 ταπεινώσεως,

1989 3885 2200 3953 καὶτῆς
2225 3881 2334 3934 τῶν
2373 3880 2644 3951 ἑναρέτων
2672 3877 3135 3947 συναναστροφῆς,
3168 3878 3262 3930 καὶ
3293 3877 3562 3945 ὑπακοῆς.

1987 3974 2085 4044 τὴν
2112 3970 2320 4024 ἑαυτῶν
2343 3967 2615 4038 σωτηρίαν
2648 3962 3148 4034 κατεργασώμεθα’
3185 3964 3262 4033 μὴ
3289 3962 3565 4031 κρύπτον-

1987 4075 2076 4126 τες
2110 4063 2234 4125 τοὺς
2274 4061 2586 4131 λογισμοὺς,
2616 4058 2709 4112 καὶ
2737 4058 2803 4110 τά
2833 4059 2889 4109 ὲν
2927 4057 3062 4127 ἡμῖν
3092 4055 3260 4125 πάθη.
3309 4055 3426 4106 Πᾶν
3457 4052 3564 4123 γάρ

1991 4155 2255 4224 κρυπτὸν,
2276 4151 2512 4223 φαῦλονο
2537 4151 2598 4204 τὸ
2638 4151 2695 4204 δὲ
2744 4146 3168 4219 φανερούμενον,
3226 4147 3342 4215 φῶς
3391 4148 3562 4197 ἐστιν.

1994 4249 2068 4302 Oti
2099 4248 2208 4318 γάρ
2246 4247 2410 4316 γεννᾷ
2448 4244 2571 4314 ὄφις
2611 4244 2669 4296 ὲν
2710 4241 2866 4312 ἡλίῳ,
2898 4239 3012 4294 ἀλλ’
3043 4241 3100 4292 ὲν
3156 4238 3412 4306 φωλεοῖς·
3440 4235 3562 4287 οὐδὲ

1996 4339 2194 4409 σπόρος
2245 4335 2463 4400 αὐξάνει
2509 4333 2651 4405 ὑπὲρ
2696 4333 2799 4404 γῆν
2838 4333 3106 4401 κείμενος,
3143 4329 3257 4382 ἀλλ’
3301 4327 3405 4379 ὑπὸ
3455 4325 3562 4394 γῆν

1993 4430 2387 4502 κρυπτόμενος.
2440 4424 2597 4479 Οῦτω
2648 4424 2741 4476 καὶ
2797 4425 2846 4476 οἰ
2899 4421 3126 4492 πονηροὶ
3180 4416 3430 4486 λογισμοὶ
3486 4415 3563 4484 μὴ

1994 4519 2462 4592 δημοσιευόμενοι,
2504 4513 2944 4586 καρποφοροῦσιν
2987 4513 3067 4574 εἰς
3099 4510 3334 4581 φθοράν,
3375 4508 3470 4560 καλ⁸
3513 4509 3561 4558 οἰ

1996 4610 2209 4680 ἀγαθοὶ,
2232 4610 2309 4671 εἰς
2338 4606 2482 4678 ζωὴν
2505 4605 2745 4660 αἰώνιον.
2774 4598 2880 4666 ⁷Ης
2909 4602 3124 4669 γένοιτο
3175 4602 3381 4661 πάντας
3412 4599 3562 4666 ἡμᾶς

1996 4703 2296 4770 ἐπιτυχεῖν,
2321 4699 2504 4770 χάριτι
2529 4695 2622 4748 τοῦ
2657 4693 2863 4764 Κυρίου
2897 4692 3057 4763 ἡμῶν
3091 4690 3267 4760 Ἰησοῦ
3299 4688 3561 4760 Χριστοῦ,

2000 4789 2119 4860 μεθ’
2147 4785 2206 4843 οῦ
2225 4787 2302 4857 τῷ
2324 4785 2499 4856 Πατρὶ
2521 4781 2716 4854 ἠδόξα,
2741 4780 2856 4851 ἅμα
2875 4779 2952 4850 τῷ
2979 4776 3120 4848 ἁγίῳ
3149 4773 3448 4844 Πνεύματι,
3470 4773 3565 4824 νῦν

1999 4879 2091 4933 καὶ
2115 4879 2221 4944 ἀεὶ,
2255 4876 2349 4931 καὶ
2378 4875 2459 4938 εἰς
2482 4874 2608 4936 τοὺς
2629 4871 2833 4934 αἰῶνας
2862 4869 2971 4923 τῶν
3001 4866 3230 4922 αἰώνων.
3262 4864 3456 4935 Ἀμήν.

1693 5226 1737 5257 ⁵³
1784 5223 1928 5279 Psal.
1959 5237 2152 5285 cxvtu,
2197 5223 2316 5276 155.
2394 5223 2438 5253 ⁶⁹
2471 5218 2658 5274 Matth.
2694 5233 2768 5280 vr,
2796 5215 2890 5270 25.

1583 5359 1816 5417 VARUE
1859 5356 2254 5415 LECTIONES.

397 5455 429 5498 Β
450 5452 611 5510 Deest
639 5455 731 5508 xui.
763 5453 1159 5528 προσεύχεσθαι
1195 5455 1247 5509 in
1284 5453 1454 5510 Basil.
1533 5513 1536 5517 ,

1913 5563 1983 5579 ’νυ
