3962 6202
406 272 424 340 i
439 272 541 344 587

403 491 610 546 creavit
641 488 883 546 Verbum
915 490 1005 544 Dei
1037 496 1092 544 et
1122 487 1424 560 Spiritum?
1452 490 1607 557 Quod
1642 492 1687 546 si
1734 493 1980 546 necessi-

403 595 514 640 tate
533 591 758 639 coactus
789 582 1151 652 responderit,
1187 581 1329 636 Deus
1361 582 1477 650 ipse
1517 585 1742 647 creavit,
1777 592 1891 636 tum
1919 591 1972 634 ιιι

402 689 596 729 rursus
629 693 643 728 :
673 674 819 742 Ergo
857 679 1150 740 antequam
1193 671 1336 725 Deus
1367 671 1571 725 crearit
1617 670 1881 740 Spiritum
1926 679 1980 726 et

403 764 664 827 Verbum,
727 779 835 818 non
894 762 1085 816 habuit
1147 761 1412 831 Spiritum
1480 777 1658 831 neque
1708 757 1976 816 Verbum.

399 857 558 923 Quod
596 870 719 910 cum
759 853 996 907 audierit
1031 851 1201 922 fugiet
1232 868 1260 904 a
1296 863 1366 917 te,
1414 868 1521 905 non
1574 851 1784 905 habens
1833 851 1979 921 quod

401 947 748 1018 respondeat.
781 944 1163 1014 Disceptantes
1189 945 1334 998 enim
1368 952 1496 999 sunt
1525 945 1664 998 tales
1704 944 1846 1014 apud
1875 943 1977 997 Sa-

399 1055 648 1104 racenos,
682 1047 735 1093 et
759 1037 982 1091 omnino
1011 1037 1404 1091 abominabiles
1435 1046 1487 1090 et
1519 1037 1736 1104 alijecti.

466 1131 520 1184 2.
553 1129 709 1196 Quod
763 1129 807 1182 si
861 1143 993 1182 vero
1046 1135 1103 1181 tu
1167 1128 1538 1195 interrogatus
1591 1142 1618 1179 a
1679 1128 1978 1195 Saraceno,

396 1221 572 1277 Verba
601 1221 692 1276 Dei
724 1229 905 1274 creata
933 1228 1085 1282 sunt,
1113 1234 1183 1272 an
1213 1219 1454 1272 increata
1473 1218 1498 1270 ?
1517 1219 1629 1273 haec
1659 1221 1803 1274 enim
1852 1237 1979 1290 pro-
2040 1219 2049 1227 ”

397 1318 608 1380 ponunt
635 1310 932 1363 adversum
965 1322 1066 1362 nos
1095 1309 1354 1362 Saraceni
1386 1308 1751 1378 problemata,
1790 1321 1980 1378 poten-

397 1403 507 1454 tius
538 1400 783 1454 volentes
813 1396 1123 1462 ostendere,
1147 1405 1391 1452 creatum
1423 1413 1544 1452 esse
1571 1396 1807 1454 Verbum
1842 1400 1934 1454 Dei
1961 1418 1974 1454 :

397 1491 540 1560 quod
584 1505 691 1544 non
723 1499 805 1544 est
831 1505 844 1540 :
875 1498 928 1543 et
960 1489 1004 1543 si
1036 1488 1206 1552 dicas,
1239 1488 1434 1542 Creata
1461 1506 1474 1552 ;
1505 1489 1646 1542 dicet
1679 1491 1776 1543 tibi
1805 1509 1816 1543 :
1846 1489 1980 1549 Ecce

396 1583 536 1637 dicis
561 1589 807 1636 creatum
843 1578 932 1632 Dei
970 1577 1232 1634 Verbum.
1265 1578 1322 1634 Si
1346 1588 1524 1634 autem
1557 1580 1734 1644 dicas,
1761 1581 1976 1636 lncrea-

398 1688 486 1741 ta;
520 1677 703 1729 statim
748 1680 1000 1726 occurret
1041 1672 1136 1724 tibi
1174 1689 1185 1723 :
1225 1671 1361 1725 Ecce
1395 1674 1577 1724 omnia
1625 1673 1840 1740 eloquia
1881 1656 1973 1728 Dei

394 1776 576 1820 creata
628 1772 792 1824 sunt,
830 1761 919 1814 -dii
973 1777 1101 1816 vero
1137 1778 1244 1814 non
1284 1773 1431 1815 sunt.
1474 1761 1537 1815 Et
1566 1779 1691 1817 ecce
1740 1764 1922 1818 fateris
1951 1805 1964 1828 ,
2010 1749 2052 1804 Β

394 1847 654 1925 quoniam
705 1853 959 1908 Christus
1008 1867 1130 1906 cum
1174 1853 1410 1906 Verbum
1449 1853 1519 1906 sit
1555 1852 1686 1917 Dei,
1734 1871 1840 1908 non
1895 1863 1977 1910 est

397 1947 562 2002 Deus.
615 1945 959 2014 Quapropter
992 1961 1170 2014 neque
1211 1954 1394 2000 creata
1440 1945 1627 2009 dicas,
1681 1962 1856 2015 neque
1894 1949 1978 2000 in-

393 2046 630 2094 creata:
685 2037 777 2090 sed
832 2037 915 2092 sic
967 2035 1237 2105 responde
1287 2038 1332 2089 ei
1366 2055 1379 2090 :
1418 2038 1531 2106 Ego
1572 2053 1739 2091 unum
1799 2038 1975 2092 solum

401 2128 634 2186 Verbum
669 2129 762 2184 Dei
785 2129 1072 2192 conﬁteor,
1102 2128 1248 2198 quod
1288 2129 1586 2182 incrcatum
1619 2129 1689 2182 sit
1721 2143 1975 2182 :omncm

395 2233 575 2278 autem
620 2222 961 2293 Scripturam
999 2235 1109 2275 non
1161 2220 1285 2276 dico
1319 2220 1496 2287 λόγια,
1545 2222 1598 2275 id
1633 2231 1737 2285 est,
1774 2219 1926 2274 verba
1958 2236 1976 2273 :

393 2316 490 2371 Sed
519 2316 764 2385 ῥήματα,
799 2314 851 2366 id
879 2323 963 2368 est
992 2329 1256 2366 sermones
1287 2312 1401 2367 Dei.
1422 2313 1487 2365 Et
1521 2312 1831 2368 Saracenus
1863 2332 1874 2366 :
1916 2311 1979 2366 Et

394 2407 631 2476 qualiter
661 2406 793 2457 dicit
849 2403 1065 2457 David:
1122 2423 1139 2454 ι
1180 2403 1413 2473 Eloqnia
1469 2403 1703 2466 Domini,
1756 2405 1975 2472 clmluia

395 2507 549 2552 casta
582 2497 639 2549 '?
674 2515 691 2546 ι
729 2494 824 2548 Dic
868 2497 939 2558 ei,
1006 2493 1150 2562 quod
1183 2496 1516 2564 tropologice
1554 2497 1769 2549 locutus
1801 2496 1888 2554 sit,
1923 2501 1976 2548 et

397 2603 507 2644 non
533 2587 862 2659 cyriologice
880 2586 907 2626 δ
933 2584 1394 2658 [κυριολογικῶς],
1420 2585 1471 2638 id
1500 2595 1584 2640 est
1620 2601 1726 2638 non
1753 2585 1973 2654 prOpria

395 2685 450 2732 et
499 2679 653 2732 ﬁrma
699 2678 992 2732 verborum
1031 2677 1452 2747 signiﬁcatione.
1521 2676 1585 2728 Et
1620 2676 1971 2730 Saracenus:

397 2768 541 2834 Quid
575 2775 659 2823 est
691 2767 1000 2838 tropologia
1048 2776 1101 2822 et
1131 2766 1470 2836 cyriologia?
1505 2765 1796 2834 Responde
1829 2781 1843 2816 :
1871 2765 1976 2836 Cy-

395 2859 628 2928 riologia
660 2848 881 2929 quidem
921 2867 1010 2914 est.
1055 2856 1211 2911 ﬁrma
1245 2867 1300 2910 et
1332 2864 1482 2908 certa
1521 2857 1595 2910 rei
1627 2856 1976 2910 demonstra-

399 2950 520 3003 tio:
560 2949 868 3018 tropologia
925 2957 1107 3002 autem
1165 2945 1377 3000 inﬁrma
1443 2947 1859 2999 demonstratio.
1917 2945 1980 2999 Et

399 3036 710 3092 Saracenus
755 3056 765 3090 :
805 3036 1161 3108 Contingitne
1218 3035 1546 3103 Prophetam
1606 3037 1832 3105 proprio
1876 3050 1977 3089 suo

397 3129 662 3184 instinctu
721 3129 866 3197 loqui
899 3125 963 3181 οἳ
993 3128 1090 3181 Dic
1143 3129 1248 3197 ipsi
1278 3145 1290 3180 :
1321 3126 1674 3182 Consuetudo
1713 3137 1797 3182 est
1851 3141 1975 3195 pro-
2005 3109 2050 3168 (ἶ

399 3222 685 3288 phetarum
743 3218 1085 3286 tropologice
1134 3218 1326 3286 loqui:
1363 3217 1527 3286 quale
1576 3218 1678 3272 hoc
1712 3238 1726 3271 :
1765 3235 1783 3267 ι
1827 3216 1976 3272 Mare

399 3311 534 3364 vidit
563 3321 616 3364 et
647 3310 786 3378 fugit
815 3312 888 3361 ’.ι
931 3309 1071 3364 Ecce
1103 3325 1254 3365 mare
1289 3312 1482 3365 oculos
1518 3326 1624 3363 non
1665 3310 1846 3373 habet,
1887 3326 1979 3363 ne-

395 3411 505 3468 Que
534 3408 618 3452 est
648 3398 976 3451 animatum.
1007 3396 1072 3449 Et
1108 3415 1304 3454 rursus
1333 3400 1473 3453 idem
1517 3399 1788 3468 PrOpheta
1824 3401 1978 3453 velut
2070 3396 2074 3400 ’

399 3487 700 3541 animatum
734 3485 913 3556 ipsum
939 3485 1275 3555 alloquitur:
1315 3505 1333 3537 I
1372 3486 1512 3552 Quid
1547 3495 1630 3541 est
1653 3488 1772 3552 tibi,
1803 3502 1973 3554 mare,

384 3577 545 3647 quod
571 3575 779 3645 fugisti,
822 3596 840 3628 ι
878 3585 934 3630 et
965 3581 1086 3646 qna;
1119 3586 1447 3645 sequuntur.
1486 3575 1553 3630 Et
1579 3593 1774 3632 rursus
1800 3588 1978 3634 osten-

399 3668 576 3723 ‘siVum
631 3667 1033 3735 suppositionis
1062 3665 1113 3719 ἀ.
1151 3666 1292 3721 Dicit
1325 3668 1472 3722 enim
1515 3667 1660 3722 Deus
1691 3667 1757 3722 ad
1794 3667 1929 3724 Cain
1961 3688 1975 3724 :

406 3781 424 3812 ι
465 3759 789 3814 Maledictus
822 3768 878 3814 tu
911 3774 938 3812 a
965 3769 1131 3824 terra,
1160 3759 1322 3830 467
1353 3776 1474 3829 quae
1497 3763 1707 3829 aperuit
1732 3777 1792 3815 os
1815 3777 1977 3816 suum

398 3853 684 3922 suscipere
716 3853 1038 3920 sanguinem
1076 3852 1264 3907 fratris
1319 3857 1392 3905 lui
1453 3854 1522 3908 de
1580 3869 1748 3908 manu
1805 3865 1918 3909 tua.
1954 3874 1972 3906 ι

397 3941 543 3997 Ecce
583 3942 655 3996 ibi
687 3942 1035 4012 tropologice
1069 3941 1206 3995 dixit
1235 3959 1312 3997 os.
1354 3942 1457 3998 Et:
1497 3963 1514 3995 ι
1554 3944 1788 4001 Gladius
1824 3962 1979 4002 meus

400 4033 691 4089 devorabit
749 4047 944 4088 carnes
971 4035 1014 4086 ³.
1058 4053 1076 4084 ι
1109 4033 1336 4089 Gladius
1385 4035 1531 4089 enim
1574 4037 1799 4103 scindit,
1868 4053 1977 4092 non

398 4122 646 4193 deglutit.
683 4123 777 4178 Sic
801 4131 854 4179 et
885 4126 1127 4194 ῥήματα,
1160 4125 1212 4178 id
1257 4132 1361 4188 est,
1397 4141 1680 4191 sermones,
1728 4127 1977 4182 dicibiles

396 4221 453 4270 et
488 4199 754 4279 effabiles,
798 4215 938 4270 dixit
981 4215 1159 4284 λόγια,
1200 4217 1255 4269 id
1285 4223 1370 4272 est
1399 4215 1577 4279 verba,
1617 4217 1668 4272 id
1700 4229 1807 4280 est,
1837 4222 1977 4273 inte-

397 4305 516 4358 rius
538 4304 715 4359 solum
750 4304 806 4356 in
840 4312 1044 4367 mente,
1078 4319 1172 4360 seu
1211 4305 1423 4360 ratione
1469 4306 1731 4371 formata,
1764 4307 1857 4361 sed
1896 4312 1978 4375 (ut

1582 282 1660 342 'S.
1700 281 2020 342 JOANNIS
2059 280 2492 341 DAMASCENI

401 411 523 450 esse
571 392 813 448 Verbum
870 400 924 448 et
977 391 1264 464 Spiritum,
1317 401 1432 448 tum
1490 407 1710 466 quaere:
1750 396 1812 450 Et
1851 397 1976 467 quis
2007 403 2053 460 Α

3549 264 3676 324 1588

2182 399 2209 450 ό
2239 397 2410 465 Λόγος
2449 397 2699 460 ᾰτκιστος
2730 388 3048 468 [λέγεταμῆ
3096 397 3316 464 κτιστός
3346 411 3370 440 ι
3394 397 3437 470 ς]

2083 705 2271 770 nisi;
2308 705 2490 760 ἔκτισε
2519 705 2610 760 τὸν
2647 706 2826 775 Λόγον
2859 707 2954 760 τοῦ
2977 706 3114 760 Θεοῦ
3139 708 3235 762 καὶ
3248 709 3307 761 τὸ
3332 710 3470 764 11νεῦ
3482 725 3672 777 μοις...

2083 843 2188 916 πρὸ
2223 839 2315 897 οὖν
2341 844 2525 897 κτίσαι
2544 843 2635 896 τὸν
2668 843 2821 906 Θεὸν,
2853 844 3027 911 Λόγον
3073 844 3170 896 καὶ
3205 843 3437 912 Πνεῦμα,
3463 845 3579 914 ἄρα
3595 839 3670 914 ἧν

2082 938 2249 1008 χωρὶς
2281 936 2456 1004 Λόγου
2486 935 2581 988 καὶ
2603 934 2945 1004 Πνεύματος,

2083 1333 2149 1384 τὰ
2171 1331 2323 1398 λόγια
2361 1330 2566 1400 Κυρίου
2602 1331 2796 1382 κτιστὰ
2829 1329 3020 1399 εἰσινῆ
3052 1330 3281 1383 amna
3309 1351 3323 1398 ;
3359 1330 3534 1384 ταῦτα
3559 1335 3672 1402 γὰρ

2084 1423 2496 1494 προϐάλλονται.
2558 1463 2571 1476 .
2614 1462 2627 1476 .
2673 1462 2686 1476 .
2732 1463 2745 1476 .
2805 1422 3048 1484 θέλοντες
3111 1422 3391 1486 ἁπώεἷξαι
3451 1422 3674 1474 amo-tow

2083 1515 2222 1570 εἶναι
2240 1516 2330 1568 τὸν
2355 1516 2526 1583 Λόγον
2551 1514 2647 1568 τοῦ
2681 1513 2841 1576 Θεοῦ,
2865 1513 3004 1584 ὅπερ
3025 1513 3124 1566 οὐκ
3153 1514 3321 1566 ἐστιν.
3346 1513 3412 1564 Εἰ
3445 1514 3543 1581 μὲν
3560 1512 3673 1581 γὰρ

2084 1608 2265 1677 εἴπῃς,
2297 1607 2503 1660 Κτιστόι
2528 1607 2665 1658 εἰσιν
2697 1622 2710 1636 ο
2744 1605 2888 1657 circa:
2921 1617 3022 1657 σοι.
3064 1643 3079 1657 .
3122 1645 3134 1657 .
3177 1644 3190 1657 .
3237 1641 3252 1656 .
3295 1606 3344 1656 εἰ
3377 1603 3434 1654 δὲ
3486 1605 3669 1672 εἴπῃς,

2084 1700 2343 1764 ἄκτιστα,
2377 1699 2493 1765 ἐρεῖ
2547 1713 2664 1749 σοι’
2697 1696 2780 1748 ὅτι
2823 1696 2932 1748 ἰδοὺ
2976 1696 3153 1747 πάντα
3196 1693 3355 1761 λόγια
3404 1693 3543 1746 Θεοῦ
3570 1694 3674 1744 ὐπ-

2088 1792 2342 1859 ἀρχοντα,
2387 1788 2580 1841 κτιστόι
2609 1788 2709 1858 μὲν
2740 1787 2867 1851 εἰσὶ,
2907 1787 3020 1840 θεοὶ
3041 1787 3097 1839 δὲ
3140 1787 3240 1838 οὐκ
3264 1786 3404 1838 εἰσί’
3429 1787 3522 1836 καὶ
3557 1785 3676 1837 ἰδοῦ

2088 1885 2150 1935 σὺ
2192 1882 2496 1951 ὁμολογεῖς,
2556 1881 2638 1932 ὅτι
2705 1882 2733 1931 ό
2789 1879 3026 1948 Χριστος
3077 1877 3152 1930 ὣν
3187 1878 3359 1944 Λόγος
3383 1877 3476 1929 τοῦ
3509 1875 3669 1936 Θεοῦ,

2084 1973 2183 2024 οὐκ
2203 1970 2318 2023 ἔστι
2344 1969 2476 2032 Θεός
2500 1965 2514 2000 ⁵
2539 1969 2618 2021 διὸ
2635 1969 2773 2038 μήτε
2795 1968 3011 2032 κτιστὰ,
3036 1969 3218 2036 εἴπῃς,
3253 1968 3389 2036 μήτε
3411 1967 3665 2019 ἄκτιστα·

2084 2061 2338 2113 ἁλλέἰπὲ
2384 2060 2532 2129 αὐτῷ
2566 2075 2578 2088 °
2628 2057 2770 2127 Ἐγὼ
2802 2059 2898 2111 ἕνα
2949 2059 3112 2128 μόνον
3170 2058 3335 2123 Λόγον
3371 2056 3468 2107 τοῦ
3523 2053 3667 2107 Θεοῦ

2084 2153 2332 2223 ὁμολογῶ
2352 2154 2611 2208 ἄκτιστον
2655 2151 2786 2204 ὄντα
2811 2167 2822 2179 ·
2877 2151 2976 2220 τὴν
3005 2148 3063 2203 δὲ
3096 2152 3271 2203 πᾶσαν
3297 2148 3397 2219 τὴν
3440 2149 3670 2217 regem

2089 2262 2214 2315 μου,
2231 2244 2291 2296 οὐ
2314 2243 2458 2310 λέγω
2482 2239 2662 2309 λόγια,
2681 2240 2819 2295 ἀλλὰ
2858 2241 3079 2312 ῥήματα
3100 2239 3258 2292 Θεοῦ.
3295 2239 3401 2290 Καὶ
3427 2240 3455 2290 ὁ
3488 2239 3665 2305 Σαρα-

2085 2337 2268 2404 κηνός.
2291 2335 2402 2388 Καὶ
2420 2333 2536 2397 πῶς
2552 2333 2699 2401 λέγει
2723 2336 2748 2386 ὁ
2763 2333 2924 2386 Δαϐὶδ
2947 2332 3079 2384 ἀτὰ
3096 2331 3252 2398 λόγια
3273 2331 3490 2400 Κυρέου,
3503 2324 3661 2392 λόγια

2083 2425 2259 2493 ἁγνά;
2298 2445 2316 2476 ι
2355 2466 2367 2478 .
2410 2465 2423 2478 .
2468 2464 2480 2476 .
2555 2426 2583 2476 ό
2632 2425 2924 2495 Προφήτης
2972 2420 3401 2494 τροπολογικῶς,
3455 2421 3547 2471 καὶ
3602 2419 3664 2470 οὗ

2085 2514 2480 2584 κυριολογικῶς
2516 2515 2565 2567 b.
2603 2553 2616 2566 .
2651 2554 2664 2566 .
2696 2551 2712 2567 .
2747 2554 2762 2568 .
2795 2515 2906 2568 Καὶ
2955 2517 3010 2566 τί
3061 2515 3179 2565 ἐστι
3215 2511 3546 2583 τροπολογὶα
3579 2512 3669 2573 καὶ

2084 2607 2435 2677 κυριολογία;
2491 2606 2825 2676 Κυριολογία
2873 2605 2971 2675 μὲν
3025 2605 3145 2657 ἐστὶ
3211 2603 3405 2673 βεϐαία
3458 2602 3670 2653 ἀπέδει-

2087 2699 2170 2762 ξις
2200 2697 2296 2750 τοῦ
2359 2697 2684 2768 πράγματος
2717 2714 2731 2728 ’
2763 2695 3091 2766 τροπολογία
3135 2695 3213 2759 δὲ,
3246 2693 3506 2754 ἀϐέϐαιος
3538 2692 3666 2743 ἁπό-

2083 2788 2270 2854 δειξις.
2316 2826 2328 2841 .
2373 2827 2388 2841 .
2433 2827 2446 2839 .
2497 2827 2509 2840 .
2556 2826 2570 2840 .
2612 2789 2670 2840 ἐν
2721 2789 2832 2850 τοῖς
2883 2790 3189 2856 προφήταις
3244 2784 3369 2846 ἔθος
3419 2785 3552 2844 ἐστὶ,
3589 2783 3664 2843 ὡς

2085 2879 2166 2942 τὺ,
2204 2901 2222 2932 ι
2263 2880 2327 2932 Ἦ
2384 2879 2629 2933 θάλασσα
2685 2876 2845 2943 εἶδεν,
2903 2879 2999 2931 καὶ
3031 2878 3230 2945 ἔφυγεν
3263 2891 3278 2904 ·
3314 2896 3334 2928 ι
3371 2876 3483 2928 ἰδοὺ
3515 2877 3550 2943 ἡ
3575 2873 3670 2926 Θά-

2085 2971 2259 3022 λασσα
2289 2970 2604 3040 ὀφθαλμοὺς
2649 2971 2749 3023 οὐκ
2803 2970 2934 3040 ἔχει.
2967 2970 3041 3021 Οὐ
3071 2970 3181 3040 γάρ
3213 2971 3365 3021 ἐστιν
3388 2966 3662 3038 ἔμψυχος·

2087 3063 2182 3114 καὶ
2212 3063 2391 3116 πάλιν.
2481 3101 2495 3115 .

2300 3493 2317 3523 ι
2349 3473 2414 3525 Τί
2447 3475 2527 3525 σοί
2561 3476 2698 3537 ἐστι,
2728 3472 2997 3534 Θάλασσα,
3029 3471 3113 3524 ὅτι
3156 3470 3370 3538 ἔφυγεςς
3402 3487 3420 3518 ι
3475 3468 3569 3519 καὶ
3597 3465 3664 3519 τά

2081 3563 2224 3634 ἑξῆς.
2263 3563 2396 3635 [Καὶ
2431 3565 2593 3617 πάλιν
2611 3564 2994 3618 ἀποδεικτικὸν
3027 3563 3128 3632 τῆς
3164 3562 3495 3621 ὑποθέσεως·
3530 3555 3660 3610 εἷπε

2081 3655 2190 3725 γὰρ
2218 3655 2246 3707 ό
2273 3656 2406 3718 Θεὸς
2439 3655 2574 3726 πρὸς
2600 3656 2775 3708 Κάῖν·
2817 3673 2834 3706 ι
2859 3654 3289 3723 Ἐπικατάρατος
3321 3650 3379 3701 ob
3401 3649 3507 3702 ἀπὸ
3556 3648 3663 3716 τῆς

2079 3750 2204 3818 γῆς,
2233 3749 2267 3818 ἢ
2294 3746 2454 3815 ἕχανε
2479 3748 2540 3800 τὸ
2565 3748 2740 3815 στόμα
2795 3746 2965 3816 αὐτῆς
3018 3744 3279 3811 δέξασθαι
3306 3743 3364 3796 τὺ
3394 3739 3535 3812 αἷμα
3563 3733 3662 3792 τοῦ

2080 3837 2312 3907 ἀδελφοῦ
2336 3855 2430 3890 σου
2461 3839 2525 3890 ὲκ
2556 3838 2740 3906 χειρός
2769 3855 2884 3890 σου.
2922 3834 2994 3906 tl.
3028 3876 3041 3889 .
3080 3835 3246 3898 .Ka‘t,
3281 3853 3300 3885 ι
3323 3835 3388 3886 ’Β
3421 3831 3666 3902 μάχαιρά

2083 3948 2185 4001 μου
2235 3929 2471 3999 φάγεται
2545 3928 2702 3998 κρέα.
2730 3947 2748 3979 ι
2788 3929 2852 3979 Ἦ
2902 3928 3011 3996 γὰρ
3040 3927 3287 3997 μάχαιρα
3332 3924 3662 3990 κατατέμνει

2083 4022 2205 4093 μὲν,
2259 4023 2319 4074 οὐ
2383 4019 2678 4074 καταπίνει
2728 4018 2807 4072 δέ.
2838 4018 2994 4071 Οὕτω
3027 4019 3122 4070 καὶ⁵
3163 4019 3388 4089 ῥήματα
3437 4016 3665 4068 ἐκάλεσε

2079 4113 2256 4182 λόγια,
2284 4115 2429 4184 ἅπερ
2459 4112 2561 4165 οὐκ
2591 4111 2700 4164 εἰσὶ
2721 4111 2897 4179 λόγια,
2929 4150 2942 4163 .
2990 4150 3004 4164 .
3049 4151 3062 4163 .
3108 4149 3122 4163 .
3171 4151 3184 4165 .
3235 4150 3248 4163 .
3295 4149 3309 4163 .
3353 4149 3367 4161 .
3411 4147 3426 4160 .
3471 4147 3486 4161 .
3534 4149 3547 4161 .
3587 4147 3602 4160 .
3648 4145 3662 4159 .

2080 4205 2235 4259 ἀλλὰ.
2282 4245 2295 4259 .
2342 4243 2357 4257 .
2403 4245 2416 4259 .
2463 4242 2476 4256 .
2523 4245 2537 4259 .
2581 4236 2596 4260 ε
2641 4243 2656 4257 .
2699 4205 2946 4274 ῥήματα.

397 4394 603 4449 dictum
630 4399 738 4461 est)
769 4395 1012 4464 ῥήματα.
2002 4392 2049 4453 C

466 4487 520 4541 3.
565 4487 619 4541 Si
645 4488 792 4543 dicat
821 4489 922 4542 tibi
951 4485 1259 4542 Saracenus
1283 4506 1296 4540 :
1321 4486 1566 4552 Qualiter
1594 4484 1878 4543 descendit
1910 4489 2049 4544 Deus
2081 4491 2135 4543 in
2179 4497 2427 4544 ventrem
2463 4490 2758 4547 mulieris?
2802 4493 2893 4546 dic
2935 4493 3040 4562 ipsi
3072 4493 3194 4548 sic:
3229 4473 3467 4548 Utamur
3515 4489 3668 4544 Scri—

398 4587 561 4650 ptura
591 4589 685 4634 tua
718 4587 772 4636 et
803 4578 1088 4650 Scriptura
1114 4593 1255 4634 mea.
1284 4578 1350 4632 Et
1380 4577 1668 4648 Scriptura
1701 4583 1795 4632 tua
1827 4580 1984 4647 dicit,
2013 4581 2160 4649 quod
2191 4583 2566 4654 praepurgavit
2608 4582 2752 4639 Deus
2781 4582 3008 4638 Mariam
3052 4577 3210 4640 suam
3244 4598 3416 4652 super
3445 4596 3663 4636 omnem

397 4685 626 4730 carnem
656 4671 926 4737 mulieris,
963 4678 1020 4726 et
1050 4669 1339 4726 descendit
1368 4669 1612 4740 Spiritus
1643 4678 1700 4725 et
1732 4669 1972 4726 Verbum
2002 4671 2097 4727 Dei
2127 4672 2185 4727 in
2217 4673 2414 4742 ipsam.
2445 4673 2513 4727 Et
2548 4675 2900 4745 Evangelium
2925 4691 3107 4731 meum
3143 4674 3318 4729 dicit:
3359 4691 3379 4725 ι
3421 4671 3664 4743 Spiritus

399 4773 630 4821 sanctus
655 4763 1004 4834 superveniet
1032 4762 1087 4817 in
1119 4769 1193 4826 te,
1219 4773 1272 4816 et
1305 4760 1483 4816 virtus
1508 4761 1778 4817 Altissimi
1819 4761 2171 4817 obumbrabit
2201 4764 2300 4818 tibi
2332 4761 2375 4818 ⁸.
2419 4782 2437 4815 ι
2482 4762 2622 4817 Ecce
2647 4780 2756 4818 una
2786 4778 2893 4819 vox
2938 4772 3301 4834 utrarumque
3328 4763 3661 4823 dictionum,

398 4864 456 4914 et
480 4871 626 4912 unus
653 4855 986 4912 intellectus.
1025 4853 1311 4925 Cognosce
1341 4860 1523 4908 autem
1557 4853 1754 4921 ethoc,
1783 4853 2044 4923 quoniam
2076 4853 2142 4908 ad
2170 4863 2417 4909 nostram
2447 4854 2842 4924 proprietatem
2869 4855 3079 4910 diceret
3111 4854 3400 4922 Scriptura
3430 4852 3664 4906 descen-

402 4949 612 5006 sionem
647 4955 704 5004 et
733 4946 1112 5002 ascensionem
1142 4945 1500 5016 tropologice,
1527 4959 1638 4999 non
1663 4944 2023 5017 cyriologice.
2053 4944 2286 5016 Pr0pric
2325 4946 2474 5000 enim
2499 4945 2842 5003 descendens
2871 4955 2928 5000 et
2958 4945 3270 5001 ascendens
3300 4944 3419 5015 ipse
3451 4943 3663 5016 [κυριο-

395 5041 680 5117 λογικῶς]
728 5041 938 5097 dicitur
963 5039 1265 5108 secundum
1291 5037 1670 5108 philosophos.
1702 5035 1844 5092 Deus
1876 5048 2058 5092 antem
2083 5037 2267 5091 omnia
2297 5039 2610 5102 continens,
2635 5045 2690 5094 et
2717 5053 2748 5092 a
2779 5038 2930 5092 nullo
2973 5037 3309 5092 continetur.
3343 5035 3491 5090 Dixit
3512 5035 3658 5090 enim

396 5138 623 5210 quidam
675 5135 1070 5207 prophetarum
1103 5148 1116 5185 :
1159 5149 1179 5183 ι
1223 5129 1362 5196 Quis
1395 5128 1734 5184 mensuravit
1774 5142 1941 5182 man.
1974 5140 2212 5196 aquam,
2250 5134 2304 5182 et
2342 5127 2540 5182 coelum
2578 5127 2782 5198 palmo,
2838 5135 2894 5182 et
2931 5126 3139 5198 pugillo
3191 5134 3397 5181 terram
3427 5126 3490 5178 ‘2
3519 5144 3539 5176 ι
3599 5122 3660 5176 Et

488 5269 679 5332 ’Psal.
711 5290 790 5342 ιι,
826 5273 878 5329 7.
953 5274 973 5304 ²
1018 5269 1165 5326 Psal.
1193 5282 1348 5343 cxiii,
1382 5267 1435 5321 5.
1499 5265 1660 5320 ³(ὶοιι
1753 5281 1825 5330 iv,
1852 5265 1938 5317 lt.

2083 5264 2214 5318 )eut.
2279 5277 2450 5325 xuii,
2501 5262 2592 5316 42.
2665 5261 2687 5293 ⁵
2718 5261 2851 5316 Luc.
2878 5277 2918 5327 ι,
2947 5260 3037 5315 55.
3151 5259 3172 5291 ⁸
3203 5260 3309 5316 lsa.
3343 5276 3434 5328 xL,
3461 5260 3553 5314 22.

1692 5427 1922 5483 VARIIE
1957 5424 2361 5481 LECTIONES.

470 5563 496 5592 ι
523 5549 754 5606 Tantilla
787 5549 1099 5621 huiusmodi
1126 5550 1250 5621 hinc
1288 5532 1640 5621 indepassim
1688 5545 1956 5612 interieci,
2003 5551 2058 5621 et
2108 5543 2326 5621 uncinis
2348 5543 2695 5621 clausi,_qn:e
2721 5538 2943 5621 vocibus
2989 5535 3118 5621 aliis
3154 5534 3342 5621 (ἓτερςο
3375 5530 3649 5621 enuntiari

402 5603 1098 5692 possé'iiiihriiﬁ'rbif'ii
1125 5603 1196 5674 id
1223 5603 1560 5692 estiipro'prie
1597 5603 1872 5692 loquendo.
2010 5614 2122 5684 Ego
2168 5613 2406 5680 mallem,
2436 5603 2555 5682 ﬁeri
2595 5603 2723 5666 'non
2760 5619 2927 5679 potest
2962 5619 3018 5662 ut
3074 5606 3332 5676 Propheta
3384 5603 3655 5675 infirmant

400 5685 896 5758 demonstrationem
930 5693 1139 5762 a/ferat.
1217 5691 1242 5731 ά
1266 5691 1322 5746 Id
1347 5685 1455 5757 est,
1480 5685 1770 5759 argumenti
1797 5685 2270 5758 quod'tractamuc.

2115 5850 2146 5870 φ
