3930 6206
315 293 343 378 ,ι
359 289 466 352 589
1208 283 1657 346 DISPUTATIO
1695 287 1894 348 CHRI!

2015 288 2140 346 ANI
2174 282 2268 345 ET
2293 287 2629 348 SARACEN
2642 291 2686 350 [.
3435 283 3570 350 1590

324 399 489 453 bene.
549 395 751 450 Omnes
806 406 958 461 aquae
1015 391 1245 462 simplex
1310 394 1725 463 comprehensio
1779 407 1973 448 manus
2026 394 2116 450 Dei
2172 403 2334 459 sunt;
2387 403 2439 449 et
2491 411 2706 450 omnem
2761 397 2959 450 caelum
3011 395 3254 464 palmus,
3303 403 3357 448 et
3391 397 3567 449 omnis

323 501 491 553 terra,
533 488 766 558 pugillus
796 502 808 540 :
842 485 1082 555 qualiter
1131 486 1295 555 igitur
1338 487 1628 556 contingit,
1677 487 1856 558 ipsum
1905 491 1958 544 in
1995 491 2214 560 propria
2267 505 2429 544 manu
2482 489 2663 543 onmia
2704 489 3073 545 continentem
3123 486 3457 543 descendere
3513 495 3571 543 et

324 580 650 640 ascendere?

390 701 443 755 4.
505 700 560 754 Si
621 698 991 766 interrogatus
1043 694 1210 749 fueris
1265 711 1295 748 a
1349 694 1655 759 Saraceuo,
1719 683 1973 762 dicente,
2033 698 2090 754 Si
2161 698 2302 754 Deus
2389 707 2506 750 crat
2566 697 2818 750 Christus
2855 737 2869 762 ,
2923 695 3158 764 qualiter
3214 697 3453 750 comedit
3517 701 3572 746 et

317 796 458 850 bibit
508 801 563 845 et
611 788 890 850 dormivit,
925 797 980 843 et
1015 786 1313 842 cruciﬁxus
1356 796 1460 852 est,
1500 798 1552 845 et
1583 799 1834 846 mortuus
1873 800 1979 858 est,
2023 799 2076 846 et
2105 804 2226 861 quze
2261 788 2549 858 deinceps,
2605 787 2693 843 dic
2727 786 2831 858 ipsi
2861 805 2873 841 :
2912 784 3182 851 Quoniam
3215 797 3341 842 ante
3369 791 3571 842 saecu‘a

325 885 559 940 Verbum
596 881 714 946 Dei,
761 880 908 952 quod
941 881 1148 934 creavit
1197 880 1404 942 omnia,
1455 883 1758 937 secundum
1807 884 1953 953 quod
1993 891 2229 938 testatur
2266 880 2555 950 Scriptura
2611 895 2730 935 mea
2784 890 2837 935 et
2891 877 3176 948 Scriptura
3223 885 3336 941 tua,
3388 880 3569 948 ipsum

315 975 530 1029 creavit
583 989 650 1027 ex
707 989 873 1027 carne
940 980 1144 1025 sancta:
1193 971 1454 1040 Virginis,
1510 973 1788 1028 hominem
1844 972 2147 1044 perfectum
2197 981 2251 1026 et
2303 973 2601 1026 animatum
2636 979 2688 1024 et
2717 971 3152 1041 iutelligentcm:
3195 969 3285 1024 ille
3313 971 3566 1036 comedit,

317 1068 477 1131 bibit,
536 1074 591 1120 et
638 1064 932 1129 dormivit;
979 1062 1221 1118 Verbum
1259 1065 1488 1127 scilicet,
1539 1067 1841 1122 secundum
1892 1065 2037 1138 quod
2073 1064 2313 1119 Verbum
2367 1065 2500 1120 Dei:
2545 1063 2778 1119 Verbum
2830 1074 3011 1118 autem
3048 1062 3138 1117 Dei
3173 1077 3279 1116 non
3313 1062 3569 1122 comedit.

319 1173 500 1227 neque
554 1157 713 1218 bibit,
765 1170 944 1224 neque
1018 1155 1293 1214 dormivit.
1352 1171 1530 1225 neque
1582 1157 1904 1211 cruciﬁxum
1957 1164 2059 1221 est,
2116 1171 2292 1226 neque
2339 1164 2652 1221 mortuum;
2713 1153 2804 1209 sed
2859 1169 2987 1210 caro
3033 1170 3195 1224 quam
3274 1154 3572 1222 assumpsit

323 1265 389 1304 ex
435 1255 626 1314 sancta
684 1245 926 1316 Virgine,
975 1246 1066 1300 illa
1113 1245 1378 1301 enuntiata
1427 1257 1529 1302 est.
1559 1247 1861 1320 Cognoscis
1898 1257 2101 1312 autem,
2141 1249 2399 1318 quoniam
2431 1248 2686 1303 Christus
2734 1247 3029 1316 dupliciter
3064 1245 3282 1318 [natura
3319 1245 3388 1316 e].
3429 1262 3571 1300 unus

326 1338 825 1410 autemhypostasi.
854 1336 968 1392 Non
1001 1339 1141 1392 enim
1178 1338 1398 1404 dicitur,
1434 1337 1529 1393 Est
1557 1346 1820 1394 a-ternum
1859 1339 1878 1378 τ
1919 1338 2158 1395 Verbum
2190 1339 2282 1394 Dei
2317 1346 2372 1393 et
2406 1347 2529 1409 post
2576 1339 3011 1408 assumptionem
3059 1336 3243 1390 carnis
3279 1345 3574 1407 anyposla-

321 1432 492 1486 ticum
530 1429 1026 1502 [amoenanda],
1053 1432 1105 1485 id
1136 1438 1220 1485 est
1271 1446 1378 1485 non
1407 1434 1695 1502 personale
1719 1434 1799 1490 vel
1824 1435 2093 1490 naturale.
2123 1431 2242 1488 Non
2272 1433 2415 1488 enim
2441 1433 2688 1503 apposita
2719 1442 2801 1487 est
2829 1430 3084 1486 Trinitati
3113 1438 3308 1500 quarta
3337 1443 3571 1500 persona
3669 1475 3676 1482 .

327 1531 451 1592 post
481 1522 809 1578 ineffabilem
837 1523 1091 1576 unionem
1129 1521 1334 1578 carnis.

396 1642 456 1689 εό
1727 1640 1783 1692 ὃν
1807 1639 1893 1692 λέ-

2067 1639 2119 1692 5.
2158 1638 2224 1691 Et
2253 1639 2297 1694 si
2333 1646 2384 1691 te
2413 1639 2432 1667 ⁷
2469 1640 2766 1708 interroget
2789 1637 3100 1692 Saracenus
3139 1657 3150 1691 :
3184 1637 3356 1702 Quem
3380 1638 3564 1692 dicitis

324 1740 446 1795 τετε
479 1729 632 1795 Θεὸν,
661 1731 967 1797 ἀπέθανες.
1013 1775 1024 1788 .
1068 1775 1080 1788 .
1130 1774 1143 1788 .
1189 1774 1202 1788 .
1249 1775 1263 1788 .
1307 1735 1405 1788 οὐκ
1440 1735 1674 1789 ἀπέθανε
1700 1753 1712 1766 ·
1767 1736 1894 1806 θαρ-

233 1859 245 1868 .
325 1821 435 1891 ρὦ
460 1825 524 1892 τῇ
559 1824 805 1894 Γραφικῇ
835 1826 862 1865 ε
893 1826 1184 1892 ἀποδείξει.

539 2167 755 2236 πρῶτος
775 2168 1065 2244 ⁴ἄνθρωπος
1095 2173 1332 2239 ὕπνωσε,
1367 2176 1462 2230 καὶ
1505 2177 1605 2250 τὴν
1656 2178 1894 2248 πλευρὰν

330 2251 604 2325 ἀφῃρέθη·

400 2349 476 2407 ς’·
815 2359 825 2367 ’
1025 2353 1156 2408 Ἰδοὺ
1192 2354 1512 2427 πέπληγμαι
1537 2356 1594 2409 ἕν
1619 2375 1722 2411 τινι
1745 2358 1895 2429 τόπῳ

328 2427 439 2488 τῶν
480 2439 698 2509 σαρκῶν
758 2458 860 2512 μου
884 2458 898 2473 ο
931 2443 1024 2497 καὶ
1080 2446 1112 2516 ἡ
1171 2445 1309 2517 σὰρξ
1339 2448 1612 2517 πληγεῖσα
1651 2427 1894 2518 μώλωπα

327 2525 650 2610 ἀπετέλεσε,
678 2531 773 2582 καὶ
806 2533 864 2584 ὲν
887 2532 966 2603 τῷ
1015 2533 1244 2605 μώλωπι
1280 2539 1498 2606 ἐγένετο
1524 2539 1741 2610 σκώληξ
1767 2556 1780 2570 ⁸
1813 2539 1894 2604 τίς

325 2608 420 2662 οὖν
445 2611 608 2666 αὑτὸν
633 2615 887 2674 ἔπλασεν.
933 2660 948 2675 .
993 2661 1006 2676 .
1053 2663 1066 2678 .
1105 2661 1120 2676 .
1166 2663 1180 2678 .
1227 2662 1242 2678 .
1267 2625 1616 2697 εῐπομεν,ὅτι
1643 2608 1782 2699 μετὰ
1797 2629 1894 2701 τὴν

326 2699 550 2769 πρώτην
573 2702 845 2774 ἑϐδομάδα
898 2708 1000 2779 τῆς
1036 2713 1416 2780 κοσμοποιίας,
1466 2715 1716 2786 οὐδαμῶς
1751 2699 1896 2788 εὑρί-

326 2803 532 2858 σκομεν
563 2793 842 2849 πλάσαντά
880 2814 931 2849 τι
960 2800 1200 2853 πώποτε.
1241 2803 1395 2856 Μετὰ
1431 2805 1488 2857 δὲ
1517 2807 1618 2877 τὴν
1644 2807 1894 2876 παράϐα-

325 2893 412 2964 σιν
440 2882 735 2954 κατεκρίθη
765 2885 798 2955 ἡ
837 2887 911 2956 γῆ
939 2888 1180 2954 ἀκάνθας
1233 2894 1327 2946 καὶ
1356 2895 1637 2964 τριϐόλους
1667 2899 1894 2951 ἀνατέλ-

2003 1729 2190 1792 Deum,
2229 1738 2480 1784 mortuus
2533 1728 2658 1783 est?
2704 1727 2971 1796 responde
3029 1736 3084 1780 tu
3116 1745 3128 1780 :
3159 1725 3277 1782 Non
3326 1735 3574 1782 mortuus

1999 1829 2082 1875 est
2115 1839 2128 1874 :
2159 1819 2446 1874 conlidens
2472 1818 2773 1888 Scriptura:
2804 1816 2902 1890 [et]
2927 1817 3406 1873 demonstrationi.
3435 1817 3575 1873 Dicit

2001 1911 2145 1966 enim
2215 1910 2498 1981 Scriptura
2559 1910 2626 1964 de
2687 1910 2810 1965 hoc.
2875 1909 3040 1964 Venit
3103 1909 3246 1965 enim
3308 1911 3574 1966 naturalis

2001 2018 2152 2058 mors
2196 2003 2460 2058 adversus
2519 2002 2800 2055 hominum
2868 2001 3184 2056 memoriam
3249 2000 3569 2065 dominans,

2001 2093 2055 2146 id
2102 2102 2208 2157 est,
2251 2092 2571 2162 subjiciens,
2605 2103 2664 2144 ut
2715 2093 2766 2144 in
2821 2090 2982 2144 nobis
3028 2089 3233 2143 omnia.
3292 2088 3398 2143 Sed
3450 2105 3575 2158 per-

2003 2185 2179 2238 fectus
2230 2183 2439 2252 primus
2493 2183 2657 2236 homo
2706 2181 2987 2243 dormivit,
3047 2189 3102 2236 et
3152 2187 3304 2235 costa
3371 2181 3572 2249 spolia-

2004 2283 2091 2331 tus
2124 2283 2229 2329 est.

2072 2365 2126 2420 6.
2160 2366 2225 2418 Et
2270 2363 2619 2421 Saraecnus:
2656 2363 2795 2420 Ecce
2842 2367 3092 2434 plagatus
3139 2379 3259 2417 sum
3296 2365 3350 2417 in
3393 2363 3574 2432 aliqua

2003 2463 2156 2526 parte
2187 2457 2434 2510 carnium
2481 2471 2748 2521 mearum,
2789 2464 2844 2509 ct
2890 2469 3152 2524 percussa
3185 2468 3316 2509 caro
3347 2453 3572 2508 cicatri-

1999 2561 2118 2601 cem
2161 2546 2458 2608 contraxit,
2491 2555 2545 2600 et
2592 2546 2645 2599 in
2685 2544 2944 2600 cicatrice
2984 2543 3165 2598 factus
3210 2551 3297 2598 est
3324 2543 3524 2598 vermis
3557 2561 3571 2596 :

2001 2639 2126 2709 quis
2158 2637 2325 2708 igitur
2360 2637 2539 2708 ipsum
2575 2636 2895 2705 plasmavit?
2918 2635 3014 2691 Dic
3041 2637 3168 2706 ipsi,
3212 2647 3270 2690 ut
3319 2635 3575 2706 praedixi-

2003 2744 2144 2792 mus,
2169 2728 2426 2798 quoniam
2457 2726 2581 2798 pos't
2601 2728 2835 2797 primam
2853 2726 3252 2781 hebdomadam
3279 2727 3575 2782 creationis

2001 2816 2195 2871 mundi
2222 2832 2330 2871 non
2368 2817 2675 2872 invenimus
2721 2816 3086 2886 quodcunque
3120 2816 3442 2885 aliquando,
3491 2817 3575 2869 vel

2003 2907 2362 2975 plasmantem
2395 2906 2692 2972 hominem,
2720 2907 2804 2960 vel
2831 2906 3122 2961 formatum
3149 2906 3279 2970 ;sed
3304 2917 3575 2977 praecepto

326 2963 460 3067 λειν.
521 2967 809 3067 Τότεῌο-ὗν
851 2975 945 3064 καί
981 2977 1014 3045 ὴ
1080 2978 1217 3048 σάρξ
1255 2963 1413 3050 ἡμῶν
1475 2984 1887 3054 κατακριθεῖσα,

2015 2963 2084 3049 δεῖ
2110 2996 2254 3065 quod
2276 2997 2604 3067 praaeepitin
2644 2963 2816 3065 prima
2853 2963 3216 3063 hebdomada,
3253 2963 3427 3051 ﬁnivit
3455 2963 3576 3065 qua:

325 3055 516 3131 [μέχρι
532 3061 624 3116 τοῦ
641 3063 756 3136 νῦν]
786 3058 1013 3138 φθεῖρας
1033 3068 1127 3122 καὶ
1153 3070 1441 3142 σκώληκας
1463 3073 1761 3130 ἀνατέλλει.

397 3402 464 3468 ζ’.
511 3405 946 3462 ΣΔΡΑΚΗΝΟΣ.
984 3409 1117 3464 Τίνα
1172 3410 1359 3480 λέγετε
1407 3415 1580 3468 αἴτιον
1623 3419 1786 3473 καλοῦ
1835 3439 1893 3474 τε

323 3496 422 3548 καὶ
451 3496 622 3549 κακοῦ
647 3514 662 3561 ;

395 3586 825 3641 ΧΡΙΣΤΙΑΝΟΣ.
855 3588 1076 3645 Πάντων
1096 3591 1204 3648 τῶν
1223 3594 1444 3663 ἀγαθῶν
1473 3597 1668 3670 [αἴτιόν
1693 3603 1893 3675 φαμεν]

323 3673 419 3724 τὸν
441 3675 595 3742 Θεὸν,
614 3677 786 3730 κακοῦ
815 3678 870 3731 δὲ
900 3679 984 3737 οὗ.

357 3764 648 3869 'ZAPAK.
722 3769 830 3822 Καὶ
889 3772 986 3825 τοῦ
1043 3775 1218 3829 κακοῦ
1281 3778 1402 3832 τίνα

327 3871 498 3922 ειναι;

401 3946 624 4004 ΧΡΙΣΤ.
657 3952 828 4006 Τοῦτο
881 3955 944 4009 ἐκ
976 3956 1075 4026 τῆς
1100 3959 1372 4033 ἡμετέρας
1411 3963 1685 4037 ῥᾳθυμίας
1729 3963 1891 4035 εἶναι,

329 4041 426 4090 καὶ
460 4039 560 4110 τῆς
583 4041 830 4098 διαϐόλου
850 4050 1205 4119 πανουργίας.

397 4130 647 4188 ΣΑΡΑΚ.
671 4136 847 4206 Χάριν
875 4140 1056 4208 τίνος;

392 4224 616 4279 ΧΡΙΣΤ.
643 4228 742 4300 Διὰ
773 4230 834 4283 τὸ
857 4232 1222 4300 αὐτεξούσιον.

1477 3779 1657 3850 λέγεις
1723 3785 1895 3842 αἴτιον

1996 3084 2152 3142 ﬁunt.
2183 3085 2314 3143 Post
2349 3086 2835 3157 transgressionem
2880 3095 3055 3141 autem
3091 3087 3450 3142 condemnata
3489 3095 3576 3141 est

1997 3182 2141 3229 terra
2171 3177 2358 3245 spinas
2380 3185 2434 3231 et
2463 3177 2697 3232 tribulos
2722 3177 3031 3246 germinare
3058 3180 3101 3231 '.
3131 3176 3286 3232 Tunc
3312 3177 3499 3246 utique
3520 3187 3576 3232 et

1995 3281 2127 3322 caro
2165 3276 2354 3324 nostra
2385 3268 2772 3335 condemnata,
2803 3285 2977 3340 usque
3015 3269 3175 3325 hodie
3207 3268 3490 3339 pediculos
3519 3276 3575 3322 et

1996 3371 2211 3413 vermes
2240 3359 2528 3427 germinat.
2762 3342 2766 3346 ’

2071 3445 2121 3498 7.
2158 3444 2587 3502 SARACENUS.
2621 3456 2794 3514 Quam
2824 3448 3010 3504 dicitis
3042 3448 3085 3478 ¹⁰
3123 3461 3345 3502 causam
3375 3445 3575 3502 maliet

1997 3535 2165 3591 boni?

2065 3624 2552 3681 CilltlSTlANUS.
2604 3625 2863 3680 Omnium
2919 3626 3188 3680 bonorum
3230 3627 3406 3682 aimus
3439 3639 3569 3680 cau-

1999 3729 2114 3769 sam
2149 3714 2337 3780 Deum,
2366 3715 2490 3769 mali
2519 3723 2698 3770 autem
2737 3715 2873 3769 nihil
2901 3716 2952 3768 h.
3145 3780 3156 3790 ο

2071 3801 2316 3858 SABAC.
2350 3803 2524 3869 Quam
2551 3803 2693 3858 dicis
2725 3817 2948 3858 causam
2978 3803 3150 3856 mali?

2068 3981 2344 4038 CHRIST.
2381 3983 2426 4036 A
2452 3983 2727 4038 sententia
2750 3982 3032 4038 diabolum
3067 3982 3422 4038 exsistentem
3447 3998 3567 4038 ma-

1999 4071 2257 4129 nifestum
2289 4080 2342 4129 et
2373 4089 2476 4129 nos
2509 4073 2760 4128 homines
2795 4075 2838 4126 ί.

2069 4163 2317 4220 SARAC.
2341 4163 2576 4235 Propter
2607 4165 2740 4236 quid
2765 4167 2788 4219 ?

2068 4255 2343 4313 CHRIST.
2377 4256 2608 4328 Propter
2639 4257 2870 4313 liberum
2898 4259 3214 4314 arbitrium.

391 4313 643 4370 ΣΑΡΑΚ.
672 4318 738 4370 Τί
768 4318 890 4387 οὒν;
929 4323 1278 4391 Αὑτεξούσιος
1310 4323 1383 4393 εἴ,
1436 4330 1531 4383 καὶ
1583 4331 1684 4385 ὅσα
1717 4331 1892 4396 θέλεις

2071 4309 2343 4403 eme;
2364 4309 2515 4414 ῥυεᾶ
2532 4309 2539 4311 ⁷
2555 4309 2766 4420 mihi
2787 4309 3402 4406 θἰᾁέιᾶἑῖιίιὶῖξιῖὖίιι-ῖυιη
3437 4350 3486 4418 ἱ,
3515 4361 3571 4408 et

319 4401 754 4470 δύνασαι-ποιεῖν
775 4427 789 4477 ;

395 4493 619 4550 ΧΡΙΣΤ.
653 4499 980 4572 Πέπλασμαι
1009 4504 1115 4558 ὑπὸ
1151 4503 1286 4559 Θεοῦ
1318 4507 1684 4574 αὐτεξούσιος.

400 4588 649 4642 ΣΑΡΑΚ.
669 4589 792 4662 [Διὰ
810 4594 864 4647 τί
891 4593 930 4666 ;]

396 4679 623 4735 XPIBT‘.
659 4682 740 4735 Τά
768 4685 909 4737 καλὰ
951 4688 1052 4756 μὲν
1095 4689 1369 4759 πράττων,
1395 4690 1456 4744 οὐ
1486 4691 1758 4764 φοϐοῦμαι
1804 4695 1896 4750 τὸν

317 4771 508 4840 νόμον,
537 4775 676 4830 ἀλλὰ
697 4779 1071 4852 καὶτιμῶμαι,
1091 4782 1184 4836 καὶ
1203 4782 1354 4837 ὲλεοῦ
1363 4801 1460 4854 μαι
1493 4785 1599 4840 ὑπὸ
1626 4786 1721 4841 τοῦ
1737 4787 1894 4843 Θεοῦ.

337 4865 568 4936 Ὁμοίως
602 4871 698 4924 καὶ
721 4873 750 4925 ὁ
769 4875 1015 4940 διάϐολος
1677 4864 1687 4872 ’

327 4955 632 5029 ἡμάρτηκε,
658 4963 754 5016 καὶ
779 4966 807 5018 ὁ
827 4965 959 5030 Θεὸς
998 4967 1096 5037 τῆς
1136 4969 1274 5035 ἰδίας
1306 4972 1512 5038 τάξεως
1541 4971 1774 5039 ἐξέωσεν
1800 4976 1895 5029 αὑ-

1995 4436 2258 4507 quoniam
2282 4453 2622 4508 quaecunque
2647 4439 2729 4495 vis
2754 4438 2971 4496 facere?

2065 4526 2342 4583 CHRIST.
2375 4528 2688 4585 Plasmatus
2715 4545 2837 4586 sum
2873 4546 2904 4586 a
2931 4531 3042 4587 Deo
3072 4532 3209 4589 liber
3240 4533 3494 4590 arbitrio.

2067 4616 2314 4674 SARAC.
2346 4618 2576 4690 Propter
2604 4621 2733 4690 quid
2755 4620 2782 4662 ιι
2808 4622 2832 4674 ?

2065 4707 2342 4764 CHRIST.
2385 4709 2521 4766 Male
2555 4710 2736 4767 facere
2768 4720 2823 4768 et
2855 4713 3229 4782 benefacere,
3285 4695 3430 4784 quod
3485 4725 3571 4771 est

1997 4803 2200 4858 bonum
2248 4810 2302 4857 et
2350 4803 2576 4858 malum.
2629 4801 2818 4859 Gratia
2854 4803 3020 4873 hujus
3051 4787 3192 4860 mala
3221 4804 3442 4875 quidem
3493 4805 3572 4858 {a-

1801 4887 1897 4940 καὶ
1995 4893 2166 4960 ciens,
2203 4895 2405 4964 punior
2436 4909 2466 4948 a
2495 4885 2615 4965 lege
2640 4893 2735 4949 Dei
2760 4913 2774 4949 :
2800 4893 2943 4950 bona
2969 4905 3149 4952 autem
3172 4911 3432 4967 operans,
3461 4911 3568 4950 non

1997 4984 2164 5040 timeo
2201 4986 2396 5057 legem,
2446 4987 2540 5043 sed
2588 4985 2753 5058 468
2781 4993 2836 5040 et
2881 4987 3144 5055 honoror,
3175 4997 3227 5042 et
3263 4988 3571 5043 misericor-

392 5112 414 5144 "
443 5113 645 5172 Theod.
668 5136 716 5176 c.
742 5120 832 5177 57.
907 5125 928 5157 ⁸
951 5125 1088 5182 Ibid.
1163 5131 1184 5162 ’
1205 5129 1342 5187 Gen.
1370 5147 1426 5186 Ill
1468 5134 1552 5188 13.
1635 5133 1840 5193 Theod.
1879 5141 1939 5207 ;c.
1971 5140 2060 5195 55.

1611 5293 1838 5349 VARle
1878 5296 2280 5356 LECTIONES.

391 5441 671 5512 “rnatu-ra,
703 5439 770 5507 τῇ
797 5437 978 5512 φύσει.
1010 5441 1079 5512 __f
1114 5439 1241 5512 Leg.
1298 5454 1591 5512 externum.

1694 5449 1906 5529 8legit
1942 5453 2214 5525 interpres
2275 5462 2459 5529 γραφῇ
2516 5460 2627 5512 καὶ.

2729 5459 2756 5498 h
2782 5458 2922 5528 Lege
2949 5480 3070 5516 non.
3157 5465 3172 5503 ί
3207 5462 3328 5518 Haec
3359 5464 3570 5519 absona

317 5511 527 5591 suntet
557 5505 898 5591 depravata.”
925 5508 1117 5591 Melius
1173 5505 1312 5582 a'pud
1360 5509 1574 5591 Theod._
1597 5519 1680 5571 aio
1718 5505 2627 5590 hoc"exinae—tro'socordﬂz”esse,"
2647 5540 2695 5582 et
2726 5505 3328 5588 επκᾶῖᾶὸδῆηιινειίίίᾶῖ
3359 5505 3565 5586 "in

318 5573 974 5673 ifilli
1014 5597 1089 5647 es,
1119 5593 1167 5636 et
1195 5573 1512 5655 quaecunque
1530 5588 1601 5642 vis
1621 5599 1765 5657 poles
1791 5591 1979 5658 facere.
2063 5596 2086 5634 ιι
2119 5598 2242 5651 Πωε
2279 5573 2448 5667 usque
2468 5573 2702 5654 vavdvhmil't

316 5644 640 5700 necessario
664 5647 986 5715 supplenda.
