3930 6206
372 217 509 281 15-91
1543 223 1604 283 s.
1633 219 1950 283 JOANNIS
1989 211 2415 284 DAMASCENI
3533 222 3643 287 13a

368 343 514 397 diam
544 360 572 397 a
600 345 707 400 Deo
733 361 1062 419 consequor.
1089 347 1351 406 Similiter
1371 351 1688 408 etdiabolus
1711 353 1920 422 primun

2093 355 2146 408 όν
2167 373 2180 386 ·
2212 357 2325 408 ἀλλ’
2357 358 2487 419 ἴσως
2538 359 2782 428 ἀντερεῖς
2829 376 2938 429 μοι,
2972 360 3202 432 [οὑτωσὶ
3239 354 3495 426 λέγων,]
3540 361 3645 411 mi:

370 435 650 490 hominem
685 436 900 509 decepit
930 455 1026 510 per
1060 439 1290 497 liberum
1323 444 1635 508 arbitrium,
1662 454 1719 499 et
1747 458 1922 514 peccat

1111 442 1290 497 berum
1323 444 1635 508 arbitrium,
1662 454 1719 499 et
1747 458 1942 514 pecea-
2051 450 2156 501 εισι
2185 449 2325 502 καλά
2358 450 2449 502 καὶ
2473 450 2619 504 κακά
2650 467 2663 514 ;

285 543 290 546 ·
369 527 470 581 vit.
502 527 569 582 Et
601 527 745 584 Deus
778 531 997 600 propria
1029 533 1265 588 statione
1293 529 1310 572 ι
1355 536 1565 604 expulit
1597 536 1802 604 ipsum.
1837 535 1944 588 Sed

369 625 494 672 orte
518 629 573 674 et
604 620 758 676 dices
790 634 831 661 ω
866 623 1022 690 mihi,
1049 624 1122 678 ita
1147 625 1341 682 dicens
1369 647 1382 681 :
1417 625 1620 693 Qualia
1654 637 1783 682 sunt
1813 643 1935 696 qua:

368 707 514 764 dicis
540 710 682 764 bona
713 721 766 766 et
787 713 970 766 mala?

444 797 692 857 SARAC.
714 801 854 858 Ecce
877 804 960 860 sol
983 815 1038 860 et
1068 807 1198 860 luna
1225 816 1278 861 et
1301 807 1457 863 stella
1489 808 1630 864 bona
1663 817 1792 864 sunt
1817 829 1830 864 :
1862 810 1947 866 fac

2122 797 2374 851 ΣΑΡΑΚ.
2434 797 2562 851 Ίδοῦ
2611 800 2639 850 6
2690 799 2876 867 ἥλιος,
2931 801 3028 852 καὶ
3085 799 3120 869 ἡ
3171 797 3425 866 σελήνη,
3480 800 3576 849 καὶ

372 902 538 940 unum
571 903 634 942 ex
668 889 775 946 his.
2051 889 2282 959 ἀστέρες
2305 887 2446 942 καλά
2466 889 2600 940 εἱσι·
2625 889 2844 959 ποίησον
2871 889 2929 942 ἒν
2951 892 3014 942 ἐκ
3035 889 3268 942 τούτων.

445 978 720 1034 CIllllST.
776 981 894 1036 Non
953 984 1128 1054 gratia
1183 984 1349 1055 hujus
1411 988 1537 1044 dico
1607 990 1759 1046 tibi:
1818 993 1946 1063 quia

2125 977 2347 1033 ΧΡΙΣΤ.
2371 977 2471 1050 [οῦ
2495 979 2682 1032 τούτου
2712 979 2892 1052 χάριν]
2925 980 3071 1048 λέγω
3122 999 3204 1034 σοι
3235 997 3247 1009 ·
3299 982 3402 1034 ὅτι
3439 988 3621 1036 καῖ-ὲ

373 1069 676 1125 secundum
740 1073 1024 1128 hominem
1091 1090 1292 1144 operor
1348 1077 1550 1133 bonum
1613 1091 1666 1137 et
1721 1083 1922 1138 malum

2063 1065 2396 1137 ἀνθρώπινον
2453 1068 2760 1139 ἐργάζομαι
2809 1067 2951 1121 καλὰ
2983 1071 3078 1122 καὶ
3135 1071 3323 1124 κακά·
3358 1070 3522 1123 καλὰ

374 1161 515 1215 bona
576 1161 837 1231 quidem,
907 1164 1308 1234 gloriﬁcatione
1375 1167 1514 1235 Dei,
1573 1181 1627 1226 et
1678 1173 1926 1228 oratione

2092 1161 2335 1232 οξολογίᾳ
2385 1160 2542 1224 Θεοῦ,
2600 1163 2695 1214 καὶ
2747 1165 3047 1232 προσευχῇ,
3115 1163 3212 1215 καὶ
3262 1163 3644 1235 ὲλεημοσ-ἇη,

369 1261 428 1306 et
485 1253 856 1325 eleemosyna,
919 1264 972 1311 et
1039 1257 1313 1314 similibus
1378 1259 1464 1316 his
1524 1261 1690 1333 [mala
1740 1272 1921 1319 autem

2106 1251 2149 1303 ιὶ
2187 1254 2300 1314 τοῖς
2339 1250 2634 1314 τοιούτοις·
2691 1252 2840 1305 κακὰ
2888 1253 2968 1319 δὲ,
3006 1253 3236 1325 πορνείᾳ
3291 1257 3400 1308 καὶ
3439 1255 3658 1327 κλεηᾷἰᾳ.

371 1343 744 1401 fornicatione
778 1355 832 1401 et
867 1345 1066 1420 furto].
1113 1349 1168 1404 Si
1211 1361 1393 1407 autem
1427 1353 1564 1409 dicis
1613 1363 1668 1409 tu
1723 1357 1864 1410 bona
1898 1371 1923 1411 e

2107 1343 2194 1396 ἰδὲ
2222 1344 2400 1412 λέγεις
2423 1345 2486 1396 σὺ
2514 1343 2654 1396 καλά
2696 1345 2789 1396 καὶ
2836 1345 2982 1397 κακᾶ
3014 1345 3077 1396 ὲκ
3109 1343 3232 1416 [τῆς
3265 1345 3532 1419 ἐντολῆς]
3569 1350 3659 1402 τοῦ

371 1437 518 1490 mala
556 1452 620 1491 ex
657 1445 929 1508 przecepto
986 1439 1080 1494 Dei
1129 1457 1252 1496 esse
1277 1483 1294 1510 ,
1333 1445 1644 1500 invenietur
1681 1447 1824 1502 Deus
1854 1447 1919 1501 ad

2109 1434 2194 1487 εοῦ
2232 1429 2392 1500 εἶναι,
2426 1434 2781 1506 εὑρεθήσεται
2809 1437 2951 1490 κατά
2969 1454 3028 1489 σε
3059 1437 3246 1500 ἄδικος
3270 1439 3301 1490 6
3324 1438 3498 1504 Θεὸς,
3525 1441 3661 1511 ὅπερ

371 1545 570 1586 versus
606 1516 719 1584 te'n
747 1531 1012 1600 injustus,
1038 1534 1184 1603 quod
1213 1550 1319 1589 non
1349 1547 1454 1592 est.
1474 1535 1612 1604 Quia
1641 1539 1783 1592 enim
1808 1538 1918 1593 Deu

2110 1544 2156 1579 ιχ
2175 1525 2344 1581 ἔστιν.
2395 1527 2547 1579 Ἐπεὶ
2576 1526 2734 1598 γάρὸ
2769 1526 2901 1590 Θεὸς
2929 1527 3294 1597 προσέταξεν,
3336 1530 3422 1593 ὡς
3475 1533 3541 1584 σὺ
3576 1531 3662 1582 λέ-

375 1618 638 1688 praacepit
670 1625 695 1654 °
754 1619 1140 1676 loruicatorem
1197 1622 1484 1692 fornicari,
1521 1634 1576 1681 et
1624 1627 1927 1681 liomicidan

2106 1637 2196 1685 εις,
2228 1619 2320 1673 τὸν
2360 1619 2557 1690 πόρνον
2615 1619 2923 1690 πορνεύειν,
2963 1620 3063 1673 καὶ
3115 1621 3208 1674 τὸν
3249 1621 3508 1692 κλέπτην
3536 1623 3658 1677 κλέ-

373 1709 652 1774 occidere,
685 1719 741 1766 et
771 1711 946 1766 furem
984 1713 1177 1780 furari,
1208 1715 1356 1786 digni
1395 1724 1526 1770 sunt
1570 1717 1777 1771 honore
1811 1735 1824 1770 :
1862 1731 1925 1772 vo

2106 1727 2230 1773 τειν,
2269 1710 2364 1764 καὶ
2399 1711 2490 1763 τὸν
2548 1710 2872 1782 ἀνδροφόνον
2917 1711 3295 1782 ἀνδροφονεῖν,
3362 1714 3512 1777 ἄξιοί
3554 1717 3658 1768 εἱσι

375 1801 640 1857 luntatem
665 1802 810 1856 enim
842 1802 933 1857 Dei
966 1802 1236 1860 fecerunt.
1272 1803 1627 1860 lnvenientur
1675 1815 1858 1860 autem
1901 1821 1927 1861 e

2104 1804 2241 1873 .μῆς,
2270 1803 2352 1856 ὃτι
2381 1803 2442 1855 τὸ
2479 1801 2692 1872 Θέλημα
2706 1803 2798 1855 τοῦ
2831 1801 2966 1855 Θεοῦ
2995 1799 3284 1871 ὲποῖησαν.
3312 1805 3656 1875 Εὗρεϐήσον-

377 1890 515 1962 legis
569 1892 848 1961 positores
883 1893 1196 1958 mendaces,
1230 1902 1284 1948 et
1343 1895 1466 1948 libri
1529 1895 1606 1948 tui
1661 1895 1925 1949 meudace

2100 1911 2145 1947 ιι
2177 1893 2235 1946 δὲ
2265 1895 2360 1946 καὶ
2410 1895 2461 1946 οἱ
2489 1893 2781 1964 νομοθέται
2812 1909 2905 1945 σου
2930 1892 3180 1962 ψευδεῖςο
3234 1896 3652 1964 προστάσσουσι

375 1983 680 2052 conscripti
719 1993 789 2036 P:
831 1985 959 2054 quia
994 1985 1318 2054 prazcipiunt
1347 2000 1450 2041 nos
1486 1984 1877 2040 l'ornicatorcm
1904 2001 1927 2040 e

2099 1984 2167 2055 ὰρ
2203 1985 2296 2037 τὸν
2311 1985 2509 2055 πόρνον
2541 1983 2638 2037 καὶ
2674 1983 2768 2036 τὸν
2807 1983 3050 2048 κλέπτην
3091 1983 3401 2052 δαερεσθαι,
3438 1989 3530 2038 καὶ
3562 1989 3649 2040 τὸν

379 2071 553 2126 furem
595 2073 892 2144 ﬂagellarc,
923 2084 976 2130 et
1012 2075 1349 2130 homicidam
1384 2077 1643 2132 occidere
1668 2095 1681 2131 :
1706 2077 1931 2132 voluuta

2090 2075 2382 2146 ,νδροφόιον
2439 2075 2872 2144 ἀποκτανθῆναι,
2936 2075 3278 2143 ποιήσαντας
3328 2076 3389 2130 τὸ
3434 2077 3642 2148 θέλημα

377 2173 485 2218 tem
524 2166 669 2220 enim
704 2165 798 2220 Dei
837 2165 1111 2222 fecerunt.
1769 2211 1780 2220 ε

788 2168 798 2220 i
837 2165 1111 2222 fecerunt.
1769 2211 1780 2220 ε
2059 2170 2154 2222 τοῦ
2186 2168 2340 2222 Θεοῦ.

451 2254 698 2312 SARAC.
730 2257 887 2323 Quis,
922 2260 1018 2322 ait,
1050 2258 1250 2313 format
1285 2259 1426 2314 fetus
1456 2261 1510 2314 in
1544 2269 1736 2315 ventre
1758 2261 1958 2314 mulie-

2134 2261 2385 2314 ΣΑΡΛΚ.
2416 2259 2534 2324 Τίς,
2565 2260 2719 2329 φησὶ,
2759 2257 2986 2311 πλάττει
3025 2257 3096 2310 τὰ
3139 2257 3308 2328 βρέφη
3334 2260 3391 2310 ἐν
3406 2260 3633 2321 milia;

378 2347 542 2399 tum?
576 2346 690 2400 Hoc
740 2361 1053 2418 proponunt
1103 2350 1172 2404 ad
1223 2366 1324 2404 nos
1353 2351 1655 2420 problema,
1689 2351 1930 2421 potentiu

2065 2354 2172 2407 τῶν
2202 2353 2486 2423 μητέρων;
2707 2349 2952 2412 Θέλοντες
2993 2349 3169 2415 δεῖξαι
3196 2351 3272 2402 τὸν
3292 2352 3421 2402 Θεὸν
3452 2352 3617 2403 altam

378 2433 627 2490 volentes
652 2437 947 2492 ostendere
979 2437 1146 2491 Deum
1168 2454 1292 2494 esse
1314 2454 1540 2495 causam
1577 2440 1871 2494 malorum.
1904 2438 1961 2492 Si
2061 2439 2156 2491 τοῦ
2180 2437 2374 2491 κακοῦ.

377 2525 525 2579 enim
550 2526 888 2596 respondeas
917 2527 1128 2595 dicens,
1164 2529 1430 2595 Quoniam
1465 2531 1609 2585 Deus
1643 2531 1843 2584 format
1879 2528 1960 2584 fe-

382 2626 470 2672 tus
500 2616 555 2671 in
584 2627 772 2673 ventre
793 2619 1108 2685 mulierum,
1131 2621 1276 2675 dicet
1299 2620 1398 2674 tibi
1433 2621 1746 2682 Saracenus
1776 2638 1789 2673 :
1819 2621 1963 2674 Ecce

381 2706 527 2762 Deus
557 2716 888 2778 cooperator
915 2717 1001 2764 est
1033 2709 1434 2764 fornicatorum
1464 2721 1517 2765 ct
1563 2710 1933 2764 adulterorum

2575 2700 2706 2753 Ἰδοὺ
2749 2698 3010 2769 συνεργός
3065 2699 3188 2751 ἐστι
3247 2697 3324 2768 τῷ
3350 2697 3617 2768 πόρνῳκαὶ

381 2795 729 2853 Christianus
760 2799 842 2854 sie
888 2800 1192 2870 respondet
1221 2818 1234 2854 :
1265 2799 1620 2870 Nequaquam
1650 2800 1932 2854 invenimu

2072 2795 2146 2865 τῷ
2193 2783 2366 2865 μοιχῷ
2426 2795 2454 2846 6
2513 2792 2666 2856 Θεός.
2710 2831 2725 2845 .
2771 2832 2784 2846 .
2831 2829 2846 2844 .
2928 2831 2942 2844 .
2985 2790 3268 2860 Οὐδαμῶς
3330 2792 3624 2862 capiamur:

381 2895 507 2954 post
550 2887 784 2955 primam
813 2887 1217 2942 hebdomadam
1251 2889 1726 2943 mundilicationis
1751 2898 1778 2938 ς
1810 2887 1933 2942 Seri

2088 2887 2212 2940 ιετὰ
2246 2887 2345 2957 τὴν
2377 2885 2599 2955 πρώτην
2645 2884 2916 2953 ἑϐδομάδα
2961 2883 3086 2956 [τῆς
3135 2883 3530 2956 κοσμοποιίας]
3557 2886 3640 2952 τὴν

383 2982 602 3042 pturam
638 2973 914 3031 dicentem
969 2977 1244 3046 plasmare
1292 2975 1462 3031 Deum
1509 2987 1601 3036 aut
1639 2992 1829 3034 creare
1863 2978 1934 3033 ali

2084 2977 2295 3048 Γραφὴν
2330 2976 2596 3044 λέγουσαν
2636 2975 2892 3027 πλάττειν
2938 2974 3032 3026 τὸν
3071 2973 3231 3035 Θεὸν,
3268 2974 3303 3044 ἢ
3349 2975 3636 3040 κτίζειντι.

385 3028 540 3135 quid.
569 3066 623 3121 Si
666 3077 846 3123 autem
874 3028 1096 3123 dubitas
1128 3069 1194 3122 ad
1233 3069 1360 3132 hoc,
1392 3069 1624 3125 ostende
1671 3078 1727 3125 tu
1759 3071 1932 3141 plasm

2091 3028 2162 3140 Si
2201 3028 2265 3120 ⁸δέ
2293 3028 2522 3139 ἀπορεῖς
2569 3067 2706 3137 πρὸς
2733 3066 2915 3132 τοῦτο,
2947 3068 3121 3132 δεῖξον
3160 3028 3393 3135 πλάσμα
3424 3069 3457 3136 ἢ
3488 3067 3643 3119 κτίσιν

385 3159 472 3212 vel
511 3168 826 3214 creaturam
863 3161 1310 3230 qualemcunque
1350 3170 1472 3230 post
1502 3162 1736 3231 primam
1762 3161 1937 3216 hede

2105 3159 2408 3214 ῑαντιναοῦν
2463 3160 2600 3230 μετὰ
2650 3159 2751 3230 τὴν
2787 3159 3010 3231 πρώτην
3042 3160 3311 3229 ὲὸδομάδα
3349 3158 3653 3227 γεγενημέ-

387 3251 606 3305 madam
637 3249 836 3306 factam
865 3266 894 3304 a
921 3251 1030 3307 Deo
1053 3269 1068 3304 :
1100 3253 1193 3308 sed
1219 3261 1400 3307 tamen
1422 3268 1530 3306 non
1555 3263 1732 3322 potest
1755 3254 1939 3309 ostend

2105 3270 2167 3322 ην
2187 3252 2291 3305 ὑπὸ
2309 3251 2402 3304 τοῦ
2417 3251 2574 3314 Θεοῦ,
2594 3250 2728 3303 ἀλλὰ
2750 3250 2813 3319 δὴ
2831 3251 3209 3321 ἀποδειχθῆναι
3231 3248 3392 3303 τοῦτο
3416 3252 3478 3302 οὗ
3498 3249 3656 3303 δύνα-

388 3341 512 3394 hoc.
543 3341 744 3396 Omnes
782 3342 929 3395 enim
965 3342 1210 3396 visibiles
1233 3353 1500 3397 creaturae
1535 3345 1589 3396 in
1621 3345 1795 3411 prima
1837 3343 1940 3398 heb

2096 3342 2207 3412 ἀι.]
2259 3343 2445 3395 Πάντα
2466 3342 2575 3411 γὰρ
2627 3343 2695 3395 τὰ
2724 3341 2898 3412 δρατὰ
2931 3341 3218 3410 κτίσματα,
3255 3343 3314 3392 ἐν
3353 3344 3424 3411 τῇ

387 3429 622 3484 domada
659 3431 817 3484 facta:
841 3437 995 3483 sunt.
1027 3429 1308 3484 Formavit
1333 3433 1482 3486 enim
1518 3431 1661 3486 Deus
1692 3432 1939 3486 hominen

2088 3431 2326 3501 1:66opdt6t
2367 3431 2682 3503 γεγένηται.
2717 3432 2996 3485 Ἐπλασεν
3031 3432 3129 3500 γάρ
3175 3433 3201 3482 ὁ
3232 3431 3368 3492 Θεὸς
3408 3431 3502 3482 τὸν
3545 3431 3640 3482 ἄν·

388 3523 445 3577 in
479 3521 655 3591 prima
681 3521 1047 3586 hebdomade,
1087 3530 1141 3576 et
1171 3522 1432 3590 praecepit
1464 3522 1643 3597 ipsum
1673 3537 1940 3592 generare

2081 3522 2290 3591 Bpwmv
2318 3525 2386 3593 τῇ
2445 3521 2640 3593 πρώτῃ
2680 3521 2960 3591 ὲϐδομάδι,
2992 3522 3078 3575 κσὶι
3110 3519 3434 3588 προσέταξεν
3463 3519 3633 3571 αὐτὸν

387 3622 443 3670 et
473 3613 751 3684 generari,
796 3613 987 3668 dicens
1019 3630 1034 3667 :
1087 3631 1106 3665 ι
1146 3612 1395 3668 Crescite
1432 3621 1488 3668 et
1527 3613 1939 3683 multiplicamiu

2097 3616 2267 3686 ἐννᾷν
2296 3615 2392 3668 καὶ
2423 3613 2737 3682 γεννᾶσθαι,
2771 3612 2943 3667 εἰπών
2966 3629 2979 3642 °
3021 3633 3037 3664 ι
3062 3610 3352 3675 Αὺξανεσῦε
3370 3612 3476 3663 κε).
3491 3610 3649 3680 iur,-

388 3713 447 3762 et
470 3706 678 3777 replete
704 3714 910 3761 terram
941 3706 1004 3761 ¹¹.
1030 3723 1048 3756 ι
1079 3704 1147 3758 Et
1169 3705 1299 3775 quia
1333 3705 1635 3760 animatum
1656 3719 1756 3760 ens
1784 3707 1940 3760 homo

2108 3705 2295 3758 ύνεσθε
2325 3706 2421 3758 καὶ
2459 3704 2787 3776 πληρώσατε
2820 3705 2920 3775 τὴν
2946 3703 3071 3773 γῆν.
3111 3721 3130 3755 ι
3165 3700 3274 3754 Καὶ
3300 3702 3382 3753 ὃτι
3407 3700 3656 3769 ἔμψυχος

391 3796 696 3850 animatum
732 3809 920 3850 semen
956 3801 977 3832 ²
1017 3793 1253 3857 habens,
1302 3793 1359 3845 in
1404 3793 1626 3861 propria
1662 3806 1833 3846 uxore
1883 3807 1942 3847 se

2107 3815 2140 3861 ην
2169 3799 2196 3850 6
2223 3795 2532 3867 ἄνθρωπος,
2568 3795 2808 3866 ἔμψυχον
2867 3795 3094 3864 σπέρμα
3143 3794 3304 3863 ἔχων.
3334 3795 3391 3844 ὲν
3436 3795 3504 3860 τῇ
3552 3791 3659 3858 ἰδίᾳ

392 3903 518 3942 men
577 3885 962 3957 repullulavit.
989 3885 1174 3951 Quare
1209 3882 1373 3937 homo
1400 3882 1679 3936 hominem
1726 3890 1944 3952 generat

2104 3887 2300 3940 ὐναικὶ
2323 3886 2546 3956 σπέρμα
2576 3885 2870 3954 ἀνέφυσεν.
2910 3885 3074 3938 Ὥστε
3103 3883 3390 3952 ἄνθρωπος
3423 3882 3656 3953 [ἄνθρω-

392 3976 857 4048 quemadmodum
911 3974 1099 4029 divina
1150 3974 1436 4042 Scriptura
1467 3973 1582 4026 ait:
1617 3993 1635 4025 ι
1677 3968 1848 4026 Adam
1884 3989 1944 4043 ge

2112 3977 2200 4049 τον]
2240 3977 2425 4047 γεννᾷ,
2455 3975 2600 4029 καθά
2657 3990 2790 4044 φησι
2818 3976 2910 4027 καὶ
2941 3975 2976 4044 ἡ
3022 3973 3142 4027 θεία
3161 3974 3352 4042 Γραφή
3378 3988 3391 4001 °
3436 3992 3454 4023 ι
3490 3971 3664 4039 Ἀδὰμ

395 4069 519 4123 uuit
557 4067 714 4134 Seth,
745 4076 803 4121 et
851 4065 983 4121 Scth
1025 4068 1216 4136 genuit
1267 4064 1438 4126 Enos,
1487 4073 1542 4119 et
1589 4063 1736 4119 Enos
1783 4064 1947 4134 genui

2116 4070 2337 4138 γέννησε
2367 4067 2456 4120 τὸν
2484 4066 2615 4137 Σὴθ,
2647 4068 2742 4120 καὶ
2768 4065 2873 4135 Σὴθ
2904 4064 3169 4136 ἐγέννησε
3191 4065 3284 4116 τὸν
3327 4062 3496 4125 Ἐνώς
3517 4079 3534 4092 ο
3573 4062 3668 4114 καὶ

395 4162 626 4226 (Iainan,
653 4169 708 4215 et
730 4160 939 4215 Cainan
973 4158 1164 4228 genuit
1214 4155 1458 4210 Melaleel
1483 4157 1549 4220 υ,
1591 4175 1608 4206 ι
1643 4163 1698 4210 et
1729 4171 1850 4225 quae
1885 4171 1944 4211 se

2117 4160 2258 4224 Ενὼς
2279 4160 2538 4229 ἐγέννησε
2594 4159 2686 4212 τὸν
2719 4158 2927 4212 Καινάν
2951 4174 2965 4186 ’
2996 4157 3092 4210 καὶ
3118 4158 3148 4208 6
3171 4154 3380 4208 Καινὰν
3407 4153 3669 4220 ἐγέννησε

396 4259 666 4319 quuntur.
711 4249 777 4304 Et
815 4265 926 4304 non
956 4248 1116 4311 dixit,
1145 4245 1289 4303 Deus
1317 4246 1781 4317 plasmavitSeth,
1808 4247 1948 4303 Enos

2120 4259 2167 4309 ἃν
2213 4252 2526 4324 Μαλαλεὴλ,
2573 4271 2590 4304 ι
2633 4253 2728 4306 καὶ
2786 4252 2855 4306 τὰ
2907 4250 3056 4320 ἑξῆς.
3104 4251 3217 4303 Καὶ
3255 4249 3355 4302 οὐκ
3393 4243 3581 4310 εἶπεν,
3616 4249 3672 4299 ’0

396 4344 480 4396 vel
502 4343 671 4396 alium
699 4341 958 4411 aliquem.
997 4341 1064 4394 Et
1091 4340 1221 4394 hinc
1261 4341 1670 4408 cognoscimus,
1713 4339 1948 4408 quonian

2139 4347 2211 4408 :6;
2248 4344 2451 4397 ἔπλασε
2519 4343 2611 4396 τὸν
2643 4342 2774 4413 Σὴθ,
2805 4342 2838 4413 ἢ
2870 4342 2960 4396 τὸν
3017 4342 3209 4405 Ένὼς,
3244 4342 3279 4411 ἢ
3318 4341 3484 4394 ἄλλον
3529 4340 3691 4417 τινά..Δ

396 4439 752 4501 generantur,
777 4439 832 4486 et
859 4436 1127 4500 generant
1156 4443 1331 4496 usque
1380 4427 1447 4480 ad
1501 4442 1782 4497 praesens;
1809 4435 1863 4482 et
1895 4429 1948 4481 sit

2127 4439 2222 4492 (αἱ
2259 4435 2510 4489 ἐντεῦθεν
2564 4434 2928 4502 γινώσκομεν,
2963 4434 3048 4486 ὅτι
3079 4433 3380 4500 γεννῶνται
3414 4432 3518 4484 καὶ
3554 4447 3679 4498 γεν-

397 4524 578 4591 gratia
617 4521 713 4578 Dei
764 4521 1006 4576 mundus
1035 4519 1378 4575 constitutus
1413 4527 1499 4574 est
1529 4536 1544 4576 :
1573 4519 1701 4588 quia
1733 4520 1877 4574 enim
1909 4535 1949 4574 e:

2129 4529 2215 4582 ὒσι
2285 4527 2446 4598 μέχρι
2500 4527 2594 4579 τοῦ
2642 4526 2778 4578 νῦν·
2831 4527 2925 4578 καὶ
2985 4524 3128 4578 οῦτω
3172 4525 3355 4594 χάριτι
3396 4521 3502 4574 τοῦ
3541 4520 3681 4573 Θεοῦ

398 4624 531 4668 tunc
587 4613 767 4669 omnis
819 4613 988 4666 herba
1042 4620 1270 4683 generat
1324 4619 1379 4665 et
1445 4618 1794 4680 generatur:
1839 4611 1949 4666 dixi

2136 4619 2288 4688 Ξσμος
2311 4617 2662 4686 συνέστηκεν,
2703 4616 2785 4668 ὅτι
2836 4615 2943 4668 ἀπὸ
2989 4615 3112 4668 τότε
3143 4615 3253 4676 πᾶς
3279 4613 3483 4682 χόρτος
3514 4611 3688 4680 γεγδᾷ

397 4704 546 4759 enim
580 4702 762 4758 Deus:
801 4721 821 4754 ι
857 4701 1141 4757 Germinet
1171 4709 1320 4754 terra
1353 4699 1580 4754 herbam
1624 4699 1733 4765 feni
1760 4699 1831 4766 u;
1870 4717 1888 4750 ι
1926 4714 1949 4754 ε

2134 4712 2181 4762 xl.
2215 4710 2472 4777 γεννᾶται
2493 4727 2504 4738 ·
2526 4703 2648 4760 εἷπε
2669 4706 2778 4777 γὰρ
2806 4708 2834 4759 6
2858 4706 2994 4770 Θεός
3094 4724 3111 4755 ι
3131 4703 3518 4772 Βλαστησάτω
3547 4705 3584 4771 ἡ
3614 4704 3686 4770 γῆ

399 4804 672 4866 pmceplo
701 4793 794 4848 Dei
832 4792 1156 4864 germinavit
1184 4805 1528 4861 unaquaeque
1556 4791 1719 4845 arbor
1749 4809 1764 4844 :
1789 4791 1951 4846 simili

2140 4799 2320 4869 ›τάνην
2342 4799 2535 4870 χόρτου
2558 4814 2571 4829 °
2603 4817 2620 4848 ι
2653 4799 2749 4850 καὶ
2779 4797 3166 4866 προστάγματι
3195 4792 3288 4846 τοῦ
3318 4791 3462 4845 Θεοῦ
3498 4792 3692 4864 [ἐϐλά-

403 4902 490 4946 tcr
529 4897 586 4942 et
631 4887 824 4949 herba,
861 4893 916 4941 et
962 4885 1148 4955 planta
1181 4899 1249 4939 ex
1283 4884 1465 4953 seipsa
1498 4883 1664 4937 habet
1699 4898 1887 4939 semen
1926 4898 1955 4939 e

2142 4903 2288 4956 :qaev
2345 4885 2575 4940 ἕκαστον
2645 4884 2820 4949 ξύλον,
2873 4885 3075 4954 ὁμοίως
3113 4883 3179 4952 δὴ
3228 4882 3321 4934 καὶ
3347 4880 3567 4952 βοτάνη
3598 4883 3694 4933 καὶ

403 4979 726 5050 potentiam.
767 4977 962 5032 Semen
989 4987 1170 5031 autem
1221 4976 1404 5031 omnis
1455 4975 1660 5045 planta:
1687 4983 1744 5030 et
1774 4975 1954 5031 herbre

2145 4976 2277 5045 ηδν,
2311 4975 2372 5040 ἐξ
2393 4974 2588 5028 ἑαυτοῦ
2623 4974 2734 5045 ἔχει
2763 4975 2984 5044 σπέρμα
3012 4973 3106 5027 καὶ
3123 4972 3351 5041 δύναμιν
3378 4987 3395 5001 ⁶
3454 4973 3697 5043 σπέρμα

405 5070 706 5125 animatum
739 5069 883 5139 quod
924 5076 1029 5132 est,
1076 5069 1130 5121 in
1167 5078 1368 5128 terram
1403 5066 1648 5132 cadens,
1694 5084 1721 5120 ιι
1771 5067 1956 5136 seipse

2177 5070 2378 5132 παντὸς
2410 5068 2580 5138 φυτοῦ
2629 5068 2721 5121 καὶ
2758 5067 2984 5138 βοτάνης
3018 5065 3262 5136 ἔμψυχον
3292 5063 3372 5135 ὃν]
3419 5067 3487 5117 ἐν
3516 5070 3590 5136 τῇ
3625 5068 3696 5134 γῇ

479 5224 521 5259 ⁸⁸
578 5225 718 5281 Gen.
751 5242 790 5291 ι,
822 5225 907 5279 l8.
991 5225 1032 5254 “
1067 5221 1202 5278 Gen.
1235 5238 1288 5291 ν,
1314 5225 1346 5277 4
1385 5237 1539 5293 seqq.
1641 5221 1686 5252 "
1735 5221 1870 5276 Gen.
1912 5240 1950 5287 ι,
1997 5223 2081 5277 ll.

1712 5375 1950 5436 VARl/E
1990 5375 2394 5432 LECTIONES.

484 5484 503 5518 ³
534 5495 682 5549 Alias
712 5494 927 5563 propria
954 5493 1306 5564 ordinatione.
1386 5507 1423 5533 ω
1456 5495 1594 5564 Lege
1617 5505 1802 5549 contra
1826 5492 1999 5564 dicis.‘
2022 5560 2035 5564 _
2084 5499 2111 5526 υ
2138 5489 2250 5544 lmo
2278 5491 2558 5564 secundum
2590 5499 2656 5564 te.
2754 5496 2778 5524 ο
2801 5489 2972 5564 _\_’erle
3018 5502 3139 5564 nam
3169 5484 3310 5553 quod
3348 5481 3507 5564 Deus
3533 5499 3699 5550 prc-

407 5567 622 5630 ccperit.
702 5554 728 5614 ἰ)
755 5554 894 5624 Als.,
921 5563 1158 5618 mendaci
1186 5554 1854 5633 inscriptione'prwnotati.
1931 5571 1958 5610 (ι
1986 5560 2038 5614 Id
2064 5569 2146 5614 est
2166 5561 2443 5615 creationis
2471 5560 2672 5614 mundi.
2755 5567 2775 5594 τ
2801 5557 2962 5613 Verte
2980 5572 3043 5611 ex
3075 5556 3353 5608 Abucara:
3378 5554 3698 5607 Animatus

415 5649 522 5688 erat
553 5636 726 5699 homo,
759 5635 1049 5687 animatum
1080 5649 1269 5688 semen.
1349 5641 1369 5669 '
1397 5636 1542 5691 Alias
1573 5644 1832 5707 potestate
1860 5633 2077 5701 propria
2111 5639 2280 5684 utens.
