3962 6202
450 192 585 258 1593

1324 192 1776 255 DISPUTATIO
1815 193 2265 258 CHRISTIANI
2304 198 2397 256 ET
2427 198 2823 257 SARM‘ENI.

3552 188 3689 254 1534

450 308 670 370 πίπτον,
700 301 813 375 [ἀφ’
839 299 1053 372 ἑαυτοῦ]
1106 301 1137 369 ἦ
1189 303 1283 354 καὶ
1311 303 1414 355 ὑπὸ
1455 303 1614 356 ἄλλου
1651 304 2010 374 σπειρόμενον

2122 307 2196 362 vel
2219 307 2285 363 ab
2314 306 2421 361 alio
2450 306 2803 369 seminatum,
2830 303 3184 374 regerminat,
3218 318 3326 356 non
3357 301 3687 371 plasmatum

449 397 611 451 πάλιν
640 394 943 465 βλαστάνει,
980 391 1054 462 μὴ
1097 392 1474 463 πλαττᾷμενον
1510 396 1616 448 ὑπό
1663 412 1825 459 τινος,
1880 394 2019 449 ἀλλὰ

448 489 525 558 τῷ
554 486 933 557 προστάγματι
955 483 1048 536 τοῦ
1076 482 1210 535 Θεοῦ
1241 483 1515 537 ὑπακοῦον
1543 501 1557 516 ο
1598 485 1705 539 ἰδοὺ
1735 485 1908 552 κάγὼ,
1939 485 2017 547 ὡς

446 580 541 632 καὶ
563 577 783 650 πρῶτον
806 577 968 645 ἔφην,
1008 574 1356 639 αὑτεξοὺσιος
1393 574 1490 641 ὢν,
1515 577 1649 630 ὅπου
1680 576 1745 631 ἂν
1782 577 2014 647 σπείρω,

448 670 549 723 κᾶν
584 673 662 733 είς
696 669 833 721 ἰδίαν
862 660 1119 734 γυναῖκα,
1153 666 1259 719 κᾶν
1315 669 1393 730 εἰς
1437 668 1753 739 ἀλλοτρίαν,
1799 670 1867 737 τῇ
1909 668 2017 738 ἰδίᾳ

446 756 664 827 ἐξουσίᾳ
718 756 1035 827 χρώμενος,
1083 754 1478 810 άναὸλαστάνει
1530 758 1625 809 καὶ
1681 755 1891 823 γίνεται
1937 755 2015 825 τῷ

443 847 652 918 πρώτῳ
712 845 1101 915 προστάγματι
1153 844 1250 898 τοῦ
1310 845 1446 899 Θεοῦ
1503 847 1884 900 ὑπακούουσιν
1917 848 2015 917 οὐχ

442 941 524 992 ὃτι
561 940 659 990 καλ⁵
684 934 779 990 νῦν
814 937 936 991 καθ’
986 938 1226 1007 ἑκάστην
1284 940 1498 1011 ἡμέραν
1548 940 1577 991 6
1621 940 1752 1002 Θεὸς
1790 940 2016 993 πλάττει

445 1029 540 1081 καὶ
572 1027 865 1097 ἐργάζεται
892 1044 905 1059 ⁸
958 1029 1148 1099 ἐπειδὴ
1195 1032 1252 1082 ἐν
1286 1034 1354 1101 τῇ
1400 1032 1590 1102 πρώτῃ
1623 1030 1877 1101 ἐϐδομάδι
1911 1048 2015 1083 πε-

445 1119 675 1189 ποίηκεν
702 1122 730 1172 6
755 1120 886 1184 Θεὸς
920 1121 1012 1174 τὸν
1043 1122 1274 1192 οὐρανὸν
1303 1123 1400 1176 καὶ
1432 1124 1531 1193 τὴν
1560 1124 1683 1193 γῆν,
1715 1123 1807 1175 καὶ
1837 1122 2016 1176 πάντα

442 1210 535 1263 τὸν
574 1210 774 1281 κόσμον
791 1212 849 1263 ἐν
884 1211 1120 1281 ἡμέραις
1156 1212 1241 1277 ἒξ,
1264 1214 1360 1266 καὶ
1391 1216 1457 1284 τῇ
1492 1213 1674 1285 ἡμέρᾳ
1713 1216 1779 1283 τῇ
1813 1212 2015 1283 ἐϐδόμῃ

444 1300 787 1356 κατέπαυσεν
810 1301 917 1355 ἀπὸ
949 1304 1168 1358 πάντων
1185 1304 1293 1357 τῶν
1308 1304 1483 1375 ἔργων
1502 1305 1692 1369 αὐτοῦ,
1715 1299 1790 1359 ὧν
1813 1304 2016 1376 ἡρξοιτο

445 1394 637 1459 ποιεῖν,
664 1385 797 1446 λίαθό
829 1411 882 1447 τι
912 1396 946 1466 ἡ
964 1393 1073 1466 ἐμὴ
1098 1396 1287 1468 Γραφὴ
1325 1400 1614 1468 μαρτυρεῖ.

512 1507 763 1561 ΣΑΡΑΚ.
798 1509 909 1563 Καὶ
941 1510 1059 1573 πῶς
1101 1527 1267 1580 φησιν
1297 1512 1324 1563 6
1359 1511 1489 1574 Θεὸς
1536 1511 1669 1581 πρὸς
1720 1511 2010 1582 Ἱερεμίαν,

450 1614 468 1644 ε
505 1596 619 1666 Πρὸ
651 1596 747 1649 τοῦ
778 1598 875 1668 μέν
923 1599 1127 1652 πλάσαι
1164 1616 1223 1652 σε
1269 1602 1326 1654 ἐν
1358 1600 1567 1671 κοιλίᾳ,
1599 1600 1897 1670 ἐπίσταμαί
1928 1618 2008 1668 σε,

441 1688 533 1738 καὶ
558 1688 620 1738 ἐκ
652 1690 862 1760 μήτρας
891 1690 1093 1760 ἡγίασά
1120 1707 1213 1757 σε;
1248 1710 1266 1742 ι
1304 1689 1569 1762 [Πάντως
1607 1688 1700 1746 οῦν
1738 1693 1795 1746 ἐν
1828 1694 2011 1764 μήτρᾳ

439 1776 695 1836 ἔπλασεν.
733 1778 755 1851 ]

510 1869 739 1922 ΧΡΙΣΤ.
799 1871 1085 1942 Ἔμψυχον
1144 1872 1239 1926 καὶ
1331 1874 1711 1947 σπερματικὴν
1780 1875 2011 1946 δύναμιν

451 1958 622 2030 ’Δδάμ
652 1962 710 2013 ἐν
735 1963 799 2030 τῇ
834 1963 1009 2032 κοιλίᾳ
1035 1963 1202 2032 ἔχων,
1233 1963 1492 2035 ἐγέννησε
1524 1965 1616 2019 τὸν
1647 1966 1753 2037 Σὴθ
1776 2006 1791 2031 ,
1826 1966 2012 2030 καθὼς

441 2048 611 2117 ἔφην,
665 2050 694 2101 6
743 2049 849 2118 Σὴθ
902 2052 995 2103 καλ⁸
1045 2050 1246 2118 Ἐνὼς,
1296 2054 1392 2105 καλ¹
1444 2053 1671 2117 ἕκαστος
1725 2054 2011 2126 ἅνθρωπος

441 2142 689 2211 προέχων
720 2145 778 2194 ἐν
823 2146 889 2214 τῇ
936 2145 1117 2217 κοιλίᾳ
1148 2146 1313 2201 αὐτοῦ
1347 2147 1483 2212 υἱὸν,
1512 2148 1608 2201 καὶ
1638 2149 1666 2200 6
1694 2151 1805 2213 υίὸς
1851 2151 2004 2218 ἐγέν-

439 2247 570 2300 νησε
606 2230 825 2303 [μέχρι
863 2234 956 2287 τοῦ
996 2235 1333 2309 παρόντος.]
1381 2238 1453 2290 Τὸ
1492 2238 1549 2291 δὲ
1574 2279 1588 2302 ,
1633 2260 1651 2290 ‹
1686 2241 1750 2293 ἐκ
1795 2242 2009 2311 μήτρας

437 2320 643 2388 ἡγίακά
673 2340 730 2374 σε
754 2364 768 2387 ,
816 2343 835 2376 ι
880 2324 1093 2396 [ἐννόει
1128 2327 1344 2397 ἐκείνην
1368 2366 1383 2391 ,
1431 2329 1561 2397 ἥτις
1592 2330 1807 2399 άληθῶς
1849 2334 2006 2399 ἐγέν-

436 2428 568 2479 νησε
622 2412 792 2466 τέκνα
841 2414 977 2468 Θεοῦ
1027 2414 1169 2469 κατὰ
1215 2415 1313 2485 τὴν
1354 2420 1659 2489 μαρτυρίαν
1704 2419 1799 2472 τοῦ
1847 2421 2002 2488 ἁγίου

435 2501 789 2569 Εὐαγγελίου.
819 2504 839 2576 ]

503 2590 752 2644 ΣΔΡΛΚ.
813 2593 951 2655 Τοὺς
1004 2594 1292 2659 ποιοῦντας
1340 2598 1400 2649 τὸ
1449 2597 1663 2667 θέλημα
1696 2597 1789 2650 τοῦ
1839 2599 1998 2665 Θεοῦ,

432 2677 630 2739 καλοὺς
656 2679 837 2745 λέγεις
872 2681 905 2750 ἢ
940 2682 1145 2745 κακούς
1170 2702 1185 2749 ;

504 2766 525 2836 ι
554 2765 779 2821 ΧΡΙΣΤ.
814 2769 1002 2831 Θέλεις
1032 2773 1211 2825 εἰπεῖν
1232 2813 1246 2837 ,
1282 2774 1365 2827 ὃτι
1393 2776 1422 2827 6
1452 2776 1686 2845 Χριστὸς
1724 2779 1875 2831 ἄκων
1905 2779 2004 2830 πέ-

432 2856 663 2923 πονθεν;
704 2860 795 2911 καὶ
822 2860 917 2912 ἐὰν
954 2862 1094 2915 εἴπω
1127 2880 1209 2916 σοι
1239 2865 1437 2928 καλοὺς
1458 2908 1471 2930 ,
1505 2866 1695 2935 φήσεις
1726 2868 1860 2937 πρός
1895 2885 1961 2937 με
1984 2884 1998 2896 ·

2119 397 2188 453 ab
2212 398 2415 466 aliquo,
2439 396 2534 451 sed
2561 402 2836 465 prrecepto
2858 392 2950 447 Dei
2982 392 3264 447 obediens.
3299 391 3438 445 Ecce
3476 401 3529 444 et
3564 406 3686 461 ego,

2115 484 2572 558 quemadmodum
2623 485 3011 556 przedicebam,
3069 484 3208 539 liber
3258 483 3489 537 arbitrio
3539 484 3687 538 etsi-

2115 589 2289 643 stens,
2311 578 2403 634 ubi
2430 578 2618 647 utique
2640 576 2872 642 semine,
2905 576 3021 631 sive
3044 575 3098 627 in
3130 575 3400 644 propriam
3433 588 3685 639 uxorem,

2117 670 2233 725 sive
2261 671 2315 724 in
2350 669 2605 733 alienam,
2638 670 2812 723 libero
2843 665 3073 721 arbitrio
3110 674 3271 721 utens
3308 681 3354 730 ο,
3389 666 3683 735 germinat,

2115 768 2170 814 et
2206 760 2267 813 ﬁt
2292 767 2562 830 praecepto
2594 759 2686 814 Dei
2718 758 2980 814 obediens
3005 777 3019 813 ι
3045 772 3154 812 non
3178 758 3433 827 quoniam
3462 766 3516 812 et
3540 772 3682 810 nunc

2117 852 2417 906 secundum
2454 866 2897 921 unamquamque
2928 851 3070 905 diem
3116 851 3370 920 plasmat,
3404 856 3457 903 et
3494 863 3686 919 opera-

2118 950 2238 1007 tur;
2272 944 2398 1011 quia
2444 943 2499 996 in
2549 943 2724 1012 prima
2771 941 3113 995 hebdomade
3166 939 3294 994 fecit
3342 938 3507 1010 469
3544 939 3683 993 Deus

2116 1035 2317 1088 (mlum
2347 1043 2401 1089 et
2427 1044 2665 1099 terram,
2697 1042 2753 1090 et
2797 1035 3119 1088 universum
3172 1032 3433 1086 mundum
3484 1032 3537 1085 in
3588 1047 3683 1085 sex

2116 1126 2332 1191 diebus,
2368 1137 2419 1181 et
2441 1128 2530 1181 die
2558 1128 2789 1197 septima
2819 1127 3087 1196 requievit
3117 1125 3185 1181 ab
3219 1126 3477 1178 omnibus
3506 1124 3685 1193 operi-

2116 1217 2219 1273 bus
2241 1218 2362 1288 ejus
2385 1233 2504 1288 quin
2535 1220 2738 1289 incepit
2774 1218 2977 1284 facere,
3003 1217 3305 1274 secundum
3345 1215 3493 1285 quod
3531 1214 3683 1270 Scri-

2117 1318 2279 1379 ptura
2315 1318 2549 1365 testatur
2582 1324 2728 1365 mea.

2187 1497 2431 1554 SARAC.
2459 1499 2707 1565 Qualiter
2727 1499 2803 1554 ait
2822 1499 2963 1556 Deus
2989 1500 3055 1554 ad
3082 1497 3376 1554 Jeremiam
3404 1517 3418 1554 :
3443 1518 3461 1551 ι
3492 1499 3683 1555 Prius-

2115 1579 2278 1659 quam
2313 1597 2365 1644 te
2393 1589 2684 1646 formarem
2718 1591 2772 1645 in
2810 1599 2965 1645 utero
3000 1591 3136 1645 scivi
3160 1599 3233 1653 te,
3268 1597 3323 1645 et
3358 1605 3424 1645 ex
3454 1592 3682 1644 matrice

2116 1680 2452 1736 sanctiﬁcavi
2480 1688 2533 1735 te
2552 1680 2619 1735 “.
2656 1699 2673 1731 ι
2714 1680 2948 1736 Omnino
2999 1680 3163 1750 igitur
3207 1679 3262 1733 in
3322 1689 3511 1734 ventre
3560 1679 3680 1749 pla-

2118 1770 2337 1824 smavit.

2186 1859 2461 1916 CHRIST.
2494 1860 2806 1914 Animatam
2856 1868 2913 1915 et
2960 1860 3341 1915 seminativam
3380 1860 3683 1929 potentiam

2112 1952 2284 2006 Adam
2316 1954 2369 2006 in
2401 1959 2592 2007 ventre
2636 1952 2871 2013 habens,
2914 1952 3101 2020 genuit
3133 1952 3289 2015 Seth,
3318 1951 3685 2020 quemadmo-

2113 2044 2243 2099 dum
2272 2044 2524 2100 dicebam
2555 2062 2568 2097 :
2601 2041 2731 2097 Setli
2754 2052 2806 2097 et
2844 2044 2987 2096 Enos
3018 2052 3069 2095 et
3101 2042 3483 2111 unusquisque
3518 2042 3684 2095 homo

2113 2136 2441 2206 prwliabens
2496 2136 2551 2188 in
2599 2142 2792 2188 ventre
2826 2150 2985 2189 suum
3024 2133 3217 2194 ﬁlium,
3251 2140 3306 2187 et
3360 2133 3504 2186 lilius
3552 2133 3681 2187 item

2111 2227 2322 2295 genuit,
2369 2240 2547 2293 usque
2598 2224 2664 2277 ad
2714 2240 2975 2293 praasens.
3009 2222 3147 2277 Illud
3179 2237 3330 2285 vero,
3366 2240 3385 2274 ι
3416 2238 3482 2277 ex
3526 2230 3682 2276 utero

2111 2316 2451 2371 sanctilicavi
2476 2324 2550 2380 te,
2590 2335 2609 2367 ι
2643 2316 2886 2385 intellige
2918 2331 3062 2381 eam,
3084 2328 3206 2383 quae
3233 2329 3363 2368 vere
3390 2314 3578 2383 genuit
3614 2315 3679 2366 li-

2109 2409 2214 2463 lios
2276 2408 2393 2471 Dei,
2459 2407 2761 2463 secundum
2826 2406 3202 2462 testimonium
3264 2405 3444 2459 sancti
3502 2404 3682 2458 Evan-

2106 2500 2253 2569 gelii.
2920 2550 2925 2551 ,

2179 2588 2430 2647 SARAC.
2465 2588 2757 2646 Facientes
2801 2588 3140 2643 voluntatem
3184 2586 3300 2651 Dei,
3334 2585 3511 2639 bonos
3540 2584 3680 2642 dicis

2107 2678 2192 2732 vel
2217 2679 2427 2733 malos?

2176 2765 2452 2820 CHRIST.
2492 2765 2687 2821 Dicere
2733 2765 2841 2832 vis,
2885 2765 3151 2836 quoniam
3202 2765 3456 2822 Christus
3486 2765 3679 2819 nolens

2108 2870 2304 2923 passus
2332 2857 2453 2910 est?
2479 2864 2532 2909 et
2560 2857 2606 2912 si
2659 2857 2840 2912 dicam
2877 2857 3002 2919 tibi,
3053 2858 3254 2921 bonos,
3307 2857 3457 2912 dices
3492 2856 3624 2909 mihi
3659 2871 3677 2910 :

435 2949 702 3021 ⁹’Υπαγε,]
735 2952 999 3022 ἀποδέχου
1030 2954 1124 3007 καὶ
1152 2957 1275 3018 τοὺς
1326 2957 1611 3022 Ἰουδαίους
1636 2998 1650 3023 ,
1696 2959 1772 3022 ὡς
1812 2958 1874 3012 τὸ
1909 2959 2026 3018 Θέυ

2122 2945 2272 3010 Vade,
2303 2948 2500 3013 adores
2537 2949 2667 3005 deos
2691 2949 2738 3017 ί,
2769 2948 3029 3020 quoniam
3074 2950 3414 3003 volunlalem
3459 2946 3554 3003 Dei
3596 2948 3677 3000 tui

429 3043 578 3113 λημα
608 3043 701 3096 τοῦ
722 3044 857 3098 Θεοῦ
886 3062 979 3097 σου
1010 3047 1360 3118 ποιήσαντας.

499 3136 789 3205 [ΣΑΡΑΚ.
824 3138 933 3189 Καὶ
957 3137 1114 3191 τοῦτό
1147 3155 1227 3190 σοι
1258 3138 1448 3208 ἡθελον
1470 3141 1664 3194 εἰπεῖν.

496 3226 720 3280 ΧΡΙΣΤ.
756 3225 849 3297 Τί]
888 3228 951 3280 σὺ
987 3227 1166 3295 λέγεις
1204 3228 1414 3297 θέλημα
1453 3224 1631 3301 sivetu;
1679 3230 1821 3299 Ἐγὼ
1850 3231 1993 3299 λέγω

424 3315 522 3383 τὴν
554 3315 752 3384 ἀνοχὴν
791 3317 884 3368 καὶ
914 3314 1321 3387 μακροθυμίαν.

422 3637 517 3690 τοῦ
542 3637 676 3691 Θεοῦ
701 3640 968 3703 εἰπόντος,
1008 3659 1026 3691 ι
1062 3639 1152 3711 Μὴ
1178 3640 1405 3711 κλέψῃς,
1435 3642 1508 3714 μὴ
1550 3644 1874 3715 πορνεύσῃς,
1911 3628 1986 3715 μὴ

424 3730 689 3801 φονεύσῃς
713 3770 727 3794 ,
761 3749 779 3781 ι
816 3731 961 3786 ϐέλει
996 3734 1085 3787 ἵνα
1111 3734 1421 3804 κλέψωμεν,
1457 3734 1490 3803 ἢ
1521 3735 1985 3806 πορνεύσωμεν,ἢ

420 3820 771 3890 φονεύσωμεν
796 3839 811 3887 ;

486 3912 734 3965 ΣΑΡΑΚ.
803 3914 989 3983 Οὐχί·
1056 3918 1104 3968 εί
1175 3915 1283 3985 γάρ
1351 3915 1580 3985 ἤθελεν,
1644 3916 1807 3987 [οὐκ
1863 3913 1987 3970 εἷπε

416 4016 597 4053 τουτο.

483 4092 711 4147 ΧΡΙΣΤ.
740 4093 877 4159 Δόξα
910 4096 987 4165 τῷ
1012 4095 1150 4166 Θεῷ,
1180 4098 1263 4150 ὃτι
1295 4098 1359 4151 σὺ
1390 4096 1807 4169 ὡμολόγησας.]
1852 4099 1983 4151 Ἰδοὺ

418 4182 642 4237 συνέθου
674 4202 782 4255 μοι,
812 4186 894 4238 ὅτι

2100 3035 2371 3091 fecerunt.

2170 3124 2418 3179 SABAC.
2448 3125 2515 3179 Et
2550 3125 2654 3181 hoc
2680 3126 2778 3181 tibi
2807 3127 3054 3183 volebam
3087 3127 3289 3183 dicere.

2165 3214 2442 3270 CHRIST.
2477 3216 2618 3281 Quid
2665 3226 2721 3271 tu
2769 3217 2912 3272 dicis
2962 3218 3303 3272 voluntatem
3349 3207 3517 3273 esse?
3565 3218 3675 3288 Ego

2096 3305 2219 3359 dico
2248 3307 2637 3361 sustinentium
2663 3316 2718 3361 et
2741 3307 3237 3377 longanimitalem.

2165 3393 2411 3449 SARAC.
2451 3395 2607 3451 Unde
2629 3396 2731 3451 hoc
2760 3398 3058 3453 ostendere
3095 3400 3297 3468 potes?

2162 3484 2436 3539 CHRIST.
2466 3485 2568 3540 Per
2602 3502 2719 3541 rem
2756 3504 2771 3540 :
2802 3488 2954 3556 quia,
3006 3488 3232 3543 sedente
3265 3503 3350 3543 me
3387 3497 3444 3542 et
3471 3498 3544 3552 le,
3585 3489 3669 3544 vel

2092 3574 2388 3637 stantibus,
2424 3581 2605 3642 potest
2628 3576 2755 3643 quis
2779 3590 2843 3627 ex
2872 3575 3046 3629 libero
3067 3577 3304 3631 arbitrio
3344 3580 3460 3633 sive
3484 3587 3653 3646 stare,

2091 3664 2179 3718 vel
2204 3664 2434 3718 moveri.
2460 3663 2543 3729 Et,
2576 3664 2844 3734 numquid
2870 3664 3084 3721 dicente
3106 3666 3253 3723 Deo:
3297 3688 3314 3719 ι
3347 3669 3468 3723 Non
3514 3670 3661 3726 fura-

2090 3753 2263 3819 beris,
2292 3768 2404 3809 non
2440 3753 2828 3819 fornicaberis,
2880 3772 2991 3811 non
3038 3758 3260 3813 occides
3289 3760 3352 3819 ¹⁸.
3398 3779 3417 3812 ι
3463 3762 3580 3816 vult
3606 3768 3667 3817 ut

2091 3844 2361 3909 furemur,
2398 3847 2482 3901 vel
2518 3845 2879 3915 fornicemur,
2916 3851 2998 3903 vel
3034 3850 3390 3906 occidamus?

2172 3936 2422 3993 SARAC.
2450 3937 2594 3992 Non.
2625 3938 2682 3992 Si
2713 3938 2859 3993 enim
2887 3939 3069 4005 vellet,
3098 3955 3205 3994 non
3246 3942 3436 4012 utique
3459 3942 3667 4000 diceret

2090 4028 2216 4083 hoc.

2160 4118 2439 4174 CllRlST.
2474 4119 2659 4175 Gloria
2693 4120 2822 4185 Deo,
2856 4121 3114 4188 quoniam
3163 4130 3221 4174 tu
3263 4120 3553 4177 confessus
3580 4140 3661 4179 es.

2089 4209 2230 4264 Ecce
2279 4210 2588 4264 concordas
2634 4210 2789 4274 inibi,
2837 4211 3095 4279 quoniam
3147 4211 3332 4266 nullus
3372 4226 3439 4264 ex
3467 4213 3662 4277 nobis,

2011 4307 2058 4363 1)
2086 4302 2204 4357 sive
2260 4310 2439 4372 potest
2469 4318 2714 4372 surgere,
2751 4303 2866 4357 sive
2896 4304 3117 4359 vivere:
3168 4313 3221 4359 et
3260 4306 3520 4374 quoniam
3549 4322 3660 4361 non

770 4366 864 4419 καὶ
889 4367 970 4419 ὅτι
1010 4368 1072 4420 οὐ
1105 4366 1248 4420 θέλει
1275 4370 1303 4421 6
1344 4367 1476 4433 Θεὸς
1517 4370 1603 4424 ἵνα
1633 4371 1975 4441 κλέπτωμεν,

2083 4393 2200 4447 vult
2232 4393 2378 4448 Deus
2428 4402 2486 4448 ut
2535 4392 2807 4458 furentur,
2853 4394 2939 4449 vel
2984 4394 3351 4459 fornicemur,
3380 4397 3464 4451 vel
3508 4397 3663 4451 occi-

409 4453 442 4524 ἢ
476 4454 886 4527 πορνεύσωμεν,
916 4458 948 4529 ἢ
991 4458 1363 4530 φονεύσωμεν.
1397 4462 1509 4514 Καὶ
1553 4462 1648 4516 ἐὰν
1686 4464 1812 4534 ἄρτι
1842 4464 1975 4517 ἀνα-

410 4545 543 4606 στὰς
572 4545 755 4615 κλέψω
775 4588 791 4611 ,
825 4549 857 4618 ἢ
900 4551 1182 4621 πορνεύσω
1209 4590 1223 4614 ,
1256 4552 1288 4619 ἢ
1330 4553 1577 4620 φονεύσω
1601 4596 1614 4619 ,
1650 4555 1705 4608 τί
1733 4556 1864 4608 αὐτὸ
1889 4555 1974 4609 λέο

407 4651 559 4701 γειςς
589 4637 800 4709 θέλημα
820 4640 976 4706 Θεοῦ,
1009 4642 1042 4712 ἡ
1082 4684 1096 4698 .
1142 4683 1156 4697 .
1198 4684 1211 4699 .
1258 4682 1273 4697 .
1313 4644 1345 4713 ἢ
1377 4645 1595 4715 ἀνοχὴν,
1629 4646 1661 4717 ἡ
1695 4646 1972 4716 μακροθυ-

457 4726 539 4777 ίαν
562 4742 576 4790 ;

457 4741 576 4790 ιαν;

410 4741 449 4792 μ
475 4821 547 4883 η’.
589 4817 838 4873 ΣΔΡΑΚ.
883 4821 948 4873 Τί
1004 4822 1118 4875 ἐστι
1168 4825 1319 4895 παρά
1372 4842 1453 4879 σοι
1484 4826 1687 4896 μείζων
1711 4871 1726 4896 ,
1757 4831 1785 4883 6
1814 4830 1971 4901 ἁγιά-

404 4904 534 4969 ζων,
569 4908 601 4979 ἢ
635 4911 662 4962 6
694 4911 1051 4982 άγιαζόμενος
1077 4932 1091 4979 ;

2080 4484 2294 4539 damus.
2344 4484 2407 4537 Et
2451 4482 2496 4539 si
2551 4499 2699 4538 nunc
2744 4500 3075 4555 exsurgens,
3131 4486 3303 4548 furer,
3353 4487 3432 4541 vel
3487 4486 3661 4542 forni-

2075 4591 2189 4639 cer,
2223 4575 2307 4628 vel
2352 4576 2632 4640 occidam,
2667 4576 2801 4645 quid
2836 4578 3014 4645 ipsum
3065 4577 3252 4632 dicis?
3286 4576 3657 4646 Voluntatem,

2077 4667 2159 4719 vel
2188 4663 2593 4721 confessionem
2625 4678 2673 4731 υ,
2706 4668 2792 4722 vel
2828 4667 3247 4733 sustinentiam,
3276 4668 3358 4722 vel
3407 4667 3659 4737 longani<

2079 4758 2322 4812 mitatem
2341 4758 2365 4811 ἳ

2150 4847 2202 4902 8.
2247 4847 2493 4904 SARAC.
2532 4849 2666 4914 Quis
2689 4857 2775 4904 est
2807 4850 2952 4919 apud
2988 4860 3040 4906 te
3070 4851 3263 4921 major,
3291 4852 3385 4923 qui
3409 4852 3655 4908 sanctiﬁ-

2077 4944 2187 5000 cat,
2220 4938 2303 4990 vel
2331 4939 2425 5006 qui
2464 4938 2896 4993 sanctiﬁcalur?

2149 5025 2424 5082 CHRIST.
2468 5027 2606 5094 Quid
2646 5028 2728 5083 vis
2754 5029 2960 5093 dicere,
2997 5046 3298 5101 cognosco.

2151 5118 2395 5175 SARAC.
2429 5119 2485 5174 Si
2516 5122 2661 5175 enim
2689 5123 2857 5188 nosti,
2888 5126 3158 5192 responde
3183 5124 3337 5176 mihi.

2150 5209 2423 5265 CllRlST.
2476 5211 2532 5265 Si
2584 5214 2681 5267 tibi
2728 5215 2935 5279 dicam,
2986 5216 3079 5285 qui
3111 5215 3448 5280 sanctiﬁcat;
3492 5210 3648 5270 dices

472 5338 747 5398 "Jerem.
808 5348 917 5410 t,5.
993 5349 1034 5380 ”
1090 5328 1270 5406 Exod.
1316 5355 1623 5413 xx.15-15.

1684 5441 1917 5496 VARIA'J
1955 5441 2358 5499 LECTIONES.

478 5523 497 5559 ί
532 5521 694 5581 Forte
716 5527 926 5595 aduples
966 5530 1204 5586 Jmla’os.
1286 5545 1307 5571 υ
1344 5532 1608 5603 Suspecta
1652 5550 1769 5587 vox.
