3930 6206
420 245 558 309 1595

418 458 525 500 tem
558 457 611 501 et
639 445 1077 500 sanctilicantem
1103 443 1383 497 Christum
1415 453 1593 498 tuum.

489 537 733 592 SAltAC.
770 534 862 588 Sic
887 534 984 588 tibi
1008 533 1253 588 volebam
1277 535 1480 588 dicere.

405 665 416 670 ς
491 629 770 688 CllRlST.
821 629 1254 699 Superveniente
1309 637 1361 682 te
1410 643 1536 683 cum
1573 643 1733 683 servo
1781 635 1878 681 tuo
1922 627 1982 680 in

422 723 637 782 nalneo,
673 727 726 773 et
751 719 990 782 ablutus,
1027 726 1080 771 et
1107 717 1402 772 mundatus
1425 716 1496 769 ab
1524 717 1662 786 ipso,
1698 732 1860 786 quem
1892 716 1988 768 ha-

377 825 385 831 '
423 813 520 865 bes
566 810 750 862 dicere
798 808 1106 875 majorem?
1152 809 1304 859 Illum
1356 808 1626 862 miserum
1667 822 1884 862 servum
1934 817 1989 860 et

424 911 647 970 argento
677 908 951 968 emptum,
979 899 1063 952 vel
1086 905 1144 952 te
1171 899 1492 952 Inundalum
1525 899 1594 953 ab
1625 898 1766 968 ipso,
1796 899 1988 967 sicque

424 1002 476 1046 et
505 992 788 1045 dominum
827 991 1004 1059 ipsius
1031 989 1432 1045 exsistentem?

495 1169 742 1223 SABAC.
779 1167 1040 1237 Meipsum
1076 1167 1338 1234 majorem
1378 1164 1534 1230 dico,
1579 1163 1674 1234 qui
1708 1162 1988 1234 possideo,

428 1277 586 1330 quam
623 1261 775 1312 illum
805 1261 898 1329 qui
933 1276 961 1312 a
999 1274 1084 1313 me
1118 1259 1453 1328 possidetur.

497 1349 768 1403 CIIRIST.
815 1348 1034 1404 Gratias
1088 1365 1191 1418 ago
1244 1350 1378 1403 Deo.
1436 1346 1529 1402 Sic
1578 1347 1711 1402 mihi
1747 1345 1991 1419 intellige

431 1437 715 1506 Joannem,
778 1448 838 1493 ut
896 1455 1114 1494 servum
1165 1446 1218 1494 et
1271 1438 1535 1493 famulum
1586 1439 1989 1493 ministrantem

427 1532 651 1585 Christo
701 1532 756 1584 in
795 1539 990 1587 sancto
1020 1531 1349 1600 baptismate
1393 1530 1448 1584 in
1493 1529 1754 1593 Jordane,
1794 1528 1850 1582 in
1883 1539 1994 1596 quo

431 1625 740 1694 baptizatus
770 1624 1020 1680 Salvator
1049 1642 1222 1689 meus,
1251 1641 1440 1680 eorum
1468 1627 1562 1696 qui
1584 1626 1698 1680 illic
1726 1625 1779 1678 in
1809 1637 1996 1678 caver-

1580 241 1641 302 S.
1674 240 1996 301 JOANNIS
2035 233 2461 300 DAMASCENI

417 357 547 411 mihi
576 375 588 410 :
621 353 794 420 Vade,
827 351 993 406 adora
1028 349 1294 406 Joannem
1341 353 1641 421 Baptistam
1690 352 1982 421 baptilan-
2014 359 2058 412 Α

3547 232 3656 298 ἲὸἓε

2843 617 3068 670 ΧΡΙΣΤ.
3120 615 3550 686 Ἐπερχομένοο
3577 637 3642 674 σω

2098 717 2234 788 μετὰ
2261 715 2358 768 τοῦ
2385 712 2573 768 δούλου
2605 728 2699 765 σου
2725 712 2784 764 ὲν
2808 708 2885 780 τῷ
2909 694 3194 778 βαλανείῳ,
3218 708 3555 778 λουόμενος,
3577 716 3639 766 καὶ

2092 807 2487 878 καθαιρόμενος
2521 806 2596 858 ὑπ
2638 801 2823 867 αὐτοῦ,
2853 802 2975 854 τίνα
3000 800 3145 871 ἔχεις
3171 801 3370 867 λέγειν
3422 802 3633 870 μείζονα

2105 901 2341 952 Ἐκεῖνον
2401 896 2494 948 τὸν
2571 894 2788 963 οἰκτρὸν
2844 892 3028 945 δοῦλον
3086 892 3180 944 καὶ
3244 893 3412 962 ἀργυ
3423 891 3616 961 prb-r527,

2091 986 2125 1055 ἢ
2155 986 2350 1039 σαύτδν
2392 984 2486 1038 τὸν
2532 982 2877 1054 καθαρθέντα
2907 981 2998 1034 ὑπ’
3033 979 3199 1034 αὑτοῦ
3221 1021 3237 1045 ,
3293 978 3322 1050 [
3355 980 3462 1033 καὶ
3493 983 3606 1034 ώᾞώ

2095 1079 2190 1132 καὶ
2216 1077 2482 1148 δεσπότην
2513 1073 3017 1145 αύτοῦ⁵ὑπάρχοντε
3041 1071 3094 1149 ςξ

431 1717 518 1771 nis
557 1716 747 1779 latent,
787 1718 1088 1772 draconum
1119 1724 1172 1773 et
1203 1718 1645 1788 perniciosorum
1685 1719 1992 1772 daemonum

2176 1702 2482 1757 Saracenos
2507 1705 2686 1751 autem
2712 1691 2867 1748 valde
2896 1691 3182 1747 admirans
3209 1701 3262 1748 et
3283 1692 3552 1756 deﬁciens,
3571 1700 3636 1748 rei

431 1807 610 1877 capita
642 1811 854 1864 stravit.

429 1975 594 2052 [ιτο
630 1977 974 2052 Excjysdem
1022 1981 1307 2052 (Theodori
1349 1983 1606 2038 Abucara:
1635 1980 1996 2052 cognominati

503 2048 730 2117 episcopi
774 2048 1056 2114 Caroruni)
1092 2054 1564 2107 concertationibus
1600 2048 1718 2108 cuni
1767 2051 1995 2107 Sarace-

503 2119 608 2182 nis,
639 2135 705 2172 ea;
739 2136 826 2173 ore
849 2119 1075 2176 Joannis
1115 2121 1454 2180 Damasceni.

504 2270 936 2329 SARACENUS.
975 2277 1070 2330 Dic
1115 2278 1270 2340 mihi,
1303 2278 1582 2348 episcopo,
1608 2287 1799 2334 eratne
1837 2293 2000 2331 mun-

431 2362 536 2415 dus
564 2361 837 2417 idolorum
867 2367 1037 2420 cultui
1069 2368 1305 2432 deditus,
1343 2379 1635 2439 antequam
1663 2369 1876 2438 Moyses
1909 2366 2004 2420 Ju-

432 2450 702 2504 daismum
735 2455 1093 2521 praedicaret?

503 2541 940 2600 THEODORUS.
973 2547 1226 2601 Omnino.

507 2633 754 2691 SARAC.
813 2637 1041 2703 Quando
1095 2638 1306 2709 Moyses
1345 2638 1700 2696 Judaismum
1747 2641 2000 2705 docebat,

435 2736 558 2780 utra
597 2743 725 2796 pars
779 2731 967 2783 mundi
1022 2739 1182 2785 recta:
1222 2732 1474 2802 religioni
1522 2732 1734 2787 videtur
1785 2731 2001 2785 addicta

437 2816 630 2880 fuisse,
685 2834 805 2889 quae
852 2819 1194 2875 Judaismum
1242 2824 1488 2892 amplexa
1533 2831 1611 2878 est
1640 2841 1656 2891 ;
1688 2839 1754 2877 an
1795 2839 1917 2893 qua:
1951 2822 2005 2876 in

434 2909 774 2976 idololatria,
811 2911 1017 2980 rejecto
1049 2912 1252 2983 Moyse,
1292 2915 1699 2983 perseveravit?

509 3000 761 3058 THEOD.
803 3004 933 3069 Quae
959 3004 1302 3061 Judaismum
1336 3008 1586 3078 amplexa
1621 3015 1725 3062 est.
1771 3047 1778 3051 .

511 3093 760 3149 SABAC.
813 3095 1006 3150 Postea
1057 3111 1183 3151 cum
1237 3099 1385 3152 venit
1412 3097 1686 3163 Christus,
1740 3099 2008 3154 Christia-

438 3185 679 3240 nismum
713 3187 1041 3255 praedicans.
1074 3196 1194 3241 utra
1229 3203 1356 3257 pars
1385 3188 1604 3243 videtur
1647 3190 1742 3244 tibi
1783 3190 2008 3260 religio-

440 3289 568 3328 nem
599 3290 782 3328 veram
814 3276 1078 3338 coluisse,
1106 3292 1228 3345 quae
1250 3276 1731 3332 Christianismum
1761 3280 2008 3347 amplexa

439 3374 551 3428 est;
591 3378 658 3416 an
692 3380 810 3434 quae
843 3365 896 3417 in
933 3365 1218 3420 Judaismo
1253 3367 1560 3422 ﬁrmissime
1595 3369 1934 3438 permansit?
1966 3381 1975 3388 ‘

513 3533 767 3590 THEOD.
800 3535 932 3602 Quae
962 3535 1438 3593 Christianismum
1471 3539 1719 3610 amplexa
1748 3550 1853 3597 est.
1907 3581 1914 3586 .

515 3623 764 3682 SARAC.
802 3624 1116 3695 Insequenti
1156 3641 1282 3681 vero
1312 3633 1578 3698 tempore,
1617 3644 1741 3685 cum
1776 3631 2014 3688 venisset

444 3713 859 3772 Muchamethus
883 3715 1296 3786 Margarismum
1325 3716 1778 3775 Eslamismumve
1804 3734 2016 3788 annun-

445 3805 612 3870 tians,
646 3813 766 3859 utra
797 3821 924 3876 pars
961 3809 1172 3862 videtur
1196 3809 1292 3862 tibi
1323 3807 1492 3864 Deum
1524 3811 1628 3865 rite
1652 3812 1864 3876 colere,
1895 3826 2016 3881 quae

444 3896 829 3952 Eslamismum
866 3901 1144 3968 suscepit;
1173 3914 1243 3953 an
1284 3915 1406 3970 qua:
1437 3902 1639 3956 mansit
1665 3903 1720 3957 in
1747 3901 2016 3958 Christia«

443 3985 647 4047 nismo,
676 3985 1058 4042 Muchametho
1096 3990 1289 4044 nolens
1320 3989 1668 4045 auscultare?

517 4075 769 4132 THEOD.
800 4078 930 4144 Quae
961 4081 1160 4135 mansit
1189 4080 1243 4134 in
1270 4080 1708 4136 Cbristianismo.

521 4167 768 4225 SARAC.
796 4169 1222 4227 Conclusionem
1256 4173 1397 4226 hanc
1421 4179 1753 4242 postremam
1777 4171 2014 4228 intulisti

443 4260 915 4330 propositionibus
943 4261 1164 4317 minime
1193 4270 1640 4317 consentancam.

2105 1793 2274 1848 cessit
2300 1797 2356 1846 et
2383 1788 2518 1843 nihil
2555 1799 2836 1856 apponens
2863 1783 2929 1837 ad
2959 1784 3138 1853 ipsum
3178 1783 3432 1838 alterum.

2118 1971 2218 2024 Ἐκ
2239 1966 2361 2023 hinc
2389 1964 2538 2032 πρὸς
2586 1961 2731 2032 τοὺς
2765 1961 3206 2032 ίΣαρῤακζηνρὺς
3261 1961 3628 2030 ᾱιτσξέῄσεων

2179 2037 2297 2090 τῶν
2326 2029 2514 2089 αὑέοῦ
2561 2031 2908 2100 (Θεοδώρουᾼ
2923 2029 3042 2100 τοῦ.
3075 2029 3142 2100 τὸ
3178 2029 3421 2100 ἐπίκλην
3452 2034 3620 2085 Ἀδου-

2180 2101 2332 2174 καρᾶ
2371 2097 2712 2174 ὲπισκρπου
2749 2097 2979 2167 Καρῶν)
3015 2097 3114 2151 διὰ
3145 2098 3339 2166 φωνῆς
3376 2101 3618 2156 Ἰωάννου

2184 2171 2604 2244 Δαμασκηνοῦ.

2179 2260 2612 2318 ΣΔΡΑΚΗΝΟΣ.
2643 2257 2777 2313 Εἱπέ
2811 2275 2920 2328 μοι,
2973 2251 3018 2312 ὣ
3067 2258 3341 2310 ἐπίσκοπε
3363 2261 3440 2311 ὀὔ
3467 2259 3612 2311 mre!-

2109 2356 2272 2418 δωλος
2319 2349 2390 2425 ἦν
2420 2355 2450 2406 6
2486 2352 2688 2422 κόσμος
2719 2350 2826 2422 πρὸ
2872 2349 2967 2402 τοῦ
3024 2347 3391 2412 Μωῦσέωςτδν
3429 2349 3608 2400 Ἰουδαῖ-

2111 2448 2246 2518 σμδν
2284 2462 2354 2512 κη
2361 2444 2504 2514 ρύξα·
2551 2498 2556 2504 .

2177 2537 2544 2590 ΘΕΟΔΩΡΟΣ.
2577 2533 2814 2602 Δηλαδή.

2178 2627 2427 2681 ΣΔΡΑΚ.
2489 2623 2684 2678 Ἦνίκα
2728 2620 2970 2692 Μωῦσῆς
3039 2619 3344 2684 ἰουδαΐζειν
3402 2619 3600 2677 ἐδίδασκε.

2112 2717 2342 2786 πότερον
2384 2714 2550 2786 μέρος
2599 2713 2696 2766 τοῦ
2748 2711 2956 2782 κόσμου
3000 2709 3252 2764 εὐσεϐεῖν
3289 2726 3376 2762 σοι
3411 2710 3608 2778 φαίνετε..

2113 2806 2174 2860 τὸ
2205 2805 2494 2875 δεξάμενον
2539 2803 2632 2857 τὸν
2669 2800 3038 2870 Ἰουδαῖσμδν,
3083 2799 3118 2869 ἢ
3153 2799 3217 2852 τδ
3249 2800 3438 2870 μεῖναν
3458 2795 3617 2851 εὶδωὶεο

2113 2895 2367 2966 λατροῦν,
2407 2892 2485 2964 τῷ
2514 2893 2729 2948 Μωυσεῖ
2739 2891 2814 2962 μὴ
2839 2889 3201 2959 πειθόμενον;

2039 2985 2079 3043 C
2183 2985 2378 3037 ΘΕΟΔ.
2420 2981 2494 3036 Τὸ
2532 2980 2846 3051 δεξάμενον.

2179 3075 2429 3129 ΣΑΡΑΚ.
2479 3070 2610 3126 Εἶτα
2633 3113 2649 3139 ,
2687 3070 2763 3134 ὡς
2812 3068 2908 3122 καὶ
2951 3067 3090 3139 μετὰ
3155 3066 3381 3136 καιροὺς
3417 3060 3555 3135 ἦλθεν
3602 3062 3624 3114 ὁ

2113 3167 2346 3238 Χριστὸς
2381 3163 2474 3218 τὸν
2511 3163 2940 3234 Χριστιανισμδν
2970 3159 3282 3229 κηρύττων,
3317 3157 3526 3226 πότερον
3551 3153 3630 3222 μέ-

2114 3276 2206 3330 ρος
2239 3273 2322 3310 σοι
2354 3255 2608 3325 φαίνεται
2651 3251 2899 3305 εὐσεϐεῖν
2922 3289 2939 3317 ,
2972 3248 3032 3302 τὸ
3074 3247 3361 3318 δεξάμενον
3393 3245 3475 3299 τὸν
3513 3244 3627 3314 Χρι-

2113 3345 2432 3416 στιανισμὸν
2455 3383 2472 3410 ,
2513 3344 2548 3414 ἢ
2580 3342 2642 3397 τὸ
2668 3345 2856 3413 μεῖναν
2884 3341 2944 3394 ὲν
2978 3339 3058 3410 τῷ
3102 3337 3403 3408 Ἰουδαϊσμῷ
3444 3335 3625 3405 ἀμετά·

2113 3439 2266 3492 θετον
2291 3454 2307 3504 ;

2182 3529 2374 3582 ΘΕΟΔ.
2409 3525 2484 3581 Τὸ
2515 3524 2808 3596 δεξάμενον
2835 3523 2926 3576 τὸν
2961 3517 3376 3594 Χριστιανισμόν.

2183 3619 2433 3673 ΣΑΡΑΚ,
2475 3614 2646 3680 Εἶτα,
2691 3615 2768 3679 ὡς
2819 3613 2958 3685 μετὰ.
2997 3612 3223 3684 καιροὺς
3272 3605 3417 3678 ἢλθεν
3448 3604 3630 3658 6M0»-

2114 3709 2289 3784 χαμὲθ
2319 3709 2604 3781 κηρύττων
2653 3708 2746 3762 τὸν
2792 3705 3166 3776 Μαγαρισμδν
3192 3743 3207 3766 ,
3257 3703 3467 3770 πότερον
3497 3695 3632 3766 μέρος

2116 3801 2366 3872 φαίνεταί
2391 3817 2474 3854 σοι
2503 3798 2770 3864 εὐσεϐεῖν,
2795 3798 2858 3851 τὸ
2880 3797 3175 3864 δεξάμενον
3197 3793 3287 3846 τὸν
3299 3785 3635 3858 Μαγαρισμδν.

2115 3871 2150 3964 ἢ
2173 3893 2234 3945 τὸ
2276 3893 2469 3962 μεῖναν
2500 3892 2560 3944 ὲν
2590 3887 2668 3960 τῷ
2699 3884 3148 3960 Χριστιανισμῷ,
3175 3882 3255 3952 τῷ
3283 3875 3550 3950 Μουχαμὲθ
3576 3871 3636 3943 μὴ

2119 3979 2441 4052 πειθόμενον
2467 3999 2483 4048 ;

2187 4065 2380 4128 ΘΕΟΔ.
2417 4073 2491 4126 Τὸ
2520 4074 2709 4143 μεῖναν
2751 4071 2812 4124 ὲν
2839 4069 2918 4141 τῷ
2940 4063 3384 4139 Χριστιανισμῷ.

2188 4162 2438 4217 ΣΑΡΑΚ.
2490 4164 2854 4234 ’Λνὰρμοστον
2898 4163 3022 4224 ταῖς
3079 4157 3388 4230 προτάσεσι
3423 4150 3479 4206 τὸ
3525 4147 3649 4217 ἔσχε·

2119 4269 2210 4305 τον
2235 4254 2544 4322 ὲπήνεγκας
2573 4251 2972 4322 συμπέρασμα.

426 4369 430 4375 ·
517 4349 771 4406 THEOD.
803 4352 946 4423 Ergo
983 4355 1265 4424 oportebat
1304 4363 1363 4408 ut
1395 4369 1462 4410 ex
1491 4353 1649 4410 falsis
1685 4354 2005 4425 propositio-

2189 4340 2380 4394 ΘΕΟΔ.
2422 4340 2633 4396 Ούκοῦν
2671 4341 2968 4410 ἀναγκαῖόν
3013 4355 3103 4410 μοι
3128 4339 3357 4408 ψευδέσι
3401 4331 3652 4425 προτάσεσι

445 4440 613 4497 nibus
662 4443 1071 4498 conclusionem
1128 4443 1494 4500 deducerem?
1543 4444 1661 4499 Non
1707 4445 1852 4500 enim
1882 4484 1898 4510 ,
1956 4452 2018 4498 ut

444 4535 703 4602 opinatus
731 4549 812 4601 es,
832 4521 946 4591 ﬁde
970 4536 1116 4606 digni
1152 4537 1406 4592 Christus
1435 4544 1490 4591 et
1516 4535 1730 4607 Moyses
1766 4535 2009 4602 fuerunt,

445 4625 576 4691 quia
608 4625 975 4694 praedicabant
1007 4635 1061 4682 et
1090 4627 1377 4691 docebant,
1408 4635 1468 4681 ut
1491 4627 1874 4682 Muchametho
1895 4640 2016 4680 cre-

445 4714 666 4782 damus,
699 4716 825 4786 quia
845 4717 1156 4787 praadicavit
1189 4726 1245 4773 ct
1275 4719 1461 4774 docuit
1489 4737 1503 4773 :
1533 4732 1719 4774 verum
1751 4717 2018 4780 ausculta,

448 4805 596 4860 unde
655 4813 882 4877 uterque
937 4807 1065 4863 ﬁde-
1103 4809 1302 4880 dignus
1352 4808 1574 4864 habitus
1616 4806 1738 4862 fuit.
1788 4805 2018 4872 Quando

449 4893 665 4968 Moyses
715 4912 744 4949 a
796 4896 906 4951 Deo
957 4897 1295 4962 mittebatur,
1344 4897 1628 4968 respondit
1667 4895 1788 4952 illi:
1830 4916 1850 4949 ε
1879 4895 2020 4952 Ecce

451 4988 617 5048 vado,
655 4996 710 5041 et
738 4987 923 5041 dicent
955 4987 1089 5043 mihi
1118 5007 1131 5042 :
1163 4987 1279 5043 Non
1322 4988 1573 5058 apparuit
1598 4987 1694 5043 tibi
1731 4986 2016 5053 Dominus,

453 5088 632 5147 neque
660 5075 802 5133 Deus
835 5078 984 5132 misit
1020 5089 1090 5133 te.
1133 5077 1272 5145 Quid
1305 5078 1500 5133 faciam
1539 5079 1623 5132 “2
1654 5097 1674 5132 ι
1708 5074 1808 5132 Cui
1849 5077 2018 5142 Deus,

457 5184 480 5216 ι
514 5164 656 5231 Quid
682 5176 767 5221 est
818 5167 942 5229 hoc,
977 5169 1175 5239 inquit,
1214 5169 1356 5239 quod
1394 5169 1562 5224 habes
1591 5169 1646 5223 in
1678 5184 1842 5225 manu
1883 5169 2021 5223 tua?

455 5253 522 5309 Et
548 5257 846 5326 respondit,
891 5275 910 5310 ι
957 5257 1128 5329 virga.
1168 5277 1187 5312 ι
1219 5258 1356 5314 Tum
1385 5259 1522 5314 dixit
1545 5259 1595 5314 ei
1620 5258 1763 5315 Deus
1791 5300 1804 5313 .
1836 5283 1856 5304 ι
1887 5256 2018 5311 Ρτο-

455 5343 560 5413 iice
597 5360 740 5400 eam.
778 5365 797 5398 ι
847 5346 979 5413 Quae
1017 5348 1257 5419 proiecta
1287 5363 1410 5404 cum
1441 5356 1610 5411 esset,
1642 5361 1799 5403 versa
1841 5355 1928 5401 est
1965 5346 2020 5401 in

452 5442 787 5504 serpentem.
817 5436 1030 5496 Rursus
1077 5455 1204 5496 vero
1252 5455 1376 5496 cum
1411 5454 1575 5495 manu
1622 5438 2020 5508 prehendisset,

531 5608 576 5638 “
605 5615 776 5670 Exod.
806 5633 876 5683 iv,
912 5617 962 5670 l.

2124 4431 2506 4504 συμπεράναις
2555 4431 2630 4486 Οὐ
2676 4432 2821 4502 γὰρ,
2865 4431 2943 4495 ὡς
2995 4429 3352 4500 ὑπείληφας,
3396 4424 3656 4492 ἀξιὸδεκτοι

2123 4524 2437 4592 γεγόνασιν,
2464 4523 2493 4577 ὅ
2528 4541 2587 4576 τε
2617 4524 2858 4594 Μωῡσῆς
2892 4522 2990 4576 καὶ
3023 4523 3052 4575 6
3080 4520 3359 4591 Χριστὸς,
3402 4517 3522 4571 διότι
3548 4512 3657 4581 Exi;-

2125 4635 2317 4691 ρυττον
2360 4619 2454 4672 καὶ
2500 4618 2798 4684 ἐδίδασκον,
2830 4618 2919 4671 ἵνα
2956 4617 3054 4670 καὶ
3091 4618 3120 4669 6
3149 4610 3453 4683 Μουχαμὲθ
3497 4610 3554 4660 ὲκ
3581 4602 3659 4657 τοῦ

2126 4709 2416 4781 κηρύττειν
2473 4710 2568 4762 καὶ
2613 4708 2891 4763 διδάσκειν
2937 4705 3204 4775 πιστευθῇ
3237 4722 3251 4734 ·
3294 4703 3414 4757 ἀλλ’
3461 4699 3662 4753 ἄκουσον

2125 4802 2392 4872 ἐκατέρου
2429 4801 2488 4855 τὸ
2534 4800 2887 4865 ἀξιόπιστονο
2936 4798 3103 4868 ἡνίκα
3135 4796 3324 4867 μέντοι
3369 4790 3513 4861 παρὰ
3548 4783 3662 4840 Θεοῦ

2117 4888 2471 4944 ἀπεστέλλετο
2496 4890 2525 4943 6
2549 4889 2789 4960 Μωῡσῆς
2813 4929 2829 4954 ,
2873 4885 3150 4957 ἀπεκρίθη
3193 4883 3274 4954 τῷ
3303 4881 3428 4952 Θεῷ
3448 4896 3462 4910 ο
3500 4897 3517 4930 ι
3554 4873 3665 4928 Ἰδοὺ

2117 4982 2333 5051 ὑπάγω,
2371 4982 2468 5036 καὶ
2494 4980 2715 5050 λέγουσί
2755 4998 2864 5052 μοι.
2897 4979 3014 5033 Ούκ
3046 4974 3190 5042 εἶδες
3217 4977 3379 5039 Θεὸν,
3418 4971 3532 5026 οὐδὲ
3556 4965 3667 5027 Θεὸς

2117 5074 2430 5128 ἀπέσταλκέ
2477 5091 2562 5141 σε,
2591 5074 2646 5128 τί
2690 5073 2941 5144 ποιήσω;
2985 5089 3004 5124 ι
3049 5070 3158 5124 Καί
3191 5085 3329 5139 φησι
3368 5065 3502 5134 πρὸς
3529 5056 3666 5112 αὑτὸν

2121 5167 2150 5218 6
2173 5165 2336 5229 Θεὸς·
2373 5182 2392 5217 ι
2433 5164 2500 5218 Τί
2532 5163 2691 5218 τοῦτο
2718 5163 2780 5217 τὸ
2801 5165 2859 5217 ὲν
2886 5165 2954 5234 τῇ
2986 5160 3129 5233 χειρί
3165 5177 3260 5213 σου
3287 5175 3301 5223 ;
3333 5177 3352 5209 ι
3395 5154 3502 5210 Καὶ
3528 5144 3663 5203 eius“

2131 5277 2150 5310 ι
2190 5255 2436 5326 Ῥάϐδος.
2487 5274 2506 5308 ι
2542 5256 2653 5310 Καὶ
2700 5254 2851 5324 λέγει
2892 5253 3081 5322 αὐτῷ·
3128 5271 3146 5304 ι
3200 5249 3390 5319 Ῥίψον
3437 5242 3665 5310 αὐτήνοο

2134 5349 2246 5403 Καὶ
2292 5349 2512 5420 ριφεῖσα
2550 5347 2777 5416 γέγονεν
2805 5345 2950 5416 δφις.
3002 5344 3109 5398 Καὶ
3142 5343 3308 5396 πάλιν
3363 5333 3671 5420 κρατηθεῖσα

2129 5417 2319 5505 γέγονε
2351 5435 2549 5507 ῥάϐδος
2573 5453 2585 5466 ο
2618 5433 2735 5490 εἷτα
2769 5434 2919 5504 λέγει
2951 5437 2980 5489 6
3009 5433 3141 5498 Θεὸς
3169 5430 3318 5501 αὐτῷ
3347 5447 3361 5460 ·
3403 5447 3422 5480 ι
3449 5417 3668 5493 Ἔμϐαλι
