3962 6202
482 250 613 315 1597

1331 248 1787 309 DISI‘UTATIO
1827 247 2270 309 (II‘I'RISTIANI
2311 251 2405 311 ET
2445 254 2837 313 SAIMCENI.

3586 251 3721 318 1598

475 364 577 434 τὴν
602 360 760 431 χεῖρά
788 376 880 411 σου
902 356 979 421 εἰς
1003 357 1091 411 τὸν
1124 357 1322 412 κόλπον
1354 375 1469 411 σου.
1510 378 1525 408 ι
1566 360 1673 411 Καὶ
1706 358 2040 428 ὲμϐληθείσα
2072 415 2075 422 Α

2145 362 2294 430 virga
2334 363 2475 416 facta
2517 371 2621 418 est.
2677 365 2878 418 Deinde
2902 364 3040 419 dixit
3071 365 3121 419 ei
3155 363 3338 420 Deus:
3370 382 3388 416 t
3426 364 3576 419 Mitte
3603 381 3719 418 ma-

478 451 739 521 ιξεδλήθη
787 448 1208 520 λελεπρωμένησ
1248 448 1341 501 καὶ
1387 444 1543 511 αὖθις
1590 447 1930 517 ἐμϐληθεῖσαι
1958 447 2045 511 ἐξ-

478 542 679 611 εϐλήθη
732 539 1031 607 άλώὸητος.
1066 539 1172 591 Καί
1206 555 1371 607 φησιν
1413 540 1440 589 6
1486 538 1617 599 Θεὸς
1666 538 1798 607 πρὸς
1840 538 2002 590 αὐτόν
2027 554 2041 568 ο

484 652 501 681 ε
552 634 673 684 Ἐάν
728 632 803 700 μὴ
857 629 1191 682 πιστεύσωσι
1239 628 1317 698 τῷ
1374 628 1574 698 πρώτῳ
1608 628 1859 698 σημείῳ,
1909 627 2044 698 μηδὲ

476 724 552 790 τῷ
589 722 824 791 δευτέρῳ
846 761 860 783 ,
913 721 1137 788 ποίησον
1182 720 1244 771 τὸ
1278 719 1423 788 ὕδωρ
1468 715 1629 789 αἷμα.
1681 738 1697 770 ι
1733 720 1842 772 Καὶ
1869 718 2044 782 οὕτως

474 810 802 872 ἀποσταλεὶς
875 812 903 861 6
966 808 1245 877 Μωῦσῆς,
1321 810 1587 877 ἐποίησε,
1654 811 1749 862 καὶ
1812 809 2044 863 ἐπιστώ-

472 902 643 971 θησαν
693 902 743 953 οί
783 900 933 967 λόγοι
982 899 1146 952 αὑτοῦ
1185 899 1275 952 διὰ
1320 900 1428 953 τῶν
1473 900 1648 971 ἔργων
1700 899 1887 953 αὐτοῦ.
1935 900 2043 953 Ναὶ

471 991 503 1058 ἢ
546 988 663 1056 οὐχί
690 1005 704 1053 ;

545 1079 795 1132 ΣΑΡΑΚ.
840 1078 1082 1141 Πάντως.

540 1168 731 1218 ΘΕυΔ.
770 1162 975 1220 1Ἦλθεν
1009 1168 1037 1218 6
1066 1167 1301 1237 Χριστὸς
1332 1167 1433 1239 τὴν
1486 1170 1621 1238 πρὸς
1646 1168 1781 1222 Θεοῦ
1810 1171 2042 1223 ἀποστο-

475 1256 572 1327 λὴν
610 1258 785 1327 ἑαυτῷ
834 1258 1146 1327 ὲπικυρῶν’
1200 1260 1260 1311 ού
1299 1262 1365 1330 τῇ
1416 1261 1696 1324 Μωῡσέως
1741 1263 1835 1314 καὶ
1882 1262 2041 1330 μόνον

474 1348 781 1419 προφητείᾳ
816 1349 1260 1419 μαρτυρούμενος
1285 1392 1300 1414 ,
1342 1350 1476 1403 ἀλλὰ
1513 1352 1794 1421 σημείοις’,
1830 1352 2038 1422 τέρασι,

470 1440 563 1492 καὶ
596 1441 870 1504 ποικίλαις
897 1442 1160 1512 δυνάμεσι
1193 1443 1310 1511 μετ’
1340 1442 1557 1511 ἐκείνην
1586 1444 1778 1497 ἑαυτὸν
1816 1445 2040 1496 πιστού-

485 1548 663 1600 μενος.

456 1630 462 1643 ’
543 1643 783 1697 ΣΑΡΑΚ.
822 1643 942 1696 Τίσι
978 1645 1041 1712 δὴ
1070 1644 1318 1711 τούτοις;

2149 469 2276 505 tttttu
2305 463 2449 506 tuam
2484 454 2537 506 in
2589 454 2770 508 sinum
2804 463 2979 507 tuum.
3034 474 3053 507 ι
3101 456 3274 521 Quam
3322 471 3444 509 cum
3480 457 3718 510 misisset

2147 542 2497 610 protuliteam
2522 545 2808 613 leprosum.
2827 544 3065 599 Rursum
3085 562 3213 600 vero
3233 547 3500 608 immissa,
3520 548 3715 600 educta

2145 642 2227 687 est
2268 649 2421 687 sana.
2460 635 2527 687 Et
2559 637 2634 687 ait'
2662 635 2804 689 Deus
2828 637 2876 688 ei
2912 655 2924 689 :
2960 654 2977 686 t
3012 634 3066 688 Si
3096 652 3202 689 non
3232 637 3566 691 crediderint
3606 638 3716 706 pri-

2147 742 2233 779 mo
2279 727 2459 796 signo,
2510 744 2683 796 neque
2714 730 2973 791 secundo,
3007 728 3170 781 facito
3205 744 3271 781 ex
3303 746 3443 797 aqua
3492 730 3716 796 sangui-

2145 833 2269 871 nem
2300 818 2364 870 ¹⁷.
2398 838 2416 871 ι
2455 819 2665 890 Moyses
2717 822 2934 890 itaque,
2989 836 3112 874 cum
3165 822 3265 874 hoc
3321 822 3479 874 modo
3516 824 3714 873 missus

2147 908 2363 974 fuisset,
2415 911 2526 965 hare
2563 911 2713 973 fecit,
2763 920 2817 966 et
2876 922 3096 982 prOpter
3146 930 3309 982 Opera
3366 913 3715 969 sermonibus

2143 1002 2261 1069 ejus
2299 1000 2428 1055 ﬁdes
2458 1001 2640 1055 habita
2671 1010 2774 1057 est.
2807 1002 2895 1057 Sic
2934 1014 3037 1069 est,
3068 1006 3288 1058 annon?
3730 994 3735 999 ’

2215 1177 2460 1230 δᾹῐῖΑίὶ.
2507 1177 2580 1230 Ita
2613 1176 2800 1246 plane.

2216 1268 2461 1321 TllEOD.
2513 1267 2671 1321 Venit
2720 1266 2999 1330 Christus,
3050 1281 3215 1334 seque
3264 1281 3293 1318 a
3344 1266 3452 1320 Deo
3487 1266 3713 1321 missum

2142 1358 2535 1428 comprobavit,
2571 1374 2678 1411 non
2730 1374 2796 1412 ex
2844 1358 2960 1412 solo
3004 1356 3208 1427 Moysis
3259 1357 3519 1410 vaticinio
3566 1358 3718 1411 testi-

2144 1452 2385 1505 monium
2432 1451 2659 1515 habens,
2717 1466 2903 1504 verum
2958 1458 3013 1503 et
3066 1450 3289 1517 insuper
3346 1448 3537 1516 signis,
3590 1466 3717 1517 por-

2145 1548 2329 1609 tentis,
2365 1548 2640 1615 variisque
2680 1547 2977 1600 virtutibus
3018 1546 3124 1599 sibi
3171 1545 3326 1599 lidetu
3365 1553 3641 1598 astruens.

2216 1638 2460 1693 SARAC.
2492 1640 2829 1705 Quibusnam
2863 1636 3021 1692 istis?

538 1736 731 1789 ΘΕΟΔ.
787 1703 1317 1808 Ἀσποροσυλλήψει,
1368 1738 1462 1790 καὶ
1521 1738 1769 1809 ἀνάνδρῳ
1843 1704 2075 1808 μητρὶ,1

2220 1732 2469 1788 ἰἨΕΟυ.
2522 1733 2831 1800 Conceptus
2873 1731 2992 1785 sine
3031 1730 3239 1783 semine
3287 1742 3351 1781 ex
3402 1735 3576 1780 matre
3608 1742 3712 1777 uou

470 1827 564 1879 καὶ
611 1829 675 1879 ὲκ
722 1828 993 1897 παρθένου
1027 1830 1321 1897 γεννήσει,
1356 1828 1544 1893 ὕδατος
1583 1832 1663 1892 εἰς
1692 1826 1831 1881 οἶνον
1869 1846 2037 1898 μετα-

468 1919 638 1989 ϐολῇ·
685 1919 765 1971 ἔτι
806 1920 943 1989 μετὰ
999 1919 1176 1974 ταῦτα
1215 1921 1314 1973 οὐκ
1357 1920 1719 1990 άπεμφανὴς,
1770 1919 1907 1972 ἀλλὰ
1942 1920 2037 1972 καὶ

469 2006 588 2062 λίαν
626 2009 879 2080 ἀρίδηλος
911 2012 943 2079 ἡ
989 2010 1100 2064 τῶν
1137 2012 1356 2081 τυφλῶν
1389 2012 1728 2082 ὀμμάτωσις,
1754 2012 1786 2080 ή
1813 2010 1919 2064 τῶν
1950 2011 2037 2063 λε-

469 2101 624 2171 πρῶν
663 2101 929 2170 κάθαρσις
954 2141 968 2165 ,
996 2102 1102 2155 τῶν
1132 2102 1440 2173 παρέτωνὴ
1476 2090 1685 2170 σφίξις,
1718 2102 1826 2156 τῶν
1857 2104 2037 2156 ποικίο

468 2191 575 2242 λων
619 2191 943 2260 νοσημάτων
972 2192 1341 2264 η’θεραπεία,
1383 2195 1415 2261 ὴ
1460 2193 1552 2245 ἐπὶ
1582 2192 1675 2245 τοῦ
1728 2193 1887 2263 ὅρους
1938 2194 2035 2261 τῆς

467 2278 722 2346 θεότητος
749 2281 915 2333 αὐτοῦ
956 2283 1267 2352 φανέρωσις
1286 2322 1301 2347 ,
1332 2283 1438 2335 τῶν
1465 2283 1737 2352 δαιμόνων
1764 2285 1797 2350 ἡ
1827 2283 2032 2348 δίωξις,

468 2372 561 2424 καὶ
611 2371 720 2423 τῶν
778 2371 988 2424 πολλῶν
1048 2373 1302 2441 χιλιάδων
1358 2372 1416 2436 ἐξ
1463 2373 1660 2441 ὀλίγων
1712 2374 1892 2441 ἄρτων
1938 2375 2036 2426 καὶ

471 2461 669 2530 ἰχθύων
698 2463 731 2532 ἠ
763 2462 1037 2532 ἐμπλησις
1057 2502 1074 2529 ,
1103 2463 1199 2516 καὶ
1226 2462 1334 2515 τῶν
1372 2464 1582 2533 νεκρῶν
1611 2464 1685 2525 ὡς
1715 2463 1773 2526 ἐξ
1804 2463 1972 2516 ὕπνου
2000 2464 2032 2530 ἡ

465 2550 715 2621 ἔγερσις,
747 2554 835 2606 καὶ
874 2551 1208 2617 ἁπαξαπλῶς
1244 2553 1345 2621 τῆς
1377 2552 1591 2620 φύσεως
1626 2552 1735 2605 τῶν
1777 2551 2103 2622 σφαλμάισ

464 2659 572 2693 των
600 2643 634 2710 ἡ
665 2642 984 2705 ἀνάπλασις.
1008 2643 1073 2695 Τί
1115 2643 1254 2713 πρὸς
1280 2643 1455 2697 ταῦτα
1499 2643 1625 2713 φὴς,
1671 2642 2031 2712 Σαρρακηνέ;

470 2732 545 2800 μὴ
600 2732 847 2785 ἐλάττοσι
904 2733 1029 2787 τῶν
1065 2734 1415 2786 Μωῦσαῖκῶν
1483 2733 1726 2802 σημείων
1783 2735 1974 2786 ἑαυτὸν
2006 2736 2034 2786 6

467 2815 700 2888 Χριστὸς
725 2821 1071 2875 ἐπιστώσατο
1104 2822 1430 2886 ἐπιδείξεσιν
1453 2838 1467 2887 ;

537 2911 759 2962 ΣΑΡΑΚ
771 2950 784 2963 .
813 2911 1074 2981 Οὐδαμῶς
1085 2950 1099 2964 .

2138 1827 2433 1895 conjuncta
2464 1825 2603 1889 viro,
2652 1833 2705 1876 et
2739 1838 2805 1877 ex
2835 1822 3043 1891 virgine
3078 1828 3241 1874 natus
3268 1836 3282 1884 ;
3314 1828 3536 1891 ‘mutata
3574 1833 3713 1885 aqua

2140 1919 2195 1973 in
2234 1920 2415 1972 vinum
2448 1935 2461 1971 :
2500 1926 2612 1970 tum
2648 1916 2845 1969 deinde
2870 1929 2978 1968 non
3008 1914 3266 1973 obseura,
3299 1912 3393 1966 sed
3423 1908 3715 1963 manifesta

2139 2009 2428 2064 admodum
2460 2007 2744 2062 oculorum
2773 2005 2934 2059 caecis
2966 2002 3337 2063 restitutione,
3370 2000 3713 2068 leprosorum

2136 2101 2558 2173 expurgatione,
2603 2099 3031 2169 paralyticorum
3091 2094 3566 2153 eorroboratione,
3605 2106 3715 2141 om-

2138 2195 2569 2263 nigenorumque
2594 2193 2908 2244 morborum
2934 2187 3240 2248 curatione,
3265 2184 3571 2238 divinitatis
3602 2197 3714 2235 sua:

2138 2287 2193 2340 in
2222 2294 2407 2339 monte
2436 2284 2773 2346 ostensione,
2828 2280 3150 2349 expulsione
3193 2277 3525 2336 daemonum,
3579 2272 3714 2325 mul-

2137 2386 2317 2430 torum
2350 2375 2579 2428 millium
2616 2374 2895 2426 hominum
2932 2370 3125 2439 paucis
3156 2384 3222 2423 ex
3265 2367 3498 2435 panibus
3546 2364 3712 2433 pisci-

2136 2466 2348 2533 busque
2405 2462 2747 2523 refectione,
2803 2469 3147 2512 mortuorum
3210 2455 3357 2508 velut
3422 2470 3451 2506 ιι
3518 2466 3711 2507 somno

2134 2554 2481 2617 excitatione,
2519 2560 2573 2606 et
2601 2567 2709 2605 uno
2740 2551 2927 2613 verbo,
2958 2556 3169 2602 natura:
3222 2546 3293 2617 in,
3328 2546 3527 2614 quibus
3560 2543 3710 2610 lapsa

2133 2653 2271 2708 erat,
2306 2642 2730 2697 instauratione.
2773 2638 2914 2704 Quid
2947 2639 3027 2693 ais
3050 2638 3114 2690 ad
3141 2637 3275 2697 haec,
3310 2632 3618 2687 Saracene?
3640 2646 3709 2683 au

2136 2734 2442 2787 minoribus
2474 2748 2635 2801 quam
2670 2731 2907 2800 Moyses,
2938 2728 3111 2797 signis
3134 2726 3292 2797 471
3328 2732 3383 2779 et
3413 2722 3628 2777 indiciis
3652 2722 3713 2773 li-

2136 2825 2259 2877 dem
2286 2822 2390 2877 sibi
2419 2822 2654 2875 astruxit
2681 2820 2979 2873 Christus?

2208 2910 2452 2965 SARAC.
2475 2910 2844 2978 Nequaquam.

535 3000 729 3054 ΘΕΟΔ.
775 2995 942 3063 Οὗτος
981 3003 1009 3053 6
1038 3001 1142 3053 ὑπὸ
1178 2996 1278 3053 τοῦ
1311 3000 1589 3063 Μωῡσέως
1634 2999 2030 3071 προδηλωθεὶς,
2061 3034 2075 3086 ⁴

2207 2999 2461 3055 TllEOD.
2487 2999 2587 3053 llic
2616 3014 2746 3069 ergo
2770 3012 2801 3051 a
2832 2996 3015 3067 Moyse
3041 2995 3195 3066 prius
3226 2994 3556 3057 declaratus,
3587 3008 3712 3047 cum

468 3094 559 3146 καὶ
602 3092 879 3156 τοσούτοις
931 3094 1025 3147 καὶ
1052 3093 1319 3157 τοιούτοις
1377 3093 1568 3146 ἑαυτὸν
1614 3093 2030 3163 πιστωσάμενος
2073 3084 2075 3086 ’

2144 3100 2221 3148 tot
2250 3091 2531 3161 tantisque
2567 3089 2739 3159 signis
2794 3102 2916 3141 sese
2965 3101 2994 3138 a
3031 3084 3142 3139 Deo
3182 3084 3397 3139 venisse
3427 3094 3711 3136 common-

410 3177 417 3185 ’
468 3182 714 3252 σημείοις
757 3185 892 3252 πρὸς
923 3182 1054 3236 Θεοῦ
1103 3182 1462 3253 ἐληλυθέναι,
1509 3182 1889 3251 παρεγγυᾶται
1921 3183 2033 3244 τοῖς

2144 3193 2390 3248 strasset,
2417 3181 2704 3253 discipulis
2741 3178 2857 3236 suis
2895 3177 3223 3248 spopondit,
3270 3175 3461 3229 dicens
3493 3196 3505 3229 :
3544 3192 3562 3224 ι
3602 3171 3714 3226 Lex

466 3272 662 3327 ἑαυτοῦ
709 3272 980 3342 μαθηταῖς
1032 3272 1238 3339 λέγων’
1276 3291 1295 3322 t
1344 3271 1403 3323 Ὀ
1456 3273 1619 3340 νόμος
1674 3272 1768 3323 καὶ
1805 3272 1853 3323 οἱ
1900 3284 2034 3340 προ-

2142 3285 2196 3331 et
2237 3278 2515 3345 pmpheta‘.
2565 3288 2739 3342 usque
2788 3270 2854 3325 ad
2910 3268 3176 3323 Joannem
3234 3266 3555 3336 Baptistam.
3606 3263 3711 3329 Qui

465 3364 633 3433 φῆται
690 3364 853 3433 μέχρι
908 3363 1158 3416 Ἰωάννου
1196 3362 1290 3415 τοῦ
1325 3362 1657 3415 Βαπτιστοῦ.
1706 3363 1765 3414 Ὀ
1796 3362 1935 3431 ἔχων
1965 3361 2034 3414 τά

2144 3367 2305 3421 habet
2353 3380 2520 3419 aures
2572 3362 2855 3424 audiendi,
2902 3361 3088 3413 audiat
3120 3359 3187 3413 ¹⁸.
3225 3377 3243 3409 ι
3286 3357 3385 3411 Ubi
3420 3356 3587 3427 igitur
3629 3362 3713 3410 est

462 3447 578 3505 ὦτα
626 3454 885 3517 ἀκούειν,
919 3452 1183 3505 ἀκουέτω.
1227 3470 1245 3503 ι
1287 3452 1395 3505 Ποῦ
1449 3451 1630 3505 τοίνυν
1665 3453 1693 3503 6
1748 3452 2034 3523 προφήτης

2144 3456 2406 3527 propheta
2451 3453 2664 3510 vester?
2703 3452 2757 3507 id
2808 3453 3110 3508 obscurum
3152 3464 3261 3505 non
3292 3457 3400 3504 est.

465 3544 620 3614 ὑμῶν
646 3562 661 3611 ;
701 3546 802 3598 οὐκ
827 3545 1039 3616 ἄδηλον.

540 3722 580 3754 ¹⁷
611 3722 743 3776 ibid.
776 3722 896 3778 2-9.
977 3724 1019 3755 ¹⁸
1046 3722 1181 3777 Luc.
1222 3738 1336 3789 xw,
1361 3723 1417 3777 6.

485 3909 3685 3943 ΝΜ

1341 4073 1423 4133 ΙΝ
1478 4070 1935 4132 OPUSCULUM
1996 4070 2337 4143 SEQUENS
2386 4071 2815 4132 ADMONITIO

544 4372 836 4454 qusculi
876 4374 972 4454 Ade
1009 4372 1391 4454 draconibus
1420 4380 1481 4454 et
1522 4376 1857 4453 strygibus,
1890 4393 2002 4437 seu
2032 4376 2415 4454 prolixioris,
2467 4382 2537 4437 ut
2566 4374 2863 4454 conjicio,
2894 4372 3358 4454 lucubrationis
3372 4369 3707 4447 fragmenti

466 4438 674 4534 hujus,
721 4451 893 4534 quod
913 4469 1089 4534 nunc
1116 4452 1397 4534 primum
1411 4438 2083 4534 damnsfdescribendi
2100 4454 2253 4515 mihi
2276 4438 2664 4534 perhumane
2683 4438 3108 4534 "cOpiamjecit
3135 4453 3210 4511 Β.
3240 4453 3305 4534 Ιξ.
3338 4438 3710 4534 Ιξτ-Ῐὶειτηδτ-

465 4528 583 4589 dus
613 4530 691 4589 de
732 4528 1138 4591 Montfaucon
1178 4548 1255 4592 ex
1283 4531 1501 4593 codice
1540 4532 1687 4592 satis
1729 4533 1965 4593 recenti
1994 4528 2357 4595 monasterii
2388 4534 2595 4594 Sancti
2633 4528 2885 4593 Taurini
2916 4530 3338 4591 Ebroicensis.
3372 4530 3529 4590 lllnd
3558 4546 3705 4591 vero

464 4606 691 4667 Joanni
726 4608 1111 4669 Damasceno
1142 4609 1407 4686 perinde
1438 4610 1717 4671 tribuunt
1755 4612 1954 4673 codex
1998 4612 2069 4671 15
2102 4611 2497 4674 bibliotheca)
2535 4611 2621 4671 CI.
2669 4612 2927 4671 Joannis
2964 4608 3238 4681 Seldeni,
3274 4625 3519 4669 necnon
3554 4607 3709 4669 alter

462 4686 667 4747 codex
712 4686 1110 4767 bibliothecae
1148 4689 1447 4763 Bomana:
1468 4690 1945 4767 Sanctae-Maria)
1970 4690 2048 4751 de
2083 4689 2419 4761 Vallieella,
2480 4688 2761 4767 nihilque
2799 4705 2916 4749 nos
2954 4687 3121 4767 cogit
3158 4687 3450 4767 utipsurn
3491 4687 3709 4767 Dama-

460 4778 653 4824 sceno
693 4771 919 4846 nostro
980 4764 1356 4846 auferamus.
1406 4768 1494 4825 Ex
1522 4767 1722 4845 capite
1797 4766 1886 4846 23,
1930 4769 2228 4846 Historia:
2255 4767 2555 4841 Arabum,
2622 4763 2808 4846 quam
2862 4763 3708 4846 AbrahamusiEec-hellensis

460 4843 835 4922 conscripsit
900 4850 960 4904 et
1012 4844 1227 4910 edidit.
1280 4862 1313 4905 a
1338 4853 1558 4922 )paret,
1596 4842 1610 4845 “
1634 4852 1700 4905 ut
1728 4845 1894 4924 apud
1923 4845 2196 4919 Judaaos,
2228 4847 2317 4907 sic
2355 4846 2520 4925 apud
2556 4842 2899 4907 Saracenos
2947 4842 3316 4923 prmsertim,
3350 4842 3513 4901 inter
3548 4857 3709 4919 quos

460 4917 735 4981 Joannes
772 4930 982 4982 noster
1041 4922 1285 4982 agebat.
1315 4864 1648 4982 iamiliares
1682 4924 1875 4982 fuisse
1913 4924 2262 4982 fabulas.de
2301 4924 2679 4982 draconibus
2710 4922 2977 4982 incubis.
3028 4923 3327 4981 Caeterum
3373 4918 3491 4980 hoc
3548 4934 3708 4982 unus

460 4917 735 5006 Joannes
772 4930 982 5006 noster
1041 4922 1285 5006 agebat,
1313 4917 1648 5006 familiares
1682 4917 1875 4984 fuisse
1913 4917 2262 5006 fabulas,de
2301 4917 2679 5006 draconibus
2710 4917 2977 5006 innubis.
3020 4923 3327 5006 Craterum
3373 4918 3491 4980 hoc
3540 4917 3708 5006 opus

458 4998 744 5081 ignotum
772 5000 1013 5060 videtur
1032 5000 1223 5081 fuisse
1268 5002 1401 5062 viro
1437 5002 1697 5081 inﬁnita)
1741 5003 2197 5081 propemodum
2235 5002 2600 5064 eruditionis
2642 5002 2833 5063 Leoni
2857 5000 3099 5081 Allatio,
3142 4998 3467 5081 qui,__cum
3504 4998 3712 5081 singne

460 5071 574 5134 lari
609 5093 799 5156 Opere
823 5079 1280 5161 superstitiosas
1306 5080 1577 5155 easdem,
1600 5071 1761 5160 quas
1782 5071 2025 5155 Noster,
2058 5081 2453 5161 Opinationes
2481 5082 2837 5144 Graecorum
2862 5071 3221 5157 exagitaret,
3259 5076 3486 5138 librum
3522 5076 3711 5137 istum

462 5167 770 5233 nusquam
795 5157 1096 5234 allegavit.
