3930 6206
347 248 483 310 1599

1519 255 1579 317 S.
1611 257 1929 318 JOANNIS
1963 257 2393 318 DAMASCENI

3482 255 3623 322 1600

369 403 2604 438 Ἦ

3332 407 3608 421 C——.

3317 423 3608 438 —_—-—.——.

841 569 1518 685 ΙΩΑΝΝΟΥ
1622 481 1922 683 ΤΟΥ
2015 571 3083 687 ΔΑΜΑΣΚΗΝΟΥ

1471 793 1728 878 ΠΕΡΙ
1783 789 2473 877 ΔΡΑΚΟΝΤΩΝ.

1220 1142 1816 1261 JOANNIS
1897 1084 2710 1263 DAMASCENI

1443 1393 1590 1481 DE
1700 1391 2485 1484 DRACONIBUS.

439 1739 704 1806 Quoniam
767 1747 945 1795 autem
1009 1743 1271 1800 dracones
1328 1762 1544 1817 quoque
1609 1747 1819 1816 ﬁngunt
1881 1747 2010 1807 inA

372 1833 578 1886 formas
620 1833 896 1886 hominum
935 1835 1187 1900 transire,
1222 1839 1458 1894 etmodo
1495 1839 1712 1908 quidem
1739 1853 1934 1908 parvos

373 1929 654 1988 serpentes
710 1937 864 1986 esse,
929 1932 1040 1976 tum
1099 1925 1297 1980 deinde
1358 1927 1624 1982 maximos
1682 1928 1932 1991 evadere,

373 2026 600 2078 procera
635 2014 777 2066 mole
813 2021 868 2066 et
913 2016 1291 2083 magnitudine
1342 2019 1590 2087 corporis
1645 2018 1934 2084 immanes,

376 2114 440 2152 ac
477 2102 692 2156 tandem
737 2103 1006 2168 homines,
1042 2106 1121 2159 uti
1169 2107 1374 2160 dictum
1423 2116 1530 2172 est,
1575 2108 1768 2172 factos,
1811 2123 1936 2161 cum

377 2187 694 2246 hominibus
729 2195 1065 2258 conversari,
1115 2196 1389 2262 incedere,
1435 2198 1692 2253 mulieres
1723 2213 1938 2269 rapere,

375 2289 428 2334 et
461 2295 584 2334 cum
607 2283 689 2338 eis
718 2284 887 2338 coire.
921 2284 1028 2340 Eos
1075 2288 1166 2356 qui
1222 2288 1337 2343 haec
1381 2300 1626 2355 narrant,
1661 2305 1939 2358 rogamus,

377 2377 510 2435 quot
540 2371 838 2427 rationales
866 2381 1095 2430 naturas
1142 2375 1287 2431 Deus
1326 2377 1536 2432 iecerit.
1579 2377 1734 2443 Quod
1764 2379 1810 2432 si
1839 2378 1944 2433 hoc

379 2457 656 2522 nesciunt,
691 2460 828 2514 duas
861 2462 970 2516 illis
1015 2464 1285 2528 dicemus,
1370 2467 1594 2536 angelos
1633 2467 1845 2522 scilicet
1889 2474 1944 2521 et

380 2547 650 2602 homines.
693 2549 863 2603 Porro
902 2551 1154 2608 diabolus
1189 2570 1331 2609 unus
1381 2564 1497 2608 erat
1543 2571 1607 2610 ex
1681 2557 1943 2626 angelicis

379 2635 718 2693 virtutibus:
765 2653 1003 2710 cumque
1050 2650 1244 2712 sponte
1291 2644 1554 2699 defecerit
1617 2659 1648 2698 a
1713 2645 1857 2709 luce,
1890 2645 1944 2699 in

382 2730 626 2785 tenebris
674 2731 942 2801 graditur.
995 2733 1160 2802 Atqui
1218 2735 1410 2790 ambas
1445 2735 1668 2804 quidem
1714 2743 1946 2792 naturas

383 2819 519 2875 istas
564 2819 708 2876 Deus
763 2823 1032 2878 condidit.
1090 2823 1184 2878 Sin
1232 2839 1366 2879 vero
1422 2826 1606 2889 draco,
1665 2835 1946 2894 assumpta

384 2910 567 2978 specie
592 2911 791 2978 altera,
838 2928 963 2968 cum
1012 2913 1329 2970 hominibus
1381 2923 1762 2980 conversatur,
1811 2931 1949 2971 cou-

387 3009 710 3072 stupralque
746 3004 1028 3069 mulieres,
1063 3020 1126 3060 ac
1159 3007 1320 3061 modo
1348 3007 1570 3077 quidem
1595 3022 1822 3076 serpens
1854 3023 1950 3062 ex-

387 3092 558 3157 sistit,
593 3093 752 3149 modo
782 3103 964 3150 autem
990 3096 1191 3162 homo;
1226 3097 1354 3152 hinc
1381 3095 1673 3152 manifeste
1701 3097 1952 3165 sequitur

386 3198 513 3238 eum
571 3200 694 3242 esse
747 3189 960 3243 ratione
989 3188 1299 3258 praeditum,
1334 3188 1582 3258 adeoque
1625 3189 1786 3259 longe
1813 3204 1954 3258 prae-

389 3277 711 3332 stantiorem
748 3279 973 3335 homine
1002 3297 1016 3333 :
1057 3279 1111 3333 id
1143 3279 1292 3350 quod
1325 3280 1484 3350 plane
1513 3295 1796 3350 nunquam
1829 3279 1955 3345 fuit,

390 3382 493 3421 nec
523 3369 650 3422 erit.
681 3367 824 3432 Quin
866 3370 1058 3422 dicant
1096 3371 1276 3434 nobis,
1323 3371 1639 3438 ecquisnam
1689 3371 1842 3423 illum
1874 3372 1958 3425 vi-

390 3457 512 3511 dit?
540 3457 651 3512 Nos
684 3457 885 3526 quippe
914 3457 1138 3528 Moysis,
1183 3474 1279 3513 seu
1321 3460 1505 3527 potius
1538 3459 1778 3528 Spiritus
1825 3475 1956 3515 san-

391 3547 488 3612 cti,
517 3547 610 3617 qui
643 3563 739 3619 per
765 3546 920 3602 illum
959 3548 1178 3604 locutus
1217 3557 1323 3612 est,
1376 3549 1642 3604 doctrinae
1673 3549 1830 3605 ﬁdem
1858 3550 1957 3605 ha-

393 3641 606 3696 bemus.
651 3640 700 3696 Is
730 3655 898 3711 porro
933 3641 1014 3696 sic
1040 3641 1149 3696 ait:
1189 3659 1208 3692 ι
1256 3642 1323 3695 Et
1350 3641 1578 3697 adduxit
1621 3643 1766 3698 Deus
1797 3658 1959 3699 omne

397 3733 599 3789 animal
631 3735 700 3791 ad
761 3734 960 3803 Adam,
1001 3742 1062 3790 ut
1100 3735 1306 3792 videret
1359 3735 1492 3807 quid
1533 3735 1694 3808 472
1737 3744 1962 3793 vocaret

395 3839 496 3880 ea:
541 3834 597 3880 et
645 3824 792 3896 quod
849 3826 1066 3881 vocavit
1123 3825 1321 3892 Adam,
1377 3827 1556 3897 ipsum
1607 3835 1692 3884 est
1762 3844 1961 3883 nomen

397 3915 518 3984 ejus
559 3917 598 3971 ⁸.
629 3935 648 3968 ι
691 3915 962 3982 Quocirca
999 3917 1169 3973 draco
1227 3932 1398 3972 unum
1439 3925 1559 3972 erat
1593 3933 1658 3973 ex
1709 3920 1963 3974 animali-

399 4008 524 4063 bus.
560 4007 749 4078 Neque
781 4023 883 4078 ego
911 4007 1038 4064 dico
1084 4009 1181 4064 tibi
1215 4009 1515 4064 draconem
1551 4025 1662 4065 non
1693 4018 1914 4066 exstare
1945 4029 1960 4066 :

401 4109 528 4153 sunt
572 4100 716 4154 enim
751 4099 1048 4165 dracones;
1090 4099 1184 4156 sed
1237 4099 1292 4154 hi
1343 4107 1628 4169 serpentes
1682 4108 1833 4160 sunt.
1869 4101 1964 4170 qui

400 4206 465 4244 ex
499 4191 832 4245 draconibus
865 4191 986 4246 aliis
1022 4199 1403 4262 procreantur.
1441 4190 1576 4244 Nam
1617 4193 1838 4260 quando
1880 4209 1967 4247 re-

401 4294 532 4334 cens
562 4280 770 4335 exclusi
792 4269 934 4334 sunt
954 4291 1006 4335 et
1036 4281 1260 4346 novelli,
1295 4282 1448 4352 parvi
1478 4290 1646 4347 sunt;
1680 4291 1966 4352 postquam

401 4385 531 4424 vero
561 4370 686 4424 cibo
733 4371 874 4440 pasti
923 4380 1072 4436 sunt,
1122 4381 1176 4428 et
1223 4381 1654 4437 consenuerunt,
1698 4373 1878 4442 magni
1912 4381 1968 4428 et

2121 1747 2339 1818 Ἐπειδὴ
2389 1746 2484 1801 καὶ
2529 1745 2830 1816 δράκοντας
2868 1747 3273 1802 ἀναπλάττουσι
3325 1764 3596 1821 μεταμορ-

2037 1841 2336 1912 φουμένους
2395 1841 2475 1902 είς
2527 1838 2829 1908 ἀνθρώπων
2861 1839 3096 1909 μορφὰς,
3145 1840 3242 1892 καὶ
3291 1841 3422 1893 ποτὲ
3451 1843 3596 1910 ὄφεις

2037 1931 2286 1999 γενέσθαι
2345 1930 2592 2002 μικροὺς,
2641 1929 2770 1983 ποτὲ
2808 1929 3100 1999 μεγίστους
3142 1930 3276 1992 λίαν,
3313 1932 3459 2000 ὄγκῳ
3501 1938 3590 1986 καὶ

2042 2024 2258 2095 μεγέθει
2283 2021 3008 2096 σώμτοςκῦπερὸάλλοντας,
3029 2021 3156 2074 ποτέ
3178 2022 3228 2073 δέ
3252 2023 3579 2092 ἀνθρώπους,

2040 2115 2116 2178 ὡς
2152 2115 2388 2184 εἴρηται,
2433 2112 2773 2181 γινομένους,
2812 2111 2910 2164 καὶ
2971 2112 3108 2180 μετὰ
3142 2111 3433 2180 ἀνθρώπων
3474 2115 3590 2181 δμι-

2040 2205 2287 2268 λοῦντας,
2341 2202 2668 2274 ἐρχομένους
2700 2219 2780 2263 τε,
2807 2202 2901 2253 καὶ
2938 2203 3204 2268 γυναῖκας
3237 2203 3585 2270 ἁρπάζοντας,

2043 2298 2137 2352 καὶ
2165 2295 2655 2366 συνουσιασμένους
2693 2294 2904 2357 αὐταῖς,
2940 2292 3172 2362 ἐροῦμεν
3205 2293 3400 2354 αὐτοῖς’
3420 2293 3584 2356 Πόσας

2045 2389 2235 2458 φύσεις
2265 2386 2494 2455 λογικὰς
2529 2385 2784 2454 ἐποίησεν
2834 2385 2863 2436 ὁ
2914 2383 3087 2448 Θεός;
3116 2383 3228 2435 Καὶ
3262 2384 3308 2434 εἰ
3338 2383 3397 2434 οὔ
3437 2384 3586 2450 7th-

2047 2495 2284 2541 σκουσιν,
2318 2475 2552 2546 ἐροῦμεν
2599 2475 2781 2537 αὐτοῖς
2804 2490 2818 2504 ο
2868 2472 2962 2526 δύο
2983 2490 2998 2504 ο
3039 2473 3310 2540 ἀγγέλους
3338 2473 3464 2541 φημὶ
3498 2475 3579 2524 καὶ

2045 2567 2386 2638 ἀνθρώπους.
2425 2568 2485 2618 ὐ
2524 2564 2582 2616 δέ
2614 2563 2859 2625 διάϐολος
2885 2557 2964 2625 εἷς
2985 2562 3092 2615 τῶν
3123 2562 3413 2629 ἀγγελικῶν
3436 2562 3574 2613 suvi-

2049 2676 2195 2730 μεων
2226 2655 2314 2729 ἦν,
2368 2658 2460 2710 καὶ
2513 2657 2778 2718 ἑκουσίως
2809 2655 3050 2718 ἀποστὰς
3089 2656 3153 2706 ἐκ
3187 2653 3284 2706 τοῦ
3328 2653 3499 2720 gratae,
3525 2655 3573 2704 ἐν

2050 2751 2232 2804 σκότει
2284 2747 2598 2818 πορεύεται.
2645 2747 2860 2808 Ταύτας
2898 2745 2996 2814 μὲν
3027 2745 3126 2806 τάς
3151 2744 3247 2796 δύο
3279 2743 3461 2811 φύσεις
3499 2741 3580 2804 τὰς

2047 2838 2271 2908 λογικὰς
2303 2838 2584 2908 ἐποίησεν*
2640 2839 2669 2891 ὁ
2720 2836 2777 2890 δέ
2828 2836 3063 2908 δράκων,
3119 2835 3243 2888 ἐπεὶ
3272 2834 3445 2904 ὀμιλεῖ
3471 2832 3589 2902 μετά

2051 2929 2370 3000 ἀνθρώπων,
2411 2927 2931 3000 μεταμορφούμενος
2964 2929 3059 2980 καὶ
3104 2927 3465 2990 συνουσιάζων
3488 2926 3591 2985 ταῖς

1984 3021 2288 3126 Βγὶιναιξὶ,
2320 3021 2414 3074 καὶ
2443 3020 2574 3073 ποτὲ
2608 3020 2706 3090 μὲν
2747 3019 3052 3126 hamato?
3101 3019 3158 3071 δὲ
3196 3017 3492 3126 ἀνθρώποςέ
3527 3015 3591 3076 ὡς

2057 3105 2139 3172 εἷς
2165 3108 2273 3162 τῶν
2297 3107 2508 3161 πολλῶν
2535 3106 2839 3176 γινόμενος,
2872 3105 3090 3176 εὔδηλον
3115 3107 3194 3158 ὅτι
3219 3106 3427 3170 λογικός
3470 3106 3592 3161 ἐστι.

2058 3197 2153 3251 καὶ
2188 3195 2386 3267 μᾶλλον
2441 3193 2768 3264 τιμιώτερος
2819 3193 2958 3263 ὑπὲρ
2993 3193 3084 3245 τὸν
3130 3191 3441 3262 ἄνθρωπον·
3471 3191 3595 3258 amp

2057 3286 2179 3340 οὐδὲ
2204 3281 2292 3355 ἦν,
2322 3285 2443 3338 οὐδέ
2471 3285 2643 3338 ἔσται.
2676 3283 3019 3346 Είπάτωσαν,
3041 3283 3132 3336 καὶ
3155 3283 3236 3345 τίς
3261 3282 3440 3334 τοῦτον
3465 3281 3597 3331 ίστο-

2064 3379 2183 3445 ρεί;
2223 3376 2385 3444 ἡμεῖς
2414 3375 2524 3445 γὰρ
2545 3373 2622 3443 τῷ
2657 3373 2887 3443 δόγματι
2918 3371 3014 3425 τοῦ
3052 3370 3317 3430 Μωῦσέως
3348 3369 3589 3436 πειθόμε-

2059 3464 2148 3528 θα,
2182 3463 2382 3534 μᾶλλον
2423 3463 2480 3516 δὲ
2519 3465 2612 3515 τοῦ
2645 3463 2801 3530 ἁγίου
2835 3461 3163 3531 Πνεύματος,
3200 3459 3290 3512 τοῦ
3325 3460 3389 3512 δι’
3423 3455 3583 3511 αὐτοῦ

2059 3554 2411 3625 λαλήσαντος.
2446 3552 2556 3606 Καὶ
2585 3552 2759 3606 ταῦτα
2790 3551 2974 3620 λέγει’
3015 3570 3034 3603 ι
3068 3551 3174 3604 Καὶ
3196 3551 3383 3619 ἢγαγεν
3409 3549 3438 3600 ὁ
3459 3546 3587 3608 Θεὸς

2061 3646 2170 3698 πᾶν
2198 3643 2334 3708 ζῶον
2361 3644 2441 3707 εἰς
2468 3643 2560 3696 τὸν
2605 3642 2792 3712 Ἀδὰμ,
2831 3642 2959 3696 ἰδεῖν
2988 3642 3043 3695 τί
3078 3640 3298 3694 καλέσει
3324 3639 3478 3692 uina.“
3511 3638 3601 3690 καὶ

2061 3736 2090 3790 ὃ
2122 3736 2369 3801 ἐκάλεσε,
2419 3735 2575 3788 τοῦτο
2623 3734 2792 3805 ὄνομα
2821 3733 3006 3787 αὑτοῦ.
3046 3733 3264 3786 »⁸Ὀθεν
3308 3731 3401 3784 καὶ
3428 3732 3456 3782 ὁ
3487 3728 3605 3799 δρά-

2062 3844 2175 3880 κων
2197 3826 2254 3878 ἓν
2277 3821 2345 3896 ἦν
2392 3825 2501 3879 τῶν
2535 3823 2708 3890 ζώων.
2738 3825 2850 3878 Καὶ
2887 3825 2945 3877 οὐ
2978 3825 3124 3892 λέγω
3153 3841 3256 3886 σοι,
3286 3823 3368 3876 ὅτι
3394 3823 3488 3874 οὐκ
3506 3820 3607 3872 ἔστι

2063 3917 2280 3988 δράκων
2304 3932 2320 3947 ·
2351 3915 2458 3968 εἰσὶ
2491 3914 2590 3986 μὲν
2635 3914 2743 3985 γὰρ
2771 3914 3064 3985 δράκοντες
3087 3955 3103 3980 ,
3152 3913 3296 3982 πλὴν
3323 3912 3470 3981 ὄφεις
3495 3909 3609 3972 elui,

2065 4007 2338 4077 γινόμενοι
2369 4005 2426 4058 δὲ
2451 4004 2510 4069 ἐξ
2532 4005 2735 4076 ἐτέρων
2765 4003 3098 4074 δρακόντων.
3124 4004 3318 4065 Ὄντες
3343 4002 3450 4072 γὰρ
3481 4002 3618 4068 ἀρτιο

2065 4099 2244 4166 γενεϊς
2275 4097 2370 4151 καὶ
2399 4096 2528 4161 νέοι,
2563 4097 2748 4166 μικροί
2771 4098 2931 4161 εἰσιν,
2965 4095 3370 4166 ἀνατραφέντες
3417 4094 3492 4155 δὲ,
3535 4092 3620 4144 καὶ

2067 4188 2490 4254 παλαιωθέντες,
2544 4187 2769 4258 μεγάλοι
2826 4189 2923 4241 καὶ
2973 4189 3170 4256 παχεῖς
3194 4186 3458 4254 γίνονται,
3488 4184 3622 4250 δγκῳ

2069 4280 2163 4334 καὶ
2193 4278 2410 4350 μεγέθει
2437 4278 2792 4349 ὑπερέχοντες
2814 4277 2922 4330 τῶν
2952 4277 3158 4331 λοιπῶν
3187 4277 3386 4345 ὄφεων.
3424 4274 3554 4326 Φασὶ
3574 4272 3623 4323 δὲ

2069 4370 2267 4432 αὐτοὺς
2312 4369 2568 4422 ἐπέκεινα
2599 4367 2705 4420 τῶν
2728 4368 3022 4438 τριάκοντα
3051 4367 3245 4437 πηχῶν
3290 4362 3624 4429 αὐξάνεσθαι,

402 4461 574 4516 crassi
606 4451 865 4528 evadunt,
926 4461 1002 4516 ita
1059 4472 1121 4517 ut
1174 4463 1420 4532 reliquos
1467 4477 1674 4534 angues
1727 4463 1870 4518 mole
1913 4473 1968 4519 et

2072 4460 2132 4513 τὸ
2150 4460 2206 4513 δὲ
2239 4430 2410 4529 πάχος
2429 4457 2692 4524 γίνεσθαι,
2716 4430 2826 4511 οἷον
2849 4459 3004 4511 δοκὸν
3035 4430 3299 4528 μεγάλην.
3337 4458 3399 4510 Ὁ
3429 4456 3484 4508 δέ
3505 4453 3630 4506 Δίων

405 4552 781 4622 magnitudine
821 4561 1102 4623 superent.
1135 4554 1410 4624 Aiuntque
1447 4569 1544 4610 eos
1573 4555 1714 4608 ultra
1747 4554 1968 4623 triginta

405 4645 624 4698 cubitos
655 4659 973 4714 augescere,
1005 4644 1376 4699 crassitudine
1411 4659 1543 4698 vero
1577 4658 1831 4713 magnam
1855 4651 1970 4698 tra-

406 4733 528 4787 bem
579 4750 888 4804 exaequare.
939 4733 1084 4800 Quin
1136 4741 1190 4789 et
1247 4733 1381 4788 Dion
1431 4731 1733 4799 Romanus,
1782 4732 1874 4802 qui
1905 4733 1972 4788 de

409 4823 643 4892 imperio
669 4833 722 4879 et
765 4823 1047 4894 republica
1096 4824 1343 4878 Romana
1392 4822 1633 4893 scripsit,
1689 4822 1780 4877 ubi
1826 4822 1971 4877 cele-

409 4913 790 4969 bratissimum
843 4915 1276 4986 Carthaginense
1321 4914 1523 4970 bellum
1569 4913 1790 4978 recitat,
1843 4912 1976 4967 illud

411 5000 606 5068 refert,
662 5023 771 5076 quo
815 5007 1059 5076 tempore
1105 5004 1346 5074 Regulus
1395 5019 1510 5059 cos.
1560 5002 1842 5059 Romanus
1877 5004 1973 5058 ad-

411 5116 606 5158 versus
634 5099 1098 5168 Carthaginienses
1147 5098 1476 5163 decertaret,
1511 5104 1737 5166 repente
1774 5093 1976 5150 draco-

413 5212 538 5251 nem
593 5196 739 5250 ultra
785 5194 986 5248 vallum
1051 5193 1282 5248 Romani
1339 5193 1616 5249 exercitus
1667 5200 1974 5260 reptantem

413 5285 675 5354 iacuisse,
732 5300 894 5355 quem
952 5300 1074 5339 cum
1122 5285 1271 5340 illius
1311 5285 1470 5352 jussu
1521 5290 1836 5348 necassent,
1884 5281 1977 5336 de-

421 5385 650 5430 tractam
698 5378 894 5446 pellem
935 5377 1162 5430 Ruinam
1212 5377 1279 5431 ad
1325 5382 1575 5430 senatum
1628 5372 1896 5428 missam:
1930 5380 1982 5427 et

420 5465 616 5533 grandi
645 5468 934 5534 miraculo,
967 5462 1088 5524 c'um
1122 5476 1348 5525 senatus
1379 5467 1521 5522 hanc
1564 5479 1784 5523 mensus
1815 5473 1978 5530 esset,

495 5617 662 5673 'Gen.
698 5636 754 5686 ιι,
777 5621 830 5675 9.

2075 4549 2104 4600 ὁ
2141 4550 2429 4619 Ῥωμαῖος,
2457 4550 2486 4601 ὁ
2535 4549 2994 4620 συγγραψάμενος
3045 4549 3177 4619 περὶ
3219 4548 3322 4616 τῆς
3361 4544 3632 4616 βασιλείας

2077 4642 2172 4694 καὶ
2195 4641 2322 4711 περὶ
2345 4641 2444 4711 τῆς
2471 4641 2848 4712 δημοκρατίας
2879 4639 3122 4711 Ῥώμης,
3159 4639 3255 4693 καὶ
3302 4636 3634 4707 διηγησάμεο

2079 4750 2166 4796 νος
2189 4732 2317 4802 περὶ
2337 4731 2432 4785 τοῦ
2463 4731 2924 4802 πολυθρυλλήτοψ
2950 4731 3184 4802 πολέμου
3217 4729 3312 4783 τοῦ
3363 4727 3639 4800 Καρχηδο-

2082 4822 2217 4887 νίου,
2254 4821 2422 4889 λέγει,
2454 4821 2537 4874 ὅτι
2579 4818 2869 4890 Ῥηγούλου
2914 4817 3009 4870 τοῦ
3040 4817 3246 4871 ὑπάτου
3305 4813 3528 4884 Ῥώμης
3553 4829 3640 4863 πο-

2079 4909 2369 4982 λεμοῦντος
2404 4909 2502 4980 τὴν
2532 4907 2886 4979 Καρχηδόνα,
2919 4906 3180 4978 ἐξαίφνης
3226 4905 3450 4975 δράκων
3483 4901 3643 4973 ἐρπύ·

2083 5019 2200 5066 σας,
2233 5000 2337 5067 ἔξω
2367 4998 2462 5053 τοῦ
2510 4997 2908 5070 χαρακώματος
2945 4998 3040 5052 τοῦ
3081 4997 3354 5067 Ῥωμαίου
3421 4990 3643 5064 στρατοῦ

2082 5094 2280 5150 ἔκειτο.
2312 5094 2371 5146 ὃν
2399 5096 2466 5164 τῇ
2495 5091 2786 5163 προστάξει
2816 5089 2980 5144 αὑτοῦ
3011 5089 3260 5144 ἔκτειναν
3280 5091 3330 5143 οί
3368 5087 3641 5157 Ῥωμαῖοι,

2081 5187 2175 5240 καὶ
2212 5184 2594 5255 ἀποδείραντες
2617 5182 2800 5246 αὐτὸν,
2831 5181 3036 5234 ἔστειλε
3073 5179 3173 5250 τὴν
3199 5178 3360 5250 δορὰν
3389 5175 3555 5231 αὐτοῦ
3581 5176 3644 5242 τῇ

2089 5277 2376 5348 συγκλήτῳ
2417 5277 2634 5347 Ῥώμης
2657 5290 2670 5303 ⁸
2705 5274 2849 5345 μέγα
2877 5271 3060 5342 θαῦμα
3084 5289 3099 5303 ’
3121 5273 3216 5327 καὶ
3243 5270 3395 5342 παρὰ
3427 5270 3527 5338 τῆς
3551 5267 3643 5320 afa-

2088 5370 2187 5439 τῆς
2215 5366 2544 5438 μετρηθεῖσα
2575 5364 2900 5436 συγκλήτου,
2934 5363 3009 5424 ὼς
3035 5361 3199 5425 αὐτὸς
3243 5363 3279 5414 δ’
3299 5361 3440 5413 Δίων
3476 5357 3642 5422 ἔλεγε,

2091 5459 2285 5532 εὑρέθη
2314 5459 2508 5530 ἔχουσα
2545 5457 2716 5527 μῆκος
2749 5456 2925 5510 ποδῶν
2961 5453 3156 5509 ἑκατὸν
3181 5453 3353 5506 εἴκοσι
3383 5469 3397 5483 ·
3427 5449 3561 5522 πρὸς
3590 5441 3644 5497 τὸ
