3962 6202
378 287 508 356 1001

1378 277 1477 336 DE
1509 265 1988 337 DRACONIBUS
2013 277 2106 334 ET
2147 275 2586 334 STRYGIBUS.

3495 270 3626 335 1602

393 401 566 471 μῆκος
598 391 764 450 αὑτοῦ
801 386 870 462 ἦν
897 389 1000 468 καὶ
1028 387 1087 440 τὸ
1119 385 1310 456 πάχος.
1343 386 1500 438 Ἔστι
1547 385 1602 442 δὲ
1656 386 1750 438 καὶ
1783 385 1947 454 ἑτέρα

2077 387 2230 455 nquit
2254 386 2372 448 Dio,
2425 387 2646 440 inventa
2691 392 2776 441 est
2832 396 3047 441 centum
3096 396 3151 440 ct
3181 385 3370 456 viginti
3427 395 3623 456 pedum

373 489 539 559 γενεὰ
591 483 922 556 δρακόντων,
977 479 1235 533 πλατεῖαν
1277 476 1376 546 μὲν
1410 475 1607 545 ἔχουσα
1631 476 1728 546 τὴν
1785 492 1950 543 κεφαο

373 581 492 651 λὴν,
535 577 844 648 ὀφθαλμοὺς
876 569 1230 643 χρυσοειδεῖς,
1265 562 1346 630 οἷς
1381 568 1478 637 μὲν
1508 569 1587 629 εἰς
1613 568 1703 618 τὸν
1734 567 1952 621 τένοντα

376 671 540 740 αὐτοῦ
569 670 799 737 κέρατα,
837 664 1046 733 ἑτέροις
1074 660 1130 713 δὲ
1147 659 1333 726 γένεια
1361 661 1442 722 εἰς
1464 659 1556 711 τὸν
1583 658 1831 728 λάρυγγα
1857 658 1954 712 αὒ-

376 761 484 814 τῶν
507 776 520 789 ·
548 753 624 812 ὧν
645 758 745 829 τὴν
780 755 972 824 γενεάν
1002 751 1182 806 αὐτῶν
1206 749 1460 802 καλοῦσιν
1498 749 1951 818 Ἀγαθοδαίμονα·

377 852 592 919 λέγουσι
619 849 676 902 δὲ
708 847 934 907 τούτους
961 844 1033 913 μὴ
1064 843 1207 912 ἔχειν
1239 842 1336 895 ἰόν.
1375 843 1433 894 '0
1459 842 1513 894 δὲ
1551 841 1764 912 δράκων
1793 840 1956 909 γενεά

351 944 547 1005 -ὲστιν,
588 941 664 1002 ὡς
690 939 785 990 καὶ
814 937 881 989 τὰ
926 935 1088 987 λοιπὰ
1123 934 1310 1005 θηρία.
1345 935 1498 1004 Ἔχει
1550 933 1604 984 δὲ
1633 932 1839 999 γένεια,
1880 933 1954 994 ὡς

377 1030 474 1084 καὶ
500 1032 528 1082 ὁ
560 1028 784 1098 τράγος,
812 1025 906 1078 καὶ
931 1025 1068 1094 πρὸς
1096 1024 1185 1076 τὸν
1210 1024 1435 1076 τένοντα
1467 1022 1632 1076 αὑτοῦ
1662 1023 1736 1084 ὡς
1766 1023 1951 1091 κέρας.

378 1120 444 1171 Οἱ
478 1119 536 1171 δὲ
572 1117 842 1187 ὀφθαλμοὶ
876 1116 1040 1169 αὑτοῦ
1078 1117 1306 1185 μεγάλοι
1356 1117 1452 1168 καὶ
1489 1115 1838 1184 χρυσοειδεῖς.
1873 1114 1958 1164 Γί-

377 1227 562 1263 νονται
615 1211 672 1263 δὲ
717 1208 946 1280 μεγάλοι
1000 1209 1094 1260 καὶ
1145 1207 1353 1278 μικροί.
1388 1207 1566 1259 Πᾶσαι
1599 1205 1655 1257 δὲ
1685 1206 1740 1258 αἱ
1773 1205 1957 1273 γενεαὶ

380 1301 487 1353 τῶν
515 1301 712 1369 ὄφεων,
745 1299 840 1353 καὶ
870 1297 1063 1351 ῑοϐόλοι
1103 1297 1209 1351 εἰσί
1234 1316 1248 1331 ·
1285 1298 1444 1368 μόνος
1477 1295 1534 1348 δὲ
1572 1297 1600 1348 ὁ
1632 1295 1851 1366 δράκων
1881 1295 1956 1348 ἰόν

381 1394 492 1447 οὐκ.
505 1393 642 1462 ἔχει.
1570 1440 1573 1443 ,

450 1477 824 1546 Μυθολογοῦσι
855 1477 912 1531 δὲ
945 1477 1036 1530 καὶ
1083 1475 1261 1541 τοῦτο,
1314 1475 1397 1528 ὅτι
1435 1474 1540 1528 ὑπὸ
1584 1474 1682 1544 τῆς
1730 1472 1960 1544 βροντῆς

381 1569 636 1623 διώκεται
662 1571 690 1622 ὀ
716 1569 934 1639 δράκων
962 1587 976 1600 ·
1010 1567 1456 1638 ἀντιλαμϐάνεται
1483 1567 1540 1620 δὲ
1569 1569 1649 1629 εἰς
1675 1567 1834 1637 ἀέρα,
1866 1567 1960 1619 καὶ

383 1658 730 1712 θανατοῦται.
773 1656 914 1727 Ἐγὼ
939 1658 996 1711 δὲ
1028 1657 1202 1710 ταῦτα
1231 1655 1492 1720 ἀκούσας,
1547 1654 1804 1723 ἐγέλασα.
1835 1655 1960 1717 Πῶς

382 1747 516 1801 ποτὲ
550 1748 650 1817 μὲν
678 1746 1149 1818 ἀνθρωπόμορφον
1173 1746 1267 1800 καὶ¹
1307 1745 1525 1814 λογικὸν
1559 1746 1794 1806 ποιοῦσι,
1826 1745 1956 1797 ποτὲ
1992 1729 2032 1783 Β

383 1839 436 1892 δὲ
463 1839 606 1908 ὅφιν,
643 1838 773 1890 ποτὲ
797 1838 852 1890 δὲ
880 1837 999 1906 Θεῷ
1037 1836 1516 1907 ἀντιταττόμενον,
1552 1836 1648 1888 καὶ
1687 1835 1792 1887 ὑπὸ
1819 1836 1955 1888 Θεοῦ

384 1933 753 2002 διωκόμενονς
795 1934 1004 1996 Ὄντως
1029 1932 1293 2002 σφαλερὸν
1337 1933 1370 2002 ἠ
1401 1930 1657 2000 ἀμάθεια.
1709 1931 1958 1998 Μέγιστα

383 2023 493 2093 γὰρ
531 2022 881 2092 βλαπτόμεθα
913 2023 976 2074 ἐκ
1012 2023 1106 2075 τοῦ
1142 2022 1216 2092 μὴ
1262 2021 1654 2090 ἀναγινώσκειν
1681 2021 1778 2083 τὰς
1810 2019 1960 2088 ἱερὰς

388 2113 624 2181 βίϐλους,
674 2113 767 2165 καὶ
817 2115 1041 2185 ὲρευνᾷν
1073 2113 1264 2177 αὑτὰς,
1321 2112 1462 2166 κατὰ
1490 2112 1579 2165 τὸν
1607 2112 1700 2165 τοῦ
1753 2113 1960 2183 Κυρίου

385 2201 562 2270 λόγον.
596 2203 738 2255 Ἀλλ’
760 2205 788 2256 ό
825 2205 923 2273 μὲν
957 2202 1293 2275 στρατιώτης
1321 2203 1489 2272 λέγει,
1513 2204 1595 2256 ὅτι
1619 2202 1962 2273 Στρατιώτης

386 2290 522 2360 εἰμὶ,
547 2293 640 2344 καὶ
671 2293 729 2345 οὐ
759 2293 948 2363 χρείαν
987 2293 1098 2364 ἔχω
1135 2292 1491 2362 ἀναγνώσεως
1515 2311 1530 2324 ·
1561 2295 1588 2345 ό
1613 2294 1668 2346 δὲ
1697 2293 1962 2363 γεωργὸς,

384 2379 484 2451 τὴν
519 2384 833 2453 γεωργικὴν
874 2383 1299 2453 προφασίζεται,
1352 2385 1446 2437 καὶ
1494 2385 1540 2437 οἱ
1576 2385 1696 2437 καθ’
1750 2384 1876 2454 ἑξῆς
1905 2385 1964 2436 τὸ

386 2472 538 2538 αὐτὸ,
581 2475 674 2526 καὶ
705 2475 870 2544 ἐσμὲν
906 2475 1108 2538 πάντες
1138 2475 1395 2537 ἐλλιπεῖς.
1445 2475 1510 2526 Ἠ
1540 2475 1595 2527 δὲ
1629 2474 1824 2544 βροντὴ
1847 2474 1968 2542 δρά-

388 2580 552 2617 κοντα
580 2565 640 2616 οὐ
662 2564 868 2629 διώκει,
905 2565 1022 2618 ἀλλ’
1045 2567 1101 2617 αἱ
1135 2565 1356 2635 βρονταὶ
1381 2565 1620 2634 γίνονται
1665 2568 1730 2617 ὲκ
1761 2565 1854 2617 τοῦ
1889 2565 1967 2617 νέ-

389 2668 542 2720 φους,
567 2652 767 2704 ὁπόταν
791 2653 852 2704 τὸ
885 2654 1046 2720 νέφος
1071 2652 1317 2705 νοτισθὲν
1367 2653 1426 2716 eg
1458 2654 1783 2724 ὑγρότητος,
1813 2654 1969 2706 ἐλαυ-

387 2743 617 2812 νόμενον
667 2743 725 2795 δὲ
771 2743 878 2794 ὑπὸ
911 2743 1004 2795 τοῦ
1054 2743 1388 2812 πνεύματος,
1431 2743 1550 2812 ἦτοι
1595 2743 1687 2795 τοῦ
1743 2743 1965 2812 ἀνέμου,

390 2832 630 2901 ὀγκωθῇ.
677 2829 955 2894 Ἐλθόντος
984 2831 1094 2902 γὰρ
1133 2831 1288 2895 ἔνδον
1333 2829 1431 2883 τοῦ
1479 2830 1814 2901 πνεύματος,
1874 2832 1971 2884 καὶ

395 2921 564 2992 ῥῆξαν
600 2921 753 2982 αὐτὸ,
790 2921 1138 2974 ἀποτελεῖται
1184 2923 1212 2974 ό
1238 2916 1393 2992 ἦχος.
1429 2920 1537 2973 Καὶ
1570 2923 1602 2990 ή
1639 2922 1737 2991 μὲν
1767 2921 1971 2974 ἄνωθεν

2057 474 2396 544 longitudine
2419 484 2693 530 constare.
2731 474 2826 529 Est
2845 484 2897 529 et
2924 475 3070 528 aliud
3098 476 3398 530 draconum
3428 491 3626 545 genus,

2055 567 2258 635 quibus
2289 575 2453 635 caput
2505 567 2672 619 latum
2709 573 2813 628 est,
2867 567 3011 618 oculi
3046 567 3218 620 instar
3259 565 3376 619 auri
3411 566 3627 619 mican-

2057 663 2157 717 tes,
2195 656 2248 706 in
2305 654 2464 722 cujus
2516 653 2731 707 cervice
2782 668 2986 707 cornua
3040 662 3202 717 sunt;
3234 653 3361 708 aliis
3397 652 3568 706 barba
3599 668 3630 705 e

2056 745 2307 800 faucibus
2334 747 2528 815 pendet
2556 765 2568 799 :
2597 747 2809 815 hosque
2850 745 3326 813 agathodaemones
3356 745 3624 806 vocitant,

2057 838 2320 908 aluntque
2351 853 2562 892 veneno
2600 853 2819 892 vacare.
2850 838 3013 907 Atqui
3047 837 3214 892 draco
3244 838 3345 891 iste
3372 838 3628 928 animan-

2057 929 2192 981 tium
2230 944 2405 998 genus
2435 937 2540 989 est,
2574 929 2716 982 haud
2753 944 2914 983 secus
2946 941 3112 998 atque
3161 928 3386 995 reliquae
3416 927 3625 980 bestize.

2059 1017 2233 1071 Habet
2287 1033 2418 1072 vero
2471 1019 2695 1072 barbam
2750 1019 2980 1088 perinde
3027 1033 3091 1072 ac
3139 1017 3347 1076 hircus.
3378 1023 3432 1069 et
3464 1031 3629 1082 supra

2058 1109 2326 1161 cervicem
2375 1124 2568 1162 cornu.
2606 1107 2761 1161 Oculi
2812 1109 2960 1161 illius
2991 1122 3171 1175 magni
3218 1115 3368 1168 sunt,
3402 1107 3632 1173 aurique

2060 1199 2297 1266 speciem
2355 1197 2625 1252 referunt.
2675 1197 2742 1250 ili
2778 1198 2958 1267 magni
3012 1206 3141 1250 sunt
3173 1205 3225 1249 et
3257 1197 3461 1264 exigui.
3504 1195 3635 1248 0m-

2059 1291 2149 1341 nia
2204 1296 2386 1341 autem
2454 1287 2790 1356 serpentium
2858 1301 3058 1356 genera
3126 1286 3276 1338 vi'rus
3333 1285 3631 1338 emittunt:

2061 1380 2228 1434 draco
2261 1381 2411 1435 solus
2438 1395 2708 1434 venenum
2740 1395 2847 1432 non
2876 1379 3040 1433 habet
3060 1381 3101 1433 ’³.

2132 1473 2285 1527 llanc
2335 1488 2555 1543 quoque
2605 1472 2846 1526 fabulam
2925 1481 3179 1535 narrant,
3251 1471 3546 1526 draconem
3607 1488 3637 1525 a

2063 1561 2290 1616 fulmine
2343 1563 2634 1634 exagitari,
2689 1563 2764 1614 ita
2817 1569 2874 1614 ut
2925 1561 2976 1613 in
3035 1578 3215 1614 acrem
3266 1563 3557 1628 attollatu;
3584 1569 3637 1615 et

2064 1652 2370 1708 occidatur.
2416 1653 2541 1707 llwc
2592 1668 2693 1718 ego
2752 1651 3004 1714 audiens,
3043 1650 3162 1704 risi.
3211 1649 3444 1716 Quinam
3513 1667 3636 1705 cum

2061 1747 2390 1816 quandoque
2422 1747 2664 1798 humana
2695 1744 2867 1798 forma
2915 1744 3168 1798 indutum
3218 1754 3271 1797 et
3319 1745 3638 1798 rationalem

2069 1837 2301 1907 fingunt,
2351 1839 2681 1904 quandoque
2732 1851 2862 1889 vero
2919 1845 3268 1904 serpentem,
3312 1837 3642 1906 quandoque

2063 1931 2226 1982 etiam
2286 1928 2397 1982 Deo
2448 1930 2853 1993 adversantem,
2902 1935 2954 1982 et
2999 1944 3157 1997 quem
3210 1927 3352 1982 Deus
3412 1927 3644 1981 insecte-

2063 2017 2197 2070 tur?
2232 2014 2402 2070 Plane
2453 2017 2666 2071 lubrica
2717 2033 2808 2072 res
2867 2026 2953 2072 cst
3016 2019 3346 2088 ignorantia.
3404 2019 3642 2071 Maxima

2064 2107 2265 2177 quippe
2292 2107 2493 2160 damna
2529 2110 2794 2177 patimur,
2835 2108 2924 2161 ubi
2961 2123 3148 2163 sacros
3201 2106 3397 2161 Libros
3431 2111 3642 2178 legere,

2066 2213 2231 2251 eosve
2263 2197 2565 2251 secundum
2606 2196 2823 2249 Domini
2879 2213 3191 2251 sermonem
3255 2201 3492 2250 scrutari
3549 2212 3646 2250 nc-

2068 2289 2325 2358 gligimus
2357 2289 2398 2342 ³.
2434 2289 2510 2342 Ac
2567 2290 2723 2343 miles
2771 2289 2992 2358 quidem
3047 2289 3179 2342 dicit
3221 2307 3233 2341 :
3279 2289 3408 2343 Sum
3465 2290 3642 2351 miles,

2068 2394 2169 2432 nec
2208 2394 2346 2447 opus
2373 2379 2505 2432 mihi
2543 2388 2627 2433 est
2671 2379 2903 2433 lectione
2957 2397 2972 2432 :
3020 2380 3264 2449 agricola
3317 2396 3445 2435 vero
3483 2396 3645 2450 agro-

2069 2485 2190 2522 rum
2229 2469 2515 2538 praetendit
2562 2471 2860 2535 culturam,
2895 2479 2947 2523 et
2979 2469 3072 2521 alii
3117 2470 3352 2524 subinde
3386 2471 3528 2525 idem
3567 2471 3648 2526 ef-

2070 2561 2295 2626 futiunt,
2332 2572 2383 2616 et
2417 2578 2610 2616 omnes
2671 2562 2987 2617 deficientes
3040 2578 3254 2617 sumus.
3306 2561 3507 2618 Verum
3554 2579 3649 2619 ne-

2071 2668 2344 2724 quaquam
2413 2653 2621 2707 fulmen
2662 2653 2960 2707 draconem
3021 2653 3369 2722 insequitur:
3431 2654 3527 2708 sed
3580 2671 3646 2709 ex

2072 2746 2218 2798 nube
2249 2743 2387 2796 fiunt
2422 2744 2675 2809 fulmina,
2711 2745 2934 2813 quando
2981 2745 3158 2800 nubes
3187 2754 3410 2818 propter
3446 2747 3648 2800 humo-

2074 2849 2188 2887 rem
2241 2835 2294 2886 in
2345 2834 2576 2887 imbrem
2624 2834 2887 2898 resoluta,
2935 2844 3102 2904 atque
3153 2850 3182 2887 a
3213 2837 3409 2904 spiritu
3455 2839 3570 2892 sive
3616 2855 3648 2892 a

2075 2932 2240 2978 vento
2267 2924 2492 2994 agitata,
2525 2926 2811 2979 densatur.
2847 2927 2983 2980 Cum
3031 2928 3177 2980 enim
3228 2927 3372 2980 intra
3419 2929 3650 2998 spiritus

394 3012 610 3082 κραυγὴ
663 3011 883 3079 λέγεται
935 3011 1174 3083 βροντή·
1208 3012 1270 3064 τὸ
1308 3013 1365 3065 δὲ
1397 3012 1500 3065 ὑπὸ
1526 3013 1621 3065 τοῦ
1655 3012 1963 3083 πνεύματος

2077 3017 2245 3077 venit,
2274 3026 2327 3070 et
2361 3017 2504 3070 illam
2544 3017 2709 3086 rupit,
2739 3025 2870 3072 tunc
2895 3019 3111 3072 sonitus
3147 3020 3455 3084 exauditur,
3487 3029 3651 3090 atque

397 3104 714 3174 βιαζόμενον
743 3105 1167 3174 κατανεχθέντος
1197 3105 1290 3157 ἐπὶ
1321 3105 1421 3175 τῆς
1468 3106 1592 3176 γῆς,
1625 3105 1842 3172 λέγεται
1886 3123 1968 3158 κε-

397 3195 611 3265 ραυνός.
641 3195 806 3248 Ὅθεν
833 3194 1182 3266 προσπεσὼν,
1214 3195 1326 3248 εἴτε
1372 3195 1601 3266 δώματι,
1631 3196 1740 3248 εἴτε
1771 3196 1972 3267 δένδρῳ

394 3286 734 3358 διαρῥήσσει,
766 3288 862 3340 καὶ
901 3288 1082 3357 σχίζει
1115 3287 1290 3341 ταῦτα
1314 3304 1328 3318 ·
1357 3290 1406 3341 εἰ
1442 3289 1500 3341 δὲ
1534 3287 1826 3360 ἀνθρώπῳ,
1861 3290 1970 3341 εἴτε

393 3376 540 3448 ἄλλῳ
590 3378 698 3429 τινὶ
757 3377 901 3448 ζώῳ,
952 3379 1110 3447 φόνον
1138 3381 1324 3431 ποιεῖ’
1364 3380 1499 3433 διότι
1532 3383 1627 3434 καὶ
1650 3381 1972 3452 ἀνθρώπους

396 3467 490 3520 καὶ
521 3467 686 3538 ἔτερα
720 3467 838 3529 ζῶα
875 3468 1133 3530 πολλάκις
1163 3469 1432 3539 βλέπομεν
1478 3471 1580 3524 ὑπὸ
1610 3472 1839 3543 βροντῆς
1883 3473 1973 3526 θα-

395 3557 722 3624 νατούμενα,
755 3555 851 3608 καὶ
871 3557 932 3608 οὐ
962 3556 1282 3626 δράκοντας.
1304 3558 1370 3609 Al
1391 3558 1448 3610 δὲ
1471 3559 1762 3628 ἀστραπαὶ,
1789 3561 1844 3610 αἱ
1873 3560 1972 3627 μέν

397 3645 504 3696 εισι
533 3645 942 3715 γραμμοειδεϊς,
973 3646 1030 3696 αἱ
1061 3645 1117 3698 δὲ
1163 3645 1475 3708 ὲλικοειδείς
1495 3683 1510 3708 ,
1541 3647 1598 3737 αἱ
1637 3645 1698 3697 δὲ
1729 3649 1973 3718 πυρῤαυ-

399 3737 537 3802 γεῖς.
566 3736 700 3787 Φασὶ
721 3735 777 3788 δὲ
814 3737 896 3788 ὅτι
937 3738 970 3806 ἡ
1004 3737 1262 3807 ἀστραπὴ
1296 3736 1392 3789 καὶ
1437 3737 1470 3806 ἡ
1500 3735 1698 3807 βροντὴ
1731 3737 1866 3806 ὁμοῦ
1895 3737 1974 3805 γί-

399 3842 583 3879 νονται
608 3841 619 3854 ⁸
645 3827 757 3896 ἅμα
797 3828 906 3899 γὰρ
931 3828 1164 3898 ῥαγῆναι
1202 3827 1262 3880 τὸ
1299 3828 1480 3897 νέφος,
1509 3827 1672 3890 εὐθὺς
1717 3828 1971 3899 ἀστραπὴ

400 3916 498 3968 σὺν
521 3918 586 3986 τῇ
619 3915 814 3987 βροντῇ
839 3935 853 3948 ·
903 3919 997 3970 καὶ
1032 3920 1064 3986 ὴ
1125 3916 1223 3986 μὲν
1256 3915 1512 3988 ἀστραπὴ
1558 3917 1772 3986 ἀφανὴς
1813 3913 1970 3980 οὖσα,

399 4007 598 4060 αὐτίκα
631 4011 881 4075 φαίνεται
909 4023 923 4036 ·
945 4008 979 4077 ἡ
1008 4005 1066 4059 δὲ
1096 4007 1314 4078 βροντὴ,
1343 4007 1447 4070 ἕως
1469 4024 1529 4061 ου
1553 4007 1660 4060 ἀπὸ
1685 4005 1779 4058 τοῦ
1808 4005 1974 4076 ὕψους

399 4097 569 4166 αὐτῆς
602 4096 805 4168 φθάσῃ,
832 4098 1011 4168 ἀργεῖ.
1043 4100 1153 4152 Καὶ
1181 4098 1270 4152 διὰ
1297 4097 1452 4150 τοῦτο
1476 4097 1910 4168 μεταγενεστὲρα
1939 4100 1972 4167 ἡ

402 4190 598 4262 βροντὴ
628 4192 725 4262 τῆς
758 4193 1047 4262 ἀστραπῆς
1097 4192 1438 4258 ἐξακούεται.
1492 4193 1644 4245 Εἴπω
1681 4209 1762 4245 σοι
1793 4191 1850 4243 δὲ
1879 4192 1972 4243 καὶ

327 4283 331 4287 ’
400 4281 637 4335 τοιοῦτον
660 4283 1026 4354 παράδειγμα.
1055 4284 1254 4336 Σκόπει
1296 4280 1388 4338 οὖν
1416 4285 1617 4337 ὁπόταν
1655 4283 1764 4338 ἀπὸ
1800 4282 1973 4354 μῆκό-

2079 3107 2342 3175 strepitus
2373 3107 2465 3159 ille
2499 3108 2593 3176 qui
2632 3122 2853 3162 sursum
2888 3109 3087 3172 editur,
3129 3111 3338 3164 tonitru
3390 3112 3649 3164 nomina-

2078 3207 2204 3253 tur:
2241 3199 2384 3267 quod
2415 3209 2600 3253 autem
2645 3200 2695 3253 vi
2731 3201 2962 3269 spiritus
2991 3203 3310 3270 impellitur,
3343 3202 3474 3256 dum
3503 3203 3653 3256 cadit

2077 3290 2130 3342 in
2173 3299 2398 3355 terram,
2435 3291 2638 3344 fulmen
2675 3291 2969 3345 vocitatur.
3006 3291 3158 3346 Unde
3190 3293 3304 3346 sive
3333 3293 3520 3346 domui
3553 3293 3652 3345 illi-

2076 3382 2260 3445 datur,
2296 3383 2414 3436 sive
2457 3383 2664 3446 arbori,
2714 3383 2830 3437 hac
2864 3383 3159 3453 disrumpit
3196 3393 3249 3438 et
3280 3385 3483 3456 scindit
3513 3403 3525 3438 :
3562 3386 3650 3440 sin

2074 3483 2256 3528 autem
2316 3473 2549 3538 homini,
2603 3484 2696 3528 aut
2751 3475 2929 3529 cuivis
2988 3477 3155 3529 alteri
3205 3477 3452 3541 animali,
3511 3477 3648 3531 illud

2073 3572 2305 3618 enecat:
2353 3565 2619 3632 quocirca
2675 3565 2996 3632 frequenter
3050 3574 3163 3617 tum
3210 3565 3487 3630 homines,
3533 3575 3648 3620 tum

2075 3653 2375 3705 animantia
2407 3654 2512 3705 alia
2539 3653 2790 3706 videmus
2820 3654 3145 3721 interempta
3188 3668 3218 3704 a
3250 3652 3498 3716 fulmine,
3536 3670 3648 3709 non

2075 3741 2203 3794 item
2235 3739 2526 3795 dracones.
2555 3739 2710 3804 Quod
2744 3754 2873 3794 vero
2919 3739 2986 3793 ad
3034 3740 3251 3809 fulgura
3280 3743 3498 3805 attinet,
3542 3744 3649 3796 alia

2076 3830 2294 3900 quidem
2327 3832 2483 3886 lineze
2531 3833 2773 3900 speciem
2821 3831 3112 3900 objiciunt,
3149 3832 3255 3885 alia
3299 3834 3481 3903 spirae,
3515 3837 3646 3888 sub-

2075 3920 2270 3974 rubent
2309 3920 2437 3973 alia.
2475 3920 2645 3972 Aiunt
2703 3927 2879 3973 autem
2930 3919 3109 3988 fulgur
3161 3931 3212 3973 et
3241 3919 3447 3973 fulmen
3484 3923 3648 3975 simul

2077 4010 2190 4064 ﬁeri
2220 4029 2233 4064 :
2264 4026 2329 4064 eo
2382 4010 2564 4078 quod,
2604 4009 2857 4064 diffracta
2913 4011 3091 4072 nube,
3142 4009 3324 4078 fulgur
3366 4025 3491 4063 cum
3538 4011 3648 4063 ful-

2075 4102 2224 4155 mine
2251 4110 2304 4155 et
2329 4102 2538 4154 tonitru
2595 4103 2834 4167 emicet;
2884 4103 2954 4153 ita
3006 4109 3064 4154 ut
3115 4099 3316 4171 fulgur,
3368 4117 3491 4156 cum
3524 4114 3649 4156 ante

2074 4194 2444 4257 delitesceret,
2481 4194 2665 4248 subito
2695 4199 2877 4263 pateat
2905 4211 2920 4258 ;
2972 4193 3179 4247 fulmen
3233 4208 3383 4259 vero,
3415 4193 3590 4246 donec
3618 4212 3650 4249 e

2075 4283 2415 4338 sublimitate
2462 4298 2562 4337 sua
2605 4282 2909 4353 prodierit,
2965 4283 3127 4338 inane
3177 4285 3250 4339 sit
3303 4292 3354 4338 et
3389 4284 3647 4338 otiosum.

402 4372 493 4426 θεν
533 4390 625 4426 σου
650 4375 741 4427 ἐπὶ
766 4375 968 4445 ὑψηλοῦ
993 4375 1160 4428 τόπου
1193 4376 1407 4430 ἵσταται
1436 4393 1538 4441 τις,
1566 4375 1660 4429 καὶ
1693 4374 1963 4445 σημαίνει,

2074 4375 2254 4445 Atque
2299 4373 2464 4446 473
2521 4374 2625 4428 hoc
2671 4374 2728 4427 in
2763 4387 2929 4429 causa
2969 4381 3054 4428 est
3101 4381 3160 4427 ut
3213 4375 3440 4428 tonitrui
3478 4389 3649 4430 sonus

404 4464 620 4534 βλέπεις
653 4466 752 4535 μὲν
785 4465 882 4535 τὴν
933 4468 1092 4536 χεῖρα
1136 4465 1301 4519 αὑτοῦ
1335 4465 1635 4536 κρούουσαν
1665 4464 1742 4534 τῷ
1790 4462 1929 4532 ξύλῳ
1953 4504 1969 4528 ,

405 4554 543 4624 μετὰ
573 4554 632 4607 δέ
663 4573 786 4608 τινα
815 4554 964 4626 ὥραν
993 4554 1309 4619 ἐξακούεται
1338 4559 1416 4618 εἰς
1453 4556 1514 4608 τὸ
1549 4552 1643 4618 οὖς
1666 4571 1757 4608 σου
1787 4557 1816 4607 ὁ
1842 4549 1975 4624 ἦχος

400 4644 494 4698 τοῦ
529 4647 856 4717 κρούματος.
913 4647 1166 4702 Τοιοῦτον
1193 4648 1301 4702 νόει
1349 4647 1443 4700 καὶ
1489 4647 1582 4700 ἐπὶ
1621 4645 1716 4699 τοῦ
1756 4645 1974 4714 νέφους.

403 4736 648 4806 Πλησθὲν
682 4737 790 4806 γάρ
821 4735 1133 4807 πνεύματος
1166 4736 1314 4816 ἕνῷν
1345 4737 1445 4808 τῆς
1491 4736 1696 4800 νοτίδος
1741 4736 1831 4808 βίᾳ
1873 4739 1974 4809 ρη-

401 4829 696 4898 γνυμένσυ,
755 4827 1008 4882 ἀποτελεί
1035 4828 1129 4882 τὸν
1179 4824 1333 4899 ἦχον.
1375 4830 1555 4882 Ἔστω
1584 4828 1640 4882 δὲ
1697 4828 1793 4882 καὶ
1839 4830 1975 4899 πρὸς

401 4919 586 4990 ἕτερον
617 4919 801 4987 νέφος,
831 4921 878 4971 el
901 4919 1078 4990 τύχοι,
1113 4920 1577 4991 συγκρουσθῆνσι,
1607 4921 1777 4994 ἤχησε
1811 4920 1972 4990 μέγα.

2077 4469 2168 4521 diu
2206 4476 2330 4538 post
2364 4467 2547 4536 fulgur
2587 4466 2852 4520 emissum
2900 4465 3244 4520 exaudiatur.
3283 4464 3454 4534 Hujus
3483 4479 3649 4534 porro

2074 4558 2155 4612 rei
2188 4558 2496 4627 exemplum
2534 4557 2632 4611 tibi
2665 4557 2911 4611 afferam.
2944 4556 3188 4611 Observa
3220 4557 3405 4626 igitur,
3426 4556 3650 4626 quando

2077 4652 2272 4722 procul
2341 4657 2450 4704 stat
2491 4649 2691 4719 aliquis
2757 4650 2811 4703 in
2863 4648 3087 4704 excelso
3137 4650 3277 4711 loco,
3327 4657 3384 4702 et
3433 4648 3649 4718 signum

2079 4742 2213 4808 edit,
2268 4756 2492 4795 manum
2551 4740 2772 4811 quidem
2818 4740 3000 4795 cernis
3061 4740 3366 4810 pulsantem
3420 4737 3648 4807 lignum,

2081 4844 2204 4902 post
2234 4847 2362 4885 vero
2396 4831 2744 4886 intervallum
2799 4829 3021 4900 aliquod
3069 4830 3353 4899 temporis,
3389 4828 3654 4899 pulsatio-

2084 4922 2172 4978 nis
2200 4922 2418 4977 sonitus
2463 4918 2712 4991 percellit
2746 4935 2932 4976 aures.
2969 4918 3114 4976 Idem
3151 4929 3206 4975 et
3242 4921 3297 4974 in
3342 4919 3488 4974 nube
3536 4919 3650 4972 ﬁeri

403 5013 602 5079 cogita.
645 5007 783 5063 Dum
836 5010 988 5065 intus
1039 5011 1256 5079 spiritu,
1306 5026 1403 5066 seu
1447 5020 1616 5068 vento
1669 5009 2074 5078 plena,imbris
2124 5014 2173 5066 vi
2219 5012 2521 5082 rumpitur:
2567 5026 2762 5066 sonum
2809 5009 2941 5066 edit.
3017 5011 3160 5076 Quin
3203 5019 3257 5066 ct
3332 5010 3380 5064 si
3430 5008 3650 5063 contin-

405 5112 518 5176 gat,
551 5113 610 5159 ut
638 5105 794 5160 alteri
825 5106 957 5161 nubi
996 5106 1312 5172 collidatur,
1344 5107 1538 5177 ingens
1570 5105 1628 5159 fit
1667 5107 1899 5161 sonitus.

477 5266 496 5290 ³
524 5285 640 5345 vau.
680 5286 862 5353 Valer,
892 5287 1036 5343 Max.
1075 5285 1166 5342 lib.
1195 5303 1234 5352 ι,
1259 5300 1381 5356 cap.
1415 5283 1469 5353 8,
1502 5299 1559 5339 η.
1599 5283 1697 5350 19;
1737 5282 1884 5347 Plin.
1920 5282 1963 5334 li?

2070 5296 2164 5345 nn,
2193 5249 2316 5351 cap.
2356 5279 2439 5333 M.
2517 5277 2752 5332 3.loaun.
2784 5293 2840 5332 v.
2869 5279 2960 5335 '59.

3653 5235 3686 5248 ⁵
