4764 6464
502 408 605 473 653

1882 403 2004 462 οιΑ
2015 399 2348 461 LECTICA.

3647 398 3752 464 654

504 523 787 592 στέρησιςο
822 525 855 597 ἡ
889 523 946 579 δὲ
973 524 1343 597 ἀντικειμένη,
1385 526 1614 593 κηρίοις,
1660 522 1733 582 εἶπέ
1766 519 2062 586 OEH-5‘17“
2101 520 2139 573 Α
2171 515 2336 579 Οιιῖοε
2374 531 2385 566 ³

1873 521 2062 585 ξιέιντει
2101 520 2139 573 Α
2171 515 2336 579 Quies
2374 515 2631 566 nimirum
2658 522 2934 566 contraria
2971 525 3072 574 est,
3108 522 3163 568 ιιι
3212 516 3452 576 habitus,
3494 528 3546 570 et
3575 521 3751 587 priva-

499 611 672 679 ῴξς.

1072 796 1324 853 ΚΕΦΔΔ.
1364 796 1484 851 ΞΒ¹.

1032 888 1179 957 Περὶ
1207 889 1314 943 τοῦ
1345 889 1530 958 ἔχειν.

571 980 642 1032 Τὸ
673 980 817 1050 ἔχειν
848 979 992 1033 κατὰ
1025 979 1171 1033 ὀκτὼ
1220 981 1456 1052 τρόπους
1488 981 1724 1048 λέγεται.
1752 982 1819 1032 Ἦ
1860 979 1964 1049 γὰρ
1995 979 2068 1041 ὡς

500 1071 612 1138 ἕξιν
642 1073 736 1125 καὶ
760 1071 1017 1138 διάθεσιν,
1051 1072 1084 1144 ἢ
1116 1072 1283 1142 ἀλλην
1324 1074 1617 1144 ποιότητα·
1662 1071 1931 1141 λεγόμεοα
1963 1073 2069 1140 γὰρ

501 1163 642 1232 ἔχειν
676 1164 987 1233 ἐπιστήμην
1019 1164 1113 1217 καὶ
1141 1165 1362 1235 ἀρετήν.
1399 1165 1467 1217 Ἢ
1503 1164 1574 1226 ώς
1617 1164 1781 1216 ποσόν
1804 1178 1816 1190 ’
1852 1162 2070 1228 λέγεται

501 1254 606 1323 γὰρ
644 1253 882 1324 τρίπηχυ
917 1255 1143 1324 μέγεθος
1181 1256 1328 1326 ἔχειν
1365 1257 1426 1310 τὸ
1455 1257 1632 1323 ξύλον.
1667 1256 1731 1309 "ll
1761 1257 1836 1319 ὼς
1883 1256 2070 1308 οὐσίαν

506 1344 632 1414 περὶ
663 1344 871 1409 οὐσίαν,
899 1346 1035 1416 ὅπερ
1058 1347 1174 1400 ἐστὶ
1199 1348 1565 1414 γενικώτατον
1595 1349 1772 1416 γένος.
1798 1345 1966 1399 Τοῦτο
1991 1346 2068 1410 δὲ,

502 1436 533 1506 ἢ
572 1438 698 1507 περὶ
732 1437 852 1490 ὅλον
878 1438 938 1490 τὸ
971 1440 1151 1508 σῶμα,
1184 1440 1262 1502 ὡς
1308 1441 1476 1509 χιτών
1499 1457 1510 1469 ·
1550 1440 1582 1510 ἢ
1617 1441 1743 1509 περί
1779 1457 1831 1491 τι
1881 1439 2067 1509 μέρος,

498 1527 573 1588 ὡς
605 1528 889 1592 δακτύλιος
935 1531 993 1581 ἐν
1022 1531 1268 1601 δακτύλῳ
1291 1547 1302 1559 ·
1344 1532 1376 1603 ἢ
1406 1532 1481 1594 ώς
1511 1533 1674 1602 μέρος
1723 1531 1780 1582 ἐν
1815 1530 1919 1598 ὅλῳ
1943 1547 1956 1558 ο
1993 1530 2071 1581 λε-

501 1616 706 1687 γόμεθα
735 1619 841 1688 γὰρ
865 1619 1008 1688 ἔχειν
1036 1623 1192 1689 χεῖρα
1214 1638 1226 1651 ο
1256 1620 1288 1692 ἥ
1326 1621 1400 1683 ώς
1444 1623 1502 1673 ὲν
1535 1621 1762 1690 ἀγγείῳ,
1799 1620 1876 1682 ώς
1919 1621 2071 1687 λέγο-

503 1727 600 1778 μεν
630 1705 770 1762 οἶνον
802 1711 944 1780 ἔχειν
969 1712 1027 1764 τὸ
1059 1713 1384 1782 κεράμειον·
1412 1713 1442 1782 ἢ
1468 1713 1542 1777 ὡς
1565 1715 1751 1782 κτῆμα
1769 1731 1780 1744 ·
1801 1713 2070 1783 λεγόμεθα

499 1802 606 1872 γὰρ
636 1804 812 1856 οἰκίαν
842 1804 1005 1873 ἔχειν,
1038 1807 1070 1875 ἢ
1103 1806 1300 1875 ἀγρόν·
1331 1806 1602 1876 λεγόμεθα
1627 1807 1683 1859 δὲ
1715 1807 1806 1859 καὶ
1835 1809 2069 1874 γυναῖκα

2179 607 2289 666 tio;
2327 612 2378 657 at
2406 603 2696 673 oppositus
2724 611 2905 659 motus
2937 606 3156 674 prolirie
3183 609 3499 662 contrarius
3526 616 3609 663 est
3675 611 3750 662 uti

2177 697 2518 768 refrigeratio
2546 696 2908 752 calefactioni.

2707 787 2820 860 ea.
2856 787 3010 842 car.
3057 789 3218 843 ιλιι.

2799 881 2876 934 De
2914 882 3121 937 habere.
3654 948 3663 960 ι

2249 970 2461 1029 Habere
2481 981 2607 1027 octo
2641 974 2822 1028 modis
2845 975 3067 1029 dicitur.
3098 980 3204 1030 Aut
3228 978 3393 1042 enim,
3421 989 3478 1032 ιιι
3510 978 3751 1034 habitum

2177 1071 2230 1119 et
2278 1063 2720 1134 dispositionem,
2773 1074 2868 1118 aut
2923 1067 3081 1120 aliam
3139 1071 3495 1138 qualitatem;
3553 1073 3751 1125 ctenim

2179 1157 2466 1211 scientiam
2530 1172 2594 1212 ac
2647 1158 2903 1213 virtutem
2960 1158 3161 1214 habere
3214 1162 3470 1218 dicimur.
3527 1163 3634 1216 Aut
3695 1175 3747 1217 ιιι

2177 1257 2481 1310 quantum:
2521 1249 2724 1318 lignum
2776 1251 2920 1304 enim
2951 1259 3065 1306 tres
3113 1251 3330 1308 cubitos
3365 1256 3757 1324 magnitudinis

2179 1343 2378 1396 habere
2409 1342 2632 1397 dicitur.
2674 1343 2779 1398 Aut
2826 1352 2883 1397 ut
2919 1345 3283 1400 substantiam
3317 1347 3466 1401 circa
3498 1355 3751 1402 sulrsmn-

2179 1437 2346 1501 tiam;
2387 1436 2532 1506 quod
2589 1437 2812 1504 quidem
2848 1448 2932 1491 est
2973 1437 3507 1493 universalissimum
3563 1457 3754 1510 genus.

2179 1525 2291 1580 ll'oc
2323 1541 2488 1595 porro
2514 1526 2598 1580 vel
2617 1526 2826 1580 circum
2853 1531 3166 1584 universum
3186 1544 3410 1600 corpus,
3430 1539 3486 1583 ut
3512 1541 3714 1586 vestem
3740 1553 3751 1586 :

2179 1624 2274 1672 aut
2322 1618 2467 1673 circa
2518 1619 2759 1688 aliquam
2801 1629 3039 1690 partem,
3075 1628 3134 1674 ut
3169 1623 3434 1676 annulum
3472 1625 3525 1677 in
3558 1625 3754 1694 digito.

2177 1707 2285 1762 Aut
2313 1717 2520 1778 partem
2557 1710 2610 1764 in
2647 1718 2795 1775 toto;
2830 1710 3071 1765 dicimur
3098 1713 3240 1765 enim
3273 1711 3478 1768 habere
3511 1730 3754 1768 manum.

2181 1801 2283 1854 Aut
2313 1812 2369 1854 ut
2404 1802 2458 1854 in
2489 1815 2653 1866 vase;
2687 1804 2763 1855 uti
2800 1803 3059 1871 amphora
3086 1805 3271 1857 vinum
3306 1804 3506 1859 habere
3529 1807 3751 1861 dicitur.

499 1892 664 1962 ἔχειν,
690 1896 781 1947 καὶ
804 1896 836 1965 ἡ
863 1896 1002 1967 γυνὴ
1028 1897 1193 1968 ἄνδρα
1218 1897 1363 1968 ἔχειν
1392 1898 1639 1967 λέγεται⁶
1669 1898 1811 1950 ἔοικε
1837 1897 1891 1950 δὲ
1919 1893 2071 1959 οὗτος
2105 1882 2143 1935 Β
2174 1894 2278 1947 Aut
2324 1902 2380 1948 ιιι

1871 1893 2071 1959 ὲοῦτος
2105 1882 2143 1935 Β
2174 1894 2278 1947 Aut
2324 1902 2383 1948 ut
2431 1895 2880 1964 possessionem;
2937 1895 3162 1950 domum
3217 1899 3386 1960 enim,
3433 1907 3526 1951 aut
3565 1916 3752 1969 agrum

496 1988 522 2037 ὁ
552 1986 753 2056 τρόπος
777 1985 1056 2056 ἀλλότριος
1080 1983 1220 2042 εἶναι
1252 1987 1346 2042 τοῦ
1375 1989 1542 2060 ἔχειν,
1576 1989 1765 2060 ἐπειδὴ
1790 1989 2071 2060 ἀντιστρὲ-

497 2094 604 2144 φει.
655 2079 820 2131 Οὐδὲν
859 2080 968 2151 γὰρ
1022 2080 1222 2150 μᾶλλον
1263 2082 1518 2152 σημαίνει
1573 2081 1718 2150 ἔχειν
1752 2081 1844 2135 τὸν
1901 2081 2071 2150 ἄνδρα

497 2171 750 2235 γυναῖκα,
792 2169 824 2241 ἢ
885 2171 983 2241 τὴν
1018 2176 1271 2239 γυναῖκα,
1325 2173 1514 2243 ἄνδρα.
1553 2173 1687 2226 Οὐδὲ
1721 2174 1829 2243 γὰρ
1882 2173 2072 2244 ἕτερον

498 2259 685 2328 ἐτέρου
721 2263 1022 2332 ἐπικρατεῖ,
1061 2263 1174 2316 ἀλλ’
1204 2266 1334 2327 ἴσως
1365 2267 1456 2318 καὶ
1488 2265 1794 2336 ἀδιαφόρως
1831 2265 2067 2335 ἔχουσιν.

497 2351 555 2403 Εἰ
583 2351 757 2404 δὲκαὶ
785 2355 813 2406 ὁ
840 2357 1058 2426 κτήτωρ
1092 2357 1202 2425 ἔχει
1232 2357 1436 2426 κτῆμα,
1471 2360 1566 2412 καὶ
1602 2358 1664 2412 τὸ
1705 2360 1891 2429 κτῆμα
1934 2360 2071 2431 κτή-

495 2459 649 2510 τορα,
680 2443 774 2496 καὶ
803 2446 1175 2517 ἀντιστρέφει.
1223 2448 1364 2502 Ἀλλ’
1394 2450 1494 2520 οὐχ
1537 2450 1612 2513 ώς
1643 2449 1782 2521 ἀνὴρ
1809 2453 2068 2517 γυναῖκα,

497 2532 590 2585 καὶ
621 2533 758 2603 γυνὴ
819 2535 1009 2606 ἄνδρα,
1055 2537 1111 2590 'U
1160 2538 1267 2609 γὰρ
1321 2539 1544 2610 κτήτωρ
1599 2540 1934 2610 αὐτοκρατὲς
1977 2540 2071 2593 καὶ

495 2620 831 2692 κυριώτατόν
861 2626 976 2678 ἐστι
1007 2626 1101 2679 τοῦ
1135 2631 1411 2698 κτήματος
1436 2647 1448 2658 ’
1489 2629 1583 2682 καὶ
1615 2630 1704 2682 διὰ
1742 2632 1899 2684 τοῦτο
1933 2632 2070 2700 μᾶλ-

494 2711 608 2777 λον,
655 2713 682 2763 ὁ
752 2715 851 2783 μὲν
887 2719 1104 2790 κτήτωρ
1147 2717 1293 2788 ἔχειν
1345 2719 1595 2788 λέγεται,
1629 2721 1689 2774 τὸ
1746 2719 1802 2773 δὲ
1857 2721 2066 2791 κτῆμα,

495 2803 739 2873 ἔχεσθαι.

2176 1988 2378 2042 habere
2412 1988 2822 2054 dicimur.Quin
2867 1998 2920 2041 et
2963 2006 3190 2045 uxorem
3241 1993 3481 2046 dicimur
3518 1994 3754 2051 habere:

2174 2086 2228 2133 et
2260 2093 2396 2131 uxor
2431 2078 2558 2133 item
2591 2078 2767 2132 virum
2805 2079 3004 2134 habere
3034 2081 3254 2135 dicitur.
3297 2082 3524 2139 Videtur
3569 2094 3754 2141 autem

2176 2168 2264 2222 hic
2311 2169 2506 2223 modus
2558 2169 2626 2223 ab
2666 2169 2867 2224 habere
2899 2171 3115 2225 alienus
3144 2189 3288 2236 esse,
3321 2177 3582 2242 quoniam
3617 2193 3752 2231 con--

2173 2261 2484 2316 versionem
2555 2260 2814 2315 admittit.
2884 2259 3069 2331 Neque
3117 2263 3263 2317 enim
3333 2267 3510 2336 magis
3578 2270 3755 2323 virum

2177 2353 2380 2409 habere
2444 2369 2668 2407 uxorem
2726 2353 3022 2424 significat;
3065 2371 3228 2424 quam
3275 2373 3498 2412 uxorem
3555 2362 3752 2415 virum.

2174 2441 2378 2500 Neuter
2411 2443 2554 2498 enim
2605 2445 2839 2499 alterum
2896 2455 3228 2515 exsuperat;
3264 2462 3454 2500 verum
3506 2464 3659 2517 aeque
3695 2467 3759 2505 ac

2174 2535 2294 2591 sine
2349 2533 2670 2590 discrimine
2717 2549 2838 2589 sese
2888 2534 3122 2589 invicem
3171 2536 3393 2590 habent.
3433 2537 3756 2610 Quanquam

2174 2634 2358 2679 autem
2397 2640 2692 2695 possessor
2723 2640 2941 2696 quoque
2977 2626 3266 2696 prmdium,
3304 2645 3367 2684 ac
3399 2646 3591 2686 rursus
3623 2648 3759 2701 pnu-

2172 2717 2323 2771 dium
2351 2731 2729 2786 possessorem
2766 2717 2966 2773 habere
2992 2719 3231 2782 dicatur,
3275 2730 3439 2791 atque
3475 2723 3589 2776 lucc
3619 2725 3762 2778 inter

2177 2826 2237 2866 se
2265 2818 2696 2879 convertantur;
2730 2819 2787 2863 at
2832 2826 2940 2864 non
2979 2820 3162 2867 tamen
3205 2822 3262 2865 ut
3299 2814 3378 2866 vir
3410 2830 3663 2878 uxorem,
3695 2832 3760 2871 ac

496 2912 638 2952 uxor
672 2899 876 2954 virmn.
907 2900 1233 2974 Etenimjus
1256 2919 1416 2960 Omne
1442 2920 1505 2959 ac
1535 2905 1837 2959 dominium
1880 2903 1934 2959 in
1996 2903 2258 2974 praedium
2325 2904 2634 2973 possessori
2701 2904 2996 2973 competit;
3060 2920 3233 2976 eaque
3285 2905 3353 2961 de
3401 2921 3591 2972 causa,
3637 2924 3759 2979 pos-

493 3004 680 3044 sessor
746 2993 929 3061 potius
1003 2994 1246 3059 habere,
1308 2995 1572 3064 praedium
1633 3003 1816 3051 autem
1881 2995 2072 3050 haberi
2111 2994 2330 3048 dicitur.

567 3083 738 3153 Δῆλον
765 3085 842 3144 δὲ,
869 3085 950 3137 ὅτι
989 3085 1050 3138 τὸ
1080 3085 1224 3156 ἔχειν
1256 3085 1366 3138 τῶν
1395 3087 1704 3158 ὁμωνύμων
1749 3087 1883 3142 ἔστι.
1911 3088 2070 3151 Τινὲς

491 3175 550 3227 δὲ
587 3175 852 3237 τοσαύτας
898 3176 1162 3247 διαφορὰς
1203 3177 1424 3247 λέγουσι
1451 3177 1545 3231 τοῦ
1601 3179 1768 3249 ἔχειν,
1800 3180 1930 3242 ὅσας
1975 3179 2071 3231 καὶ⁹

493 3269 592 3323 τοῦ
621 3272 814 3333 ποιεῖν,
863 3272 956 3324 καὶ
988 3271 1080 3324 τοῦ
1126 3272 1376 3342 πάσχειν.
1413 3273 1502 3335 Ὠς
1530 3273 1639 3343 γάρ
1677 3272 1748 3326 τά
1793 3271 2066 3335 ποιοῦντα,

493 3363 591 3414 καὶ
621 3362 687 3413 τὰ
719 3361 1017 3431 πάσχοντα,
1043 3361 1074 3431 ἢ
1105 3362 1328 3433 ἐμψυχά
1361 3366 1528 3427 ἐστιν,
1574 3364 1606 3435 ἢ
1658 3363 1842 3433 ἄψυχα
1870 3380 1882 3392 ·
1926 3362 2068 3416 οὓτω

491 3455 591 3506 καὶ
617 3451 852 3506 ἐνταῦθα
875 3469 887 3481 °
915 3453 944 3522 ἢ
981 3452 1225 3524 ἔμψυχόν
1257 3456 1375 3507 ὲστι
1407 3455 1467 3508 τὸ
1496 3455 1638 3524 ἔχον,
1668 3454 1764 3508 καὶ
1795 3455 1856 3506 τὸ
1880 3453 2075 3523 ἐχόμε-

2253 3087 2388 3140 lllud
2436 3097 2620 3140 autem
2679 3087 2904 3142 minime
2957 3085 3206 3152 dubium,
3254 3091 3385 3160 quin
3449 3091 3651 3148 habere
3706 3095 3759 3150 in

2177 3178 2589 3247 :equivocorum
2653 3192 2885 3232 numero
2937 3178 3010 3233 sit
3071 3182 3430 3236 censendmn.
3493 3181 3758 3238 Nonnulli

2176 3284 2345 3339 porro
2379 3269 2500 3338 ejus
2530 3269 2675 3341 quod
2731 3276 2813 3324 est
2858 3268 3081 3334 habere,
3138 3271 3365 3325 totidem
3423 3273 3761 3331 dillerentias

2175 3377 2299 3417 esse
2319 3360 2531 3425 dicunt,
2559 3369 2691 3430 quot
2725 3371 2854 3415 sunt
2883 3360 3003 3430 ejus
3029 3361 3174 3431 quod
3207 3371 3289 3416 est
3338 3377 3501 3432 agere
3534 3373 3588 3420 et
3623 3370 3756 3436 pati.

2175 3449 2264 3506 Uti
2299 3453 2442 3506 enim
2474 3466 2535 3506 ea
2569 3466 2691 3521 quae
2727 3461 2896 3523 agunt
2943 3468 3005 3508 ac
3036 3454 3342 3523 patiuntur,
3369 3455 3453 3508 vel
3477 3465 3605 3510 sunt
3640 3459 3759 3511 ani-

491 3561 610 3608 vov,
633 3544 665 3613 ῆ
693 3544 918 3612 ἄψυχον.
946 3543 1070 3607 Πῶς
1097 3540 1191 3598 οὖν
1215 3545 1323 3600 τῶν
1343 3545 1614 3616 διαφόρων
1635 3545 1807 3614 γενῶν
1831 3547 1888 3600 αἱ
1912 3545 2076 3599 αὑταὶ
2175 3550 2320 3596 mata
2370 3559 2372 3565 '

1876 3545 2076 3599 ἱαὺταὶ
2175 3550 2320 3596 mata
2370 3544 2456 3596 vel
2508 3543 2857 3598 inanimata:
2907 3544 3100 3599 eodem
3157 3545 3317 3600 modo
3374 3548 3462 3603 hic
3513 3565 3757 3620 quoque.

491 3635 755 3704 διαφοραὶ
808 3636 1053 3702 {cev-cat;
1098 3636 1239 3689 Ἀλλ’
1265 3635 1412 3689 ἐστιν
1442 3639 1638 3705 εἰπεῖν,
1676 3637 1760 3690 ὅτι
1801 3637 1863 3690 τὸ
1905 3639 2073 3706 ἔχειν,

495 3730 528 3797 ἧ
563 3728 693 3796 περὶ
711 3728 831 3781 ὅλον
865 3729 925 3782 τὸ
961 3729 1120 3798 σῶμά
1149 3731 1317 3794 ἐστιν,
1346 3728 1379 3799 ἢ
1418 3729 1546 3800 περι⁵
1576 3728 1759 3802 μέρος·
1786 3728 1880 3783 καὶ.
1909 3727 2074 3783 πάλιν

497 3821 680 3884 τοῦτο,
712 3821 744 3890 ἢ
771 3821 1104 3892 ἀμυντήριον
1134 3824 1303 3886 ἐστιν,
1333 3821 1367 3891 ἢ
1404 3819 1628 3891 κόσμος.

2174 3643 2270 3687 aut
2319 3634 2620 3688 animatum
2662 3645 2746 3690 est
2781 3635 2832 3689 id
2866 3637 3012 3706 quod
3056 3637 3241 3700 habet,
3269 3643 3323 3693 et
3373 3636 3629 3708 habetur,
3668 3650 3761 3696 aut

2171 3727 2558 3783 inanimatum.
2613 3727 2729 3794 Qua
2792 3729 2964 3799 igitur
3012 3731 3226 3786 ratione
3273 3731 3620 3787 diversorum
3669 3750 3764 3804 ge-

2170 3833 2362 3874 nerum
2394 3817 2585 3872 eadem
2622 3828 2782 3874 erunt
2811 3813 3183 3876 diﬂ‘erent'iae?
3217 3838 3407 3876 verum
3438 3824 3757 3894 responderi

496 3923 716 3982 potest:
749 3915 798 3968 id
825 3917 970 3984 quod
999 3925 1078 3968 est
1118 3916 1340 3978 habere,
1367 3921 1462 3967 aut
1491 3915 1640 3968 circa
1695 3922 1868 3967 totum
1901 3926 2102 3981 corpus
2141 3925 2282 3973 esse,
2319 3916 2414 3963 aut
2445 3909 2593 3962 circa
2634 3919 2863 3978 partem.
2909 3909 3088 3979 Atque
3129 3910 3230 3964 hoc
3264 3927 3479 3978 rursus,
3530 3924 3622 3968 aut
3693 3917 3760 3969 ad

499 4007 903 4076 propulsandas
936 4006 1164 4074 injurias
1198 4020 1320 4060 esse
1351 4003 1845 4068 accommodatum,
1879 4015 1973 4057 aut
2008 4002 2075 4057 ad
2115 4010 2394 4056 ornatum.

1082 4118 1332 4172 ΚΕΦΑΛ.
1375 4115 1492 4171 ΞΡ.

497 4207 642 4277 Περὶ
694 4207 1115 4276 ἀποφάνσεως,
1163 4205 1528 4275 ἁποφάσεώς
1565 4222 1629 4259 τε
1675 4205 1775 4263 καὶ
1813 4206 2076 4274 καταφάο

1195 4294 1367 4343 σεως.

567 4371 692 4442 Χρὴ
717 4369 1008 4438 γινώσκειν
1035 4369 1115 4421 ὅτι
1151 4370 1182 4438 ή
1227 4370 1539 4438 κατάφασις
1572 4369 1667 4423 καὶ
1697 4371 1729 4439 ἡ
1770 4369 2070 4438 ἀπόφασις,

491 4461 807 4529 ἀπόφανσις
832 4460 1072 4528 λέγεται.
1109 4461 1435 4530 Κατάφασις
1468 4463 1566 4532 μὲν
1608 4457 1700 4515 οὖν
1730 4465 1878 4516 ἐστιν
1902 4465 1935 4532 ὴ
1969 4480 2068 4533 ση-

496 4553 771 4621 μαίνουσα
806 4552 858 4605 τί
895 4569 1000 4606 τινι
1021 4552 1290 4622 ὑπάρχει·
1320 4553 1590 4616 τουτέστι,
1621 4553 1673 4605 τί
1708 4553 2070 4625 ὑπάρχειτις·

491 4643 629 4709 οἷον,
665 4645 961 4716 Σωκράτης
999 4646 1160 4710 σοφός
1204 4647 1320 4698 ἐστι
1348 4662 1360 4674 ·
1409 4647 1706 4718 Σωκράτης
1755 4650 2070 4718 περιπατεῖ.

2780 4110 3154 4168 CAP.LX”L

2323 4204 2401 4258 De
2446 4206 2827 4269 enuntiatione,
2867 4205 3221 4272 aﬁirmatiouc
3249 4219 3295 4259 et
3324 4210 3616 4277 negatione.

2251 4365 2546 4436 Aﬂirmatio
2603 4375 2651 4419 et
2700 4367 2930 4436 negatio.
3005 4365 3560 4420 Contradictoriarum
3635 4388 3755 4424 rem

2181 4458 2370 4510 altera.
2402 4487 2471 4497 —
2503 4455 2798 4510 Sciendum
2826 4465 2930 4517 est,
2959 4466 3068 4509 tam
3104 4456 3543 4524 aﬂirmationem,
3590 4477 3754 4529 quam

2183 4549 2546 4617 negationem.
2593 4547 3032 4602 enuntiationem
3075 4563 3218 4604 esse.
3253 4550 3433 4619 Atque
3468 4551 3758 4607 allirmatio

2181 4639 2398 4708 quidem
2441 4648 2547 4702 est.
2588 4655 2730 4710 quae,
2764 4641 2894 4710 quid
2939 4643 3102 4695 alicui
3159 4645 3310 4706 insit,
3359 4643 3410 4697 id
3467 4655 3574 4708 est,
3625 4648 3755 4716 quid

505 4738 813 4804 Ἀττόφασις
836 4736 914 4801 δὲ,
943 4739 976 4807 ἡ
1003 4737 1238 4807 δηλοῦσα
1268 4737 1328 4790 τὸ
1357 4739 1431 4808 μὴ
1462 4739 1705 4810 ὑπάρχον
1726 4741 1859 4804 τινὶ,
1880 4741 2069 4810 ἤγουν.
2109 4740 2151 4794 Ι)
2182 4729 2380 4798 aliquis

1880 4741 2069 4810 ἤγουν,
2109 4740 2151 4794 ι)
2182 4729 2380 4798 aliquis
2433 4735 2523 4794 sit,
2578 4732 2884 4802 signiﬁcat;
2943 4743 2998 4786 ut
3065 4733 3323 4790 Sor-rates
3360 4738 3578 4806 sapiens
3618 4749 3702 4793 est
3739 4757 3751 4792 :

491 4829 547 4881 τί
579 4827 679 4880 οὐκ
710 4827 825 4879 ἔστι
846 4844 928 4890 τις
948 4844 962 4858 ⁸
991 4823 1122 4890 οἷον,
1148 4829 1176 4880 ὁ
1201 4827 1350 4880 δεῖνα
1375 4828 1472 4881 οὐκ
1505 4827 1619 4881 ἔστι
1648 4830 1809 4897 σοφός
1829 4846 1842 4861 ·
1873 4831 1902 4881 ὁ
1927 4831 2075 4882 δεῖνα

2177 4821 2435 4876 Socrates
2468 4824 2735 4876 ambulat.
2801 4823 3028 4894 Negatio
3061 4837 3265 4889 autem,
3303 4844 3443 4896 qua),
3490 4830 3617 4898 quid
3658 4833 3757 4884 ali-

492 4919 561 4971 οὖ
601 4921 914 4987 περιπατεῖ.
957 4918 1176 4985 Ἐπειδὴ
1215 4918 1272 4971 δὲ
1313 4919 1462 4991 πάσῃ
1500 4921 1806 4989 καταφάσει
1838 4921 2076 4974 ἀντίκει-
2175 4917 2265 4970 cui
2297 4931 2373 4968 nm

1875 4921 2076 4973 ηντίκει-
2175 4917 2265 4970 cui
2297 4931 2403 4969 non
2438 4915 2590 4978 insit,
2625 4916 2675 4968 id
2709 4926 2793 4970 est
2821 4957 2834 4976 ,
2869 4917 2999 4986 quid
3051 4919 3251 4987 aliquis
3292 4937 3398 4973 non
3441 4921 3532 4981 sit,
3571 4930 3756 4976 osten-

494 5025 593 5061 ται
641 5008 937 5076 ἀπόφασις,
984 5009 1082 5062 καὶ
1127 5009 1276 5080 πάσῃ
1322 5010 1594 5076 ἀποφάσει
1645 5012 1970 5080 κατάφασις
2032 5014 2064 5082 ἡ

492 5100 783 5169 ἀπόφασις
817 5102 848 5169 ἠ
879 5101 1232 5170 ἀντικειμένη
1268 5105 1334 5172 τῇ
1364 5103 1693 5172 καταφάσει,
1720 5104 1812 5157 καὶ
1843 5104 2071 5173 ήκατά-

493 5206 668 5259 φασις
697 5191 728 5259 ἡ
757 5191 1110 5260 ἀντικειμένη
1137 5195 1202 5261 τῇ
1243 5193 1539 5259 ἀποφάσει,
1591 5194 1881 5257 ἀντίφασις
1923 5191 2074 5262 λέγε-

491 5297 634 5356 esu:
664 5282 875 5356 ἀνάγκη
918 5283 973 5334 δὲ
1019 5281 1114 5351 τὴν
1150 5283 1279 5352 μίαν
1309 5282 1622 5351 ψεύδεσθαι,
1667 5289 1761 5338 καὶ
1800 5285 1899 5356 τὴν
1944 5286 2074 5356 μίαν

491 5349 811 5420 ἀληθεύειν.

1097 5629 1348 5684 ΚΕΦΑΛ.
1384 5631 1496 5687 ΞΔ⁹.

539 5720 683 5784 Περὶ
717 5715 884 5785 ὅρου,
919 5718 1014 5771 καὶ
1049 5724 1415 5791 προτάσεως,
1453 5725 1550 5779 καὶ
1594 5730 2035 5798 συλλογισμοῦ.

577 5807 700 5880 Χρὴ
761 5808 1047 5877 γινώσκειν
1090 5813 1173 5868 ὅτι
1214 5817 1416 5870 σκοπὸν
1465 5818 1577 5889 ἔχει
1620 5822 1653 5890 ἡ
1694 5819 1885 5894 λογικὴ
1928 5840 2036 5885 non

2173 5007 2292 5060 dit:
2331 5007 2428 5071 uti,
2486 5007 2574 5060 hic
2615 5022 2724 5061 non
2771 5017 2854 5061 cst
2905 5012 3158 5077 sapiens;
3212 5011 3299 5064 ille
3351 5027 3456 5065 non
3490 5014 3755 5070 ambulat.

2172 5097 2442 5163 Quoniam
2481 5107 2665 5152 autem
2706 5101 2852 5153 onmi
2887 5100 3258 5165 aﬂirmatmni,
3289 5105 3543 5170 negatio;
3592 5106 3754 5158 item-

2181 5205 2286 5259 que
2310 5191 2458 5243 omni
2491 5192 2789 5258 negationi,
2824 5191 3114 5243 allirmatio
3146 5193 3506 5260 adversatur;
3539 5199 3756 5264 negatio

2181 5296 2242 5334 ea
2302 5297 2423 5350 qum
2481 5284 2819 5337 allirmationi
2872 5287 3184 5352 opponitur,
3247 5297 3299 5337 et
3356 5286 3646 5341 aliirmatio
3693 5305 3756 5343 ea

2183 5391 2304 5444 quan
2355 5378 2631 5446 negatioui
2690 5380 3032 5433 adversatur.
3099 5381 3466 5435 contradictio
3528 5383 3752 5436 dicitur.

2186 5462 2356 5517 Porro
2382 5467 2606 5520 alteram
2642 5468 2853 5529 falsam,
2897 5469 3123 5519 alterunt
3154 5484 3338 5521 veram
3375 5485 3498 5523 esse
3531 5488 3759 5527 necesse.

2187 5567 2288 5608 νῆ.

2711 5647 2818 5720 65
2845 5647 2997 5702 CAP.
3042 5646 3222 5702 an.

2333 5739 2405 5793 De
2441 5745 2683 5804 termino,
2719 5754 2767 5794 et
2796 5743 3172 5810 propositione,
3220 5751 3269 5794 ct
3301 5747 3623 5817 syllogismo.

2259 5832 2652 5886 Deninnstrnlio
2698 5835 2852 5903 logici
2885 5835 3136 5887 muneris.
3187 5829 3327 5896 Quid
3376 5840 3646 5894 terminus.
