4764 6464
489 458 597 525 669

1869 457 2337 518 DIALECTICA.

3600 455 3707 520 670

487 561 669 635 θετον.
702 575 737 643 ἢ
784 576 849 626 ἐκ
889 573 981 625 δύο
1034 572 1382 625 ὑποστάσεων
1415 572 1526 641 (48)
1561 575 1687 642 μίαν
1725 572 2044 635 ὑπόστασιν,
2080 574 2120 628 Α
2152 580 2344 623 natura

1836 590 2044 635 στασιν,
2080 574 2120 628 Α
2152 580 2344 623 natura
2373 587 2478 623 una
2509 573 2610 640 71
2636 573 2960 640 composita,
3005 583 3099 626 aut
3129 591 3190 628 ex
3218 575 3435 628 duabus
3460 575 3717 642 hyposta-

485 663 765 728 παντελῶς
827 664 1121 717 ἀδύνατον·
1168 663 1304 715 διότι
1354 662 1613 715 ἀδύνατον
1641 661 1752 729 ,τὰς
1794 663 2046 723 ἐναντίας

482 754 760 814 οὖσιὼδεις
785 751 1043 821 διαφορὰς
1067 753 1124 802 ὲν
1148 751 1246 819 μιᾷ
1268 749 1426 818 φύσει
1454 749 1808 819 συνυπάρξαι.
1832 750 2048 803 Τούτων

483 841 594 912 γὰρ
618 821 804 910 ’ἔργον
837 840 1015 902 ἐστὶν,
1063 839 1379 908 ἁποδιιστᾷν
1429 839 1674 908 ἀλλήλων
1705 838 1803 901 τὰς
1834 841 2043 907 φύσεις,

484 935 544 985 ὲν
563 925 662 1021 ei;
694 932 1001 1001 ὑπάρχουσι
1029 945 1043 960 ο
1086 931 1179 983 καὶ
1226 930 1426 1021 πάλιν,
1479 929 1737 1021 ἀδυνατον
1786 931 1852 981 τὰ
1898 929 2047 992 ἆπαξ

485 1019 610 1075 καθ’
659 1021 801 1074 αὐτὰ
852 1021 1158 1073 ὑποστάντα
1213 1019 1404 1090 ἑτέραν
1455 1020 1627 1089 ἀρχὴν
1693 1020 2047 1084 ὑποστάσεως

483 1111 655 1181 ἔχειν.
723 1111 788 1162 Ἢ
851 1110 960 1180 γάρ
1022 1111 1354 1175 ὑπόστασις,
1405 1112 1438 1179 ἡ
1487 1111 1608 1162 καθ’
1665 1110 1826 1163 ἑαυτὸ
1894 1112 2049 1164 ἐστιν

483 1199 739 1270 ὓπαρξις.
783 1199 976 1254 ’ἰστέον
999 1200 1055 1253 δὲ
1083 1200 1157 1263 ὡς
1201 1200 1292 1252 ἐπὶ
1320 1199 1416 1268 τῆς
1466 1200 1624 1267 ἁγίας
1667 1200 1890 1268 Τριάδος
1916 1201 2048 1252 ὑπό-

484 1290 677 1352 στασίς
715 1291 862 1341 ἐστιν
885 1291 913 1342 ὁ
957 1290 1193 1359 ἄναρχος
1233 1294 1429 1360 τρόπος
1459 1291 1558 1359 τῆς
1596 1289 1825 1343 ἑκάστου
1879 1291 2049 1344 ἀϊδίου

485 1378 692 1451 ὕπάρξε
700 1396 796 1442 ως.
907 1419 909 1422 ι

555 1648 679 1718 Χρὴ
705 1649 763 1702 δέ
790 1649 988 1702 εἰδέναι
1014 1651 1121 1714 δτι,
1145 1651 1308 1720 ἡνίκα
1340 1649 1593 1712 σύνθετος
1618 1651 1838 1720 γένηται
1867 1651 2047 1717 φύσις,

480 1738 567 1792 δεῖ
615 1741 883 1808 ὁμόχρονα
925 1739 992 1791 τὰ
1040 1741 1182 1808 μέρη
1215 1734 1375 1803 εἷναι,
1413 1741 1506 1794 καὶ
1542 1741 1599 1806 ἐξ
1632 1742 1834 1810 ἑτέρων
1865 1743 2051 1810 ἕτερον

478 1828 898 1889 ἀποτελεῖσθαι,
940 1829 1016 1900 μὴ
1045 1829 1318 1898 φυλάττον
1345 1869 1362 1893 ,
1394 1830 1528 1883 ἀλλὰ
1571 1832 1770 1898 τρέπον
1817 1833 1910 1882 καὶ
1953 1832 2048 1882 ἀλ-

480 1915 664 1969 λοιοῦν
708 1915 778 1970 τά
809 1916 868 1980 ἐξ
901 1911 973 1969 ὧν
1025 1917 1294 1987 συνετέθη
1318 1935 1332 1948 ο
1388 1918 1462 1980 ὡς
1502 1920 1566 1970 ὲκ
1605 1919 1714 1970 τῶν
1768 1919 2051 1986 τεσσάρων

482 2006 770 2075 στοιχείων
824 2007 1264 2074 ἀποτελουμένου
1310 2008 1403 2060 τοῦ
1470 2008 1759 2077 σώματος,
1813 2009 1940 2061 ἄλλο
1993 2009 2054 2073 ἐξ

478 2093 664 2148 ἄλλων
701 2095 928 2164 γέγονε·
970 2097 1064 2148 καὶ
1100 2095 1222 2148 οὔτε
1276 2095 1385 2167 πῦρ
1433 2097 1637 2150 τέλειον
1655 2085 1682 2167 ,Ἰ
1712 2098 1836 2150 οὗτε
1865 2117 1918 2151 τι
1946 2100 2053 2153 τῶν

477 2186 664 2242 ἄλλων
732 2185 909 2251 ἐστιν,
960 2186 994 2256 ἢ
1046 2187 1298 2254 λέγεταιο
1354 2187 1447 2239 καὶ
1510 2187 1584 2249 ὡς
1652 2188 1710 2252 ἐξ
1752 2189 1918 2240 ἵππου
1961 2191 2055 2263 καί

476 2275 613 2330 ὄνου
652 2273 1086 2345 ἡμίονος.ὐῦτε
1137 2277 1246 2346 γάρ
1301 2278 1500 2340 ἵππος,
1530 2277 1652 2330 οὔτε
1691 2278 1809 2340 ὄνος
1850 2278 2054 2347 ἐστὶνῆ

478 2364 737 2439 λέγεταιρ
791 2365 909 2418 ἀλλ’
964 2367 1022 2431 ἐξ
1080 2367 1286 2436 ἑτέρων
1341 2367 1555 2436 ἕτερον,
1618 2367 1738 2435 μηδ’
1789 2367 2048 2439 ὁπότερον

475 2453 598 2507 τῶν
640 2436 810 2518 ιε’ὧν
857 2455 1150 2527 συνετέθη,
1189 2457 1456 2524 φυλάττον
1500 2437 1900 2526 ἀσύγχυτόνλτε
1952 2457 2046 2509 καὶ

475 2545 782 2614 ἄτρεπτον.

2150 662 2300 716 sibus
2328 677 2434 714 una
2463 663 2770 731 hypostasis
2790 663 3074 726 ell'iciatur,
3097 666 3320 717 omnino
3347 665 3461 716 fieri
3490 663 3713 732 nequit:

2149 760 2435 819 prepterea
2465 751 2609 820 quod
2640 754 2932 806 contrariae
2977 754 3370 808 substantiales
3398 753 3721 807 diﬂ'erentia:

2150 841 2203 892 in
2237 857 2342 893 una
2372 842 2669 911 eademque
2704 854 2900 897 natura
2930 845 3094 898 simul
3141 860 3263 898 esse
3312 861 3418 897 non
3460 854 3715 910 possunt.

2151 931 2431 999 Siquidem
2465 949 2651 987 earum
2689 951 2889 989 munus
2940 943 3046 998 est,
3103 944 3330 987 naturas
3360 949 3474 996 eas,
3511 935 3710 1001 quibus

2150 1024 2358 1088 insunt,
2391 1026 2459 1077 ab
2490 1024 2723 1078 invicem
2757 1027 3038 1079 dirimere.
3074 1026 3150 1078 Ae
3179 1040 3396 1078 rursum
3441 1024 3556 1077 ﬁeri
3598 1039 3708 1076 non

2152 1122 2350 1181 potest,
2385 1124 2442 1166 ut
2474 1131 2595 1184 qua:
2625 1118 2790 1170 semel
2839 1119 3131 1184 separatim
3169 1131 3231 1169 ac
3274 1131 3368 1184 per
3395 1131 3454 1168 se
3487 1115 3711 1168 exstite-

2152 1212 2300 1266 runt,
2352 1204 2682 1273 principium
2731 1207 2874 1258 aliud
2921 1205 3254 1259 subsistendi
3308 1212 3360 1257 et
3403 1203 3718 1272 hypostasis

2149 1293 2403 1348 habeant.
2449 1294 2572 1348 Haec
2613 1297 2758 1350 enim
2792 1298 2923 1349 nihil
2964 1295 3218 1350 estaliud
3247 1311 3409 1363 quam
3439 1309 3536 1363 per
3571 1309 3627 1346 se
3656 1307 3720 1345 ac

2151 1383 2382 1436 seorsim
2412 1384 2751 1438 exsistentia.
2785 1385 3081 1439 Sciendum
3117 1399 3279 1453 porro
3307 1385 3359 1436 in
3389 1391 3576 1438 sancta
3602 1382 3719 1434 Tri-

2151 1473 2342 1535 nitate,
2377 1474 2716 1543 hypostasim
2747 1475 2966 1528 modum
3003 1490 3124 1529 esse
3156 1473 3409 1544 principii
3441 1480 3721 1542 expertem

2152 1562 2500 1628 sempiterna:
2528 1562 2796 1631 cujusque
2826 1564 3183 1618 exsistentiaz.

2220 1649 2356 1702 ll-lud
2397 1662 2575 1705 autem
2609 1654 2752 1706 scire
2783 1654 3059 1716 convenit,
3111 1669 3233 1707 cum
3271 1652 3582 1721 composita
3617 1653 3708 1704 a'i-

2150 1756 2254 1807 qua
2280 1749 2476 1793 natura
2506 1743 2584 1806 lit,
2613 1744 2813 1798 debere
2862 1751 3045 1811 partes
3082 1759 3202 1797 esse
3246 1743 3411 1796 simul
3445 1753 3716 1809 tempore.

2153 1838 2314 1896 atque
2343 1845 2404 1882 ex
2434 1831 2555 1884 aliis
2582 1831 2726 1884 aliud
2754 1833 2958 1899 perlici,
2991 1831 3128 1884 adeo
3169 1840 3226 1883 ut
3251 1846 3358 1884 non
3390 1839 3592 1895 servet,
3620 1831 3716 1883 sed

2152 1919 2332 1986 potius
2355 1919 2626 1981 immolet,
2662 1931 2719 1973 et
2756 1921 2810 1974 in
2841 1921 2986 1973 aliud
3015 1928 3298 1974 convertat
3332 1935 3395 1974 ea
3424 1937 3488 1974 ex
3520 1921 3720 1988 quibus

2152 2008 2516 2074 compositum
2552 2017 2667 2063 .est.
2725 2007 2798 2062 Ut
2844 2025 2968 2062 eum
3020 2026 3085 2063 ex
3142 2019 3378 2079 quatuor
3431 2011 3721 2063 elementis

2151 2110 2355 2164 corpus
2389 2096 2643 2163 ellieitur,
2681 2097 2829 2150 aliud
2861 2114 2926 2150 ex
2968 2098 3091 2152 aliis
3117 2098 3214 2151 lit:
3257 2103 3325 2151 ac‘
3352 2113 3528 2166 neque
3577 2097 3721 2166 ignis

2153 2186 2448 2254 perfectus,
2503 2203 2680 2257 neque
2727 2188 2898 2242 ullum
2934 2189 3082 2242 aliud
3119 2191 3448 2243 elementum
3497 2197 3579 2242 est
3626 2198 3719 2242 aut

2152 2279 2373 2331 dicitur.
2423 2277 2489 2330 Et
2520 2280 2664 2332 sicut
2691 2293 2756 2332 ex
2797 2293 2939 2346 equo
2970 2287 3024 2332 et
3066 2278 3217 2333 asina
3246 2279 3425 2333 mulus
3454 2279 3716 2348 gignitur.

2154 2367 2338 2435 Neque
2374 2368 2521 2421 enim
2550 2369 2752 2432 mulus,
2783 2383 2959 2437 equus
2984 2377 3078 2421 aut
3113 2369 3300 2422 asinus
3338 2380 3422 2423 est
3463 2371 3546 2424 vel
3579 2369 3716 2422 dici-

2154 2466 2276 2525 tur;
2312 2457 2405 2513 sed
2446 2454 2591 2513 aliud
2622 2474 2687 2514 ex
2729 2459 2872 2523 aliis,
2899 2468 3153 2512 neutrum
3191 2460 3439 2513 retinens
3464 2459 3719 2512 inconfu-

2154 2565 2274 2604 smn
2305 2555 2359 2603 et
2392 2549 2733 2615 invariabile,
2757 2564 2947 2604 eorum
2971 2565 3036 2604 ex
3072 2550 3276 2618 quibus
3313 2557 3608 2605 concretus
3636 2556 3722 2603 est

2154 2651 2209 2694 et
2241 2640 2468 2696 coaluit.

554 2749 760 2806 Iterum
790 2751 1138 2820 philosophice
1164 2750 1513 2814 deﬁnitiones,
1545 2766 1659 2818 qua:
1677 2751 1748 2802 ad
1779 2752 2058 2804 breviorem
2085 2750 2305 2815 logicum
2335 2751 2650 2816 pertineant.
2678 2751 2922 2820 subjicio,
2955 2761 3010 2803 ut
3036 2751 3236 2820 jaceat,
3276 2761 3383 2804 tam
3419 2751 3472 2804 in
3494 2750 3647 2803 editis

976 2837 1134 2890 quam
1164 2821 1219 2873 in
1254 2836 1380 2872 mss.
1414 2830 1759 2889 praeterquam
1788 2823 1839 2873 in
1865 2820 1985 2890 Reg.
2027 2820 2188 2883 2927,
2221 2821 2273 2872 in
2312 2836 2412 2888 quo
2437 2821 2602 2888 logica
2634 2821 2807 2888 fusior
2832 2822 3098 2901 descripta
3128 2831 3228 2875 est.

1047 2962 1298 3015 ΚΕΦΛΛ.
1334 2963 1450 3016 ΞΖν.

807 3051 1070 3120 Ὁρισμοὶ
1101 3050 1209 3119 τῆς
1249 3053 1611 3120 φιλοσοφίας
1644 3051 1732 3113 ἐξ.

2740 2955 2890 3018 CAP.
2931 2960 3136 3016 LXVII.

2501 3053 2606 3107 Sex
2644 3053 2988 3120 philosophia:
3021 3053 3368 3121 deﬁnitiones.

548 3141 847 3212 Φιλοσοφία
889 3143 1006 3197 ἐστὶ
1037 3143 1238 3212 γνῶσις
1279 3143 1388 3196 τῶν
1425 3144 1592 3196 ὄντων
1709 3143 1836 3195 ὄντα
1875 3143 2050 3209 ἐστὶν,
2079 3178 2121 3235 c
2190 3143 2195 3154 '
2226 3142 2429 3197 l’hilost

1875 3143 2050 3209 ἐστὶν,
2079 3178 2121 3235 c
2190 3143 2195 3154 '
2226 3142 2572 3212 l’hilos0phia
2605 3153 2692 3198 est
2721 3145 2961 3212 cognitio
2987 3158 3173 3196 eorum
3205 3157 3326 3211 qua:
3367 3148 3493 3195 sunt
3525 3155 3720 3196 secun-

477 3237 662 3304 ῆγων
697 3235 797 3304 τῆς
833 3233 1049 3301 φύσεως
1096 3233 1297 3288 αὐτῶν.
1345 3233 1633 3300 Φιλοσοφία
1685 3234 1799 3285 ἐστὶ
1850 3233 2049 3300 γνῶσις
2088 3230 2120 3235 ⁷
2152 3234 2282 3287 dum
2313 3251 2358 3303 qi

1850 3233 2049 3300 γνῶσις
2088 3230 2120 3235 ⁷
2152 3234 2282 3287 dum
2313 3233 2456 3303 quod
2477 3241 2622 3295 sunt,
2651 3233 2703 3286 id
2735 3243 2819 3287 est
2839 3241 3049 3286 natura:
3082 3232 3348 3300 ipsorum.
3369 3230 3721 3298 Philosophia

479 3323 657 3376 below
692 3339 752 3374 τε
801 3324 897 3376 ναὶ
944 3323 1302 3394 ἀνθρωπίνων
1345 3323 1705 3393 πραγμάτιον.
1762 3323 2052 3390 Φιλοσοφία

478 3413 607 3466 ἐστὶ
648 3412 846 3483 μελέτη
877 3412 1132 3477 θανάτου,
1156 3414 1249 3466 τοῦ
1269 3430 1327 3465 τε
1358 3414 1740 3485 προαιρετικοῦ
1768 3415 1862 3467 καὶ
1897 3431 2053 3483 φυσι-

477 3504 610 3557 κοῦ.
643 3502 935 3571 ⁴Ιιιλοσοφία
965 3505 1114 3558 ἐστὶν
1140 3505 1395 3575 ὁμοίωσις
1425 3505 1543 3574 Θεῷ
1578 3505 1718 3558 κατὰ
1743 3505 1800 3557 τὸ
1828 3504 2052 3557 δυνατὸν

479 3591 765 3663 ἀνθρώπῳ
787 3609 802 3622 °
832 3593 1173 3662 ὀμοιοΰμεθα
1197 3594 1256 3646 δὲ
1301 3594 1418 3662 Θεῷ
1447 3595 1586 3647 κατὰ
1611 3595 1671 3646 τὸ
1694 3594 1920 3659 δίκαιον,
1956 3594 2052 3646 καὶ

475 3668 658 3744 ὅσιον,
697 3683 792 3736 καὶ
822 3682 1028 3749 ἀγαθόν
1058 3703 1072 3716 ι
1119 3685 1326 3737 δίκαιον
1367 3685 1463 3754 μὲν
1514 3681 1606 3739 οὖν
1647 3687 1797 3751 ἐστι,
1846 3686 1909 3738 τὸ
1956 3687 2051 3740 τοῦ

479 3773 610 3826 [σου
639 3772 1026 3842 mmmam
1051 3792 1065 3805 ο
1091 3776 1208 3845 ἦτοι
1239 3777 1377 3846 μήτε
1408 3777 1634 3841 ἀῗικεῖν,
1675 3778 1812 3845 μήτε
1839 3777 2046 3829 ἀδικεῖ-

479 3867 618 3917 σθαι
645 3903 660 3927 ,
700 3867 836 3934 μήτε
886 3864 1186 3934 λαμϐάνειν
1230 3867 1520 3936 πρόσωπον
1569 3869 1627 3919 ὲν
1657 3867 1870 3936 κρίσει,
1899 3868 2053 3919 -ἁλλὰ

474 3955 806 4009 ἀποδιδόναι
839 3955 1053 4025 ἑκάστῳ
1097 3956 1238 4009 κατὰ
1269 3957 1336 4009 τὰ
1380 3957 1516 4027 ἔργα
1561 3957 1747 4011 αὐτοῦ.
1783 3959 1968 4010 Ὀσιον
1999 3959 2054 4010 δέ

475 4045 631 4109 ἔστι,
665 4043 728 4096 τὸ
760 4045 900 4114 ὑπὲρ
918 4044 976 4097 τὸ
995 4044 1220 4108 δίκαιον,
1266 4047 1384 4115 ἦτοι
1425 4047 1484 4099 τὸ
1505 4046 1724 4113 ἀγαθὸν,
1755 4047 1813 4099 τὸ
1839 4047 2052 4099 ἀδικούο

479 4151 660 4206 μενον
699 4134 996 4203 ἀνέχεσθαι
1031 4134 1124 4186 καὶ
1167 4139 1468 4208 συγχωρεῖν
1498 4140 1608 4199 τοῖς
1644 4135 1910 4200 ἀδικοῦσι,
1962 4139 2056 4190 καὶ

477 4222 702 4294 μᾶλλον
751 4223 1062 4291 εὐεργετεῖν
1113 4223 1329 4286 αὐτούς.
1393 4225 1684 4292 Φιλοσοφία
1723 4226 1841 4277 ἐστὶ
1890 4227 2054 4296 τέχνη

471 4314 715 4384 τεχνῶν,
755 4314 849 4366 καὶ
877 4315 1160 4385 ἐπιστήμη
1185 4316 1502 4386 ἐπιστημῶν
1530 4333 1542 4346 ·
1577 4318 1609 4386 ἡ
1636 4317 1744 4387 γάρ
1769 4317 2057 4385 φιλοσοφία

473 4405 635 4475 ἀρχή
668 4406 786 4459 ἔστι
818 4404 1000 4472 πάσης
1029 4409 1241 4475 τέχνης.
1276 4406 1354 4458 Δι’
1383 4407 1548 4476 αὐτῆς
1576 4407 1685 4477 γὰρ
1716 4408 1863 4460 πᾶσα
1891 4408 2054 4478 τέχνη

2153 3334 2234 3380 est
2288 3340 2470 3379 rerum
2546 3324 2859 3377 divinarum
2921 3324 3396 3390 humanarumque
3458 3322 3721 3390 cognitio.

2154 3415 2500 3484 Phi1050phia
2526 3424 2607 3469 est
2637 3430 2769 3468 cura
2801 3423 2854 3468 et
2885 3414 3170 3467 meditatio
3197 3414 3413 3476 mortis,
3457 3421 3572 3466 tum
3604 3413 3726 3480 ejus

2154 3523 2272 3576 qua:
2300 3508 2400 3560 sub
2438 3505 2758 3560 electionem
2785 3504 2949 3566 cadit,
2980 3517 3142 3572 quam
3176 3517 3295 3571 qua!
3316 3503 3582 3556 naturalis
3613 3509 3718 3555 est.

2147 3589 2503 3664 Philosophia
2560 3604 2642 3648 est
2690 3592 3018 3646 assimilatio
3064 3607 3184 3646 cum
3224 3593 3365 3654 Deo,
3417 3592 3720 3645 secundum

2153 3686 2295 3752 quod
2329 3683 2532 3739 homini
2567 3682 2828 3751 possibile
2860 3689 2962 3735 est.
3000 3680 3107 3734 Deo
3136 3687 3318 3734 autem
3353 3681 3564 3736 similes
3590 3696 3722 3734 eva-

2159 3776 2341 3828 dimus
2381 3774 2592 3826 ratione
2643 3770 2874 3840 iustitia:
2906 3811 2919 3834 ,
2978 3770 3286 3823 sanctitatis
3338 3777 3390 3824 et
3440 3771 3721 3826 bonitatis.

2155 3865 2376 3920 Justitia
2408 3862 2627 3933 quidem
2661 3857 2715 3915 in
2749 3862 3004 3930 mquabili
3031 3862 3422 3916 distributione
3453 3871 3727 3926 versatur;

2167 3957 2270 4008 hoc
2294 3963 2398 4017 est,
2432 3961 2490 4005 ut
2529 3968 2629 4006 nec
2655 3952 2914 4020 injuriam
2943 3952 3140 4004 inferat
3164 3952 3461 4021 quispiam,
3495 3967 3593 4004 nec
3626 3967 3728 4004 eu-

2155 4047 2412 4114 jusquam
2443 4058 2728 4113 personam
2762 4045 2814 4094 in
2839 4042 3047 4110 judicio
3078 4042 3359 4111 suscipiat,
3392 4041 3486 4096 sed
3516 4043 3728 4096 unicui-

2155 4150 2263 4202 que
2296 4141 2458 4203 prout
2492 4134 2663 4199 gessit
2710 4133 2998 4200 rependat.
3043 4131 3316 4186 Sanctitas
3360 4141 3562 4204 autem,
3607 4147 3729 4202 qua:

2156 4239 2282 4277 cum
2313 4223 2556 4277 bonitate
2586 4222 2799 4285 incidit,
2839 4237 3006 4292 super
3049 4222 3318 4291 justitiam
3354 4225 3626 4290 assurgit,
3673 4232 3724 4277 et

2158 4317 2211 4368 in
2233 4331 2298 4369 eo
2321 4315 2423 4368 sita
2455 4319 2561 4378 est,
2586 4322 2646 4365 ut
2674 4313 2928 4382 quisquis
2961 4314 3125 4367 lesus
3149 4321 3256 4378 est,
3277 4315 3542 4382 patienter
3570 4314 3728 4378 ferat,

2158 4413 2322 4475 atque
2343 4404 2432 4467 iis,
2467 4416 2496 4455 a
2530 4403 2732 4472 quibus
2763 4404 2926 4456 laesus
2956 4409 3062 4464 est,
3083 4403 3367 4472 ignoscat;
3400 4403 3510 4458 imo
3533 4411 3585 4457 et
3609 4405 3732 4459 illos

472 4495 742 4566 εὓρηται.
786 4496 1076 4564 Φιλοσοφία
1117 4497 1234 4549 ἐστὶ
1281 4497 1431 4564 φιλία
1492 4498 1719 4566 σοφίας·
1780 4499 1940 4566 σοφία
1998 4499 2054 4551 δὲ
2086 4492 2128 4545 ῐ)
2158 4498 2353 4552 bouis:

1847 4499 1940 4566 φία
1998 4499 2054 4551 δὲ
2086 4492 2128 4545 ῐ)
2158 4498 2316 4552 bouis
2343 4494 2568 4549 amciat.
2591 4492 2948 4562 Philosophia
2968 4501 3049 4546 est
3077 4507 3166 4546 ars
3190 4493 3410 4558 artium,
3432 4495 3728 4548 etscicntia

471 4584 700 4654 ἀληθὴς
735 4586 764 4637 ὁ
791 4585 922 4648 Θεός
943 4587 1107 4638 ἐστιν.
1146 4587 1208 4639 Ἥ
1237 4582 1329 4640 οὖν
1360 4587 1548 4658 ἀγάπη
1573 4590 1606 4657 ὴ
1632 4583 1768 4658 πρὸς
1790 4589 1879 4642 τὸν
1899 4589 2053 4655 Θεὸν,

468 4678 631 4744 αὕτη
665 4677 812 4730 ἐστὶν
851 4679 884 4746 ὴ
917 4677 1122 4747 ἀληθὴς
1152 4677 1459 4747 φιλοσοφία.

2161 4587 2542 4644 scientiarum.
2576 4583 2768 4638 Omnis
2806 4583 2951 4638 enim
2976 4584 3110 4638 artis
3137 4585 3466 4653 principium
3497 4593 3581 4640 est
3608 4585 3724 4654 phi-

2162 4677 2412 4747 losOphia
2443 4693 2458 4741 ;
2491 4675 2694 4744 quippe
2730 4688 2854 4726 cum
2885 4686 2980 4741 per
3011 4688 3128 4727 eam
3165 4689 3254 4728 ars
3300 4676 3480 4729 omnis
3511 4676 3732 4729 inventa

470 4768 576 4819 sit.
614 4764 972 4835 Philosophia
1009 4775 1093 4821 est
1128 4781 1282 4821 amor
1316 4769 1611 4838 sapientiae.
1645 4768 1923 4839 Sapientia
1948 4778 2126 4824 autem
2170 4782 2296 4822 vera
2337 4765 2480 4819 Deus
2512 4772 2616 4820 est.
2651 4762 2923 4829 Quocirca
2951 4763 3196 4820 charitas
3225 4779 3352 4836 erga
3394 4765 3586 4832 Deum,
3616 4770 3731 4839 ipsa

469 4869 617 4910 vera
661 4847 1008 4924 philosophia
1035 4862 1136 4911 est.

552 4944 869 5011 Διαιρεῖται
924 4944 981 4995 δὲ
1038 4946 1069 5012 ἡ
1130 4943 1417 5012 φιλοσοφία
1462 4946 1538 5005 είς
1593 4945 1924 5015 θεωρητικὸν
1966 4946 2060 4997 καὶ

468 5034 830 5104 πρακτικόν
877 5034 936 5086 τὸ
987 5033 1338 5103 Θεωρητικὸν,
1380 5037 1460 5097 είς
1509 5036 1840 5102 Θεολογικδν,
1885 5035 2060 5104 μαθη-

474 5123 756 5197 ματικὸν,
797 5125 1179 5194 φυσιολογικὸν
1207 5140 1220 5155 ⁸
1265 5125 1324 5177 τὸ
1356 5126 1769 5196 μαθηματικὸν,
1805 5125 1883 5187 εἰς
1933 5127 2055 5192 ἀρι-

2231 4915 2509 4995 Dividitur
2544 4938 2713 5009 porro"
2737 4939 3082 5009 philosophia
3131 4944 3182 4996 in
3228 4945 3733 5015 contemplatricem

2163 5038 2217 5084 et
2250 5030 2502 5083 activam.
2539 5027 2994 5096 Contemplatrix,
3036 5031 3090 5083 in
3131 5034 3485 5102 theologiam,
3526 5037 3736 5090 mathe-

2169 5122 2447 5192 maticam,
2476 5127 2530 5174 et
2561 5119 2962 5191 physiologiam
2992 5139 3006 5177 :
3042 5125 3451 5193 mathematica,
3474 5127 3528 5181 in
3562 5129 3732 5182 arith—

1997 5301 2227 5358 NOTAE.

550 5416 686 5491 (ιε)
728 5416 893 5491 'll_
922 5417 1032 5491 δύο
1062 5418 1473 5491 ήξζτοστιίσεων.
1508 5417 1632 5491 Sive
1653 5417 2063 5491 duarmuhypo-

466 5486 745 5547 “asiam.
799 5486 921 5540 llaec
967 5488 1034 5541 ad
1081 5487 1433 5542 Nestorianos
1483 5488 1752 5555 sequioris
1801 5487 1897 5538 aevi
1935 5486 2060 5554 spe-

467 5563 672 5616 c-tant.
701 5556 792 5624 qui
833 5558 1039 5611 omissa
1080 5559 1286 5611 unione
1327 5557 1626 5612 secundum
1680 5557 2052 5620 all'ectionem,

467 5637 785 5687 honorem,
825 5627 1220 5688 habitudinem,
1264 5641 1427 5692 quam
1476 5627 1766 5679 Nestorius
1820 5627 2052 5692 primum

470 5703 783 5768 posuerat,
817 5712 880 5749 ex
911 5697 1129 5768 duabus
1165 5697 1376 5768 naturis
1408 5695 1666 5768 perlectis
1693 5704 1748 5747 et
1790 5695 2048 5764 hyposta-

472 5763 676 5832 sibus,
706 5763 1044 5835 bypostasim
1073 5764 1281 5823 Christi
1311 5780 1497 5828 unam,
1533 5763 2043 5831 Clu‘istum’unum,

2159 5428 2416 5490 constare
2463 5421 2759 5480 tinxerunt,
2802 5422 2947 5490 quod
3002 5423 3358 5476 substantiam
3412 5431 3732 5483 naturamre

2159 5489 2457 5557 perfectam
2494 5491 2562 5542 ab
2614 5489 2920 5570 hypostasi,
2972 5507 3066 5546 seu
3121 5509 3354 5570 persona
3398 5495 3731 5570 subsistente

2155 5574 2362 5629 perse.
2414 5574 2527 5612 non
2561 5561 2695 5614 satis
2739 5561 3162 5629 distinguerent.
3215 5562 3466 5615 Eeontra
3508 5562 3616 5617 ﬁde
3641 5581 3709 5618 ra

2154 5628 2360 5680 tholiea
2409 5638 2624 5682 eertum
2651 5639 2772 5695 est,
2827 5628 3062 5684 Verbum
3127 5632 3424 5684 humanam
3475 5642 3728 5690 naturam

2151 5697 2542 5767 assumpsisse,
2587 5712 2698 5755 non
2729 5715 3020 5771 personam
3054 5709 3150 5754 aut
3185 5701 3546 5772 hypostasim.
