4764 6464
526 413 639 478 613

1753 452 1760 461 .
1810 417 1823 431 ‘
1877 410 2332 474 DIALECTICA.
3610 409 3714 472 674

537 522 713 590 λέγω·
779 524 993 595 Ἐπειδὴ
1040 524 1156 578 [an
1207 521 1428 594 πρόνοια
1480 521 1573 572 καὶ
1616 521 1893 590 δικαστὴς,
1949 525 2084 574 εἰσιν
2113 534 2154 583 Λ
2183 524 2418 580 lnnnani:

1834 540 1893 590 ις,
1949 525 2084 574 είσὶν
2113 534 2154 583 Λ
2183 524 2434 580 lunnanis
2463 528 2763 594 provideat,
2795 537 2850 581 ct
2875 527 3260 595 providentiam
3303 541 3584 580 net-essum
3609 540 3715 580 est.

503 611 793 679 ’ἀμοιϐαίε
852 614 948 666 καὶ
999 612 1189 684 ἐπειδὴ
1227 613 1362 666 είσὶν
1390 613 1615 679 ἀμοιϐαὶ
1641 648 1656 675 ,
1702 613 1815 664 ἐστι
1855 612 1912 663 τὸ
1955 629 2074 680 κρι-

535 702 776 769 νόμενον.
827 702 887 753 Et
931 701 985 753 δὲ
1014 701 1131 753 εστι
1177 701 1238 753 τὸ
1286 702 1602 770 κρινόμενον
1627 741 1641 765 ,
1682 701 1943 762 ἀθάνατος
1972 703 2078 772 ἄρα

533 790 567 854 ἡ
608 787 775 856 ψυχήν

2184 612 2262 661 ΛιΙ
2290 610 2682 677 providentiam
2713 613 2898 680 itaque
2944 613 3319 679 pervenimus;
3353 627 3472 680 qua:
3502 612 3717 680 quidem

2183 700 2322 765 apud
2380 699 2485 768 73
2534 714 2725 754 attines
2757 710 2910 754 extra
2949 699 3339 752 dubitationem
3383 711 3486 753 est.
3548 703 3721 768 Atque

2180 788 2306 840 hinc
2338 801 2431 854 per
2454 788 2902 853 compositionem
2926 788 3004 840 sic
3033 786 3258 854 disputo
3284 803 3296 838 :
3324 789 3577 854 quoniam
3603 804 3719 856 pro-

529 881 770 935 videntia
797 891 900 946 est,
934 888 986 935 et
1015 882 1202 950 judex.
1237 889 1364 936 sunt
1389 896 1605 952 quoque
1636 884 1852 952 przcmia
1880 893 1932 935 ct
1955 895 2146 950 ptenm.
2208 881 2343 946 Quia
2378 888 2557 940 autem
2637 888 2764 934 sum
2830 879 3045 948 pra-mia
3079 887 3132 930 et
3201 891 3392 946 meum,
3431 886 3513 930 est
3558 878 3717 930 etiam

524 970 604 1026 de
634 987 743 1040 quo
781 971 1045 1041 judicium
1075 971 1299 1025 feratur.
1330 972 1464 1027 Cum
1497 988 1627 1042 ergo
1661 974 1731 1027 sit
1758 973 1825 1026 de
1856 987 1965 1040 quo
1983 971 2248 1040 judicium
2279 969 2503 1030 feratur,
2546 969 2867 1024 immortalis
2894 969 3073 1022 anima
3115 969 3186 1022 sit
3257 981 3479 1020 necesse
3546 974 3649 1020 est.

713 1082 842 1148 Qui:
875 1091 1164 1155 sequuntur
1195 1085 1357 1152 reperi
1385 1085 1438 1137 in
1467 1095 1692 1154 quatuor
1719 1085 1980 1138 codicibus
2014 1086 2167 1154 regiis
2199 1054 2497 1137 ad'calcem
2533 1082 2832 1136 Dialectici:
2858 1080 2916 1136 S.
2952 1080 3176 1137 Joannis
3206 1080 3546 1144 Damasceui,

1245 1245 1252 1251 α
1299 1176 1609 1244 miseratque
1640 1173 1743 1246 Leo
1767 1176 1994 1228 Allatitu
2022 1176 2270 1236 Aubcrto,
2293 1188 2408 1225 cum
2450 1172 2572 1225 aliis
2601 1172 2960 1224 Damascenis.
2988 1214 2993 1220 .

1043 1309 1266 1362 ΔΥΣΙΣ¹
1285 1312 1569 1366 ΔΕΞΕΩΝ.

897 1398 1130 1469 ’Δνάγκη
1163 1400 1277 1452 ἐστὶ
1307 1401 1426 1468 βίας
1448 1401 1614 1455 αἰτία.

600 1490 873 1557 Στοιχεϊόν
908 1489 1042 1552 ἐστι,
1088 1489 1279 1552 κοινῶς
1304 1492 1400 1558 μὲν
1440 1491 1498 1555 ἐξ
1529 1484 1588 1543 οὗ
1633 1510 1684 1544 τι
1707 1494 1911 1560 γίνεται
1941 1493 2081 1565 πρώ-

531 1596 647 1642 του,
678 1579 769 1630 καὶ
792 1579 872 1638 είς
892 1576 1024 1629 αύτδ
1069 1578 1154 1628 ἐπ’
1201 1577 1424 1647 ἐσχάτου
1473 1579 1792 1633 ἀναλύεται·
1844 1582 1987 1643 ίδίως
2023 1582 2078 1633 δὲ

2575 1305 2948 1363 DICTIONUM
2985 1303 3300 1360 SOLL‘TIO.

2484 1397 2790 1452 Necessitas
2824 1396 3091 1448 violentia:
3121 1410 3282 1447 causa
3315 1403 3420 1446 cst.

2253 1487 2585 1541 Elementum
2629 1487 2988 1541 communiter
3017 1485 3249 1539 sumitur
3288 1498 3384 1550 pro
3421 1497 3485 1535 eo
3520 1497 3582 1535 ex
3617 1496 3726 1550 quo

2182 1580 2484 1646 prmstituto
2506 1578 2562 1631 ﬁt
2588 1577 2818 1646 aliquid,
2842 1588 2894 1630 ct
2922 1579 2974 1629 in
2996 1577 3136 1644 quod
3163 1575 3472 1629 resolvitur.
3501 1572 3725 1642 Pr0prio

533 1665 792 1733 στοιχεῖόν
821 1665 990 1728 ἐστιν,
1046 1663 1106 1726 ἐξ
1134 1647 1212 1716 κοῦ
1249 1666 1452 1730 γίνεται
1491 1666 1669 1735 σῶμα,
1723 1668 1816 1720 καὶ
1844 1669 1922 1729 είς
1948 1669 2080 1721 αύτδ
2113 1713 2150 1735 η
2183 1681 2310 1719 vero
2330 1666 2413 1719 elc

1844 1669 1922 1729 εις
1948 1669 2080 1721 αὐτὸ
2113 1713 2150 1735 η
2183 1681 2310 1719 vero
2330 1666 2656 1719 elementum
2691 1664 2907 1725 dicitur,
2953 1662 3004 1716 id
3038 1679 3100 1715 ex
3142 1678 3250 1731 quo
3283 1676 3482 1730 corpus
3517 1663 3725 1715 consti-

533 1755 820 1808 ἀναλύεται
840 1770 855 1785 ο
883 1749 1011 1817 οἷον,
1036 1752 1167 1822 πῦρ,
1198 1753 1362 1824 ὕδωρ,
1387 1755 1512 1823 ἀὴρ,
1539 1756 1632 1824 γῆ.
1661 1756 1779 1825 Πῦρ
1793 1760 1906 1809 ἐστι
1925 1758 2080 1826 σῶμα
2113 1749 2151 1766 ¹¹
2181 1755 2372 1816 tuitur,
2401 1773 2414 1808 ι

1839 1773 1906 1809 ττι
1925 1758 2080 1826 σῶμα
2113 1749 2151 1766 ¹¹
2181 1755 2372 1816 tuitur,
2401 1762 2453 1808 et
2484 1755 2539 1806 in
2578 1754 2720 1823 quod
2774 1753 3098 1816 resolvitur;
3145 1753 3324 1820 qualia
3359 1761 3506 1813 sunt,
3558 1751 3720 1820 ignis.

534 1839 1052 1907 λεπτομερέστατον,
1084 1843 1174 1892 καὶ
1213 1839 1562 1910 θερμότατον,
1615 1844 1708 1896 καὶ
1747 1845 2038 1913 ξηρότατον
2062 1860 2076 1874 ·

532 1927 607 1994 γῆ
638 1929 750 1977 ἐστι
776 1927 930 1995 σῶμα
959 1927 1250 1996 ξηρότατον
1273 1931 1365 1983 καὶ
1403 1930 1704 1999 βαρύτατον
1730 1949 1744 1964 ·
1781 1931 1925 2002 ὕδωρ
1965 1935 2082 1985 ἐστὶ

534 2017 694 2083 σῶμα
726 2017 884 2084 ὑγρὸν
907 2019 998 2068 καὶ
1043 2017 1374 2086 ψυχρότατον
1393 2036 1407 2051 ·
1435 2022 1541 2090 ἀήρ
1587 2024 1698 2073 ὲστι
1743 2023 1898 2090 σῶμα
1921 2025 2081 2093 ὑγρό-

533 2121 693 2156 τατον
716 2105 806 2156 καὶ
832 2105 1090 2175 μαλακόν.
1124 2106 1336 2178 Γένεσίς
1361 2111 1474 2161 ἐστι
1505 2110 1712 2178 κίνησις
1741 2111 1858 2162 κατ’
1874 2113 2081 2177 οὐσίαν,

532 2193 598 2245 ἐκ
629 2193 720 2245 τοῦ
755 2194 830 2263 μὴ
861 2194 1010 2257 ὕντος
1028 2195 1108 2258 είς
1137 2195 1198 2247 τὸ
1223 2191 1381 2251 εἶναι.
1405 2196 1636 2268 Λῠεησίς
1660 2202 1774 2253 ἐστι
1796 2201 2003 2272 κίνησις
2028 2205 2084 2257 tv
2105 2243 2114 2253 .

533 2281 614 2349 τῷ
639 2281 790 2350 ποαῷ
815 2282 953 2336 κατὰ
983 2283 1230 2352 μέγεθος.
1289 2287 1471 2349 Mlier;
1500 2289 1615 2341 ἐστὶ
1661 2289 1874 2360 κίνησις
1903 2291 1961 2341 ἐν
2007 2289 2085 2360 τῷ

536 2373 690 2440 ποσῷ
721 2371 860 2426 κατὰ
887 2373 1128 2442 μείωσιν.
1169 2375 1466 2440 ’Δλλοίωσίς
1512 2379 1628 2430 ἐστι
1677 2380 1891 2449 κίνησις
1921 2383 1979 2432 tv
2008 2381 2086 2451 τῷ

537 2459 676 2527 ποιεῖ)
713 2458 854 2512 κατὰ
884 2461 1199 2528 μεταϐολήν.
1229 2463 1375 2532 Φορά
1417 2467 1531 2515 ἐστι
1578 2466 1788 2534 κίνησις
1831 2464 1894 2520 ἔκ
1919 2470 2084 2521 τόπου

539 2549 620 2609 εἰς
653 2548 832 2601 τόπον.
862 2549 1139 2619 Περιφορὰ
1166 2551 1280 2604 ἐστι
1307 2553 1517 2621 κίνησις
1545 2555 1602 2605 ἐν
1624 2554 1702 2622 τῷ
1723 2555 1871 2624 αὐτῷ
1917 2559 2082 2627 τόπῳ.

539 2638 899 2707 Δύτοκινησία
929 2640 1074 2692 ἐστὶν
1112 2643 1146 2708 ἡ
1189 2641 1282 2710 τῆς
1327 2643 1501 2712 ψυχῆς
1551 2646 1645 2697 καὶ
1693 2647 1752 2698 ὲν
1793 2649 1902 2708 τοῖς
1931 2646 2090 2710 ζώοις

541 2730 772 2798 κίνησις.
803 2729 1001 2798 Χρόνος
1030 2731 1146 2782 ἐστὶ
1175 2732 1369 2801 μέτρον
1419 2735 1702 2804 κινήσεως,
1731 2736 1820 2788 καὶ
1862 2737 2090 2806 ἀριθμὸς

540 2814 635 2871 τοῦ
672 2820 729 2870 tv
755 2821 963 2889 κινήσει
994 2821 1255 2889 προτέρου
1288 2823 1380 2874 καὶ
1424 2823 1669 2894 ὑπέρου.
1704 2826 1912 2896 Ἡμέρα
1948 2829 2090 2882 ἐστὶν

543 2908 690 2979 ἡλίου
737 2910 874 2978 ὑπὲρ
917 2910 1020 2977 γῆς
1075 2911 1218 2980 φορά
1242 2928 1254 2941 ·
1297 2913 1330 2981 ἢ
1365 2915 1550 2981 χρόνος
1573 2918 1629 2968 tv
1662 2908 1706 2982 ᾧ
1729 2918 1756 2969 ὁ
1782 2916 1929 2985 ἥλιος
1952 2918 2090 2988 ὑπὲρ

2179 1853 2338 1912 aqua.
2381 1858 2492 1905 aer,
2528 1853 2690 1896 terra.
2728 1843 2873 1911 Ignis
2911 1850 3004 1896 cst.
3041 1857 3240 1909 corpus
3276 1840 3722 1908 subtilissimum.

2180 1942 2232 1986 et
2256 1921 2670 1995 calidissimum,
2698 1948 2761 1986 ac
2796 1933 3185 1986 siccissimum.
3213 1929 3380 1983 Terra
3414 1941 3495 1981 est
3524 1942 3727 1995 corpus

2181 2023 2540 2076 siccissimum
2570 2034 2620 2081 ct
2651 2024 3054 2092 gravissimum.
3091 2023 3243 2089 Aqua
3275 2027 3356 2072 est
3395 2033 3593 2086 corpus
3624 2018 3726 2067 Itu-

2183 2115 2386 2167 midum
2418 2129 2483 2167 ac
2529 2111 2966 2184 frigidissimum.
3014 2114 3121 2166 Aer
3174 2121 3258 2166 est
3301 2110 3502 2180 corpus
3552 2111 3728 2162 Ιιιιιηὶ-

2181 2204 2467 2260 dissimum
2510 2209 2565 2258 c‘t
2615 2206 2794 2259 molle.
2844 2203 3007 2258 Ortus
3062 2213 3144 2258 est
3197 2212 3374 2257 motus
3430 2201 3726 2254 secundum

2183 2294 2567 2356 substantiam,
2602 2309 2632 2346 a
2663 2308 2769 2346 non
2801 2308 2923 2348 esse
2961 2293 3025 2345 ad
3060 2307 3200 2346 esse.
3235 2293 3487 2345 lnteritus
3519 2301 3571 2343 et
3603 2305 3728 2340 cor-

2184 2385 2384 2453 ruptio,
2416 2395 2597 2438 motus
2623 2394 2706 2438 est
2735 2386 2803 2437 ab
2833 2399 2955 2439 esse
2984 2383 3048 2436 ad
3082 2397 3186 2435 non
3230 2398 3370 2437 esse.
3403 2382 3730 2450 Augmcuta-

2185 2475 2260 2527 tio
2291 2482 2373 2528 cst
2407 2483 2586 2528 motus
2616 2475 2668 2527 in
2705 2490 2762 2528 re
2800 2484 3002 2542 quanta
3045 2472 3343 2525 soCundutn
3399 2469 3731 2536 magnitudi-

2188 2578 2330 2617 nem.
2363 2562 2610 2617 Decretio
2650 2574 2733 2616 est
2779 2571 2958 2616 mutus
3003 2563 3056 2613 in
3104 2576 3162 2615 re
3198 2568 3398 2627 quanta
3431 2558 3731 2612 secundum

2187 2652 2645 2714 minorationem,
2703 2666 2796 2705 seu
2841 2651 3279 2704 diminutionem.
3334 2647 3597 2699 Alteratio
3653 2655 3735 2697 est

2188 2750 2368 2798 motus
2432 2745 2487 2796 in
2550 2757 2609 2796 re
2664 2741 2930 2810 qualitate
3001 2738 3212 2801 all‘ecta,
3258 2736 3559 2791 secundum
3620 2751 3738 2786 nm-

2190 2833 2475 2886 tationem.
2542 2831 2696 2885 Latio
2766 2839 2851 2884 est
2915 2837 3094 2882 motus
3157 2841 3188 2882 e
3241 2827 3361 2879 loco
3433 2826 3485 2892 in
3557 2827 3734 2877 locum

2191 2923 2559 2976 Circumactio
2625 2927 2807 2975 motus
2859 2926 2944 2974 est
3005 2919 3151 2972 circa
3215 2918 3464 2971 eumdem
3535 2917 3730 2966 locum.

541 3002 646 3068 γῆς
669 2998 910 3068 φέρεται.
967 2999 1094 3079 Νύξ,
1138 3003 1255 3054 ἔστι
1305 3002 1552 3071 σώματος
1595 3005 1689 3071 τῆς
1719 3006 1818 3074 γῆς
1869 3008 2022 3060 σκιά·
2055 3009 2088 3078 ἢ
2118 3023 2160 3078 C
2192 3008 2368 3064 Motus
2396 3024 2422 3061 't

1869 3008 2022 3060 σκιά·
2055 3009 2088 3078 ἢ
2118 3023 2160 3078 c
2192 3008 2368 3064 Motus
2396 3016 2768 3077 'spontancus,
2813 3015 2897 3061 est
2953 3007 3146 3058 animae
3188 3012 3402 3065 motus,
3451 3002 3538 3069 qui
3585 3010 3638 3053 et
3681 3003 3734 3052 iu

541 3088 731 3159 χρόνος
761 3091 816 3141 tv
838 3084 883 3156 ᾧ
917 3091 946 3143 ό
972 3090 1122 3160 ἥλιος
1154 3091 1257 3143 ὑπὸ
1303 3080 1686 3163 γῆν’φέρεται.
1737 3095 2092 3166 Νυχθήμερόν

541 3181 661 3230 ἐστι
721 3179 923 3247 κόσμου
976 3183 1334 3252 περιστροφή.
1395 3185 1518 3253 Μήν
1573 3186 1688 3237 ἔστι
1746 3187 1942 3255 χρόνος-
1987 3187 2095 3240 ἀπὸ

545 3267 765 3320 συνόδου
795 3269 1020 3339 σελήνης
1058 3271 1193 3341 πρὸς
1242 3272 1394 3341 ἥλιον
1441 3273 1533 3325 ἐπὶ
1558 3275 1657 3344 τὴν
1686 3274 1811 3344 ἑξῆς
1856 3276 2091 3328 σύνοδον.

478 3387 482 3392 -
557 3358 832 3420 Ἐνιαυτός
866 3360 980 3411 ἑστι
1013 3361 1225 3429 χρόνος,
1277 3363 1336 3415 tv
1365 3354 1457 3429 ᾧό
1500 3363 1649 3431 ἣλιος
1690 3365 1780 3418 τὸν
1836 3365 2105 3427 ζωδιακὸν

541 3443 767 3505 διέξεισι
797 3445 1011 3498 κύκλον.
1047 3447 1249 3516 Καιρός
1284 3449 1400 3500 ἐστι
1433 3450 1619 3517 χρόνος
1656 3451 2092 3519 κατορθώματος.

558 3532 808 3602 ’Δκαιρία
838 3535 953 3585 ἐστὶ
1015 3535 1189 3600 λεῖψις
1212 3544 1241 3583 1
1266 3538 1453 3606 καιροῦ
1484 3540 1602 3589 κατ’
1656 3539 1939 3608 ἐπιτυχίαν
1965 3557 2095 3608 προσ
2124 3521 2134 3531 κ

546 3621 742 3689 θυμίας
775 3623 866 3674 τοῦ
906 3624 1256 3694 ζητουμένου.
1292 3626 1434 3695 Ὠρα
1483 3628 1598 3680 ἐστὶ
1641 3632 1804 3697 μέρος
1849 3629 2093 3681 ἐνιαυτοῦ

545 3714 894 3782 τὸτέταρτον,
944 3716 979 3784 ἢ
1033 3718 1133 3785 τῆς
1189 3718 1401 3788 ἡμέρας
1425 3719 1489 3775 τὸ,
1525 3719 1843 3782 δωδέκατον,
1871 3722 1904 3790 ἢ
1945 3723 2094 3790 ἁκμὴ

541 3805 741 3872 ψυχῆς,
776 3804 809 3873 ἢ
852 3803 1099 3872 σώματος
1138 3807 1318 3871 ἇύος.
1379 3809 1516 3879 Ἔαρ
1558 3811 1673 3862 ἐστὶ
1711 3812 1920 3881 χρόνος,
1955 3812 2010 3864 ὲν
2053 3808 2096 3880 ᾦ

545 3894 608 3947 τὸ
637 3895 798 3966 ύγῴν
820 3897 1120 3967 ἐπικρατεῖ.
1138 3898 1304 3969 Θέρος
1326 3900 1441 3951 ἐστὶ
1467 3903 1654 3969 χρόνος
1674 3904 1730 3954 ὲν
1754 3897 1797 3968 ᾧ
1819 3903 1880 3955 τὸ
1897 3903 2094 3973 θερμὸν

545 3987 854 4056 ἐπικρατεῖ.
908 3987 1246 4060 Φοινόπωρόν
1304 3991 1419 4043 ἐστι
1472 3991 1660 4062 χρόνος
1688 3993 1745 4044 ὲν
1773 3986 1817 4058 ᾧ
1848 3974 1912 4046 τό
1934 3993 2094 4063 ξηρὸν

546 4076 835 4145 ἐπικρατεί
865 4077 1136 4146 ’.χειμών
1198 4081 1313 4131 ἐστι
1365 4080 1574 4148 χρόνος,
1633 4083 1695 4156 ἐν
1737 4073 1782 4146 ᾧ
1809 4081 1870 4133 τὸ
1890 4082 2095 4152 ψυχρὸν

545 4170 856 4237 ἐπικρατεῖ.
892 4169 1170 4235 Πωγονίας
1199 4170 1344 4222 ἔστιν
1385 4160 1690 4240 ἀστροειδὲς
1722 4173 1890 4242 πυρὸς
1917 4173 2101 4242 ἄθροι-

545 4273 683 4327 σμα,
713 4257 1018 4330 ἔμπροσθεν
1072 4260 1194 4330 ἔχον
1241 4262 1340 4326 τὰς
1393 4263 1636 4325 ἀκτῖνας.
1686 4265 1949 4335 Κομήτης
1979 4264 2096 4317 ἐστὶ

2194 3098 2563 3171 apimantibus
2593 3100 2878 3167 reperitur.
2901 3097 3137 3163 Tempus
3158 3106 3238 3149 est
3261 3108 3513 3147 mensura
3536 3101 3736 3154 motus,

2194 3198 2248 3243 et
2282 3205 2545 3243 numerus
2577 3190 2776 3256 prioris
2805 3197 2859 3241 et
2881 3187 3196 3256 posterioris
3235 3186 3287 3237 in
3319 3194 3485 3236 motu.
3513 3182 3635 3235 Dies
3653 3190 3739 3232 est

2195 3287 2378 3336 motus.
2396 3280 2529 3332 solis
2561 3281 2706 3333 circa
2746 3287 2988 3332 terram:
3035 3286 3127 3328 aut
3168 3277 3356 3338 etiam,
3399 3282 3481 3327 est
3532 3282 3740 3340 tempus

2193 3346 2301 3434 quo
2349 3367 2429 3420 sol
2481 3382 2641 3434 supra
2695 3377 2890 3419 terram
2925 3373 3189 3417 movetur.
3241 3362 3350 3414 Nov
3411 3370 3496 3414 est
3548 3360 3739 3413 umbra

2193 3453 2440 3522 corporis
2471 3464 2645 3519 terrm,
2682 3469 2774 3505 seu
2811 3460 3021 3518 tempus
3054 3465 3162 3517 quo
3191 3451 3266 3501 sol
3302 3449 3401 3501 sub
3441 3459 3582 3500 terra
3622 3461 3742 3497 mn-

2196 3553 2370 3597 vetur.
2403 3544 2778 3611 Νυχοήμερον,
2811 3541 2861 3592 id
2910 3550 2992 3593 est
3032 3539 3134 3592 dici
3172 3542 3454 3605 noctisque
3483 3536 3737 3604 spatium,

2195 3644 2279 3690 est
2310 3637 2462 3688 orbis
2497 3633 2938 3686 circumvolutio.
2975 3631 3173 3683 Mensis
3204 3638 3286 3681 est
3317 3643 3524 3696 tempus
3554 3641 3582 3678 a
3609 3640 3741 3678 con-

2192 3723 2475 3793 junctione
2496 3724 2633 3775 lunae
2660 3735 2782 3773 cum
2811 3720 2942 3776 sole.
2975 3719 3037 3770 ad
3069 3720 3224 3770 aliam
3247 3718 3486 3785 proxime
3515 3732 3741 3783 sequen-

2196 3824 2301 3870 tem
2327 3813 2792 3882 coujunctioncm.
2813 3815 2998 3862 Annus
3033 3818 3117 3882 est
3146 3818 3352 3875 tempus
3381 3821 3488 3876 quo
3532 3807 3610 3860 sol
3652 3821 3742 3859 zo-

2195 3904 2410 3957 diacum
2450 3902 2636 3955 orbem
2669 3910 2935 3969 peragrat.
2977 3899 3367 3966 Opportunitas
3418 3905 3633 3964 tempus
3661 3908 3744 3950 est

2195 3993 2271 4046 rei
2304 4006 2562 4060 prospere
2593 3992 2930 4058 peragendu‘.
2959 3987 3742 4057 lntempestivitasopportuni

2196 4083 2459 4149 temporis
2477 4081 2703 4134 omissio
2723 4089 2824 4140 est,
2847 4093 2954 4147 prae
2980 4079 3366 4131 vehementiori
3399 4079 3450 4128 in
3470 4092 3529 4129 re
3557 4085 3740 4142 optata

2196 4175 2570 4244 prosequenda
2594 4172 2880 4226 desiderio.
2906 4171 3043 4238 Ὦρα
3062 4170 3313 4226 sumitur,
3335 4169 3414 4221 vel
3441 4183 3535 4236 pro
3555 4177 3747 4233 quarta

2200 4267 2323 4319 anni
2359 4274 2533 4334 parte,
2573 4265 2655 4318 vel
2689 4279 2786 4331 pro
2814 4262 3134 4315 duodecima
3177 4261 3281 4314 diei
3327 4268 3499 4327 parte,
3531 4258 3608 4311 vel
3650 4272 3746 4325 pro

546 4325 839 4416 πυροειδὲς
871 4347 1083 4418 ἄστρων
1102 4325 1405 4419 ’ἀθροισμῳ
1443 4350 1616 4421 κόμης
1653 4325 2094 4422 κεφαλῆςόίκην.
2125 4325 2173 4384 n
2201 4325 2374 4409 animi
2398 4371 2424 4406 v

1867 4325 2094 4422 ς’όίκην,
2125 4325 2173 4384 n
2201 4325 2374 4409 attitni
2398 4325 2701 4423 vigore,vel
2728 4368 2824 4419 pro
2856 4352 3100 4418 corporis
3123 4349 3269 4401 (lore.
3303 4325 3403 4401 Ver
3429 4357 3512 4400 est
3532 4354 3745 4413 tempus

545 4436 807 4491 κυκλόθεν
835 4438 1133 4509 ἐκπέμπων
1160 4440 1401 4502 ἀκτῖνας.
1427 4442 1616 4505 Δυκίας
1661 4443 1810 4494 ἐστὶν
1855 4444 2100 4510 ἀστροεισ

544 4526 644 4596 δὴς
673 4526 875 4592 κόντος,
910 4530 1076 4597 ἤγουν
1124 4530 1299 4594 δοκὸς,
1344 4532 1441 4601 τὴν
1480 4532 1700 4602 πυρώδη
1753 4534 1846 4585 ἐπὶ
1878 4533 1945 4585 τὰ
1988 4533 2100 4587 ἄνω

546 4619 846 4688 ἐκπέμπων
874 4620 1085 4679 ἀκτῖνα,
1114 4622 1348 4699 Λαμπάς
1377 4625 1522 4676 ἐστιν
1561 4622 1755 4691 ἄναψις
1784 4625 1876 4676 καὶ
1910 4623 2096 4694 ἄθροι-

547 4725 667 4778 σμα
730 4711 915 4780 πυρός.
955 4713 1092 4781 Ἰρις
1147 4713 1292 4765 ἐστὶν
1319 4711 1550 4782 ἔμφασις
1590 4713 1742 4782 ἡλίου
1788 4715 2099 4786 σεμνοειδὴς

546 4800 610 4849 ὲν
651 4797 796 4865 νέφει
831 4797 993 4882 κοίλῳ
1018 4801 1112 4852 καὶ
1160 4799 1435 4870 δροσὼδει,
1461 4804 1519 4854 tv
1567 4801 1766 4854 κύκλου
1789 4803 1939 4866 τάξει
1964 4821 2093 4872 φαιο

545 4887 752 4956 νομένη
805 4888 1125 4959 περιφερὴς,
1150 4891 1226 4952 ὡς
1275 4892 1334 4943 tv
1359 4892 1650 4962 κατόπτρῳ
1683 4892 1817 4961 πρὸς
1843 4893 2096 4964 αἴσθησιν

546 4977 647 5032 καὶ
669 4976 902 5046 ἔμφασιν
938 4979 1161 5049 ἄστρου,
1197 4980 1285 5033 διὰ
1312 4982 1583 5035 πύκνωσιν
1633 4981 1793 5053 ἀέρος
1814 4984 2092 5055 γινομένη.

546 5066 821 5136 Παρήλιός
869 5068 983 5120 ἔστι
1045 5067 1204 5137 νέφος
1264 5071 1576 5148 περιφερὲς.
1626 5073 1864 5137 πυκνὸν,
1913 5075 2098 5143 ὅμοιον

545 5158 714 5229 ἡλίῳ·
765 5156 798 5226 ἢ
839 5157 1072 5228 ἔμφασις
1115 5160 1262 5231 ἡλίου
1299 5163 1358 5215 tv
1399 5163 1546 5230 νέφει
1583 5164 1769 5234 πυκνῷ
1815 5166 1908 5218 καὶ
1946 5165 2091 5234 λείῳ.

547 5248 831 5317 Κεραυνός
885 5251 1031 5302 ἐστιν
1068 5251 1359 5328 ,ἑλικοειδὲς
1393 5253 1606 5323 πνεῦμα
1663 5255 1874 5324 κίνησιν
1912 5257 2098 5309 ποιοῦν

545 5336 834 5407 διάπυρον,
888 5339 980 5392 καὶ
1012 5340 1216 5394 ἄνωθεν
1264 5340 1412 5394 κάτω
1458 5341 1545 5395 διὰ
1595 5344 1764 5414 πυρὸς
1793 5343 2099 5411 φλογώδους

547 5425 847 5497 φερόμενον
876 5427 1282 5502 καὶὲμπυρίζον
1335 5432 1778 5504 κύκλῳ.”ῐῖυφών
1835 5436 1950 5487 ἐστι
2002 5433 2100 5486 ἐλι-

2203 4445 2254 4498 in
2303 4459 2411 4513 quo
2455 4443 2764 4495 dominatur
2807 4438 3117 4490 bumiditas.
3174 4435 3358 4489 Aristas
3406 4445 3487 4488 cst
3526 4444 3740 4502 tempus

2200 4534 2255 4587 in
2287 4548 2394 4603 quo
2421 4532 2734 4587 dominatur
2774 4529 2943 4581 calor.
2992 4529 3298 4580 Autumnus
3338 4533 3552 4592 tempus
3589 4524 3748 4577 estin

2199 4638 2309 4692 quo
2341 4623 2485 4689 viget
2511 4621 2750 4676 siccitas.
2780 4603 2963 4670 lliems
2991 4626 3201 4685 tempus
3235 4623 3317 4669 est
3358 4615 3409 4666 iu
3443 4630 3549 4682 quo
3579 4612 3750 4680 frigus

2199 4713 2472 4782 praevalet.
2491 4709 2722 4762 Barbata
2755 4707 2906 4760 stella
2934 4715 3016 4759 est
3039 4705 3176 4773 ignis
3204 4704 3257 4756 in
3299 4701 3493 4756 sideris
3515 4702 3747 4769 speciem

2197 4801 2502 4871 congeries,
2534 4794 2750 4852 eminus
2775 4797 2954 4849 radios
2989 4796 3231 4847 vibrans.
3267 4791 3491 4846 Cometa
3513 4801 3596 4846 est
3620 4792 3746 4844 stel-

2197 4896 2375 4948 larum
2430 4904 2737 4946 concursus
2796 4888 2937 4957 ignis
2979 4887 3200 4955 tlguram
3264 4883 3525 4946 referens,
3585 4896 3752 4935 coma:

2198 4984 2392 5054 capitis
2418 4984 2616 5038 instar.
2649 4979 3003 5035 circumcirca
3035 4975 3216 5029 radios
3250 4973 3526 5027 emiueus.
3549 4971 3752 5026 Trabes

2198 5086 2282 5133 est
2309 5088 2526 5140 contus,
2553 5074 2754 5129 sideris
2805 5072 3039 5141 speciem
3091 5068 3353 5126 referens,
3402 5080 3494 5118 seu
3548 5065 3748 5132 tignum

2203 5164 2458 5232 igneum,
2519 5158 2730 5215 radium
2788 5171 3008 5211 sursum
3049 5154 3328 5208 emittcus.
3385 5151 3613 5216 Lampas
3663 5157 3752 5199 cst

2205 5252 2458 5308 accensio
2480 5262 2531 5306 et
2553 5249 2836 5320 congeries
2864 5247 3027 5316 ignis.
3061 5245 3158 5297 Iris
3176 5249 3258 5296 est
3293 5241 3522 5306 insignis
3553 5253 3751 5306 περι-αγ-

2206 5343 2441 5398 sentatio
2475 5342 2608 5397 solis
2641 5342 2695 5394 in
2730 5339 2872 5392 nube
2895 5349 3130 5389 concava
3159 5341 3214 5386 et
3249 5330 3482 5388 roscida.
3516 5328 3569 5380 in
3605 5327 3754 5378 orbis

2206 5432 2426 5486 modum
2450 5430 2680 5484 rotunda
2701 5441 2990 5498 apparens,
3013 5423 3077 5477 ad
3099 5426 3372 5490 aspectum
3397 5415 3594 5471 sideris
3609 5415 3752 5468 velut

1839 5583 2066 5639 VARl-A‘I
2100 5581 2503 5640 LECTIONES.

625 5677 661 5718 γ
689 5658 819 5740 Reg.
841 5666 970 5734 duo,
993 5668 1171 5737 λῆψις.
