4764 6464
491 444 597 506 689

1659 442 1756 500 ΒΕ
1792 441 2235 501 H/‘ERESIBUS
2266 441 2514 499 LIBER.

3568 431 3672 489 596

502 553 680 620 Ἰησοῦ
701 554 793 606 τοῦ
829 555 1115 622 Ναυῆιτοῐς
1136 555 1192 605 ὲν
1217 552 1568 622 Πεντατεύχῳ
1600 554 1774 618 ἁγίοις
1816 553 2034 622 ὀνόμασι
2066 561 2106 614 Α
2137 554 2375 607 Patriarc

1816 553 2034 622 ὀνόμασι
2066 561 2106 614 Α
2137 552 2575 613 Patriareharum
2614 561 2843 615 quorum
2877 545 2928 599 in
2959 542 3320 598 Pentateuehn
3364 541 3426 593 ad
3479 538 3673 606 Moysis

497 641 846 709 πατριαρχῶν
884 641 1202 709 κεχρημένοι
1237 652 1258 679 ο
1318 641 1410 694 καὶ
1457 639 1793 701 πιστεύοντες
1827 655 1838 665 ·

499 726 556 777 δὲ
599 728 868 804 Ἀϐραὰμ,
913 728 1113 791 Ἰσαὰκ,
1139 730 1233 781 καὶ
1267 727 1478 792 Ἰακὼϐ,
1505 728 1596 780 καὶ
1625 728 1731 779 τῶν
1761 728 2037 790 ἀνωτάτω,

503 818 598 868 καὶ
632 818 792 869 αὑτοῦ
816 818 1108 882 Μωῡσέως,
1133 819 1223 870 καὶ
1247 818 1456 887 Ἀαρὼν
1487 819 1578 870 καὶ
1605 818 1798 885 Ίησοῦ.
1854 817 1962 878 Τάς
1987 817 2042 868 δὲ

498 905 598 970 τῆς
619 898 981 976 Πεντατεύχου
1010 909 1228 976 Γραφὰς
1258 909 1355 960 ούκ
1382 904 1518 960 εἶναι
1539 907 1808 968 Μωῦσέως
1838 906 2042 973 δογμα-

499 978 737 1054 τίζουσιν
760 1005 774 1020 ⁸
806 994 968 1057 άλλας
994 994 1050 1046 δὲ
1088 995 1215 1063 παρ’
1249 995 1415 1057 αὑτάς
1443 995 1884 1048 διαϐεϐαιοῦνται.

573 1167 639 1214 κ’.
671 1163 982 1234 Ἡρωδιανοὶ
1009 1164 1140 1235 (Η),
1185 1166 1419 1220 Ἰουδαῖοι
1452 1167 1549 1243 μὲν
1576 1161 1712 1234 ἦσαν
1737 1166 1803 1218 τὰ
1837 1167 2009 1218 πάντα
2029 1204 2042 1226 ,

515 1250 755 1321 Ἡρώδην
791 1253 844 1304 δὲ
885 1254 1112 1321 Χριστὸν
1151 1256 1506 1323 προσεδόκων,
1541 1256 1630 1307 καὶ
1652 1254 1798 1322 αὐτῷ
1843 1256 1901 1308 τὸ
1953 1255 2046 1306 τοῦ

503 1340 738 1408 Χριστοῦ
755 1344 915 1411 γέρας
952 1345 1230 1397 ἀπεδίδουν
1257 1345 1348 1397 καὶ
1367 1345 1554 1412 ὄνομα.

518 1449 672 1527 ’16⁵ορ
697 1454 873 1527 αυξτὸς
893 1455 1118 1527 πρῶτος
1144 1459 1318 1527 τόμος
1345 1457 1629 1527 περιέχῳν
1658 1454 1801 1527 neque}
1843 1453 2053 1527 ςτασῶις

581 1521 696 1570 τῶν
723 1521 911 1590 elatam
938 1525 1156 1574 τούτων
1185 1521 1465 1590 αΙρέσεων
1496 1521 1623 1576 (ἐν
1646 1522 1803 1586 αὑτῷ
1838 1521 1915 1575 δὲ
1955 1523 2049 1574 καὶ

581 1592 709 1656 περὶ
742 1589 843 1655 τῆς
863 1591 1114 1658 Χριστοῦ
1145 1589 1475 1660 ἐπιδημίας.

581 1707 685 1754 κα’.
721 1701 1036 1768 Σιμωνιανοί
1056 1701 1375 1770 (12)·οἰκαπὸ
1397 1703 1630 1770 Σίμωνος
1651 1702 1740 1753 τοῦ
1763 1702 1934 1768 μάγου
1961 1699 2051 1752 τοῦ

509 1790 604 1842 ὲπὶ
645 1791 842 1859 Πέτρου
883 1791 974 1843 τοῦ
1018 1792 1369 1856 Ἀποστόλου,
1424 1793 1612 1861 κώμης
1657 1790 1858 1844 Γιττῶν
1884 1791 1909 1830 ά
1958 1791 2056 1858 τῆς

1901 640 2037 707 φημὶ
2139 651 2190 696 ct
2218 641 2382 695 Josue
2416 650 2657 706 tempora
2709 635 2911 690 mentio
2959 635 3050 699 tit,
3102 647 3253 686 sacra
3285 630 3505 683 nomina
3538 627 3676 678 asci-

2142 742 2330 794 scnnt,
2379 745 2442 784 ac
2491 730 2558 783 iis
2609 726 2861 780 ﬁduciam
2907 725 3142 777 habent:
3197 719 3497 786 cujnsrumli
3554 724 3680 769 sunt

2143 821 2417 874 Abraham
2440 859 2453 880 ,
2488 816 2634 870 Isaac
2663 825 2711 867 et
2745 812 2912 866 Jacob
2931 852 2944 877 ,
2979 810 3154 878 iisque
3177 806 3484 873 superiores
3503 844 3518 866 ,
3554 816 3680 854 ncc-

2143 924 2247 961 non
2271 917 2320 962 et
2340 904 2547 975 Moyses
2570 904 2683 971 ipse
2701 917 2821 954 rum
2851 902 3023 952 Aaron
3049 893 3391 966 atqueJosue.
3418 891 3680 944 Caeterum

2145 999 2380 1066 quinque
2401 998 2500 1064 illa
2545 994 2815 1046 volumina
2863 989 3062 1059 Moysis
3090 1002 3210 1041 esse
3243 999 3348 1038 non
3380 991 3600 1050 putant,
3633 988 3684 1032 et

2149 1086 2251 1139 alia
2286 1087 2352 1137 ab
2384 1086 2448 1138 iis
2481 1083 2689 1137 diversa
2722 1079 2860 1149 apud
2896 1094 2954 1133 se
2988 1077 3195 1134 servari
3230 1074 3502 1143 iactitant.
3672 1144 3681 1156 _

2214 1176 2302 1228 20.
2338 1173 2628 1229 Ilerodiani
2650 1213 2664 1236 ,
2689 1188 2809 1226 cum
2833 1170 3048 1224 Judaeos
3073 1170 3124 1221 in
3146 1167 3396 1222 omnibus
3418 1177 3536 1218 sese
3557 1169 3688 1227 pra?-

2149 1272 2389 1325 starent,
2428 1262 2690 1316 Herodem
2720 1260 2998 1312 Christum
3033 1253 3416 1323 exspectabant
3448 1268 3460 1315 ;
3497 1250 3684 1316 eique,

2149 1363 2202 1409 et
2230 1352 2433 1408 Christi
2462 1351 2778 1419 dignitatem
2801 1391 2816 1414 ,
2849 1358 2900 1402 et
2932 1361 3126 1400 nomen
3155 1343 3489 1411 aliingebant.

2152 1469 2416 1519 Hactenus
2460 1463 2604 1529 prior
2653 1471 2819 1514 tomus
2844 1497 2866 1525 ,η
2911 1457 3170 1529 continens
3227 1453 3466 1529 adversus
3503 1462 3690 1529 [omnes

2224 1516 2351 1584 sua;
2405 1516 2584 1599 υερίῐιιί
2631 1516 2885 1588 amnes".
2940 1516 3148 1578 in..ouo
3198 1522 3356 1573 etiam
3390 1516 3450 1570 de
3498 1516 3689 1568 Christi

2220 1604 2460 1654 adventu.

2207 1710 2315 1763 ~21.
2355 1707 2687 1771 Sirnoniani,
2717 1704 2847 1759 dicti
2879 1717 2907 1756 a
2941 1702 3159 1754 Simone
3201 1697 3350 1765 Mago
3407 1705 3558 1758 sunt,
3603 1691 3716 1768 qui.

2157 1798 2304 1853 Petri
2357 1797 2588 1866 apostoli
2641 1794 3002 1863 temporibus,
3054 1788 3254 1844 Gitthis
3294 1785 3547 1839 Samaria
3577 1785 3695 1835 vico

512 1878 843 1945 Σαμαρείας.
886 1875 1048 1940 Οὗτος
1083 1881 1190 1932 ἀπὸ
1241 1879 1589 1955 Σαμαρειτῶν
1643 1880 1882 1950 ὡρμᾶτο,
1924 1879 2056 1948 Χρι-
2088 1892 2132 1946 Β
2158 1888 2388 1942 οτῇυηάυ

1831 1898 1882 1940 ον
1924 1879 2056 1948 Χρι·
2088 1892 2132 1946 Β
2158 1888 2439 1950 oriundus,
2465 1902 2529 1940 ex
2554 1885 2819 1939 Samarita
2847 1881 3316 1936 Christianismum
3346 1876 3448 1944 81
3481 1873 3712 1927 nomine

547 1966 730 2018 τιανοῦ
762 1968 958 2030 ὑποδὺς
983 1959 1151 2038 ὄνομα
1191 1969 1364 2038 μόνον.
1401 1970 1702 2021 Ἐὗξδασκεν
1746 1970 1799 2020 δὲ
1834 1971 2055 2036 αἰσχρο-

519 2055 671 2106 ποιὺν
707 2056 848 2124 μίξιν
882 2058 1178 2127 μολυσμοῦ,
1207 2059 1524 2126 ἀδιαῳορῑαν
1559 2058 1842 2114 σωμάτων.
1898 2058 2058 2121 Ἄπιος

517 2147 769 2213 Gallam;
796 2149 851 2200 δὲ
883 2150 978 2217 τὴν
1003 2150 1313 2215 ἀνάστασιν,
1341 2150 1537 2206 καὶτὸν
1567 2150 1765 2216 κόσμον
1812 2150 1884 2218 μὴ
1921 2145 2057 2198 εἶναι

506 2239 654 2292 Θεοῦ
691 2240 901 2307 φάσκει.
935 2241 1128 2291 Εἰκόνα
1148 2240 1201 2292 δὲ
1234 2238 1396 2291 αὑτοῦ
1435 2240 1508 2301 ὼς
1534 2240 1673 2303 Διὸς,
1704 2241 1793 2292 καὶ
1837 2237 1935 2306 τῆς
1967 2237 2059 2288 σὺν

517 2330 672 2399 αὑ,τῷ
693 2316 895 2400 πόρνης
922 2331 1086 2399 ὄνομα
1117 2342 1138 2368 “-
1184 2331 1421 2399 Ἑλένης,
1452 2331 1680 2400 Ἀθηνᾶς
1716 2329 1903 2387 τύπον.
1951 2331 2060 2391 τοῖς

518 2418 709 2470 ἑαυτοῦ
739 2420 1000 2488 μαθηταῖς
1031 2420 1308 2489 παρεδίδου
1338 2425 1415 2482 εἰς
1460 2423 1839 2491 προσκύνησιν.
1905 2421 2060 2471 Ἐλε-

518 2523 613 2570 γεν
641 2507 695 2560 δὲ
735 2508 940 2572 ἑαυτὸν,
978 2509 1333 2579 Σαμαρείταις
1378 2511 1473 2581 μὲν
1510 2509 1597 2562 τὸν
1658 2509 1890 2581 Πατέρα,
1931 2510 2088 2562 Ίουο.

518 2598 688 2660 δαὶοις
717 2598 771 2649 δὲ
795 2599 885 2651 τὸν
914 2600 1144 2668 Χριστόν
1167 2635 1183 2652 .

592 2750 1096 2846 κβ’.Μενανδριανοε
1131 2793 1144 2807 ·
1199 2778 1246 2829 οἱ
1283 2777 1388 2831 ἀπὸ
1431 2778 1669 2846 Σίμωνος
1723 2778 1808 2831 διὰ
1862 2778 2068 2830 Μενάν⁹

518 2865 645 2934 δρου
669 2865 808 2928 τινὸς
837 2866 1218 2936 ἐναρξάμενοι,
1246 2867 1617 2936 διαφερόμενοι
1650 2870 1702 2920 δὲ
1727 2868 1858 2938 πρὸς
1889 2869 2065 2937 Σιμω-

527 2955 733 3016 νιανοὺς
766 2958 902 3009 κατά
925 2974 978 3009 τι
1003 2973 1017 2987 ·
1058 2957 1106 3009 οἳ
1131 2957 1233 3010 ὑπὸ
1262 2959 1504 3026 ἀγγέλων
1526 2959 1708 3026 ἔλεγον
1755 2959 1844 3010 τὸν
1859 2949 2075 3028 Δκόσμον

521 3039 868 3114 γεγενῆσθαι.

529 3172 531 3175 -
593 3143 699 3204 κγ’.
725 3140 1155 3207 Σατουρνιλιανοῑ
1191 3139 1335 3210 (13)·
1369 3143 1416 3193 oi
1447 3141 1584 3198 κατὰ
1605 3140 1702 3210 τὴν
1739 3141 1933 3211 Συρίαν
1973 3139 2068 3208 τὴν

2164 1989 2320 2039 tenus
2349 1976 2627 2047 professus
2678 1982 2761 2029 est
2790 1993 2803 2028 :
2832 1981 3020 2052 auctor
3049 1968 3295 2024 nefandae
3323 1961 3693 2020 obscenitatis,
3767 1998 3770 2000 -

2164 2075 2217 2123 et
2245 2066 2669 2136 inquinatissimi
2699 2065 2940 2118 omnium
2981 2063 3098 2116 sine
3150 2057 3461 2112 discrimine
3506 2067 3699 2120 corpo-

2161 2172 2279 2210 rum
2331 2155 2681 2212 concubitus.
2726 2156 3026 2222 Corporum
3075 2147 3522 2204 resurrectionem
3574 2141 3699 2208 reji-

2161 2247 2374 2310 ciebat,
2405 2260 2506 2300 nec
2536 2259 2565 2298 a
2597 2244 2705 2298 Deo
2737 2243 2993 2297 mundqu
3025 2240 3347 2293 fabricatum
3394 2250 3512 2289 esse
3566 2232 3698 2285 latc-

2160 2337 2339 2391 batur.
2376 2334 2666 2404 Imaginem
2703 2349 2867 2404 porro
2896 2346 3087 2392 suam,
3120 2330 3393 2396 scortiqne
3446 2326 3564 2382 sui.
3610 2337 3686 2375 nos

2162 2426 2306 2478 mine
2338 2422 2552 2478 Helena:
2573 2462 2588 2484 ,
2625 2423 2726 2478 sub
2754 2420 2904 2477 Jovis
2944 2435 3005 2474 ac
3051 2417 3300 2472 Minerva
3329 2416 3507 2482 specie
3537 2413 3702 2466 disci—

2163 2514 2304 2585 pulis
2363 2513 2707 2570 adorandam.
2742 2512 2997 2578 obtrusit.
3047 2509 3199 2578 Apud
3257 2506 3552 2560 Samarilas
3607 2517 3702 2571 pro

2165 2605 2275 2660 Deo
2309 2603 2468 2658 Patre
2502 2620 2564 2660 se
2599 2602 2906 2667 venditans,
2945 2600 3145 2656 Iudaeis
3181 2599 3453 2654 Christum
3492 2611 3547 2650 se
3586 2610 3705 2648 esse

2163 2696 2515 2765 praedicabat.

2232 2786 2323 2839 ἓξ.
2360 2784 2756 2848 Menandriani,
2781 2799 2812 2838 e
2839 2782 3075 2837 Simonis
3115 2780 3347 2849 primum
3381 2777 3562 2833 schola
3594 2775 3705 2829 Me-

2166 2875 2378 2929 nandro
2421 2875 2657 2943 quodam
2707 2875 2844 2929 duce
2891 2871 3144 2942 profecti,
3200 2869 3364 2924 certis
3391 2869 3445 2921 in
3478 2867 3634 2920 rebus
3676 2881 3704 2916 a

2170 2962 2506 3018 Simonianis
2557 2962 2960 3031 discrepahant.
3005 2961 3044 3014 li
3095 2958 3352 3012 mundum
3404 2957 3469 3009 ab
3499 2955 3707 3025 angelis

2168 3053 2487 3122 productum
2518 3053 2684 3107 fuisse
2715 3051 3047 3107 asserebant.

2213 3143 2329 3195 :23.
2365 3132 2720 3195 Saturniliani
2758 3141 2810 3194 in
2842 3139 2997 3210 Syria
3029 3138 3468 3195 Simouianorum
3515 3134 3705 3189 obsce~

522 3228 631 3285 τῶν
648 3205 992 3295 Σιμωνιανῶν
1030 3205 1393 3298 κρατύναντες
1417 3205 1826 3300 αἰσχρουργίαν.
1871 3231 1993 3282 "Ere
2005 3205 2068 3298 ρα
2096 3205 2140 3266 C
2172 3232 2392 3284 nitatem

1871 3205 2068 3298 Ἕτερα
2096 3205 2140 3266 C
2172 3232 2392 3284 nitatem
2425 3231 2656 3300 amplexi
2705 3239 2854 3288 sunt.
2883 3205 3168 3283 ‘Nonnulla
3202 3242 3330 3281 vero
3354 3225 3418 3278 ad
3451 3225 3713 3291 majorem

523 3316 580 3367 δὲ
611 3317 759 3386 παρὰ
779 3318 904 3380 τοὺς
943 3319 1302 3386 Σιμωνιανοὺς
1327 3319 1407 3380 εἰς
1455 3319 1704 3388 ἐνπληξιν
1751 3319 2066 3388 περισσοτέο

513 3416 628 3476 ’ραν
654 3406 1014 3477 κηρύσσοντες
1040 3423 1053 3436 ·
1089 3407 1198 3461 ἀπὸ
1226 3408 1279 3461 δὲ
1309 3407 1403 3461 τοῦ
1434 3408 1785 3477 Σατουρνελου
1834 3409 1927 3478 τὴν
1974 3409 2070 3476 άρ-

525 3495 630 3564 χὴν
652 3497 960 3564 ἐσχηκότες.
983 3497 1091 3550 Καὶ
1114 3497 1266 3550 αὐτοὶ
1294 3498 1432 3550 κατὰ
1475 3499 1563 3550 τὸν
1603 3499 1906 3567 Μένανδρον
1967 3499 2072 3550 sua

526 3586 776 3651 ἀγγέλων
803 3587 892 3639 τὸν
924 3589 1124 3656 κόσμον
1150 3590 1471 3659 γεγενῆσθαι
1521 3593 1814 3658 φάσκοντες
1898 3592 2073 3658 μόνων

524 3676 580 3728 δὲ
610 3677 768 3739 ἑπτά,
797 3676 883 3745 διὰ
903 3679 1001 3745 τὴν
1031 3678 1121 3730 τοῦ
1148 3680 1347 3750 πατρὸς
1379 3680 1616 3751 γνώμην.

598 3845 677 3899 κδ’
728 3846 1111 3903 Βασιλειδιανοι
1143 3852 1254 3920 (H)
1280 3867 1293 3881 °
1326 3851 1425 3922 τῆς
1464 3853 1629 3923 αὐτῆς
1689 3853 2076 3924 αἰσχρουργίας

2172 3318 2577 3373 conciliandum
2612 3329 2890 3388 stuporem
2920 3318 2986 3370 ad
3018 3318 3234 3370 illorum
3284 3315 3532 3385 dogmata
3561 3311 3710 3378 adje-

2175 3418 2390 3463 cerunt.
2420 3408 2620 3468 Horum
2649 3411 2896 3478 princeps
2918 3406 3229 3461 Saturnilus
3258 3405 3374 3458 fuit.
3407 3402 3467 3455 Hi
3494 3402 3712 3472 perinde

2179 3508 2342 3567 atque.
2395 3498 2707 3563 Menander,
2758 3499 3023 3553 mundum
3073 3499 3140 3550 ab
3187 3495 3390 3562 angelis
3433 3493 3708 3548 conditum

2181 3590 2348 3644 fuisse
2384 3591 2534 3651 aiunt
2567 3608 2581 3653 ;
2613 3598 2775 3658 atque
2817 3590 2869 3643 id
2912 3589 3172 3642 duntaxat
3214 3586 3431 3640 molitos
3457 3591 3711 3652 septenos

2180 3695 2241 3733 ex
2273 3679 2376 3741 eis,
2407 3690 2595 3733 contra
2629 3680 2962 3734 voluntatem
3011 3692 3071 3733 ac
3121 3675 3443 3732 sententiam
3474 3673 3709 3744 supremi

2181 3769 2442 3838 parentis.

2251 3859 2344 3913 94.
2411 3859 2764 3926 Basilidiani,
2835 3861 3075 3929 ejusdem
3133 3859 3392 3914 tarditatis
3463 3865 3718 3924 actores,

1784 3964 2013 4020 VARUE
2055 3964 2454 4022 LECTIONES.

599 4123 625 4153 ε
658 4111 794 4169 Cod.
830 4113 890 4171 S.
923 4114 1028 4174 Hil.
1059 4122 1112 4172 et
1143 4112 1208 4166 ll.
1251 4115 1271 4169 i
1305 4119 1632 4186 κεκριμένοι.
1676 4116 1836 4173 Vetus
1865 4118 2364 4189 iuterpr.judicatia
2394 4120 2671 4180 credentes,
2767 4119 2792 4156 ἀ
2824 4121 2937 4175 Als.
2967 4120 3218 4187 Γηττῶν..
3282 4131 3304 4158 ο
3334 4119 3446 4174 Ais.
3477 4119 3718 4187 ὀνόματι.

2010 4272 2236 4326 NOTAE.

608 4369 721 4430 (tl)
764 4365 1053 4420 Herodiaui
1091 4366 1305 4420 sectarii
1337 4366 1554 4435 quidam
1586 4376 1772 4425 enant.
1808 4383 1910 4420 non
1945 4369 2050 4425 mili

608 4396 721 4430 ‘UII
765 4396 1053 4420 IICIUHIdIII
1091 4396 1257 4420 δσιιαι
1275 4396 1305 4418 ΙΙ
1337 4396 1554 4435 ιμιιυαιιι
1586 4396 1772 4425 ειμιιι.
1809 4396 1910 4420 ΙΙυΙΙ
1945 4396 2050 4425 ΙΙῌΙΙ

529 4447 618 4492 tes
654 4435 882 4488 Herodis
906 4476 921 4498 ,
967 4436 1058 4504 qui
1082 4435 1298 4504 tributa
1355 4435 1661 4504 exigerent.
1705 4445 1761 4488 ut
1793 4396 2084 4488 volueruni
2116 4445 2159 4498 ι)

529 4509 895 4570 Hieronymus
945 4512 998 4556 et
1034 4503 1461 4570 Chrysostumus
1486 4505 1537 4555 iu
1571 4517 1689 4570 cap.
1741 4520 1850 4557 xm
1885 4504 2076 4557 Matth.

527 4575 671 4627 Nam
703 4571 949 4625 Christus
981 4573 1276 4624 cavendum
1317 4573 1584 4632 monebat,
1639 4571 1802 4626 Marc.
1831 4589 1945 4630 νιιι,
1989 4573 2079 4635 15,

530 4661 566 4694 a
605 4642 855 4707 fermento
898 4639 1284 4699 Pliarisa'orum
1312 4679 1326 4700 ,
1364 4650 1491 4708 etwa
1551 4641 1799 4708 fermento
1832 4640 2078 4693 Herodis.

531 4709 692 4775 Quod
741 4708 950 4762 Domini
994 4708 1208 4762 eﬂatum
1255 4723 1377 4761 cum
1414 4707 1695 4763 Mattheus
1727 4710 1806 4760 sic
1833 4711 2083 4762 retulerit

530 4795 658 4846 cap.
701 4794 811 4836 ινι.
845 4778 900 4829 Η
942 4793 954 4828 :
990 4776 1186 4846 Cauete?
1222 4793 1254 4828 a
1299 4777 1546 4846 fermento
1599 4777 1986 4846 Pharisworum
2036 4785 2083 4828 et

537 4844 972 4907 deducworum,
1012 4845 1190 4911 colligi
1233 4855 1405 4912 potest
1438 4844 1771 4900 Herodianos
1807 4860 1836 4912 α
1865 4844 2083 4897 Saddu-

532 4917 669 4970 cacis
717 4929 907 4982 parum
964 4911 1321 4981 discrepasse.
1382 4913 1575 4977 Quidni
1638 4928 1762 4966 vero
1816 4911 2082 4982 Herodem

533 4981 904 5038 Ascalonitam
927 4996 1049 5051 esse
1073 4982 1317 5034 Messiam
1337 4981 1592 5051 dixerint,
1623 4981 1897 5050 quomodo
1929 4991 2082 5051 post-

534 5055 644 5107 hac
681 5051 945 5114 Josephus
985 5049 1416 5117 Vespasianum?

612 5121 726 5190 (12)
762 5119 970 5190 Simon
1009 5117 1194 5188 Magus
1234 5119 1532 5190 gnosticam
1572 5119 1897 5187 impietatem
1952 5132 2086 5190 prae-

535 5185 816 5258 for'mavit.
855 5187 975 5258 llic,
1016 5195 1074 5239 ut
1101 5185 1363 5258 vtiarr'ant‘
1388 5185 1893 5258 Jusﬂnus‘martyr,
1929 5185 2083 5258 Apol.

537 5260 562 5311 1
590 5275 604 5321 ;
642 5257 898 5319 lreuazus,
932 5257 966 5310 1.
1004 5270 1040 5314 ι.
1065 5271 1114 5309 c.
1152 5257 1216 5309 19
1251 5263 1302 5308 ct
1339 5255 1443 5320 20;
1491 5254 1918 5320 Eusebiusflib.
1948 5271 1983 5309 ll
2012 5254 2087 5308 De

539 5327 704 5381 (heat.
730 5341 780 5378 c.
813 5325 865 5387 9,
891 5324 1334 5383 sublimissimam
1371 5327 1616 5378 virtutem
1643 5336 1792 5379 extra
1820 5324 2081 5378 mundum

537 5395 748 5466 posuit,
787 5409 948 5466 quam
979 5393 1136 5461 βυθὸν
1168 5392 1260 5447 καὶ
1289 5393 1461 5466 σιχῂν,
1499 5395 1743 5466 abyssum
1772 5403 1820 5447 et
1843 5394 2084 5466 quietem,

538 5462 928 5530 ituncupabat,
971 5477 1034 5516 ex
1085 5477 1186 5528 qua
1223 5463 1512 5528 prodiisset
1541 5462 1746 5524 ἔννοια,
1784 5477 1877 5516 seu
1915 5462 2087 5530 prima

533 5534 829 5597 conceptio,
871 5547 989 5599 quin
1008 5545 1127 5583 cum
1164 5531 1449 5584 cxsiliisset
1484 5546 1511 5582 a
1537 5531 1864 5598 plenitudine
1890 5531 2086 5599 divini—

539 5605 693 5661 tatis,
725 5598 982 5652 diutnrno
1015 5615 1198 5652 errore
1232 5600 1447 5666 angelos
1475 5611 1526 5651 et
1558 5609 1850 5668 potestates
1879 5598 2085 5668 fecerit.

537 5689 567 5721 a
625 5671 824 5737 quibus
864 5669 1012 5721 orbis
1056 5668 1142 5719 hic.
1185 5669 1527 5733 aspcctabilis
1562 5667 1818 5721 Conditus
1857 5668 1946 5721 sit.
1985 5667 2087 5718 Na-

537 5741 861 5814 rianzcnus,
898 5746 1038 5790 orat.
1082 5737 1166 5800 Ui,
1201 5739 1415 5805 triginta
1451 5754 1616 5790 (tones
1649 5738 1985 5806 CXCtlgllatIOS
2015 5737 2087 5788 ait

2189 4383 2217 4419 a
2248 4368 2463 4422 Simone
2494 4386 2506 4419 :
2538 4375 2738 4434 septem
2772 4368 2852 4422 vel
2879 4377 3001 4420 octo
3028 4369 3290 4420 duntaxat
3330 4367 3713 4420 Thcodorctns-

2190 4435 2380 4488 Docuit
2410 4451 2466 4489 se
2489 4435 2694 4489 Patrem
2721 4450 2840 4489 esse
2865 4445 2916 4489 et
2948 4435 3161 4498 Filium,
3193 4437 3401 4503 illisque
3430 4436 3561 4488 adeo
3593 4450 3719 4503 ιιι-ω·

2188 4505 2337 4561 lusit.
2370 4507 2459 4571 qui
2493 4504 2810 4556 Trinitatem
2843 4506 2894 4557 in
2941 4520 3098 4556 unam
3132 4519 3412 4566 personam
3469 4515 3711 4556 coarcta-

2186 4583 2312 4641 r‘unt
2350 4590 2361 4622 :
2411 4573 2672 4625 dicendus
2713 4587 2836 4625 vero
2870 4589 2974 4626 non
3007 4582 3088 4627 est
3123 4573 3552 4641 Patripassianus
3576 4614 3588 4635 ,
3626 4575 3714 4640 qui

2186 4639 2402 4694 Christo
2442 4655 2658 4708 carnem
2707 4641 2983 4701 ademerit,
3026 4657 3118 4694 seu
3150 4639 3326 4708 quaa‘a
3359 4642 3464 4694 Deo
3505 4639 3724 4700 condita.

2187 4724 2294 4761 non
2325 4717 2488 4762 esset.
2536 4707 3217 4773 Resurrectinuem.carnis
3262 4711 3487 4763 subinde
3515 4711 3718 4776 inﬁcia-

2187 4777 2375 4839 batur,
2412 4792 2576 4846 quam
2622 4776 2910 4830 Menander
2941 4778 3237 4845 discipulus
3264 4779 3381 4845 ejus
3412 4794 3504 4845 per
3542 4779 3716 4846 bapti-

2187 4860 2361 4897 smum
2387 4845 2513 4968 {ﬁeri
2547 4846 2840 4913 garriebat,
2889 4855 2946 4898 ut
2993 4847 3155 4903 refert
3184 4846 3550 4904 Tertullianus
3577 4845 3720 4906 [De

2189 4931 2275 4968 an.
2304 4928 2351 4965 c.
2383 4947 2396 4964 .
2457 4954 2470 4966 .

2189 4931 2275 4968 an.
2304 4928 2351 4965 ο.
2383 4928 2470 4968 δυ.

2258 4981 2367 5052 (15)
2401 4981 2706 5052 Saturnilus
2731 4981 3117 5041 Antiochenus.
3147 4982 3422 5037 Menandri
3463 4983 3722 5052 .discipu-.

2189 5052 2296 5112 lus,
2339 5051 2533 5104 nedum
2582 5052 2763 5121 orheni
2797 5066 2824 5102 a
2873 5059 3074 5119 septem
3124 5053 3327 5121 angelis
3367 5052 3594 5105 edictum
3621 5051 3718 5106 do-

2189 5121 2320 5181 cuit,
2353 5134 2540 5172 verum
2574 5120 2734 5173 etiam
2764 5121 3034 5174 hominem
3066 5125 3129 5174 ad
3163 5120 3447 5186 imaginem
3496 5135 3717 5181 summa:

2190 5188 2439 5252 virtutis;
2479 5189 2531 5240 in
2561 5204 2725 5256 quem
2774 5193 2883 5240 lucc
2945 5190 3073 5253 vitae
3119 5191 3404 5243 scintillam
3447 5189 3718 5251 indiderit,

2191 5271 2309 5324 quae
2343 5257 2516 5324 ipsum
2548 5259 2796 5325 erigeret.
2836 5256 3138 5313 Scintillam
3177 5259 3314 5311 hanc
3347 5259 3564 5322 insolis
3599 5258 3722 5310 tide-

2190 5326 2332 5398 l_ibus
2361 5326 2581 5396 reperiri
2616 5326 2810 5398 aiebat,
2846 5336 3016 5398 atque
3057 5327 3358 5398 intereunte
3375 5327 3626 5398 _bomine
3657 5328 3720 5379 ad

2191 5394 2358 5464 Deum
2393 5390 2688 5453 récurrerc.
2739 5393 2889 5458 Unde
2919 5390 3086 5464 falsus
3135 5395 3341 5447 videtur
3375 5390 3721 5464 Epiphanius,

2183 5464 2282 5532 qui
2319 5462 2485 5532 ipsam
2517 5464 2749 5532 animam
2777 5478 2898 5516 esse
2951 5463 3182 5517 hominis
3216 5462 3430 5532 putavit
3454 5462 3506 5517 in
3541 5462 3723 5516 Pana-

2194 5533 2296 5589 rio.
2327 5530 2446 5585 llaec
2470 5533 2657 5584 scribit
2688 5531 2937 5594 Irenazus,
2974 5533 3062 5584 lib.
3096 5546 3132 5592 I,
3165 5530 3333 5586 622.

2261 5601 2370 5667 (M)
2400 5599 2681 5662 Basilides,
2704 5608 2760 5652 ut
2789 5600 2949 5653 refert
2970 5599 3214 5654 Clemens
3235 5601 3382 5654 Alex.
3410 5600 3442 5652 l.
3466 5617 3559 5663 vn,
3577 5598 3725 5654 Stro-

2194 5679 2318 5728 mat.
2387 5684 2507 5721 cum
2564 5667 2787 5725 Glaucia
2846 5671 3132 5737 interprete
3173 5669 3334 5732 Petri,
3380 5670 3727 5723 tutnMatthia

2200 5739 2438 5807 apostolo
2481 5738 2754 5805 magistris
2791 5739 3134 5806 gloriabatur.
3192 5738 3453 5802 Quocirca
3491 5739 3728 5808 Evangc~
