4764 6464
496 449 601 512 ἨἿ

1633 436 1726 493 DE
1770 433 2208 492 lI.-EllESlllUS
2243 429 2480 488 LIBER.

3563 414 3666 477 7'13

502 552 794 622 μυσατέως.
838 541 1002 607 Οὗτος
1060 547 1086 596 ὀ
1138 543 1362 602 Παῦλος,
1416 539 1754 606 ἀνύπαρκτον
1801 539 2030 605 Χμστὸν
2063 543 2101 595 Λ
2131 535 2218 614 llic.
2254 550 2376 584 onm

1801 539 2030 605 Χριστὸν
2063 543 2101 595 Λ
2131 535 2218 614 llic.
2254 535 2398 584 οηιηὶ
2433 543 2594 598 prope
2635 529 2852 581 modum
2883 525 3198 579 exsistcntia
3232 521 3507 573 Christum
3541 533 3662 585 Spo-

499 642 677 705 ὀλίγου
721 640 827 690 δεῖν
872 634 1289 694 διαϐεϐαιοῦτιι,
1318 629 1470 697 λόγον
1510 629 1836 698 προφορικὸν
1876 629 2030 678 αὐτὴν

499 730 860 797 σχηματίσας.
889 724 992 775 ἀπὸ
1031 723 1243 788 Μαρίας
1269 719 1345 780 δὲ,
1379 720 1472 769 καὶ
1513 717 1672 783 δεῦρο
1701 713 1868 766 εἶναι·
1906 731 2032 780 προ-

498 810 936 881 καταγγελτικῶς
968 811 1034 861 τὰ
1074 809 1201 876 περὶ
1256 805 1417 858 αὑτοῦ
1450 807 1508 855 ὲν
1547 806 1664 864 ταῖς
1698 803 1866 863 θείαις
1900 803 2032 869 Γρα-

501 908 627 972 qui;
661 902 918 971 εἰρημένα
947 899 1155 966 ἔχοντος
1207 896 1322 963 μὲν,
1359 895 1432 962 μὴ
1462 894 1612 953 δντος
1655 891 1742 942 δέ·
1784 891 1895 942 ἀλλ’
1930 890 2034 940 ἀπὸ

500 994 714 1060 Μαρίας
745 992 836 1042 καὶ
857 987 1011 1056 δεῦρο
1040 986 1145 1037 ἀπὸ
1167 986 1261 1052 τῆς
1284 984 1545 1053 ὲνσὰρκου
1575 979 1868 1050 παρουσίας
1895 978 2034 1044 ἔχειν

501 1081 600 1151 τὴν
630 1080 876 1147 ὓπαρξιν.

575 1248 678 1312 «ᾖς’.
730 1246 1013 1314 Μανιχαϊοι
1064 1241 1204 1310 (Η),
1261 1242 1307 1292 oi
1350 1241 1442 1292 καὶ
1481 1239 1746 1290 ’Λκονῖται
1782 1236 1841 1273 δ’
1895 1229 2037 1288 οὗτοι

506 1337 691 1392 Μανσῦ
719 1334 1055 1400 τοῦΠέρσον
1099 1330 1353 1398 μαθηταὶ,
1389 1327 1622 1396 Χριστὸν
1665 1329 1762 1396 μὲν
1806 1328 2040 1396 σχήματι

505 1426 771 1493 λέγοντες,
803 1423 955 1490 ⁴ἣλιον
981 1421 1037 1471 δὲ
1067 1419 1331 1480 σέϐοντες,
1381 1419 1474 1468 καὶ
1506 1417 1732 1484 σελήνην
1752 1453 1768 1477 ,
1806 1417 2040 1484 ἄστροις,

507 1520 601 1570 καὶ
631 1517 905 1583 δυνάμεσι,
959 1511 1051 1562 καὶ
1099 1510 1346 1578 δαίμοσιν
1394 1507 1707 1575 εὐχόμενοι,
1743 1505 1914 1574 ἀρχὰς
1955 1504 2044 1555 δύο

508 1602 882 1671 εἰσηγούμενοι
907 1637 921 1659 ν
963 1600 1202 1665 πονηράν
1233 1614 1288 1647 τε
1342 1597 1434 1647 καὶ
1484 1594 1689 1661 ἀγαθὴν
1733 1594 1817 1644 ἀεὶ
1847 1593 2038 1652 οὔσας·

508 1687 744 1755 Χριστὸν
789 1685 844 1736 δὲ
897 1684 1112 1750 δοκήσει
1167 1682 1496 1750 πεφηνέναι,
1550 1683 1641 1731 καὶ
1691 1681 2043 1731 πεπονθέναι·

518 1774 762 1830 Παλαιὰν
792 1772 1060 1840 Διαθήκην
1091 1770 1547 1839 βλασφημοῦντες,
1572 1769 1665 1820 καὶ
1705 1769 1794 1820 τὸν
1830 1772 1885 1820 ἐν
1911 1770 2045 1837 αὐτῇ

2135 609 2262 681 liat,
2302 624 2426 672 dum
2463 633 2582 672 cum
2615 619 2666 669 llt
2705 615 3035 684 prolatitinm
3069 624 3371 664 sermonem
3405 609 3668 657 transim-

2135 721 2263 772 mat,
2285 709 2639 773 euntdemquc
2663 714 2783 758 ante
2810 703 3024 755 Mariam
3051 702 3255 752 initium
3284 714 3386 750 non
3417 696 3671 748 habuisse

2136 801 2409 866 prmdieat.
2445 796 2800 860 Quamobrem
2832 808 2949 861 qum
2985 791 3034 842 in
3072 791 3242 844 sacris
3267 787 3484 838 Litteris
3516 786 3581 836 de
3610 799 3674 835 eo

2136 890 2465 949 referuntur,
2517 885 2832 954 prophetico
2880 897 3026 934 more
3076 878 3436 946 pra-nuntiata
3471 875 3667 935 docet,

2137 993 2257 1030 cum
2286 977 2539 1029 Christus
2574 974 2806 1027 nondum
2840 979 3012 1032 esset,
3043 978 3202 1035 atque
3231 982 3258 1017 a
3290 965 3453 1018 Maria
3479 964 3674 1015 dunta-

2141 1074 2228 1116 xat
2251 1104 2265 1125 ,
2304 1081 2367 1118 ex
2401 1079 2510 1132 quo
2543 1063 2797 1115 nimirum
2834 1061 2885 1113 in
2923 1074 3086 1111 carne
3120 1055 3395 1124 apparuit,
3429 1067 3491 1105 ac
3523 1053 3674 1104 dein-

2139 1170 2264 1220 ceps
2288 1193 2301 1213 ,
2332 1153 2627 1205 exstiterit.

2210 1244 2296 1295 (56.
2337 1242 2645 1299 Manicbari.
2678 1254 2815 1308 quos
2852 1248 2903 1290 et
2946 1236 3205 1288 Aconitas
3237 1240 3465 1292 vocant,
3511 1230 3682 1282 Manis

2144 1329 2325 1383 Persa:
2374 1329 2624 1395 discipuli
2657 1344 2670 1390 ;
2707 1326 2983 1378 Christum
3018 1322 3196 1388 specie
3230 1332 3387 1372 tenus
3422 1318 3682 1369 contitcn-

2144 1429 2257 1480 tes,
2310 1419 2475 1471 solem
2523 1418 2810 1481 lunamque
2847 1414 3048 1464 colunt.
3097 1410 3256 1462 Astra
3296 1408 3561 1467 virtutes,
3620 1420 3680 1453 ac

2144 1507 2416 1560 datmoncs
2450 1507 2721 1557 invocant.
2755 1501 2866 1552 Duo
2895 1498 3157 1567 principia
3187 1497 3514 1562 sempiterna
3540 1533 3552 1552 .
3588 1494 3684 1543 bo-

2147 1612 2271 1648 num
2305 1604 2356 1646 et
2382 1596 2578 1646 malum
2612 1591 2994 1644 constituunt:
3029 1587 3307 1640 Christum
3339 1583 3688 1651 phantastico

2151 1683 2306 1735 modo
2340 1682 2694 1749 apparuisse,
2735 1694 2797 1730 ac
2830 1679 3011 1745 specie
3060 1685 3218 1729 tenus
3257 1688 3475 1741 passmn
3518 1687 3637 1725 esse
3673 1691 3684 1720 :

2153 1770 2314 1822 Vetus
2348 1771 2781 1830 Testamentum,
2838 1780 2891 1820 ct
2941 1782 3060 1818 emn
3109 1767 3199 1833 qui
3255 1766 3306 1816 in
3359 1778 3424 1816 co
3475 1763 3689 1814 locutus

510 1864 814 1931 λαλήσαντα
840 1862 969 1914 Θεόν
991 1879 1004 1891 ·
1040 1861 1242 1928 κόσμον
1275 1860 1333 1910 οὑ
1371 1859 1460 1910 τὸν
1495 1859 1687 1919 πάντα,
1722 1859 1852 1910 ἀλλὰ
1887 1859 2048 1927 μέρος
2083 1852 2118 1902 Β
2150 1868 2232 1911 est
2254 1899 2266 1918 .
2303 1861 2384 1912 bla

1809 1861 1852 1910 .ὰ
1887 1859 2048 1927 μέρος
2083 1852 2118 1902 Β
2150 1868 2266 1918 est.
2303 1859 2658 1923 blasphemiis
2705 1865 2958 1910 onerant.
3003 1851 3296 1915 Mundum,
3332 1869 3437 1906 non
3471 1853 3690 1905 univer-

513 1956 576 2004 ὲκ
605 1952 735 2004 Θεοῦ
760 1951 1083 2019 γεγενῆσθαι
1108 1950 1409 2019 ὁρίζομενοι
1448 1949 1488 1998 i.

586 2127 681 2191 ξζυ.
725 2125 1006 2192 Ίερακιταί
1032 2123 1140 2190 (43)
1161 2140 1174 2155 ο
1207 2115 1345 2173 οὗτοι
1369 2121 1473 2172 ἀπὸ
1515 2121 1748 2188 Ἱέρακος
1770 2121 1860 2171 τοῦ
1889 2123 2047 2172 Λεον-

516 2210 792 2264 τοπολίτου
820 2210 915 2276 τῆς
946 2208 1209 2275 Αἰγύπτου
1233 2200 1494 2275 ἐξηγητοῦ
1521 2207 1690 2267 τινὸς’
1718 2209 1920 2275 σαρκὸς
1953 2211 2047 2277 μὲν

516 2301 813 2356 ἀνάστασιν
869 2297 1208 2357 ἀθετοῦντες,
1269 2295 1536 2364 χρώμενοι
1600 2294 1654 2345 δὲ
1709 2295 1913 2364 Παλαιᾷ
1965 2298 2055 2348 καὶ

517 2391 692 2457 Καινῇ
735 2387 994 2456 Διαθήκῃ.
1046 2383 1497 2454 Ἀπαγορεύσντες
1546 2385 1719 2452 γάμον
1753 2386 2054 2447 παντελῶς,

522 2479 850 2548 μονάζοντας
872 2478 948 2539 δὲ,
976 2477 1068 2530 καὶ
1103 2476 1417 2544 παρθένους.
1438 2476 1537 2529 ,καὶ
1569 2477 2059 2546 ἐγκρατευομένους

2153 1964 2271 2001 sum
2301 1963 2339 2020 a_
2370 1950 2478 2001 Deo
2501 1987 2513 2011 ,
2547 1949 2641 2001 sed
2675 1947 2799 2014 ejus
2839 1954 3046 2014 partem
3091 1944 3409 1997 fabricatam
3448 1956 3567 1994 esse
3601 1941 3695 1994 de-

2154 2037 2365 2089 liniunt.

2217 2126 2302 2180 67.
2347 2125 2668 2186 llieracitm,
2724 2126 2790 2178 ab
2847 2123 3067 2177 llierace
3118 2122 3345 2191 quodam
3403 2125 3692 2192 interprete

2151 2220 2203 2266 et
2245 2213 2503 2275 doctore,
2544 2213 2859 2280 LeontOpoli
2889 2250 2901 2271 ,
2959 2210 3099 2278 quod
3155 2209 3370 2278 Aigypti
3433 2211 3691 2277 oppidum

2154 2312 2269 2363 est,
2320 2304 2551 2355 oriundo
2605 2301 2941 2367 nuncupati;
2987 2300 3170 2352 carnis
3227 2301 3687 2352 resurrectionem

2159 2400 2424 2459 respuunt
2463 2409 2475 2442 :
2515 2390 2694 2444 Veteri
2746 2389 2997 2458 Novoque
3042 2389 3383 2442 Testamento
3431 2397 3695 2440 utuntur:

2162 2481 2368 2550 nuptiis
2406 2481 2621 2548 penitus
2657 2476 2989 2533 interdicunt
3023 2499 3034 2531 :
3075 2479 3368 2532 monachos
3403 2488 3613 2541 autem,
3650 2489 3700 2530 et

1765 2628 1992 2683 multa
2033 2619 2424 2684 LECTIONES.

595 2739 620 2777 ¹¹
653 2740 836 2809 Epiph.
877 2741 1226 2809 Ἀῃουανῖταα
1262 2740 1351 2792 Sic
1384 2749 1536 2809 vetus
1562 2729 1762 2809 interp.
1807 2720 2093 2796 Acuam’tw.
2179 2747 2191 2781 λ
2235 2745 2287 2798 In
2325 2745 2446 2798 cod.

1818 2742 2093 2796 tcuam’ta'.
2179 2747 2191 2781 λ
2235 2745 2287 2798 In
2325 2745 2446 2798 cod.
2482 2745 2538 2794 ὃ.
2570 2746 2670 2797 llil.
2711 2745 2940 2796 secunda
2976 2759 3132 2795 manu
3168 2741 3402 2804 additur,
3445 2742 3501 2792 τὸ
3524 2742 3699 2792 λοιπὸν

520 2810 622 2878 τῆς
645 2805 885 2870 ἐναντίας
919 2805 1055 2860 εἶναι
1087 2810 1256 2878 ἀρχῆς
1283 2805 1726 2861 διαὸεϐαιοῦνταιζ

2013 2898 2236 2952 ΝΟΤᾸί.

524 3053 678 3107 Pauli
713 3051 989 3103 revixisse.
1027 3051 1218 3102 Verum
1259 3049 1575 3101 Antiocheni
1621 3048 1807 3103 Patres
1840 3050 1890 3101 in
1935 3053 2048 3116 epi-

531 3125 674 3175 stola
718 3121 983 3171 adversus
1020 3118 1258 3187 Paulum
1312 3121 1567 3186 synodica
1616 3117 1805 3187 [apud
1866 3120 2060 3172 Euseb.

527 3191 627 3243 lib.
671 3190 979 3260 vtrHiost._c.
1139 3196 1266 3260 tunc
1291 3187 1546 3260 temporis
1581 3186 1851 3260 Artemam
1890 3189 2062 3260 ipsum

528 3247 876 3326 superstitem
898 3256 954 3326 in
991 3247 1126 3326 vivis
1158 3255 1325 3326 fuisse
1361 3247 1665 3326 signiﬁcare
1692 3247 1947 3326 videntur
1975 3256 2061 3326 his

529 3318 750 3379 verbis:
786 3323 860 3390 τῷ
896 3324 1131 3390 Ἀρτεμᾷ
1164 3318 1312 3383 οὗτος
1356 3318 1727 3382 ὲτῖιστελλέτω,
1764 3325 1853 3374 καὶ
1889 3327 1935 3375 οί
1981 3324 2065 3374 διὰ

528 3396 625 3449 τοῦ
670 3393 904 3460 Ἀρτεμᾶ
931 3392 1100 3459 τούτῳ
1137 3391 1578 3460 κοινωνείτωσαν,
1608 3392 1689 3442 hic
1722 3390 1966 3457 (Paulus)
1991 3392 2065 3443 ad

534 3459 804 3516 Artemam
830 3460 1042 3527 scribat,
1065 3469 1113 3511 et
1139 3463 1364 3511 Artcmw
1384 3459 1610 3527 gregales
1639 3475 1754 3508 cum
1786 3460 1898 3523 ipso
1924 3477 2066 3512 cont-

531 3534 821 3584 municent.
882 3526 1143 3591 Quocirca
1204 3526 1501 3580 Alexander
1558 3527 1954 3581 Alexandrinus
2015 3531 2064 3580 in

533 3602 697 3668 epist.
742 3599 804 3650 ad
845 3596 1207 3668 Alexandrum
1248 3595 1657 3668 Byzantacirca
1697 3611 1896 3668 annum
1943 3598 2062 3660 '5l7,

535 3660 830 3726 scribebat.
896 3678 1000 3717 non
1059 3660 1148 3716 ita‘
1198 3660 1401 3732 pridem
1470 3666 1748 3716 Artemam
1817 3665 2064 3718 deitatem

533 3736 740 3790 Christi
768 3747 1079 3802 oppugnare
1111 3735 1362 3799 ccepisse.

611 3805 719 3874 (44)
776 3799 1170 3874 Ma'nesjuata
1205 3808 1435 3874 veterem
1482 3799 1798 3874 Persarum,
1851 3816 2059 3874 necnon

535 3868 917 3929 Gn'osticorum
945 3869 1262 3937 theologiam
1295 3868 1404 3920 duo
1430 3884 1608 3921 rerum
1643 3871 1882 3921 omnium
1910 3872 2060 3937 prin-

534 3943 680 4010 cipia
719 3947 1010 4010 coaaterna_
1036 3946 1090 3990 et
1127 3938 1476 4010 subsistentia
1522 3939 1824 4010 prmstituit,
1863 3941 2061 3991 bonum

537 4005 771 4071 scilicet,
809 4007 948 4074 quod
983 4005 1144 4057 Deum
1171 4015 1221 4057 et
1253 4006 1422 4057 lucem
1456 4005 1817 4071 mmcnpabat,
1858 4016 1909 4058 et
1948 4021 2062 4058 ma-

537 4081 652 4133 lum
677 4077 817 4146 quod
852 4076 1120 4146 tenebras.
1151 4075 1231 4146 vel
1254 4075 1418 4146 etum
1456 4074 1733 4146 materiam
1756 4089 1877 4125 cum
1902 4090 2065 4142 pravo

537 4162 641 4202 suo
670 4142 844 4215 genio,
878 4158 969 4195 seu
994 4142 1227 4195 diabolo.
1253 4142 1385 4215 Illud
1411 4143 1623 4215 quidem
1653 4142 1911 4215 bonorum
1944 4159 2063 4215 esse

541 4209 769 4273 fontem,
805 4227 833 4264 a
862 4227 967 4278 quo
1000 4226 1085 4264 res
1111 4211 1416 4277 superiores
1458 4209 1728 4276 producta:
1771 4211 1901 4270 sint,
1933 4211 2063 4264 alte-

540 4299 664 4338 rum
698 4296 824 4336 vero
851 4277 1130 4331 malorum.
1168 4279 1336 4331 Ambo
1367 4279 1631 4347 quondam
1667 4277 1832 4330 fuisse
1861 4279 2064 4347 disgre-

540 4363 710 4422 gata:
745 4360 799 4402 at
823 4349 1040 4422 malum,
1085 4346 1612 4422 iinpatiensgquietis,
1643 4346 2060 4422 contrabondm

543 4415 800 4481 movisse,
845 4417 1166 4482 omissisque
1200 4415 1485 4466 virtutibus
1527 4415 1661 4474 suis,
1699 4415 2058 4480 nequidquasn

2169 3053 2505 3120 navigiorum
2528 3052 2909 3121 quorumdam,
2936 3051 3283 3112 adminiculo,
3314 3052 3516 3121 regredi
3550 3053 3698 3106 fabu-

2168 3121 2457 3174 labantur:
2512 3137 2576 3174 eo
2612 3120 2721 3174 fere
2761 3121 2939 3180 modo,
2973 3136 3127 3188 quem
3177 3120 3391 3172 tinxisse
3428 3122 3698 3175 Platonem

2169 3189 2499 3258 Porphyrius
2547 3189 2707 3243 refert
2765 3189 2857 3242 lib.
2910 3189 2982 3241 De
3027 3199 3178 3240 antro
3223 3189 3431 3256 nymph.
3490 3189 3698 3242 Nullam

2172 3259 2393 3323 proinde
2433 3260 2882 3311 resurrectionem
2928 3259 3038 3308 iure
3069 3260 3268 3319 carnis,
3309 3273 3468 3324 quam
3505 3260 3697 3310 cadum

2169 3341 2275 3378 non
2306 3328 2572 3380 admittat.
2602 3325 2955 3390 Quamobrem
2987 3326 3280 3387 Christum,
3315 3343 3434 3377 cum
3497 3343 3556 3378 ex
3596 3328 3702 3378 Deo

2169 3395 2442 3448 decisione
2471 3406 2757 3463 generatus
2786 3405 2928 3448 esset
2955 3395 3125 3457 (velut
3171 3410 3232 3446 ex
3273 3395 3488 3448 homine
3523 3397 3698 3462 boum)

2168 3465 2336 3515 solam
2391 3465 2622 3529 speciem
2673 3464 2963 3513 humanam
3002 3463 3296 3525 obtulisse,
3338 3477 3432 3514 nec
3481 3465 3702 3529 proinde

2169 3546 2405 3597 passum,
2439 3532 2684 3598 subjecto
2720 3532 2772 3582 in
2820 3531 2900 3598 sui
2941 3531 3112 3582 locum
3148 3529 3272 3583 JeSn
3310 3531 3539 3598 quodam
3578 3534 3700 3583 mali

2168 3600 2410 3666 principii
2446 3597 2571 3660 lilio,
2612 3614 2767 3663 quem
2816 3597 2980 3651 Judzci
3034 3597 3350 3651 occiderint.
3401 3597 3692 3667 Utriusque

2165 3667 2363 3719 Christi
2394 3670 2593 3721 mentio
2625 3670 2680 3719 lit
2713 3669 2764 3718 in
2817 3667 3202 3719 Mendaitarum
3241 3668 3420 3729 libris,
3459 3683 3595 3734 quos
3624 3685 3688 3721 ex

2167 3737 2490 3789 (Iotbertiuis
2523 3735 2799 3790 codicibus
2845 3738 3144 3802 descriptos
3199 3736 3280 3787 vir
3339 3736 3689 3789 doctissimus

2170 3805 2228 3856 D.
2258 3804 2559 3857 Ludovicus
2591 3805 2836 3872 Picques,
2869 3805 3058 3857 doctor
3088 3802 3436 3866 Sorbonicus,
3462 3807 3488 3855 ὁ
3514 3823 3689 3871 μακα-

2172 3873 2320 3941 ρίτης
2363 3874 2698 3926 bibliothecze
2738 3883 2936 3926 nostra:
2965 3872 3203 3926 Pariensi
3241 3872 3344 3926 San
3381 3872 3701 3928 llonorianm

2167 3949 2489 3994 testamento
2539 3943 2749 4008 legavit.
2815 3942 3076 3993 Nimirum
3134 3941 3446 4000 Mendaitze.
3503 3943 3596 4008 qui
3652 3952 3704 3995 et

2164 4011 2451 4063 Christiani
2483 4011 2535 4063 S.
2574 4009 2796 4062 Joan'nis
2831 4011 3188 4075 appellantur,
3222 4010 3338 4076 puri
3379 4011 3493 4076 puti
3531 4010 3702 4061 Mani-

2165 4080 2295 4130 chzei
2323 4087 2467 4136 sunt,
2503 4080 2593 4146 qui
2626 4090 2678 4130 et
2710 4079 3048 4130 Sabaitarum
3075 4093 3268 4130 nomen
3296 4093 3466 4144 nuper
3493 4093 3704 4132 aSSllﬂl-

2168 4155 2408 4212 pserunt.
2440 4148 2518 4199 Ab
2557 4148 2677 4200 aliis
2713 4161 2896 4199 eorum
2937 4146 3288 4213 blasphemiis
3323 4147 3524 4213 quibus
3553 4149 3700 4200 orbis

2169 4214 2498 4267 conditorem
2532 4223 2584 4267 et
2621 4214 2749 4283 legis
2780 4213 3027 4266 Mosaica:
3074 4214 3338 4275 datorem,
3377 4229 3537 4280 quem
3582 4231 3705 4269 esse

2165 4283 2437 4334 diabolum
2478 4290 2687 4349 putant,
2747 4287 3079 4342 onerarunt.
3132 4297 3338 4334 necnon
3397 4284 3463 4334 ab
3515 4298 3700 4336 eorum

2167 4350 2442 4417 spt'trcitiis
2490 4349 2798 4419 recitandis,
2835 4351 3113 4419 abstineo;
3171 4366 3292 4416 qttzn
3341 4351 3544 4403 similes
3596 4354 3704 4402 sint

2115 4417 2135 4487 ξ
2165 4434 2346 4470 carum
2380 4434 2513 4486 quas
2566 4417 2927 4486 nequissimos
2961 4418 3348 4470 Gnosticorum
3386 4427 3702 4487 persecutos

539 4475 931 4542 obsistentibus
985 4475 1350 4547 adversariis,
1403 4482 1493 4536 Dei
1543 4483 1711 4549 ipsius
1765 4475 2060 4549 portionem
2095 4475 2138 4527 ι)
2173 4475 2410 4538 tradunt:

540 4559 824 4622 rapuisse,
851 4567 1006 4620 quam
1026 4553 1347 4622 corporibus
1367 4551 1672 4622 animandis
1701 4551 1934 4616 illigarit.
1967 4551 2071 4603 Deo

544 4619 1228 4692 siquidem‘c’umvirtutes,
1253 4631 1360 4692 tum
1383 4619 1598 4692 αίῷνας,
1623 4634 1784 4692 mones
1804 4624 1928 4692 suos
1950 4634 2070 4692 per-

543 4683 670 4746 inde
703 4707 762 4743 ac
796 4689 1033 4743 Gnostici
1071 4683 1414 4745 concedebat'.
1435 4687 1654 4738 Animas
1692 4687 1867 4752 itaque
1899 4683 2071 4738 hemi-

543 4776 712 4824 num;
745 4767 850 4810 tam
884 4757 1157 4808 hominum
1181 4771 1340 4823 quam
1362 4756 1742 4821 jnmentorum,
1764 4754 1961 4817 avium,
1995 4756 2074 4820 pi-

543 4829 716 4882 scium
748 4836 799 4879 et
831 4826 1104 4886 arborum,
1128 4825 1204 4875 uti
1236 4825 1458 4876 virtutes
1488 4826 1753 4879 cmlestes.
1777 4824 1962 4884 solem,
1997 4826 2073 4872 lu-

525 4899 697 4960 nam,
726 4905 778 4948 et
806 4895 978 4947 sidera
1031 4892 1220 4945 divinae
1271 4893 1581 4944 substantiw
1620 4901 1890 4957 segmenta
1933 4906 2070 4943 esse.

546 4965 715 5018 Deum
754 4964 946 5030 quippe
967 4974 1190 5028 corpore
1223 4962 1452 5012 :etherco
1484 4969 1760 5018 constare;
1790 4960 1897 5010 imo
1929 4961 2074 5030 dele-

546 5027 1100 5089 eatissinium‘aereni,
1130 5043 1220 5080 seu
1246 5031 1492 5080 aetherem
1542 5041 1695 5093 esse:
1729 5027 2072 5093 quamobrem

544 5102 743 5155 nedum
769 5099 961 5149 animal
985 5096 1206 5164 quodvis
1230 5098 1425 5157 necari,
1449 5105 1537 5147 aut
1558 5091 1622 5146 cx'
1647 5091 1836 5164 arbore
1866 5110 2073 5146 ramus-

543 5171 727 5224 culum
759 5168 925 5235 carpi,
969 5163 1059 5219 sed
1090 5181 1260 5231 neque
1292 5180 1484 5235 aerem
1507 5165 1584 5235 vel
1616 5163 1878 5235 tantillum
1912 5178 2072 5235 manu

544 5229 897 5294 cieriferebat
921 5253 933 5286 :
953 5235 1162 5300 Ἐπειδὴ
1177 5229 1210 5283 δ
1226 5234 1330 5300 ἀὴρ
1355 5233 1493 5299 ψυχή
1513 5233 1622 5281 ἐστι
1641 5232 1744 5282 τῶν
1760 5229 2074 5300 ἁνθρῴπων,

546 5308 643 5360 καὶ
671 5305 777 5358 τῶν
810 5303 978 5365 ζώων,
1023 5303 1114 5352 καὶ
1142 5299 1246 5352 τῶν
1271 5299 1542 5359 πετεινῶν,
1586 5301 1676 5348 καὶ
1712 5301 1817 5348 τῶν
1850 5299 2073 5365 ἰχθύων,

547 5376 647 5430 καὶ
679 5374 783 5424 τῶν
814 5372 1084 5439 ἑρπετῶν·
1123 5372 1257 5432 Quia
1295 5384 1382 5421 aer
1417 5372 1590 5420 anima
1621 5378 1692 5419 est
1715 5368 1991 5439 hominum
2024 5380 2070 5418 ei

546 5434 895 5496 animantium
919 5439 1227 5499 volatilium,
1257 5440 1474 5502 piscium
1512 5446 1558 5487 et
1595 5437 1875 5502 reptilium.
1907 5434 2075 5486 Porro

547 5513 784 5571 animas,
825 5518 941 5577 post
972 5509 1166 5559 multas
1194 5517 1246 5558 ct
1269 5507 1597 5577 corporibus
1629 5507 1678 5556 in
1716 5518 1937 5577 corpora
1958 5506 2072 5577 nti-

546 5571 847 5650 gratioucs',
877 5577 1186 5650 {servitute
1216 5571 1427 5650 tandem
1463 5575 1813 5650 tenebrarum
1835 5571 1988 5632 solvi,
2025 5582 2076 5624 et

552 5641 619 5700 :th
658 5650 870 5704 emtum.
907 5645 1176 5713 Deumque
1232 5647 1427 5709 ipsum,
1459 5643 1738 5694 duodecim
1774 5641 2072 5713 signorum,

549 5732 763 5770 necnon
792 5712 1144 5783 planetarum,
1170 5720 1221 5766 et
1273 5715 1321 5762 in
1349 5713 1532 5779 primis
1556 5713 1683 5763 solis
1717 5718 1766 5760 et
1798 5712 1950 5771 hunc,
1977 5724 2072 5760 ceu

2243 4556 2350 4620 (45)
2391 4556 2688 4613 ΙΙίυινειοὶιαξ,
2741 4571 2842 4608 non
2888 4554 3321 4616 Manichaeorum,
3362 4555 3435 4606 uti
3484 4556 3702 4622 scripsit

2176 4623 2522 4690 Epiphanius,
2561 4625 2652 4676 sed
2704 4622 3092 4675 Encratitarum
3120 4626 3354 4676 stolones
3383 4633 3557 4677 erant.
3591 4627 3700 4676 Au-

2173 4701 2289 4744 ctor
2315 4693 2573 4745 orationis
2593 4692 2788 4745 Contra
2812 4691 3026 4742 luurcres
3051 4706 3167 4755 qua:
3187 4699 3359 4742 exstat
3378 4692 3516 4744 inter
3542 4707 3702 4758 opera

2173 4761 2473 4820 Athanasii,
2493 4760 2648 4812 docet
2679 4775 2796 4820 nos,
2829 4767 2981 4811 vetus
3007 4760 3262 4812 duntaxat
3289 4759 3700 4811 lnstrumentum

2174 4831 2240 4879 ab
2270 4829 2864 4894 lliet'acitis-cxplosutn
2911 4829 3174 4895 :insuper
3221 4828 3438 4893 nuptias
3485 4828 3698 4895 quidem

2175 4905 2298 4948 ante
2335 4896 2539 4948 Domini
2598 4898 2882 4949 adventum
2912 4911 3200 4949 concessas
3245 4897 3430 4958 fuisse,
3475 4898 3699 4963 posthac

2176 4973 2353 5017 autem
2404 4966 2613 5017 vetitas.
2649 4964 2809 5017 Arius
2862 4965 2914 5016 in
2952 4965 3174 5028 cpistola
3222 4966 3284 5015 ad
3339 4964 3699 5016 Alexandrum

2175 5034 2323 5084 Alex.
2364 5045 2618 5087 causatur
2669 5031 2941 5085 llieracam
2977 5047 3130 5084 suum
3174 5032 3238 5084 de
3270 5031 3425 5084 Verbi
3478 5047 3703 5099 genera-

2177 5103 2322 5152 tione
2363 5116 2578 5154 sensum
2609 5115 2893 5153 enarrasse
2921 5101 3162 5166 exemplo
3206 5101 3457 5158 lucernae,
3490 5116 3606 5166 qua:
3637 5116 3703 5152 ex

2177 5170 2276 5220 alia
2331 5171 2539 5222 lucerna
2590 5169 2930 5232 accendatur,
2965 5179 3014 5220 et
3065 5171 3336 5234 proprium
3398 5171 3595 5228 lumen,
3636 5169 3703 5218 ab

2177 5239 2395 5316 alterius
2420 5239 2626 5316 lumine
2655 5238 2942 5316 discretum
2968 5237 3178 5316 Ahab‘e‘at
3207 5253 3237 5316 ε.
3263 5239 3347 5296 Ὠς
3377 5236 3562 5316 λίχνον
3596 5236 3702 5312 ᾁπὸ

2176 5304 2384 5372 λύχνου,
2414 5307 2446 5374 ἣ
2477 5307 2548 5365 ὡς
2577 5306 2826 5371 λαμπάδα
2855 5306 2931 5374 εἰς
2963 5305 3072 5356 δύο.
3091 5304 3391 5374 Quoducum
3415 5304 3702 5374 Tritheita-

2178 5389 2292 5424 rum
2332 5372 2516 5426 luere-si
2550 5377 2822 5425 convenit.
2859 5373 2997 5425 Idem
3035 5374 3197 5425 refert
3233 5372 3484 5434 llilarius,
3523 5373 3612 5423 lib.
3649 5386 3699 5422 vt

2180 5442 2252 5493 De
2285 5441 2496 5502 Trinit.,
2536 5457 2741 5492 necnon
2776 5445 2896 5494 vita:
2937 5440 3149 5494 Macarii
3182 5440 3415 5508 Aigyptii
3449 5441 3698 5505 scriptor.

2177 5512 2416 5562 Addebat
2453 5509 2898 5562 Melehisedecum
2947 5509 3201 5575 Spiritum
3238 5517 3480 5562 sanctum
3516 5508 3699 5571 fuisse,

2177 5581 2265 5644 qui
2318 5581 2546 5632 humana
2597 5580 2772 5646 specie
2822 5587 3096 5645 assumpta
3129 5578 3337 5630 obviam
3381 5577 3498 5629 ierit
3531 5575 3700 5629 Abra-

2176 5649 2353 5699 hamo.
