4198 6492
743 426 846 488 719

1903 431 1962 488 S.
1996 421 2312 488 JOANNIS
2343 430 2766 490 DAMASCENI

3907 438 4014 497 reo

744 538 1023 608 Virgines,
1054 537 1403 594 continentes
1429 579 1442 601 ,
1474 553 1538 592 ac
1571 540 1770 594 viduas
1811 541 2145 612 suscipiunt.
2190 542 2319 596 Pue-

2433 545 2742 615 δεχόμενοι,
2810 551 2905 600 καὶ
2957 550 3172 618 χήρας·
3235 551 3483 620 λέγοντες
3543 553 3608 606 τὰ
3667 553 3892 624 μηδέπω
3955 560 4013 607 ἐν

745 646 836 684 ros
873 632 1161 683 immatura
1191 631 1367 686 adhuc
1395 639 1554 685 artato
1585 630 1880 688 defunctos
1901 674 1915 698 ,
1957 637 2110 704 regni
2151 637 2319 690 coale-

743 724 844 777 stis
877 723 1171 790 participes
1214 724 1328 778 ﬁeri
1374 731 1604 793 negant,
1637 739 1704 780 eo
1735 726 1878 795 quod
1928 726 2170 781 nondum
2203 744 2322 782 cer-

743 817 999 872 taverint.

809 905 918 974 92
953 905 1041 960 68.
1081 904 1381 960 Meletiani.
1449 904 1801 961 Schismatici
1851 905 1906 961 in
1949 906 2187 979 Egypto
2224 923 2319 979 po-

740 1000 852 1054 tius
875 1039 888 1064 ,
916 1015 1078 1067 quam
1106 999 1350 1055 haeretici
1384 999 1673 1055 habentur.
1705 999 1771 1054 lli
1795 1013 1916 1054 eum
1951 1002 2062 1057 illis
2095 1017 2318 1072 precum

741 1091 1131 1146 communione
1165 1089 1388 1160 adjungi
1443 1091 1776 1155 noluerunt,
1811 1092 1905 1161 qui
1951 1092 2004 1145 in
2055 1106 2318 1161 persecu-

743 1181 894 1236 tione
942 1182 1080 1252 lapsi
1129 1191 1334 1238 essent.
1375 1182 1542 1237 lidem
1583 1190 1771 1237 tamen
1821 1198 1944 1240 sese
1977 1184 2043 1239 ad
2077 1185 2316 1242 Arianos

743 1287 890 1326 nunc
921 1282 1309 1345 aggregarunt.

813 1363 904 1418 69.
948 1365 1172 1429 Ariani,
1207 1364 1299 1433 qui
1334 1373 1387 1419 et
1414 1365 1773 1420 Ariomanitze
1801 1374 1855 1420 et
1885 1365 2192 1420 Diatomitre
2229 1367 2314 1421 di-

745 1456 818 1510 cti
858 1463 1009 1511 sunt.
1055 1454 1120 1509 Hi
1150 1455 1244 1511 Dei
1279 1455 1478 1510 Filium
1532 1465 1886 1522 creaturam,
1943 1472 2008 1512 ac
2048 1457 2314 1527 Spiritum

745 1554 996 1600 sanetum
1026 1556 1295 1601 creaturae
1326 1555 1638 1601 creaturam
1671 1547 1996 1618 praedicant.
2032 1547 2314 1604 Christum

744 1653 965 1693 carnem
993 1639 1164 1693 solam
1191 1653 1258 1693 ex
1284 1637 1453 1709 lilaria
1484 1639 1855 1707 assumpsisse
1871 1639 2176 1703 allirmant,
2207 1655 2314 1695 non

744 1730 872 1782 item
901 1727 1156 1780 animam.

749 1819 1017 1873 "actenus
1048 1818 1174 1872 torni
1202 1819 1406 1889 quinti,
1443 1817 1754 1889 secundique
1788 1817 1905 1871 libri
1938 1820 2062 1871 tomi
2096 1823 2311 1874 secundi

1280 1890 1499 1942 Itwreses
1533 1888 1777 1958 quinque.

779 1981 846 2034 At
881 1981 937 2034 in
964 1981 1137 2049 priore
1165 1987 1303 2033 tomo
1333 1979 1455 2034 libri
1498 1981 1639 2033 tertii
1670 1987 1864 2048 septem
1887 1979 2107 2034 haereses
2137 1991 2278 2035 sunt.

815 2132 903 2186 70.
945 2132 1320 2187 Audianornm
1348 2134 1572 2204 proprie
1596 2133 1836 2188 schisma
1861 2147 1925 2186 ac
1949 2134 2186 2189 defectio
2211 2144 2320 2200 est,

745 2239 856 2280 non
894 2225 1140 2280 haeresis.
1187 2223 1392 2280 llorum
1431 2225 1653 2280 vivendi
1691 2226 1941 2280 instituta
1974 2227 2116 2280 ratio
2147 2228 2318 2296 proba

744 2326 910 2388 atque
943 2316 1174 2372 honesta
1213 2325 1335 2372 est:
1372 2318 1760 2389 neque-quoad
1796 2318 1954 2372 ﬁdem
1989 2320 2216 2384 attinet,
2250 2321 2319 2375 ab

745 2407 994 2462 Ecclesia
1043 2407 1312 2462 catholica
1361 2408 1660 2479 quidquam
1709 2407 2002 2464 dissident.
2058 2409 2316 2463 llahitant

743 2499 940 2570 majori
968 2516 1032 2554 ex
1063 2510 1215 2569 parte
1246 2502 1300 2554 in
1328 2501 1682 2555 monasteriis
1702 2543 1716 2566 ,
1750 2515 1854 2554 nec
1882 2515 2078 2556 omnes
2102 2499 2167 2554 ad
2196 2517 2304 2570 pre-

742 2609 836 2670 ces
866 2608 996 2648 suas
1024 2592 1338 2647 admittunt.
1371 2591 1562 2662 Magna
1589 2592 1732 2662 apud
1767 2592 1890 2647 illos
1927 2600 2014 2647 est
2049 2593 2315 2647 librorum

745 2684 1222 2756 aprocryphorum
1259 2685 1439 2753 copia.
1476 2683 1780 2754 Episcopos
1814 2693 2070 2746 nostros,
2105 2684 2200 2753 qui
2235 2684 2318 2738 di-

744 2777 883 2831 vites
923 2786 1090 2838 sunt,
1130 2775 1382 2845 aliosque
1422 2775 1548 2831 aliis
1586 2775 1654 2831 de
1690 2775 1875 2831 causis
1916 2775 2312 2830 condemnant.

2431 636 2615 706 ήλικίᾳ
2647 637 2910 705 γεγονότα
2949 639 3159 705 παιδία,
3193 641 3266 712 μὴ
3311 643 3559 712 μετέχειν
3595 643 3890 713 βασιλείας,
3923 645 4014 697 διὰ

2427 727 2488 779 τὸ
2529 728 2604 798 μὴ
2633 728 2948 798 ὴοληκέναι.

2497 904 2597 974 ξη’.
2647 904 2974 958 Μελετιανοί
3019 905 3169 976 (46)⁶
3211 906 3262 959 oi
3323 908 3381 960 ὲν
3427 907 3690 980 Αἰγύπτῳ
3748 909 4001 980 σχίσμαὶ

2426 995 2600 1060 ὄντες,
2652 996 2748 1066 οὑχ
2787 996 3018 1066 αἵρεσις,
3067 997 3143 1068 μὴ
3193 998 3582 1070 συνευχόμενοι
3625 1004 3739 1064 τοῖς
3787 1005 3845 1053 ἐν
3891 1005 4013 1064 τοῖς

2425 1086 2682 1156 διωγμοῖς
2730 1088 3200 1158 παραπεπτωκόσι
3221 1089 3270 1142 ιι.
3304 1090 3419 1143 Νῦν
3449 1091 3506 1144 δὲ
3535 1093 3833 1161 ’Λρειανοῖς
3875 1108 4012 1145 συν-

2425 1176 2690 1244 αφθέντες
2721 1173 2760 1231 Ῑ.

2496 1267 2590 1332 ξθθ.
2645 1270 2914 1340 ’Λρειανοὶ
2955 1270 3192 1342 (47),·οί
3259 1274 3351 1326 καὶ
3413 1274 3857 1345 Ἀρειομανῖται,
3907 1278 4014 1330 καὶ

2423 1364 2740 1430 Διατομῖται
2772 1372 2811 1400 ω
2834 1377 2846 1391 ⁸
2880 1363 2929 1414 oi
2961 1363 3052 1415 τὸν
3083 1363 3213 1416 Υίὺν
3247 1365 3342 1417 τοῦ
3383 1364 3520 1417 Θεοῦ
3563 1367 3768 1434 κτίσμα
3810 1365 4014 1433 λέγον-

2422 1468 2535 1515 τες,
2574 1451 2670 1504 καὶ
2717 1453 2778 1505 τὸ
2825 1453 3050 1524 Πνεῦμα
3097 1457 3158 1508 τὸ
3189 1455 3367 1524 ἆγιον,
3410 1457 3619 1528 κτίσμα
3666 1457 4009 1528 κτίσματος.

2426 1546 2605 1613 σάρκα
2653 1542 2816 1611 μόνον
2863 1545 2957 1596 τὸν
3001 1545 3238 1616 Χριστὸν
3283 1547 3391 1600 ἀπὸ
3445 1549 3672 1619 Μαρίας
3719 1547 4011 1617 εἰληφέναι

2423 1632 2922 1703 διαϐεϐαιούμενοι,
2947 1635 3072 1706 οὐχὶ
3100 1635 3157 1688 δὲ
3182 1638 3278 1690 καὶ
3314 1637 3516 1708 ψυχήν.

2421 1803 2608 1864 Αὗται
2639 1809 2746 1863 τοῦ
2782 1809 3286 1933 πέμπτουιτὲμου.
3321 1812 3606 1882 δευτέρου
3633 1813 3701 1867 δὲ
3729 1816 4008 1883 βιϐλίου,

3023 1898 3060 1933 a
3085 1899 3117 1933 ο
3141 1898 3281 1933 ’σειιτ
3320 1890 3384 1933 ε’.

3023 1890 3281 1948 αἱρέσεις
3320 1890 3384 1935 ε’.

2431 1969 2506 2024 Ίὰ
2530 1970 2598 2023 δὲ
2628 1973 2869 2026 ἔνεστιν
2895 1973 2966 2025 ἐν
2997 1972 3308 2096 τῷίπέρώτῳ
3320 1976 3487 2103 ζζόμῳ
3504 1977 3751 2040 βιϐλίου
3774 1979 4006 2045 τρίτου,

3029 2059 3124 2103 ap
3159 2058 3289 2103 σεις
3353 2058 3381 2097 ¹.

3029 2058 3289 2111 αιρεσεις
3320 2058 3381 2103 ς’.

2493 2134 2553 2187 o'.
2591 2133 2839 2187 Αὐδιανοί
2875 2135 2987 2204 (48)
3011 2151 3026 2167 ο
3071 2135 3279 2205 σχίσμα
3325 2137 3419 2189 καὶ
3465 2139 3810 2208 ἁφηνιασμὸς
3837 2149 3902 2203 ιι,
3940 2142 4007 2193 οὐ

2427 2223 2612 2294 μέντοι
2647 2226 2878 2296 αἵρεσις.
2919 2219 3080 2280 Οὗτοι
3112 2227 3392 2298 διαγωγὴν
3435 2229 3535 2299 μὲν
3571 2231 3666 2282 καὶ
3695 2229 3809 2298 βίον
3842 2231 4005 2282 εὐτε-

2420 2317 2692 2387 ταγμένον
2733 2318 3062 2389 κέκτηνταισ
3121 2319 3242 2389 ίσην
3287 2319 3342 2372 δὲ
3395 2321 3534 2373 κατὰ
3584 2322 3765 2373 πάντα
3817 2321 4010 2372 πίστιν

2422 2409 2656 2480 ἔχοντες,
2690 2410 2766 2473 ὡς
2795 2412 2827 2480 ἡ
2858 2409 3120 2480 καθολικὴ
3156 2410 3450 2480 Ἐκκλησία
3476 2429 3489 2441 ·
3527 2413 3586 2464 ὲν
3613 2412 4008 2481 μοναστηρέοις

2422 2501 2470 2552 oi
2526 2500 2744 2563 πλείους
2796 2501 3093 2566 οἰκοῦντες,
3136 2501 3233 2554 καὶ
3283 2501 3343 2553 οὐ
3395 2502 3528 2554 πᾶσι
3587 2502 4003 2572 συνευχόμενοι.

2423 2593 2533 2645 Καὶ
2574 2591 2811 2662 μάλιστα
2853 2596 2964 2656 τοῖς
3003 2593 3346 2664 ἀποκρύφοις
3381 2592 3716 2663 κέχρηνται,
3754 2592 4006 2646 κατακό-

2425 2701 2534 2754 ρως
2558 2684 2821 2753 ψέγοντες
2846 2685 2972 2747 τοὺς
2998 2685 3131 2756 παρ’
3163 2686 3296 2753 ἡμῖν
3329 2686 3664 2747 ἐπισκόπους
3687 2685 4004 2747 πλουσίους,

2421 2775 2514 2827 καὶ
2554 2774 2750 2838 ἄλλους
2785 2776 2867 2838 είς
2904 2774 3058 2829 ἄλλα.
3109 2773 3184 2828 Τὸ
3221 2772 3413 2842 Πάσχα
3469 2774 3524 2826 δὲ
3558 2775 3808 2828 ποιοῦσιν
3864 2774 4004 2827 ibii-

2043 2927 2276 2983 VARIIE
2319 2928 2722 2986 LECTIONES.

817 3082 948 3138 iRe

955 3099 1004 3154 g.
1034 3082 1070 3137 2
1115 3084 1322 3154 σχῆμα.
1399 3084 1428 3154 _k
1462 3083 1597 3154 Cod.
1641 3084 1697 3138 S.
1739 3083 1841 3136 llil.
1883 3085 1978 3137 καὶ
2023 3083 2344 3154 μετανοοῦσι

817 3125 834 3133 -
872 3125 946 3138 ..υ
991 3125 1004 3138 .
1038 3125 1070 3137 -
1116 3125 1141 3136 ν
1190 3125 1199 3135 .
1268 3125 1322 3136 ...
1465 3125 1597 3137 νυν.
1642 3125 1697 3138 ν,
1885 3125 1978 3137 ..ω
2066 3125 2344 3138 -..ηνηη
2505 3125 2640 3142 vv...

746 3125 1022 3224 εκροτήδη
1048 3154 1116 3206 δι’
1139 3125 1310 3222 30‘1th
1351 3152 1567 3227 σύνοδος
1587 3160 1655 3227 λα’,
1675 3125 2067 3227 οἰκουμενικῇΓἰ
2099 3148 2299 3227 -ἀφΪ-ὦν
2327 3155 2665 3227 Ευνομιανοί.

2448 3083 2462 3122 Ῑ
2504 3087 2640 3142 Cod.
2691 3087 2749 3142 S.
2798 3087 2904 3141 llil.
2948 3087 3038 3142 hic
3082 3088 3266 3154 habet,
3304 3090 3516 3158 αἵρεσις
3563 3088 3809 3158 Ἀρείουο
3873 3105 4005 3140 συν-

2751 3170 2790 3196 m
2818 3158 2954 3211 Ibid.
2987 3141 3265 3227 τὸμῖτάιᾟ
3303 3167 3328 3194 n
3359 3141 3513 3226 itegti
3542 3141 3876 3226 ἀφὸινισμός.
3909 3159 4004 3214 Sic

745 3222 902 3280 vetns
933 3222 1034 3278 int.
1067 3224 1458 3278 exterminalio.
1503 3222 1698 3293 Epiph.
1737 3225 1789 3276 in
1826 3222 2060 3276 Pmim'io
2085 3223 2318 3277 Andium
2346 3225 2421 3278 ait
2457 3222 2882 3297 relegatnmﬁti
2910 3228 2968 3280 τὸ
3001 3222 3324 3297 ἀῲηνιάζειν
3349 3222 3533 3292 λαούς.

2247 3341 2478 3399 ΝΟΤᾸΞ.

817 3451 928 3521 (ιθ)
968 3451 1303 3506 Athanasius
1336 3451 1387 3504 in
1429 3450 1708 3520 Apologia,
1736 3469 1787 3520 p.
1829 3453 1925 3506 177
1968 3468 2120 3506 novae
2151 3454 2307 3518 edit.,
2346 3448 2387 3505 C
2423 3439 2580 3521 drina
2605 3439 2928 3521 annuntiasse
2958 3449 3187 3521 narrat:
3222 3440 3302 3521 δῖε
3331 3436 3416 3521 ἦζίς
3444 3442 3523 3521 δέτι
3556 3441 3657 3493 οὖκ
3679 3435 3765 3521 ,ἦν
3794 3445 3822 3494 ὁ
3855 3443 4005 3521 Υἱός.

747 3525 1037 3579 conlirmat
1067 3521 1341 3574 Meletium
1375 3523 1692 3590 m‘nltiplicis
1725 3523 1970 3585 sceleris,
2019 3532 2072 3577 et
2116 3524 2309 3577 immo-

748 3592 972 3647 lationis
1006 3591 1344 3662 convictum,
1380 3605 1410 3642 a
1457 3592 1618 3645 Petro
1657 3592 1950 3645 Alexandr.
1995 3596 2164 3662 gradu
2195 3596 2308 3661 cpi-

749 3662 958 3732 scopali
1007 3660 1276 3729 dejectum
1306 3673 1426 3732 esse
1461 3663 1512 3714 in
1572 3662 1801 3730 synodo,
1840 3664 1892 3715 in
1924 3660 2026 3732 qua
2087 3660 2314 3732 insuper

749 3729 1032 3788 deﬁnitum
1074 3738 1160 3784 est
1207 3731 1289 3796 (ut
1335 3729 1692 3788 Sozomenns.
1731 3733 1824 3784 lib.
1871 3747 1885 3784 ι
1940 3730 2081 3784 Hist.
2126 3749 2176 3786 c.
2217 3729 2314 3797 Η,

750 3802 970 3868 asserit)
1019 3800 1348 3869 baptismum
1399 3815 1426 3850 a
1486 3799 1787 3854 Melotianis
1839 3802 2096 3854 collatum
2154 3802 2310 3856 nihili

752 3870 1081 3925 faciendum.
1125 3869 1287 3922 Addit
1318 3877 1496 3923 tamen
1537 3871 1871 3924 Athanasius
1902 3872 2172 3925 admissos
2207 3872 2314 3925 Mc-

751 3943 986 3996 letianos
1010 3939 1386 4008 ὁπωσδήποτε,
1421 3940 1904 4008 qnontodocunque,
1954 3939 2126 3996 fuisse
2159 3959 2184 3993 ιι
2223 3942 2314 3996 Ni-

750 4025 902 4066 caano
939 4009 1196 4080 concilio,
1230 4010 1378 4080 _\'_elut
1411 4010 1955 4080 seilicetﬂepiscopns
1985 4009 2316 4064 Novatiauo-

749 4096 872 4135 rum
910 4078 1135 4148 perinde
1165 4077 1572 4150 schismaticns.
1613 4077 1980 4150 Nihilominus
2005 4081 2056 4132 in
2084 4083 2313 4150 epistola

751 4147 1050 4222 synodica,
1103 4163 1266 4216 quam
1301 4147 1692 4222 _Thcodot'etus
1740 4148 1909 4222 refert
1969 4151 2062 4202 lib.
2107 4147 2131 4204 ι’
2173 4151 2312 4205 llist.

743 4217 803 4275 (εἰ
839 4221 921 4291 9,-
958 4219 1244 4291 jusserunt
1301 4217 1488 4291 [tatros
1536 4220 1916 4291 μυστικωτέρᾳ
1975 4221 2314 4291 χειροτονίᾳ,

751 4289 1006 4344 sanctiori
1039 4303 1288 4340 manuum
1323 4289 1653 4354 intpositione
1682 4290 1911 4350 initiari,
1953 4300 2220 4358 quotquot
2251 4289 2319 4344 ab

752 4361 834 4414 eis
853 4365 1043 4414 essent
1068 4358 1327 4411 ordinati.
1351 4360 1700 4413 Athanasius
1731 4359 1887 4414 testis
1921 4367 2004 4412 est
2033 4361 2086 4411 in
2120 4362 2331 4426 Apolo-‘

751 4431 839 4498 gia
866 4429 935 4482 ad
967 4426 1207 4480 monach.
1236 4435 1289 4479 et
1320 4428 1481 4495 epist.
1512 4429 1576 4482 ad
1610 4429 1781 4494 solit.,
1813 4427 2128 4483 Meletianos
2159 4429 2322 4482 Clitio

753 4500 948 4554 stiante
977 4498 1239 4551 doctrina:
1269 4499 1454 4557 rudes,
1485 4507 1708 4565 accepta
1737 4499 1987 4566 pecunia,
2031 4499 2096 4550 ad
2135 4514 2314 4552 sacer-

2422 3509 2704 3561 ἀκολουϐεἰ
2740 3526 2798 3560 τε
2843 3509 2900 3573 ἐξ
2947 3511 3208 3580 ἀνάγκης,
3242 3509 3300 3573 ἐξ
3327 3514 3432 3580 9.37.
3461 3510 3629 3561 ὄντων
3677 3509 3824 3580 ἔχειν
3869 3515 4004 3566 ὐπό-

2421 3595 2631 3640 στασιν,
2657 3580 2822 3646 [uisse
2848 3579 3134 3648 aliquando
3173 3596 3289 3632 cum
3317 3578 3491 3633 Filius
3517 3597 3617 3632 non
3654 3578 3792 3643 erat,
3817 3593 3868 3634 et
3890 3585 4007 3638 ideo

2420 3650 2784 3701 exsistcntiam
2835 3665 2947 3702 eum
2997 3649 3242 3703 habuisse
3287 3666 3350 3703 ex
3411 3652 3594 3703 nihilo.
3651 3650 3722 3703 Ut
3787 3653 4007 3707 scilicet

2463 3728 2618 3772 raeter
2649 3719 2876 3772 verbum
2903 3720 3050 3773 intus
3083 3721 3138 3773 in
3174 3732 3354 3774 mente
3389 3721 3572 3772 divina
3609 3722 3810 3784 latens,
3848 3723 4002 3775 aliud

2449 3799 2570 3842 iens
2597 3788 2924 3854 condiderit,
2950 3805 3059 3857 quo
3089 3790 3237 3843 velut
3275 3792 3644 3843 iltsll‘lllllt'lltu
3673 3793 4000 3844 universum

2422 3859 2526 3912 hoc
2563 3859 2880 3927 fabricaret.
2910 3861 3166 3927 quodque
3197 3860 3672 3926 καταχρηστικῶς,
3717 3860 4003 3923 abusione,

2424 3944 2531 3982 non
2564 3928 2804 3997 proprie,
2840 3926 3099 3992 Verbum,
3140 3927 3420 3996 Sapientia
3455 3941 3509 3981 et.
3554 3928 3720 3981 Filius
3750 3929 3999 3988 dicatur,

2423 4014 2547 4050 cum
2575 4013 2743 4066 capax
2777 4000 2995 4052 virtutis
3035 4012 3088 4051 et
3131 3998 3266 4062 vitii,
3307 3998 3641 4053 handsecns
3685 4015 3748 4050 ac
3796 3999 4006 4051 diabo—

2421 4069 2529 4129 lus,
2575 4067 2756 4129 l'uerit,
2800 4082 3009 4136 suoque
3063 4069 3260 4121 merito
3305 4069 3565 4120 meruerit
3595 4077 3653 4119 ut
3698 4066 3873 4122 Filius
3903 4069 4010 4123 Dei

2421 4138 2592 4191 lieret.
2628 4138 2783 4192 Unde
2826 4138 3066 4190 nonnisi
3117 4138 3349 4191 subdole
3391 4137 3763 4190 concedebant
3802 4139 4008 4193 Ariani

2424 4208 2660 4260 Verbum
2696 4208 2916 4275 γνήσιον
2966 4207 3098 4266 υἱὸν,
3132 4208 3412 4274 genuinum
3458 4206 3552 4259 Dei
3592 4205 3796 4258 Filium
3844 4224 4007 4274 eSse,

2421 4285 2475 4330 et
2518 4276 2805 4340 συναῖδιον,
2859 4290 3175 4345 εοωιενιιιιιιι
3213 4275 3406 4338 Patri;
3454 4292 3577 4330 cum
3624 4277 4012 4345 intelligerent

2421 4345 2658 4416 Ycrbnm
2695 4354 2822 4416 ante
2869 4345 3070 4400 factum
3118 4344 3310 4410 fuisse,
3356 4361 3520 4415 quam
3555 4346 3722 4416 ullum
3771 4344 4011 4416 tempus

2421 4413 2690 4486 ﬂuxisset.
2735 4415 2982 4482 Cumque
3028 4417 3237 4469 causati
3287 4413 3477 4486 essent
3506 4430 3563 4468 se
3599 4413 3852 4486 aniani,
3895 4413 4009 4486 _qui

2426 4487 2528 4538 sub
2555 4484 2850 4538 Maximino
2881 4500 3078 4554 passus
3107 4494 3244 4548 erat,
3276 4485 3431 4538 [idem
3458 4486 3642 4554 sequi.
3663 4485 3780 4547 ejus
3806 4484 4010 4540 lam—cn

979 4544 2319 4636 "Sedit;
2350 4544 2394 4596 Ῑ)
2430 4564 2612 4636 postea
2633 4544 2939 4636 .lormula'm
2975 4544 3285 4636 rejecerunt
3313 4555 3361 4606 in
3388 4544 3598 4636 synodo
3629 4544 4007 4636 Seleuciam,

752 4647 885 4692 runt
920 4634 1114 4690 Paires
1151 4634 1377 4697 Nicazni,
1431 4638 1572 4705 quod
1617 4637 1866 4690 Mclelins
1898 4634 2319 4704 _Lcontopolita—

754 4723 860 4762 nus
895 4705 1094 4776 prtesul
1133 4705 1314 4761 varios
1355 4707 1408 4758 in
1453 4705 1689 4776 Egypto
1733 4708 2020 4776 episcopos
2055 4718 2315 4776 creasset,

753 4775 970 4832 cum’ex
1003 4775 1186 4845 prisca
1207 4775 1604 4830 consuetudine
1629 4777 1814 4830 nullus
1836 4778 1974 4830 alter
2003 4775 2056 4828 in
2085 4775 2320 4845 Aﬂgypto

751 4845 1118 4914 metropolitte
1147 4845 1366 4914 juribns
1420 4845 1713 4911 frueretur,
1763 4855 1960 4914 praeter
1997 4846 2320 4900 Alexandri-

754 4931 908 4971 num.
929 4915 1085 4970 Unde
1113 4929 1322 4969 canone
1339 4915 1392 4978 6,
1415 4927 1733 4977 sanxerunt,
1755 4924 1815 4967 ut
1845 4915 1999 4983 juxta
2027 4916 2316 4984 pristinum

753 4999 961 5041 morem
994 4986 1163 5056 _solus
1207 4985 1954 5056 Alexandrinusepiscopus
2002 4999 2098 5056 per
2149 4984 2318 5056 [Egy-

758 5065 936 5124 ptum,
992 5053 1239 5125 Libyam,
1273 5065 1325 5109 et
1369 5053 1728 5122 Pentapolim,
1771 5053 2114 5122 metropolita
2151 5053 2315 5109 habe-

753 5123 928 5187 i'etur,
959 5140 1017 5179 eo
1065 5123 1228 5192 parili
1276 5125 1429 5179 modo
1459 5140 1568 5193 quo
1616 5125 1894 5178 Romanus
1933 5139 2030 5193 per
2065 5125 2316 5192 regiones

754 5194 1184 5259 suburbicarias,
1227 5195 1435 5249 Italiam
1471 5195 1681 5249 scilicet
1722 5209 1937 5248 omnem
1981 5196 2200 5262 (praeter
2229 5195 2318 5248 Ci-

752 5263 1065 5334 salpinam),
1110 5263 1376 5323 Siciliam,
1424 5273 1476 5318 et
1525 5265 1828 5319 Corsicam.
1869 5264 2186 5318 Meletianos
2225 5281 2315 5318 ve-

753 5335 904 5388 niam
965 5335 1136 5404 lapsis
1176 5336 1478 5403 denegasse
1531 5335 1670 5403 apud
1739 5334 2102 5403 Epiphaniam
2139 5334 2315 5387 solum

755 5404 954 5475 reperi.
994 5404 1366 5475 'l‘heodoretus
1403 5405 1513 5459 illis
1543 5404 1732 5475 semel,
1769 5415 1933 5472 atque
1984 5404 2182 5475 iterum
2217 5404 2317 5475 im-

754 5474 946 5543 pingit,
983 5473 1129 5544 quod
1165 5477 1571 5545 purilicationes
1618 5474 1950 5545 Judaeurnm
1968 5479 2023 5527 et
2075 5473 2308 5526 Samari-

752 5542 1438 5608 tanOrninaemularentur,
1459 5554 1514 5600 et
1541 5546 1680 5599 inter
1712 5542 2049 5613 psallendum
2080 5545 2312 5598 choreas

754 5622 996 5669 auerent.

791 5629 1292 5752 Βῗῖξῗιλιελιιῐιᾶοιο
1342 5685 1607 5740 Alexand.
1650 5685 1702 5737 in
1744 5685 1973 5752 epistola
2038 5684 2311 5753 encyclica

753 5755 900 5823 apud
932 5754 1209 5809 Socratem
1236 5756 1330 5810 lib.
1365 5772 1377 5808 ι
1414 5757 1551 5809 Hist.
1585 5772 1633 5808 c.
1672 5756 1724 5814 5,
1761 5758 1840 5808 sic
1873 5756 2056 5807 Arium
2089 5770 2311 5807 sensum

755 5824 916 5879 s'uum
941 5831 1006 5880 de
1037 5825 1230 5890 Verbo,
1271 5842 1363 5881 seu
1401 5827 1539 5880 Filio
1574 5827 1684 5892 Dei,
1720 5828 1772 5879 in
1807 5825 2044 5878 Ecclesia
2079 5825 2307 5878 Alexan-

2430 4623 2645 4678 tametsi
2679 4639 2798 4677 eam
2825 4625 2878 4677 in
2906 4624 3251 4677 Autiocltcna
3272 4623 3699 4692 promulgarant.
3729 4623 3800 4677 Ut
3825 4639 4016 4692 porro

2429 4693 2664 4747 Verbum
2693 4707 2812 4747 esse
2841 4706 3082 4747 creatum
3103 4701 3156 4747 et
3186 4694 3475 4746 mutationi
3507 4693 3805 4746 obnoxium
3839 4698 4011 4747 σει-ιιι.

2426 4771 2648 4824 cercnt,
2696 4762 2750 4815 in
2805 4764 3094 4831 ipsammet
3143 4763 3265 4830 ejus
3317 4763 3579 4817 deitatem
3625 4759 4018 4818 refundehant

2425 4833 2666 4896 dolores,
2698 4847 2835 4900 quas
2862 4844 2920 4885 ut
2944 4832 3105 4884 homo
3127 4832 3417 4903 pertulisse
3436 4832 3706 4903 creditur;
3747 4831 4019 4903 illudque

2425 4903 2624 4956 annua:
2654 4905 2769 4973 loco
2791 4903 3044 4972 junctum
3081 4917 3202 4956 esse
3233 4901 3385 4956 carui
3413 4919 3426 4954 :
3454 4901 3598 4973 quod
3624 4903 3792 4973 etiam
3827 4901 4019 4973 caput

2424 4973 2632 5040 erroris
2671 4987 2700 5025 a
2751 4970 2993 5025 Luciano
3048 4979 3332 5040 acceptum
3386 4970 4017 5040 scribitiEpiphaui'us.

2428 5039 2530 5112 _S_ed
2561 5051 2615 5095 et
2647 5041 2891 5110 jejunius
2919 5041 2986 5096 de
3016 5039 3224 5109 Spiritu
3255 5049 3446 5112 sancto
3471 5039 3803 5112 sentiebant.
3836 5043 4018 5112 Apud

2426 5109 2814 5182 Hieronymum
2882 5112 2937 5164 in
2997 5125 3120 5177 cap.
3167 5125 3239 5164 vn
3285 5109 3444 5174 Osee,
3473 5109 3564 5163 ubi
3613 5109 3912 5182 castitatis
3962 5123 4022 5168 et

2424 5176 2702 5248 pudicitia:
2741 5176 3089 5236 simulatores
3125 5183 3204 5233 sic
3237 5189 3614 5239 recensentur,
3651 5176 4014 5238 Maniclutus

2423 5261 2472 5303 et
2500 5249 2762 5314 Marcion,
2791 5252 2948 5304 Arius
2970 5257 3018 5302 et
3042 5249 3321 5320 Tatianus,
3353 5259 3484 5312 etc.,
3519 5250 3810 5320 legendum
3843 5267 4022 5320 puto,

2424 5322 2613 5374 Acrius
2639 5332 2688 5374 et
2721 5321 3002 5375 Tatianus.
3038 5319 3111 5374 De
3145 5320 3310 5373 Aerio
3338 5319 3555 5373 dicetur
3588 5318 3757 5372 infra.

2497 5391 2608 5460 (48)
2652 5391 2832 5453 Audii,
2877 5389 3108 5458 ejusque
3151 5389 3466 5460 schismatis
3499 5389 3751 5460 meminit
3800 5402 4024 5457 prater

2424 5457 2810 5531 Epiphanium,
2847 5476 2876 5514 e
2905 5457 3130 5524 Graecis,
3169 5457 3577 5531 Theodoretds,
3623 5457 3717 5511 lib.
3754 5472 3809 5510 tv
3851 5465 4020 5515 Her.

2426 5529 2545 5599 [αις
2577 5546 2696 5600 cap.
2761 5532 2845 5594 l5,
2895 5540 2949 5583 et
2993 5531 3135 5584 Hist.
3180 5529 3276 5582 lib.
3325 5544 3358 5600 ν
3390 5543 3512 5598 cap.
3551 5529 3617 5590 9,
3676 5539 3852 5600 atque
3913 5534 4025 5588 hoc

2425 5603 2602 5672 solum
2629 5599 2803 5663 addit,
2835 5608 3057 5668 putasse
3079 5614 3173 5652 eos
3195 5599 3450 5672 tenebras
3487 5611 3708 5672 aquam,
3734 5607 3793 5672 et
3819 5599 4020 5672 ignem

2425 5687 2454 5724 a
2488 5671 2595 5723 Deo
2631 5672 2770 5726 iacta
2803 5685 2912 5724 non
2951 5684 3109 5737 esse;
3142 5669 3289 5739 quod
3321 5675 3500 5722 tamen
3535 5668 3874 5740 diligentius
3907 5689 4022 5728 c2-

2425 5743 2619 5796 larent.
