4198 6492
249 422 356 483 733

1420 425 1515 482 DE
1550 422 1991 483 HERESIBUS
2024 423 2275 481 LIBER.

3312 422 3412 482 736

250 543 341 588 νος
366 528 603 582 τοιούτου
626 530 833 599 θηρίου,
869 529 955 580 διὰ
991 528 1087 595 τῆς
1120 528 1420 597 προσευχῆς
1443 528 1788 596 ἐξελαυνομέ-

1820 535 1865 590 Α
1895 529 2016 595 inae,
2053 530 2315 581 orationis
2364 528 2415 580 vi
2465 528 2780 595 expellatur,
2814 542 2874 580 ac
2908 542 2999 595 per
3028 542 3212 595 preces
3244 532 3413 578 sensi-

248 634 370 685 νης,
397 619 488 670 καὶ
514 620 777 688 αἰσθητῶς
796 618 884 670 διὰ
911 618 1016 669 τῶν
1055 618 1365 685 προσευχῶν
1386 618 1629 684 ἐξιούσης
1649 634 1662 648 ·
1696 616 1788 669 τοῦ

253 692 563 775 Πνεύματος
599 706 655 758 δὲ
683 706 774 757 τοῦ
817 705 971 771 ἁγίου
1002 706 1161 756 πάλιν
1183 705 1279 772 τὴν
1302 704 1501 757 εἴσοδον
1522 704 1790 772 αἰσθητῶς

250 791 632 852 ὑποδέξωνται,
659 792 754 844 καὶ
777 792 1012 859 φανερὰν
1038 793 1093 841 ὲν
1121 793 1186 859 τῇ
1219 790 1361 858 ψυχῇ
1386 790 1577 859 ἔχωσιν
1606 792 1788 859 αἴσθη-

248 895 337 931 σιν
358 879 457 947 τῆς
497 879 698 931 εἰσόδου
753 879 848 931 τοῦ
885 877 1215 947 Πνεύματος.
1264 880 1372 931 Καὶ
1422 880 1626 946 ταύτην
1654 877 1789 931 εἶναι

242 968 349 1036 τήν
384 966 644 1036 ἀληθινὴν
668 966 775 1019 τῶν
800 967 1135 1037 Χριστιανῶν
1166 967 1441 1021 κοινωνίαν
1463 985 1475 998 ·
1527 968 1645 1020 οὐδὲ
1684 968 1789 1036 γὰρ

246 1058 307 1109 ἐν
328 1046 412 1126 λτῷ
445 1056 777 1125 βαπτίσματι
803 1057 900 1125 τῆς
924 1056 1230 1126 ἐκκλησίας,
1261 1056 1295 1124 ἢ
1320 1060 1434 1117 ταῖς
1458 1056 1561 1108 τῶν
1594 1056 1694 1123 κλη
1710 1073 1789 1124 ρι-

249 1145 363 1197 κῶν
381 1146 721 1216 χειροτονίαι,
749 1147 922 1223 ἁγίου·
939 1145 1075 1199 Πνεύ
1084 1162 1247 1214 ματος
1278 1148 1490 1208 πάντως
1517 1146 1783 1214 μεταλαμ-

246 1235 433 1288 ϐάνειν
456 1239 580 1299 τοὺς
615 1236 1055 1306 βαπτιζομένους,
1084 1238 1130 1288 εί
1158 1237 1230 1305 μή
1260 1238 1380 1297 ταῖς
1413 1236 1589 1289 αὐτῶν
1622 1253 1786 1305 προσ-

247 1327 437 1393 ευχαῖς
488 1324 909 1394 φιλοπονώτερον
940 1325 1333 1392 κοινωνήσοιεν,
1387 1324 1481 1377 καὶ
1512 1324 1693 1378 λαϐεῖν
1726 1324 1789 1376 ἄν

245 1429 373 1466 τινα
406 1415 497 1467 καὶ
528 1414 647 1483 δίχα
673 1414 765 1467 τοῦ
801 1414 1191 1484 βαπτίσματος,
1230 1415 1323 1466 τοῦ
1356 1414 1508 1481 ἁγίου
1539 1414 1789 1484 Πνεύμα-

242 1516 343 1563 τος
374 1502 674 1565 κοινωνίαν,
705 1504 752 1554 εί
773 1503 1103 1571 παραμένειν
1147 1501 1326 1564 αὐτοῖς
1361 1501 1650 1570 ἐθελήσειε,
1699 1502 1790 1553 καὶ

234 1589 364 1652 τοῖς
382 1590 602 1641 ἐκείνων
634 1589 1028 1658 μαθητεύεσθαι
1056 1590 1315 1658 δόγμασιν
1339 1607 1351 1621 ·
1391 1590 1467 1652 ὼς
1496 1590 1589 1642 καὶ
1620 1606 1787 1659 πρεσ-

240 1676 493 1749 ϐυτέρων
525 1678 782 1732 είπόντων
816 1680 995 1741 αὐτοῖς
1017 1718 1032 1743 ,
1060 1679 1241 1731 ὅτιἘν
1272 1678 1448 1730 πίστει
1475 1679 1536 1730 τὸ
1567 1678 1785 1746 Πνεῦμα

242 1768 311 1819 τὸ
344 1768 495 1836 ἅγιον
520 1767 879 1838 ὁμολογοῦμεν
900 1767 1061 1835 ἔχειν,
1090 1769 1181 1820 καὶ
1202 1752 1305 1819 οὐκ
1327 1768 1593 1836 αἰσθήσει,
1622 1770 1790 1833 ἐπαγ-

1892 617 1982 668 bili
2048 617 2208 669 modo
2284 617 2557 680 discedat;
2626 619 2924 682 ingressum
2995 630 3121 667 vero
3181 615 3414 680 Spiritus

1890 706 2065 757 sancti
2123 719 2286 758 sensu
2338 720 2552 771 quoque
2604 706 2719 771 ipso
2779 704 3153 768 suscipientes.
3211 704 3415 768 perspi-

1889 808 2050 846 cuum
2074 796 2255 846 animo
2284 794 2548 862 ejusmodi
2594 794 2873 861 ingressus
2905 808 3122 846 sensum
3157 792 3384 842 habeant
3417 810 3431 853 ς

1890 872 2134 949 hancque
2180 897 2359 935 veram
2410 896 2535 935 esse
2586 881 3017 935 Christianorum
3082 880 3433 933 communit)-

1889 966 2031 1023 n'em.
2073 969 2179 1024 Nec
2216 972 2358 1025 enim
2390 986 2482 1039 per
2502 972 2852 1039 baptismum,
2894 985 2989 1022 nec
3040 984 3133 1035 per
3165 982 3431 1021 niautttutn

1889 1061 2211 1114 clericorum
2279 1062 2699 1129 impositionem,
2772 1062 2881 1112 ullo
2948 1060 3106 1111 modo
3186 1058 3432 1125 Spiritus

1888 1153 2065 1215 sancti
2118 1151 2408 1218 participes
2462 1150 2599 1210 ﬁeri,
2659 1150 2750 1217 qui
2802 1149 3069 1216 baptismo
3121 1148 3431 1214 tinguntur,

1890 1240 1994 1292 nisi
2047 1240 2368 1292 assiduitate
2426 1239 2619 1306 majori
2670 1239 3006 1291 orationibus
3058 1237 3429 1290 incubuerint.

1889 1327 2030 1391 Quin
2079 1328 2240 1381 etiam
2295 1327 2412 1380 sine
2475 1327 2742 1395 baptismo
2817 1326 3112 1393 quemlibet
3187 1324 3435 1390 Spiritus

1888 1416 2064 1468 sancti
2127 1416 2439 1484 participem
2502 1415 2614 1466 fieri
2677 1429 2856 1481 posse,
2910 1415 3069 1465 modo
3104 1410 3244 1479 apud
3287 1413 3433 1479 ipsos

1889 1515 2237 1570 perseverare
2291 1500 2545 1562 voluerit,
2609 1513 2817 1568 suaque
2884 1498 3128 1551 doctrina
3186 1497 3434 1551 imbutus

1889 1588 2054 1642 fuerit
2087 1607 2097 1640 :
2136 1600 2194 1641 ut
2220 1604 2341 1642 cum
2377 1589 2680 1657 presbyteri
2720 1586 2937 1654 quidam
2994 1586 3265 1638 dixissent.
3310 1586 3431 1637 eis:

1888 1692 1983 1731 nos
2014 1678 2274 1746 Spiritum
2323 1686 2572 1730 sanctum
2618 1691 2716 1745 per
2763 1676 2916 1727 fidem
2970 1674 3154 1727 haberi
3210 1674 3435 1726 confite-

1890 1782 2029 1831 mur,
2056 1781 2163 1820 non
2203 1781 2331 1820 vero
2359 1780 2458 1833 per
2492 1780 2744 1828 sensum;
2786 1764 2887 1832 ipsi
2925 1762 3169 1831 polliceri
3206 1762 3434 1814 minime

246 1826 530 1923 γείλασθαι
554 1826 658 1921 ’καὶ
690 1826 893 1921 αὐτοῖς,
1033 1826 1129 1925 τῆς
1161 1857 1255 1909 σὺν
1288 1826 1788 1927 αὐτοῖς’προσευχής

1820 1826 1863 1886 Β
1891 1826 2277 1917 dubitaverint,
2322 1826 2436 1909 illis
2466 1871 2684 1925 quoque
2717 1826 2957 1922 Spiritus
2983 1868 3206 1908 sensum
3243 1855 3430 1906 datum

252 1946 709 2016 μεταδοθήσεσθαι
728 1946 827 2012 τῆς
854 1945 1149 2015 αἰσθήσεως
1169 1945 1261 1997 τοῦ
1292 1946 1620 2015 Πνεύματος.
1658 1948 1792 1998 Τοσ-

245 2034 404 2098 οῦτος
430 2035 486 2087 δέ
535 2037 678 2087 ἐστιν
728 2034 905 2087 αὐτῶν
934 2034 1032 2103 τῆς
1068 2034 1377 2096 ἀλαζονείας
1425 2036 1454 2086 ὁ
1504 2033 1687 2101 τῦφος,
1719 2035 1794 2097 ὼς

245 2125 377 2186 τοὺς
427 2124 788 2193 μετασχόντας
820 2124 947 2192 παρ’
972 2122 1149 2184 αὐτοῖς
1195 2122 1352 2191 δῆθεν
1379 2123 1479 2190 τῆς
1505 2123 1598 2175 τοῦ
1628 2122 1805 2175 Ilvati-~

250 2229 421 2283 ματος
456 2212 752 2282 αἰσθήσεως
805 2211 1195 2281 μακαρίζεσθαι
1239 2211 1329 2263 ὑπ’
1373 2214 1571 2274 αὐτῶν,
1609 2215 1683 2275 ὡς
1707 2231 1795 2267 τε-

245 2301 427 2364 λείους
465 2301 558 2353 καὶ
582 2291 759 2369 πάσης
782 2302 1050 2370 άμαρτίας
1082 2300 1412 2368 ἐλευθέρους,
1442 2304 1533 2353 καὶ
1556 2302 1795 2369 κρείττοο

246 2406 372 2453 νας,
407 2390 512 2469 καὶ,
533 2390 829 2462 περιέπειν,
861 2390 955 2442 καὶ
987 2389 1255 2452 σέϐεσθαι,
1287 2390 1359 2452 ὡς
1399 2392 1471 2461 μὴ
1502 2372 1792 2459 ὑποκειμέ-

248 2493 377 2539 νους
408 2476 488 2529 ἐτι
536 2477 798 2538 κινδύνοις
848 2476 1135 2545 ἁμαρτίας.
1177 2475 1335 2527 Ἀλλὰ
1381 2476 1563 2529 λοιπὸν
1594 2476 1792 2538 ἄνεσιν,

248 2567 350 2620 καὶ
391 2566 691 2636 βρωμάτων
720 2564 921 2628 ἄδειαν,
978 2566 1069 2617 καὶ
1098 2566 1276 2617 πᾶσαν
1319 2565 1580 2632 ὑπάρχειν
1618 2565 1794 2626 αὐτοῖς

248 2640 599 2724 δορυφορίαν,
640 2652 730 2704 καὶ
761 2652 942 2721 τιμήν,
986 2652 1079 2704 καὶ
1108 2651 1333 2721 τρυφὴν,
1370 2646 1443 2715 ὧν
1473 2652 1655 2705 πολλοὶ
1704 2654 1795 2704 καὶ

210 2778 213 2781 -
250 2742 397 2812 μετὰ
435 2741 530 2810 τὴν
558 2739 810 2808 τοιαύτην
855 2743 981 2808 παρ’
1013 2741 1190 2802 αὐτοῖς
1230 2742 1527 2809 μαρτυρίαν
1575 2742 1672 2806 τῆς
1707 2758 1793 2793 τε-

247 2829 524 2899 λειότητος
544 2832 621 2891 είς
639 2830 766 2890 τοὺς
794 2830 947 2891 ἐκτὸς
974 2830 1149 2892 ὄντας,
1169 2832 1261 2881 καὶ
1289 2828 1410 2881 οὔτε
1444 2831 1795 2899 Χριστιανοὺς

246 2919 751 2989 προσαγορεύεσθαι
778 2919 959 2982 ἀξίους
996 2922 1039 2980 ε,
1078 2919 1479 2988 αἰσχρουργίαις
1500 2918 1791 2988 διαφόροις,

250 3009 351 3064 καὶ
385 3010 675 3079 χρημάτων
715 3009 958 3074 κλοπαῖς,
987 3010 1077 3061 καὶ⁵
1110 3008 1380 3079 πορνείαις
1415 3008 1793 3077 περιπεσόντες

246 3096 528 3166 ὤφθησαν.

320 3297 497 3349 Πολλά
535 3298 589 3351 δὲ
624 3298 718 3351 καὶ
763 3298 924 3367 ἕτερα
979 3297 1111 3367 πρὸς
1143 3298 1255 3358 τοῖς
1285 3296 1588 3365 εἰρημένοις
1631 3311 1794 3364 τερα-

246 3381 519 3449 τεύονται,
551 3387 624 3449 ὡς
662 3388 753 3439 καὶ
798 3389 1007 3456 γάμους
1051 3385 1342 3453 ὲνθέσμους
1386 3382 1793 3451 ἀδιαφορώτατα

245 3473 486 3531 διαλύειν
504 3458 726 3542 αὐτοὺς,
753 3477 848 3527 καὶ
879 3475 1004 3537 τοὺς
1033 3474 1139 3525 τῶν
1160 3474 1351 3540 γάμων
1377 3473 1789 3541 ἀφισταμένους,

244 3568 324 3632 ὡς
372 3568 615 3639 ἁσκητὰς
661 3554 1171 3639 προσλαμϐάνεσθαι
1201 3567 1294 3617 καὶ
1329 3564 1670 3633 μακαρίζειν,
1702 3566 1794 3616 καὶ

246 3660 493 3728 πατέρας
525 3658 616 3709 καὶ
649 3656 891 3727 μητέρας
923 3655 1304 3723 τεκνοτροφίας
1334 3653 1549 3722 ἀμελεῖν
1584 3652 1793 3705 πείθου-

247 3764 356 3810 σιν,
380 3748 558 3810 αὗτοῖς
584 3746 639 3799 δὲ
672 3745 1057 3814 προσκομίζειν
1078 3744 1251 3796 πάντα
1270 3743 1643 3811 κατεπᾴδουσι.
1666 3742 1792 3794 Δού-

244 3838 371 3899 λους
395 3837 450 3889 δὲ
478 3836 750 3888 δεσποτῶν
771 3835 1257 3904 ἀποδιδράσκοντας
1289 3832 1517 3901 ἑτοίμως
1559 3832 1794 3901 παραδέο

246 3941 451 3995 χονται,
483 3925 576 3977 καὶ
601 3924 1161 3992 τοὺςάμαρτάνοντας
1179 3960 1192 3983 ,
1221 3921 1311 3972 καὶ
1340 3922 1521 3982 αὐτοῖς
1544 3916 1793 3989 προσιόν·

242 4030 345 4075 τας
373 4014 501 4067 ἄνευ
547 4012 757 4079 καρποῦ
788 4028 930 4072 τινος
961 4009 1263 4079 μετανοίας,
1317 4010 1441 4061 ἄνευ
1483 4008 1668 4076 ἱερέως
1696 4009 1791 4061 αὑ-

240 4100 508 4165 θεντείας,
545 4101 673 4153 ἄνευ
699 4099 915 4168 βαθμῶν
944 4099 1049 4150 τῶν
1077 4100 1186 4159 τοῖς
1233 4097 1418 4149 κανόσι
1458 4100 1567 4159 τοῖς
1597 4097 1790 4167 ἐκκλη-

244 4192 542 4251 σιαπικοίς
567 4189 1023 4258 διηγορευμένων,
1044 4189 1268 4256 τάχιστα
1290 4186 1568 4255 καθαίρειν
1596 4187 1791 4249 παντὸς

240 4277 634 4345 ἁμαρτήματος
659 4276 1098 4343 ἐπαγγέλλονται,
1128 4275 1283 4343 μόνον
1307 4275 1359 4326 εῐ
1387 4291 1468 4335 τις
1502 4275 1598 4344 τήν
1631 4276 1790 4326 πολυὶ-

236 4366 537 4435 θρύλλητον
570 4366 743 4417 αὐτῶν
764 4366 1064 4435 προσευχὴν
1094 4363 1222 4433 παρ’
1257 4364 1434 4425 αὐτοῖς
1471 4364 1785 4433 μελετήσας,

1893 1945 1985 2006 iri,
2020 1945 2066 1998 si
2114 1960 2238 1997 cum
2271 1944 2407 2012 ipsis
2452 1959 2610 1997 orare
2656 1944 2845 1997 velint.
2894 1942 3069 1995 Tanta
3116 1948 3297 1994 autem
3345 1956 3436 1993 co-

1890 2048 2014 2087 rum
2046 2043 2131 2089 est
2163 2035 2497 2103 arrogantia,
2530 2044 2587 2087 ut
2611 2047 2704 2087 eos
2731 2034 2824 2100 qui
2856 2032 2996 2101 apud
3033 2032 3180 2099 ipsos
3211 2045 3431 2086 sensum

1893 2123 2043 2177 illum
2080 2123 2323 2193 Spiritus
2369 2124 2547 2177 sancti
2595 2124 2957 2193 perceperint,
3004 2124 3190 2176 beatos
3236 2121 3433 2189 prtedi-

1893 2222 2039 2275 Cettt,
2076 2214 2238 2266 veluti
2270 2212 2575 2281 perfectos,
2626 2221 2681 2264 et
2718 2212 2786 2264 ab
2818 2212 2965 2264 omni
3018 2211 3177 2278 culpa
3209 2210 3428 2268 liberos.

1892 2310 2227 2370 peccatoque
2275 2302 2613 2369 superiores.
2650 2298 2897 2367 Tumque
2944 2300 3079 2350 adeo
3127 2298 3272 2349 omni
3308 2299 3432 2349 illos

1894 2388 2076 2442 studio
2119 2389 2324 2450 colunt,
2385 2389 2795 2455 honoribusque
2858 2394 3280 2454 prosequuntur,
3334 2400 3431 2437 ceu

1894 2478 2025 2531 nulli
2070 2477 2183 2544 jam
2234 2477 2504 2531 obnoxios
2548 2477 2755 2545 peccati
2797 2476 3060 2543 periculo,
3093 2490 3265 2543 eoque
3311 2489 3433 2542 per-

1897 2550 2147 2621 fectionis
2176 2581 2513 2635 progressos,
2537 2573 2596 2619 ut
2622 2565 2733 2633 jam
2769 2565 2915 2618 omni
2948 2565 3278 2618 relaxatione
3302 2562 3430 2627 frui,

1897 2658 2187 2726 exquisitis
2220 2657 2362 2711 vesci
2397 2657 2555 2718 cibis,
2611 2656 2893 2727 splendido
2946 2656 3205 2708 comitatu
3260 2663 3433 2705 tume-

1895 2762 2068 2811 scere,
2110 2747 2432 2815 deliciisque
2479 2745 2729 2798 omnibus
2761 2754 2877 2797 tuto
2922 2744 3080 2812 plane
3130 2742 3265 2794 allici
3309 2756 3433 2809 pos-

1895 2836 2023 2889 sint.
2057 2834 2262 2888 Horum
2297 2844 2473 2887 autem
2527 2834 2704 2895 multi,
2762 2834 2852 2884 tali
2904 2841 3125 2899 accepto
3171 2831 3307 2898 apud
3339 2844 3434 2883 eos

1896 2923 2238 2992 perfectionis
2267 2923 2599 2985 testimonio,
2649 2937 2770 2975 cum
2824 2922 3096 2974 extraneis
3131 2923 3300 2988 (quos
3336 2932 3433 2971 nec

1892 2995 2326 3066 Christianorum
2367 3010 2586 3065 nomine
2627 3010 2820 3079 dignos
2853 3010 3112 3077 censent)
3144 3007 3434 3077 aliquando

1820 3129 1862 3185 ο
1895 3099 2171 3166 degentes,
2227 3100 2281 3152 in
2328 3099 2478 3152 varia
2523 3100 2757 3153 obscena
2808 3098 3027 3167 flagitia,
3082 3098 3432 3166 pecuniarum

1894 3188 2056 3253 furta,
2088 3199 2142 3244 et
2169 3190 2556 3245 fornicationes
2589 3191 2825 3244 incidere
2852 3190 3167 3258 deprehensi
3210 3197 3358 3241 sunt.

1937 3301 2094 3369 ,ω’
2128 3300 2286 3352 Plura
2339 3315 2555 3368 quoque
2598 3306 2843 3367 portenta
2892 3300 3424 3353 comminiscuntur:

1894 3404 2015 3440 nam
2064 3399 2117 3441 et
2162 3388 2435 3457 legitimas
2481 3389 2697 3456 nuptias
2731 3388 2879 3442 nulla
2914 3403 3138 3457 prorsus
3165 3389 3229 3440 de
3267 3402 3429 3439 causa

1894 3478 2178 3539 dirimunt,
2212 3486 2264 3529 et
2308 3492 2401 3530 eos
2444 3478 2533 3545 qui
2570 3463 2897 3544 a'conjug'io
2947 3485 3313 3535 recesserunt.
3344 3490 3429 3526 ve-

1895 3568 1973 3620 lut
2013 3566 2305 3620 monachos
2346 3566 2637 3634 recipiunt,
2683 3578 2745 3618 ac
2786 3566 2967 3619 beatos
3019 3565 3288 3633 jactitant.
3333 3563 3431 3616 Pa-

1894 3656 2142 3711 rentibus
2186 3664 2443 3709 auctores
2491 3646 2637 3715 sunt,
2684 3664 2741 3705 ut
2785 3653 3099 3707 alendorum
3137 3655 3428 3705 liberorum

1888 3760 2076 3797 curam
2132 3745 2424 3809 emittant;
2467 3760 2672 3812 eosque
2708 3755 2763 3796 ιιι
2794 3744 2973 3795 omnia
3007 3758 3104 3795 sua
3140 3744 3279 3809 ipsis
3301 3742 3428 3799 alle-

1891 3842 2034 3895 rant,
2070 3833 2381 3887 dementare
2422 3842 2640 3887 norunt.
2692 3833 2889 3886 Servos
2923 3848 2951 3884 a
2985 3833 3217 3886 dominis
3244 3833 3429 3900 profu-

1893 3937 1986 3989 gos
2017 3922 2155 3974 ultro
2184 3922 2459 3990 excipiunt
2491 3940 2503 3973 :
2551 3923 2671 3975 illos
2712 3921 2951 3989 itemqui
2982 3922 3146 3974 variis
3182 3921 3427 3972 crimini-

1893 4012 1994 4065 bus
2045 4011 2266 4064 obnoxii
2319 4011 2382 4063 ad
2435 4026 2494 4064 se
2540 4010 2878 4077 confugiunt,
2921 4010 3069 4061 nullo
3104 4010 3430 4077 pmnitcntite

1891 4102 2033 4155 edito
2082 4101 2282 4165 fructu,
2334 4102 2479 4153 nulla
2530 4102 2868 4155 sacerdotum
2938 4102 3261 4152 auctoritate
3314 4116 3429 4150 ιιιιι-

1891 4192 2008 4252 niti,
2042 4191 2187 4242 nulla
2240 4190 2427 4243 habita
2481 4192 2691 4243 ratione
2742 4192 3027 4258 graduum,
3081 4206 3216 4257 quos
3257 4191 3426 4242 eccle—

1891 4282 2096 4336 siastici
2131 4295 2378 4334 canones
2421 4280 2808 4348 paenitentibus
2858 4280 3238 4347 praescribunt,
3280 4279 3426 4331 omni

1892 4389 1949 4425 se
1997 4372 2177 4423 statim
2239 4370 2443 4437 peccati
2502 4370 2622 4422 labe
2674 4368 3031 4423 mundaturos
3084 4370 3425 4437 pollicentur;

239 4434 455 4523 μύστης
486 4454 686 4523 σχέδιος
716 4434 817 4522 τῆς
854 4453 1069 4505 ἐκείνων
1116 4450 1337 4510 κυσείας
1375 4452 1400 4489 h
1429 4451 1654 4516 γένοιτο.
1688 4453 1782 4513 Ὣς

1820 4434 1862 4487 D
1890 4462 2045 4515 modo
2075 4463 2195 4529 quis
2240 4434 2500 4527 iactatam
2542 4466 2708 4512 toties
2757 4458 3052 4512 orationem
3084 4434 3245 4526 apud
3282 4459 3428 4525 ipsos

230 4560 390 4623 τινας
416 4544 522 4596 τῶν
550 4546 803 4597 τοιούτοιν
850 4542 954 4612 πρὸ
988 4541 1085 4610 τῆς
1114 4539 1428 4606 ἀπαλλαγῆς
1460 4540 1567 4590 τῶν
1605 4540 1778 4608 αμαρο

234 4631 498 4701 τημάτων
523 4632 674 4696 ἄγειν
700 4630 893 4692 αὐτοὺς
922 4632 997 4691 είς
1026 4628 1297 4698 κληρικῶν
1326 4627 1670 4695 χειροτονίας,
1697 4626 1780 4678 δο-

234 4721 411 4789 λερῶς
437 4720 711 4790 πείθοντες
751 4718 877 4780 τοὺς
901 4718 1223 4777 ἐπισκόπους
1255 4716 1545 4766 ἐπιτιθέναι
1597 4719 1779 4783 χεῖρας

232 4812 439 4871 αὐτοῖς,
460 4812 526 4879 τῇ
561 4807 578 4847 ί
600 4809 747 4867 παρὰ
761 4808 867 4859 τῶν
885 4807 1246 4875 νομιζομένων
1263 4807 1391 4873 παρ’
1416 4806 1592 4867 αὐτοῖς
1615 4807 1780 4873 ἀσκη-

228 4898 343 4952 τῶν
384 4900 652 4967 μαρτυρίᾳ
699 4896 1130 4964 δελεαζομένους.
1175 4894 1339 4947 Τοῦτο
1362 4894 1415 4946 δὲ
1456 4894 1778 4957 σπουδάζουο

202 5004 337 5050 η-σιν,
360 4987 458 5054 ούχ
477 4987 550 5048 ὼς
578 4987 700 5047 τοὺς
729 4985 837 5036 τῶν
862 4986 1130 5054 κληρικῶν
1168 4983 1404 5051 βαθμοὺς
1434 4984 1640 5052 τιμίους
1663 4986 1784 5053 κρί-

230 5090 435 5136 νοντες,
451 5075 502 5125 οἴ
528 5090 589 5139 γε
614 5075 703 5125 καὶ
728 5073 904 5137 αὐτῶν
934 5073 1037 5123 τῶν
1055 5073 1362 5123 ἐπισκόπων
1392 5072 1780 5139 καταφρονοῦν-

225 5179 320 5225 τες
347 5163 395 5227 i,
416 5164 541 5215 ὅταν
567 5163 785 5215 ἐθέλωσι
804 5180 818 5194 ·
845 5162 978 5214 ἀλλὰ
996 5162 1305 5214 δυναστείαν
1326 5160 1444 5213 τινὰ
1467 5164 1557 5213 καὶ
1587 5162 1773 5215 αὐθεν-

224 5255 379 5307 τείαν
435 5252 1220 5327 ἑαυτοῖς-πραγματευόμενοι.
1280 5252 1446 5303 Ἔνιοι
1502 5252 1556 5303 δὲ
1596 5253 1768 5305 αὐτῶν

1888 4567 2169 4615 exercens,
2200 4559 2653 4616 extemporaueus
2703 4548 3005 4617 discipulus
3031 4548 3270 4615 ipsorum
3310 4564 3432 4600 vero

1887 4642 2039 4693 sutiae
2088 4654 2149 4692 ac
2211 4637 2414 4689 lraudis
2476 4636 2784 4689 accesserit.
2852 4636 3211 4703 Atleolplane
3274 4645 3329 4687 ut
3377 4646 3428 4689 et

1887 4729 2148 4797 quosdam
2205 4729 2324 4793 ejus
2374 4727 2586 4794 generis
2631 4735 2968 4793 peccatorum
3026 4726 3254 4778 vinculis
3288 4742 3426 4779 non-

1886 4821 2012 4872 dum
2056 4828 2353 4884 exemptos,
2404 4816 2456 4866 in
2528 4815 2759 4867 clericos
2826 4814 3155 4867 ordinandos
3200 4815 3426 4867 offerant

1882 4908 2133 4969 illorum;
2185 4908 2277 4973 qui
2335 4902 2649 4955 monastica:
2698 4903 3052 4955 observantite
3094 4904 3251 4955 laude
3284 4910 3424 4971 apud

1879 4998 2025 5064 ipsos
2061 5001 2339 5062 praestant,
2394 4992 2708 5044 testimonio
2756 4991 2990 5059 deceptis
3040 4993 3330 5059 episcopis,
3369 5001 3424 5044 ut

1889 5085 1996 5137 illis
2048 5096 2240 5135 manus
2281 5082 2578 5147 imponant.
2634 5076 2744 5129 lloc
2794 5087 2970 5129 autem
3021 5080 3096 5130 illi
3148 5087 3419 5145 satagunt,

1881 5188 1989 5225 non
2024 5173 2175 5241 quasi
2202 5169 2524 5223 clericorum
2556 5167 2757 5236 gradus
2788 5167 2940 5218 tuulti
2972 5166 3199 5229 faciant;
3225 5167 3422 5235 quippe

1874 5277 1996 5314 cum
2032 5261 2178 5331 ipsos
2208 5259 2366 5313 etiam
2389 5256 2689 5324 cpiSCOpos,
2717 5256 2933 5325 quando
2965 5256 3203 5321 libuerit,
3233 5272 3418 5327 asper-

1449 5459 1677 5514 ΥΛΙΠᾹΞ
1720 5459 2111 5517 LECTIONES.

304 5590 511 5685 {bestii
540 5606 758 5683 (3,001]:
816 5603 871 5659 S-
917 5606 1021 5666 “ll.
1053 5609 1143 5673 οὓς
1178 5610 1297 5662 αὖτε
1345 5612 1691 5681 Χριστιανοὺς
1727 5619 2143 5685 προσαγορεύειν
2200 5620 2455 5685 ἀξιοῦσιν,
2535 5619 2555 5655 ιι
2586 5618 2648 5668 ιι.
2691 5613 2827 5668 2508
2862 5613 3067 5674 κακίας.
3150 5610 3325 5663 iibid.

227 5672 245 5724 ί
281 5675 389 5729 Alii
407 5672 843 5742 καταφρονοῦσιν.
