4198 6492
284 443 390 506 737

1470 440 1564 498 DE
1595 435 2050 499 H/ERESIBUS
2085 434 2337 492 LIBER.

3451 433 3556 503 :33

285 555 592 626 ἐμάθομεν,
629 555 725 608 καὶ
758 553 827 606 τὰ
847 552 953 606 τῶν
982 551 1296 606 ἀντιπάλων
1326 550 1598 620 δαιμόνων
1633 549 1871 618 ἔγνωμεν

1985 545 2160 599 sarius
2221 545 2530 597 diemonum
2594 548 2827 596 conatus
2876 545 3198 610 perspectos
3260 539 3554 607 habentes,

285 645 696 716 ἁμαρτήματα⁹
755 643 920 714 πείρᾳ⁸
952 642 1009 696 δὲ
1038 643 1133 695 καὶ
1162 642 1262 711 τὴν
1291 641 1388 710 τῆς
1437 639 1660 711 χάριτος
1697 637 1871 690 ἐδιδά-

284 731 501 800 χθημεν
525 731 808 803 χορηγίαν.
842 725 1002 784 Οὗτοι
1051 731 1108 782 δὲ
1155 730 1264 782 νέοι
1302 729 1475 791 ὄντες,
1527 730 1622 781 καὶ
1670 727 1874 789 τούτων

283 821 439 874 οὐδὲν
473 823 716 893 ἀκριῦῶς
745 824 1122 892 ἐπιστάμενοι,
1149 819 1682 890 πνευματικωτέρων
1706 817 1874 872 ἀκοῦ-

287 926 378 972 σαι
399 910 571 978 λόγων
603 911 663 963 οὐ
689 911 933 986 φέρουσι.
966 912 1277 983 Τοιγάρτοι,
1308 911 1428 964 εἰπέ
1459 927 1571 980 μοι,
1597 909 1712 971 πῶς
1737 924 1874 977 φατε

285 1001 384 1054 καὶ
413 1001 474 1054 τὺ
498 1000 717 1072 πνεῦμα
749 1003 810 1055 τὸ
847 1004 1090 1057 ἐναντίον
1118 1005 1447 1074 ὑποχωρεῖν,
1474 1003 1568 1055 καὶ
1601 1001 1696 1054 τοῦ
1740 1017 1876 1052 παν-

285 1091 446 1159 αγίου
501 1091 821 1162 Πνεύματος
852 1093 950 1162 τὴν
983 1094 1142 1164 χάριν
1165 1092 1484 1161 ἐπιφοιτᾷνι;
1522 1110 1540 1141 ι
1578 1089 1804 1151 Τούτοις
1846 1089 1874 1141 ὁ

286 1182 534 1253 πρέσϐυς
570 1185 777 1247 ἐκεῖνος
820 1184 1215 1254 καταθελχθεὶς
1247 1195 1268 1222 ⁸
1307 1185 1538 1255 ὲξέμεσε
1577 1184 1753 1237 πάντα
1783 1182 1874 1235 τὸν

285 1273 676 1344 κεκρυμμένον
707 1275 805 1338 ἰὸν,
841 1276 936 1328 καί
969 1294 1103 1346 φησι
1140 1275 1412 1347 μηδεμίαν
1445 1276 1541 1344 μὲν
1564 1277 1629 1327 ὲκ
1659 1273 1752 1327 τοῦ
1776 1273 1873 1342 βα-

287 1366 598 1435 πτίσματος
641 1365 914 1436 ὠφέλειαν
963 1371 1078 1430 τοῖς
1129 1367 1476 1438 ἀξιουμένοις
1535 1365 1872 1435 ὲγγίνεσθαι,

292 1457 464 1526 μόνην
498 1457 554 1510 δὲ
577 1457 677 1528 τὴν
711 1459 1009 1512 σπουδαίαν
1035 1460 1204 1530 εὐχὴν
1232 1459 1324 1512 τὸν
1348 1460 1577 1529 δαίμονα
1605 1459 1696 1512 τὸν
1737 1458 1872 1512 ἔνοι-

289 1563 386 1600 κον
413 1545 738 1612 ἐξελαύνειν.
761 1550 984 1602 ’Έλκειν
1010 1550 1118 1620 γὰρ
1151 1550 1382 1604 ἕκαστον
1402 1550 1509 1602 τῶν
1538 1550 1874 1620 τικτομένων

289 1637 477 1706 ἔλεγεν
497 1639 561 1692 ὲκ
597 1639 690 1692 τοῦ
723 1643 1094 1713 προπάτορος,
1136 1641 1327 1713 ὥσπερ
1370 1642 1467 1713 τὴν
1517 1641 1698 1710 φύσιν,
1732 1641 1875 1695 οὕτω

288 1727 354 1798 δὴ
383 1731 477 1783 καὶ
509 1733 609 1803 τὴν
641 1732 750 1785 τῶν
770 1733 1043 1803 δαιμόνων
1071 1734 1320 1788 δουλείαν
1355 1738 1372 1770 ί
1399 1751 1411 1764 ·
1446 1734 1650 1786 τούτων
1683 1733 1738 1785 δὲ
1771 1733 1875 1786 ὑπὸ

292 1821 592 1886 σπουδαίας
619 1822 786 1893 εὐχῆς
826 1824 1202 1895 ἐλαυνομένων
1227 1867 1242 1887 ,
1271 1827 1560 1897 ὲπιφοιτᾷν
1602 1825 1786 1898 λοιπὸν
1813 1825 1873 1878 τὸ

289 1914 556 1983 πανάγιον
587 1915 832 1986 Πνεῦμα,
859 1915 1132 1987 αἰσθητῶς
1162 1917 1255 1970 καὶ
1286 1917 1496 1988 ὁρατῶς
1520 1917 1615 1988 τὴν
1663 1917 1870 1971 οἰκείαν

291 2005 596 2076 παρουσίαν
643 2009 927 2075 σημαῖνον,
962 2008 1058 2060 καὶ
1104 2008 1166 2060 τδ
1199 2008 1360 2078 σῶμα
1387 2009 1487 2079 τῆς
1516 2005 1638 2061 ’τῶν
1679 2009 1869 2064 παθῶν

289 2093 560 2164 κινήσεως
619 2095 974 2166 ἐλευθεροῦν,
1027 2096 1123 2149 καὶ
1156 2099 1253 2168 τὴν
1285 2097 1461 2168 ψυχὴν
1512 2099 1613 2169 τῆς
1659 2100 1752 2152 ἐπὶ
1801 2099 1869 2152 τὰ

289 2184 458 2253 χείρω
487 2186 659 2256 ῥοπῆς
685 2187 966 2251 παντελῶς
986 2187 1350 2254 ἀπαλλάττον,
1405 2188 1481 2252 ὡς
1514 2189 1646 2259 μηδέ
1672 2207 1724 2243 τι
1765 2191 1869 2243 δεῖ-

291 2274 417 2328 σθαι
443 2275 648 2342 λοιπὸν,
683 2281 819 2349 μήτε
840 2279 1093 2349 νηστείας
1117 2280 1408 2350 πιεζούσης
1431 2282 1494 2333 τὸ
1521 2281 1700 2352 σῶμα,
1731 2283 1870 2352 μήτε

288 2365 643 2430 διδασκαλίας
695 2368 1040 2440 χαλινούσης,
1076 2370 1169 2422 καὶ
1224 2368 1431 2438 βαίνειν
1475 2369 1714 2424 εὖτακτα
1746 2389 1866 2424 παι-

288 2457 567 2528 δευούσης.
603 2461 675 2513 Οὐ
711 2461 868 2530 μόνον
896 2462 953 2514 δὲ
983 2463 1010 2514 ὁ
1041 2462 1229 2516 τούτου
1260 2463 1596 2532 τετυχηκὼς,
1637 2462 1746 2516 τῶν
1773 2461 1865 2517 τοῦ

291 2549 546 2619 σώματος
587 2551 989 2606 ἀπαλλάττεται
1057 2553 1449 2623 σκιρτημάτων
1489 2565 1536 2616 υ,
1592 2552 1727 2605 ἁλλά
1775 2556 1870 2606 ita).

292 2640 479 2708 σαφῶς
529 2642 598 2694 τὰ
655 2642 916 2712 μέλλοντα
951 2645 1183 2714 προορᾷ,
1243 2645 1338 2696 καὶ
1393 2644 1491 2712 τὴν
1543 2643 1749 2714 Τριάδα
1770 2644 1868 2714 τὴν

290 2731 442 2785 θείαν
465 2736 575 2796 τοῖς
599 2733 896 2804 ὀφθαλμοῖς
939 2735 1154 2805 θεωρεῖ.
1185 2735 1371 2799 Οὕτως
1399 2737 1426 2787 ὁ
1463 2737 1606 2797 θεῖος
1632 2735 1868 2789 Φλαὸιαο

288 2823 378 2884 νὸς
403 2822 498 2892 τὴν
525 2823 731 2894 δυσώδη
769 2825 1072 2896 διαρρήξας
1099 2827 1303 2895 πηγὴν,
1330 2826 1422 2878 καὶ
1444 2826 1729 2893 γυμνῶσαι
1763 2843 1870 2878 πα-

291 2913 638 2980 ρασκευάσας
668 2914 736 2966 τὰ
768 2918 859 2986 voti,
871 2933 1037 2984 ματα,
1074 2917 1209 2986 πρὸς
1238 2917 1328 2968 τὸν
1362 2916 1596 2986 δυσσεϐῆ
1626 2917 1868 2988 πρεσϐύ-

288 3017 391 3070 την
422 3001 556 3072 ἒφη·
597 3005 1058 3074 Πεπαλαιωμὲνε
1100 3005 1335 3082 ἠμερῷν
1383 3005 1604 3069 κακῶν,
1652 3006 1871 3075 ἢλεγξέ

288 3107 364 3145 σε
398 3093 466 3146 τὸ
499 3095 616 3147 σὺν
637 3098 852 3165 στόμα,
893 3099 992 3150 καὶ
1019 3099 1130 3150 οὐκ
1155 3098 1268 3166 ἐγω
1292 3113 1304 3126 ·
1339 3096 1413 3150 τὰ
1446 3097 1514 3149 δὲ
1549 3099 1724 3166 χείλη
1750 3113 1869 3151 σου

290 3187 827 3254 κατεμαρτύρησὰν
864 3204 1003 3243 σου.
1048 3189 1228 3258 Δήλης
1259 3188 1315 3240 δὲ
1357 3189 1561 3258 ταύτης
1588 3190 1687 3259 τῆς
1711 3190 1868 3242 νόσου

1978 636 2098 706 ipso
2130 635 2321 707 gratiae
2349 649 2455 688 usu
2501 633 2644 686 dona
2675 633 2858 689 edocti.
2889 647 3120 687 sumus:
3156 632 3244 688 isti
3277 647 3432 697 vero,
3467 634 3558 702 ju-

1977 728 2163 782 niorcs
2201 741 2324 781 cum
2361 725 2492 790 sint,
2547 733 2600 779 et
2653 724 2791 778 nihil
2827 723 3024 777 horum
3073 731 3266 778 exacte
3304 732 3558 788 noscant,

1977 821 2381 892 spiritualiores
2407 835 2691 875 sermones
2722 818 2922 873 audire
2955 831 3064 870 non
3091 817 3388 872 sustinent.
3414 815 3562 882 Qua-

1978 922 2202 985 propter
2231 927 2475 982 exponas
2499 911 2661 966 velim
2697 909 2853 974 mihi,
2881 923 2988 979 qua
3010 907 3224 962 ratione
3254 905 3556 969 afﬁrmetis,

1975 1016 2028 1062 et
2089 1005 2428 1060 contrarium
2491 1001 2750 1058 recedere
2813 1001 3111 1070 spiritum,
3173 1005 3230 1054 et
3309 998 3558 1068 Spiritus

1975 1098 2152 1156 sancti
2182 1098 2413 1167 gratiam
2454 1094 2734 1149 advenire.
2764 1111 2780 1144 I
2823 1093 2981 1162 100
3009 1091 3106 1147 His
3143 1089 3327 1149 verbis
3357 1089 3553 1145 delini-

1973 1203 2065 1247 tus
2094 1205 2284 1257 senex,
2319 1190 2495 1244 latens
2523 1199 2792 1242 venenum
2825 1192 3002 1238 totum
3031 1183 3295 1247 evomuit,
3323 1181 3515 1237 dicens
3537 1217 3550 1242 .

1975 1299 2194 1340 sacrum
2246 1283 2582 1352 baptismum
2638 1279 2842 1334 nullam
2893 1278 2985 1341 iis,
3037 1277 3129 1347 qui
3171 1291 3299 1332 eum
3353 1289 3550 1330 conse-

1973 1382 2242 1446 quuntur,
2281 1374 2574 1428 utilitatem
2608 1369 2824 1436 afferre,
2863 1367 2961 1424 sed
3013 1369 3142 1426 sola
3182 1366 3375 1421 sedula
3428 1379 3557 1420 ora-

1975 1469 2125 1522 tione
2148 1467 2448 1520 daamonem
2486 1463 2891 1518 inhabitantem
2923 1460 3147 1532 expelli.
3180 1457 3383 1513 Omnes
3406 1456 3553 1511 enim

1975 1560 2069 1629 qui
2109 1559 2349 1613 eduntur
2395 1558 2448 1611 in
2485 1557 2685 1621 lucem,
2735 1569 2800 1608 ex
2839 1554 3022 1624 primo
3068 1561 3296 1622 parente
3339 1547 3560 1602 trahere

1976 1651 2177 1715 aiebat,
2212 1647 2676 1719 quemadmodum
2709 1653 2988 1708 naturam,
3023 1643 3105 1698 sic
3149 1649 3200 1696 et
3247 1640 3557 1695 daemonum

1976 1740 2319 1795 servitutem.
2358 1735 2454 1791 His
2479 1744 2660 1789 autem
2693 1749 2791 1804 per
2826 1733 3078 1788 sedulam
3122 1730 3428 1785 orationem
3467 1726 3560 1781 fu-

1975 1829 2136 1900 gatis,
2185 1827 2442 1880 advenire
2494 1825 2755 1893 deinceps
2811 1822 3084 1892 Spiritum
3141 1827 3432 1880 sanctum,
3465 1816 3558 1886 qui

1977 1918 2321 1988 praesentiam
2355 1930 2511 1972 suam
2543 1915 2801 1968 sensibus
2832 1921 2888 1967 et
2915 1912 3096 1966 oculis
3120 1909 3399 1982 exhibeat,
3441 1915 3556 1960 tum

1977 2022 2178 2077 corpus
2237 2021 2267 2059 a
2322 2005 2798 2075 perturbationum
2835 2000 3099 2064 motibus,
3159 2008 3275 2052 tum
3321 1996 3558 2050 animam

1978 2101 2045 2155 ab
2074 2099 2223 2154 omni
2257 2098 2322 2151 ad
2369 2097 2642 2151 deteriora
2705 2093 3071 2163 propensione
3117 2088 3436 2155 liberando;
3485 2087 3559 2141 ita

1977 2199 2037 2246 ut
2066 2205 2166 2245 nec
2192 2189 2405 2260 jejunio
2437 2187 2550 2255 jam
2607 2201 2749 2255 opus
2798 2185 2872 2239 sit
2917 2198 3028 2254 quo
3068 2196 3272 2252 corpus
3299 2193 3554 2235 coercea-

1978 2291 2086 2346 tur,
2115 2296 2216 2336 nec
2232 2279 2483 2334 doctrina
2512 2275 2849 2341 refrenante,
2879 2283 2934 2330 et
2960 2275 3029 2330 ad
3059 2285 3273 2329 rectum
3304 2271 3557 2326 ordinem

1978 2377 2320 2431 iustituente.
2352 2371 2538 2442 Neque
2566 2386 2694 2426 vero
2736 2366 3008 2440 protervis
3047 2365 3396 2423 solummodo
3431 2379 3557 2418 cor-

1975 2471 2126 2540 poris
2165 2468 2409 2522 motibus
2450 2465 2656 2529 eximi,
2704 2463 2798 2534 qui
2840 2462 2984 2516 hunc
3037 2460 3269 2530 adeptus
3317 2460 3410 2521 sit,
3463 2457 3557 2512 scd

1978 2559 2160 2614 futura
2201 2560 2365 2614 etiam
2401 2565 2590 2627 aperte
2639 2555 2965 2625 praevidere,
2997 2560 3052 2607 et
3091 2551 3334 2606 divinam
3368 2549 3555 2603 Triui-

1977 2658 2145 2705 tatem
2197 2649 2374 2703 oculis
2427 2646 2700 2702 contueri.
2753 2643 3017 2699 Perfossa
3050 2643 3116 2696 ad
3151 2642 3300 2695 hunc
3333 2640 3558 2694 modum

1979 2741 2147 2796 fetido
2179 2741 2352 2805 fonte,
2387 2740 2639 2808 rivisque
2688 2741 2791 2791 hac
2841 2745 2964 2790 arte
3014 2734 3270 2796 detectis,
3329 2731 3558 2802 impium

1978 2848 2163 2890 senem
2197 2833 2277 2886 sic
2308 2831 2532 2885 divinus
2556 2827 2855 2882 Flavianus
2883 2826 3079 2880 aﬂ‘atus
3104 2833 3189 2880 est
3218 2844 3229 2878 :
3266 2821 3562 2877 lnveterate

1977 2924 2184 2978 dierum
2215 2923 2502 2986 malorum,
2534 2921 2714 2988 arguit
2749 2928 2796 2972 te
2824 2935 2882 2971 os
2914 2926 3086 2983 tuum,
3129 2925 3178 2969 et
3229 2931 3335 2968 non
3362 2921 3561 2984 ego:et

1979 3015 2125 3069 labia
2158 3025 2249 3068 tua
2291 3023 2478 3067 contra
2517 3020 2565 3065 te
2597 3011 2955 3065 testimonium
3013 3007 3318 3062 tulerunt‘.
3369 3006 3564 3076 Itaque

1979 3107 2083 3161 hoc
2106 3106 2376 3176 patefacto
2406 3105 2620 3170 morbo,
2647 3101 2808 3173 Syria
2835 3102 3057 3171 quidem
3089 3109 3218 3155 sunt
3239 3100 3477 3170 expulsi,
3505 3100 3558 3153 in

1979 3199 2356 3269 Pamphyliam
2392 3211 2524 3251 vero
2577 3202 3004 3262 concesserunt,
3053 3209 3216 3266 quam
3270 3193 3373 3249 hac
3408 3200 3560 3263 peste

289 3249 634 3345 γενομένης,
817 3279 916 3346 μὲν
970 3249 1768 3350 Συρίαςέξηλάσθηοῖανίείς
1815 3281 1870 3332 δὲ

1976 3289 2365 3358 impleverunt.

291 3365 619 3434 Παμφυλίαν
650 3367 1024 3437 ἀνεχώρησαν,
1063 3371 1159 3423 καὶ
1199 3372 1403 3440 ταύτην
1437 3371 1536 3440 τῆς
1579 3369 1759 3441 λώϐης
1788 3372 1872 3422 ὲν-

289 3456 554 3524 έπλησαν.

287 3541 475 3600 Αὗται
494 3546 898 3618 μὲνίαῖρέσεις
924 3549 1034 3614 ἕως
1055 3552 1403 3618 Μαρκιανοῦ
1432 3567 1442 3578 ·
1484 3552 1602 3604 ἀπὸ
1624 3551 1691 3603 δὲ
1714 3555 1873 3618 Map-

358 3617 572 3669 κιανοῦ
603 3617 780 3684 δεῦρο
806 3619 1024 3686 μικρὸν
1049 3617 1159 3673 καί
1181 3623 1330 3687 πρὸς
1363 3631 1386 3654 ν
1413 3623 1512 3675 καὶ
1557 3623 1656 3674 ἐπὶ
1691 3617 1872 3676 Λέον-

359 3702 470 3758 τος,
500 3687 858 3753 ἀνερύησαν
887 3692 944 3741 ul
967 3689 1225 3756 αἱρέσεις
1250 3689 1423 3747 αὗται

367 3775 469 3829 m’.
499 3777 849 3846 Νεστοριανοί
878 3778 988 3848 (58)
1013 3795 1024 3808 ·
1054 3781 1102 3831 ot
1146 3794 1169 3820 κ
1214 3781 1357 3844 ἰδίως
1399 3783 1492 3834 καὶ
1527 3781 1870 3852 κεχωρισμέ-

364 3907 532 3963 'Dan.
582 3926 679 3974 xtl,
714 3912 801 3966 '52.

1978 3549 2249 3602 Hactenus
2286 3547 2507 3599 Itmrcses
2535 3560 2650 3612 qua:
2691 3542 2760 3595 ad
2801 3541 3070 3596 Marciani
3111 3551 3345 3609 tempora
3390 3553 3557 3597 exstr-

2051 3627 2244 3672 terunt.
2285 3619 2324 3668 Α
2366 3615 2632 3667 Marciani
2676 3630 2794 3667 vero
2833 3623 2989 3666 wtate
3018 3629 3080 3665 ac
3113 3613 3350 3680 deinceps
3397 3615 3558 3681 paulo

2047 3697 2186 3757 post,
2215 3686 2309 3740 sub
2332 3685 2521 3739 Leonis
2546 3685 2788 3751 imperio,
2822 3693 3020 3737 exorta:
3045 3692 3169 3736 sunt
3203 3683 3343 3736 istm.

2045 3780 2134 3834 80.
2154 3777 2491 3834 Nestoriani.
2521 3776 2582 3829 lli
2615 3775 2784 3830 Deum
2810 3774 3050 3830 Verbum
3070 3773 3371 3830 secundum
3405 3787 3465 3828 se
3494 3787 3558 3828 ac

1565 4003 1798 4058 VARl/E
1839 4002 2246 4059 LECTIONES.

360 4117 491 4192 -__l_ta
524 4117 800 4192 rTheodor.
836 4116 960 4192 cod.
997 4114 1055 4168 S.
1105 4117 1276 4172 l‘lilar.
1309 4130 1362 4192 et
1385 4119 1458 4192 lt.
1490 4121 1525 4172 2
1546 4121 1808 4189 ὲλεχθείς.
1853 4120 2023 4192 Vetus
2050 4122 2280 4192 interpr.
2313 4121 2699 4192 redargitulus.
2722 4186 2734 4192 _
2757 4118 2793 4192 _'
2825 4114 2908 4192 li:

1887 4201 1916 4229 ν
1951 4191 2113 4245 Deest
2144 4182 2293 4242 in'B.
2327 4182 2494 4244 2508'
2529 4199 2583 4244 et
2637 4186 2778 4242 32M
2819 4182 2993 4257 δειξροΔ
3036 4187 3231 4257 μικρόν
3267 4187 3362 4238 καὶ
3390 4187 3548 4257 πρός.

287 4190 349 4260 ξ.
379 4189 485 4242 Hil.
521 4191 573 4260 in
603 4203 774 4256 marg.
820 4188 1012 4260 altera
1033 4201 1219 4253 manu,
1254 4190 1444 4242 παθῶν
1472 4188 1789 4260 αἰσχίστων.

283 4258 488 4332 Fronto
548 4254 778 4332 Duczetis
803 4254 1111 4332 legendum
1154 4269 1310 4327 putat
1343 4278 1356 4312 :
1398 4261 1491 4314 καὶ
1527 4254 1709 4331 μὶὂιρῴ
1745 4261 2010 4332 πρότερον
2043 4262 2137 4313 ἐπὶ
2160 4299 2177 4326 ,
2215 4261 2300 4314 vel
2336 4261 2518 4330 μικρῷ
2549 4259 2756 4330 πρόσω.

284 4329 397 4381 ἀπὸ
431 4327 748 4398 Νεστορίου,
773 4328 844 4379 οἳ.

2775 4118 2793 4151 ί
2833 4113 2952 4166 IL!
2990 4114 3284 4168 πολιτείαν.
3362 4125 3389 4152 ιι
3414 4113 3548 4172 Cod.

2836 4261 2862 4287 ³
2883 4253 3018 4308 Cod.
3040 4253 3117 4311 VS.
3146 4253 3254 4310 Hil.
3287 4257 3342 4313 in
3376 4253 3548 4327 marg.

1787 4417 2017 4473 ΝΟΤᾺΕ.

355 4575 465 4644 (58)
503 4573 573 4628 Ut
598 4575 861 4637 Nestorii,
899 4574 979 4628 sic
1012 4572 1464 4644 Nestorianorum
1506 4587 1726 4644 quoque
1769 4587 1855 4627 se-

279 4641 491 4714 quioris
516 4647 692 4698 astatis
717 4660 934 4699 sensum
970 4643 1278 4714 Eutychius
1309 4641 1732 4714 Alexandrinus
1763 4658 1855 4696 ex-

279 4712 522 4784 ponitht.
560 4714 603 4766 ll
643 4714 931 4784 Annalium
956 4712 1119 4784 quos
1154 4712 1406 4784 Afrahice
1428 4713 1670 4780 scripsit.
1701 4712 1859 4765 Asse-

279 4781 430 4837 rebat
461 4782 764 4848 Nestorius,
812 4781 1021 4850 inquit,
1065 4782 1300 4836 Marium
1363 4781 1637 4850 Virginem
1679 4798 1857 4836 revera

277 4853 566 4922 Deiparam
618 4870 719 4906 non
757 4851 941 4922 fuisse.
986 4868 1197 4920 esseque
1229 4851 1592 4922 duosFilios,
1632 4869 1855 4921 quorum

279 4921 422 4976 alter
449 4926 519 4977 sit
540 4922 679 4977 Deus
707 4932 756 4976 et
785 4937 850 4975 ex
884 4921 1048 4973 Patre
1069 4922 1292 4991 genitus,
1331 4921 1468 4975 alter
1495 4922 1649 4976 homo
1682 4923 1771 4990 qui
1793 4937 1855 4974 ex

279 4993 465 5047 Maria
498 5003 650 5047 natus
675 4995 782 5045 sit:
813 5003 966 5061 atque
997 4993 1151 5045 istum
1183 4991 1586 5061 hominemtgui
1617 5008 1670 5061 se
1703 4991 1856 5045 Chri-

277 5074 422 5116 stum
442 5064 661 5122 dixerit,
696 5058 1106 5115 amor-cunilam
1136 5076 1248 5115 esse
1285 5077 1406 5113 cum
1458 5058 1642 5123 Filio,'
1663 5061 1858 5115 Deum-

275 5149 381 5202 que
413 5133 704 5200 appellari,
771 5148 871 5184 non
915 5148 1114 5197 revera,
1146 5131 1235 5185 sed
1273 5145 1364 5202 per
1390 5133 1775 5202 concessionem
1806 5140 1854 5183 et

276 5201 548 5255 nominum
599 5202 1036 5264 communionem,
1071 5218 1162 5254 nec
1204 5217 1308 5254 non
1337 5201 1550 5254 honoris
1587 5217 1769 5266 causa,
1803 5215 1855 5256 et

273 5273 419 5325 sicut
452 5287 586 5325 unus
609 5287 672 5324 ea:
712 5271 997 5338 prophetis.
1042 5271 1117 5324 Ita
1157 5271 1379 5339 quidem
1405 5268 1694 5325 Nestorius
1726 5287 1849 5326 sen-

271 5344 422 5395 sisse
457 5341 654 5410 legitur
695 5341 748 5394 in
782 5339 1104 5408 fragmentis
1155 5341 1510 5394 homiliarum
1556 5342 1698 5406 ejus.
1731 5355 1851 5410 qua:

271 5411 516 5481 Cyrillus
577 5410 979 5465 Alexandrinus
1032 5410 1201 5465 refert
1251 5412 1390 5481 libro
1457 5411 1754 5481 praesertim
1811 5428 1847 5464 ιι

271 5479 470 5534 centra
531 5481 706 5548 ipsum
734 5497 747 5532 :
781 5481 1020 5550 ‘fﬂansp
1071 5481 1302 5548 λέγομεν
1334 5479 1468 5550 Θεὸν
1491 5480 1600 5550 τὸν
1630 5481 1848 5532 πάντων

270 5551 610 5619 δημιουργὸν
636 5589 652 5613 ,
711 5552 804 5603 καὶ
843 5548 1276 5615 ΘεὸνήΜωΰσέα,
1317 5548 1459 5619 οὕτω
1490 5549 1721 5618 λέγομεν
1756 5553 1849 5602 καὶ

267 5618 661 5690 ⁸εζινῃΔεσιτότην
683 5620 937 5690 Χριστὸν,
955 5621 1048 5672 καὶ
1064 5619 1325 5685 Θεὸν,κοι“ι
1348 5618 1496 5680 Υίὺν,
1525 5624 1620 5672 καὶ
1639 5620 1848 5690 "know

283 5687 440 5741 Velut
489 5687 650 5742 Deum
681 5687 905 5742 dicimus
929 5691 1159 5742 universi
1205 5690 1549 5752 conditorem,
1577 5707 1638 5742 ac
1684 5689 1852 5741 Deum

266 5759 400 5827 item
431 5756 682 5827 Moysen;
711 5762 788 5812 ita
833 5769 882 5812 et
910 5758 1194 5812 Dominum
1224 5759 1513 5817 Christum.
1564 5769 1613 5812 et
1662 5758 1848 5821 Deum,

267 5837 316 5882 et
357 5826 576 5895 Filium,
611 5841 657 5883 et
717 5828 993 5884 Sanctum.
1051 5829 1375 5902 Quanquam
1427 5828 1854 5898 diligentissime

1886 4583 1933 4641 ι)
1960 4574 2187 4626 cavebat
2227 4589 2294 4627 ne
2346 4574 2484 4627 duos
2508 4573 2676 4630 Filios
2706 4584 2762 4629 et
2800 4575 2941 4632 Deos
2979 4573 3177 4632 efferre
3208 4577 3486 4634 videretur
3529 4599 3543 4636 :

1966 4643 2111 4709 quod
2151 4643 2368 4711 quidem
2392 4660 2457 4698 ex
2485 4645 2654 4720 variis
2683 4645 2802 4714 ejus
2825 4660 2889 4699 ac
2919 4646 3200 4720 fautorum
3227 4648 3403 4720 ipsius
3425 4666 3548 4720 qua

1967 4723 2262 4787 supersunt
2314 4715 2684 4787 monumentis
2717 4725 2954 4787 constat.
3009 4715 3312 4787 Eutychius
3351 4715 3548 4776 deinde

1967 4782 2135 4863 tradit
2168 4781 2523 4862 Nestorianos
2556 4785 2891 4863 posteriores
2919 4781 3546 4863 opinionemdiversam

1964 4855 2231 4909 tenuisse.
2259 4867 2321 4905 ac
2357 4853 2423 4912 si.
2462 4853 2669 4906 omissa
2702 4855 2903 4909 unione
2931 4853 3022 4909 illa
3053 4859 3358 4911 secundum
3390 4873 3546 4913 amo-

1963 4937 2076 4974 rem
2106 4961 2119 4982 .
2153 4921 2516 4995 affectionem,
2550 4931 2606 4976 et
2641 4923 2925 4995 honorem,
2960 4926 3367 4995 profiterentur,
3392 4927 3550 4983 Chri-

1959 5000 2101 5066 stum
2132 5007 2292 5066 unum
2327 4991 2462 5044 duas
2490 5009 2602 5066 esse
2628 4991 2980 5061 substantias,
3003 4996 3243 5063 duasque
3269 4991 3545 5066 personas,

1965 5059 2131 5139 Deum
2153 5061 2440 5139 perfectum
2483 5063 2539 5114 in
2565 5077 2791 5139 persona
2822 5073 2870 5116 et
2907 5059 3213 5139 substantia
3242 5059 3364 5139 sua,
3393 5059 3548 5139 atque

1963 5130 2226 5203 nominem
2252 5131 2542 5199 perfectum
2560 5135 2628 5203 _in
2655 5147 2882 5199 persona
2915 5143 2964 5187 et
2994 5130 3546 5203 substantiasua,'ac

1962 5197 2196 5254 Mariam
2227 5197 2488 5269 peperisse
2542 5197 2814 5256 Christum
2875 5219 2941 5256 ea:
2969 5214 3118 5270 parte
3152 5197 3546 5268 immanitatis.

1961 5286 2064 5323 non
2104 5286 2169 5342 ea;
2194 5284 2343 5340 parte
2373 5272 2702 5342 diuinitatis;
2729 5281 2785 5325 ut
2822 5272 2986 5327 Pater
3017 5275 3254 5342 genuerit
3287 5276 3472 5340 Deum,
3497 5290 3549 5331 et

1959 5357 2064 5394 non
2096 5341 2377 5405 hominem,
2411 5340 2592 5395 Maria
2640 5351 2816 5396 autem
2849 5340 3132 5408 hominem,
3175 5354 3355 5400 etnon
3376 5346 3547 5401 Deum

1958 5412 2233 5479 pepererit.
2293 5411 2366 5463 Ita
2423 5412 2642 5480 quidem
2703 5413 2918 5482 priscos
2978 5415 3144 5468 etiam
3189 5414 3548 5472 Nestorianos

1958 5497 2081 5535 esse
2122 5485 2344 5556 locutos
2374 5489 2625 5556 __consta_t
2674 5498 2739 5556 ex
2802 5484 2974 5556 variis
3005 5489 3374 5540 monumentis
3423 5503 3548 5556 qua:

1958 5551 2250 5624 exstabant
2284 5553 2336 5606 in
2374 5551 2661 5624 Tragoedia
2713 5550 2926 5624 Irenaei,
2959 5569 3194 5624 qua:un
3229 5557 3412 5624 Lupus
3433 5550 3548 5610 Au-

1959 5621 2308 5691 gustinianus
2338 5622 2596 5690 primum,
2632 5637 2696 5675 ac
2718 5623 2913 5677 deinde
2935 5621 3018 5679 Cl.
3058 5621 3324 5679 Baluzius
3348 5642 3547 5680 secun-

1962 5693 2093 5745 dum
2122 5699 2394 5745 vetustam
2451 5693 2869 5747 translationem
2905 5693 3157 5747 Latinam
3203 5695 3443 5750 edidere.
3485 5697 3548 5750 At

1959 5775 2090 5814 vero
2130 5776 2238 5833 non
2273 5762 2381 5814 alio
2402 5777 2541 5833 nexu
2567 5764 2756 5833 ambas
2788 5763 3129 5818 substantias
3164 5778 3326 5833 atque
3357 5780 3544 5833 perso-

1963 5845 2062 5886 nas
2085 5832 2270 5886 unitas
2300 5832 2601 5887 censebant
2629 5832 2729 5896 illi,
2763 5833 2870 5889 nisi
2905 5834 3028 5888 κατ’
3059 5832 3330 5901 εὐδοκίαν,
3356 5832 3531 5889 secun-
