4198 6492
224 401 336 470 ’749

1368 399 1461 459 DE
1504 397 1942 458 HERESIHUS
1983 395 2222 453 LIBER.

3294 397 3392 458 750

232 507 421 562 πασῶν
469 507 494 561 ό
541 505 704 576 Λόγος
758 506 1131 577 προσείληφεν.
1193 506 1347 558 Ὥστε
1382 487 1578 575 ’σχεδον
1626 507 1763 558 κατά
1794 516 1834 569 Λ

1815 503 2066 569 ιιιιιίιιιιιι
2127 518 2244 556 esse
2301 499 2649 563 aiilrmamus.
2693 519 2876 573 neinpc
2914 501 3401 572 singularissimam‘

231 594 386 650 τοῦτο
418 597 511 664 τῆς
545 596 751 663 φύσεως
796 593 855 646 τὸ
904 593 1294 664 σημαινόμενον
1318 631 1331 657 ,
1364 595 1553 648 ταυτὸν
1582 596 1644 647 ἂν
1675 595 1758 661 εἰή

233 682 389 750 φύσις
419 684 508 737 καὶ
553 682 861 744 ὑπόστασις,
899 683 1034 749 πλὴν
1073 682 1151 734 ὅτι
1194 682 1252 734 τὸ
1282 684 1377 750 τῆς
1419 681 1761 743 ὑποστάσεως

230 767 396 838 θνομα
428 768 902 835 συνεπινοουμένας
939 765 1048 835 έχει
1098 767 1188 820 καὶ
1237 767 1334 828 τὰς
1385 769 1761 836 έπιγινομένας

233 859 381 926 παρά
424 857 522 930 τὴν
555 857 734 926 κοινὴν
769 855 926 924 φύσιν
957 856 1198 910 έκάστων
1239 857 1519 926 ίδιότητας,
1552 857 1672 910 καθ’
1699 855 1762 918 ἃς

231 943 471 1012 ἀλλήλων
503 943 846 1013 κεχώρισται.
882 943 1068 996 Ἔνθεν
1103 942 1207 995 τῶν
1234 943 1511 1013 ἡμετέρων
1539 944 1762 1006 πολλοὺς

230 1031 534 1100 διαφόρωςσ
585 1031 760 1100 εύρεῐν
802 1029 914 1082 εστι
967 1029 1236 1098 λέγοντας,
1284 1032 1540 1099 φύσεων,
1578 1032 1764 1100 ἤγουν

233 1119 639 1183 ὑποστάσεων,
673 1119 859 1173 ινωσιν
891 1120 1186 1187 γεγονέναι.
1225 1121 1286 1173 Ἥ
1316 1122 1422 1191 γὰρ
1451 1121 1758 1182 ὑπόστασις.

234 1209 309 1270 ὡς
338 1207 628 1276 έδείξαμεν,
660 1207 753 1277 τὴν
780 1207 949 1276 ἰδικὴν
976 1207 1201 1260 ἑκάστου
1231 1209 1323 1260 καὶ
1346 1210 1542 1278 ἄτομον
1571 1209 1762 1277 σημαί-

235 1315 316 1352 νει
350 1299 614 1368 ῦπαρξιν,
661 1301 722 1350 έκ
771 1297 1112 1366 παραλλήλου
1143 1297 1198 1351 at
1254 1297 1508 1361 πολλάκις
1561 1299 1764 1361 τούτοις

234 1387 521 1456 κέχρηνται
557 1389 666 1447 τοῖς
698 1385 940 1454 ὀνόμασι,
977 1387 1131 1457 δῆλον
1161 1386 1233 1449 ὡς
1265 1387 1358 1440 καὶ
1393 1385 1490 1456 τὴν
1522 1387 1766 1440 ίδικωτά-

231 1487 332 1543 την
382 1473 537 1541 φύσιν
589 1475 869 1551 σημαίνειν
904 1478 1031 1544 ημῖν
1083 1475 1170 1528 διὰ
1212 1474 1412 1528 τούτων
1458 1477 1759 1529 έθέλουσιν·

235 1563 357 1615 επεὶ
387 1561 480 1615 καὶ
509 1563 565 1614 έν
590 1563 789 1632 τῇ-ἀνά
817 1565 970 1633 χείρα
999 1561 1204 1635 ὁμιλίᾳ,
1244 1567 1334 1618 καὶ
1379 1567 1434 1617 έν
1463 1567 1527 1634 τῇ
1575 1568 1766 1636 χρήσει

234 1648 343 1703 τῶν
370 1649 436 1702 τά
467 1649 684 1703 τοιαῦτα
718 1653 1256 1722 πεφυσιολογηκότων
1281 1691 1295 1716 ,
1325 1653 1444 1716 έθος
1473 1653 1643 1706 ἅπασι
1677 1656 1766 1708 καὶ

235 1735 328 1791 τθν
361 1738 532 1792 κοινὸν
560 1737 656 1808 τῆς
712 1739 922 1807 φύσεως
969 1736 1123 1808 λόγον
1171 1741 1451 1811 ἄνθρωπον
1497 1757 1765 1812 προσαγο-

1863 591 2006 645 illam
2037 590 2431 655 assistentium,
2460 605 2620 659 quam
2675 593 2841 645 solam
2877 608 2939 644 ex
2975 594 3224 644 omnibus
3267 591 3396 644 Ver-

1862 682 1986 733 bum
2019 680 2309 747 assumpsit
2337 698 2347 732 :
2386 688 2442 732 ut
2468 679 2618 747 juxta
2654 683 2788 733 hane
2825 689 3026 732 naturae
3053 681 3398 747 significatio-

1862 788 1980 826 nem
2013 771 2123 826 fci‘o
2155 771 2292 826 idem
2329 772 2436 826 sint
2475 782 2665 825 natura
2690 783 2739 826 ct
2769 771 3091 840 hypostasis,
3128 769 3226 823 nisi
3259 771 3398 837 quod

1862 859 2168 930 hypostasis
2209 875 2399 914 nomen
2435 859 2594 913 simul
2625 861 3040 928 comprehensas
3070 860 3228 912 habet
3276 873 3399 924 pro-

1862 949 2137 1018 prietates,
2165 963 2281 1016 quae
2310 949 2534 1016 singulis
2569 959 2759 1016 praner
2787 961 3122 1001 communem
3156 955 3398 998 naturam

1863 1037 2035 1091 insitm
2060 1047 2205 1098 sunt.
2231 1037 2528 1090 secundum
2557 1053 2690 1106 quas
2721 1053 2748 1089 a
2777 1053 2832 1090 se
2860 1037 3084 1089 invicem
3111 1049 3401 1088 secernun-

1864 1133 1972 1178 tur.
2001 1125 2260 1189 Quocirca
2290 1125 2537 1179 enostris
2569 1125 2764 1194 multos
2789 1126 2930 1177 varie
2958 1124 3197 1177 invenias
3223 1124 3403 1177 (licen-

1865 1217 1963 1272 tes,
1989 1219 2314 1268 naturarum.
2346 1211 2448 1264 sive
2487 1211 2839 1280 hypostasium
2883 1213 3174 1265 unitionem
3214 1213 3401 1265 factam

1867 1297 2056 1353 fuisse.
2091 1297 2222 1351 Nam
2254 1299 2298 1353 si
2336 1301 2666 1367 hypostasis.
2696 1310 2750 1353 ιιι
2779 1308 3050 1354 ostensum
3079 1307 3182 1362 est,
3221 1301 3406 1365 singu-

1865 1387 2031 1440 larem
2073 1395 2125 1441 et
2159 1387 2490 1440 individuam
2530 1388 2793 1456 cujusque
2847 1387 3112 1455 signiﬁcat
3141 1387 3406 1441 exsisten-

1867 1476 2019 1538 tiam,
2049 1481 2101 1528 ct
2150 1490 2214 1529 ex
2263 1489 2417 1544 teque
2456 1475 2541 1530 his
2592 1477 2897 1529 nominibus
2946 1491 3082 1543 sarpe
3127 1478 3208 1528 usi
3257 1487 3402 1535 sunt.

1866 1561 2034 1628 liquet
2079 1574 2170 1613 eos
2222 1575 2315 1628 per
2358 1561 2468 1614 ha‘c
2507 1561 2640 1615 velle
2694 1561 2930 1616 indicare
2967 1564 3124 1632 nobis
3158 1571 3402 1615 naturam

1868 1647 2102 1702 maxime
2153 1646 2516 1717 singularem;
2553 1650 2986 1718 quandoquidem
3020 1651 3286 1720 loquendo
3341 1651 3405 1704 de

1869 1735 1952 1790 his
1987 1751 2102 1805 quae
2152 1734 2310 1789 modo
2359 1751 2658 1800 versamus,
2709 1745 2762 1792 et
2805 1738 3093 1790 secundum
3127 1753 3280 1792 usum
3313 1740 3405 1807 qui

235 1825 415 1899 ρεύειν
442 1841 454 1858 ο
481 1825 554 1890 ὡς
599 1825 726 1881 ὅταν
767 1827 992 1896 λέγωσιν
1023 1824 1159 1893 εῐδος
1203 1809 1337 1883 εῐναι
1373 1830 1464 1883 τοῦ
1511 1809 1645 1894 {ibeo
1677 1832 1766 1884 τὸν
1799 1809 1838 1864 Β

1815 1811 2099 1878 3obtiuuit
2159 1821 2300 1892 apud
2340 1823 2481 1886 illos,
2536 1824 2623 1893 qui
2676 1824 2741 1878 de
2801 1823 2988 1880 iisdem
3041 1826 3418 1894 disputarunt.

234 1911 572 1982 ἂνθρωπονο
628 1915 783 1984 είπερ
832 1915 996 1985 μηδεν
1048 1916 1154 1970 τῶν
1187 1917 1400 1986 ἀτόμων
1439 1917 1576 1988 μήτε
1624 1917 1768 1971 terris

234 1993 374 2064 εἶδος
426 1999 484 2054 τὸ
521 2001 623 2054 ὑπὸ
658 2002 717 2054 τὸ
765 2001 939 2069 γένος,
981 2003 1117 2072 μήτε
1162 2003 1440 2071 λέγεταιδ.
1483 2005 1640 2058 Ἀλλά
1679 2005 1771 2058 καὶ

236 2088 538 2160 ἄνθρωπον,
567 2089 730 2144 ἵππου
766 2091 1037 2161 διαφέρειν
1073 2092 1321 2163 λέγομεν,
1349 2092 1514 2154 αὐτὰς
1536 2094 1771 2164 δηλονότι

234 2177 339 2240 τὰς
380 2177 600 2231 καθόλου
648 2177 890 2246 λέγοντες
939 2179 1144 2248 φύσεις.
1199 2181 1307 2234 Καὶ
1356 2183 1516 2235 πάλιν
1571 2182 1771 2251 Πέτρον

235 2263 534 2334 ἄνθρωπον,
557 2263 691 2319 εἷναί
721 2283 897 2336 φαμεν
920 2305 936 2333 ,
969 2267 1062 2320 καὶ
1091 2265 1298 2320 Παῦλον
1319 2309 1333 2333 ,
1368 2269 1458 2322 καὶ
1501 2271 1770 2338 Ἰωάννην,

237 2353 334 2406 καὶ
351 2352 621 2420 γεγονέναι
642 2353 922 2426 ἄνθρωπον
949 2356 1040 2408 καὶ
1062 2356 1328 2420 τεθνάναι,
1349 2359 1439 2410 τδν
1463 2361 1772 2413 καθέκαστα

236 2437 510 2510 δηλονότι,
553 2442 767 2497 καὶτοῦ
799 2443 976 2498 κοινοῦ
1017 2444 1173 2514 λόγου
1206 2447 1305 2517 τῆς
1353 2447 1444 2501 τοῦ
1489 2448 1772 2520 ἀνθρώπου

239 2527 452 2600 φύσεως
487 2529 740 2596 ὡσαύτως
773 2523 1002 2605 ἔχοντος.
1041 2534 1148 2589 Καὶ
1187 2535 1344 2589 τοῦτο
1382 2535 1436 2590 δέ
1480 2537 1640 2591 πάλιν
1688 2537 1774 2590 εὖ·

238 2619 397 2688 λογον
427 2619 956 2691 προδιαστείλασθαι,
998 2621 1071 2686 ὡς
1115 2623 1173 2677 τὸ
1211 2623 1302 2678 τοῦ
1345 2626 1632 2696 προσώπου
1682 2628 1774 2681 καὶ

237 2705 340 2777 τῆς
378 2707 719 2773 ὑποστάσεως
759 2708 964 2780 θνομα,
1013 2711 1264 2775 πολλάκις
1313 2715 1408 2784 μιν
1461 2713 1558 2784 τῆς
1609 2715 1775 2786 αὐτῆς

237 2797 360 2851 sm
393 2797 519 2868 παρ’
543 2801 672 2868 ημῖν
708 2799 972 2869 σημασίας
1002 2797 1320 2873 θηλωτικδν,
1351 2789 1479 2858 ὡσεὶ
1510 2805 1601 2858 καὶ
1627 2803 1774 2873 ξίφος

236 2898 327 2950 τις
367 2883 426 2940 τὸ
456 2887 584 2940 αὐτὸ
631 2888 783 2941 καλεῖ
831 2889 921 2943 καὶ
960 2892 1251 2963 μάχάιραν.
1289 2893 1472 2959 Οὕτως
1507 2895 1636 2964 γοῦν
1683 2895 1774 2948 ιπι

233 2973 339 3045 τῆς
369 2976 526 3045 ἀγίας
553 2977 771 3049 Τριάδος
798 2978 1096 3051 ἀδιαφόρως
1126 2983 1388 3053 πρόσωπά
1418 3000 1475 3037 τε
1501 2987 1645 3056 τρία,
1683 2987 1774 3040 καὶ

237 3059 562 3164 ύποστάσεις
771 3068 1264 3164 προσαγορεύομεν,
1293 3069 1369 3140 τῷ
1394 3073 1466 3164 tu
1497 3071 1771 3164 παραλλη-
1802 3108 1842 3164 c

235 3150 330 3206 λου
372 3155 556 3222 τρόπῳ
607 3152 672 3206 δι’
704 3155 960 3226 ἑκατέρου
995 3159 1188 3212 ταυτὸν
1234 3161 1606 3228 σημαίνοντες.
1643 3163 1775 3215 Πολ-

235 3241 396 3304 λάκις
420 3240 474 3294 8t
511 3241 581 3333 τὸ]
599 3242 885 3314 πρόσωπον
916 3245 1013 3316 τῆς¹
1041 3245 1384 3326 ύποστάσεως
1425 3249 1773 3321 διακρίνουσι,

236 3331 528 3403 πρόσωπον
556 3330 840 3396 καλοῦντες
869 3337 965 3404 την
994 3351 1153 3389 τινων
1189 3335 1368 3407 σχέσιν
1399 3337 1532 3409 πρὸς
1554 3337 1775 3409 ἀλληλα,

237 3423 340 3477 οὐκ
372 3423 663 3494 ἀγνοούσης
685 3425 800 3480 οὐδὲ
831 3427 926 3497 τῆς
950 3429 1208 3500 συνήθους
1238 3431 1482 3501 χρήσεως
1505 3429 1660 3486 τοῦτο
1685 3431 1778 3485 τοῦ

237 3511 534 3584 προσώπου
574 3514 634 3568 τὸ
683 3517 1092 3586 σημαινόμενον.
1140 3519 1320 3590 Φαμὲν
1367 3521 1511 3592 γὰρ,
1561 3522 1622 3576 τὸ
1651 3523 1779 3593 έμδν

237 3601 582 3672 ἀνειληφέναι
615 3605 898 3675 πρόσωπον
940 3607 1029 3660 τὸν
1067 3605 1234 3673 δεῖνα,
1265 3610 1358 3664 καὶ
1389 3613 1468 3676 είς
1493 3614 1779 3683 πρόσωπον

237 3689 396 3747 τοῦδε
422 3691 517 3764 τὴν
554 3692 708 3766 δίκην
750 3697 1059 3766 είσαγαγείν
1102 3699 1194 3754 τὸν
1223 3699 1392 3755 δεῖνα·
1431 3703 1524 3756 καὶ
1550 3703 1639 3759 τὸν
1680 3703 1781 3758 ὓπά

239 3797 408 3854 αρχον
453 3783 505 3837 δι
546 3785 832 3856 πρόσωπον
876 3787 1016 3858 έχειν
1073 3788 1166 3844 τοῦ
1220 3790 1482 3860 βασιλέως
1531 3793 1777 3864 λέγομεν.

243 3873 439 3927 ’Ένθεν
490 3876 579 3941 καὶ
623 3875 673 3928 οί
714 3875 820 3931 τῶν
854 3877 1142 3951 Νεστορίου
1187 3881 1780 3955 δογμάτωνοκατήκοοι,

239 3961 367 4017 οὔτε
391 3961 548 4033 φύσιν
575 3967 702 4034 μίαν
730 3966 822 4020 επὶ
843 3967 1099 4039 Χριστοῦ,
1131 3969 1251 4024 οὔτε
1283 3971 1577 4027 ὑπόστασιν
1607 3972 1783 4042 λέγειν

239 4055 573 4126 ἀνεχόμενοι,
601 4057 721 4110 επεὶ
763 4059 896 4129 μήτε
928 4059 1036 4114 τῶν
1079 4061 1429 4118 ύποστάσεων
1464 4064 1583 4119 καθ’
1617 4065 1782 4131 αύτάς

241 4145 634 4217 πρεσϐεύουσιν
691 4149 916 4216 ἕνωσιν,
971 4153 1254 4225 ἄνθρωπον
1303 4155 1359 4210 at
1409 4154 1547 4212 εἶναι
1582 4161 1670 4213 τὸν
1721 4163 1784 4215 εκ

237 4236 458 4308 Μαρίας
481 4236 631 4305 ψιλὸν
660 4239 1014 4307 ὑποτίθενται,
1052 4243 1180 4315 ὅλην
1219 4249 1275 4299 ιν
1303 4247 1477 4318 ἑαυτῷ
1506 4251 1603 4318 τὴν
1638 4250 1784 4304 θείαν

238 4328 565 4397 χωρήσαντα
615 4327 898 4400 έλλαμψιν.
942 4333 1049 4386 Καὶ
1095 4336 1266 4408 ταύτῃ
1306 4337 1414 4390 τῶν
1461 4339 1631 4393 ἄλλων
1667 4341 1781 4395 δια-

240 4413 497 4485 φέροντα,
536 4420 904 4491 μερικωτέρας
941 4423 998 4476 έν
1027 4423 1247 4478 έκείνων
1276 4426 1487 4496 έκάστῳ
1514 4430 1610 4498 τῆς
1638 4429 1782 4492 θείας

237 4508 535 4578 γενομένης
570 4509 905 4580 ίλλάμψεως,
934 4515 1079 4583 ὅμως
1108 4515 1431 4587 θαρροῦντες
1459 4518 1514 4572 ιν
1548 4517 1686 4574 εἶναι
1722 4519 1781 4574 τὸ

238 4598 528 4666 πρόσωπον
560 4597 651 4653 τοῦ
695 4601 926 4671 Χριστοῦ
965 4604 1410 4675 διισχυρίζονται,
1455 4609 1552 4681 την
1601 4609 1782 4679 σχέσιν

237 4696 334 4752 τοῦ
350 4697 482 4751 Θεοῦ
508 4700 675 4767 Λόγου
709 4705 842 4771 προς
871 4703 959 4758 τὸν
976 4705 1038 4758 ὲκ
1062 4707 1277 4778 Μαρίας
1304 4709 1585 4782 ἄνθρωπον
1613 4711 1782 4781 πρόσ-

237 4803 390 4852 ωπον
434 4786 490 4840 ιν
537 4788 812 4856 λέγοντες,
855 4795 974 4847 επεὶ
1014 4795 1189 4850 πᾶσαν
1241 4800 1442 4864 έκεῖνος
1489 4804 1589 4870 τὴν
1633 4803 1782 4856 θείαν

236 4876 550 4946 οίκονομίαν
609 4884 687 4941 είς
750 4883 1034 4951 πρόσωπον
1078 4885 1309 4940 δποιεῐτο
1353 4891 1449 4958 τῆς
1500 4893 1590 4943 τοῦ
1649 4891 1780 4945 Θεοῦ

241 4967 415 5034 Λόγου
463 4967 738 5037 θεότητοςο
779 4973 897 5023 ὅθεν
930 4972 1151 5038 δικαίως
1185 4977 1276 5030 καὶ
1322 4977 1418 5048 τὴν
1457 4980 1532 5042 είς
1565 4981 1656 5032 τὸν
1686 4980 1780 5033 ἄν-

240 5066 459 5135 θρωπον
495 5067 650 5138 ῦεριν
674 5107 688 5134 ,
737 5073 816 5134 είς
861 5073 990 5125 Θεὸν
1023 5074 1418 5147 ἀναφέρεσθαι,
1455 5078 1575 5132 ἐπεὶ
1623 5083 1714 5132 καὶ
1748 5083 1778 5151 ἠ

238 5169 350 5221 τῶν
406 5171 656 5240 ὑπηκόων
708 5174 784 5234 είς
831 5175 920 5227 τὸν
968 5175 1211 5246 ὕπαρχον
1257 5183 1508 5250 γινομένη
1551 5185 1680 5250 τιμή
1726 5199 1781 5234 τε

229 5259 336 5312 ’καὶ
375 5260 549 5330 ὕϐρις,
589 5265 665 5324 είς
693 5265 850 5316 αὐτὸν
889 5265 1213 5337 ἀναφέρεται
1244 5271 1333 5323 τὸν
1369 5271 1612 5340 βασιλέα.
1643 5271 1782 5324 Teo-

237 5363 338 5419 της
365 5349 613 5422 γοῦν,τῆς
644 5355 874 5423 σχέσεως
903 5359 993 5410 καὶ
1020 5357 1113 5429 τὴν
1143 5357 1376 5429 Χριστοῦ
1412 5361 1778 5431 προσηγορίαν

1870 1907 2010 1978 apud
2054 1924 2239 1966 omnes
2278 1911 2614 1964 consuetudo
2650 1911 2895 1976 invaluit,
2932 1927 3268 1967 comnmnem
3305 1929 3404 1968 na.

1872 2004 2003 2051 tura:
2033 1997 2292 2052 rationem
2333 1999 2605 2069 appellare
2656 2001 2946 2054 hominem:
2998 2010 3054 2054 ut
3089 2016 3210 2055 cum
3259 2003 3408 2056 aiunt

1872 2083 2142 2138 hominem
2179 2101 2300 2141 esse
2325 2087 2560 2156 speciem
2595 2088 2880 2153 animalis;
2913 2103 3017 2156 qua
3047 2105 3235 2157 nempe
3287 2092 3407 2143 nul-

1873 2172 1982 2227 lum
2013 2189 2076 2228 ex
2110 2173 2401 2230 individuis
2437 2175 2644 2243 species
2673 2184 2753 2231 est
2791 2178 2976 2248 generi
3010 2179 3269 2246 subjecta,
3303 2197 3401 2233 nec

1873 2261 2094 2317 dicitur.
2130 2262 2326 2319 Adhuc
2361 2264 2514 2334 105
2545 2265 2814 2320 hominem
2845 2267 3077 2322 dicimus
3105 2267 3317 2322 dili‘erre
3341 2269 3407 2322 ab

1873 2366 2044 2421 equo;
2082 2351 2228 2422 ipsas
2271 2353 2520 2408 videlicet
2554 2354 2882 2410 universales
2920 2356 3272 2426 intelligendo
3309 2373 3407 2410 na-

1875 2449 2043 2498 turas.
2089 2441 2166 2496 Ac
2215 2455 2405 2497 rursus
2437 2440 2652 2498 Petrum
2699 2443 2969 2499 hominem
2999 2459 3118 2501 esse
3150 2445 3406 2510 dicimus,

1875 2530 1998 2587 item
2054 2528 2300 2598 Paulum,
2353 2537 2406 2585 et
2469 2529 2765 2599 Joannem;
2813 2542 3020 2588 necnon
3062 2541 3244 2588 natum
3288 2551 3409 2591 esse

1877 2619 2176 2686 hominem,
2219 2620 2548 2690 singularem
2583 2625 2792 2690 utique,
2822 2631 2876 2679 et
2905 2624 3173 2679 communi
3203 2634 3411 2680 naturm

1876 2705 2122 2761 humanm
2177 2707 2384 2762 ratione
2422 2707 2607 2762 eodem
2659 2708 2816 2765 modo
2869 2725 2927 2766 se
2980 2711 3233 2768 habente.
3270 2711 3407 2768 illud

1873 2793 2032 2848 etiam
2074 2806 2410 2864 prremonere
2462 2808 2638 2865 Operae
2669 2797 2896 2866 pretium
2927 2806 3031 2865 est,
3064 2814 3312 2870 persona:
3358 2813 3411 2857 et

1876 2878 2179 2950 hypostasis
2213 2895 2406 2937 nomen
2444 2897 2590 2952 stepe
2620 2881 2837 2953 quidem
2869 2886 3006 2954 apud
3040 2900 3138 2944 nos
3165 2889 3408 2944 eamdem

1876 2968 2071 3025 habere
2106 2969 2582 3040 signiﬁcationem;
2613 2973 2756 3030 velut
2781 2975 2904 3045 quis
2929 2975 3068 3032 idem
3105 2979 3410 3047 appellave-

1877 3061 1946 3114 rit
1970 3073 2151 3114 ensem
2181 3068 2235 3116 et
2264 3059 2521 3132 gladium.
2558 3060 2647 3117 Sic
2678 3077 2805 3133 ergo
2843 3065 2895 3120 in
2929 3075 3117 3121 sancta
3143 3065 3410 3124 Trinitato

1878 3150 1990 3200 tres
2025 3160 2284 3215 personas
2332 3154 2384 3203 et
2431 3154 2541 3204 tres
2583 3147 2897 3220 hypostases
2939 3150 3407 3208 indicriminatim

1878 3234 2306 3301 pronuntiamus.
2339 3231 2598 3306 ex'iigura
2625 3236 2862 3306 paralleli
2895 3233 3035 3294 dicta
3077 3255 3169 3310 per
3199 3251 3410 3295 utrum-

1877 3335 1981 3390 que
2025 3321 2164 3377 ldem
2201 3323 2563 3380 declarantes.
2599 3323 2749 3395 Saepe
2783 3333 2962 3382 tamen
2998 3343 3286 3398 personam
3344 3332 3410 3386 ah

1881 3411 2154 3481 hypostasi
2181 3410 2537 3481 distinguunt,
2566 3427 2850 3484 personam
2877 3427 3149 3484 vocantes,
3173 3430 3409 3475 mutuam

1883 3497 2016 3552 inter
2050 3497 2318 3568 quasdam
2356 3490 2668 3558 relationem
2696 3520 2708 3557 :
2746 3515 2904 3573 quam
2937 3519 3179 3575 persona:
3205 3509 3410 3577 signifi-

1881 3589 2144 3642 cationem
2204 3603 2309 3643 non
2363 3589 2574 3660 ignorat
2630 3599 2925 3647 consuetus
2973 3609 3123 3650 usus.
3175 3595 3412 3653 Dicimus

1881 3677 2021 3730 enim
2050 3692 2061 3730 :
2086 3674 2174 3732 ille
2195 3691 2365 3732 meam
2399 3691 2681 3748 personam
2711 3683 3006 3751 assumpsit
3033 3699 3044 3750 ;
3069 3691 3121 3738 et
3149 3703 3159 3739 :
3183 3682 3236 3738 in
3270 3686 3414 3743 illius

1881 3777 2112 3834 persona
2135 3763 2495 3819 vadimonium
2523 3765 2681 3822 stitit.
2704 3764 2831 3823 item
2853 3767 3160 3837 pra-fectum
3183 3771 3415 3828 dicinms

1882 3867 2163 3922 personam
2198 3867 2384 3923 gerere
2417 3853 2785 3926 imperatoris.
2818 3855 3025 3914 Exinde
3064 3859 3154 3927 qui
3181 3860 3415 3917 Nestor-ii

1886 3941 2098 4010 placitis
2124 3941 2418 4008 adhaerent,
2451 3957 2575 3999 eum
2610 3958 2770 3999 unam
2807 3944 2860 4000 in
2892 3943 3109 4003 Christo
3147 3957 3416 4014 naturam,

1889 4043 2158 4100 unamque
2207 4031 2539 4102 hypostaslm
2596 4034 2880 4090 admittere
2936 4035 3239 4109 refugiant;
3294 4041 3420 4110 quia

1886 4135 2061 4190 nequo
2103 4127 2441 4203 naturarum,
2503 4139 2674 4194 neque
2711 4123 3074 4195 hypostasium
3124 4131 3420 4184 secundum

1887 4212 2029 4279 ipsas
2062 4210 2385 4279 protitentur
2425 4213 2702 4274 unionem.
2737 4211 2828 4267 sed
2863 4212 3040 4267 Marha
3073 4213 3268 4270 Filium
3305 4231 3421 4270 mr-

1889 4313 2004 4353 rum
2029 4306 2157 4354 ‘esse
2184 4296 2482 4364 hominem,
2511 4300 2605 4370 qui
2643 4300 2826 4356 divina
2863 4301 2979 4358 luce
3012 4303 3261 4373 perfusus
3304 4305 3422 4361 fuc-

1815 4412 1859 4471 ο
1890 4386 1979 4452 rit,
2010 4385 2236 4458 ideoque
2262 4389 2484 4458 reliquis
2515 4391 2768 4447 omnibus
2790 4391 3014 4447 Deiferia
3034 4395 3165 4449 viris
3187 4397 3422 4449 antecel-

1883 4477 2064 4540 luerit,
2095 4474 2415 4547 in'quorum
2446 4493 2769 4549 unoquoque
2797 4481 3141 4549 particularis
3163 4483 3424 4537 duntaxat

1883 4567 1984 4622 fuit
2047 4569 2344 4622 illustratio
2384 4585 2395 4621 :
2431 4576 2485 4620 at
2541 4567 2894 4623 nihilominus
2961 4585 3170 4625 summa
3228 4571 3423 4627 ilducia

1883 4667 2042 4707 unam
2076 4669 2196 4710 esse
2239 4653 2440 4710 Christi
2479 4671 2763 4724 personam
2799 4657 3061 4712 anirmare
3113 4673 3219 4713 non
3259 4659 3422 4715 dubl-

1882 4752 2018 4806 tant,
2070 4741 2442 4797 habitudinem
2484 4741 2576 4798 Dei
2609 4745 2766 4800 Verbi
2803 4761 2994 4802 versus
3040 4748 3309 4803 hominem
3357 4766 3424 4806 cx

1885 4830 2052 4885 Maria
2110 4835 2371 4901 genitum,
2433 4847 2594 4887 unam
2659 4849 2941 4904 personam
3009 4849 3421 4910 nuncupantcs;

1889 4921 2144 4988 quoniam
2187 4937 2401 4976 omnem
2448 4922 2536 4978 ille
2592 4923 3258 4993 divinammconomiam,
3314 4929 3427 4984 dis-

1889 5009 2368 5080 pensationemve,
2413 5011 2464 5065 in
2508 5027 2737 5082 persona
2787 5015 3090 5071 divinitatis
3134 5016 3223 5073 Dei
3263 5017 3423 5075 Verbi

1887 5099 2254 5169 Operabatur,
2316 5116 2378 5156 ac
2437 5112 2718 5171 propterea
2780 5109 3161 5161 contumeliam
3219 5108 3425 5165 homini

1885 5182 2100 5244 illatam'
2131 5191 2182 5244 in
2221 5191 2381 5245 Deum
2406 5191 2524 5261 jure
2559 5195 2781 5260 referri;
2816 5197 2940 5265 quia
2962 5211 3078 5266 qua:
3107 5212 3136 5251 a
3165 5201 3426 5267 subjectis

1888 5293 2011 5348 erga
2068 5279 2379 5348 praefectum
2432 5283 2716 5338 exhibetur
2759 5291 3058 5349 veneratio,
3099 5293 3189 5340 aut
3232 5299 3428 5342 conlu-

1889 5368 2064 5432 melia,
2097 5367 2148 5421 in
2182 5369 2357 5439 ipsum
2393 5371 2627 5426 refertur
2660 5373 3057 5442 imperatorem.
3088 5375 3235 5432 lianc
3265 5391 3427 5449 porro

1367 5574 1372 5578 _
1475 5535 1701 5590 VARI/li
1742 5535 2135 5592 LECTIONES.

242 5635 505 5758 teriugo
569 5640 884 5713 ἀδίαφδρωςν
935 5655 987 5698 ut
1025 5647 1180 5700 inira.

1298 5645 1319 5684 ¹τ
1354 5650 1438 5704 Sic
1501 5649 1560 5704 li.
1621 5651 1741 5705 rod.
1778 5651 1934 5714 2951,
1971 5648 2034 5706 ιι.
2059 5651 2196 5706 2308
2236 5649 2307 5706 ὧν
2337 5653 2392 5706 τέ
2446 5653 2589 5711 ἔστιν
2647 5652 2782 5722 εἶδος
2837 5659 2938 5712 ὑπὸ
2976 5663 3034 5715 τὸ
3075 5665 3256 5730 γένος,
3288 5663 3424 5735 μήτε
