4198 6492
757 373 853 442 751

1901 371 1961 433 ει.
2003 371 2317 432 JOANNIS
2353 371 2768 434 musaeum
2825 450 2827 452 l
2868 339 2879 350 ’

3845 376 3954 443 751

761 483 1102 545 relationem,
1134 477 1334 535 Christi
1376 477 1819 534 denominatione
1863 477 2134 534 declarari
2179 491 2311 534 con-
2338 487 2378 546 Α

2421 479 2705 552 ίηλωτικὴν
2733 477 2865 538 εῐναί
2891 495 3052 551 φασιν
3079 497 3091 516 ⁶
3127 483 3249 538 ὅθεν
3276 487 3364 539 καὶ
3387 483 3620 554 Χριστὸν
3640 485 3735 542 ινα
3770 485 3957 540 καλεῖν

761 571 992 627 tendunt
1019 589 1030 626 :
1062 571 1202 624 unde
1235 577 1286 623 et
1323 567 1602 622 Christum
1640 580 1808 621 unttm
1850 579 2048 623 vocare
2076 579 2184 623 non
2213 563 2312 623 duo

757 661 964 727 biant;
1003 657 1469 730 quandoquidem,
1525 663 1582 710 ut
1638 655 1900 720 diximus,
1947 655 2141 713 relatio
2203 667 2308 712 una

758 757 864 814 est,
886 751 990 806 etsi
1020 750 1187 804 multa
1215 753 1361 810 sunt,
1391 761 1510 816 qua
1539 747 1685 800 illam
1710 745 2057 816 participem.
2089 748 2308 802 Clarum

759 841 940 909 itaque
970 853 1091 892 esse
1120 851 1238 890 reor
1267 837 1354 898 iis,
1380 835 1470 904 qui
1505 835 1570 890 de
1602 835 1982 891 incarnatione
2013 835 2308 890 Saivatoris

761 930 1424 999 religiosesentiuntmos,
1445 943 1567 981 cum
1594 943 1755 982 unam
1783 927 1987 983 Christi
2019 943 2305 997 personam

759 1021 1103 1090 proﬁtemur,
1182 1033 1290 1074 non
1347 1017 1503 1088 iuxta
1560 1015 2011 1072 Ncstorianornm
2072 1025 2305 1071 mentem

759 1123 1002 1179 persona
1031 1121 1227 1160 nomen
1259 1105 1325 1160 ad
1358 1105 1658 1174 simplicem
1711 1101 1805 1158 Dei
1856 1115 1984 1173 erga
2034 1103 2306 1158 hominem

763 1197 1036 1259 aﬂ'ectum,
1084 1199 1190 1249 'aut
1232 1193 1600 1249 habitudinem
1647 1189 1876 1259 referre;
1933 1191 2024 1248 sed
2057 1193 2120 1248 ad
2153 1205 2306 1248 eum-

757 1285 878 1340 dem
911 1299 1128 1340 seasum
1179 1283 1487 1355 hypostasis
1514 1289 1568 1336 et
1598 1295 1846 1352 personat
1891 1283 2304 1354 appellationem

2405 569 2666 635 ἀξιοῦσιν,
2701 570 2824 624 επεὶ
2869 573 3018 643 καὶὴ
3051 571 3255 642 σχίσις,
3301 571 3375 637 ὡς
3410 574 3644 645 εἴρηται,
3685 573 3806 646 μία,
3851 573 3960 630 κάν

2406 657 2622 711 πλείονα
2653 659 2738 729 εἴη
2764 660 2833 713 τά
2869 659 3073 731 ταύτης
3105 663 3418 732 μετέχοντα.
3457 660 3658 733 Δηλοῦν
3677 659 3771 718 οὑν
3800 661 3958 737 οἶμαι

2402 749 2512 810 τοῖς
2535 747 2814 802 εὑσιδοῦσι
2839 753 2962 817 περὶ
2991 751 3085 821 τὴν
3114 747 3208 803 τοῦ
3239 751 3489 822 Σωτῆρος
3518 751 3957 825 ενανορώπησιν,

2403 833 2475 897 ὡς
2521 835 2578 886 ἓν
2611 835 2747 888 εἶναι
2777 837 2871 888 τοῦ
2898 837 3132 906 Χριστοῦ
3159 841 3217 890 τὸ
3249 839 3536 908 πρόσωπον
3576 841 3733 910 ἡμεῖς
3773 841 3961 909 λίγον-

2403 937 2512 989 τες,
2543 925 2638 993 οὑχ
2669 923 2741 987 ὡς
2783 929 2895 988 τοῖς
2921 927 3211 995 Νεστορίου
3240 927 3411 996 φίλοις
3440 927 3634 995 ιδοεεν,
3662 931 3747 982 επ*
3785 929 3960 997 αὑτῆς

2403 1013 2500 1082 τῆς
2524 1011 2682 1084 ψιλῆς
2716 1015 2952 1084 σχέσεως
2984 1015 3076 1067 τοῦ
3107 1015 3242 1070 Θεοῦ
3275 1015 3407 1085 πρός
3435 1019 3527 1072 τὸν
3553 1017 3866 1089 ἀνθρωπον,
3893 1017 3959 1087 τῇ

2405 1103 2498 1156 τοῦ
2526 1103 2818 1172 προσώπου
2849 1105 3184 1176 προσηγορίᾳ
3201 1104 3458 1176 χρώμεθα
3483 1117 3496 1135 ⁸
3521 1105 3688 1171 οὑτως
3711 1109 3962 1176 λεγοντες

2403 1194 2464 1246 τὸ
2495 1189 2630 1246 εἶναι
2662 1193 2722 1246 τὸ
2759 1191 2991 1263 Χριστοῦ
3039 1195 3350 1265 πρόσωπον,
3391 1195 3465 1259 ὡς
3509 1195 3796 1268 ἀνθρώπου
3828 1199 3962 1268 μίαν

2406 1283 2720 1346 ὑπόστασιν,
2753 1282 2957 1354 Πέτρου
2981 1285 3159 1354 τυχὸν,
3187 1283 3218 1354 ἢ
3249 1282 3484 1339 Παύλου.

759 1389 1042 1445 usurpare.
1087 1371 1444 1439 Quamobrem
1499 1383 1662 1424 unam
1690 1370 2207 1440 Christipersonam
2241 1383 2360 1427 esse
2391 1369 2644 1436 dicimus,
2677 1371 2820 1425 velut
2871 1383 3037 1426 unam
3091 1371 3330 1428 hominis
3387 1375 3748 1444 hypostasim,
3809 1375 3959 1431 Petri

758 1477 908 1538 puta,
939 1467 1020 1520 vel
1057 1461 1233 1517 Pauli.

825 1557 944 1612 iam
975 1569 1102 1608 vero
1137 1551 1264 1606 illud
1294 1563 1510 1620 quoque
1544 1565 1664 1602 cum
1702 1549 1821 1603 aliis
1853 1549 2296 1617 praemonendum

757 1649 916 1702 nobis
955 1653 1034 1698 cst
1077 1659 1090 1695 :
1123 1641 1510 1695 humanitatem
1536 1637 1737 1692 Christi
1771 1653 1836 1692 ne
1866 1637 1945 1692 vel
1974 1653 2137 1708 quam
2177 1639 2302 1693 bre-

755 1737 980 1790 vissimo
1028 1741 1272 1800 tempore
1322 1729 1631 1784 substitisse
1686 1729 2052 1782 non'nnitam
2088 1727 2303 1795 Verbo;

755 1821 850 1879 sed
874 1818 1036 1876 simul
1067 1833 1130 1872 ac
1161 1819 1215 1872 iu
1248 1829 1423 1870 rerum
1450 1823 1696 1870 naturam
1733 1817 1950 1884 prodire
1978 1817 2159 1885 cmpit,
2197 1831 2305 1870 una

755 1908 1034 1976 accepisse
1069 1905 1324 1958 unionem
1361 1917 1483 1956 cum
1517 1901 1718 1957 Verbo.
1756 1903 1824 1957 At
1865 1911 2114 1958 naturam
2159 1905 2304 1959 illam
2336 1889 2378 1945 Β

754 1995 899 2050 omni
936 1991 1290 2050 subsistentia
1323 1987 1639 2045 destitutam
1679 1994 1991 2062 neutiquam
2027 1991 2302 2058 diximus;

755 2087 953 2157 quippe
1005 2073 1145 2153 quas
1177 2080 1509 2150 peculiarem
1567 2093 1676 2150 prae
1735 2081 1942 2136 caneris
1992 2081 2305 2139 hominibus

754 2173 1086 2232 subsistendi
1117 2171 1336 2226 modum
1367 2171 1637 2236 habuerit,
1675 2171 2162 2243 exsistentiamque
2192 2173 2306 2229 suis

754 2263 1227 2332 circumscriptam
1282 2261 1557 2324 terminis,
1611 2273 1674 2314 ac
1724 2261 2151 2332 proprietatibus
2183 2263 2305 2332 qui-

751 2353 981 2412 busdam
1011 2369 1039 2408 a
1071 2349 1345 2407 communi
1388 2359 1705 2406 cmterorum
1743 2361 1938 2406 natura
1986 2351 2304 2408 discretam.

751 2447 808 2502 id
842 2445 1046 2516 quippe
1079 2441 1388 2514 signiﬁcare
1439 2439 1755 2512 hypostasis
1804 2431 2001 2497 no'men
2052 2441 2308 2514 superius

753 2536 1114 2592 ostendimus.
1190 2534 1588 2602 Quapropter,
1669 2531 1815 2587 sicut
1893 2531 1947 2586 in
2026 2531 2309 2587 divinitate

752 2624 952 2683 Christi
990 2631 1238 2679 naturam
1271 2630 1324 2677 et
1361 2621 1694 2692 hypostasim
1727 2623 2090 2690 contltemur;
2148 2621 2305 2694 100

754 2715 1114 2771 consimiliter
1155 2713 1209 2766 in
1248 2711 1372 2782 ejus
1425 2711 1766 2767 immanitate
1807 2709 2004 2781 ipsius,
2051 2723 2110 2766 ut
2145 2721 2306 2768 natu-

753 2821 891 2868 ram,
942 2806 1013 2859 ita
1067 2811 1121 2858 et
1184 2801 1520 2872 singuirem
1585 2799 1728 2855 hanc
1788 2799 2122 2872 hypostasim
2176 2815 2310 2856 con-

755 2897 891 2951 literi
928 2907 1214 2949 necessum
1260 2899 1383 2959 est;
1420 2907 1506 2957 ne,
1558 2897 1619 2946 ut
1663 2889 1811 2956 dixi,
1862 2899 2114 2945 naturam
2163 2889 2309 2946 illam

753 2979 1124 3038 subsistentia
1167 2985 1441 3048 expertem
1475 2991 1596 3033 esse
1629 2980 1990 3048 pronuntiare
2026 2991 2308 3049 cogamur.

754 3072 809 3128 id
866 3073 1012 3127 enim
1065 3077 1299 3134 constat,
1361 3067 1508 3140 quod
1571 3069 1717 3123 inter
1768 3067 2047 3124 individua
2107 3075 2313 3123 natura:

755 3159 1032 3216 communi
1081 3157 1421 3228 subiacentis
1473 3155 2080 3213 cxstiteritSalvatoris
2119 3157 2312 3212 huma-

757 3255 922 3308 nitas.

830 3339 923 3394 llis
975 3353 1039 3394 ex
1090 3335 1280 3391 ordine
1335 3343 1386 3390 et
1444 3335 1592 3389 clare
1656 3335 2183 3405 expllcatis,~atque
2241 3335 2311 3391 ab

757 3431 1030 3493 omnibus,
1090 3435 1146 3482 ut
1199 3441 1343 3492 reor,
1400 3427 1678 3488 admissis.
1736 3427 1918 3482 dicant
1975 3423 2157 3490 nobis,
2216 3425 2309 3495 qui

759 3509 981 3576 naturas
1030 3520 1167 3574 duas
1224 3519 1277 3573 in
1329 3517 1582 3585 Christo,
1639 3531 1702 3572 ac
1751 3529 1914 3572 unam
1971 3517 2308 3589 ltypOslasim

758 3617 1046 3673 statuunt,
1080 3605 1297 3676 quando
1346 3605 1504 3659 umbo
1549 3603 1636 3658 illa
1684 3619 1804 3674 quas
1837 3603 1987 3657 unita
2030 3609 2176 3669 sunt,
2210 3617 2309 3658 na-

757 3711 934 3756 turam
971 3697 1130 3752 simul
1175 3703 1228 3751 ct
1262 3695 1627 3766 hypostasim,
1664 3697 1978 3748 necessario
2006 3691 2218 3761 hahuit,
2252 3701 2310 3748 ut

755 3789 1188 3844 demonstratum
1245 3793 1349 3848 est,
1414 3799 1482 3838 an
1537 3785 1822 3855 aequaliter
1878 3791 2196 3851 naturarum
2258 3789 2311 3840 et

758 3879 1135 3951 hypostasium
1166 3877 1533 3932 conﬁteantur
1577 3875 1774 3932 factam
1816 3873 1986 3933 fuisse
2015 3877 2306 3944 unionem;

754 3969 840 4025 vel
893 3969 1202 4026 existiment
1257 3965 1429 4036 magis
1483 3966 1667 4021 unitas
1723 3963 2044 4036 hypostases
2101 3965 2308 4031 fuisse,

754 4071 879 4113 cum
940 4075 1006 4112 ex
1053 4057 1267 4110 duabus
1318 4069 1424 4109 una
1474 4053 1823 4122 substiterit;
1876 4053 2061 4112 minus
2125 4065 2308 4111 autem

755 4157 1021 4214 naturas;
1069 4147 1209 4202 unde
1252 4156 1304 4201 et
1357 4147 1476 4201 duae
1525 4155 1645 4216 post
1693 4145 1995 4201 unitiOnem
2034 4161 2309 4202 remanse-

754 4239 888 4295 rint.

828 4327 954 4380 Post
996 4325 1100 4378 alia
1131 4325 1181 4378 in
1210 4325 1412 4394 quibus
1439 4321 1663 4394 exponit
1685 4337 1790 4392 qua
1815 4321 2026 4379 ratione
2055 4323 2311 4379 substan-

756 4417 830 4471 tia
863 4414 1034 4483 niagis
1073 4421 1125 4467 et
1157 4414 1336 4466 mintts
1368 4427 1474 4466 non
1503 4411 1749 4482 recipiat,
1781 4411 2063 4482 subiungit
2095 4429 2106 4465 :

829 4505 1001 4560 Unam
1032 4503 1248 4574 quidem
1281 4509 1532 4570 naturam
1581 4519 1722 4569 esse,
1750 4519 1870 4575 quas
1911 4505 2111 4560 multas
2138 4503 2312 4575 hypo-

2477 1547 2876 1618 Προδιηγείσθω
2901 1549 2955 1602 δι
2988 1551 3117 1620 ἡμῖν
3141 1551 3278 1619 μετά
3302 1551 3410 1605 τῶν
3449 1550 3620 1607 ἀλλων
3653 1554 3745 1608 καὶ
3773 1559 3957 1610 τοῦτο·

2408 1639 2538 1692 ὡσεὶ
2562 1641 2651 1691 καὶ
2675 1641 2740 1692 τά
2763 1636 2992 1709 μάλιστα
3029 1639 3162 1709 μηδι
3196 1639 3286 1694 τὸν
3305 1643 3536 1712 τυχόντα
3563 1643 3751 1713 χρόνον
3780 1649 3956 1716 χωρὶς

2407 1727 2502 1795 τῆς
2557 1727 2689 1797 πρὸς
2713 1727 2800 1779 τόν
2837 1727 3007 1794 Λόγον
3043 1725 3286 1790 ἑνώσεως
3313 1727 3372 1780 τὸ
3393 1727 3726 1799 ἀνθρώπινον
3750 1733 3962 1804 ὑπέστη

2409 1817 2505 1870 τοῦ
2533 1815 2789 1888 Χριστοῦ,
2825 1817 2937 1870 ἀλλ’
2959 1817 3075 1887 ἅμα
3102 1833 3158 1870 τε
3189 1818 3290 1886 τὴν
3316 1819 3490 1888 ἀρχὴν
3511 1817 3605 1889 τῆς
3632 1821 3712 1884 είς
3730 1821 3789 1874 τὸ
3819 1821 3963 1875 εἴναι

2408 1905 2662 1978 παρόδου,
2699 1908 2789 1959 καὶ
2809 1909 2908 1977 τὴν
2941 1907 3076 1978 πρὸς
3104 1906 3196 1959 τὸν
3237 1907 3408 1975 Λόγον
3433 1905 3718 1979 ἀνείληφεν
3741 1909 3961 1964 ινωσιν·

2408 1995 2522 2050 ἀλλ’
2554 1995 2651 2047 οὑκ
2683 1989 3198 2047 ινυπόστατον-εῐναί
3218 2009 3396 2063 φαμεν
3421 1995 3519 2064 τὴν
3541 1997 3701 2063 φύσιν
3722 1999 3962 2067 εκείνην,

2403 2085 2548 2157 ἢπερ
2579 2083 2943 2138 ίδιοσύστατον
2996 2077 3140 2154 εἶχεν
3177 2085 3314 2154 πρὸς
3346 2083 3471 2146 τοὺς
3501 2081 3719 2148 λοιποὺς
3749 2083 3968 2155 ἀνθρὼι

2407 2193 2537 2239 πους
2564 2176 2656 2227 καὶ
2682 2173 3124 2245 ιδιοπερίγραφον
3156 2171 3254 2244 τὴν
3286 2171 3542 2244 ὕπαρξιν,
3581 2173 3828 2244 ιδιώμασί
3851 2189 3967 2226 τισι

2406 2265 2557 2336 παρά
2581 2265 2677 2334 τὴν
2709 2265 2894 2335 κοινὴν
2927 2265 3088 2333 φύσιν
3117 2265 3224 2317 τῶν
3252 2263 3455 2317 λοιπῶν
3477 2263 3731 2317 ἀπάντων
3755 2261 3966 2330 διακρι-

2407 2355 2657 2427 νομένην.
2687 2351 2857 2408 Τοῦτο
2871 2353 2976 2423 γάρ
3003 2351 3287 2424 σημαίνειν
3310 2353 3511 2424 ἀρτίως
3536 2349 3595 2404 τδ
3620 2349 3970 2420 τῆςὺποστά-

2410 2459 2542 2509 σεως
2575 2441 2856 2513 ἐδείξαμεν
2916 2443 3106 2513 δνομα.
3142 2440 3254 2496 Οὐκ
3285 2437 3377 2497 οὖν
3407 2441 3480 2506 ὡς
3514 2441 3604 2494 ἐπὶ
3641 2439 3738 2509 τῆς
3777 2439 3969 2510 θεότη-

2407 2555 2498 2601 τος
2537 2535 2629 2590 τοῦ
2665 2534 2924 2606 Χριστοῦ,
2962 2537 3056 2589 καὶ
3090 2535 3250 2605 φύσιν
3291 2535 3459 2604 αὑτῆς
3516 2536 3611 2588 καὶ
3667 2533 3971 2586 ὑπόστασιν

2409 2625 2797 2697 ὁμολογοῦμεν,
2839 2623 3011 2687 οὕτως
3068 2621 3237 2695 δήπου
3261 2623 3355 2678 καὶ
3415 2623 3510 2677 ἐπὶ
3552 2621 3652 2692 τῆς
3683 2619 3971 2691 ἀνθρωπό-

2409 2731 2566 2786 τητος
2595 2713 2781 2777 αὑτοῦ,
2817 2715 3004 2785 ὥσπερ
3058 2711 3238 2783 φύσιν,
3297 2711 3470 2776 οὑτως
3519 2711 3613 2766 καὶ
3649 2711 3746 2784 τὴν
3795 2711 3971 2785 ιδικὴν

2409 2805 2610 2877 ταύτην
2634 2807 2912 2877 ὁμολογεῖν
2952 2801 3249 2860 ὑπόστασιν
3279 2803 3517 2873 ἀνάγκη,
3551 2803 3636 2857 ἵνα
3667 2803 3742 2874 μὴ
3761 2803 3970 2857 ἀνυπό-

2413 2913 2626 2963 στατον,
2685 2893 2874 2966 ὥσπερ
2915 2895 3132 2967 εἴρηκα,
3198 2893 3296 2965 τὴν
3350 2893 3512 2963 φύσιν
3540 2893 3756 2963 εκείνην
3786 2891 3970 2962 λέγειν

2412 2987 2874 3058 ἀναγκαζώμεθα.
2924 2987 3019 3039 Ἕν
3074 2982 3179 3056 γὰρ
3228 2985 3403 3055 δῆλον,
3450 2983 3529 3037 ότι
3571 2981 3677 3036 τῶν
3717 2983 3820 3038 ὑπο
3868 2985 3972 3057 τὴν

2417 3077 2603 3147 κοινὴν
2651 3075 2811 3146 φύσιν
2859 3073 3157 3128 τελούντων
3215 3073 3453 3141 ἀτόμων,
3501 3069 3685 3126 τὸτοῦ
3720 3071 3970 3145 Σωτῆρος

2419 3167 2663 3240 ὑπῆρχεν
2694 3162 2787 3220 ἀνθ
2800 3163 3053 3237 ρώπινον.

2490 3341 2704 3394 Τούτων
2753 3339 2895 3393 οὕτω
2943 3337 3430 3409 διευκρινουμίνων
3485 3332 3686 3403 σαφῶς,
3732 3336 3827 3389 καὶ
3866 3335 3970 3389 ὑπδ

2417 3429 2653 3489 πάντων,
2691 3421 2863 3497 οἶμαι,
2896 3421 3385 3495 συμφωνουμένων,
3426 3419 3732 3489 λεγέτωσαν
3755 3420 3885 3491 ἡμῖν
3921 3419 3969 3474 οι

2416 3519 2509 3574 δύο
2538 3515 2791 3582 εἷναιτάς
2823 3515 2916 3569 τοῦ
2946 3513 3182 3586 Χριστοῦ
3225 3510 3435 3580 φύσεις,
3480 3509 3607 3581 μίαν
3637 3511 3693 3563 δὲ
3731 3510 3968 3563 ὑπόστα-

2420 3626 2502 3666 σιν
2543 3607 2942 3679 ύποτιθίμινοι,
2980 3602 3170 3676 ἐπειδὴ
3200 3601 3309 3656 τῶν
3340 3601 3644 3656 ἑνωθέντων
3683 3599 3965 3672 ἑκάτερον,

2419 3701 2578 3773 φύσιν
2607 3717 2665 3753 τε
2699 3699 2814 3770 ἃμα
2872 3695 2961 3751 καὶ
2994 3695 3290 3750 ὑπόστασιν
3320 3690 3377 3758 ἐξ
3424 3691 3666 3762 ἀνάγκης
3697 3685 3864 3762 εἶχεν,
3897 3691 3970 3755 ὡς

2417 3795 2444 3848 ό
2498 3791 2653 3861 λόγος
2688 3787 2904 3856 ἔδειξεν,
2929 3788 3157 3858 πότερον
3204 3781 3482 3854 ὀμοτίμως
3530 3781 3636 3837 τῶν
3664 3795 3722 3835 τε
3759 3783 3968 3850 φύσεων

2419 3885 2510 3938 καὶ
2545 3881 2893 3936 ὑποστάσεων
2942 3873 3260 3947 ὁμολογοῦσι
3313 3871 3594 3948 γεγονέναι
3625 3873 3721 3942 τὴν
3755 3869 3967 3936 ινωσιν,

2417 3972 2449 4044 ἦ
2481 3973 2675 4045 μᾶλλον
2706 3967 2941 4043 ἡνῶσθαι
2969 3965 3067 4030 τὰς
3089 4037 3094 4043 1
3117 3963 3444 4027 ὑποστάσεις
3471 3961 3691 4045 οἴονται,
3727 3955 3851 4016 επεὶ
3877 3961 3967 4015 καὶ

2422 4042 2624 4132 piata
2672 4042 2874 4128 ἀμφοῖν
2927 4042 3224 4115 ὑπόστασις
3279 4049 3536 4120 γίγονεν·
3585 4042 3746 4121 ἧττον
3777 4045 3835 4101 ει
3876 4047 3967 4111 τὰς

2419 4149 2626 4219 φύσεις,
2675 4147 2795 4201 ὅθεν
2847 4148 2940 4198 καὶ
2998 4140 3092 4197 δύο
3139 4141 3277 4212 μετά
3331 4139 3430 4210 τὴν
3475 4135 3668 4192 ινωσιν
3728 4141 3966 4209 μεμενή-

2419 4256 2563 4296 κασι.

2491 4329 2596 4382 Καὶ
2617 4325 2731 4398 μεθ’
2784 4325 2948 4395 ἕτερα
2973 4325 3029 4375 ιν
3077 4315 3155 4385 οἷς
3206 4317 3491 4392 γυμνάζει,
3551 4317 3631 4372 ὅτι
3666 4317 3725 4370 τδ
3771 4315 3967 4387 μᾶλλον

2419 4419 2508 4472 καὶ
2530 4415 2690 4490 ἦττον
2717 4419 2748 4486 ἡ
2771 4413 2924 4468 οὑσία
2958 4413 3055 4466 οὑκ
3095 4409 3423 4481 ίπιδέχεται,
3460 4409 3619 4463 πάλιν
3657 4409 3670 4448 ι
3710 4407 3899 4477 φησίν.

2491 4507 2632 4563 Μίαν
2665 4508 2764 4577 μὲν
2791 4509 2896 4574 γαρ
2930 4499 3089 4572 φύσιν
3139 4499 3398 4554 πλειόνων
3439 4497 3964 4566 ὑποστάσεωνλενερο

757 4604 930 4653 stascs
970 4593 1291 4657 constituat,
1343 4593 1485 4663 apud
1547 4609 1741 4649 omnes
1771 4574 1916 4649 esse
1970 4574 2309 4665 compertum
2343 4574 2378 4632 n

2421 4574 2927 4670 ·γητικὴνέναργις
2985 4591 3138 4664 οἶμαι
3199 4591 3489 4661 τυγχάνειν
3537 4589 3762 4643 ἀπασιν.
3815 4584 3966 4640 Οῦτω

755 4685 1012 4742 arbitror.
1044 4683 1121 4738 ita
1155 4681 1315 4752 igitur
1344 4697 1503 4737 unam
1547 4697 1670 4738 esse
1717 4681 2019 4739 divinitatis
2055 4688 2309 4737 naturam

754 4769 1098 4836 confitentes,
1153 4779 1264 4826 tres
1301 4769 1476 4840 ipsius
1526 4783 1647 4826 esse
1684 4771 2012 4842 hypostases
2063 4784 2309 4843 pronun-

755 4863 983 4918 tiamus.
1023 4861 1125 4915 Sed
1157 4865 1209 4914 et
1243 4857 1522 4914 hominum
1552 4871 1770 4930 quoque
1806 4875 1910 4914 una
1945 4867 2029 4916 est
2078 4865 2311 4923 natura;

751 4965 876 5021 quin
913 4951 1008 5018 ipsi
1050 4949 1286 5004 subsunt
1317 4947 1736 5020 hypostasibus,
1788 4949 1840 5004 in
1888 4946 2151 5004 intlnltam
2198 4949 2312 5005 fere

752 5037 1165 5095 multitudinem
1199 5036 1523 5108 protensis:
1572 5043 1624 5094 et
1673 5039 1754 5095 sic
1802 5039 1856 5095 in
1905 5039 2048 5095 aliis.
2092 5037 2310 5094 Netum

751 5125 892 5195 dum,
941 5141 1062 5198 qua:
1115 5123 1427 5182 duaiitatem
1482 5123 1780 5192 secundum
1838 5143 2122 5183 numerum
2179 5127 2310 5183 reti-

752 5225 915 5274 neant
937 5233 1096 5273 uuam
1117 5216 1325 5271 cﬂtcere
1358 5217 1691 5288 hypostasim
1719 5234 1823 5273 non
1855 5227 2117 5290 possunt:
2149 5219 2309 5288 idque

753 5323 860 5360 non
893 5307 1209 5360 inductione
1263 5304 1436 5359 solum
1481 5305 1849 5378 singulariur'n
1900 5309 2132 5378 probare
2187 5305 2311 5363 licet

749 5393 881 5465 (quo
911 5397 1052 5451 cuitu
1091 5403 1250 5465 pacto
1305 5409 1409 5449 una
1465 5393 1601 5450 foret
1635 5397 1855 5467 lapidis,
1911 5413 1972 5453 nc
2016 5399 2167 5470 ligni,
2215 5409 2308 5453 aut

2414 4691 2541 4758 γοῦν
2570 4687 2696 4757 μίαν
2723 4681 2860 4741 εἶναι
2903 4683 3062 4754 φύσιν
3107 4680 3203 4751 τῆς
3261 4678 3506 4752 θεότητος
3564 4675 3966 4749 όμολογοῦντες,

2413 4781 2560 4850 τρεῖς
2584 4775 2723 4830 εἶναι
2758 4775 2855 4840 τας
2887 4773 3210 4836 ὑποστάσεις
3234 4771 3403 4841 αὑτῆς
3438 4767 3835 4841 πρεσϐεύομεν.
3868 4767 3970 4821 Καὶ

2416 4863 2715 4936 ἀνθρώπων
2763 4863 2817 4918 δὲ
2858 4862 2954 4934 μία
3022 4863 3168 4916 ἐστὶν
3223 4863 3254 4932 ἠ
3310 4863 3487 4930 φύσις,
3534 4857 3641 4912 τῶν
3669 4855 3761 4910 ὑπ’
3801 4855 3968 4926 αὑτὴν

2417 4952 2764 5011 ὑποστάσεων
2817 4951 2901 5005 ἐπ’
2951 4949 3177 5022 ἄπειρον
3233 4945 3416 5020 σχεδὸν
3463 4943 3850 5014 ίκτεινομίνων
3899 4940 3969 5014 τῷ

2419 5043 2631 5115 πλήθει,
2663 5045 2753 5099 καὶ
2789 5045 2892 5097 ἐπΐ
2909 5041 3016 5096 τῶν
3083 5037 3256 5095 ἀλλων
3317 5036 3611 5099 ὡσαύτως·
3650 5035 3744 5089 δύο
3786 5037 3971 5104 φύσεις

2421 5129 2694 5199 σωζούσας
2728 5133 2847 5187 κατ’
2881 5129 3112 5202 ἀριθμὸν
3138 5131 3236 5199 τὴν
3266 5124 3449 5190 δυάδα,
3488 5123 3614 5197 μίαν
3646 5123 3967 5178 ἀποτελεσαι
3991 5121 4005 5134 ⁸

2421 5219 2714 5275 ὑπόστασιν
2775 5217 3053 5274 ἀδύνατον.
3107 5215 3213 5270 Kal
3275 5215 3430 5268 τοῦτο
3481 5213 3539 5266 ού
3590 5211 3753 5282 μόνον
3783 5211 3848 5263 εκ
3878 5211 3968 5279 τῆς

2418 5311 2524 5364 τῶν
2551 5311 2684 5363 κατά
2717 5309 2877 5380 μέρος
2912 5307 3155 5362 ἑκάστων
3205 5303 3496 5373 επαγιιιγῆς
3549 5301 3663 5356 ἔστι
3698 5301 3973 5355 πιστώσαο

2422 5401 2543 5452 σθαι
2576 5397 2711 5464 (πῶς
2741 5399 2844 5469 γὰρ
2874 5397 2937 5452 ἀν
2963 5397 3045 5467 εἴη
3075 5395 3220 5450 λίθου
3250 5391 3344 5448 καὶ
3395 5391 3549 5458 ξύλου
3593 5389 3690 5461 μία
3735 5387 3966 5445 ὑπόστα-

2050 5597 2279 5656 νΑιιιΑῑ
2314 5585 2704 5656 LECTiONics.

821 5683 840 5726 ί
876 5679 940 5739 Β.
977 5681 1106 5738 2951
1146 5683 1202 5734 tv
1234 5683 1308 5753 τῷ
1357 5683 1397 5748 ζ’
1430 5684 1623 5753 κεφαλ.
