4198 6492
254 431 358 494 753

1394 427 1488 486 DE
1515 425 1804 485 ILERESI
1815 425 1955 485 BUS
1992 427 2240 488 LIBER.

3311 424 3417 490 ’154

251 552 354 599 σις,
377 535 654 589 τουτιστιν
678 535 874 604 ἀτομον
896 533 1027 605 lvd)
1064 532 1203 605 βοὸς,
1243 529 1334 584 καὶ
1369 528 1614 596 ῐππου;),
1647 527 1779 581 ἀλλά

1882 528 2056 595 bovis.
2113 539 2167 586 et
2213 529 2341 601 equi
2397 529 2726 601 hypostasis,
2785 530 2887 584 hoc
2945 539 3029 586 est
3079 529 3415 586 indivrduum

247 623 340 674 καὶ
371 622 429 688 ιε
487 623 652 691 αὐτῆς
706 603 805 690 τῆς
848 621 940 674 τοῦ
973 603 1128 687 λόγου
1174 603 1472 689 Ῐνεργείας.
1499 617 1560 669 ΕΙ
1597 616 1702 684 γάρ
1725 618 1779 672 ὲν

244 713 364 772 ταῖς
395 711 719 763 ὑποστάσεσι
752 710 965 778 (ταυτὸν
991 709 1046 760 δὲ
1078 711 1249 761 εἰπεῖν
1280 709 1335 758 ὲν
1378 709 1487 768 τοῖς
1520 706 1777 774 ἀτόμοις),

246 798 450 865 ἑκάστη
480 797 637 865 φύσις
663 797 925 866 λαμῦἀνει
962 797 1213 866 ὕπαρξιν,
1264 797 1473 865 ἀνάγκη
1501 799 1646 848 πᾶσα
1677 795 1783 848 τῶν

245 888 340 938 δύο
378 888 587 953 φύσεων
612 886 805 952 οὐσῶν,
834 887 926 939 δύο
948 887 1290 954 τούλάχιστον
1313 886 1404 937 καὶ
1431 885 1528 946 τὰς
1556 885 1785 936 ὑποστά-

249 991 366 1035 σεις
399 972 557 1040 εἶναι,
604 977 660 1027 ιν
701 969 785 1036 αἷς
833 977 930 1044 τὴν
979 974 1210 1042 ὕπαρξιν
1265 975 1320 1026 αἱ
1355 973 1542 1041 φύσεις
1574 973 1783 1025 ἐλαὸον.

262 1047 545 1114 Ἀδύνατον
573 1062 677 1131 γάρ
710 1063 1002 1129 ὑποστῆναι
1045 1060 1165 1113 καθ’
1189 1061 1375 1128 αὐτὴν,
1417 1061 1491 1130 μὴ
1519 1063 1575 1112 ὲν
1604 1061 1786 1129 ἀτόμῳ

248 1151 360 1202 τινὶ
401 1149 794 1220 θεωρουμένην.
849 1153 1080 1219 ’Λτομον
1135 1152 1191 1203 δὲ
1251 1152 1446 1203 ταυτὸν
1511 1149 1646 1204 εἶναι
1698 1153 1788 1204 καὶ

247 1240 566 1304 ὑπόστασιν,
623 1239 822 1309 ἀρτίως
871 1241 1202 1310 δεδείχαμεν.
1241 1240 1400 1291 Ὥστε
1431 1241 1544 1291 ὅσοι
1595 1241 1689 1309 μὲν
1717 1240 1790 1309 μὴ

252 1329 414 1398 μόνον
444 1330 541 1397 τὴν
599 1330 892 1382 ὑπόστασιν
929 1331 1075 1399 μίαν,
1102 1331 1233 1383 ἀλλά
1285 1330 1377 1382 καὶ
1405 1329 1499 1399 τὴν
1527 1331 1681 1398 φύσιν
1707 1331 1791 1382 διὰ

249 1417 352 1481 τὴν
379 1417 567 1471 ἔνωσιν
603 1420 884 1486 γεγονέναι
925 1421 1106 1487 φασιν,
1146 1419 1418 1488 σύμφωνοι
1449 1421 1539 1471 καὶ
1564 1421 1788 1482 ἑαυτοῖς,

252 1508 353 1560 καὶ
372 1511 438 1577 τῇ
465 1509 689 1577 ἀληθείᾳ
713 1508 1009 1575 φαίνονται.
1051 1510 1203 1561 Ὅσοι
1238 1509 1293 1559 δὲ
1319 1509 1414 1578 τὴν
1438 1509 1534 1578 μὲν
1565 1510 1793 1562 ὑπόστα-

255 1615 344 1650 σιν
367 1597 513 1666 μίαν,
540 1600 636 1660 τάς
654 1599 711 1651 δὲ»
730 1599 917 1667 φύσεις
966 1600 1056 1651 δύο
1084 1603 1243 1666 φασὶν
1269 1597 1426 1666 εἶναι,
1456 1601 1551 1653 καλ⁸
1583 1604 1793 1664 ἑαυτοῖς

253 1691 348 1740 καὶ
380 1691 444 1758 τῇ
469 1689 692 1759 ἀληθείᾳ
719 1691 994 1756 φαίνονται
1039 1692 1373 1759 ἀσύμφωνοι.
1425 1692 1564 1744 Ἀλλ’
1611 1693 1794 1761 ἐπειδὴ

249 1778 354 1829 καὶ
369 1778 428 1829 τὸ
451 1777 787 1846 ἀνθρώπινον
824 1779 1080 1849 Χριστοῦ,
1117 1781 1296 1846 φασὶν,
1321 1781 1376 1832 ἑν
1409 1780 1484 1850 τῷ
1514 1781 1653 1850 λόγῳ
1696 1781 1791 1850 τὴν

256 1867 553 1919 ὑπόστασιν
584 1865 747 1936 εῖχεν,
779 1870 874 1920 καὶ
900 1870 958 1921 οὑ
995 1872 1306 1939 προῡπέστη
1340 1870 1434 1939 τῆς
1496 1870 1588 1922 τοῦ
1621 1871 1790 1937 Λόγου

253 1956 522 2019 ὲνώσεως,
549 1957 635 2010 διά
681 1957 836 2010 τοῦτο
869 1959 995 2027 μίαν
1027 1959 1203 2028 φαμὲν
1230 1957 1366 2012 εἶναι
1391 1960 1489 2029 τὴν
1524 1959 1616 2012 τοῦ
1660 1962 1793 2030 Χρι-

256 2046 386 2097 στοῦ
417 2046 726 2099 ὑπόστασιν.
752 2047 982 2117 Πότερον
1009 2043 1101 2119 οὖν
1142 2048 1379 2118 φαίημεν
1410 2049 1503 2101 καὶ
1537 2051 1715 2119 ἡμεῖς,
1737 2049 1796 2101 ἐν

257 2135 352 2186 καὶ⁵
401 2135 594 2188 ταυτδν
651 2137 868 2205 ἡγεῖσθε
922 2136 1202 2205 σημαίνειν
1244 2137 1340 2205 τὴν
1379 2136 1538 2206 φύσιν
1579 2137 1670 2190 καὶ
1697 2137 1796 2206 τὴν

253 2225 571 2292 ὑπόστασιν,
599 2227 672 2289 ὡς
695 2228 928 2296 ὀνόματα
953 2228 1108 2297 μόνον
1129 2224 1506 2297 εἷναιδιάφορα
1534 2228 1650 2281 καθ’
1683 2229 1797 2289 ἑνὸς

259 2302 652 2384 σημαὲνομένου
675 2318 956 2381 πίπτοντα,
987 2318 1060 2379 ὼς
1087 2318 1322 2387 μάχαιρα
1337 2319 1427 2370 καὶ
1447 2318 1613 2384 ξίφος.
1636 2318 1796 2386 ἦέτε-

261 2423 354 2475 ρον
382 2406 472 2457 καὶ
495 2406 705 2475 ὲτέρονς
738 2408 796 2459 Et
831 2408 925 2476 μὲν
946 2403 1037 2460 οὖν
1065 2409 1276 2469 ταυτὸν,
1302 2409 1425 2477 μιᾶς
1448 2408 1544 2477 τῆς
1566 2409 1798 2465 ὑποστά-

259 2512 398 2558 σεως
414 2496 595 2566 οὔσης,
621 2497 744 2566 μίαν
761 2494 892 2550 εἶναι
922 2501 1013 2550 καὶ
1033 2500 1130 2568 τὴν
1150 2498 1306 2566 φύσιν
1317 2500 1546 2567 ἀνάγκη,
1570 2498 1644 2560 ὡς
1664 2502 1709 2551 εἰ
1743 2501 1801 2551 τὸ

258 2583 416 2651 ξίφος
443 2583 500 2635 ἓν
528 2585 635 2652 εἴη,
662 2587 754 2637 καὶ
783 2587 882 2654 τὴν
925 2587 1198 2657 μάχαιραν
1232 2588 1357 2657 μίαν
1400 2583 1536 2640 εἶναι
1567 2588 1798 2657 ἀνάγκη.

179 2704 185 2709 -
263 2673 335 2724 Ἤ
360 2675 409 2723 εί
434 2673 489 2725 ai.
518 2674 703 2741 φύσεις
735 2674 846 2737 δύο,
881 2677 973 2728 καὶ
1025 2678 1348 2740 ὑποστάσεις
1375 2677 1432 2742 ἐξ
1453 2678 1692 2746 ἀνάγκης
1714 2677 1803 2729 δύο

260 2762 508 2815 εσονται·
543 2763 681 2815 εἰδὲ
727 2764 852 2816 ἀλλο
890 2766 985 2834 μὲν
1037 2766 1289 2835 σημαίνει
1336 2767 1396 2818 τὸ
1451 2770 1548 2835 τῆς
1594 2767 1803 2833 φύσεως

259 2849 455 2920 ὖνομα,
480 2851 605 2904 ἀλλο
657 2854 713 2906 δὲ
751 2855 811 2906 τὸ
866 2856 963 2922 τῆς
994 2858 1362 2921 ὑποστάσεως,
1409 2860 1577 2930 αἴξιον
1613 2859 1668 2910 δὲ
1711 2859 1801 2910 τοῦ

267 2940 395 3009 μίαν
419 2938 555 2994 εῖναι
581 2943 672 2995 τοῦ
698 2945 931 3014 Χριστοῦ
963 2946 1058 3015 τὴν
1108 2947 1399 2999 ὑπόστασιν
1440 2949 1714 3018 ἡγοῦνται,
1743 2949 1803 3000 τὸ

269 3030 345 3098 μὴ
379 3033 718 3102 προῦπάρξαι
747 3034 844 3103 τὴν
881 3034 974 3087 τοῦ
1001 3034 1286 3105 ἀνθρώπου
1306 3038 1617 3101 ὑπόστασιν,
1641 3040 1804 3109 ἡγουν

1881 621 2092 688 unum),
2121 635 2306 675 verum
2330 620 2493 674 etiam
2524 635 2587 674 ex
2614 619 2728 687 ipsa
2759 618 2988 673 rationis
3011 620 3081 673 vi.
3113 617 3169 673 Si
3194 620 3337 674 enim
3363 619 3416 673 in

1881 708 2267 777 hypostasibus
2298 709 2460 778 (idem
2502 717 2683 762 autem
2706 709 2886 762 dicere
2917 717 3021 772 est,
3054 719 3210 775 atque
3249 710 3300 761 in
3333 709 3419 763 in-

1881 795 2140 864 dividuis)
2174 803 2370 849 natura
2399 811 2626 864 quasque
2659 795 2859 863 accipit
2892 795 3287 851 exsistentiam.
3325 810 3416 848 ne-

1881 898 2035 938 cesse
2069 899 2295 952 prorsus
2326 893 2429 948 est,
2479 886 2568 938 ubi
2618 885 2736 938 dua:
2784 893 2910 939 sunt
2953 894 3178 948 naturae,
3230 886 3299 938 ibi
3355 886 3421 937 ad
3493 912 3496 914 η

1884 973 2168 1028 minimum
2199 974 2672 1045 dnashypostases
2701 989 2842 1037 esse,
2861 975 2912 1028 in
2939 975 3136 1040 quibus
3158 975 3420 1028 exsisten-

1885 1064 2015 1116 tiam
2069 1078 2146 1118 eae
2199 1075 2409 1120 natura;
2457 1067 2820 1134 susceperint.
2853 1063 2970 1118 Non
3005 1071 3182 1133 potest
3226 1063 3425 1131 quipp:

1889 1162 2081 1207 natura
2126 1156 2425 1209 secundum
2468 1171 2526 1210 se
2558 1155 2855 1210 subsistere
2885 1157 2938 1209 in
2969 1155 3114 1207 nullo
3147 1153 3426 1207 individuo

1887 1253 2148 1312 spectata.
2175 1244 2517 1298 lndividuum
2551 1252 2732 1298 autem
2774 1244 2912 1298 idem
2943 1259 3061 1298 esse
3084 1258 3145 1297 ac
3171 1243 3426 1312 hyposta-

1889 1332 1988 1385 sim
2039 1332 2269 1387 antehae
2305 1331 2822 1387 demonStravimus.
2861 1331 3128 1396 Quocirca
3179 1332 3266 1398 qui
3321 1344 3426 1382 non

1891 1421 2051 1475 modo
2082 1422 2420 1492 bypostasim
2455 1436 2654 1483 unam,
2701 1421 2794 1475 sed
2838 1428 2891 1473 et
2934 1428 3179 1474 naturam
3213 1430 3428 1489 propter

1891 1507 2186 1563 unitionem
2211 1511 2487 1563 exstitisse
2508 1509 2710 1571 volunt,
2737 1523 2943 1570 secum,
2973 1522 3034 1561 ac
3053 1521 3176 1561 eum
3196 1508 3426 1560 veritate

1889 1597 2202 1651 consentire
2259 1597 2629 1664 reperiuntur.
2704 1595 2819 1660 Qui,
2882 1609 3013 1649 vero
3096 1595 3428 1663 hyposlasim

1897 1699 2083 1748 unam,
2115 1699 2179 1738 ac
2210 1694 2434 1739 naturas
2469 1685 2603 1737 duas
2636 1689 2864 1750 ponunt,
2897 1690 3004 1736 tam
3036 1697 3066 1735 a
3095 1697 3182 1746 se,
3210 1695 3369 1750 quam
3405 1695 3431 1730 a

1897 1776 2126 1829 veritate
2178 1773 2432 1828 videntur
2475 1772 2786 1826 dissentire.
2820 1770 2925 1824 Sed
2957 1772 3146 1824 aiunt:
3179 1771 3254 1823 Eo
3289 1769 3433 1837 quod

1894 1865 2208 1920 humanitas
2233 1863 2438 1918 Christi
2483 1865 2534 1915 in
2580 1861 3129 1932 Verbo'hypostasim
3163 1861 3434 1914 habuerit.

1898 1969 1997 2008 nec
2022 1962 2146 2009 ante
2176 1955 2476 2008 unitionem
2511 1967 2635 2007 cum
2662 1951 2837 2006 Verbo
2860 1952 3201 2014 substiterit;
3232 1951 3437 2003 idcirm

1896 2059 2054 2099 unam
2083 2044 2408 2098 aﬂirmamus
2439 2059 2560 2099 esse
2590 2042 2792 2100 Christi
2825 2042 3178 2111 hypostasiui.
3215 2041 3425 2105 Quibus

1895 2133 2110 2202 quidem
2169 2147 2267 2186 nos
2325 2147 2542 2201 quoque
2602 2131 2964 2185 dixerimus:
3023 2130 3210 2182 Annon
3273 2129 3440 2197 igitur

1888 2238 2065 2278 unum
2098 2223 2350 2292 idemque
2385 2219 2684 2291 signiﬁcari
2724 2220 2959 2274 censetis
2996 2234 3089 2288 per
3119 2228 3364 2272 naturam
3388 2226 3442 2272 et

1899 2316 2252 2386 hypostasim,
2289 2315 2419 2367 adeo
2451 2322 2509 2366 ut
2533 2313 2745 2367 diversa
2773 2310 3032 2364 duntaxat
3069 2309 3178 2364 sint
3226 2310 3442 2362 nomina

1898 2407 1954 2460 in
2020 2421 2183 2459 unum
2240 2414 2402 2472 atque
2463 2403 2602 2457 idem
2655 2401 3022 2471 significatum
3064 2399 3334 2457 cadentia.
3387 2407 3445 2451 ut

1899 2497 2110 2566 gladius
2138 2497 2380 2558 etensis,
2419 2504 2512 2548 aut
2538 2494 2684 2548 aliud
2716 2503 2766 2549 et
2800 2492 2969 2546 aliud.
3003 2491 3058 2546 Si
3083 2507 3244 2561 porro
3271 2492 3434 2555 idem;

1897 2602 2023 2642 cum
2067 2602 2173 2649 una
2227 2587 2530 2656 hypostasis
2581 2586 2668 2648 sit,
2723 2599 2882 2637 unam
2929 2597 3142 2653 quoque
3193 2589 3442 2636 naturam

1900 2666 2350 2733 esse'necessum
2405 2685 2514 2739 est;
2563 2677 2706 2730 velut
2755 2676 2798 2728 si
2854 2690 2994 2729 unus
3041 2673 3190 2728 ensis
3249 2671 3433 2732 fuerit,

1900 2768 2065 2821 etiam
2123 2775 2288 2818 unum
2346 2764 2580 2833 gladium
2615 2764 2752 2818 ~l'ore
2808 2777 3060 2827 necesse;
3116 2771 3205 2815 aut
3236 2761 3281 2814 si
3327 2762 3447 2814 dua:

1904 2864 2129 2914 naturae,
2162 2853 2482 2922 hypostases
2511 2867 2724 2921 quoque
2752 2852 2871 2905 duae
2899 2850 3088 2906 eadem
3120 2850 3447 2904 necessitate

1904 2951 2083 2998 erunt.
2124 2943 2277 3008 Quod
2332 2944 2375 2998 si
2431 2943 2575 2995 aliud
2623 2942 2893 3011 signiﬁcat
2949 2951 3158 2995 natura:
3215 2956 3445 3005 nomen,

1907 3033 2053 3084 aliud
2115 3033 2452 3102 liypostasis;
2519 3047 2738 3086 causam
2809 3041 2989 3084 autem
3055 3047 3155 3084 cur
3214 3047 3318 3085 una
3378 3033 3449 3086 sit

266 3120 574 3188 πρόσωπον,
604 3123 700 3190 τῆς
731 3123 862 3192 πρὸς
891 3125 980 3198 τον
1034 3126 1203 3192 Λόγον
1255 3127 1514 3189 ὲνώσεως.
1551 3129 1662 3180 Οὐκ
1711 3123 1803 3180 οῦν

1895 3123 2102 3175 Christi
2159 3123 2483 3191 hypostasis,
2545 3136 2660 3176 eam
2707 3136 2826 3175 esse
2877 3122 3247 3182 arbitrentur,
3295 3121 3448 3191 107

261 3204 363 3256 καὶ
397 3207 492 3268 τὰς
517 3207 607 3260 δύο
634 3208 725 3260 τοῦ
759 3211 996 3280 Χριστοῦ
1038 3214 1227 3280 φύσεις
1257 3209 1415 3278 εἶναι,
1441 3215 1610 3268 αἴτιον
1640 3216 1704 3269 ἂν
1722 3216 1803 3284 είη

1907 3212 2049 3279 quod
2093 3212 2322 3265 hominis
2356 3212 2666 3280 hypostasis
2730 3227 2824 3265 seu
2861 3226 3113 3280 persona,
3145 3219 3268 3265 ante
3325 3211 3449 3264 uni—

267 3297 615 3366 προῦπάρξαι
639 3301 737 3370 τὴν
791 3301 884 3353 τοῦ
937 3303 1222 3372 ἀνθρώπου
1251 3305 1408 3372 φύσιν
1435 3308 1528 3374 τῆς
1553 3307 1684 3386 πρὸς
1718 3306 1803 3358 τὸν

1906 3303 2104 3357 tionem
2148 3318 2270 3357 cum
2307 3301 2484 3357 Verbo
2523 3319 2629 3357 non
2662 3304 2951 3357 exstiterit.
2985 3300 3183 3356 Verum
3232 3304 3275 3358 si
3327 3311 3451 3356 ante

266 3386 477 3453 Λόγονι
519 3389 776 3453 ὲνώσεως.
839 3391 975 3444 Ἀλλ’
1022 3395 1070 3445 εί
1130 3395 1442 3464 προῦπέστη
1490 3396 1803 3466 ὴὲνωοεῖσα

1908 3395 2148 3448 Substitit
2180 3397 2327 3447 unita
2364 3394 2544 3449 Verbo
2595 3395 2942 3462 particularis
2973 3402 3190 3459 natura,
3230 3410 3451 3451 necesse

265 3477 345 3546 τῷ
365 3478 519 3547 Λόγῳ
547 3481 742 3550 μερικὴ
766 3481 943 3548 φύσις,
984 3484 1192 3552 ἀνάγκη
1239 3486 1405 3544 πᾶσα,
1444 3486 1534 3537 καὶ
1559 3485 1652 3556 τὴν
1679 3485 1776 3538 ταύ
1794 3515 1807 3524 -

264 3587 365 3640 της
385 3564 780 3640 προῦποστῆναι
804 3573 1115 3627 ὑπόστασιν.
1141 3572 1353 3627 Τούτων
1380 3575 1486 3645 γάρ
1519 3576 1615 3629 οὑκ
1663 3578 1806 3630 ἑνδέ-

264 3675 418 3728 χεται
453 3658 677 3727 θάτερον
705 3655 862 3719 εἶναι,
885 3661 977 3713 τοῦ
1001 3660 1185 3715 λοιποῦ
1218 3661 1290 3732 μὴ
1311 3663 1456 3726 ὄντος
1486 3680 1499 3694 ⁸
1530 3664 1625 3734 τὴν
1655 3683 1805 3735 μερι-

264 3749 370 3815 κὴν
397 3749 538 3814 λέγω
575 3747 752 3814 φύσιν,
805 3750 932 3802 ἄνευ
982 3751 1079 3820 τῆς
1133 3751 1277 3815 ίδίας,
1311 3753 1476 3821 αὐτῆς
1523 3754 1730 3821 φύσεως
1753 3755 1804 3809 ί.

271 3839 370 3891 Ἐν
397 3841 502 3906 γάρ
527 3838 672 3890 ἔστιν
696 3831 860 3907 ἄμφω
875 3839 950 3908 τῷ
981 3841 1338 3911 ὑποκειμένῳ,
1364 3845 1411 3894 εί
1444 3845 1536 3896 καὶ
1567 3846 1643 3905 είς
1677 3862 1804 3896 ταυ-

263 3929 356 3981 τὸν
387 3930 644 3991 πολλάκις
674 3931 1019 3999 συντρέχουσι
1061 3932 1209 4000 παρά
1266 3936 1375 3996 τοῖς
1422 3924 1804 4004 χρησαμένοις,

261 4017 340 4073 ὡς
381 4017 557 4086 μικρῷ
613 4019 844 4087 πρόσθεν
896 4020 1192 4090 ἐδείξαμεν.
1251 4021 1311 4074 Et
1348 4025 1526 4076 τοίνυν
1561 4025 1805 4094 ὥσπερὴ

260 4105 576 4169 ὑπόστασις,
608 4107 747 4160 οῦτω
800 4110 894 4162 καὶ
943 4112 973 4179 ὴ
1021 4111 1179 4179 φύσις
1211 4112 1343 4182 ἡτῴ
1375 4114 1527 4182 Λόγῳ
1554 4115 1806 4168 ἑνωθείσα

266 4199 328 4249 οὑ
357 4198 668 4268 προῦπέιστη
697 4197 792 4267 τῆς
824 4200 955 4268 πρὸς
980 4201 1138 4253 αὑτὸν
1179 4201 1420 4264 ἐνώσεως
1439 4220 1452 4234 ·
1489 4203 1672 4275 διόπερ
1703 4205 1804 4274 ἀρα

265 4287 396 4355 μίαν
419 4283 512 4355 τὴν
535 4286 627 4338 τοῦ
649 4287 881 4356 Χριστοῦ
914 4287 1151 4352 ἀξιοῦσιν
1182 4289 1496 4358 ὑπόστασιν,
1531 4292 1619 4346 διά
1653 4291 1806 4346 τοῦτο

261 4375 358 4428 καὶ
388 4373 545 4441 φύσιν
577 4374 738 4428 αὑτοῦ
771 4375 898 4445 μίαν
942 4377 1276 4440 ἀξιούτωσαν
1310 4375 1446 4433 εἶναι
1480 4396 1490 4408 ·
1523 4379 1596 4449 μὴ
1625 4380 1804 4449 διαφέ-

1911 3498 2132 3551 prorsus
2175 3492 2278 3545 est,
2333 3491 2390 3536 ut
2437 3492 2565 3538 ante
2605 3482 2911 3538 substiterit
2945 3482 3187 3550 ejusdem
3235 3498 3451 3553 quoque

1909 3583 2117 3628 natura:
2170 3575 2499 3645 hyposlasis.
2554 3573 2758 3628 llorum
2788 3575 2931 3628 enim
2971 3574 3294 3628 alterutrum
3330 3589 3449 3630 esse

1910 3665 2119 3733 nequit,
2157 3667 2286 3734 quin
2320 3667 2587 3733 reliquum
2635 3666 2797 3720 etiam
2840 3666 3104 3720 exsistat:
3159 3665 3450 3733 particula-

1912 3770 2020 3807 rem
2071 3755 2195 3808 dico
2250 3767 2495 3809 naturam
2527 3756 2729 3824 alisque
2759 3756 2974 3824 propria
3012 3770 3112 3808 sua
3144 3755 3445 3824 hypostasi.

1907 3843 2081 3897 Ambo
2109 3860 2276 3896 unum
2306 3846 2504 3913 quippe
2524 3854 2651 3898 sunt
2671 3845 2937 3911 subjecto,
2961 3845 3061 3897 etsi
3093 3844 3278 3897 eodem
3312 3858 3453 3912 sape

1906 3944 2244 3987 concurrunt
2275 3939 2410 4003 apud
2433 3951 2526 3989 eos
2559 3936 2651 4004 qui
2685 3935 2751 3988 iis
2774 3935 2998 3989 vocibus
3032 3942 3278 3996 utuntur,
3309 3935 3451 3988 sicut

1910 4025 2068 4094 paulo
2112 4032 2236 4078 ante
2285 4026 2649 4080 ostendimus.
2697 4024 2881 4093 itaque
2921 4028 2965 4079 si
2994 4025 3448 4094 quemadmodum

1911 4115 2239 4185 hypostasis,
2273 4116 2344 4168 ita
2373 4123 2428 4168 et
2458 4125 2651 4168 natura
2686 4115 2862 4170 Verbo
2893 4115 3067 4180 unita,
3112 4131 3217 4169 non
3245 4117 3450 4172 substi-

1908 4206 1971 4259 tit
2021 4215 2146 4261 ante
2201 4207 2499 4261 unitionem
2561 4221 2684 4260 cum
2761 4207 2891 4271 illo;
2961 4222 3026 4260 eo
3098 4208 3215 4276 ipso
3267 4207 3451 4275 utique

1909 4298 2054 4366 quod
2086 4312 2247 4352 unam
2273 4296 2480 4352 Christi
2509 4297 2845 4368 hypostasim
2872 4296 3200 4357 concedunt.
3231 4305 3452 4368 propter

1913 4386 2051 4441 idem
2089 4387 2351 4444 cantiuuo
2391 4402 2552 4441 unam
2582 4388 2700 4457 ejus
2727 4403 2847 4444 esse
2877 4395 3127 4442 naturam
3159 4387 3447 4442 fateantur.

261 4478 462 4536 ρουσαν
488 4462 593 4533 γὰρ
642 4465 782 4517 κατά
822 4466 882 4518 τὺ
930 4467 1188 4537 ἡνῶσθαι,
1220 4469 1339 4522 οὑδὲ
1388 4471 1524 4524 κατὰ
1556 4470 1712 4524 τοῦτο
1737 4471 1802 4525 ἀν

1910 4477 2117 4556 Etenim
2157 4471 2596 4548 quanquuidem
2648 4494 2754 4534 non
2801 4478 3058 4533 dill'erunt
3123 4480 3175 4533 in
3230 4479 3447 4540 unloae,

256 4551 585 4618 διαφέροιεν.

332 4639 436 4695 τπδ’.
483 4642 969 4714 ’Λφθαρτοόοκῆται
1021 4646 1152 4716 (Gl),
1221 4650 1268 4700 οἱ
1332 4649 1437 4702 ἀπὸ
1491 4650 1800 4714 ’Ῑουλιανοῦ,

1909 4583 2008 4622 nec
2034 4567 2087 4621 in
2122 4569 2221 4622 hoc
2252 4570 2414 4623 etiam
2446 4568 2757 4625 dill‘erentes
2785 4569 3001 4624 iuerint.

1978 4654 2065 4706 84.
2096 4655 2632 4723 Aphthartodocette,
2679 4671 2707 4709 a
2755 4656 2966 4711 Juliano
3001 4655 3451 4710 Halicarnasscno

1522 4761 1752 4814 VARIA'J
1807 4761 2198 4820 LECTIONES.

335 4851 347 4898 i
401 4851 490 4904 Sic
532 4851 691 4904 codd.
748 4851 876 4905 2951
909 4849 998 4903 τοῦ
1035 4852 1227 4919 Λόγου.
1282 4854 1305 4893 II
1339 4852 1463 4922 Leg.
1501 4849 1861 4918 ὑποστάσεως.

1747 5005 1970 5061 NOTAE.

336 5099 446 5167 (6i)
473 5098 717 5153 Julianus
744 5100 1255 5166 Halicarnassensis,
1286 5111 1343 5156 et
1363 5099 1598 5156 Gaianus
1624 5101 1804 5154 Timo-

260 5171 374 5223 thei
424 5169 707 5222 Alexandr.
770 5170 1044 5224 diaconus-
1077 5185 1106 5223 a
1155 5170 1354 5224 Severo
1411 5170 1801 5235 discesserunt,

260 5238 408 5304 quod
451 5237 537 5289 hic
591 5239 939 5307 corruptibile
998 5239 1196 5292 Christi
1239 5253 1437 5307 corpus
1466 5239 1706 5303 diceret;
1747 5257 1806 5292 ne

259 5310 374 5375 iam
401 5307 535 5359 inter
559 5324 764 5360 carnem
806 5315 855 5361 et
915 5307 1134 5361 Verbum
1167 5308 1444 5362 discrimen
1508 5318 1801 5374 poneretur,

264 5377 509 5442 adeoque
537 5376 656 5431 dua:
689 5385 890 5429 natura:
920 5387 1121 5430 essent.
1157 5376 1276 5430 lizec
1306 5392 1470 5443 porro
1492 5388 1804 5444 acceperant

264 5447 339 5498 ab
372 5446 600 5511 ipsomet
623 5445 922 5508 Timotheo,
957 5447 1045 5512 qui
1073 5454 1259 5498 contra
1290 5447 1542 5500 Severum
1572 5454 1806 5499 conten-

266 5517 443 5575 derat,
509 5514 704 5566 unione
761 5513 898 5566 facta
926 5515 1254 5568 dill'crcntias
1284 5516 1460 5569 nullas
1494 5523 1803 5568 naturarum

267 5582 822 5652 Superfuisseaquod
851 5597 979 5637 sane
1021 5585 1072 5636 in
1106 5583 1559 5652 Eutycliianorutn
1594 5584 1805 5636 illorum

272 5665 494 5706 sensum
530 5651 823 5713 recidebat,
858 5652 948 5718 qui
985 5651 1247 5719 negabant
1288 5654 1564 5706 ambarum
1593 5662 1811 5705 natura-

279 5734 418 5784 rum,
460 5735 554 5775 scu
585 5721 770 5775 saltem
838 5720 1102 5785 lnunantc,
1142 5723 1494 5791 preprictates
1527 5723 1810 5777 mansisse.

1912 5103 2094 5158 Severi
2149 5113 2327 5174 partes
2369 5104 2704 5174 Theodosius
2759 5104 2927 5174 tuitus
2955 5115 3058 5164 est.
3084 5120 3204 5174 cum
3232 5103 3312 5158 .de
3351 5120 3444 5174 pa-

1914 5172 2209 5228 triarchatu
2257 5184 2442 5228 contra
2499 5172 2759 5226 Gaianum
2819 5173 3066 5240 litigaret.
3112 5172 3448 5242 Nicephorus

1910 5243 2116 5297 Callist.
2146 5245 2236 5297 lib.
2279 5259 2406 5303 xvu,
2439 5257 2558 5310 cap.
2606 5242 2690 5301 19,
2731 5243 2970 5308 quaedam
3011 5242 3197 5296 recitat
3230 5259 3294 5296 ex
3328 5243 3448 5296 illo-

1909 5325 2023 5364 rum
2051 5312 2546 5379 disceptationibus,
2587 5325 2705 5379 quas
2727 5311 2922 5364 similia
2958 5321 3082 5365 sunt
3111 5327 3294 5365 eorum
3326 5327 3446 5378 quae

1909 5381 1996 5432 hic
2025 5382 2181 5433 habet
2212 5381 2590 5434 Damascenus.
2618 5379 2726 5433 Nos
2754 5380 2976 5448 quidem,
3002 5380 3242 5441 aiebant,
3277 5396 3445 5433 neces-

1911 5451 2065 5502 sitate
2090 5459 2291 5502 naturw
2332 5451 2625 5515 alfectiones
2656 5449 2786 5513 ejus,
2815 5459 2940 5516 puta
2966 5449 3177 5516 fantem,
3206 5449 3446 5514 sitimque

1917 5519 2130 5584 [crinitis
2164 5537 2179 5571 :
2211 5529 2264 5570 at
2315 5519 2574 5578 Christus,
2623 5519 2710 5584 qui
2770 5527 2948 5584 sponte
2985 5533 3166 5583 pastus
3217 5519 3304 5575 sit.
3344 5533 3443 5569 non

1914 5587 2122 5653 perinde
2153 5587 2345 5655 legibus
2383 5598 2583 5656 natura:
2614 5588 2812 5647 seruiit.
2839 5585 3185 5656 QuosqGrmci
3217 5585 3445 5656 ’Λφθαρ-

1915 5657 2222 5721 τοδοκήτας,
2261 5656 2455 5717 Latini,
2488 5655 2949 5724 Incorrupticolus,
2978 5655 3188 5719 dixere;
3231 5655 3286 5709 in
3313 5655 3444 5724 quo.

1921 5741 2036 5779 rum
2072 5726 2232 5779 etiam
2264 5741 2499 5780 errorem
2531 5723 2806 5780 Justiauus
2832 5725 2958 5793 imp.
2994 5725 3234 5779 incurrit.
