4198 6492
253 478 353 542 761

1435 492 1531 551 DE
1561 494 2016 558 HASRESIBUS
2054 500 2297 562 LIBER.

3408 513 3515 573 752

247 593 326 654 ὡς
354 590 459 661 τῆς
502 593 717 661 φύσεως
748 595 921 659 οὕτως
970 598 1308 669 ἀπαιτούσης
1330 614 1342 628 ·
1381 604 1472 655 καὶ
1500 604 1663 673 ἕτερά
1708 620 1829 657 τινα

1950 608 2053 663 Ιιοο
2095 611 2300 682 exigat.
2348 612 2622 671 Feruntur
2663 617 2910 686 quaedam
2958 618 3066 672 alia
3116 620 3350 688 sentire,
3395 638 3515 691 quae

246 684 654 754 παραπλησίως
683 688 792 741 τῶν
820 690 1237 761 ὀνομαζομένων
1271 693 1571 765 Ἀρειανῶν
1598 707 1618 734 ³
1643 696 1830 765 λέγον-

245 790 336 826 ται
361 780 601 846 φρονεῖν.
640 778 812 849 [Ἀπὸ
841 783 1047 837 τούτων
1086 785 1386 850 Εὑστάθιός
1432 805 1514 851 τις
1565 789 1830 858 ἀνεφάνη,

246 867 304 932 ἐξ
337 863 397 923 οῦ
427 870 785 927 Εὑσταοιανοί
826 874 895 945 ί.]

414 958 599 1018 Αὗται
614 966 791 1034 μέχρι
821 967 939 1021 τῶν
964 970 1315 1039 Ἡρακλείου
1338 973 1581 1043 χρόνων
1603 986 1650 1027 υ.

262 1134 396 1189 Ἀπὸ
418 1135 487 1189 δὲ
529 1138 878 1207 Ἡρακλείου
900 1145 995 1231 καί
1023 1144 1199 1212 δεῦρο
1225 1147 1584 1216 ἀνεφύησαν
1606 1150 1665 1200 αἱ
1688 1151 1831 1202 ὐπο-

900 1231 1161 1279 κειμεναι
1172 1258 1185 1271 .

321 1299 427 1366 l‘O'.
464 1302 836 1374 Μονοθελῆται
888 1305 999 1374 (69)
1027 1324 1041 1339 ο
1067 1308 1116 1360 οἱ
1147 1308 1254 1360 ἀπὸ
1294 1306 1389 1361 τοῦ
1423 1308 1831 1379 Ἀλεξανδρείας

249 1390 437 1459 Κύρου
463 1394 562 1463 τὴν
586 1395 761 1468 ἀρχὴν
789 1398 1070 1467 είληφότες
1092 1417 1105 1429 ·
1141 1401 1248 1453 ἀπὸ
1278 1401 1332 1454 δὲ
1358 1401 1451 1454 τοῦ
1483 1404 1830 1456 Κωνσταντι-

247 1482 553 1546 νουπόλεως
588 1486 816 1555 Σεργίου
851 1488 1265 1558 βεϐαιωθέντες.
1303 1487 1461 1546 Οῦτοι
1494 1493 1590 1562 μὲν
1618 1492 1711 1545 δύο
1738 1492 1831 1545 ἐπὶ

250 1574 490 1645 Χριστοῦ
518 1577 711 1643 φύσεις
753 1581 1138 1652 πρεσϐεύουσι,
1176 1583 1269 1635 καὶ
1306 1584 1438 1652 μίαν
1494 1585 1790 1638 ὑπόστασιν
1814 1602 1827 1615 ’

247 1664 309 1715 ἓν
354 1665 408 1717 δὲ
464 1666 675 1737 θέλημα
724 1669 817 1721 καὶ
865 1669 992 1739 μίαν
1041 1671 1329 1741 ἐνέργειαν
1384 1672 1828 1742 δογματίζουσιν,

247 1752 601 1820 ἀναιροῦντες
643 1756 730 1809 διὰ
765 1758 954 1811 τούτου
998 1759 1108 1811 τῶν
1136 1762 1353 1828 φύσεων
1387 1763 1484 1833 τὴν
1512 1763 1703 1828 δυάδα,
1734 1764 1828 1816 καὶ

244 1848 360 1906 τοῖς
406 1845 781 1918 Ἀπολιναρίου
804 1849 1070 1920 δόγμασιν
1110 1854 1347 1924 ἰσχυρῶς
1367 1855 1824 1925 ἀντιποιούμενοι.

318 1936 420 2007 [ρ’.
452 1938 940 2010 Αύτοπροσκόπται
970 1954 997 1983 ν
1020 1960 1033 1974 ⁸
1070 1946 1246 1999 πάντα
1284 1946 1382 2017 μὲν
1406 1947 1675 2016 ὀροόδοξοι
1724 1950 1829 2002 ὑπ-
1861 1959 1904 2015 Β

242 2029 528 2099 άρχοντες,
572 2032 743 2097 ἀδεῶς
786 2034 842 2088 δὲ
873 2036 972 2106 τῆς
1007 2037 1304 2109 καθολικῆς
1351 2037 1677 2108 Ἐκκλησίας
1729 2041 1826 2093 καὶ

242 2121 530 2185 κοινωνίας
574 2125 716 2193 σφᾶς
765 2126 966 2190 αὐτοὺς
998 2130 1326 2200 προφάσεως
1374 2130 1625 2196 εὐτελοῦς
1663 2132 1827 2187 ἕνεκα

239 2213 670 2279 ἀποκόπτοντες.
717 2219 1055 2283 Κανονικοὺς
1084 2221 1139 2274 δὲ
1170 2221 1409 2292 θεσμοὺς
1436 2225 1595 2295 δῆθεν
1628 2225 1826 2295 ἐπιζη-

240 2304 487 2374 τοῦντες,
516 2307 639 2361 οὕτε
663 2309 974 2375 ἐπίσκοποι,
1003 2310 1118 2366 οὗθ’
1138 2313 1274 2377 ὅλως
1304 2314 1433 2368 λαοῦ
1457 2315 1821 2385 προεστῶτες*

239 2398 380 2453 ἀλλά
404 2417 547 2463 τινες
582 2401 821 2469 ἀγελαῖοι
860 2404 1036 2470 ὄντες,
1069 2407 1219 2476 ὅμως
1271 2408 1426 2461 αὐτοὶ
1452 2409 1826 2480 προσκόπτου-

242 2507 333 2543 σιν
362 2493 417 2545 ὲν
443 2486 523 2556 οἷς
552 2494 863 2562 ἐγκαλοῦσι.
889 2498 1206 2553 Συνοικοῦσι
1239 2500 1349 2571 γὰρ
1375 2501 1589 2569 γυναιξὶ
1614 2520 1827 2573 προφα-

241 2584 373 2647 νῶς,
399 2584 493 2639 καὶ
525 2589 925 2655 παρεισάκτους
954 2592 1274 2660 συνάγουσι·
1310 2596 1717 2663 πραγματείαις
1764 2612 1823 2647 τε

240 2676 343 2728 καὶ
396 2676 748 2746 πλεονεξίαις,
807 2682 900 2733 καὶ
934 2686 1043 2745 τοῖς
1070 2684 1249 2749 ἄλλοις
1281 2688 1613 2758 ὲντρίϐονται
1643 2687 1827 2757 βιωτι-

241 2770 362 2831 κοῖς
379 2770 700 2841 πράγμασιν
722 2790 734 2803 ·
754 2774 967 2843 ἀλόγως
987 2793 1046 2828 τε
1076 2776 1445 2846 βιωτεύουσιν,
1469 2780 1653 2832 ἐκεῖνα
1682 2778 1827 2849 ἔργῳ

242 2861 636 2929 καταλύοντες,
669 2866 812 2937 άπερ
841 2866 985 2938 λόγῳ
1020 2872 1275 2941 συνιστᾷν
1305 2870 1695 2940 ἰσχυρίζονται,
1722 2889 1828 2926 πα·-

242 2950 481 3021 ραὸάται
504 2954 677 3019 ὄντες,
693 2958 833 3011 κατὰ
850 2957 947 3027 τὴν
971 2959 1334 3031 ἁποστολικὴν
1351 2960 1643 3029 ἀπόφασιν.
1670 2961 1829 3029 Λόγῳ

241 3042 358 3111 γὰρ
380 3044 669 3113 τιμῶντες,
700 3047 845 3117 ἔργῳ
892 3050 982 3102 τὸν
1035 3051 1168 3105 Θεὸν
1222 3054 1574 3122 ἀτιμάζουσι,
1603 3056 1831 3124 μοναχοὶ

242 3134 344 3187 καὶ
367 3134 471 3186 ὑπὸ
502 3136 701 3208 κλῆρον
741 3141 1084 3209 ταττόμενοι.
1114 3142 1378 3196 Ἕπονται
1417 3143 1473 3196 δὲ
1517 3145 1723 3208 αὐτοῖς,
1753 3145 1829 3209 ὡς

240 3226 295 3277 οἱ
330 3226 764 3299 τεθαμὸωμένοι,
801 3232 896 3285 καὶ
925 3236 990 3304 τῇ
1020 3233 1229 3288 ἑαυτῶν
1251 3236 1510 3305 ἁπλότητι
1536 3238 1830 3308 πορευόμε⁸

317 3338 336 3367 ⁷
373 3336 532 3392 Rom.
570 3355 630 3407 ιι,
657 3340 745 3396 25.

1939 698 2120 756 allinia
2155 704 2267 758 sint
2321 705 2541 775 placitis
2583 722 2796 775 eorum,
2843 711 2936 778 qui
2978 711 3241 766 dicuntur
3293 713 3513 769 Aeriani

1940 792 2036 864 [ex
2100 794 2186 850 bis
2223 794 2547 855 Eustathius
2581 801 2805 869 quidam
2837 802 3066 871 prodiit,
3101 818 3132 857 a
3177 818 3286 873 quo
3313 790 3517 858 Eusta-

1935 886 2156 959 thiani}.

1938 978 2207 1035 Hactenus
2255 980 2498 1049 hazreses,
2540 1001 2848 1067 aureasque
2873 986 2942 1040 ad
2985 985 3222 1043 Heraclii
3278 997 3515 1056 tempora

2552 1065 2889 1111 exstiterunt.

1939 1144 2097 1214 110
2136 1144 2214 1198 Ab
2253 1147 2491 1201 Heraclii
2522 1157 2699 1213 relate,
2759 1158 2809 1203 et
2847 1149 3084 1217 deinceps
3137 1157 3341 1205 exortar
3366 1158 3508 1212 sunt,

2411 1234 2528 1287 qua:
2560 1220 2642 1273 hic
2678 1219 3056 1289 subjiciuntur.

2004 1304 2092 1360 99.
2132 1305 2536 1370 Monotbeletae,
2576 1324 2605 1363 a
2646 1310 2791 1382 Cyro
2829 1310 3207 1365 Alexandrino
3239 1309 3508 1381 originem

1933 1395 2249 1463 duxerunt;
2311 1414 2341 1451 a
2402 1398 2596 1469 Sergio
2659 1409 2842 1455 autem
2891 1400 3511 1470 Constantinopolitano

1931 1489 2102 1544 robur
2143 1499 2498 1559 acceperunt.
2531 1489 2615 1543 llli
2659 1491 2794 1547 duas
2831 1501 3058 1547 naturas
3104 1506 3169 1546 ac
3213 1506 3506 1561 personam

1932 1595 2099 1634 unam
2132 1581 2187 1634 in
2216 1580 2441 1636 Christo
2469 1591 2817 1652 agnoscunt;
2851 1592 2905 1637 at
2939 1599 3102 1637 unam
3143 1584 3504 1643 voluntatem,

1932 1683 2210 1739 unamque
2242 1670 2617 1738 operationem
2654 1671 2709 1723 in
2752 1686 2817 1725 eo
2847 1680 3056 1740 ponunt
3087 1689 3101 1725 :
3135 1685 3243 1740 qua
3295 1670 3509 1723 ratione

1932 1762 2211 1831 duplicem
2248 1770 2503 1816 naturam
2533 1763 2755 1826 tollunt,
2792 1777 2856 1817 ac
2892 1762 3217 1833 Apollinarii
3249 1761 3508 1832 dogmata

1931 1856 2111 1909 valide
2141 1855 2493 1910 confirmant.

2004 1946 2171 2019 [100.
2235 1947 2717 2017 Autoproscoptaz.
2771 1945 2839 2000 Hi
2881 1960 2978 2015 per
3033 1944 3223 1999 omnia
3283 1941 3505 2013 quidem

1928 2038 2222 2094 orthodoxi
2246 2046 2397 2103 sunt,
2433 2038 2531 2093 sed
2564 2046 2795 2101 temere,
2824 2036 3215 2105 levissimaque
3242 2034 3310 2090 de
3340 2046 3505 2087 causa

1929 2133 2000 2188 ab
2037 2132 2297 2188 Ecclesia:
2330 2131 2616 2186 catholicae
2662 2133 3054 2186 communione
3085 2143 3210 2185 sese
3253 2125 3507 2182 abscide-

1927 2234 2077 2293 runt,
2110 2226 2511 2281 canoniearum
2544 2225 2993 2279 Observationum
3025 2221 3224 2293 gratia.
3258 2218 3506 2287 Cumque

1926 2335 2032 2375 nec
2063 2318 2329 2387 episc0pi,
2360 2331 2462 2371 nec
2495 2317 2722 2371 omnino
2751 2315 2926 2386 plebis
2950 2312 3213 2384 przesides
3241 2310 3377 2373 sint,
3406 2306 3506 2362 sed

1928 2410 2165 2483 gregarii
2203 2410 2427 2480 quidam
2483 2407 2757 2471 homines,
2808 2407 2863 2459 in
2896 2420 2957 2458 ea
3008 2402 3113 2474 ipsi
3164 2400 3503 2470 impingunt,

1925 2520 2051 2574 qua:
2082 2504 2205 2555 aliis
2236 2502 2539 2569 objectant.
2578 2497 2764 2551 Palam
2797 2496 3067 2566 siquidem
3114 2509 3239 2548 eum
3278 2491 3504 2547 feminis

1926 2594 2206 2659 habitant,
2240 2590 2658 2645 introductitias
2698 2588 2956 2642 mulieres
2992 2583 3132 2655 apud
3172 2599 3232 2638 se
3255 2582 3505 2638 retinen-

1929 2699 2044 2751 tes;
2081 2686 2444 2745 mercatibus,
2462 2684 2662 2749 lucris,
2685 2682 2922 2751 aliisque
2944 2678 3302 2735 saecularibus
3335 2689 3503 2745 nego-

1928 2782 2019 2835 tiis
2043 2787 2264 2841 vacant,
2294 2784 2349 2830 et
2378 2775 2544 2828 vitam
2576 2782 2749 2844 agunt
2801 2788 2831 2826 a
2879 2774 3092 2826 ratione
3132 2784 3361 2840 prorsus
3392 2767 3506 2822 dis-

1929 2881 2274 2931 sentaneam,
2308 2875 2368 2922 ut
2407 2881 2472 2923 ea
2503 2880 2668 2936 opere
2709 2864 3021 2927 destruant,
3070 2876 3192 2932 quae
3235 2858 3508 2915 sermoni-

1930 2965 2032 3019 bus
2092 2963 2349 3017 nituntur
2401 2969 2695 3024 astruere;
2755 2958 3003 3027 adeoque
3054 2953 3505 3027 praevaricatores

1931 3054 2071 3108 ﬁunt
2121 3052 2427 3108 secundum
2480 3050 2813 3108 sententiam
2864 3048 3183 3119 Apostoli'.
3216 3044 3374 3109 Nam,
3423 3053 3505 3096 ta-

1931 3146 2094 3201 metsi
2130 3154 2260 3201 sunt
2291 3144 2570 3208 monachi,
2605 3153 2660 3198 et
2702 3143 2805 3198 sub
2837 3141 2986 3196 clero
3015 3137 3325 3200 constituti,
3372 3150 3506 3189 voce

1931 3238 2153 3310 quidem
2204 3237 2373 3292 Deum
2428 3234 2743 3299 honorant,
2803 3248 2970 3304 opere
3020 3239 3201 3285 autem
3259 3235 3505 3283 contem-

1507 3414 1741 3469 γΑιιιΑε
1776 3414 2179 3471 LECTIONES.

321 3508 342 3534 ⁸
379 3501 617 3555 Emendo
664 3504 975 3572 Ἀεριανῶν.

1066 3504 1236 3559 lllzee
1285 3506 1555 3561 habentur
1609 3508 1660 3560 in
1720 3508 1839 3561 solo
1890 3507 2012 3561 cod.
2072 3507 2126 3563 S.
2192 3505 2299 3560 Hil.

242 3571 731 3645 Monothelitarum
758 3571 772 3626 Ξ
808 3577 901 3630 sed
925 3577 990 3629 ad
1026 3574 1417 3645 Lampetianos
1443 3586 1496 3629 et
1538 3577 1803 3632 Aerianos
1828 3579 2125 3644 pertinent.

2375 3508 2744 3562 emendatoris
2796 3523 2959 3561 manu
3029 3507 3259 3577 adjecta
3312 3506 3503 3577 lia-regi

2202 3589 2230 3616 ιι
2253 3577 2496 3631 Titulum
2530 3579 2676 3633 hunc
2709 3579 2861 3633 solus
2894 3578 3056 3633 habet
3086 3575 3209 3634 cod.
3234 3575 3300 3631 Β.
3339 3576 3499 3629 2508.

241 3651 271 3681 ν
319 3643 471 3697 lianc
512 3644 762 3700 lia-resin:
792 3646 995 3699 habent
1027 3643 1185 3700 codd.
1231 3644 1398 3717 Regg.
1432 3647 1590 3711 2508,
1632 3663 1683 3702 et
1718 3643 1892 3703 Valic.
1933 3648 2107 3714 “82;
2151 3649 2204 3701 in
2230 3648 2353 3703 aliis
2384 3648 2559 3703 abest.

1760 3758 1999 3815 NOTAE.

323 3848 435 3921 (69)
463 3846 959 3921 Monotlieletarum
1001 3859 1259 3921 parentes
1291 3848 1514 3904 fuerunt
1546 3849 1828 3920 Eutychia-
1855 3856 1897 3912 ο
1930 3851 2151 3905 Christo
2187 3850 2511 3914 adimerent,
2553 3852 2647 3906 sed
2674 3853 2986 3917 humanam,
3015 3851 3083 3905 ob
3110 3850 3504 3921 penitissimam

244 3921 333 3981 ni,
385 3917 1035 3991 aliiqneiMonopliysitaE,
1094 3921 1186 3989 qui
1242 3920 1346 3991 hac
1401 3917 1701 3987 praesertim
1763 3920 1830 3974 de

241 4006 418 4045 causa
452 3987 649 4043 Leonis
683 3987 752 4041 Μ.
788 3987 1207 4043 ιιὰἜΙιινὶειηιιιη
1258 3990 1542 4057 epistolam
1596 3991 1829 4043 insimu-

245 4064 449 4120 larem,
480 4060 627 4126 quod
659 4059 798 4113 duas
834 4059 885 4111 in
917 4058 1139 4112 Christo
1169 4060 1517 4126 operationes
1539 4067 1827 4123 astrueret,

242 4131 342 4186 his
366 4130 569 4191 verbis,
604 4130 725 4195 Agit
758 4138 981 4191 utraque
1006 4129 1175 4196 forma
1206 4145 1321 4180 cum
1348 4130 1570 4182 alterius
1596 4145 1831 4182 commu-

245 4204 427 4263 nione,
462 4208 571 4253 etc.
612 4200 842 4252 Aiebant
876 4200 1061 4262 enim,
1092 4199 1348 4252 admissis
1402 4201 1689 4268 utriusque
1738 4215 1830 4251 na-

247 4281 393 4325 turaa
442 4269 870 4338 operationibus,
922 4269 1060 4324 duas
1125 4269 1237 4323 fore
1275 4284 1559 4337 personas,
1610 4281 1833 4337 propter

245 4340 879 4412 pugnanLvoluntatum,
903 4354 1023 4407 qua:
1049 4338 1494 4407 subsequeretur.
1528 4339 1618 4393 Sic
1648 4339 1831 4412 Timo-

246 4408 418 4465 theus
450 4408 676 4464 Elttrus
713 4418 1143 4477 argumentatur,
1190 4412 1243 4461 in
1288 4411 1591 4478 fragmento
1639 4408 1831 4478 ()peris

245 4493 443 4533 contra
466 4483 641 4549 ipsum
668 4481 812 4548 quod
831 4478 957 4533 alibi
990 4478 1261 4533 dabimus.
1287 4478 1377 4549 Sic
1410 4477 1645 4533 Severus
1665 4477 1827 4549 epist.

246 4553 319 4603 ad
356 4547 652 4603 ()Ecumen.
687 4547 812 4617 qure
870 4549 1006 4601 lecta
1047 4560 1131 4603 est
1177 4556 1282 4601 act.
1320 4548 1386 4601 10
1420 4556 1584 4602 sextae
1612 4547 1843 4617 synodi.

246 4621 527 4686 Quocirca
582 4618 908 4673 Anastasius
957 4617 1330 4673 Jacobitarum
1364 4618 1827 4671 Antiochenorum

245 4691 592 4760 patriarcha,
623 4690 1064 4760 przrcursorille,
1099 4699 1155 4741 ut
1188 4689 1494 4760 Antiochus
1527 4688 1830 4760 lbonachus

246 4756 354 4819 an.
383 4760 729 4822 Antichristi,
765 4758 1015 4811 Heraclio
1041 4759 1170 4827 imp.
1202 4758 1495 4826 Suggessit,
1532 4756 1677 4810 facili
1731 4773 1830 4811 ne-

247 4830 409 4899 gotio
464 4828 741 4883 Jaeubitas
790 4844 913 4881 cum
976 4826 1272 4899 Catholicis
1323 4827 1610 4899 uniendos,
1642 4826 1710 4888 si,
1746 4827 1830 4899 vel

250 4896 369 4954 una
417 4901 670 4951 voluntas
728 4909 781 4953 et
816 4899 1060 4966 operatio
1106 4898 1324 4951 Christo
1360 4898 1712 4959 tribueretur,
1748 4896 1830 4950 vel

248 4986 370 5023 una
405 4969 670 5031 duplexve
704 4977 997 5021 taceretur.
1034 4967 1336 5036 Suppressa
1365 4966 1631 5035 siquidem
1655 4966 1832 5034 dupli-

246 5042 341 5094 cis
376 5039 608 5092 actionis
655 5038 1032 5099 confessione,
1083 5047 1331 5089 naturam
1372 5046 1659 5104 utramque
1704 5051 1831 5104 snp-

248 5109 602 5178 primendam
651 5117 895 5163 noverat.
948 5107 1437 5178 Postreiiittm_lioc
1462 5106 1830 5178 adnuentibus

1936 3921 2193 3974 unionem
2222 3936 2344 3974 cum
2378 3922 2561 3975 divina
2604 3922 2890 3976 dicendam
2929 3925 3145 3991 proprie
3171 3922 3505 3991 voluntatem

1933 4006 2041 4063 non
2073 4005 2198 4063 esse
2217 4002 2524 4063 censerent,
2558 4008 2680 4060 quae
2705 3992 2902 4046 divinae
2932 3990 3358 4046 instrumentum
3388 3990 3503 4063 fue-

1932 4062 2027 4124 rit,
2058 4075 2121 4113 ac
2149 4060 2330 4113 divina
2357 4061 2717 4130 ὑποστατική,
2748 4078 2984 4129 persona:
3004 4063 3264 4119 voluntas.
3306 4070 3358 4113 et
3379 4062 3505 4128 ἠνε-

1938 4130 2155 4199 μονική,
2189 4130 2521 4198 principalis,
2570 4143 2623 4184 et.
2649 4133 3104 4199 quemadmodum
3141 4145 3321 4183 causa:
3356 4130 3505 4197 prin-

1934 4202 2071 4269 cipis
2093 4209 2147 4255 et
2178 4201 2524 4255 instrumenti
2558 4218 2662 4254 una
2688 4212 2772 4256 est
2812 4203 2974 4260 actio,
3008 4203 3082 4255 ita
3117 4199 3422 4253 divinitatis
3452 4206 3507 4250 ct

1934 4270 2338 4340 humanitatis;
2359 4269 2446 4323 Sic
2477 4273 2635 4339 plane
2672 4271 2894 4340 Sergius
2936 4271 3001 4325 ad
3038 4270 3332 4323 Honorium
3366 4269 3506 4321 scri-

1937 4340 2097 4393 bebat
2131 4356 2144 4391 :
2184 4340 2263 4392 sic
2297 4338 2617 4394 Theodorus
2670 4338 2984 4405 Pha‘ranita,
3042 4349 3095 4393 et
3129 4340 3217 4391 alii
3272 4353 3503 4405 quorum

1934 4410 2075 4462 dicta
2109 4410 2413 4480 recitantur
2445 4411 2497 4463 in
2536 4420 2689 4463 sexta
2726 4409 3137 4480 sytiodqunum
3173 4406 3505 4480 Combelisio

1933 4480 2166 4532 doetiss.
2202 4477 2458 4533 Petavius
2492 4475 2825 4533 convenit't.
2870 4478 2935 4532 IV
2972 4478 3149 4532 Tlteol.
3183 4476 3359 4543 dogm.
3403 4475 3501 4529 lib.

1935 4564 1973 4608 ι,
2010 4563 2058 4603 c.
2091 4548 2181 4609 20,
2218 4565 2271 4603 n.
2309 4550 2449 4612 i;et
2478 4550 2571 4602 lib.
2598 4565 2716 4611 vin,
2739 4564 2788 4601 c.
2826 4552 2879 4610 6,
2914 4565 2965 4603 ιι.
3003 4549 3053 4602 5.
3088 4547 3354 4599 llicerror
3377 4559 3500 4598 cum

1936 4618 2036 4671 sub
2066 4617 2364 4685 Philippico
2404 4619 2534 4687 imp.
2562 4618 2933 4672 recrmluisset
2964 4619 3184 4687 iterum,
3218 4629 3339 4687 mox
3376 4630 3507 4687 exo-

1936 4688 2085 4750 levil,
2118 4685 2495 4755 praeterquam
2520 4690 2660 4753 apud
2710 4687 3008 4741 Jacobitas.
3048 4685 3347 4755 Eutychius
3380 4686 3506 4751 qui-

1934 4758 2057 4811 dem
2085 4754 2378 4810 Alexandr.
2431 4764 2472 4808 t.
2528 4756 2569 4809 Il
2617 4760 2752 4810 Ann.
2787 4774 2909 4826 pag.
2946 4756 3068 4821 190,
3103 4754 3308 4826 erroris
3342 4754 3506 4821 hujus

1935 4834 2217 4881 auctorem
2251 4826 2422 4881 fuisse
2444 4836 2631 4880 narrat
2665 4824 2941 4881 Maronem
2980 4824 3267 4895 quemdam
3312 4838 3504 4895 mona-

1934 4896 2118 4959 chum,
2148 4896 2424 4948 alumnum
2454 4899 2767 4950 monasterii
2798 4897 2947 4951 urbis
2974 4892 3171 4955 ﬂama,
3207 4909 3234 4945 a
3267 4906 3374 4960 quo
3397 4892 3507 4946 M0-

1934 4967 2225 5019 notheleta:
2248 4965 2505 5031 deinceps
2542 4970 2594 5017 in
2631 4965 2852 5018 ()riente
2889 4965 3141 5035 appellati
3176 4963 3287 5035 sint
3322 4960 3508 5015 Maro-

1935 5038 2080 5089 nitw.
2115 5037 2265 5100 Quod
2300 5034 2544 5087 nonnihil
2569 5036 2901 5090 (lillicultatis
2927 5032 3123 5095 habet,
3154 5032 3356 5101 quippe
3381 5046 3505 5084 cum

1936 5122 1999 5160 ex
2040 5105 2357 5158 Damasceni
2397 5104 2625 5174 cpistola
2663 5105 2731 5159 de
2789 5108 2987 5174 hymno
3018 5103 3267 5174 Trisagip
3297 5110 3504 5174 certum

252 5170 455 5255 Sergio
487 5178 671 5255 CP._et
701 5177 1240 5255 Cyro_Al_exandrino
1278 5174 1516 5255 lietbesi,
1540 5191 1634 5230 seu
1661 5173 1835 5255 Ia‘xpo-
1872 5185 1912 5238 υ
1941 5177 2032 5255 sit,
2074 5175 2243 5255 ipsius
2273 5170 2756 5255 zelate'lllaronitas
2797 5170 2963 5255 puros
3005 5183 3164 5242 pulos
3206 5170 3507 5255 Monoiihv-

250 5245 464 5305 sitione
490 5247 632 5309 fidei,
659 5245 891 5303 salicivit
923 5250 1251 5314 imperator;
1281 5247 1642 5313 lirmavitque,
1681 5245 1837 5297 insti-

250 5325 429 5389 gante
458 5316 667 5389 Pyrrho
700 5317 874 5385 Sergii
900 5316 1555 5389 ειλιοοθεεοιυξροηειιιῃε
1599 5314 1834 5368 lleraclii

250 5375 434 5445 iilius.
457 5375 602 5441 edita
635 5375 865 5440 formula
891 5386 1037 5450 fidei,
1059 5375 1453 5454 quam'Ttimv,
1489 5376 1703 5453 Typum,
1737 5400 1831 5437 vo-

248 5464 479 5512 carant.
516 5457 570 5510 In
597 5457 742 5511 hunc
769 5458 930 5510 etiam
972 5457 1254 5523 scopulum
1310 5456 1563 5507 incautus
1616 5455 1836 5522 impegit

251 5528 541 5582 Honorius
580 5542 737 5597 papa,
797 5528 1044 5594 repetitis
1067 5526 1143 5597 ad
1176 5525 1429 5597 Sergium
1466 5523 1692 5597 litteris;
1736 5539 1832 5576 nec

252 5594 705 5666 Sophronii,qiii
740 5598 1003 5664 proditam
1057 5595 1213 5649 fidem
1249 5595 1600 5664 querebatur,
1626 5594 1831 5666 legatos

250 5664 500 5729 dimisit,
553 5664 654 5719 nisi
692 5667 964 5733 pollicitos
999 5668 1160 5718 unius
1193 5680 1257 5717 ac
1292 5669 1522 5717 duarum
1556 5664 1833 5716 actionum

254 5736 637 5792 reticentiam.
673 5735 1039 5788 Nihilominus
1070 5735 1311 5803 Sergius,
1371 5733 1745 5802 Pyrrhusque,
1785 5743 1839 5785 et

254 5808 359 5861 alll
394 5808 660 5860 actionem
695 5814 749 5858 et
778 5807 1105 5857 voluntatem
1137 5820 1301 5857 unam
1345 5804 1724 5856 incunctanter
1757 5804 1839 5855 (Ιί-

255 5876 469 5931 ccbant
490 5891 501 5927 :
525 5890 755 5943 quorum
786 5891 1005 5929 sensum
1033 5874 1395 5929 Combelisius
1414 5874 1493 5927 sic
1515 5873 1827 5935 edisseruit,

261 5954 331 6001 ut
363 5959 463 6001 nec
507 5946 741 6002 divinam
774 5947 985 6001 volendi
1020 5944 1361 6011 facultatem,
1392 5958 1489 5999 nec
1537 5944 1828 5997 humanam

1944 5241 2303 5305 sitas—fuisse,
2327 5244 2436 5295 imo
2458 5255 2509 5297 et
2548 5241 3018 5312 Theopaschitas,’
3051 5252 3108 5296 ut
3139 5258 3240 5295 suo
3272 5241 3390 5312 loco
3414 5241 3507 5290 ad-

1942 5315 2239 5368 notabitur.
2271 5314 2522 5382 "Insuper
2572 5317 2624 5363 in
2673 5308 2941 5382 opusculo
3004 5314 3075 5366 De
3118 5312 3272 5382 recip.
3296 5308 3504 5382 Itwr_et.,

1942 5384 2084 5453 quod
2118 5384 2219 5435 sub
2247 5379 2519 5453 Timothei
2555 5382 2659 5436 CP.
2687 5379 2904 5436 nomine
2930 5381 3291 5437 Combeﬁsius
3328 5379 3509 5453 vulga-

1939 5447 2035 5517 vit,
2066 5465 2101 5507 t.
2125 5453 2165 5504 ll
2191 5455 2370 5514 Auct.,
2394 5450 3232 5521 Maronitasdieunturquartam,
3258 5447 3503 5521 quintam

1938 5533 1992 5578 et
2033 5533 2235 5576 sextam
2267 5522 2508 5593 synodos
2540 5523 2827 5593 abnegare,
2853 5518 2989 5576 cum
3007 5529 3212 5593 sextam
3244 5518 3508 5571 duntaxat

1941 5590 2314 5646 llfonotheletaé
2345 5590 2709 5658 repudiarent.
2744 5593 3008 5647 Caeterum
3056 5590 3361 5643 fabulosum
3394 5602 3503 5639 non

1934 5680 2055 5716 esse
2086 5663 2367 5716 Athanasii
2397 5662 2655 5716 Jacobitte
2709 5679 2832 5716 eum
2869 5661 3116 5714 lleraclio
3142 5670 3499 5725 congressum

1936 5734 2059 5785 alibi
2098 5732 2358 5786 adversus
2393 5732 2608 5785 clariss.
2654 5732 2872 5802 Paginm
2918 5724 3293 5802 probabimus,
3331 5724 3504 5777 addu-

1936 5813 2025 5854 cto
2063 5804 2273 5869 prolixo
2336 5802 2639 5867 fragmento
2689 5797 2870 5870 operis
2922 5797 3118 5853 Eubuli
3178 5797 3498 5870 Lyslrornm

1938 5865 2177 5941 episcopi
2212 5865 2472 5923 adversus
2525 5865 2783 5935 libellum,
2837 5886 2995 5940 quem
3032 5868 3362 5925 Athanasius
3398 5865 3500 5917 iste

1938 5943 2250 6012 imperatori
2286 5953 2618 6009 porrexerat.
