4198 6492
269 514 376 576 765

1387 473 1392 478 ’
1441 515 1539 574 DE
1571 511 2026 576 H/ERESIBUS
2056 514 2318 577 LIBER;

3416 517 3522 578 7m

268 624 463 694 Μαμέδ
513 621 1002 693 ἐπονομαζόμενος,
1067 622 1126 685 ὃς
1162 625 1226 692 τῇ
1261 639 1318 675 τε
1352 622 1565 695 Παλαιᾷ
1609 624 1702 674 καὶ
1729 622 1845 686 Νέᾳ

1952 635 2128 689 vates,
2185 624 2396 704 lllamed
2430 625 2689 690 nomine;
2727 625 2821 694 qui
2858 639 2984 679 cum
3020 626 3074 678 in
3106 623 3279 679 libros
3312 621 3521 682 Veteris

267 717 512 786 Διαθήκῃ
549 713 884 785 περιτυχὼν,
926 714 1130 782 ὁμοίως
1159 714 1320 785 δῆθεν
1381 712 1644 785 Ἀρειανῷ
1679 729 1848 784 προσ-

266 808 533 878 ομιλήσας
561 806 777 877 μοναχῷ
805 815 854 869 3‘,
887 799 1024 860 ἰδίαν
1053 806 1418 876 συνεστήσατο
1466 805 1698 876 αἵρεσιν.
1742 804 1850 856 Καὶ

268 898 541 968 προφάσει
570 898 630 949 τὸ
660 897 837 950 δοκεῖν
868 895 1177 958 θεοσεϐείας
1197 895 1257 949 τὸ
1286 896 1437 958 ἔθνος
1459 895 1850 964 εἰσποιησάμε-

268 1003 380 1049 νος,
403 986 462 1050 ἐξ
491 985 724 1058 ούρανοῦ
759 987 981 1057 γραφὴν
1007 985 1400 1055 κατενεχθῆναι
1429 985 1516 1037 ἐπ’
1545 985 1704 1037 αὑτὸν
1735 984 1848 1036 δια-

270 1079 507 1148 θρυλλεῖ.
543 1079 675 1132 Τινά
697 1074 790 1132 οὖν
816 1079 1169 1148 συντάγματα
1200 1079 1257 1131 ἐν
1292 1077 1372 1147 τῷ
1401 1079 1530 1148 παρ’
1558 1075 1720 1130 αὐτοῦ
1765 1075 1848 1146 βι-

271 1171 404 1242 ὁλίῳ
424 1171 665 1242 χαράξας
693 1169 931 1240 γέλωτος
960 1169 1106 1236 ἄξια,
1142 1170 1204 1223 τὸ
1241 1169 1402 1233 σέϐας
1438 1170 1625 1230 αὐτοῖς
1671 1184 1848 1238 παρα-

270 1262 474 1316 δίδωσι.

343 1440 505 1507 Λέγει
531 1438 624 1492 ἕνα
655 1437 788 1490 Θεὸν
815 1432 952 1491 εἶναι
976 1438 1204 1508 ποιητὴν
1229 1438 1336 1492 τῶν
1370 1439 1527 1503 ὅλων,
1566 1438 1702 1508 μήτε
1725 1453 1848 1506 γεν-

272 1532 525 1602 νηθέντα,
554 1532 690 1602 μήτε
715 1532 1103 1601 γεγεννηκότα.
1127 1531 1290 1599 Λέγει
1307 1532 1398 1584 τὸν
1415 1531 1650 1601 Χριστὸν
1676 1531 1849 1598 Λόγον

271 1617 413 1675 εἶναι
459 1620 550 1675 τοῦ
593 1621 753 1688 Θεοῦ,
811 1622 908 1675 καὶ
951 1621 1167 1692 πνεῦμα
1213 1622 1402 1688 αὐτοῦ,
1431 1624 1647 1675 κτιστὸν
1671 1621 1725 1675 δὲ
1756 1622 1850 1674 καὶ

271 1712 477 1778 δοῦλον,
513 1712 608 1766 καὶ
641 1714 722 1766 ὅτι
774 1713 837 1765 ἐκ
879 1713 1096 1782 Μαρίας
1149 1714 1248 1783 τῆς
1296 1713 1534 1785 ἀδελφῆς
1568 1713 1850 1776 Μωῦσέως

274 1805 370 1858 καὶ
429 1802 639 1873 Ἀαρὼν
687 1802 814 1857 ἀνευ
870 1805 1078 1872 σπορᾶς
1122 1803 1340 1873 ἐτέχθη.
1389 1803 1450 1856 '0
1499 1803 1608 1874 γὰρ
1655 1802 1846 1871 Λόγος,

273 1897 430 1967 φησὶ,
480 1897 573 1950 τοῦ
606 1896 765 1960 Θεοῦ,
825 1898 918 1950 καὶ
955 1897 1018 1950 τὸ
1069 1897 1295 1966 Πνεῦμα
1350 1895 1598 1966 εἰσῆλθεν
1632 1899 1710 1958 εἰς
1749 1896 1849 1966 τὴν

271 1990 518 2060 Μαρίαν,
554 1991 648 2043 καὶ
678 1989 935 2058 ἐγέννησε
967 1989 1058 2042 τὸν
1117 1988 1322 2060 Ἰησοῦν
1369 1990 1652 2061 προφήτην
1697 1987 1845 2054 ὄντα,

274 2081 368 2132 καὶ
393 2079 579 2132 δοῦλον
610 2077 703 2132 τοῦ
736 2079 892 2134 Θεοῦ.
921 2078 1030 2133 Καὶ
1059 2079 1142 2132 ὅτι
1170 2081 1218 2133 οἱ
1253 2079 1499 2133 Ἰουδαῖοι
1529 2078 1853 2149 παρανομή-

279 2189 471 2236 σαντες
494 2171 756 2242 έθέλησαν
787 2172 951 2226 αὑτὸν
993 2171 1328 2243 σταυρῶσαι,
1361 2172 1456 2225 καὶ
1480 2173 1853 2243 κρατήσαντες

275 2264 631 2336 ἐσταύρωσαν
685 2265 784 2336 τὴν
838 2262 996 2317 σκιὰν
1040 2263 1239 2318 αὐτοῦ’
1271 2265 1433 2328 αὐτὸς
1461 2264 1517 2317 δὲ
1564 2263 1592 2314 6
1621 2263 1852 2332 Χριστὸς

274 2359 378 2410 οὐκ
409 2355 752 2428 ἐσταυρώθη,
792 2356 978 2427 φησὶν,
1015 2353 1139 2409 οὔτε
1177 2355 1448 2410 ἀπέθανεν
1473 2371 1487 2386 ·
1517 2357 1546 2408 6
1574 2355 1684 2425 γὰρ
1719 2354 1851 2418 Θεὸς

276 2448 472 2504 ἔλαϐεν
506 2448 668 2501 αὑτὸν
700 2447 837 2518 πρὸς
863 2447 1055 2500 ἑαυτὸν
1089 2447 1170 2510 εἰς
1199 2446 1290 2499 τὸν
1317 2447 1545 2517 οὐρανὸν
1565 2447 1653 2500 διὰ
1674 2447 1734 2500 τὸ
1766 2464 1854 2516 φι-

277 2542 393 2594 λεῖν
420 2540 602 2595 αὐτόν.
641 2540 750 2594 Καὶ
773 2539 932 2592 τοῦτο
961 2538 1109 2607 λέγει
1133 2579 1149 2604 ,
1177 2539 1280 2604 ὅτι,
1319 2538 1413 2592 τοῦ
1435 2539 1670 2611 Χριστοῦ
1700 2539 1851 2594 ἀνελ-

280 2631 466 2692 θόντος
499 2634 579 2694 εἰς
604 2630 730 2693 τοὺς
757 2630 1021 2700 οὐρανοὺς
1039 2670 1054 2693 ,
1087 2629 1444 2703 ἐπηρώτησεν
1479 2631 1638 2686 αὑτὸν
1664 2633 1693 2686 6
1722 2630 1854 2696 Θεὸς

279 2723 486 2790 λέγων’
514 2717 584 2774 Ὠ
627 2721 801 2792 Ἰησοῦ
827 2761 841 2785 ,
895 2725 959 2776 σὺ
997 2718 1180 2788 εἴπας,
1215 2724 1296 2776 ὅτι
1327 2733 1349 2760 ι
1379 2741 1397 2775 ι
1440 2725 1565 2786 Υἱός
1597 2726 1713 2793 εἰμι
1760 2724 1852 2778 τοῦ

279 2811 416 2864 Θεοῦ
440 2851 454 2875 ,
484 2811 578 2864 καὶ
605 2811 774 2876 Θεός;
811 2830 830 2864 ι
865 2813 973 2866 Καὶ
1012 2813 1308 2883 ἀπεκρίθη,
1340 2815 1522 2884 φησὶν,
1551 2817 1579 2867 6
1617 2814 1850 2886 Ἰησοῦς·

285 2926 304 2956 ι
339 2903 523 2966 Ἵλεώς
580 2921 688 2973 μοι,
733 2903 935 2975 Κύριε·
990 2904 1053 2956 σὺ
1085 2900 1233 2968 οἶδας
1280 2907 1362 2958 ὅτι
1397 2907 1495 2958 οὐκ
1532 2902 1707 2971 εἷπον,
1738 2909 1856 2961 ούδὲ

281 2993 621 3064 ὑπερηφανῶ
651 2989 790 3048 εἶναι
813 2995 998 3059 δοῦλός
1037 3012 1129 3048 σου
1158 3013 1172 3028 ο
1212 2997 1325 3049 ἀλλ’
1364 2997 1638 3068 ἄνθρωποι
1665 3000 1712 3051 ol
1748 3016 1854 3051 πα-

279 3087 516 3156 ραϐάται
565 3087 831 3160 ἔγραψαν,
866 3089 949 3141 ὅτι
1001 3083 1158 3142 εἷπον
1186 3090 1274 3142 τὸν
1303 3090 1460 3158 λόγον
1492 3090 1680 3144 τοῦτον
1701 3133 1715 3156 ,
1766 3094 1859 3145 καὶ

276 3179 583 3248 ἐψεύσαντο
611 3181 727 3233 κατ’
762 3180 922 3251 ἐμοῦ,
955 3180 1050 3233 καὶ
1091 3183 1198 3234 εἰσὶ
1235 3183 1664 3252 πεπλανημένοι.
1700 3201 1718 3234 ι
1752 3184 1859 3237 Καὶ

279 3271 580 3341 ἀπεκρίθη,
613 3272 707 3325 καί
732 3289 896 3342 φησιν
927 3273 1076 3342 αύτῷ
1104 3275 1132 3326 6
1154 3273 1289 3336 Θεός
1309 3287 1324 3303 ⁸
1361 3292 1379 3325 ι
1416 3270 1545 3327 Οἶδα
1567 3274 1651 3328 ὃτι
1676 3276 1740 3328 σὺ
1761 3276 1860 3328 οὐκ

279 3363 470 3431 ἔλεγες
493 3364 584 3418 τὸν
610 3365 767 3432 λόγον
800 3364 1010 3418 τοῦτον.
1057 3383 1076 3417 ι
1119 3366 1232 3419 Καὶ¹
1265 3366 1400 3420 ἀλλα
1427 3367 1598 3421 πολλά
1638 3384 1860 3439 τερατο-

279 3453 457 3521 λογῶν
480 3457 538 3507 ὲν
555 3457 619 3525 τῇ
644 3454 868 3526 τοιαύτῃ
899 3460 1185 3528 συγγραφῇ
1209 3459 1443 3524 γέλωτος
1480 3460 1625 3526 ἄξια,
1655 3460 1858 3530 ταύτην

281 3547 423 3614 πρὸς
470 3545 604 3598 Θεοῦ
649 3547 735 3599 ἐπ’
779 3547 941 3602 αὐτὸν
989 3561 1014 3588 ι
1067 3549 1455 3618 κατενεχθῆναι
1500 3551 1850 3621 φρυάττεται.

294 3635 485 3705 Ἦμῶν
513 3637 569 3689 δὲ
602 3637 867 3706 λεγόντων
890 3654 902 3669 ο
935 3639 1045 3691 Καὶ
1069 3639 1152 3702 τίς
1186 3641 1334 3692 ἐστιν
1365 3643 1392 3693 ὁ
1419 3641 1729 3711 μαρτυρῶν,
1780 3643 1859 3693 ὃτι

283 3727 506 3796 γραφὴν
533 3726 681 3796 αὐτῷ
705 3727 934 3780 δέδωκεν
953 3729 979 3779 6
1006 3727 1134 3788 Θεὸς
1156 3743 1169 3791 ;
1197 3728 1290 3780 καὶ
1316 3727 1400 3790 τίς
1427 3729 1536 3780 τῶν
1566 3727 1860 3798 προφητῶν

284 3823 548 3891 προεῖπεν
577 3819 658 3871 ὅτι
681 3818 920 3882 τοιοῦτος
943 3820 1229 3873 ἀνίσταται
1260 3821 1545 3891 προφήτης
1570 3837 1584 3884 ;
1623 3821 1714 3873 καὶ
1744 3821 1861 3873 δια-

285 3910 600 3979 πορούντων
629 3909 837 3973 αὐτῶν,
884 3909 959 3971 ὠς
992 3910 1018 3961 6
1058 3911 1296 3978 Μωῦσῆς
1329 3909 1423 3963 τοῦ
1451 3909 1584 3962 Θεοῦ
1628 3911 1768 3963 κατά
1801 3911 1862 3964 τὸ

287 4000 422 4054 Σινὰ
457 4001 580 4069 ὅρος
607 4001 694 4052 ἐπ’
721 3999 895 4068 ὄψεως
925 3999 1124 4061 παντὸς
1144 3999 1238 4052 τοῦ
1270 3999 1423 4063 λαοῦ,
1455 3998 1474 4071 [
1500 4001 1526 4040 b
1553 4002 1609 4053 ἐν
1642 4001 1857 4074 νεφέλῃ,

291 4093 389 4146 καὶ
434 4093 588 4162 πυρὶ,
625 4091 718 4143 καὶ
743 4089 926 4158 γνόφῳ
947 4129 960 4151 ,
994 4090 1087 4144 καὶ
1118 4089 1314 4162 θυέλλῃ
1341 4090 1605 4159 φανέντος
1649 4091 1864 4155 ἐδέξατο

286 4186 384 4238 τὸν
416 4184 602 4254 νόμον.
649 4183 760 4234 Καὶ
787 4183 869 4235 ὅτι
919 4183 1118 4245 πάντες
1146 4184 1196 4235 οί
1231 4187 1523 4254 προφῆται,
1553 4183 1660 4237 ἀπὸ
1699 4184 1863 4236 Monii-

291 4277 433 4337 σέως
455 4276 548 4328 καὶ
574 4274 810 4343 καθεξῆς
840 4274 1163 4344 ἀρξάμενοι,
1207 4276 1338 4345 περὶ
1371 4276 1471 4343 τῆς
1511 4274 1606 4329 τοῦ
1630 4275 1863 4346 Χριστοῦ

288 4367 597 4436 παρουσίας
643 4365 1075 4436 προηγόρευσαν,
1105 4365 1199 4419 καὶ
1233 4366 1316 4417 ὅτι
1362 4365 1492 4428 Θεὸς
1539 4367 1568 4420 6
1612 4365 1862 4438 Χριστὸς,

292 4459 390 4513 καὶ
417 4454 552 4511 Θεοῦ
593 4455 724 4520 Υἱὸς
753 4454 1124 4525 σαρκούμενος
1155 4455 1307 4526 ἥξει,
1350 4455 1446 4508 καὶ
1487 4455 1866 4526 σταυρωθησό·

294 4566 481 4620 μενος,
515 4549 608 4602 καὶ
660 4547 910 4618 θνήσκων
961 4556 1007 4612 ο,
1039 4548 1133 4600 καὶ
1170 4547 1634 4617 ἀναστησόμενος·
1668 4548 1763 4600 καὶ
1786 4547 1867 4600 ὅτι

1951 714 2200 786 Novique
2226 715 2566 772 'l‘estamenli
2598 717 2907 782 incidisset,
2938 716 3144 773 habitis
3169 733 3292 770 cum
3318 715 3524 771 Ariauo

1950 807 2187 875 quodam
2217 808 2485 862 monacho
2501 807 2811 876 colloquiis,
2843 809 3120 876 prepriam
3157 815 3360 862 sectam
3392 822 3522 861 cou-

1951 898 2110 952 didit.
2148 897 2289 952 Tum
2328 899 2626 953 conciliato
2667 899 2770 952 sibi
2825 899 3006 968 gentis
3053 897 3240 951 favore
3271 913 3367 967 per
3395 899 3524 951 reli-

1949 990 2127 1062 gionis
2173 998 2227 1043 et
2277 991 2500 1059 pietatis
2534 990 2767 1052 larvam,
2801 990 3007 1057 scripta
3046 988 3156 1042 sibi
3187 987 3367 1041 delata
3401 1003 3525 1043 esse

1948 1082 2016 1137 de
2053 1081 2216 1144 coelo,
2268 1081 2547 1150 missaque
2591 1096 2621 1134 a
2664 1081 2774 1135 Deo
2824 1079 3165 1150 praedicavit.
3228 1078 3519 1142 Quocirca,

1949 1175 2195 1229 exaratis
2231 1174 2286 1229 in
2337 1174 2478 1228 libro
2519 1183 2619 1228 s’uo
2666 1171 3160 1227 lucubratiunculis
3188 1168 3520 1240 quibusdam

1949 1266 2063 1321 risu
2119 1266 2505 1337 dignissimis,
2563 1265 2710 1319 hunc
2769 1264 2879 1319 illis
2926 1261 3146 1317 colendi
3203 1262 3299 1316 Dei
3355 1261 3522 1314 ritum

1949 1357 2142 1413 tradit.

2022 1449 2204 1505 Unum
2242 1449 2413 1503 Deum
2449 1448 2602 1518 ponit
2636 1447 2878 1503 universi
2940 1454 3246 1507 auctorem.
3282 1446 3375 1515 qui
3423 1459 3526 1500 nec

1950 1542 2169 1612 genitus
2199 1541 2292 1604 sit,
2327 1555 2425 1594 nec
2462 1541 2711 1610 genuerit
2736 1537 2885 1607 (Sur.
2919 1537 3064 1606 2-4).
3104 1536 3385 1591 Christum
3428 1549 3526 1587 au-

1951 1647 2060 1692 tem
2086 1634 2178 1690 Dei
2213 1632 2452 1688 Verbum
2482 1646 2605 1687 esse
2650 1629 2806 1691 dicit,
2838 1630 3068 1700 ejusque
3121 1628 3398 1698 spiritum,
3431 1626 3526 1680 sed

1950 1736 2198 1784 creatum
2244 1735 2298 1781 et
2351 1739 2602 1790 servum,
2653 1739 2719 1780 ex
2772 1721 2944 1776 Maria
2983 1736 3174 1777 sorore
3223 1718 3425 1790 Moysis
3472 1723 3528 1770 et

1949 1822 2131 1878 Aaron
2173 1821 2292 1875 sine
2337 1818 2549 1874 semine
2605 1826 2818 1869 natum.
2865 1813 3101 1870 Verbum
3157 1812 3361 1881 quippe
3406 1807 3525 1871 Dei,

1953 1915 2154 1984 inquit,
2187 1927 2312 1967 cum
2349 1912 2404 1964 in
2461 1909 2684 1963 Mariam
2729 1907 3058 1967 introiisset,
3091 1904 3279 1960 Jcsum
3312 1901 3524 1972 genuit,

1952 2005 2046 2077 qui
2076 2003 2343 2074 propheta
2377 2007 2432 2055 et
2486 1998 2582 2053 Dei
2607 2012 2804 2053 servus
2852 1995 2972 2049 fuit.
3007 1992 3162 2047 Hunc
3192 2005 3315 2046 cum
3351 1987 3526 2043 Judazi

1953 2112 2050 2170 per
2083 2108 2360 2151 summum
2410 2089 2568 2146 nefas
2623 2090 2680 2143 in
2732 2101 2954 2142 crucem
3002 2098 3164 2155 agere
3194 2082 3525 2136 voluissent.

1951 2167 2574 2259 apprehendissentquc,
2631 2179 2810 2248 ipsius
2874 2176 3094 2246 quidem
3157 2172 3410 2226 umbram
3447 2167 3516 2222 af-

1953 2275 2354 2336 ﬁxeruntcruci
2387 2272 2538 2344 (Sur.
2563 2271 2683 2340 5-4)
2707 2289 2719 2325 :
2741 2269 3000 2324 Christus
3026 2280 3156 2321 vero
3187 2279 3285 2319 nec
3308 2277 3521 2317 cruce"-

1953 2386 2054 2426 nec
2078 2377 2306 2423 mortem
2335 2364 2525 2420 subiit.
2553 2361 2688 2415 Eum
2707 2360 2913 2430 quippe
2941 2356 3102 2421 Deus,
3124 2354 3252 2424 quia
3273 2351 3375 2405 sihi
3397 2352 3497 2404 cha

1954 2463 2207 2518 rissimus
2233 2466 2377 2518 erat,
2413 2454 2771 2510 transtulerat
2802 2453 2861 2506 in
2899 2450 3124 2505 ccelum.
3176 2447 3314 2500 Illud
3360 2443 3521 2498 etian-

1957 2561 2142 2608 uarrat
2173 2551 2321 2620 (Sur.
2351 2547 2457 2616 4),
2493 2545 2798 2608 Christum,
2837 2557 2962 2596 cum
3003 2542 3058 2594 in
3097 2539 3298 2594 cmlum
3336 2549 3517 2590 ascen-

1955 2646 2148 2710 disset,
2179 2644 2578 2710 interrogatum
2616 2651 2646 2690 a
2680 2635 2790 2690 Deo
2822 2633 3018 2697 fuisse,
3053 2647 3184 2686 num
3211 2644 3271 2685 se
3308 2627 3400 2682 Dei
3432 2623 3520 2678 Fi-

1956 2739 2087 2792 lium
2117 2749 2242 2792 esse
2265 2732 2501 2788 dixisset
2529 2747 2542 2783 :
2567 2727 2758 2783 Jesuni
2795 2740 2924 2781 vero
2971 2725 3075 2778 hoc
3094 2721 3270 2799 modo
3299 2733 3527 2787 respon—

1956 2828 2104 2884 disse
2137 2846 2148 2882 :
2187 2845 2207 2878 ι
2240 2824 2518 2894 Propitius
2549 2821 2683 2875 mihi
2706 2820 2808 2883 sis,
2839 2816 3086 2872 Domine.
3121 2814 3242 2871 Scis
3271 2829 3356 2866 me
3385 2826 3529 2864 nun-

1957 2934 2119 2989 quam
2153 2917 2206 2970 id
2243 2918 2486 2970 locutum
2521 2927 2668 2974 esse,
2723 2923 2902 2978 neque
2949 2917 3099 2960 tuam
3143 2919 3229 2959 me
3285 2901 3531 2955 fastidire

1958 3012 2298 3067 servitutem.
2323 3005 2526 3059 Verum
2547 2998 3049 3068 hominesimprobi
3079 2997 3184 3050 hoc
3215 3009 3301 3047 me
3324 2993 3532 3045 dixisse

1959 3101 2300 3158 mendaciter
2357 3099 2706 3166 scripserunt
2751 3100 2943 3147 contra
2983 3105 3089 3150 me,
3128 3101 3435 3156 magnoque
3479 3086 3525 3132 ίι-

1960 3209 2149 3250 errore
2180 3200 2498 3246 versantur.
2534 3206 2551 3238 ι
2609 3185 2747 3239 Tum
2803 3183 2973 3237 Deum
3013 3180 3089 3234 illi
3128 3178 3480 3244 reSDODlIISSt'

1887 3306 1929 3363 ο
1967 3307 1988 3342 ι
2028 3287 2166 3342 Novi
2221 3293 2272 3340 te
2307 3295 2618 3338 sermonem
2675 3278 2821 3331 hunc
2863 3273 3092 3329 minime
3145 3269 3465 3340 protulisse.
3510 3289 3525 3315 ι

1960 3382 2079 3435 Alia
2115 3379 2345 3446 insuper
2376 3375 2543 3428 multa
2593 3378 2847 3441 portento
2893 3366 3092 3421 similia
3139 3365 3194 3417 in
3243 3363 3346 3416 hoc
3393 3360 3534 3414 libro

1960 3467 2419 3527 comminiscitur,
2453 3479 2518 3518 ac
2549 3464 2710 3532 plane
2745 3460 3001 3514 ridicula.
3039 3455 3153 3511 Hoc
3181 3453 3402 3523 quidem
3435 3466 3532 3505 vo-

1961 3565 2145 3618 lumen
2177 3576 2207 3614 a
2238 3558 2352 3612 Deo
2387 3556 2494 3611 sibi
2533 3554 2833 3607 demissum
2876 3549 3158 3619 gloriatur.
3191 3546 3303 3600 Nos
3330 3557 3458 3596 vero
3488 3558 3527 3593 s-

1962 3651 2339 3710 sciscitemur,
2369 3660 2476 3715 quo
2504 3652 2643 3699 teste
2677 3643 2877 3695 librum
2911 3639 3002 3692 ille
3033 3654 3063 3690 a
3106 3636 3217 3690 Deo
3239 3633 3531 3701 acceperit.

1962 3745 2156 3814 quisve
2183 3738 2574 3810 prophetarum
2606 3731 2880 3803 ejusmodi
2917 3729 3235 3800 prophetam
3279 3740 3533 3779 BXSUI'rt'-

1962 3842 2182 3888 cturutn
2232 3825 2658 3899 praenuntiarit;
2725 3821 3108 3876 haesitantibus
3159 3817 3305 3877 illis,
3380 3814 3537 3882 112

1962 3923 2302 3993 reponimus,
2338 3919 2555 3988 Moysen
2591 3924 2722 3968 tunc
2751 3913 3032 3981 accepisse
3071 3910 3242 3980 legem
3268 3907 3322 3960 in
3359 3912 3541 3959 monte

1966 4016 2118 4078 Sina,
2152 4027 2276 4066 cum
2317 4009 2481 4073 Deus,
2516 4007 2779 4060 universo
2813 4002 3014 4073 populo
3051 3999 3423 4068 conspiciente
3459 3994 3540 4066 [in

1964 4107 2133 4167 nube,
2189 4104 2334 4174 igne,
2366 4099 2642 4169 caligine,
2688 4105 2742 4152 et
2784 4093 3026 4165 procella
3073 4106 3133 4147 se
3185 4088 3538 4143 manifestum

1966 4199 2252 4271 praeberet,
2285 4202 2450 4261 atque
2473 4204 2667 4245 omnes
2700 4187 3020 4259 prophetas,
3039 4197 3069 4236 a
3093 4182 3275 4252 Moyse
3301 4185 3354 4235 et
3383 4178 3541 4232 dein-

1965 4305 2092 4359 ceps
2111 4287 2402 4341 adventum
2431 4282 2638 4338 Christi
2658 4280 2752 4333 diu
2777 4289 2900 4332 ante
2929 4274 3278 4346 praedixisse,
3301 4273 3542 4338 itemque

1965 4383 2248 4436 Christum
2303 4375 2508 4435 llcum,
2558 4373 2764 4441 Deique
2817 4368 3011 4423 Filium
3036 4371 3317 4432 assumpta
3376 4375 3541 4415 carne

1966 4479 2286 4533 venturum,
2323 4467 2377 4520 iu
2406 4478 2627 4519 crucem
2662 4469 2847 4515 aetum
2902 4459 2990 4523 iri,
3036 4455 3364 4510 morituiuiu
3398 4465 3540 4512 esse,

1969 4571 2024 4616 et
2055 4577 2083 4615 a
2123 4559 2356 4614 mortuis
2393 4561 2861 4613 resurrecturum,
2897 4548 3260 4615 eumdemque
3295 4543 3540 4596 futurum

288 4644 489 4714 κριτὴς
544 4637 700 4705 οὗτος
751 4640 968 4706 ζώντων
1017 4642 1112 4695 καὶ
1160 4639 1406 4710 νεκρῶν·
1460 4639 1554 4694 καὶ
1606 4639 1856 4708 λεγόντωη

1976 4654 2220 4706 vivorum
2263 4655 2316 4701 et
2359 4652 2705 4698 mortuorum
2754 4639 3019 4708 judicent.
3069 4635 3154 4690 Ab
3201 4635 3288 4688 his
3323 4646 3454 4701 ergo
3497 4630 3542 4684 si

292 4737 477 4808 ἡμῶν,
499 4736 621 4798 Πῶς
642 4735 739 4805 οὐχ
767 4733 940 4797 οὕτως
959 4729 1120 4805 ἦλθεν
1139 4735 1168 4786 6
1191 4732 1474 4804 προφήτης
1505 4733 1534 4785 ὑ
1543 4731 1678 4802 μῶν,
1697 4731 1873 4785 ἄλλων

297 4828 722 4899 μαρτυρούντων
764 4827 892 4896 περὶ
924 4826 1090 4879 αὐτοῦ
1117 4865 1131 4888 ,
1171 4825 1292 4878 οὐδὲ
1323 4827 1604 4896 παρόντων
1627 4824 1801 4894 ὑμῶν,
1845 4827 1873 4878 6

293 4918 453 4981 Θεὸς,
475 4917 548 4980 ὡς
575 4916 654 4986 τῷ
691 4917 914 4969 Μωῦσεῖ
963 4915 1249 4986 βλέποντος
1275 4915 1369 4969 τοῦ
1407 4915 1558 4981 λαοῦ,
1612 4916 1869 4980 καπνιζο-

299 5011 465 5079 μένου
496 5009 657 5078 ὅρους
676 5008 875 5061 δέδωκε
915 5008 1007 5061 τὸν
1035 5008 1216 5078 νόμον,
1249 5010 1484 5079 κάκείνῳ
1512 5009 1612 5080 τὴν
1632 5009 1869 5080 γραφὴν,

295 5105 367 5171 ἦν
398 5118 552 5168 φατε,
586 5101 881 5170 παρέσχεν,
927 5101 1013 5152 ἵνα
1043 5101 1134 5152 καὶ
1169 5101 1326 5169 ὑμεῖς
1347 5100 1406 5153 τὸ
1439 5099 1869 5172 βέϐαιον’ἔχητε;

297 5193 711 5263 ἀποκρίνονται,
747 5193 828 5245 ὅτι
853 5193 881 5245 6
925 5191 1054 5255 Θεὸς
1078 5193 1177 5246 ὅσα
1210 5191 1352 5244 θέλει
1387 5195 1549 5245 ποιεῖ.
1582 5193 1752 5246 Τοῦτο
1782 5197 1875 5247 καὶ⁸

1982 4756 2314 4813 quaeramus,
2351 4737 2463 4790 Cur
2497 4750 2607 4788 non
2663 4733 2768 4786 hoc
2817 4730 2981 4784 modo
3013 4726 3222 4782 venerit
3278 4722 3544 4794 propheta

1979 4811 2179 4893 vester,
2209 4831 2334 4884 aliis
2375 4828 2477 4896 ipsi
2511 4825 2883 4880 testimonium
2918 4815 3366 4889 perhibentibus;
3409 4811 3544 4880 quin

1980 4941 2081 4981 nec
2105 4922 2258 4977 \nbis
2288 4920 2510 4990 quidem
2564 4914 2938 4974 cernentibus,
2982 4911 3124 4964 Deus
3151 4907 3317 4963 veluti
3353 4904 3518 4973 Moysi

1981 5020 2265 5087 spectante
2295 5010 2496 5082 p0pulo
2529 5018 2582 5062 ct
2631 5014 2815 5059 nionte
2877 5003 3198 5071 fumigante,
3242 4999 3412 5067 legem
3447 4995 3542 5087 de-

1980 5085 2153 5168 derat,
2196 5106 2276 5158 sic
2313 5104 2389 5156 illi
2436 5099 2662 5166 scripta,
2700 5113 2823 5166 quae
2872 5090 3336 5148 commemoratis,
3369 5085 3543 5139 tradi-

1983 5199 2143 5262 derit,
2189 5203 2248 5250 ut
2279 5210 2375 5248 vos
2425 5190 2500 5244 rei
2529 5193 2701 5258 gesta:
2741 5186 3010 5241 certiores
3043 5179 3289 5237 essetis?
3316 5189 3541 5245 respou-

1587 5332 1814 5387 νΑιιιίΕ
1856 5331 2234 5390 LECTIONES

380 5508 410 5548 Υ
439 5497 570 5555 Cod.
615 5497 679 5550 R.
712 5495 855 5551 2508
886 5496 942 5557 ὂς
971 5493 1297 5563 περιτυχὼν,
1329 5491 1620 5560 Ἑϐραίοις,
1651 5493 1745 5545 καὶ
1775 5495 2122 5563 Χριστιανοῖς
2143 5493 2322 5562 δῆθεν,
2355 5496 2447 5563 και
2496 5487 2960 5563 Ἀρειανοῖῶλιαζ
2977 5484 3377 5563 Νεστοριανοῐς,
3417 5494 3550 5563 311::-

295 5547 1146 5638 ταέιάὄέηΐεἷ’ἀρὐράμίεῆρςξεξ,
1169 5547 1446 5638 ’διουδα-ίων
1477 5547 1945 5638 μὲνῖμοναρχῖαν,
1974 5563 2032 5626 ἐξ
2067 5547 2381 5638 ’Ᾰρεξανῶν-
2403 5562 2460 5638 δὲ
2488 5547 2658 5638 Λόγον
2693 5547 3048 5638 mitigabat:
3078 5547 3298 5638 xz’éafdt'

303 5617 686 5706 Νεῖτοριανῶν
706 5617 1237 5706 ἀνθρωπολατρέίαν,
1275 5633 1368 5684 καὶ
1398 5617 1576 5706 ἑαύτῴ
1608 5617 1904 5706 θρησκέίαν
1934 5617 2321 5703 περιποιεῖται.
2344 5633 2452 5683 Kal
2481 5617 3282 5706 προφάσει’δῆθξχιξρεῆσείξίίας
3316 5618 3375 5668 τὸ
3397 5617 3550 5695 ἔθνος

303 5690 762 5778 έίσποιῆσὰμενος
791 5690 1197 5778 τῇδε-παλαιᾷ,
1233 5718 1353 5778 qua:
1375 5690 2022 5778 adscititiacsselectgr'
2054 5719 2213 5769 sagax
2249 5690 2623 5778 persentiscet'.
2706 5707 2728 5734 ι
2767 5690 2996 5778 IlI-12508
3023 5693 3113 5774 τὸν
3144 5690 3301 5755 λόγον
3336 5690 3546 5749 τοῦτον,

303 5783 417 5834 ὅτι.
491 5764 658 5845 ι’Ᾱιιὲ.
702 5764 912 5845 ἑαυτοῦ.
949 5772 1012 5825 Β.
1042 5765 1180 5845 2508
1231 5764 1430 5845 ἐαυτῷ.
1457 5772 1678 5845 πλῆξ’-ἐπ’
1705 5774 1885 5845 αὐτόν.
1942 5764 2222 5845 Sic_yétus
2249 5764 2514 5845 interpres
2549 5767 2702 5845 Hauc
2741 5768 2939 5845 scilicet
2993 5764 3549 5845 stri})llti:aln,dq'l.lftlll

306 5849 450 5902 dixit
484 5840 737 5907 Alcoi'an,
767 5863 798 5899 a
839 5844 943 5896 Deo
981 5858 1131 5906 super
1165 5843 1331 5907 ipsum
1352 5840 1678 5894 (lescendissc
1704 5843 1901 5906 jactat.

303 5929 369 5977 et
401 5927 505 5975 vet.
541 5918 728 5974 transl.
807 5927 828 5954 ε
862 5915 925 5969 ll.
958 5912 1099 5968 2508
1125 5911 1509 5978 τεθνηξόμενός
1538 5927 1615 5963 τε.

1981 5845 2006 5882 h
2040 5825 2174 5897 "me
2207 5825 2332 5910 qua:
2377 5825 2593 5896 tincinis
2648 5837 2980 5891 clauduntur
3033 5825 3228 5889 desunt
3271 5828 3324 5880 in
3356 5826 3388 5878 ‘2
3417 5825 3523 5886 ιιυμ
