4198 6492
681 406 778 468 791

1875 406 1935 464 S.
1978 404 2299 465 JOANNIS
2342 406 2774 466 DAMASCENI

3853 413 3968 474 7!}?

683 527 862 569 strum
901 512 1089 569 Jesum
1121 510 1426 575 Christum,
1471 524 1570 579 pro
1606 519 1769 580 captu
1805 525 1868 565 ac
1902 512 2128 565 modulo
2160 526 2259 565 no-

2365 513 2462 582 τὴν
2518 514 2717 568 ἑαυτοῦ
2771 514 3086 585 ὲφανέρωσε
3124 515 3326 583 γνῶσιν
3359 532 3375 548 '
3409 517 3590 572 πάντα
3640 519 3826 572 τοίνυν
3901 521 3970 572 τὰ

682 623 800 662 stro
834 604 1082 660 netitiam
1137 604 1220 658 sui
1259 602 1536 674 patefecit.
1606 602 1878 667 Quocirca
1921 604 2105 657 omnia
2137 620 2259 672 qua:

683 700 863 765 nobis,
894 710 999 751 tam
1026 713 1121 768 per
1159 698 1334 766 legem
1361 704 1416 750 et
1457 696 1773 765 prOpIietas,
1809 711 1972 768 quam
1995 711 2094 766 per
2125 712 2260 766 apo—

683 793 852 846 stolos
901 800 955 845 et
1001 791 1364 861 evangelistas
1416 789 1616 843 tradita
1675 797 1824 851 sunt,
1874 789 2259 858 amplectimur

682 883 1056 952 agnoscimus,
1115 889 1165 936 et
1207 881 1604 947 veneramur“;
1644 879 1806 951 124
1857 895 1956 935 nec
1993 881 2132 934 ultra
2192 898 2256 936 ea

680 973 980 1044 quidquam
1014 971 1370 1041 inquirimus.
1405 969 1539 1025 Nam
1599 986 1724 1024 eum
1766 971 1912 1027 Deus
1951 973 2127 1027 bonus
2157 973 2255 1036 sit,

679 1068 862 1123 omnis
897 1065 1146 1138 profecto
1179 1065 1307 1120 boni
1357 1075 1551 1119 auctor
1583 1075 1638 1119 et
1671 1067 1904 1136 largitor
1937 1074 2044 1131 est,
2078 1075 2138 1120 ut
2165 1067 2257 1136 qui

681 1175 782 1216 nec
825 1159 1057 1223 invidia,
1108 1174 1211 1214 nec
1261 1157 1390 1213 ullis
1467 1158 1825 1224 passionibus
1904 1158 2260 1216 alIeetibusve

681 1251 953 1304 laboret".
992 1250 1300 1304 Invidentia
1332 1250 1606 1320 siquidem
1639 1251 1828 1319 procul
1861 1251 2017 1304 abest
2049 1266 2078 1302 a
2111 1251 2257 1304 diri-

679 1357 747 1396 na
784 1351 980 1397 natura
1010 1361 1024 1408 ;
1061 1343 1265 1412 quippe
1307 1358 1433 1412 quae
1482 1344 1664 1395 omnis
1696 1342 2135 1411 perturbationis
2162 1358 2256 1396 ex-

679 1451 827 1504 pers,
858 1436 1088 1504 solaque
1113 1435 1257 1490 bona
1289 1442 1394 1489 est.
1439 1434 1696 1499 Proinde,
1730 1450 1856 1489 eum
1897 1443 2095 1490 cuneta
2130 1450 2256 1505 per-

682 1539 868 1598 specta
917 1527 1136 1590 habeat,
1185 1539 1240 1582 et
1296 1527 1444 1596 quod
1492 1528 1695 1596 cuique
1750 1526 2105 1582 conducibile
2180 1527 2259 1582 sit

679 1619 1047 1683 atln‘iinistret,
1074 1618 1125 1672 id
1146 1617 1294 1686 quod
1320 1624 1506 1672 nostra
1531 1617 1675 1671 scire
1699 1617 1980 1683 intererat,
2003 1618 2219 1687 aperuit
2246 1639 2260 1674 :

682 1710 944 1779 quodque
974 1710 1120 1763 vires
1145 1715 1370 1763 nostras
1398 1716 1452 1763 et
1473 1718 1694 1778 captum
1726 1707 2038 1774 excederet,
2063 1709 2256 1766 tacuit.

2367 605 2782 676 παραδεδομένα
2833 609 2966 678 ἡμῖν
2998 608 3088 662 διά
3143 626 3203 660 τε
3255 608 3462 679 νόμου,
3500 610 3594 663 καὶ
3638 609 3966 682 προφητῶν,

2366 697 2460 750 καὶ
2487 699 2821 765 ἀποστόλων,
2859 701 2952 753 καὶ
2976 701 3380 770 εὐαγγε).ιστῶν
3417 703 3710 773 δεχόμεθα,
3747 705 3844 757 καὶ
3872 720 3963 772 γι-

2364 792 2680 863 νώσκομεν,
2709 795 2798 847 καὶ
2857 795 3090 866 σέϐομεν
3116 839 3130 862 ,
3164 796 3321 850 οὐδὲν
3370 798 3688 868 περαιτέρω
3748 796 3966 851 τούτων

2363 884 2777 954 ἐπιζητοῦντες·
2811 887 3013 955 ἀγαθὸς
3042 889 3152 958 γὰρ
3181 887 3258 941 ὢν
3287 889 3316 941 ὁ
3343 887 3495 952 Θεὸς,
3516 889 3717 952 παντὸς
3748 889 3965 958 ἀγαθοῦ

2361 979 2694 1044 παρεκτικός
2728 981 2894 1044 ἐστιν,
2932 980 2992 1031 οὗ
3049 979 3262 1053 φθόνῳ,
3294 979 3414 1034 οὐδὲ
3463 979 3626 1034 πάθει
3674 981 3780 1033 τινὶ
3830 982 3974 1035 ὐπο-

2358 1069 2633 1138 κεὶμενος.
2693 1070 2931 1141 Μακρὰν
2978 1071 3087 1141 γὰρ
3140 1072 3240 1142 τῆς
3299 1071 3450 1134 θείας
3489 1071 3704 1140 φύσεως
3742 1071 3966 1140 ιξθὸνος,

2354 1161 2454 1230 τῆς
2487 1179 2550 1227 γε
2593 1162 2837 1224 ἀπαθοῦς
2883 1162 2978 1216 καὶ
3015 1163 3183 1234 μόνης
3241 1162 3476 1233 ἀγαθῆς.
3519 1163 3610 1226 Ὠς
3647 1159 3743 1216 οῦν
3777 1163 3968 1216 πάντα

2354 1252 2528 1316 εἰδὼς,
2559 1255 2652 1307 καὶ
2677 1256 2737 1307 τὸ
2763 1256 3044 1325 συμφέρον
3071 1256 3288 1326 ἑκάστῳ
3317 1254 3603 1330 προμηοοῦ
3614 1270 3795 1325 μενος,
3820 1254 3966 1322 ὅπερ

2356 1345 2650 1413 συνέφερεν
2700 1347 2832 1416 ἡμῖν
2875 1345 3078 1414 γνῶναι
3127 1347 3480 1416 ἀπεκάλυψεν
3518 1362 3532 1377 ·
3567 1347 3707 1416 ὅπερ
3741 1345 3800 1398 δὲ
3859 1346 3963 1398 οὖν

2355 1437 2663 1509 ἐδυνάμεθα
2684 1448 2706 1476 ο
2736 1439 2925 1508 φέρειν
2965 1440 3344 1510 ἀπεσιώπησε.
3365 1440 3554 1494 Ταῦτα
3583 1441 3748 1510 ἡμεῖς
3790 1438 3957 1506 στέρ-

2360 1531 2576 1600 ξωμεν,
2607 1531 2698 1583 καὶ
2746 1533 2804 1583 ὲν
2861 1533 3044 1594 αὐτοῖς
3103 1532 3415 1601 μείνωμεν,
3467 1533 3541 1600 μὴ
3600 1528 3961 1599 μεταίροντες

2359 1623 2483 1692 ὅρια
2522 1621 2739 1688 αἰώνια,
2774 1622 2910 1692 μηδὲ
2969 1621 3392 1693 ὑπερϐαίνοντες
3449 1622 3547 1692 τὴν
3594 1622 3746 1675 θείαν
3776 1620 3962 1690 παρά-

2364 1714 2529 1766 δοσιν.

681 1799 777 1855 llis
834 1803 1017 1869 itaque
1045 1800 1288 1856 contenti
1319 1799 1528 1856 simus'
1559 1799 1614 1854 in
1654 1797 1742 1854 liis
1768 1798 2096 1866 hatreamus,
2138 1815 2240 1858 nec
2281 1806 2550 1861 terminos
2603 1805 2884 1876 antiquos,
2957 1806 3420 1878 traditionemque
3474 1807 3715 1861 divinam
3779 1813 3965 1860 trans-

679 1893 992 1957 grediuntur
1005 1891 1045 1946 ⁸.

1368 2033 1524 2091 CAP.
1555 2033 1619 2088 ll.

677 2147 761 2200 De
776 2145 862 2200 itis
889 2163 1006 2217 qua:
1024 2162 1260 2201 sermone
1279 2149 1504 2215 exprimi
1530 2159 1769 2214 possunt,
1792 2149 1868 2203 vel
1890 2166 1992 2204 non
2007 2160 2251 2216 possunt;

748 2218 871 2272 item
900 2217 964 2271 de
985 2219 1202 2288 [iisquae
1233 2218 1289 2268 in
1320 2218 1668 2287 cognitionem
1699 2221 1914 2285 cadunt,
1947 2231 1996 2274 et
2022 2236 2139 2288 qua:
2165 2237 2250 2273 co-

744 2289 1028 2358 gnitionem
1060 2287 1290 2357 fugiunt.

748 2397 1100 2466 Quazdamde
1133 2396 1236 2451 Deo
1267 2397 1558 2468 intelligere
1609 2413 1910 2467 possumus,
1959 2418 2063 2455 non
2091 2401 2252 2471 loqui.

675 2521 745 2530 --
775 2489 942 2544 Plane
977 2491 1165 2558 itaque
1189 2496 1390 2544 noscat
1418 2503 1644 2544 necesse
1669 2497 1778 2552 est,
1809 2491 1901 2561 qui
1929 2490 1996 2547 de
2028 2491 2137 2547 Deo
2175 2491 2254 2547 lo-

677 2583 771 2649 qui
801 2581 886 2636 vel
920 2580 1112 2636 audire
1161 2579 1364 2644 studet,
1405 2594 1469 2635 ea
1519 2595 1642 2650 qua:
1671 2579 1738 2634 at]
1767 2580 2098 2648 doctrinam,
2136 2591 2253 2637 tum

677 2677 746 2730 de
784 2673 1097 2735 divinitate,
1123 2679 1240 2725 tum
1284 2671 1351 2724 de
1408 2672 1791 2726 incarnatione
1825 2681 2094 2743 spectant,
2132 2689 2254 2730 eam

680 2767 954 2821 rationem
997 2764 1220 2829 habere,
1261 2770 1320 2816 ut
1372 2778 1474 2818 nec
1503 2764 1686 2819 omnia
1722 2766 1831 2818 vim
1870 2780 2088 2820 onmem
2129 2780 2255 2820 ora-

683 2861 852 2916 tionis
911 2865 1193 2926 superent,
1273 2872 1372 2911 nec
1421 2857 1609 2932 omnia
1661 2855 1916 2913 sermone
1984 2859 2254 2928 explicari

679 2960 920 3021 queant;
948 2951 1185 3020 itemque
1211 2965 1311 3003 nec
1343 2949 1716 3020 cognitionem
1754 2959 2001 3004 nostram
2035 2952 2257 3022 penitus

681 3043 912 3114 fugiant,
951 3058 1049 3096 nec
1081 3042 1300 3112 penitus
1343 3041 1398 3094 in
1427 3056 1547 3095 eam
1591 3041 1858 3096 cadant’.
1894 3042 2056 3098 Aliud
2093 3059 2257 3113 porro

681 3145 766 3192 est
804 3135 948 3206 quod
988 3133 1242 3204 cognosci
1270 3141 1473 3203 potest,
1509 3134 1658 3188 aliud
1691 3134 1835 3205 quod
1871 3134 1979 3189 dici
2017 3155 2030 3190 :
2072 3153 2259 3206 quem-

683 3230 977 3286 admodum
1017 3228 1267 3284 videlicet
1316 3227 1462 3281 aliud
1510 3234 1596 3283 est
1653 3227 1824 3297 loqui,
1887 3237 2050 3298 atque
2109 3229 2258 3283 aliud

683 3337 1040 3394 cognoscere.
1090 3320 1254 3375 Multa
1307 3320 1476 3391 igitur
1520 3335 1584 3375 ex
1644 3319 1711 3374 iis
1740 3336 1864 3392 qua:
1917 3322 2158 3377 obscure
2191 3323 2259 3378 de

2971 2021 3226 2089 ΚΕΦᾹΛ.
3269 2035 3323 2087 B'
3387 2068 3389 2070 -

2362 2149 2502 2217 Περὶ
2527 2147 2751 2217 ῥητῶν,
2799 2148 2896 2202 καὶ
2947 2148 3324 2217 ἀπορῤήτων,
3357 2150 3454 2216 καὶ
3507 2147 3815 2218 γνωστῶν,
3856 2153 3957 2206 καὶ

2694 2273 2698 2276 ,
2984 2219 3333 2288 ἀγνώστων.

2427 2397 2550 2468 Χρὴ
2573 2391 2666 2451 οῦν
2703 2398 2798 2451 τὸν
2824 2399 2953 2470 περὶ
2981 2397 3118 2452 Θεοῦ
3151 2397 3335 2467 λέγειν
3365 2397 3398 2468 ἦ
3433 2396 3654 2452 ἀκούειν
3688 2395 3963 2465 βουλόμε-

2358 2507 2469 2556 νον,
2511 2476 2699 2562 σαφῶξ
2747 2490 2984 2554 εἰδέναι,
3011 2490 3088 2554 ὡς
3141 2489 3262 2543 οὐδὲ
3315 2489 3493 2543 πάντα
3545 2489 3762 2560 ἄρρητα
3788 2528 3804 2552 ,
3834 2488 3963 2541 οὐδὲ

2357 2582 2536 2639 πάντα
2572 2582 2820 2654 ρητά,τά
2854 2599 2915 2636 τε
2949 2583 3049 2652 τῆς
3090 2581 3392 2648 Θεολογξας,
3422 2582 3491 2635 τά
3523 2598 3582 2634 τε
3621 2581 3719 2650 τῆς
3755 2580 3963 2634 οἰκονορ

2360 2673 2488 2743 μίας
2514 2689 2528 2704 ο
2576 2671 2701 2726 οὔτε
2755 2671 2936 2727 πάντα
2983 2672 3262 2740 ἄγνωστα,
3298 2671 3423 2725 οὔτε
3459 2670 3639 2725 πάντα
3687 2669 3913 2737 γνωστά
3943 2671 3960 2686 ⁸

2357 2767 2543 2838 ἕτερον
2575 2766 2635 2818 δέ
2681 2767 2799 2818 ἐστι
2849 2765 2913 2819 τὸ
2959 2747 3225 2834 γνωστὸν,
3259 2765 3354 2818 καὶ⁸
3403 2766 3591 2834 ἕτερον
3636 2765 3696 2817 τὸ
3740 2763 3909 2834 ῥητόν
3945 2782 3960 2795 ο

2357 2857 2549 2927 ὥσπερ
2575 2857 2704 2912 ἄλλο
2729 2857 2792 2911 τὺ
2818 2857 3023 2925 λαλεῖν,
3046 2857 3141 2913 καὶ
3169 2857 3298 2913 ἄλλο
3333 2858 3395 2911 τὸ
3424 2855 3742 2926 γινώσκειν.
3776 2855 3965 2909 Πολλά

2357 2952 2536 3005 τοίνυν
2571 2951 2682 3028 τῶν
2704 2951 2833 3023 περὶ
2860 2949 2999 3005 Θεοῦ
3029 2951 3288 3030 ἀμυδρῶς
3308 2950 3614 3020 νοουμένων
3639 2948 3702 3000 οὑ
3729 2948 3966 3018 καιρίως

2358 3046 2734 3116 ἐκφρασθῆναι
2798 3044 3020 3098 δύναται
3044 3061 3058 3074 ο
3094 3044 3230 3098 ἀλλά
3283 3045 3351 3098 τὰ
3410 3042 3533 3096 καθ’
3558 3043 3710 3112 ἡμᾶς
3736 3079 3752 3103 ,
3785 3041 3962 3109 ἀναγ·

2357 3135 2637 3206 καζόμεθα
2690 3137 2784 3189 ἐπὶ
2822 3135 2933 3189 τῶν
2990 3137 3132 3206 ὑπὲρ
3173 3137 3325 3208 ἡμᾶς
3359 3135 3541 3203 λέγειν
3572 3151 3586 3164 ·
3621 3133 3818 3201 ὥσπερ
3869 3131 3965 3183 ἐπὶ

2358 3227 2494 3283 Θεοῦ
2529 3230 2761 3299 λέγομεν
2796 3227 2984 3291 ὕπνον,
3001 3231 3096 3281 καὶ
3122 3226 3314 3298 ὀργὴν,
3341 3227 3433 3280 καὶ
3460 3225 3744 3298 ἀμέλειαν,
3770 3221 3966 3293 χεῖράς

2358 3323 2562 3387 τεμκαὶ
2587 3321 2775 3387 πόδας,
2807 3323 2898 3374 καὶ
2929 3321 2999 3374 τὰ
3025 3320 3267 3374 τοιαῦτα.

684 3417 798 3474 Deo
829 3418 1227 3487 intelliguntur,
1270 3430 1377 3468 non
1429 3415 1561 3470 satis
1597 3415 1885 3470 commode
1919 3419 2250 3488 proprieque
2289 3416 2469 3474 efferri
2502 3427 2773 3487 possunt;
2809 3405 3190 3488 cogimurque,
3228 3432 3354 3471 cum
3423 3414 3491 3470 de
3561 3413 3729 3469 rebus
3792 3426 3963 3482 supra

685 3531 789 3570 nos
820 3513 1012 3583 positis
1047 3526 1229 3565 sermo
1259 3510 1418 3562 nobis
1452 3518 1558 3568 est.
1602 3523 1755 3562 more
1815 3509 2056 3562 lmmano
2106 3510 2291 3580 loqui;
2338 3518 2397 3565 ut
2427 3527 2554 3567 cum
2606 3512 2675 3566 de
2729 3509 2838 3566 Deo
2883 3510 3049 3566 verba
3108 3508 3375 3563 facientes
3449 3519 3736 3568 somnum,
3792 3507 3961 3565 iram,

687 3609 982 3672 incuriam,
1013 3620 1339 3674 manusque,
1372 3621 1436 3657 ac
1475 3603 1660 3672 pedes.
1702 3603 1917 3672 aliaque
1971 3604 2022 3658 id
2073 3619 2244 3673 genus
2282 3607 2549 3662 vocabula
2585 3622 2936 3677 usurpamus.

761 3705 891 3768 ane
923 3709 971 3754 et
1019 3698 1318 3768 intelligere
1353 3707 1402 3750 et
1438 3697 1579 3765 loqui
1626 3711 1927 3764 possumus.
1948 3727 2018 3737 ~—
2042 3694 2106 3750 Ει
2137 3697 2259 3766 qui-
2289 3703 2332 3760 C

688 3800 811 3853 dem
848 3795 990 3866 quod
1029 3793 1171 3848 heus
1222 3794 1378 3845 initio
1416 3808 1478 3843 ae
1515 3790 1621 3844 fine
1674 3797 1882 3855 careat,
1913 3789 2057 3858 quod
2108 3797 2266 3844 mter-

690 3905 818 3952 nus,
849 3885 1329 3955 sempiternusque
1376 3883 1468 3943 sit,
1511 3881 1656 3949 quod
1706 3883 2008 3944 increatus,
2065 3880 2266 3933 immu-

691 3979 896 4041 tabilis,
929 3977 997 4030 ab
1027 3974 1174 4028 omni
1231 3971 1556 4026 alteratione
1598 3971 1755 4034 liber,
1805 3970 2059 4039 simplex,
2113 3984 2268 4025 com-

693 4069 986 4140 positionis
1041 4080 1264 4132 expers,
1322 4063 1710 4130 incorporeus,
1760 4061 2073 4126 invisibilis,
2119 4065 2267 4132 tangi

694 4161 939 4222 nescius.
989 4156 1522 4224 incircumscriptus,
1563 4159 1618 4208 et
1672 4153 1924 4208 infinitus
1980 4155 2086 4217 sit;
2121 4153 2268 4224 (ιιιοά

693 4251 1061 4321 cognitionem
1097 4259 1318 4301 onmem
1356 4245 1529 4315 fugiat.
1556 4262 1570 4309 ;
1595 4244 1737 4312 quod
1778 4245 2016 4312 cogitatu
2072 4243 2266 4312 major,

695 4339 1216 4407 iummpreliensus,
1264 4334 1466 4394 bonus,
1517 4334 1722 4402 justus,
1779 4343 2087 4386 ereatorum
2152 4349 2272 4386 oni-

696 4433 848 4486 nium
914 4427 1123 4500 opifex,
1174 4427 1358 4479 (nunia
1427 4434 1644 4497 potens,
1706 4425 1887 4478 omnia
1956 4426 2267 4489 continens,

695 4522 945 4576 omnium
1009 4520 1308 4587 inspector,
1363 4517 1608 4570 omnium
1680 4516 1958 4584 provisor,
2002 4522 2272 4583 potestate

698 4619 1024 4677 decernens,
1081 4629 1143 4666 ae
1204 4611 1442 4679 denique
1494 4609 1656 4675 iudex
1711 4607 1986 4678 sit;ba:e,
2023 4609 2270 4677 inquam,

698 4709 882 4764 omnia
920 4715 974 4762 et
1015 4705 1246 4766 scimus,
1297 4709 1352 4757 et
1397 4700 1726 4754 Confitentur
1759 4717 1772 4752 :
1820 4699 2068 4768 illudque
2104 4700 2270 4766 .item,

699 4801 845 4871 quod
907 4811 1050 4851 unus
1114 4794 1186 4848 sit
1228 4791 1406 4856 Deus,
1463 4791 1562 4846 hoc
1619 4799 1705 4846 est
1764 4807 1869 4845 uua
1923 4789 2270 4845 substantia:

701 4891 959 4962 quodque
1001 4890 1056 4942 in
1113 4886 1292 4940 tribus
1328 4893 1660 4955 agnoscatur
1707 4892 1760 4938 et
1815 4883 2045 4939 exsistat
2086 4898 2276 4953 perso-

701 4987 810 5050 nis,
852 4982 1112 5036 nimirum
1157 4980 1209 5032 in
1239 4976 1396 5031 Patre
1429 4984 1484 5030 et
1532 4975 1670 5030 Filio
1711 4983 1764 5030 et
1791 4974 2001 5044 Spiritu
2038 4985 2271 5031 sancto:

2438 3698 2704 3768 Ὅτι-μὲν
2748 3692 2843 3751 οῦν
2899 3699 3016 3749 ἐστι
3075 3695 3206 3766 Θεὸς
3253 3693 3521 3763 ἄναρχος,
3572 3689 3962 3759 ἀτελεύτητος,

2368 3789 2586 3854 αἰώνιός
2627 3807 2686 3842 τε
2736 3790 2832 3842 καὶ
2870 3788 3038 3850 ἀΐδιος
3059 3829 3073 3850 ,
3106 3787 3358 3848 ἄκτιστος
3380 3826 3394 3848 ,
3425 3785 3699 3853 ἄτρεπτος
3727 3824 3741 3844 ,
3795 3783 3964 3836 ﬁn}.-

2367 3881 2614 3946 λοίωτπ,
2665 3879 2874 3943 ἁπλοῦς
2905 3921 2919 3944 ,
2952 3878 3246 3940 ἀσύνθετος
3269 3917 3284 3941 ,
3313 3874 3607 3944 ἀσώματος
3631 3913 3644 3934 ,
3682 3873 3921 3944 ἀόρατος
3948 3917 3961 3934 ,

2368 3970 2600 4042 ἀναφὴς,
2639 3971 3067 4041 ἀπερίγραπτος,
3085 3970 3332 4037 ἄπειρος,
3359 3968 3461 4018 ἀπε
3471 3964 3740 4034 ρινόηπς,
3760 3963 3963 4031 {11:595-

2369 4064 2596 4132 ληπτος,
2629 4062 3028 4132 ἀκατάληπτος,
3065 4058 3287 4127 ἀγαθὸς,
3326 4057 3554 4118 δίκαιος,
3588 4055 3814 4108 πάντων
3845 4071 3957 4106 x1:-

2372 4157 2595 4226 σμάτων
2652 4154 2987 4225 δημιουργὸς
3017 4195 3031 4216 ,
3065 4149 3475 4218 παντοδύναμος
3501 4187 3514 4210 ,
3554 4147 3962 4221 παντοκράτωρ

2370 4245 2774 4316 παντεπόπτης,
2818 4245 3034 4298 πάντων
3070 4241 3402 4313 προνοητὴς,
3431 4238 3816 4306 ὲξουσια¹στὴς,
3839 4237 3964 4306 κρί-

2370 4355 2490 4407 της,
2513 4337 2606 4391 καὶ
2656 4336 3015 4406 γινώσκομεν,
3052 4336 3146 4388 καὶ
3185 4331 3558 4404 ὁμολογοῦμεν
3589 4349 3598 4360 ⁸
3641 4330 3736 4382 καὶ
3761 4329 3849 4381 ὅτι
3884 4322 3966 4390 εἷς

2373 4433 2488 4485 ἔστι
2527 4430 2680 4497 Θεὸς,
2714 4430 2885 4500 ἤγουν
2923 4429 3018 4499 μία
3051 4428 3207 4480 cisia
3236 4445 3246 4455 '
3280 4428 3372 4479 καὶ
3404 4426 3487 4478 ὅτι
3519 4425 3575 4475 ὲν
3609 4422 3787 4492 τρισὶν
3821 4420 3963 4472 ὐπο-

2373 4521 2593 4574 στάσεσι
2640 4519 2966 4589 γνωρίζεταξ
3006 4535 3064 4569 τε
3110 4517 3202 4571 καί
3238 4519 3386 4569 ἐστιν
3411 4532 3422 4542 ·
3461 4515 3634 4583 Πατρί
3671 4528 3838 4580 φημι,
3868 4512 3966 4562 καὶ

2372 4609 2488 4678 Υἱῷ
2523 4649 2536 4674 ,
2567 4609 2673 4668 καὶ,
2715 4608 2854 4676 ἀγίῳ
2905 4606 3178 4675 Ιῐνεύματι
3207 4623 3221 4635 ·
3274 4606 3367 4658 καὶ
3422 4606 3503 4656 ὅτι
3536 4601 3563 4651 ὁ
3614 4599 3805 4668 Πατὴρ
3868 4600 3967 4653 καὶ

2375 4699 2502 4764 Υἱὸς
2548 4701 2642 4754 καὶ
2666 4687 2746 4752 τὸ
2775 4698 2996 4768 Πνεῦμα
3028 4699 3088 4750 τὸ
3126 4697 3278 4763 ἅγιον
3335 4694 3477 4748 κατᾶ
3527 4693 3706 4745 πὰντα
3730 4690 3791 4742 ἓν
3829 4692 3964 4748 εἰει,

2376 4788 2516 4859 πλὴν
2571 4789 2671 4858 τῆς
2702 4788 3048 4858 ἀγεννησίας,
3079 4790 3174 4840 καὶ
3203 4788 3300 4855 τῆς
3353 4786 3678 4854 γεννήσεως,
3718 4781 3814 4833 7-3"-
3867 4782 3968 4849 τῆς

2374 4881 2788 4951 ἐκπορεύσεως·
2840 4879 2938 4933 καὶ
2961 4882 3073 4936 ,ὅτι
3110 4881 3138 4931 ὀ
3191 4879 3482 4949 μονογενὴς
3536 4877 3659 4938 Υἱὸς
3709 4874 3805 4926 καὶ
3875 4874 3974 4926 Λό-

2377 4992 2471 5043 γος
2521 4973 2614 5027 τοῦ
2665 4971 2798 5025 Θεοῦ
2844 4973 2939 5026 καὶ
2989 4971 3152 5035 Θεὸς,
3201 4969 3287 5022 διὰ
3342 4969 3626 5036 σπλάγχνα
3657 4965 3845 5028 ἐλέους
3875 4965 3976 5017 αὖ·

702 5046 818 5127 tum
871 5071 1018 5141 quod
1072 5069 1234 5123 Pater
1281 5075 1336 5121 et
1392 5065 1562 5120 Filius
1626 5073 1679 5120 et
1739 5065 1979 5134 Spiritus
2046 5075 2260 5121 sanctus

2379 5067 2496 5132 τοῦ,
2519 5065 2607 5118 διὰ
2647 5064 2746 5136 τὴν
2789 5065 3064 5135 ἡμετέραν
3105 5062 3412 5132 σωτηρίαν,
3452 5059 3669 5129 εὐδοκία
3701 5054 3795 5109 τοῦ
3858 5054 3979 5108 Πα-

705 5181 873 5220 uuum
925 5163 1152 5216 omnino
1204 5161 1333 5222 sint,
1389 5166 1614 5226 excepta
1671 5157 1924 5226 ingeniti,
1968 5158 2278 5226 generatio-

704 5259 925 5325 .:isque,
956 5263 1012 5308 et
1041 5251 1410 5322 proce5siouis
1459 5251 1831 5319 proprietate;
1866 5251 2091 5317 insuper
2131 5249 2275 5318 quod

704 5348 1027 5416 unigenitus
1075 5345 1244 5398 Filius
1294 5355 1347 5396 et
1387 5340 1624 5396 Verbum
1675 5340 1790 5402 Dei,
1840 5355 1901 5394 ac
1955 5340 2114 5403 Deus,
2181 5358 2274 5410 per

784 5538 800 5557 ε
833 5528 1051 5590 illotus.
1085 5546 1108 5577 ι·
1178 5527 1197 5577 i
1239 5525 1312 5575 lle
1343 5524 1444 5574 Μὶν.
1485 5541 1620 5574 nom.

711 5604 847 5666 ιέινμ
909 5591 1042 5652 Nail.
1078 5607 1214 5648 titul.
1261 5592 1516 5646 ⁵154οῚ37.

3835 5152 3980 5202 31:6-

2390 5269 2496 5322 ρως
2547 5248 2872 5319 συλληφθεὶς
2898 5291 2909 5312 ,
2940 5247 3196 5318 ἀφϐὁρως
3235 5250 3298 5299 ἐκ
3342 5248 3437 5315 τῆς
3482 5246 3642 5310 ἁγίας
3682 5243 3981 5308 Παρθένου

2385 5343 2480 5395 καὶ
2533 5341 2798 5394 Θεοτόκου
2855 5341 3074 5410 Μαρίας
3129 5340 3444 5407 γεγέννηται
3498 5335 3583 5388 διὰ
3644 5333 3984 5402 Πνεῦματος

2385 5156 2532 5226 τρος,
2569 5153 2663 5207 καὶ
2695 5153 2957 5224 συνεργὶᾳ
2988 5150 3080 5204 τοῦ
3115 5152 3381 5218 παναγίου
3417 5149 3749 5218 Πνεύματος.

1705 5523 1720 5551 ⁷
1756 5520 1918 5586 Gt‘t-g.
1946 5520 2075 5572 Nil.
2113 5529 2257 5575 orat.

2365 5560 2375 5572 .
2454 5520 2474 5549 ⁸
2501 5521 2659 5577 Prov.
2708 5539 2842 5588 χχιι,
2871 5519 2962 5574 9.8.
3038 5518 3059 5548 '
3089 5515 3310 5585 Dionys.
3345 5527 3464 5582 cap.
3495 5512 3516 5565 1
3553 5508 3624 5565 De
3653 5507 3760 5564 dir.
3792 5524 3981 5574 ηοω..

1975 5723 2205 5777 γειιιως
2247 5721 2646 5780 LLCTIUNES.

790 5836 811 5865 ‘
853 5825 989 5880 i'lti'il.
1016 5825 1113 5876 οὐκ
1135 5824 1330 5892 tim/ig.
1369 5820 1409 5872 ii
1467 5822 1625 5882 537?,
1658 5819 1746 5872 καὶ
1781 5818 1805 5868 ὃ
1834 5817 1892 5870 of)
1916 5817 2109 5885 δυνάμ.
